3990 6180
293 333 392 388 785

1488 330 1916 389 THESAURUS.
1956 331 2109 389 CAP.
2149 338 2372 397 CXLIV.

3427 348 3529 405 786

304 454 400 492 nec
429 438 607 492 anima
640 439 818 494 vivere
864 438 1056 508 poterit
1101 439 1265 501 Deum
1313 457 1415 495 non
1460 443 1734 508 habenula,
1766 432 1864 498 nec
1891 449 1935 502 A
1966 452 2098 504 mori
2148 464 2343 522 cogunt
2382 473 2394 506 :
2435 471 2541 511 non
2592 468 2677 513 est
2725 459 2881 530 igitur
2926 461 3285 518 necessarium
3343 463 3530 522 futura

298 530 576 583 doloribus
620 531 861 598 corporis
905 545 1087 584 carere
1137 532 1435 587 moriendo.
1491 535 1667 589 Prima
1716 550 1866 590 mors

298 635 527 672 animam
577 619 845 673 nolentem
876 620 1023 689 pellit
1060 636 1091 675 e
1126 636 1381 690 corpore,
1437 626 1673 679 secunda
1720 641 1864 681 mors

296 712 529 765 animam
585 713 849 767 nolentem
902 723 1045 768 tenet
1099 714 1150 767 in
1217 731 1487 784 corpore:
1522 717 1589 770 ab
1641 728 1864 787 utraque

296 811 468 855 morte
489 807 848 856 communiter
877 803 928 856 id
944 804 1184 865 habetur,
1199 815 1256 857 ut
1278 805 1426 874 quod
1437 822 1539 860 non
1557 810 1669 861 vult
1683 810 1860 864 anima

291 892 360 945 de
380 907 480 946 suo
499 906 725 961 corpore
748 894 1004 961 patiatur:
1021 896 1304 948 attendunt
1332 906 1508 951 autem
1533 898 1617 951 isti
1648 909 1862 953 contra-

292 980 530 1036 dictores
551 982 749 1035 nullam
776 997 894 1037 esse
921 998 1060 1037 nunc
1082 998 1318 1047 carnem,
1342 1001 1460 1054 quae
1488 987 1726 1041 dolorem
1752 989 1858 1057 pati

292 1074 467 1138 possit
491 1083 823 1140 mortemque
853 1091 955 1128 nou
987 1077 1173 1142 possit,
1194 1088 1249 1132 et
1276 1078 1862 1150 [nonjadtenduntesse

296 1174 475 1217 tamen
532 1165 732 1234 aliquid
774 1168 875 1221 tale
927 1170 1066 1236 quod
1122 1187 1349 1241 corpore
1390 1172 1560 1239 majus
1605 1173 1705 1236 sit,
1744 1174 1859 1242 ipsa

293 1254 488 1321 quippe
517 1255 692 1308 anima
745 1256 897 1323 cujus
924 1264 1204 1325 prtesentia
1243 1277 1354 1328 cor.
1375 1279 1440 1316 us
1472 1264 1633 1327 vivit,
1675 1272 1729 1317 et
1776 1278 1861 1318 re-

291 1347 452 1413 gitur,
508 1356 562 1399 et
607 1346 846 1401 dolorem
903 1351 1013 1415 pati
1065 1360 1269 1419 potest,
1325 1363 1379 1406 et
1427 1354 1562 1407 mori
1612 1368 1717 1407 non
1768 1368 1861 1420 po-

296 1444 420 1489 test.
464 1437 604 1491 Ecce
638 1437 852 1491 inventa
885 1454 970 1494 res
992 1450 1092 1504 est,
1121 1457 1239 1509 qua:
1265 1458 1386 1497 cum
1413 1458 1628 1497 sensum
1659 1443 1860 1497 doloris

294 1526 508 1589 habeat,
536 1528 849 1583 immortalis
875 1541 976 1584 est.
1007 1531 1117 1585 lloe
1148 1533 1307 1600 igitur
1327 1534 1427 1588 erit
1459 1543 1584 1588 tunc
1611 1535 1771 1588 etiam
1804 1535 1857 1587 in

292 1618 605 1685 corporibus
626 1620 1021 1688 damnatorum,
1052 1624 1193 1692 quod
1239 1640 1381 1680 nunc
1409 1640 1529 1681 esse
1576 1628 1775 1680 scimus
1806 1630 1858 1681 in

290 1707 483 1761 animis
510 1708 768 1763 omnium.
796 1710 850 1763 Si
878 1720 1055 1764 autem
1092 1712 1498 1768 consideremus
1522 1714 1853 1783 diligentius,

1967 545 2157 599 mortis
2186 558 2558 617 argumentum
2586 550 2762 606 dolor.

2498 662 2725 719 CAPUT
2770 663 2994 720 CXLIV.

1967 744 2119 810 Quod
2149 749 2379 828 injrelms
2410 754 2553 828 miris
2590 771 2789 809 summa
2816 759 3054 811 credendi
3097 760 3163 813 sit
3190 760 3323 812 ratio
3363 762 3528 814 enini-

2033 824 2263 891 potentia
2325 824 2571 877 creatoris
2595 863 2611 891 ,
2658 841 2724 880 es
2786 829 2960 881 eodem
3011 830 3138 885 libro
3195 832 3259 884 de
3314 830 3529 885 Civitati:

2034 885 2128 938 Dei
2157 902 2267 941 ut.

2031 1000 2137 1055 Cur
2167 1003 2342 1072 itaque
2389 1005 2562 1062 facere
2605 1024 2708 1062 non
2760 1015 2927 1080 possit
2968 1015 3129 1080 Deus,
3160 1025 3217 1069 ut
3242 1024 3298 1069 et
3341 1031 3521 1070 resur-

1960 1103 2094 1162 gant-
2106 1108 2329 1158 corpora
2372 1107 2722 1163 mortuorum,
2761 1110 2816 1154 et
2846 1101 2969 1171 igne
2996 1113 3194 1159 aeterno
3221 1106 3525 1165 crucientur

1961 1195 2193 1251 Corpora
2208 1184 2602 1252 damnatorum,
2630 1191 2717 1258 qui
2749 1190 2875 1244 fecit
2915 1193 3166 1247 mundum
3204 1193 3256 1247 in
3278 1196 3437 1257 caelo,
3470 1195 3522 1249 in

1961 1280 2122 1330 terra.
2164 1272 2216 1327 in
2263 1288 2410 1344 aere,
2453 1278 2503 1331 in
2542 1278 2699 1348 aquis
2745 1280 3221 1336 innumerabilibus
3256 1284 3525 1337 miraculis

1962 1363 2195 1430 plenum,
2229 1383 2350 1420 eum
2386 1368 2742 1427 sitomnibus
2769 1372 2962 1439 quibus
2999 1374 3186 1441 plenus
3212 1383 3297 1429 est
3328 1374 3533 1442 procul-

1960 1452 2123 1507 dubio
2149 1456 2318 1525 majus
2344 1467 2397 1512 et
2417 1460 2877 1532 excellentius95
2895 1464 3128 1518 mundus
3154 1464 3269 1533 ipse
3295 1465 3527 1518 miracu-

1960 1545 2068 1599 lum
2084 1546 2111 1599 ?'
2136 1547 2240 1601 Sed
2273 1548 2359 1602 isti
2396 1563 2516 1603 cum
2547 1552 2851 1619 quibus‘vel
2897 1564 3083 1610 eontra
3112 1570 3247 1626 quos
3293 1560 3522 1625 agimus,

1960 1637 2047 1706 qui
2076 1647 2130 1692 et
2163 1638 2442 1694 Dominum
2467 1656 2588 1696 esse
2612 1644 2835 1700 credunt
2861 1659 2891 1699 a
2916 1660 3028 1715 quo
3052 1646 3219 1702 factus
3260 1656 3348 1702 est
3370 1661 3525 1701 mtto—-

1960 1725 2082 1791 dus,
2105 1737 2159 1780 et
2187 1727 2317 1781 deos
2343 1729 2413 1784 ab
2442 1729 2538 1785 illo
2562 1730 2753 1799 factos,
2784 1748 2878 1801 per
2905 1750 3039 1803 quos
3067 1737 3138 1791 ab
3177 1737 3271 1792 illo
3298 1738 3524 1791 admini-

289 1797 445 1849 dolor
464 1798 553 1866 qui
584 1797 777 1853 dicitur
824 1800 1066 1869 corporis
1097 1804 1265 1871 magis
1308 1803 1374 1857 ad
1419 1805 1648 1858 animam
1692 1807 1856 1873 perti-

1964 1826 2164 1872 stratur
2202 1819 2663 1891 [administrantur
2706 1823 2812 1893 hic]
2860 1792 3111 1891 mundus,
3155 1839 3209 1883 et
3237 1829 3522 1883 miraculo—

289 1898 401 1950 nct,
432 1890 625 1943 animze
671 1899 757 1944 est
805 1891 947 1945 enim
997 1892 1181 1948 dolere
1235 1910 1338 1948 non
1394 1897 1655 1963 corporis,
1696 1898 1856 1952 etiam

287 1978 503 2045 quando
531 1980 576 2033 ei
601 1979 811 2034 dolendi
838 1996 998 2036 causa
1029 1984 1209 2037 existit
1234 2000 1262 2038 a
1287 2000 1535 2053 corpore,
1563 2001 1682 2040 cum
1715 1990 1766 2039 in
1793 2004 1859 2042 eo

291 2070 411 2123 loco
436 2069 581 2125 dolet
628 2071 715 2126 ubi
748 2056 962 2126 lzeditur
1011 2088 1228 2142 corpus.
1274 2077 1422 2131 Sicut
1465 2092 1591 2145 ergo
1631 2077 1859 2134 deimus

285 2177 514 2229 corpora
536 2164 839 2227 senticntia,
863 2173 918 2220 et
938 2157 1166 2237 corpora
1189 2167 1438 2234 viventia,
1464 2183 1584 2223 cum
1600 2169 1668 2224 ab
1682 2170 1857 2225 anima

286 2255 359 2306 sit
383 2255 595 2322 corpori
619 2269 807 2310 sensus
829 2264 883 2310 et
911 2258 1037 2325 vita,
1072 2258 1142 2312 ita
1170 2273 1393 2325 corpora
1419 2258 1649 2315 dicimus
1670 2269 1726 2315 et
1755 2260 1857 2315 do-

288 2348 455 2401 lentia
495 2363 616 2401 cum
648 2348 799 2403 dolor
844 2350 1055 2419 corpori
1102 2351 1202 2405 nisi
1234 2351 1299 2405 ab
1350 2352 1529 2406 anima
1580 2367 1703 2407 esse
1751 2368 1856 2406 non

286 2440 481 2508 possit.
512 2441 661 2494 Dolet
682 2444 856 2510 itaque
880 2444 1054 2497 anima
1080 2459 1199 2498 cum
1222 2460 1452 2512 corpore
1478 2446 1530 2499 in
1555 2446 1630 2519 [in
1652 2461 1718 2499 eo
1742 2448 1859 2500 loco

283 2528 426 2599 ejus]
456 2545 522 2584 eo
552 2531 691 2597 loco,
721 2532 809 2585 ubi
850 2533 1046 2602 aliquid
1079 2536 1339 2604 contingit
1368 2544 1424 2590 ut
1461 2536 1672 2598 doleat;
1715 2536 1858 2590 dolet

283 2630 343 2673 et
376 2620 490 2673 sola
535 2621 774 2689 quamvis
819 2623 890 2675 sit
943 2623 995 2677 in
1050 2639 1278 2694 corpore
1328 2640 1448 2679 cum
1478 2626 1651 2692 aliqua
1699 2641 1858 2680 causa

285 2712 454 2763 etiam
500 2710 748 2766 iuvisibifi
798 2713 966 2767 tristis
1005 2714 1155 2782 ipsa,
1201 2730 1427 2783 corpore
1459 2716 1708 2770 incolumi
1752 2725 1853 2770 est.

293 2802 451 2856 Dolet
491 2803 649 2856 etiam
682 2819 786 2857 non
814 2806 864 2857 in
904 2820 1129 2873 corpore
1156 2809 1440 2860 constituta
1467 2823 1481 2860 :
1516 2822 1634 2860 nam
1676 2808 1859 2875 utique

290 2894 508 2945 dolebat
536 2892 685 2947 dives
715 2894 802 2947 ille
822 2894 959 2963 apud
980 2894 1198 2962 inferos,
1220 2896 1434 2966 quando
1450 2896 1662 2950 dicebat
1682 2936 1698 2961 ,
1720 2896 1856 2951 Cru-

286 2988 403 3036 θέοι·
428 2983 481 3035 ἱη
528 2983 626 3036 bac
653 2984 886 3037 flamma.
919 2985 1122 3054 Corpus
1146 2999 1323 3040 autem
1356 3000 1454 3041 nec
1482 2987 1730 3041 exanime
1757 2988 1857 3041 do-

289 3072 384 3134 let,
419 3087 517 3126 nec
560 3073 849 3127 animatum
881 3075 998 3129 sine
1032 3077 1207 3129 anima
1252 3076 1415 3131 dolet.
1444 3077 1499 3131 Si
1544 3092 1673 3146 ergo
1701 3092 1730 3131 a
1760 3078 1847 3131 do-

292 3166 409 3217 lorc
447 3174 818 3234 argumentum
866 3176 1010 3221 recte
1059 3177 1358 3223 sumeretur
1395 3168 1461 3222 ad
1509 3180 1759 3235 mortem,
1804 3178 1860 3223 ut
1888 3142 1934 3204 c

293 3256 415 3308 ideo
440 3269 585 3308 mors
608 3256 770 3324 possit
790 3257 1054 3325 accidere,
1077 3258 1198 3326 quia
1230 3260 1397 3327 potuit
1418 3259 1666 3314 accidere
1692 3270 1745 3313 et
1769 3259 1868 3313 do-

292 3346 398 3409 lor,
435 3347 601 3415 magis
620 3345 686 3399 ad
718 3348 948 3402 animam
979 3350 1269 3415 pertineret
1296 3351 1430 3404 mori
1463 3350 1528 3405 ad
1559 3366 1715 3419 quam
1748 3367 1862 3405 ma-

293 3438 374 3502 gis
398 3436 633 3504 pertinet
661 3443 717 3491 et
744 3438 926 3491 dolere
947 3454 961 3503 ;
986 3454 1107 3493 cum
1142 3454 1267 3494 vero
1297 3441 1384 3495 illa
1426 3456 1547 3510 qua:
1576 3446 1743 3509 magis
1771 3442 1866 3495 do-

293 3527 407 3582 lere
438 3536 611 3595 potest
652 3544 755 3583 non
800 3531 966 3598 possit
994 3531 1152 3596 mori,
1184 3532 1309 3601 quid
1354 3536 1609 3588 momenti
1646 3534 1863 3605 [auri-rt]

289 3620 472 3682 aﬂ’crt,
503 3634 597 3672 cur
628 3620 715 3673 illa
742 3635 988 3689 corpora,
1022 3624 1271 3691 quoniam
1301 3622 1478 3679 futura
1508 3627 1557 3679 in
1589 3628 1863 3682 doloribus

289 3722 440 3771 sunt,
471 3707 592 3762 ideo
618 3710 776 3764 etiam
810 3711 1065 3765 moritura
1107 3726 1226 3767 esse
1264 3715 1580 3769 credamus?
1611 3716 1867 3770 Dixerunt

288 3800 510 3866 quidem
534 3800 789 3855 Platonici
814 3818 829 3857 :
857 3801 933 3856 Ex
983 3806 1209 3859 terrenis
1235 3807 1548 3875 corporibus
1588 3809 1864 3862 moribun-

290 3892 485 3957 disque
516 3892 792 3958 membris,
835 3909 957 3948 esse
986 3896 1180 3951 animae
1224 3907 1279 3952 et
1307 3908 1545 3953 metuere
1566 3908 1622 3954 et
1644 3916 1728 3965 cui
1749 3915 1864 3966 ere,

291 3992 342 4034 et
372 3981 567 4035 dolere
597 3993 755 4051 atque
798 3985 1049 4053 gaudere.
1090 3986 1239 4042 Unde
1276 3988 1561 4057 Virgilius:
1593 3988 1747 4052 Hinc,
1779 3989 1863 4043 iu-

294 4078 434 4144 quit,
464 4076 619 4130 idest
647 4093 709 4130 ex
735 4078 1067 4133 moribundis
1088 4082 1286 4134 terreni
1316 4081 1557 4149 corporis
1588 4081 1864 4146 membris,

297 4178 549 4225 metuunt
594 4171 938 4241 cupiuntque,
985 4173 1296 4241 dolentque,
1342 4174 1701 4243 gaudentque.
1762 4175 1865 4229 Sed

293 4267 631 4319 convicimus
660 4281 752 4320 eos
781 4266 830 4319 itt
859 4277 1050 4335 quarto
1078 4267 1283 4322 decimo
1318 4268 1476 4337 hujus
1501 4269 1680 4337 operis
1707 4268 1864 4333 libro,

297 4357 499 4411 habere
521 4359 725 4427 animas
765 4358 1057 4411 sezundutn
1106 4359 1250 4428 ipsos
1281 4359 1349 4411 ab
1378 4360 1525 4412 omni
1553 4362 1712 4412 etiam
1742 4374 1864 4412 cor-

297 4448 445 4513 poris
476 4446 593 4499 labe
633 4457 877 4515 purgatas
902 4446 1074 4501 diram
1124 4447 1488 4515 cupiditatem,
1535 4464 1635 4517 qua
1680 4464 1864 4502 rursus

296 4539 564 4606 incipiunt
585 4537 636 4590 in
678 4552 899 4606 corpora
931 4538 1071 4592 velle
1096 4538 1315 4591 reverti.
1350 4537 1450 4591 Ubi
1483 4550 1660 4592 autem
1690 4548 1866 4606 potest

297 4646 419 4686 esse
459 4631 747 4700 cupiditas.
797 4629 1037 4697 profecto
1081 4629 1241 4683 etiam
1291 4629 1445 4683 dolor
1487 4637 1682 4697 potest.
1736 4629 1868 4684 Fru-

297 4732 466 4774 strata
509 4725 701 4788 quippe
746 4720 1008 4788 cupiditas
1056 4719 1167 4773 sive
1209 4734 1315 4772 non
1361 4719 1722 4786 perveniendo
1760 4736 1867 4786 quo

296 4814 434 4867 tend.
458 4814 570 4875 bat,
599 4814 711 4867 sive
740 4812 1031 4866 amittendo
1060 4828 1165 4882 quo
1202 4822 1521 4879 pervenerat
1557 4812 1782 4867 vertitur
1815 4812 1865 4866 in

291 4905 561 4957 dolorem.
614 4904 949 4971 Quapropter
997 4905 1041 4956 si
1093 4904 1269 4956 anima
1327 4918 1447 4970 qua:
1494 4904 1573 4958 vel
1621 4904 1733 4957 sola
1781 4904 1865 4958 vel

294 4996 530 5049 maxime
553 4995 721 5059 dolet,
753 4994 910 5048 habet
933 5004 1109 5048 tamen
1140 4995 1421 5063 quamdam
1455 5011 1551 5062 pro
1578 5011 1675 5049 suo
1706 4995 1865 5049 modo

292 5086 749 5140 immortalitatem
792 5101 965 5151 suam,
1008 5104 1111 5139 non
1156 5088 1275 5141 ideo
1317 5090 1452 5141 mori
1500 5097 1750 5155 poterunt
1777 5088 1863 5141 illa

287 5191 538 5243 corpora,
589 5175 710 5244 quia
762 5177 1036 5235 dolebant.
1090 5176 1367 5230 Postremo
1410 5177 1455 5230 si
1502 5192 1727 5244 corpora
1783 5177 1863 5230 fa-

286 5268 443 5319 ciunt
485 5276 541 5320 ut
584 5268 774 5321 anima:
820 5267 1054 5331 doleant,
1086 5267 1307 5320 cureis
1335 5266 1573 5321 dolorem
1619 5276 1862 5336 possunt,

291 5367 525 5408 mortem
555 5370 683 5410 vero
708 5354 911 5410 inferre
934 5371 1037 5411 non
1071 5363 1313 5423 possunt,
1360 5356 1462 5411 nisi
1494 5359 1615 5425 quia
1647 5372 1751 5412 non
1777 5369 1860 5412 est

289 5459 629 5514 consequens
675 5453 733 5499 ιιι
760 5454 986 5499 mortem
1033 5444 1190 5498 faciat
1238 5445 1380 5514 quod
1428 5445 1667 5501 dolorem
1700 5448 1853 5503 facit.

290 5538 404 5591 (Zur
446 5552 573 5605 ergo
624 5536 948 5591 incredibile.
979 5543 1063 5591 est
1093 5538 1161 5590 ita
1211 5538 1358 5606 ignes
1403 5538 1506 5591 illis
1551 5538 1864 5603 corporibus

288 5626 534 5680 dolorem
577 5642 733 5695 posse
758 5626 973 5691 inferre,
1022 5643 1124 5681 non
1160 5640 1408 5693 mortem,
1441 5629 1578 5682 sicut
1603 5628 1714 5695 ipsa
1743 5647 1863 5685 cor-

294 5734 432 5783 pora
461 5718 642 5777 dolcte
692 5719 894 5779 animas
943 5718 1164 5787 faciunt,
1209 5735 1341 5789 quas
1383 5730 1567 5779 tamen.
1605 5737 1715 5781 non
1743 5722 1861 5778 ideo

1961 1923 2077 1961 rum
2127 1908 2443 1973 effectrices,
2474 1912 2595 1967 sive
2639 1922 3079 1983 spontaneorum,
3129 1917 3242 1973 sive
3284 1919 3428 1973 cultu
3468 1926 3523 1973 ct

1961 1997 2065 2051 ritu
2109 1998 2347 2067 quolibet
2396 1999 2800 2069 imperatorum,
2834 2005 2946 2058 sive
2984 2006 3145 2059 etiam
3194 2007 3519 2076 magicorum

1960 2088 2257 2143 mundanas
2280 2090 2362 2143 vel
2391 2108 2495 2143 non
2526 2102 2742 2161 negant,
2777 2093 2859 2148 vel
2890 2094 3106 2163 insuper
3149 2105 3204 2150 et
3236 2097 3527 2164 praedicant

1960 2189 2274 2247 potestates,
2303 2182 2519 2250 quando
2550 2184 2629 2238 eis
2662 2198 2839 2239 rerum
2871 2186 2974 2239 vim
3002 2186 3298 2243 mirabilem
3329 2203 3524 2257 propo-

1960 2270 2136 2323 nimus
2176 2270 2436 2340 aliarum,
2466 2288 2586 2342 qua
2617 2288 2715 2329 nec
2757 2262 3007 2331 animalia
3048 2285 3174 2331 sunt
3215 2279 3487 2334 rationalia
3509 2318 3531 2345 ,

1959 2374 2058 2415 nec
2084 2360 2190 2415 ulla
2218 2363 2425 2418 ratione
2453 2364 2659 2433 przediti
2699 2363 2940 2435 spiritus,
2962 2368 3097 2422 sicut
3133 2378 3257 2423 sunt
3296 2385 3359 2425 ea
3385 2386 3522 2442 quo-

1958 2465 2074 2504 rum
2111 2466 2274 2518 pauca
2302 2456 2857 2521 commemoravimus,
2884 2456 3215 2524 respondere
3246 2460 3478 2513 assolent
3507 2474 3523 2514 :

1960 2541 2052 2596 Vis
2078 2552 2162 2597 est
2192 2544 2295 2597 ista
2345 2554 2569 2609 naturae,
2616 2554 2801 2599 natura
2835 2561 3021 2600 eorum
3062 2550 3142 2602 sic
3188 2562 3307 2602 sese
3343 2548 3521 2614 habet,

1959 2637 2292 2704 propriarum
2326 2636 2444 2691 i‘tte
2475 2647 2600 2692 sunt
2624 2637 2879 2693 efficacia:
2910 2649 3241 2694 naturarum.
3274 2640 3403 2695 'l‘ota
3432 2642 3525 2695 ita-

1958 2740 2061 2793 que
2109 2727 2245 2779 ratio
2299 2734 2415 2792 est,
2470 2742 2565 2782 cur
2630 2728 3034 2798 Agrigentinum
3092 2731 3258 2785 salem
3315 2731 3526 2787 flamma

1958 2814 2121 2870 ﬂuere
2165 2817 2340 2882 faciat,
2384 2834 2519 2889 aqua
2560 2822 2852 2890 crepitare,
2900 2823 3022 2890 quia
3053 2822 3168 2878 haec
3219 2833 3301 2877 est
3341 2832 3525 2879 natura

1958 2908 2095 2979 ejus.
2128 2911 2195 2964 At
2224 2910 2325 2964 hoc
2356 2926 2477 2965 esse
2501 2912 2675 2981 petius
2705 2922 2889 2968 contra
2917 2923 3155 2968 naturam
3185 2915 3389 2971 videtur
3411 2932 3529 2983 qua:

1960 3014 2063 3052 non
2107 2998 2237 3067 igni,
2266 2999 2361 3054 sed
2408 3016 2560 3070 aquae
2604 3002 2752 3056 dedit
2794 3006 2962 3056 salem
3006 3003 3233 3070 solvere,
3267 3013 3527 3060 terrorem

1964 3087 2217 3162 [torrere]
2248 3102 2425 3145 autem
2457 3092 2585 3162 igni,
2621 3108 2725 3147 non
2752 3107 2923 3162 aquae.
2974 3093 3078 3149 Sed
3110 3093 3231 3158 ista,
3264 3093 3547 3164 inquiunt,

1966 3186 2097 3238 salis
2128 3184 2283 3250 lmjus
2315 3187 2569 3240 naturalis
2597 3195 2679 3241 est
2706 3187 2806 3250 vis,
2855 3195 2912 3241 ut
2937 3186 3021 3241 bis
3064 3187 3333 3241 contraria
3362 3189 3530 3254 patia.

1968 3286 2071 3330 tur.
2105 3277 2227 3330 Haec
2257 3276 2420 3345 igitur
2451 3280 2588 3332 ratio
2614 3277 2873 3343 redditur,
2907 3290 2959 3332 et
2986 3278 3053 3333 de
3080 3279 3170 3331 illo
3195 3277 3340 3332 fonte
3367 3277 3532 3331 Cara:

1967 3367 2216 3428 mantico,
2260 3367 2350 3421 ubi
2398 3383 2500 3421 una
2530 3383 2664 3422 vena
2695 3368 2853 3437 friget
2881 3367 3089 3432 diebus,
3141 3368 3387 3421 noctibus
3431 3368 3532 3420 fer-

1967 3470 2074 3519 vet,
2109 3458 2157 3509 vi
2186 3469 2408 3525 utraque
2455 3458 2678 3512 molesta
2715 3458 3071 3527 tangentibus.
3114 3458 3238 3512 llatc
3266 3468 3320 3513 et
3348 3458 3414 3511 de
3444 3458 3535 3511 illo

1967 3549 2073 3602 alio
2100 3549 2189 3619 qui
2220 3566 2340 3603 cum
2380 3550 2452 3604 sit
2499 3551 2958 3605 contrecta‘ulibus
3003 3551 3246 3622 frigidus,
3278 3557 3335 3605 et
3365 3549 3534 3606 facem

1967 3638 2109 3692 sicut
2137 3638 2226 3692 alii
2269 3637 2443 3695 fontes
2488 3640 2791 3710 exstinguat
2843 3656 3155 3705 accensam;
3205 3640 3545 3695 dissimiliter-

1971 3742 2147 3785 tamen
2178 3741 2338 3800 atque
2379 3734 2691 3788 mirabiliter
2713 3733 2853 3788 idem
2898 3737 3011 3799 ipse
3055 3733 3301 3788 accendit
3328 3733 3535 3788 exstin-

1967 3830 2129 3873 ctam.
2164 3821 2285 3874 Ilazc
2311 3830 2365 3874 et
2391 3824 2457 3875 de
2484 3821 2659 3889 lapide
2689 3824 2923 3886 asbesto,
2956 3825 3043 3890 qui
3070 3840 3190 3877 cum
3221 3824 3395 3892 ignem
3420 3824 3533 3877 nul-

1970 3913 2078 3967 lum
2135 3914 2325 3967 habeat
2377 3917 2689 3983 proprium,
2746 3927 2967 3982 accepto
3016 3928 3188 3968 tamen
3244 3915 3323 3969 sic
3384 3918 3535 3972 arda-t

1967 4002 2164 4065 alieno,
2199 4013 2253 4054 ut
2286 4017 2389 4055 non
2421 4004 2581 4071 possit
2613 4004 2894 4070 exstingui.
2931 4005 3053 4059 llam
3086 4005 3152 4059 de
3178 4007 3389 4060 ea'toris
3416 4022 3535 4076 qua:

1972 4093 2114 4163 piget
2143 4102 2418 4156 retexere,
2452 4095 2643 4161 quibus
2684 4094 2811 4150 licet
2840 4096 2918 4150 vis
2967 4096 3177 4150 insolita
3219 4106 3405 4151 contra
3446 4114 3535 4148 na-

1971 4192 2142 4237 turam
2176 4184 2354 4238 inesse
2384 4186 2659 4249 videatur;
2690 4185 2793 4239 alia
2826 4197 3001 4241 tamen
3042 4186 3108 4240 de
3134 4186 3239 4241 illis
3268 4201 3374 4239 non
3417 4187 3533 4240 red—

1970 4274 2116 4327 ditur
2160 4278 2314 4339 ratio,
2368 4274 2468 4327 nisi
2520 4285 2575 4328 ut
2604 4275 2812 4330 dicatur
2840 4276 2975 4330 hanc
2998 4291 3184 4330 eorum
3223 4290 3342 4330 esse
3374 4286 3534 4329 natu-

1973 4380 2103 4417 ram.
2137 4364 2322 4419 Brevis
2352 4380 2480 4419 sane
2509 4367 2605 4420 ista
2636 4375 2718 4420 est
2748 4366 2901 4433 ratio,
2936 4364 3129 4431 fateor,
3159 4366 3538 4440 sufficiensque

1976 4457 2258 4522 responsio
2310 4456 2415 4512 Sed
2445 4472 2565 4511 cum
2598 4457 2735 4512 Deus
2761 4467 2948 4513 auctor
2972 4458 3045 4512 sit
3083 4466 3390 4512 naturarum
3418 4471 3537 4513 om:

1896 4517 1945 4576 Β
1972 4545 2142 4611 nium,
2170 4559 2264 4601 cur
2294 4547 2483 4600 nolunt
2505 4544 2737 4618 [volunt]
2762 4545 3035 4602 fortiorem
3061 4561 3159 4601 nos
3198 4546 3425 4601 reddere
3453 4559 3537 4609 ra:

1970 4637 2190 4699 tionem,
2225 4639 2438 4707 quando
2459 4639 2657 4709 aliquid
2680 4639 2824 4694 velut
2852 4638 3179 4708 impossibile
3203 4638 3393 4693 nolunt
3420 4652 3537 4692 ere.

1968 4726 2117 4791 dere,
2167 4726 2351 4796 eisque
2398 4728 2751 4784 redditionem
2801 4728 3025 4782 rationis
3069 4728 3411 4799 poscentibus
3444 4743 3534 4782 rc—

1969 4818 2333 4887 spondemus,
2397 4820 2536 4874 hanc
2590 4835 2711 4875 esse
2769 4820 3095 4875 voluntatem
3148 4819 3539 4887 Omnipotentis

1973 4908 2105 4973 De-i;
2140 4908 2226 4977 qui
2274 4918 2421 4963 certe
2472 4924 2574 4963 non
2619 4911 2689 4965 ob
2717 4910 2865 4965 aliud
2909 4920 3128 4965 vocatur
3163 4911 3537 4979 Omnipotens,

1974 4997 2071 5051 nisi
2111 5002 2359 5067 quoniam
2387 4999 2641 5068 quidquid
2682 5001 2793 5053 vult
2821 5011 3017 5070 potest,
3039 5002 3128 5071 qui
3160 5002 3328 5071 potuit
3357 5014 3540 5054 creare

1976 5098 2079 5140 tam
2113 5089 2298 5152 multa,
2344 5103 2463 5157 qua:
2514 5088 2613 5143 nisi
2641 5088 2710 5160 {si
2748 5090 2882 5162 non}
2917 5091 3345 5154 ostenderentur,
3386 5096 3478 5141 aut
3507 5102 3535 5139 a

1971 5178 2254 5231 eredemlis
2282 5178 2543 5248 hodieque
2571 5179 2872 5236 dicerentur
2900 5182 3143 5245 testibus,
3177 5180 3415 5248 profecto
3437 5177 3537 5229 iui-

1974 5267 2247 5334 possibilia
2300 5277 2641 5336 putarentur,
2686 5286 2789 5325 non
2840 5271 3009 5326 solum
3039 5285 3159 5339 quae
3206 5265 3532 5337 ignotissima

1973 5358 2110 5425 apud
2146 5374 2262 5424 nos,
2299 5374 2483 5415 verum
2514 5361 2673 5416 etiam
2721 5378 2839 5433 qua:
2869 5363 3144 5415 notissima
3177 5357 3327 5427 posui
3357 5374 3370 5407 :
3397 5358 3542 5408 sicut

1967 5449 2034 5504 de
2058 5451 2205 5504 calet:
2235 5451 2385 5518 quod
2406 5451 2574 5508 fervet
2614 5454 2664 5508 in
2696 5469 2851 5523 aqua,
2880 5463 2931 5507 et
2957 5452 3009 5506 in
3056 5450 3175 5505 oleo
3206 5447 3391 5517 frigida
3421 5460 3499 5502 est
3522 5491 3536 5513 ,

1966 5540 2034 5593 de
2066 5553 2312 5610 magnete
2362 5542 2537 5612 lapide
2587 5545 2741 5613 quod»
2776 5544 2955 5598 nescio
2985 5557 3082 5609 qua
3125 5539 3421 5594 sorbitione
3461 5540 3540 5592 in-

1966 5630 2230 5697 sensibili,
2260 5633 2507 5702 stipulam
2537 5648 2640 5686 non
2684 5639 2893 5686 moveat
2918 5642 2970 5685 et
3002 5631 3196 5684 ferrum
3230 5629 3440 5698 rapiat;
3471 5629 3551 5684 de.

1966 5736 2128 5777 carne
2180 5739 2284 5778 non
2334 5733 2667 5791 putrescente
2707 5724 2948 5792 pavonis,
3000 5737 3119 5776 cuin
3172 5722 3438 5793 putruerit
3483 5731 3547 5786 et
