3990 6180
324 337 422 393 781

1414 326 1477 383 D.
1523 320 1838 381 EUGYPPJ
1877 318 2168 376 ABBATIS
2208 317 2527 375 AFRICANI

3494 319 3600 374 788

323 466 451 504 raro
483 450 845 515 Platonis;de
874 450 1024 518 palea
1072 448 1150 502 sic
1180 445 1408 514 frigente
1450 452 1505 495 ut
1537 439 1801 493 ﬂuescere
1831 451 1906 488 ιιι·
1933 440 1979 493 Α
2010 439 2054 489 si
2086 423 2276 491 alienat
2320 435 2531 490 femina:
2559 433 2803 487 osculum
2851 434 3072 489 infixum
3111 435 3335 490 rationis
3377 437 3449 492 sit
3475 450 3601 492 ver-

323 555 445 593 vem
486 555 595 594 non
646 540 815 605 sinat,
859 541 938 592 sic
981 539 1190 590 calente
1238 544 1293 587 ut
1346 542 1711 585 maturescere
1753 539 1909 594 poma

331 636 662 704 rompellat;
701 636 770 689 de
814 636 934 702 igne
975 632 1177 700 fulgida
1222 629 1365 697 quod
1413 625 1708 680 secundum
1755 636 1909 674 suum

331 725 594 796 fulgorem
619 725 820 792 lapides
846 722 1126 792 coquendo
1149 720 1452 782 eaudilicet,
1478 727 1533 772 et
1559 725 1741 768 contra
1763 727 1912 766 eum-

331 815 453 870 dem
481 829 642 868 suum
693 814 951 880 fulgorem
1001 811 1207 865 urendo
1254 809 1483 879 plurima
1514 805 1760 859 oliitscet.
1784 801 1912 854 'l‘ale

335 914 416 956 est
447 903 586 973 quod
612 913 661 957 et
687 903 850 973 nigrm
879 902 1104 956 maculae
1130 900 1474 954 offenduntur
1499 912 1562 951 ex
1589 896 1707 948 t-Ieo
1729 893 1911 963 splen-

333 996 481 1057 dido,
523 996 770 1049 similiter
797 996 960 1066 nigra:
988 995 1144 1048 inea:
1171 992 1238 1046 de
1267 990 1498 1045 candido
1538 986 1913 1056 imprimuntur

335 1098 588 1154 argento;
621 1088 689 1140 tle
715 1086 1039 1142 carbonibus
1069 1088 1226 1138 etiam
1253 1082 1396 1152 quod
1438 1080 1768 1135 accendente
1795 1078 1916 1145 igne

337 1181 415 1230 sic
443 1188 722 1232 vertuntur
750 1177 804 1230 iu
845 1177 1198 1240 contrarium,
1239 1184 1295 1230 ut
1323 1173 1391 1228 de
1424 1173 1579 1238 lignis
1618 1168 1919 1238 pulcherri-

347 1267 448 1320 mis
478 1268 622 1326 tetri.
656 1267 867 1335 fragiles
909 1268 976 1321 de
1005 1267 1176 1329 duris,
1215 1263 1567 1331 imputribiles
1596 1262 1663 1314 de
1693 1258 1918 1328 putribi-

337 1355 484 1409 libus
515 1359 663 1413 fiant.
693 1357 800 1412 Sed
833 1359 950 1411 ideo
973 1358 1135 1410 etiam
1164 1355 1276 1424 ipsa
1307 1354 1479 1423 posui.
1503 1351 1756 1420 quoniam
1779 1348 1919 1417 apud

346 1461 532 1498 eorttm
563 1461 748 1499 coirra
777 1460 912 1512 quos
935 1446 1143 1514 agimus
1180 1443 1467 1498 historicos
1495 1443 1620 1510 legi,
1650 1451 1708 1494 ut
1736 1448 1923 1492 osten-

345 1537 531 1592 derem
571 1536 744 1600 quaiiu
785 1537 953 1589 multa
989 1536 1250 1604 multique
1279 1536 1510 1598 illm-um,
1541 1533 1680 1586 nulla
1714 1531 1923 1586 reddita

346 1627 580 1688 ratione,
608 1627 663 1681 iu
709 1641 930 1682 suorum
966 1627 1320 1680 litteratorum
1345 1626 1548 1694 scripta
1579 1624 1774 1677 litteris
1805 1637 1921 1676 cre-

346 1717 494 1777 dant.
526 1719 612 1784 qui
657 1715 811 1772 nobis
841 1717 1088 1780 credere,
1130 1717 1344 1785 quando
1368 1716 1418 1770 id
1440 1715 1581 1785 quod
1617 1725 1802 1770 eorum
1830 1729 1924 1768 ex-

2019 529 2147 582 bere
2174 529 2473 592 vindicare,
2505 542 2688 581 nonne
2729 526 2818 590 qui
2851 526 2980 580 illud
3015 536 3213 596 puncto
3242 529 3505 597 temporis
3529 529 3602 583 le-

2018 622 2176 683 cerit,
2210 619 2612 688 incomparabili
2648 619 2907 672 horarum
2951 619 3126 687 spatio
3163 617 3500 686 verberatur,
3547 627 3607 673 et

2017 713 2256 765 suavitas
2282 710 2571 776 voluptatis
2601 709 2814 780 exigua;
2841 709 3098 762 diuturno
3123 708 3316 763 dolore
3343 709 3559 778 punitur
3576 709 3605 760 ?

2017 801 2155 864 Quid
2205 803 2256 852 in
2290 798 2557 852 vinculis?
2589 797 2835 867 Nunquid
2869 796 2990 869 [ibi]
3023 797 3208 850 tztndiu
3250 797 3477 866 quisque
3517 799 3611 865 ju-

2018 894 2279 946 dicendus
2309 903 2392 945 est
2422 905 2544 944 esse
2569 889 2770 944 debere
2797 887 3034 958 quandiu
3064 888 3196 942 fecit
3236 888 3379 942 unde
3405 890 3606 942 meruit

2019 983 2247 1053 alligari,
2288 993 2411 1035 tum
2438 981 2739 1049 justissima
2788 994 3017 1033 annosus
3073 992 3265 1048 pugnas
3308 992 3497 1033 servus
3550 979 3612 1031 in

2019 1071 2368 1139 compedibus
2411 1069 2639 1139 pendat,
2679 1069 2806 1136 qui,
2842 1067 3005 1122 verbo
3045 1077 3141 1121 aut
3169 1067 3278 1121 ictu
3320 1067 3614 1122 celerrime

2023 1170 2334 1215 transeunte
2365 1157 2757 1231 [transeunter]
2780 1159 2865 1212 vel
2897 1158 3170 1212 lacessivit
3195 1157 3492 1222 dominum,
3523 1156 3614 1210 vel

2024 1252 2288 1322 plagavit?
2315 1253 2434 1307 iam
2467 1267 2594 1306 vero
2634 1252 2914 1315 damnum,
2963 1253 3280 1322 ignominia,
3329 1253 3612 1316 exsilium,

2025 1346 2279 1410 servitus,
2330 1360 2450 1397 cum
2487 1343 2806 1412 plerumque
2849 1343 2928 1398 sic
2975 1343 3309 1411 inliiguntur,
3357 1350 3416 1396 ut
3460 1344 3616 1396 nulla

2025 1435 2178 1487 venia
2212 1435 2546 1498 relaxentur,
2593 1446 2774 1486 nonne
2803 1446 2897 1500 pro
2927 1431 3088 1500 hujus
3113 1432 3236 1486 vita
3265 1431 3429 1485 nudo
3458 1431 3621 1483 simi-

2029 1526 2092 1578 lia
2128 1524 2270 1594 pani
2330 1523 2583 1578 videntur
2607 1523 2858 1577 aeternis?
2888 1523 3012 1578 Ideo
3041 1523 3239 1593 quippe
3256 1532 3457 1577 aeterna
3487 1535 3622 1576 esse

2028 1627 2132 1666 non
2171 1622 2416 1680 possunt,
2461 1612 2589 1681 quia
2639 1626 2740 1667 nec
2783 1613 2896 1678 ipsa
2925 1613 3032 1666 vita
3061 1626 3186 1682 qua:
3229 1612 3318 1665 his
3365 1612 3623 1678 plectitur

2027 1706 2316 1775 porrigitur
2345 1707 2400 1758 in
2431 1713 2717 1769 internum,
2745 1713 2804 1758 et
2831 1715 3012 1760 tamen
3041 1715 3262 1774 peccata
3289 1719 3410 1775 qua:
3437 1703 3623 1757 vindi-

351 1807 665 1872 perientiam
695 1821 1020 1877 sensumque
1053 1807 1462 1875 transgreditur,
1494 1805 1922 1872 Omnipotentem
1958 1803 2004 1864 Β
2030 1811 2219 1853 cantur
2255 1796 2550 1864 longissimi
2591 1797 2852 1865 temporis
2899 1798 3073 1862 pmnis
3119 1795 3438 1850 brevissimo
3467 1803 3616 1849 tem-

354 1897 524 1951 Deum
575 1899 803 1952 dicimus
857 1913 981 1952 esse
1045 1899 1344 1959 lucturum.
1411 1910 1509 1950 nec
1575 1896 1780 1949 reddita
1838 1910 1926 1949 ra-

351 1981 500 2034 tione
535 1981 842 2049 digni-titur.
889 1981 1019 2035 Nam
1050 1997 1167 2049 quae
1211 1981 1404 2034 melior
1449 1989 1506 2034 ct
1542 1979 1765 2033 validior
1792 1979 1929 2033 ratio

353 2075 422 2127 de
451 2076 608 2127 rebus
637 2075 836 2129 tatibus
867 2077 1129 2139 redditur,
1156 2090 1312 2142 quam
1338 2088 1461 2128 cum
1489 2073 1838 2142 Omnipotens
1865 2086 1928 2126 ea

355 2181 512 2232 posse
565 2169 740 2222 facere
783 2167 1116 2236 perhibetur,
1161 2176 1217 2239 et
1262 2165 1495 2218 facturus
1546 2164 1764 2228 dicitur,
1812 2179 1932 2232 quin

357 2259 746 2324 pronuntiasse
785 2259 856 2312 ibi
889 2259 1101 2327 legitur,
1131 2258 1220 2311 ubi
1261 2259 1361 2310 alia
1413 2257 1575 2311 multa
1608 2258 1932 2325 praenuntia-

355 2349 449 2414 vit,
479 2365 601 2417 que
631 2350 822 2405 fecisse
845 2352 1211 2404 monsuatur?
1240 2352 1356 2420 ipse
1372 2351 1574 2420 quippe
1600 2351 1782 2413 iaciat,
1806 2350 1930 2418 quia

354 2455 415 2493 se
461 2440 727 2494 iacturum
767 2455 892 2495 esse
934 2441 1201 2509 pradixit,
1230 2441 1321 2510 qui
1370 2440 1727 2511 impossibilia
1767 2439 1932 2512 [esse]

355 2539 631 2597 putantur,
661 2531 750 2600 qui
777 2533 1027 2599 pmmisit
1051 2531 1347 2597 etfecit,ut
1383 2531 1454 2584 ab
1483 2530 1770 2586 incredulis
1799 2545 1934 2598 gen-

358 2619 498 2674 tibus
529 2619 865 2675 iucrcdibii'tu
893 2622 1265 2694 crederentur.
1293 2620 1350 2674 Si
1379 2632 1556 2675 autem
1578 2620 1933 2690 respondent,

357 2721 640 2778 propterea
688 2725 748 2766 se
775 2726 882 2765 non
911 2712 1136 2767 crede-re
1160 2727 1283 2779 quin
1327 2710 1396 2765 de
1447 2710 1692 2765 humanis
1722 2725 1936 2779 semper

355 2802 559 2856 arsuris
588 2817 688 2858 nec
719 2819 989 2871 nunquam
1032 2803 1307 2857 morituris
1336 2805 1652 2872 corporibus
1681 2802 1931 2868 dicimus,

356 2893 479 2959 quin
514 2893 870 2948 humanorum
902 2908 1185 2962 corporum
1224 2905 1469 2948 naturam
1499 2894 1750 2948 novimus
1783 2896 1936 2963 longe

359 2986 517 3040 aliter
545 2986 878 3051 institutam;
916 2985 1058 3040 unde
1097 2999 1199 3040 nec
1226 2985 1318 3040 illa
1344 2986 1481 3040 ratio
1510 2985 1633 3040 hinc
1660 2985 1808 3040 reddi
1841 3001 1938 3056 po-

360 3086 465 3132 test
493 3093 611 3146 qute
655 3077 722 3132 de
766 3078 874 3132 illis
899 3076 1114 3132 naturis
1135 3077 1474 3132 mirabilibus
1505 3079 1850 3144 reddebatur,
1879 3090 1935 3136 ut

2035 1905 2162 1961 pure
2191 1898 2589 1960 perpetrantur.
2617 1887 2728 1942 Nec
2757 1890 3038 1958 quisquam
3062 1888 3274 1948 exstitit
3304 1887 3394 1957 qui
3427 1901 3624 1942 cense-

2036 1993 2138 2048 ret,
2191 1994 2299 2036 tam
2353 1983 2462 2037 cito
2507 1982 2817 2036 nocentium
2869 1981 3101 2035 ﬁniendo
3157 1991 3280 2034 esse
3326 1989 3622 2047 tormenta,

2035 2091 2193 2144 quam
2225 2076 2335 2128 cito
2363 2073 2565 2128 factum
2602 2083 2711 2140 est,
2761 2075 2844 2127 vel
2873 2073 3246 2139 homicidium,
3274 2072 3363 2125 vel
3413 2070 3626 2125 adulte-

2036 2167 2197 2230 rium,
2233 2168 2315 2218 vel
2361 2164 2725 2233 sacrilegium,
2775 2163 2862 2217 vel
2903 2162 3180 2233 quodlibet
3222 2162 3364 2215 aliud
3411 2163 3616 2224 scelus,

2035 2270 2139 2312 non
2163 2256 2419 2325 temporis
2444 2255 2798 2325 longitudine,
2825 2256 2917 2308 sed
2937 2254 3228 2322 impietatis
3250 2263 3302 2305 et
3322 2252 3625 2322 iniquitatis

2036 2347 2404 2416 magnitudine
2438 2346 2792 2400 moliendum.
2815 2344 2917 2413 Qui
2945 2359 3077 2398 vero
3103 2354 3199 2414 pro
3228 2345 3408 2412 aliquo
3435 2343 3624 2410 grandi

2035 2439 2268 2494 crimine
2298 2445 2469 2492 morte
2499 2439 2808 2503 mulctatur,
2841 2437 3081 2506 nunquid
3124 2450 3270 2491 mora
3297 2447 3404 2504 qua
3431 2435 3630 2490 occidi.

2036 2541 2140 2597 tur,
2171 2544 2293 2600 quin
2320 2528 2590 2598 perbrevis
2620 2537 2722 2592 est,
2753 2528 2874 2596 ejus
2902 2528 3232 2595 supplicium
3277 2528 3422 2592 leges
3473 2528 3628 2581 testi-

2037 2630 2185 2675 mant
2215 2621 2381 2692 [leges
2407 2621 2568 2674 breve
2615 2616 2969 2688 existimant],
2996 2626 3052 2672 et
3097 2632 3202 2670 non
3235 2619 3375 2686 quod
3407 2627 3528 2670 eo-u
3562 2618 3623 2668 in

2037 2715 2428 2780 sempiternum
2461 2710 2712 2762 auferunt
2737 2708 2804 2762 de
2832 2710 3090 2762 societate
3115 2707 3434 2761 viventium.
3465 2704 3628 2772 Quod

2037 2813 2119 2859 est
2141 2814 2321 2857 autem
2350 2803 2418 2856 de
2442 2804 2539 2856 ista
2567 2801 2799 2856 Civitate
2823 2799 3036 2854 mortali
3065 2800 3313 2854 homines
3355 2801 3626 2867 supplicio

2038 2898 2223 2963 primm
2269 2893 2481 2958 mortis,
2516 2894 2618 2946 hoc
2665 2901 2770 2951 est.
2800 2891 2869 2946 de
2916 2891 3005 2945 illa
3049 2890 3282 2945 Civitate
3326 2890 3622 2945 immortali

2038 2988 2286 3042 homines
2335 2985 2601 3055 supplicio
2649 2983 2899 3039 secundm
2947 2983 3136 3036 mortis
3179 2981 3410 3036 auferre.
3471 2981 3629 3037 Sicut

2035 3080 2178 3136 enim
2219 3092 2325 3133 non
2359 3077 2608 3132 efﬁciunt
2644 3076 2788 3146 leges
2833 3075 2995 3143 hujus
3015 3073 3285 3138 Civitatis,
3316 3085 3368 3128 ul
3413 3075 3468 3128 in
3501 3090 3634 3130 eam

359 3169 463 3223 dici
483 3170 674 3238 possit,
702 3169 791 3223 \‘is
815 3169 917 3228 ista
940 3169 1201 3223 naut-alis
1221 3179 1326 3235 est,
1351 3169 1428 3223 rei
1450 3169 1606 3238 hujus
1629 3172 1726 3223 ista
1754 3181 1941 3226 natura
1971 3177 2014 3236 ο
2049 3171 2273 3240 quisque
2298 3179 2582 3225 revocetur
2613 3168 2853 3233 occisus;
2886 3168 2963 3222 sic
3002 3182 3101 3222 nec
3128 3167 3272 3221 illius
3309 3166 3457 3235 leges
3484 3168 3635 3221 Cir:—

361 3270 464 3324 est,
497 3263 748 3330 quoniam
777 3263 977 3316 scimus
1008 3263 1252 3316 humana:
1283 3263 1462 3317 carnis
1497 3263 1652 3316 istam
1685 3277 1792 3317 non
1822 3279 1944 3318 esse

362 3363 652 3407 naturam:
686 3355 944 3409 habemus
987 3355 1199 3424 quidem
1246 3354 1371 3424 quid
1415 3355 1839 3422 respondeamus
1875 3355 1942 3407 de

363 3445 554 3498 litteris
586 3444 772 3510 sacris,
817 3447 954 3498 hanc
976 3445 1146 3512 ipsam
1165 3444 1381 3499 scilicet
1406 3444 1692 3497 humanam
1717 3457 1938 3496 caruerit

366 3533 522 3588 aliter
551 3533 848 3588 institutam
869 3534 1029 3588 fuisse
1052 3545 1178 3589 ante
1202 3543 1501 3604 peccatum,
1536 3533 1588 3587 id
1615 3543 1699 3588 est
1724 3541 1786 3586 ut
1807 3548 1942 3586 nun-

365 3638 521 3692 quam
545 3634 727 3692 posset
757 3625 964 3694 perpeti
992 3635 1258 3690 mortem;
1286 3625 1443 3678 aliter
1468 3634 1648 3677 autem
1680 3633 1799 3692 post
1823 3638 1946 3688 pec-

369 3725 544 3771 catum
567 3716 740 3783 qualis
769 3715 823 3769 in
850 3730 1088 3770 aerumna
1122 3715 1277 3784 hujus
1308 3713 1653 3770 mortalitatis
1683 3715 1939 3778 innotu't,

374 3814 432 3859 ut
453 3815 725 3874 perpetem
749 3809 910 3860 vitam
941 3816 1125 3860 tenere
1151 3820 1258 3862 non
1288 3805 1478 3874 possit.
1519 3804 1608 3861 Sic
1635 3819 1766 3874 ergo
1793 3806 1948 3860 aliter

371 3912 529 3965 quam
557 3897 710 3951 nobis
730 3911 856 3952 nota
878 3905 960 3951 est
979 3898 1286 3952 instituetur
1305 3896 1359 3950 in
1384 3896 1782 3952 resurrectione
1804 3911 1948 3951 mor-

373 3997 605 4042 tuorum.

921 4055 1149 4114 CAPUT
1185 4055 1389 4113 CXLV.

369 4170 448 4224 An
463 4170 682 4241 justitiw
714 4171 802 4234 sit,
837 4179 896 4223 ut
925 4187 1026 4224 non
1068 4171 1167 4224 sint
1195 4170 1482 4224 ea-tensiom
1532 4185 1795 4232 partarum
1823 4179 1948 4222 tent-

698 4257 848 4309 pora,
883 4257 1036 4309 quam
1069 4241 1258 4310 fuerint
1285 4251 1624 4310 peccatorum.

440 4332 532 4388 Sic
556 4341 733 4386 autem
770 4332 984 4399 quidam
1014 4347 1199 4386 eorum
1226 4343 1408 4386 contra
1443 4345 1581 4399 quos
1610 4331 1949 4385 defendimus

368 4425 652 4478 Civitatem
681 4423 775 4477 Dei
805 4421 1060 4492 injustum
1089 4431 1302 4492 putant,
1332 4439 1428 4492 pro
1457 4425 1692 4490 peccatis
1721 4425 1947 4492 quamli-

2045 3262 2174 3315 tatis
2221 3259 2534 3319 admittunt.
2581 3267 2638 3312 ut
2668 3257 2735 3312 ad
2782 3257 2900 3327 ejus
2924 3256 3046 3324 quis
3071 3256 3208 3310 uim
3239 3255 3630 3311 beatitudinem

2047 3362 2330 3406 revocetur
2356 3360 2614 3404 arti-ruam
2664 3349 2897 3403 secunda
2946 3358 3117 3403 morte
3144 3349 3445 3406 damnatus.
3478 3351 3628 3414 Quo-

2048 3442 2206 3494 modo
2233 3455 2364 3508 ergo
2405 3455 2590 3496 verum
2642 3449 2746 3507 est,
2800 3439 3063 3507 inquiunt,
3096 3440 3236 3508 quod
3279 3441 3357 3493 nit
3384 3438 3638 3494 Christus

2058 3541 2235 3586 vester
2260 3550 2273 3584 :
2309 3531 2364 3584 in
2394 3547 2495 3600 qua
2526 3546 2786 3586 mensura
2813 3531 2984 3584 ηιαιεὶ
3015 3529 3220 3585 fueritis
3245 3531 3358 3600 π
3381 3531 3638 3585 remetie-

2048 3629 2136 3674 tur
2161 3620 2334 3685 vobis,
2369 3622 2415 3674 si
2461 3619 2759 3688 temporale
2803 3627 3078 3686 peccatum
3108 3617 3376 3688 supplicio
3421 3620 3642 3689 punitor

2045 3721 2250 3765 aeterno
2274 3712 2296 3765 τ
2322 3727 2420 3766 nec
2443 3711 2745 3776 attendunt,
2774 3726 2878 3765 non
2903 3723 3121 3780 propter
3147 3713 3352 3780 aquale
3380 3716 3642 3778 temporis

2049 3803 2303 3872 spatium,
2335 3802 2429 3856 sed
2460 3813 2679 3872 propter
2706 3803 3130 3856 vicissitudinem
3184 3803 3342 3866 mali,
3377 3803 3428 3857 id
3469 3815 3552 3859 est
3578 3817 3640 3860 ut

2049 3894 2138 3961 qui
2183 3895 2319 3947 mala
2368 3893 2591 3958 fecerit,
2651 3893 2788 3947 mala
2843 3893 3096 3960 potiatur,
3141 3893 3390 3948 eamdem
3438 3894 3639 3950 dictam

2049 3984 2218 4042 fuisse
2254 4000 2584 4053 mensuram,
2633 3985 2875 4056 quamvis
2925 3985 3026 4039 hoc
3077 3985 3130 4038 in
3199 3999 3262 4038 ea
3313 3999 3374 4040 re
3422 3986 3641 4054 proprie

2049 4077 2217 4145 possit
2243 4079 2435 4146 accipi.
2473 4077 2543 4132 de
2569 4090 2675 4146 qua
2708 4076 2988 4140 Dominus,
3020 4087 3142 4129 cum
3175 4075 3276 4130 hoc
3297 4076 3522 4137 diceret.
3557 4078 3642 4130 ln-

2045 4169 2336 4237 qoebator,
2380 4169 2435 4222 id
2483 4176 2570 4222 est
2611 4168 2678 4222 de
2709 4167 2930 4236 judiciis
2972 4177 3031 4220 et
3082 4167 3642 4222 coudemnationibus.

2049 4259 2287 4313 Proinde
2309 4259 2402 4328 qui
2424 4257 2629 4327 judicat
2657 4268 2713 4312 et
2739 4258 3065 4311 condemnat
3089 4259 3307 4324 injuste,
3349 4260 3392 4311 si
3433 4259 3645 4325 judica-

2055 4361 2139 4404 tur
2159 4361 2216 4405 et
2247 4350 2640 4405 condemnatur
2662 4349 2828 4418 juSte,
2852 4349 2903 4400 io
2928 4348 3119 4402 eadem
3153 4364 3399 4401 mensura
3426 4349 3641 4419 recipit,

2049 4443 2295 4509 quamvis
2322 4455 2426 4492 nou
2459 4441 2560 4492 hoc
2589 4439 2730 4508 quod
2768 4438 2919 4491 detit
2946 4439 3183 4507 :judieio
3207 4439 3350 4493 enim
3383 4439 3528 4505 fecit,
3554 4439 3644 4507 ju-

369 4517 462 4570 be‘
515 4515 726 4586 ¹Ῑ¹³Β¹¹ί⁸
784 4530 950 4583 Parvo
1013 4516 1223 4569 δοίιῖεει
1277 4525 1527 4582 te"illi"e
1579 4519 1899 4586 perpetratis
1925 4522 2022 4586 .‘b
2047 4532 2190 4586 dicio
2216 4532 2434 4599 patitur,
2461 4532 2711 4598 quantvis
2738 4528 2932 4583 fecerit
2963 4531 3313 4584 damnatione
3344 4531 3489 4599 quod
3537 4532 3646 4588 iui-

371 4623 528 4674 pcena
579 4609 858 4678 quisquam
907 4609 1188 4662 damnetur
1235 4619 1458 4674 :eterna,
1499 4611 1649 4678 quasi
1682 4611 1846 4665 ullius
1895 4611 1945 4666 id

371 4712 604 4768 unquam
627 4699 830 4766 justitia
860 4699 992 4769 legis
1019 4699 1278 4766 :tttendat,
1307 4709 1362 4754 ut
1384 4711 1530 4755 tanta
1563 4715 1712 4755 mora
1741 4712 1948 4771 tempo-

369 4791 448 4843 ris
485 4789 714 4858 quisque
759 4791 1029 4859 puniatur,
1080 4803 1279 4861 quanta
1309 4809 1458 4846 mora
1512 4794 1768 4858 temporis
1807 4795 1949 4849 unde

370 4880 652 4950 puniretur
687 4882 923 4936 admisit.
951 4883 1086 4937 Octo
1110 4899 1306 4953 genera
1333 4899 1610 4953 pinnarum
1653 4886 1704 4936 in
1745 4884 1950 4953 legibus

370 4986 492 5027 esse
536 4971 722 5026 scribit
747 4972 973 5038 Tullius,
1006 4977 1284 5040 damnum,
1313 4975 1546 5040 vincula,
1577 4976 1826 5041 verbera,
1865 4987 1948 5028 ta-

372 5065 595 5128 lionem,
625 5063 996 5132 ignominiam,
1025 5067 1297 5132 exsilium,
1324 5078 1575 5132 mortem,
1609 5068 1944 5122 servitutem.

371 5158 507 5223 Quid
535 5156 725 5210 horum
757 5166 861 5222 est,
889 5157 1030 5224 quod
1061 5158 1113 5210 in
1145 5158 1306 5213 breve
1329 5169 1538 5227 tetnpus
1573 5173 1668 5228 pro
1689 5159 1952 5227 cujusque

370 5248 575 5319 peccati
601 5247 878 5302 celeritate
902 5257 1228 5313 coarctetur,
1263 5260 1317 5302 ut
1342 5259 1484 5303 tanta
1506 5252 1806 5306 vindicetur
1832 5268 1949 5304 mo-

371 5342 517 5406 rula,
553 5348 748 5406 quanta
792 5337 1214 5408 deprehendtur
1237 5349 1600 5408 perpetratum
1623 5382 1638 5406 ,
1687 5345 1786 5396 nisi
1817 5344 1952 5397 forte

377 5433 537 5487 talio?
567 5433 620 5486 ltl
642 5434 785 5487 enim
817 5434 945 5501 agit,
980 5441 1038 5486 ut
1071 5434 1170 5488 hoc
1199 5435 1429 5502 patiatur
1455 5437 1682 5505 quisque
1706 5440 1846 5506 quod
1875 5439 1953 5492 ευ-

378 5532 470 5583 cit.
500 5527 653 5584 Unde
677 5527 805 5582 illud
837 5540 920 5582 est
951 5528 1102 5597 legis,
1134 5529 1359 5584 Oculum
1392 5545 1485 5599 pro
1529 5531 1708 5596 oculo,
1737 5534 1950 5586 dentem

378 5633 476 5686 pro
506 5621 684 5673 dente.
717 5620 858 5674 Fieri
899 5623 1044 5675 enim
1074 5632 1251 5692 potest
1299 5631 1354 5675 ιιι
1386 5635 1491 5675 tam
1534 5623 1682 5675 brevi
1715 5632 1956 5689 tempore

378 5710 604 5772 quisque
635 5711 848 5766 amittat
884 5714 1100 5767 oculum
1148 5717 1436 5769 severitate
1476 5714 1746 5780 vindictae,
1795 5731 1952 5783 qtlatn

379 5796 499 5851 tulit
546 5799 657 5866 ipse
703 5801 855 5856 alteri
899 5804 1240 5873 improbitate
1290 5808 1514 5876 peccati.
1566 5806 1730 5863 Porro
1777 5819 1952 5864 autem

2049 4633 2347 4694 quuruest,
2379 4625 2612 4693 patiatur
2635 4623 2978 4676 damnatione
3009 4622 3148 4690 quod
3177 4623 3382 4690 justum
3411 4635 3516 4678 est.

2614 4731 2846 4787 CAPUT
2875 4731 3098 4786 CXLVI.

2058 4823 2134 4878 De
2149 4825 2496 4895 magnitudine
2521 4822 2948 4895 prn‘rnrt'l'mionis
2983 4823 3181 4890 primit,
3202 4823 3264 4875 ob
3288 4833 3649 4890 quatntrterna

2131 4894 2276 4961 pana
2315 4896 2547 4949 omnibus
2587 4894 2827 4946 debeatur
2849 4935 2862 4951 .
2887 4895 2976 4959 qui
3007 4903 3154 4946 extra
3184 4896 3406 4962 gratiam
3444 4895 3645 4962 fuerint

2131 4968 2436 5030 Saluatoris,
2459 4982 2522 5019 ea:
2547 4965 2679 5017 libro
2704 4979 2788 5018 xxi
2819 4964 2882 5016 de
2904 4962 3115 5017 Civitale
3142 4963 3256 5017 Dei.

2125 5079 2230 5132 Sid
2261 5093 2415 5143 ιιωιιιι
2445 5088 2643 5132 aeternio
2670 5075 2792 5130 ideo
2817 5076 2950 5129 dura
2978 5086 3030 5129 et
3070 5074 3265 5145 injust:
3289 5076 3537 5130 sensibus
3566 5077 3650 5131 vi-

2051 5169 2209 5223 detur
2237 5168 2503 5232 immanis,
2542 5165 2666 5236 quia
2719 5165 2772 5218 iu
2803 5164 2907 5218 hac
2955 5165 3266 5220 infirmitate
3309 5166 3654 5221 moribundo-

2057 5276 2172 5312 rtun
2215 5274 2466 5312 sensuum
2498 5259 2650 5311 deest
2680 5256 2772 5309 ille
2805 5269 2996 5310 sensus
3025 5256 3298 5310 altissima:
3329 5259 3660 5324 potissimm-

2057 5366 2160 5417 que
2188 5351 2486 5414 sapienter,
2532 5361 2636 5415 quo
2665 5344 2855 5400 sentiri
2887 5347 3074 5413 possit,
3106 5357 3361 5413 (plantam
3397 5350 3548 5404 nefas
3602 5353 3653 5403 in

2066 5442 2149 5494 itla
2197 5443 2372 5508 prima
2417 5442 2860 5509 praevaricatione
2915 5441 3259 5493 ammissum
3303 5442 3392 5494 sit.
3441 5445 3658 5508 Quanto

2059 5533 2201 5586 enim
2222 5535 2386 5601 magis
2422 5534 2582 5586 homo
2621 5534 2888 5596 fruebatur
2913 5533 3042 5590 Deo.
3076 5544 3221 5586 tanto
3244 5533 3444 5603 majore
3472 5537 3659 5604 impie-

2064 5633 2170 5678 tate
2216 5623 2507 5690 dereliquit
2557 5625 2742 5689 Deum,
2795 5633 2849 5678 et
2910 5623 3080 5678 factus
3133 5634 3219 5678 est
3268 5628 3410 5681 maio
3464 5628 3659 5697 dignus

2063 5725 2285 5781 interno,
2310 5716 2396 5784 qui
2429 5715 2526 5770 hoc
2553 5716 2603 5768 in
2638 5731 2697 5770 se
2727 5716 2949 5784 peremit
2983 5715 3180 5770 bonum
3207 5717 3348 5785 quin]
3383 5731 3505 5771 esse
3527 5733 3660 5787 pos-

2065 5817 2147 5863 set
2200 5818 2483 5864 mtctnutn.
2543 5809 2674 5865 llinc
2728 5819 2805 5865 cst
2859 5808 3106 5864 universa
3161 5810 3370 5878 gcuciis
3431 5809 3653 5866 immani
