  <div class='ocr_page' id='page_1' title='image "/cluster/home/n/w/nwhite01/storage/ocr_20150623/62/hvd.32044054758693/400.png"; bbox 0 0 3974 6184; ppageno 0'>
   <div class='ocr_carea' id='block_1_1' title="bbox 261 436 355 491">
    <p class='ocr_par' dir='ltr' id='par_1_1' title="bbox 261 436 355 491">
     <span class='ocr_line' id='line_1_1' title="bbox 261 436 355 491; baseline -0.011 0"><span class='ocrx_word' id='word_1_1' title='bbox 261 436 355 491; x_wconf 78' lang='lat'><strong>739</strong></span> 
     </span>
    </p>
   </div>
   <div class='ocr_carea' id='block_1_2' title="bbox 1425 447 2334 512">
    <p class='ocr_par' dir='ltr' id='par_1_2' title="bbox 1425 447 2334 512">
     <span class='ocr_line' id='line_1_2' title="bbox 1425 447 2334 512; baseline 0.012 -13"><span class='ocrx_word' id='word_1_2' title='bbox 1425 447 1864 505; x_wconf 76' lang='lat' dir='ltr'><strong>TIIESAURUS.</strong></span> <span class='ocrx_word' id='word_1_3' title='bbox 1909 452 1988 505; x_wconf 76' lang='lat' dir='ltr'><strong>CA</strong></span> <span class='ocrx_word' id='word_1_4' title='bbox 2003 452 2061 506; x_wconf 71' lang='lat' dir='ltr'><strong>l’.</strong></span> <span class='ocrx_word' id='word_1_5' title='bbox 2104 454 2334 512; x_wconf 68' lang='lat' dir='ltr'><strong>CXLIX.</strong></span> 
     </span>
    </p>
   </div>
   <div class='ocr_carea' id='block_1_3' title="bbox 3408 478 3510 533">
    <p class='ocr_par' dir='ltr' id='par_1_3' title="bbox 3408 478 3510 533">
     <span class='ocr_line' id='line_1_3' title="bbox 3408 478 3510 533; baseline 0.059 -5"><span class='ocrx_word' id='word_1_6' title='bbox 3408 478 3510 533; x_wconf 72' lang='grc' dir='ltr'><strong>Ἱειο</strong></span> 
     </span>
    </p>
   </div>
   <div class='ocr_carea' id='block_1_4' title="bbox 258 551 3509 654">
    <p class='ocr_par' dir='ltr' id='par_1_4' title="bbox 258 551 3509 654">
     <span class='ocr_line' id='line_1_4' title="bbox 258 551 3509 654; baseline 0.013 -53"><span class='ocrx_word' id='word_1_7' title='bbox 258 564 421 604; x_wconf 80' lang='lat' dir='ltr'><strong>massa</strong></span> <span class='ocrx_word' id='word_1_8' title='bbox 459 551 730 619; x_wconf 76' lang='lat' dir='ltr'><strong>dammta,</strong></span> <span class='ocrx_word' id='word_1_9' title='bbox 764 558 1011 624; x_wconf 90' lang='lat' dir='ltr'><strong>quoniam</strong></span> <span class='ocrx_word' id='word_1_10' title='bbox 1037 560 1122 628; x_wconf 85' lang='lat' dir='ltr'><strong>qui</strong></span> <span class='ocrx_word' id='word_1_11' title='bbox 1149 560 1246 614; x_wconf 92' lang='lat' dir='ltr'><strong>hoc</strong></span> <span class='ocrx_word' id='word_1_12' title='bbox 1269 561 1468 629; x_wconf 85' lang='lat' dir='ltr'><strong>primus</strong></span> <span class='ocrx_word' id='word_1_13' title='bbox 1489 562 1683 628; x_wconf 87' lang='lat' dir='ltr'><strong>amisit,</strong></span> <span class='ocrx_word' id='word_1_14' title='bbox 1703 579 1822 618; x_wconf 89' lang='lat' dir='ltr'><strong>cum</strong></span> <span class='ocrx_word' id='word_1_15' title='bbox 1856 565 1900 621; x_wconf 79' lang='grc' dir='ltr'><strong>Λ</strong></span> <span class='ocrx_word' id='word_1_16' title='bbox 1933 564 2270 635; x_wconf 89' lang='lat' dir='ltr'><strong>improbitate</strong></span> <span class='ocrx_word' id='word_1_17' title='bbox 2305 572 2384 624; x_wconf 92' lang='lat' dir='ltr'><strong>vel</strong></span> <span class='ocrx_word' id='word_1_18' title='bbox 2410 587 2592 629; x_wconf 89' lang='lat' dir='ltr'><strong>errore</strong></span> <span class='ocrx_word' id='word_1_19' title='bbox 2615 576 2859 645; x_wconf 89' lang='lat' dir='ltr'><strong>patiatur,</strong></span> <span class='ocrx_word' id='word_1_20' title='bbox 2891 594 3072 646; x_wconf 90' lang='lat' dir='ltr'><strong>peccat</strong></span> <span class='ocrx_word' id='word_1_21' title='bbox 3093 585 3302 654; x_wconf 82' lang='lat' dir='ltr'><strong>quidem</strong></span> <span class='ocrx_word' id='word_1_22' title='bbox 3351 588 3509 646; x_wconf 88' lang='lat' dir='ltr'><strong>homo</strong></span> 
     </span>
    </p>
   </div>
   <div class='ocr_carea' id='block_1_5' title="bbox 257 644 1825 723">
    <p class='ocr_par' dir='ltr' id='par_1_5' title="bbox 257 644 1825 723">
     <span class='ocr_line' id='line_1_5' title="bbox 257 644 1825 723; baseline 0.012 -31"><span class='ocrx_word' id='word_1_23' title='bbox 257 656 312 693; x_wconf 86' lang='lat' dir='ltr'><strong>ea</strong></span> <span class='ocrx_word' id='word_1_24' title='bbox 337 658 454 710; x_wconf 78' lang='lat' dir='ltr'><strong>qua:</strong></span> <span class='ocrx_word' id='word_1_25' title='bbox 481 644 534 696; x_wconf 91' lang='lat' dir='ltr'><strong>in</strong></span> <span class='ocrx_word' id='word_1_26' title='bbox 562 646 652 698; x_wconf 90' lang='lat' dir='ltr'><strong>illo</strong></span> <span class='ocrx_word' id='word_1_27' title='bbox 677 646 843 701; x_wconf 84' lang='lat' dir='ltr'><strong>fuerat</strong></span> <span class='ocrx_word' id='word_1_28' title='bbox 878 650 1106 705; x_wconf 88' lang='lat' dir='ltr'><strong>radicata</strong></span> <span class='ocrx_word' id='word_1_29' title='bbox 1147 669 1241 708; x_wconf 87' lang='lat' dir='ltr'><strong>sua</strong></span> <span class='ocrx_word' id='word_1_30' title='bbox 1280 655 1447 723; x_wconf 89' lang='lat' dir='ltr'><strong>stirpe</strong></span> <span class='ocrx_word' id='word_1_31' title='bbox 1487 658 1699 723; x_wconf 87' lang='lat' dir='ltr'><strong>punitus</strong></span> <span class='ocrx_word' id='word_1_32' title='bbox 1723 667 1825 722; x_wconf 90' lang='lat' dir='ltr'><strong>est,</strong></span> 
     </span>
    </p>
   </div>
   <div class='ocr_carea' id='block_1_6' title="bbox 255 736 1828 817">
    <p class='ocr_par' dir='ltr' id='par_1_6' title="bbox 255 736 1828 817">
     <span class='ocr_line' id='line_1_6' title="bbox 255 736 1828 817; baseline 0.012 -30"><span class='ocrx_word' id='word_1_33' title='bbox 255 745 303 787; x_wconf 91' lang='lat' dir='ltr'><strong>ut</strong></span> <span class='ocrx_word' id='word_1_34' title='bbox 332 736 508 790; x_wconf 85' lang='lat' dir='ltr'><strong>nullus</strong></span> <span class='ocrx_word' id='word_1_35' title='bbox 536 739 603 789; x_wconf 86' lang='lat' dir='ltr'><strong>ab</strong></span> <span class='ocrx_word' id='word_1_36' title='bbox 631 740 731 794; x_wconf 86' lang='lat' dir='ltr'><strong>hoc</strong></span> <span class='ocrx_word' id='word_1_37' title='bbox 755 741 897 808; x_wconf 91' lang='lat' dir='ltr'><strong>justo</strong></span> <span class='ocrx_word' id='word_1_38' title='bbox 925 744 1208 814; x_wconf 71' lang='lat' dir='ltr'><strong>debitaque</strong></span> <span class='ocrx_word' id='word_1_39' title='bbox 1235 748 1630 817; x_wconf 62' lang='lat' dir='ltr'><strong>suppliciomisi</strong></span> <span class='ocrx_word' id='word_1_40' title='bbox 1665 751 1828 805; x_wconf 59' lang='lat' dir='ltr'><strong>mise-</strong></span> 
     </span>
    </p>
   </div>
   <div class='ocr_carea' id='block_1_7' title="bbox 251 823 1822 907">
    <p class='ocr_par' dir='ltr' id='par_1_7' title="bbox 251 823 1822 907">
     <span class='ocr_line' id='line_1_7' title="bbox 251 823 1822 907; baseline 0.015 -36"><span class='ocrx_word' id='word_1_41' title='bbox 251 823 470 876; x_wconf 90' lang='lat' dir='ltr'><strong>ricordia</strong></span> <span class='ocrx_word' id='word_1_42' title='bbox 492 835 548 880; x_wconf 90' lang='lat' dir='ltr'><strong>ct</strong></span> <span class='ocrx_word' id='word_1_43' title='bbox 574 827 809 882; x_wconf 82' lang='lat' dir='ltr'><strong>indebita</strong></span> <span class='ocrx_word' id='word_1_44' title='bbox 835 833 998 898; x_wconf 83' lang='lat' dir='ltr'><strong>gratia</strong></span> <span class='ocrx_word' id='word_1_45' title='bbox 1025 833 1299 902; x_wconf 86' lang='lat' dir='ltr'><strong>liberetur,</strong></span> <span class='ocrx_word' id='word_1_46' title='bbox 1325 847 1484 905; x_wconf 86' lang='lat' dir='ltr'><strong>atque</strong></span> <span class='ocrx_word' id='word_1_47' title='bbox 1513 839 1580 891; x_wconf 90' lang='lat' dir='ltr'><strong>ita</strong></span> <span class='ocrx_word' id='word_1_48' title='bbox 1618 839 1822 907; x_wconf 72' lang='lat' dir='ltr'><strong>disper-</strong></span> 
     </span>
    </p>
   </div>
   <div class='ocr_carea' id='block_1_8' title="bbox 250 915 1828 996">
    <p class='ocr_par' dir='ltr' id='par_1_8' title="bbox 250 915 1828 996">
     <span class='ocr_line' id='line_1_8' title="bbox 250 915 1828 996; baseline 0.013 -31"><span class='ocrx_word' id='word_1_49' title='bbox 250 915 404 967; x_wconf 86' lang='lat' dir='ltr'><strong>tiatur</strong></span> <span class='ocrx_word' id='word_1_50' title='bbox 429 933 596 984; x_wconf 87' lang='lat' dir='ltr'><strong>genus</strong></span> <span class='ocrx_word' id='word_1_51' title='bbox 628 920 938 989; x_wconf 87' lang='lat' dir='ltr'><strong>humanum,</strong></span> <span class='ocrx_word' id='word_1_52' title='bbox 968 925 1098 980; x_wconf 92' lang='lat' dir='ltr'><strong>utin</strong></span> <span class='ocrx_word' id='word_1_53' title='bbox 1138 929 1451 996; x_wconf 89' lang='lat' dir='ltr'><strong>quibusdam</strong></span> <span class='ocrx_word' id='word_1_54' title='bbox 1493 930 1828 984; x_wconf 90' lang='lat' dir='ltr'><strong>demonstre-</strong></span> 
     </span>
    </p>
   </div>
   <div class='ocr_carea' id='block_1_9' title="bbox 248 1005 1826 1088">
    <p class='ocr_par' dir='ltr' id='par_1_9' title="bbox 248 1005 1826 1088">
     <span class='ocr_line' id='line_1_9' title="bbox 248 1005 1826 1088; baseline 0.015 -38"><span class='ocrx_word' id='word_1_55' title='bbox 248 1013 324 1053; x_wconf 91' lang='lat' dir='ltr'><strong>tur</strong></span> <span class='ocrx_word' id='word_1_56' title='bbox 353 1005 478 1072; x_wconf 87' lang='lat' dir='ltr'><strong>quid</strong></span> <span class='ocrx_word' id='word_1_57' title='bbox 527 1009 697 1062; x_wconf 74' lang='lat' dir='ltr'><strong>valeat</strong></span> <span class='ocrx_word' id='word_1_58' title='bbox 753 1013 1053 1066; x_wconf 82' lang='lat' dir='ltr'><strong>misericors</strong></span> <span class='ocrx_word' id='word_1_59' title='bbox 1110 1021 1299 1085; x_wconf 86' lang='lat' dir='ltr'><strong>gratia,</strong></span> <span class='ocrx_word' id='word_1_60' title='bbox 1354 1019 1404 1072; x_wconf 92' lang='lat' dir='ltr'><strong>iu</strong></span> <span class='ocrx_word' id='word_1_61' title='bbox 1445 1021 1655 1074; x_wconf 69' lang='lat' dir='ltr'><strong>caeteris</strong></span> <span class='ocrx_word' id='word_1_62' title='bbox 1703 1021 1826 1088; x_wconf 92' lang='lat' dir='ltr'><strong>quid</strong></span> 
     </span>
    </p>
   </div>
   <div class='ocr_carea' id='block_1_10' title="bbox 242 1093 1829 1180">
    <p class='ocr_par' dir='ltr' id='par_1_10' title="bbox 242 1093 1829 1180">
     <span class='ocr_line' id='line_1_10' title="bbox 242 1093 1829 1180; baseline 0.013 -34"><span class='ocrx_word' id='word_1_63' title='bbox 242 1093 373 1161; x_wconf 78' lang='lat' dir='ltr'><strong>juSta</strong></span> <span class='ocrx_word' id='word_1_64' title='bbox 407 1099 656 1154; x_wconf 84' lang='lat' dir='ltr'><strong>vindicta.</strong></span> <span class='ocrx_word' id='word_1_65' title='bbox 687 1103 865 1174; x_wconf 82' lang='lat' dir='ltr'><strong>Neque</strong></span> <span class='ocrx_word' id='word_1_66' title='bbox 892 1107 1032 1160; x_wconf 90' lang='lat' dir='ltr'><strong>enim</strong></span> <span class='ocrx_word' id='word_1_67' title='bbox 1067 1119 1344 1180; x_wconf 87' lang='lat' dir='ltr'><strong>utrumque</strong></span> <span class='ocrx_word' id='word_1_68' title='bbox 1369 1113 1829 1167; x_wconf 73' lang='lat' dir='ltr'><strong>demtmstraretur</strong></span> 
     </span>
    </p>
   </div>
   <div class='ocr_carea' id='block_1_11' title="bbox 248 1188 1828 1275">
    <p class='ocr_par' dir='ltr' id='par_1_11' title="bbox 248 1188 1828 1275">
     <span class='ocr_line' id='line_1_11' title="bbox 248 1188 1828 1275; baseline 0.015 -39"><span class='ocrx_word' id='word_1_69' title='bbox 248 1188 291 1236; x_wconf 87' lang='lat' dir='ltr'><strong>in</strong></span> <span class='ocrx_word' id='word_1_70' title='bbox 335 1190 605 1258; x_wconf 86' lang='lat' dir='ltr'><strong>omnibus,</strong></span> <span class='ocrx_word' id='word_1_71' title='bbox 657 1199 777 1262; x_wconf 91' lang='lat' dir='ltr'><strong>quia</strong></span> <span class='ocrx_word' id='word_1_72' title='bbox 835 1197 878 1252; x_wconf 86' lang='lat' dir='ltr'><strong>si</strong></span> <span class='ocrx_word' id='word_1_73' title='bbox 926 1217 1110 1254; x_wconf 81' lang='lat' dir='ltr'><strong>tmmes</strong></span> <span class='ocrx_word' id='word_1_74' title='bbox 1155 1217 1494 1258; x_wconf 81' lang='lat' dir='ltr'><strong>remanerent</strong></span> <span class='ocrx_word' id='word_1_75' title='bbox 1553 1209 1600 1258; x_wconf 93' lang='lat' dir='ltr'><strong>in</strong></span> <span class='ocrx_word' id='word_1_76' title='bbox 1656 1207 1828 1275; x_wconf 67' lang='lat' dir='ltr'><strong>[)tRIIIS</strong></span> 
     </span>
    </p>
   </div>
   <div class='ocr_carea' id='block_1_12' title="bbox 243 1274 1828 1363">
    <p class='ocr_par' dir='ltr' id='par_1_12' title="bbox 243 1274 1828 1363">
     <span class='ocr_line' id='line_1_12' title="bbox 243 1274 1828 1363; baseline 0.018 -40"><span class='ocrx_word' id='word_1_77' title='bbox 243 1274 388 1339; x_wconf 79' lang='lat' dir='ltr'><strong>justa:</strong></span> <span class='ocrx_word' id='word_1_78' title='bbox 443 1279 821 1351; x_wconf 76' lang='lat' dir='ltr'><strong>damnationis,</strong></span> <span class='ocrx_word' id='word_1_79' title='bbox 875 1287 928 1342; x_wconf 89' lang='lat' dir='ltr'><strong>in</strong></span> <span class='ocrx_word' id='word_1_80' title='bbox 983 1291 1129 1344; x_wconf 90' lang='lat' dir='ltr'><strong>nullo</strong></span> <span class='ocrx_word' id='word_1_81' title='bbox 1183 1304 1466 1363; x_wconf 67' lang='lat' dir='ltr'><strong>appareret</strong></span> <span class='ocrx_word' id='word_1_82' title='bbox 1524 1297 1828 1350; x_wconf 76' lang='lat' dir='ltr'><strong>misericors</strong></span> 
     </span>
    </p>
   </div>
   <div class='ocr_carea' id='block_1_13' title="bbox 252 1372 1826 1442">
    <p class='ocr_par' dir='ltr' id='par_1_13' title="bbox 252 1372 1826 1442">
     <span class='ocr_line' id='line_1_13' title="bbox 252 1372 1826 1442; baseline 0.017 -26"><span class='ocrx_word' id='word_1_83' title='bbox 252 1372 416 1433; x_wconf 72' lang='lat' dir='ltr'><strong>gratia</strong></span> <span class='ocrx_word' id='word_1_84' title='bbox 451 1375 779 1432; x_wconf 84' lang='lat' dir='ltr'><strong>redimentis.</strong></span> <span class='ocrx_word' id='word_1_85' title='bbox 817 1379 1020 1436; x_wconf 76' lang='lat' dir='ltr'><strong>Ilursus</strong></span> <span class='ocrx_word' id='word_1_86' title='bbox 1049 1386 1092 1438; x_wconf 89' lang='lat' dir='ltr'><strong>si</strong></span> <span class='ocrx_word' id='word_1_87' title='bbox 1125 1402 1310 1442; x_wconf 88' lang='lat' dir='ltr'><strong>omnes</strong></span> <span class='ocrx_word' id='word_1_88' title='bbox 1330 1405 1356 1439; x_wconf 90' lang='lat' dir='ltr'><strong>a</strong></span> <span class='ocrx_word' id='word_1_89' title='bbox 1383 1389 1619 1442; x_wconf 83' lang='lat' dir='ltr'><strong>tenebris</strong></span> <span class='ocrx_word' id='word_1_90' title='bbox 1651 1399 1826 1442; x_wconf 90' lang='lat' dir='ltr'><strong>trans-</strong></span> 
     </span>
    </p>
   </div>
   <div class='ocr_carea' id='block_1_14' title="bbox 239 1461 1821 1547">
    <p class='ocr_par' dir='ltr' id='par_1_14' title="bbox 239 1461 1821 1547">
     <span class='ocr_line' id='line_1_14' title="bbox 239 1461 1821 1547; baseline 0.013 -33"><span class='ocrx_word' id='word_1_91' title='bbox 239 1461 497 1518; x_wconf 75' lang='lat' dir='ltr'><strong>ferrentur</strong></span> <span class='ocrx_word' id='word_1_92' title='bbox 520 1468 568 1520; x_wconf 92' lang='lat' dir='ltr'><strong>in</strong></span> <span class='ocrx_word' id='word_1_93' title='bbox 593 1469 853 1536; x_wconf 86' lang='lat' dir='ltr'><strong>lucem,in</strong></span> <span class='ocrx_word' id='word_1_94' title='bbox 883 1476 1025 1529; x_wconf 92' lang='lat' dir='ltr'><strong>nullo</strong></span> <span class='ocrx_word' id='word_1_95' title='bbox 1050 1493 1329 1547; x_wconf 84' lang='lat' dir='ltr'><strong>appareret</strong></span> <span class='ocrx_word' id='word_1_96' title='bbox 1362 1483 1557 1537; x_wconf 86' lang='lat' dir='ltr'><strong>veritas</strong></span> <span class='ocrx_word' id='word_1_97' title='bbox 1582 1483 1821 1544; x_wconf 83' lang='lat' dir='ltr'><strong>ultionis,</strong></span> 
     </span>
    </p>
   </div>
   <div class='ocr_carea' id='block_1_15' title="bbox 239 1550 1820 1638">
    <p class='ocr_par' dir='ltr' id='par_1_15' title="bbox 239 1550 1820 1638">
     <span class='ocr_line' id='line_1_15' title="bbox 239 1550 1820 1638; baseline 0.016 -37"><span class='ocrx_word' id='word_1_98' title='bbox 239 1550 284 1602; x_wconf 89' lang='lat' dir='ltr'><strong>in</strong></span> <span class='ocrx_word' id='word_1_99' title='bbox 314 1568 412 1620; x_wconf 87' lang='lat' dir='ltr'><strong>qua</strong></span> <span class='ocrx_word' id='word_1_100' title='bbox 447 1569 721 1623; x_wconf 67' lang='lat' dir='ltr'><strong>propterea</strong></span> <span class='ocrx_word' id='word_1_101' title='bbox 775 1566 939 1618; x_wconf 90' lang='lat' dir='ltr'><strong>multo</strong></span> <span class='ocrx_word' id='word_1_102' title='bbox 962 1567 1140 1633; x_wconf 89' lang='lat' dir='ltr'><strong>plures</strong></span> <span class='ocrx_word' id='word_1_103' title='bbox 1179 1589 1337 1638; x_wconf 63' lang='lat' dir='ltr'><strong>quam</strong></span> <span class='ocrx_word' id='word_1_104' title='bbox 1374 1574 1424 1628; x_wconf 89' lang='lat' dir='ltr'><strong>iu</strong></span> <span class='ocrx_word' id='word_1_105' title='bbox 1466 1575 1554 1627; x_wconf 88' lang='lat' dir='ltr'><strong>illa</strong></span> <span class='ocrx_word' id='word_1_106' title='bbox 1579 1583 1727 1637; x_wconf 90' lang='lat' dir='ltr'><strong>sunt,</strong></span> <span class='ocrx_word' id='word_1_107' title='bbox 1763 1581 1820 1626; x_wconf 93' lang='lat' dir='ltr'><strong>ut</strong></span> 
     </span>
    </p>
   </div>
   <div class='ocr_carea' id='block_1_16' title="bbox 236 1644 1824 1731">
    <p class='ocr_par' dir='ltr' id='par_1_16' title="bbox 236 1644 1824 1731">
     <span class='ocr_line' id='line_1_16' title="bbox 236 1644 1824 1731; baseline 0.016 -39"><span class='ocrx_word' id='word_1_108' title='bbox 236 1644 306 1694; x_wconf 78' lang='lat' dir='ltr'><strong>sic</strong></span> <span class='ocrx_word' id='word_1_109' title='bbox 330 1651 646 1704; x_wconf 84' lang='lat' dir='ltr'><strong>ostendatur</strong></span> <span class='ocrx_word' id='word_1_110' title='bbox 683 1656 808 1722; x_wconf 87' lang='lat' dir='ltr'><strong>quid</strong></span> <span class='ocrx_word' id='word_1_111' title='bbox 850 1659 1094 1714; x_wconf 89' lang='lat' dir='ltr'><strong>omnibus</strong></span> <span class='ocrx_word' id='word_1_112' title='bbox 1121 1662 1425 1719; x_wconf 88' lang='lat' dir='ltr'><strong>deberetur.</strong></span> <span class='ocrx_word' id='word_1_113' title='bbox 1457 1666 1606 1731; x_wconf 86' lang='lat' dir='ltr'><strong>Quod</strong></span> <span class='ocrx_word' id='word_1_114' title='bbox 1633 1666 1677 1718; x_wconf 88' lang='lat' dir='ltr'><strong>si</strong></span> <span class='ocrx_word' id='word_1_115' title='bbox 1708 1681 1824 1718; x_wconf 89' lang='lat' dir='ltr'><strong>om-</strong></span> 
     </span>
    </p>
   </div>
   <div class='ocr_carea' id='block_1_17' title="bbox 237 1733 1822 1827">
    <p class='ocr_par' dir='ltr' id='par_1_17' title="bbox 237 1733 1822 1827">
     <span class='ocr_line' id='line_1_17' title="bbox 237 1733 1822 1827; baseline 0.018 -44"><span class='ocrx_word' id='word_1_116' title='bbox 237 1733 387 1787; x_wconf 75' lang='lat' dir='ltr'><strong>nibus</strong></span> <span class='ocrx_word' id='word_1_117' title='bbox 430 1740 759 1810; x_wconf 79' lang='lat' dir='ltr'><strong>redderetur,</strong></span> <span class='ocrx_word' id='word_1_118' title='bbox 811 1747 1075 1816; x_wconf 90' lang='lat' dir='ltr'><strong>justitiam</strong></span> <span class='ocrx_word' id='word_1_119' title='bbox 1124 1755 1440 1810; x_wconf 82' lang='lat' dir='ltr'><strong>viudicaulis</strong></span> <span class='ocrx_word' id='word_1_120' title='bbox 1474 1758 1618 1827; x_wconf 89' lang='lat' dir='ltr'><strong>juste</strong></span> <span class='ocrx_word' id='word_1_121' title='bbox 1666 1774 1822 1813; x_wconf 87' lang='lat' dir='ltr'><strong>nemo</strong></span> 
     </span>
    </p>
   </div>
   <div class='ocr_carea' id='block_1_18' title="bbox 236 1826 1819 1904">
    <p class='ocr_par' dir='ltr' id='par_1_18' title="bbox 236 1826 1819 1904">
     <span class='ocr_line' id='line_1_18' title="bbox 236 1826 1819 1904; baseline 0.02 -32"><span class='ocrx_word' id='word_1_122' title='bbox 236 1826 669 1892; x_wconf 74' lang='lat' dir='ltr'><strong>reprehenderet.</strong></span> <span class='ocrx_word' id='word_1_123' title='bbox 703 1835 832 1903; x_wconf 83' lang='lat' dir='ltr'><strong>Quia</strong></span> <span class='ocrx_word' id='word_1_124' title='bbox 869 1855 995 1894; x_wconf 81' lang='lat' dir='ltr'><strong>vero</strong></span> <span class='ocrx_word' id='word_1_125' title='bbox 1025 1852 1130 1896; x_wconf 91' lang='lat' dir='ltr'><strong>tam</strong></span> <span class='ocrx_word' id='word_1_126' title='bbox 1173 1847 1322 1900; x_wconf 89' lang='lat' dir='ltr'><strong>multi</strong></span> <span class='ocrx_word' id='word_1_127' title='bbox 1351 1849 1540 1902; x_wconf 82' lang='lat' dir='ltr'><strong>exinde</strong></span> <span class='ocrx_word' id='word_1_128' title='bbox 1567 1849 1819 1904; x_wconf 89' lang='lat' dir='ltr'><strong>liberan—</strong></span> 
     </span>
    </p>
   </div>
   <div class='ocr_carea' id='block_1_19' title="bbox 1930 658 3509 746">
    <p class='ocr_par' dir='ltr' id='par_1_19' title="bbox 1930 658 3509 746">
     <span class='ocr_line' id='line_1_19' title="bbox 1930 658 3509 746; baseline 0.018 -37"><span class='ocrx_word' id='word_1_129' title='bbox 1930 658 2041 724; x_wconf 90' lang='lat' dir='ltr'><strong>qui,</strong></span> <span class='ocrx_word' id='word_1_130' title='bbox 2076 663 2155 714; x_wconf 92' lang='lat' dir='ltr'><strong>vel</strong></span> <span class='ocrx_word' id='word_1_131' title='bbox 2186 663 2500 732; x_wconf 72' lang='lat' dir='ltr'><strong>ignorantia,</strong></span> <span class='ocrx_word' id='word_1_132' title='bbox 2538 670 2614 722; x_wconf 91' lang='lat' dir='ltr'><strong>vel</strong></span> <span class='ocrx_word' id='word_1_133' title='bbox 2647 670 2904 740; x_wconf 87' lang='lat' dir='ltr'><strong>iujustitia</strong></span> <span class='ocrx_word' id='word_1_134' title='bbox 2945 678 3190 746; x_wconf 77' lang='lat' dir='ltr'><strong>cuiquam</strong></span> <span class='ocrx_word' id='word_1_135' title='bbox 3242 682 3362 736; x_wconf 87' lang='lat' dir='ltr'><strong>mali</strong></span> <span class='ocrx_word' id='word_1_136' title='bbox 3411 685 3509 737; x_wconf 79' lang='lat' dir='ltr'><strong>ali-</strong></span> 
     </span>
    </p>
   </div>
   <div class='ocr_carea' id='block_1_20' title="bbox 1930 749 3509 842">
    <p class='ocr_par' dir='ltr' id='par_1_20' title="bbox 1930 749 3509 842">
     <span class='ocr_line' id='line_1_20' title="bbox 1930 749 3509 842; baseline 0.018 -42"><span class='ocrx_word' id='word_1_137' title='bbox 1930 749 2051 816; x_wconf 90' lang='lat' dir='ltr'><strong>quid</strong></span> <span class='ocrx_word' id='word_1_138' title='bbox 2082 751 2225 817; x_wconf 82' lang='lat' dir='ltr'><strong>facit,</strong></span> <span class='ocrx_word' id='word_1_139' title='bbox 2277 755 2370 808; x_wconf 89' lang='lat' dir='ltr'><strong>sed</strong></span> <span class='ocrx_word' id='word_1_140' title='bbox 2422 773 2525 811; x_wconf 88' lang='lat' dir='ltr'><strong>non</strong></span> <span class='ocrx_word' id='word_1_141' title='bbox 2560 771 2743 828; x_wconf 85' lang='lat' dir='ltr'><strong>peccat</strong></span> <span class='ocrx_word' id='word_1_142' title='bbox 2794 763 2931 819; x_wconf 89' lang='lat' dir='ltr'><strong>Deus</strong></span> <span class='ocrx_word' id='word_1_143' title='bbox 2961 768 3047 835; x_wconf 90' lang='lat' dir='ltr'><strong>qui</strong></span> <span class='ocrx_word' id='word_1_144' title='bbox 3071 770 3233 836; x_wconf 82' lang='lat' dir='ltr'><strong>justo,</strong></span> <span class='ocrx_word' id='word_1_145' title='bbox 3267 776 3509 842; x_wconf 73' lang='lat' dir='ltr'><strong>quantivis</strong></span> 
     </span>
    </p>
   </div>
   <div class='ocr_carea' id='block_1_21' title="bbox 1931 842 3510 929">
    <p class='ocr_par' dir='ltr' id='par_1_21' title="bbox 1931 842 3510 929">
     <span class='ocr_line' id='line_1_21' title="bbox 1931 842 3510 929; baseline 0.016 -37"><span class='ocrx_word' id='word_1_146' title='bbox 1931 856 1963 892; x_wconf 92' lang='lat' dir='ltr'><strong>o</strong></span> <span class='ocrx_word' id='word_1_147' title='bbox 1999 842 2162 906; x_wconf 88' lang='lat' dir='ltr'><strong>culto,</strong></span> <span class='ocrx_word' id='word_1_148' title='bbox 2196 843 2394 908; x_wconf 69' lang='lat' dir='ltr'><strong>judicio</strong></span> <span class='ocrx_word' id='word_1_149' title='bbox 2445 848 2559 901; x_wconf 85' lang='lat' dir='ltr'><strong>ﬁeri</strong></span> <span class='ocrx_word' id='word_1_150' title='bbox 2594 850 2742 907; x_wconf 89' lang='lat' dir='ltr'><strong>sinit.</strong></span> <span class='ocrx_word' id='word_1_151' title='bbox 2784 854 2887 907; x_wconf 85' lang='lat' dir='ltr'><strong>Sed</strong></span> <span class='ocrx_word' id='word_1_152' title='bbox 2921 864 3272 926; x_wconf 62' lang='lat' dir='ltr'><strong>temporariae</strong></span> <span class='ocrx_word' id='word_1_153' title='bbox 3325 881 3510 929; x_wconf 72' lang='lat' dir='ltr'><strong>punias</strong></span> 
     </span>
    </p>
   </div>
   <div class='ocr_carea' id='block_1_22' title="bbox 1930 931 3510 1014">
    <p class='ocr_par' dir='ltr' id='par_1_22' title="bbox 1930 931 3510 1014">
     <span class='ocr_line' id='line_1_22' title="bbox 1930 931 3510 1014; baseline 0.018 -31"><span class='ocrx_word' id='word_1_154' title='bbox 1930 933 2015 983; x_wconf 86' lang='lat' dir='ltr'><strong>alii</strong></span> <span class='ocrx_word' id='word_1_155' title='bbox 2047 931 2098 986; x_wconf 92' lang='lat' dir='ltr'><strong>in</strong></span> <span class='ocrx_word' id='word_1_156' title='bbox 2129 935 2225 987; x_wconf 88' lang='lat' dir='ltr'><strong>hac</strong></span> <span class='ocrx_word' id='word_1_157' title='bbox 2249 935 2348 990; x_wconf 79' lang='lat' dir='ltr'><strong>viti</strong></span> <span class='ocrx_word' id='word_1_158' title='bbox 2385 947 2612 1004; x_wconf 90' lang='lat' dir='ltr'><strong>tantum,</strong></span> <span class='ocrx_word' id='word_1_159' title='bbox 2639 943 2726 998; x_wconf 65' lang='lat' dir='ltr'><strong>alii</strong></span> <span class='ocrx_word' id='word_1_160' title='bbox 2762 958 2872 1013; x_wconf 90' lang='lat' dir='ltr'><strong>post</strong></span> <span class='ocrx_word' id='word_1_161' title='bbox 2906 953 3248 1014; x_wconf 86' lang='lat' dir='ltr'><strong>mortetn,alii</strong></span> <span class='ocrx_word' id='word_1_162' title='bbox 3287 971 3426 1008; x_wconf 89' lang='lat' dir='ltr'><strong>nunc</strong></span> <span class='ocrx_word' id='word_1_163' title='bbox 3455 968 3510 1012; x_wconf 79' lang='lat' dir='ltr'><strong>rt</strong></span> 
     </span>
    </p>
   </div>
   <div class='ocr_carea' id='block_1_23' title="bbox 1930 1035 3508 1106">
    <p class='ocr_par' dir='ltr' id='par_1_23' title="bbox 1930 1035 3508 1106">
     <span class='ocr_line' id='line_1_23' title="bbox 1930 1035 3508 1106; baseline 0.018 -29"><span class='ocrx_word' id='word_1_164' title='bbox 1930 1035 2090 1091; x_wconf 84' lang='lat' dir='ltr'><strong>tunc;</strong></span> <span class='ocrx_word' id='word_1_165' title='bbox 2122 1037 2482 1084; x_wconf 81' lang='lat' dir='ltr'><strong>\erumtamen</strong></span> <span class='ocrx_word' id='word_1_166' title='bbox 2517 1043 2637 1086; x_wconf 87' lang='lat' dir='ltr'><strong>ante</strong></span> <span class='ocrx_word' id='word_1_167' title='bbox 2662 1036 2915 1103; x_wconf 82' lang='lat' dir='ltr'><strong>judicium</strong></span> <span class='ocrx_word' id='word_1_168' title='bbox 2943 1042 3071 1097; x_wconf 92' lang='lat' dir='ltr'><strong>illud</strong></span> <span class='ocrx_word' id='word_1_169' title='bbox 3115 1048 3508 1106; x_wconf 75' lang='lat' dir='ltr'><strong>sevcri~siuuuu</strong></span> 
     </span>
    </p>
   </div>
   <div class='ocr_carea' id='block_1_24' title="bbox 1933 1117 3505 1196">
    <p class='ocr_par' dir='ltr' id='par_1_24' title="bbox 1933 1117 3505 1196">
     <span class='ocr_line' id='line_1_24' title="bbox 1933 1117 3505 1196; baseline 0.018 -28"><span class='ocrx_word' id='word_1_170' title='bbox 1933 1117 2386 1189; x_wconf 81' lang='lat' dir='ltr'><strong>novissimumque</strong></span> <span class='ocrx_word' id='word_1_171' title='bbox 2441 1126 2729 1189; x_wconf 86' lang='lat' dir='ltr'><strong>patiuntur.</strong></span> <span class='ocrx_word' id='word_1_172' title='bbox 2782 1131 2894 1185; x_wconf 75' lang='lat' dir='ltr'><strong>Non</strong></span> <span class='ocrx_word' id='word_1_173' title='bbox 2939 1145 3112 1190; x_wconf 61' lang='lat' dir='ltr'><strong>autem</strong></span> <span class='ocrx_word' id='word_1_174' title='bbox 3177 1154 3363 1194; x_wconf 86' lang='lat' dir='ltr'><strong>omnes</strong></span> <span class='ocrx_word' id='word_1_175' title='bbox 3413 1159 3505 1196; x_wconf 91' lang='lat' dir='ltr'><strong>ve-</strong></span> 
     </span>
    </p>
   </div>
   <div class='ocr_carea' id='block_1_25' title="bbox 1933 1207 3506 1298">
    <p class='ocr_par' dir='ltr' id='par_1_25' title="bbox 1933 1207 3506 1298">
     <span class='ocr_line' id='line_1_25' title="bbox 1933 1207 3506 1298; baseline 0.018 -39"><span class='ocrx_word' id='word_1_176' title='bbox 1933 1207 2082 1262; x_wconf 90' lang='lat' dir='ltr'><strong>niunt</strong></span> <span class='ocrx_word' id='word_1_177' title='bbox 2113 1212 2163 1262; x_wconf 89' lang='lat' dir='ltr'><strong>in</strong></span> <span class='ocrx_word' id='word_1_178' title='bbox 2189 1214 2540 1280; x_wconf 84' lang='lat' dir='ltr'><strong>sempiternas</strong></span> <span class='ocrx_word' id='word_1_179' title='bbox 2563 1233 2768 1286; x_wconf 70' lang='lat' dir='ltr'><strong>pinnas,</strong></span> <span class='ocrx_word' id='word_1_180' title='bbox 2792 1239 2910 1291; x_wconf 71' lang='lat' dir='ltr'><strong>qum</strong></span> <span class='ocrx_word' id='word_1_181' title='bbox 2942 1241 3058 1292; x_wconf 70' lang='grc' dir='ltr'><strong>μηδι</strong></span> <span class='ocrx_word' id='word_1_182' title='bbox 3098 1227 3220 1280; x_wconf 62' lang='lat' dir='ltr'><strong>illud</strong></span> <span class='ocrx_word' id='word_1_183' title='bbox 3251 1227 3506 1298; x_wconf 82' lang='lat' dir='ltr'><strong>judicium</strong></span> 
     </span>
    </p>
   </div>
   <div class='ocr_carea' id='block_1_26' title="bbox 1931 1299 3502 1376">
    <p class='ocr_par' dir='ltr' id='par_1_26' title="bbox 1931 1299 3502 1376">
     <span class='ocr_line' id='line_1_26' title="bbox 1931 1299 3502 1376; baseline 0.018 -29"><span class='ocrx_word' id='word_1_184' title='bbox 1931 1299 2056 1372; x_wconf 66' lang='grc' dir='ltr'><strong>[Ιιίς]</strong></span> <span class='ocrx_word' id='word_1_185' title='bbox 2085 1313 2205 1354; x_wconf 91' lang='lat' dir='ltr'><strong>sunt</strong></span> <span class='ocrx_word' id='word_1_186' title='bbox 2237 1302 2444 1371; x_wconf 72' lang='lat' dir='ltr'><strong>I&#39;uturze,</strong></span> <span class='ocrx_word' id='word_1_187' title='bbox 2494 1309 2579 1374; x_wconf 90' lang='lat' dir='ltr'><strong>qui</strong></span> <span class='ocrx_word' id='word_1_188' title='bbox 2628 1321 2746 1376; x_wconf 89' lang='lat' dir='ltr'><strong>post</strong></span> <span class='ocrx_word' id='word_1_189' title='bbox 2776 1325 2998 1368; x_wconf 66' lang='lat' dir='ltr'><strong>mortem</strong></span> <span class='ocrx_word' id='word_1_190' title='bbox 3051 1318 3317 1373; x_wconf 87' lang='lat' dir='ltr'><strong>sustinent</strong></span> <span class='ocrx_word' id='word_1_191' title='bbox 3366 1333 3502 1375; x_wconf 87' lang='lat' dir='ltr'><strong>tem-</strong></span> 
     </span>
    </p>
   </div>
   <div class='ocr_carea' id='block_1_27' title="bbox 1933 1392 3502 1478">
    <p class='ocr_par' dir='ltr' id='par_1_27' title="bbox 1933 1392 3502 1478">
     <span class='ocr_line' id='line_1_27' title="bbox 1933 1392 3502 1478; baseline 0.018 -39"><span class='ocrx_word' id='word_1_192' title='bbox 1933 1392 2158 1458; x_wconf 88' lang='lat' dir='ltr'><strong>porales.</strong></span> <span class='ocrx_word' id='word_1_193' title='bbox 2193 1395 2321 1448; x_wconf 81' lang='lat' dir='ltr'><strong>Nam</strong></span> <span class='ocrx_word' id='word_1_194' title='bbox 2353 1397 2666 1466; x_wconf 86' lang='lat' dir='ltr'><strong>quibusdam</strong></span> <span class='ocrx_word' id='word_1_195' title='bbox 2698 1405 2835 1474; x_wconf 91' lang='lat' dir='ltr'><strong>quod</strong></span> <span class='ocrx_word' id='word_1_196' title='bbox 2862 1407 2911 1460; x_wconf 91' lang='lat' dir='ltr'><strong>in</strong></span> <span class='ocrx_word' id='word_1_197' title='bbox 2938 1411 3036 1460; x_wconf 85' lang='lat' dir='ltr'><strong>isto</strong></span> <span class='ocrx_word' id='word_1_198' title='bbox 3066 1425 3166 1462; x_wconf 84' lang='lat' dir='ltr'><strong>non</strong></span> <span class='ocrx_word' id='word_1_199' title='bbox 3190 1414 3502 1478; x_wconf 84' lang='lat' dir='ltr'><strong>remittitur,</strong></span> 
     </span>
    </p>
   </div>
   <div class='ocr_carea' id='block_1_28' title="bbox 1931 1485 3505 1558">
    <p class='ocr_par' dir='ltr' id='par_1_28' title="bbox 1931 1485 3505 1558">
     <span class='ocr_line' id='line_1_28' title="bbox 1931 1485 3505 1558; baseline 0.015 -23"><span class='ocrx_word' id='word_1_200' title='bbox 1931 1485 2149 1537; x_wconf 84' lang='lat' dir='ltr'><strong>remittit</strong></span> <span class='ocrx_word' id='word_1_201' title='bbox 2181 1486 2230 1539; x_wconf 91' lang='lat' dir='ltr'><strong>in</strong></span> <span class='ocrx_word' id='word_1_202' title='bbox 2266 1489 2440 1542; x_wconf 62' lang='lat' dir='ltr'><strong>I&#39;uluro</strong></span> <span class='ocrx_word' id='word_1_203' title='bbox 2489 1493 2704 1557; x_wconf 69' lang='lat' dir='ltr'><strong>smculo,</strong></span> <span class='ocrx_word' id='word_1_204' title='bbox 2758 1497 2808 1548; x_wconf 90' lang='lat' dir='ltr'><strong>id</strong></span> <span class='ocrx_word' id='word_1_205' title='bbox 2851 1508 2931 1551; x_wconf 79' lang='lat' dir='ltr'><strong>est</strong></span> <span class='ocrx_word' id='word_1_206' title='bbox 2985 1517 3049 1553; x_wconf 85' lang='lat' dir='ltr'><strong>ne</strong></span> <span class='ocrx_word' id='word_1_207' title='bbox 3101 1504 3276 1555; x_wconf 86' lang='lat' dir='ltr'><strong>Inturo</strong></span> <span class='ocrx_word' id='word_1_208' title='bbox 3324 1506 3505 1558; x_wconf 66' lang='lat' dir='ltr'><strong>surculi</strong></span> 
     </span>
    </p>
   </div>
   <div class='ocr_carea' id='block_1_29' title="bbox 1929 1583 3503 1660">
    <p class='ocr_par' dir='ltr' id='par_1_29' title="bbox 1929 1583 3503 1660">
     <span class='ocr_line' id='line_1_29' title="bbox 1929 1583 3503 1660; baseline 0.02 -36"><span class='ocrx_word' id='word_1_209' title='bbox 1929 1587 2130 1630; x_wconf 76' lang='lat' dir='ltr'><strong>:rterno</strong></span> <span class='ocrx_word' id='word_1_210' title='bbox 2189 1583 2452 1649; x_wconf 87' lang='lat' dir='ltr'><strong>supplicio</strong></span> <span class='ocrx_word' id='word_1_211' title='bbox 2508 1588 2820 1654; x_wconf 86' lang='lat' dir='ltr'><strong>puniantur,</strong></span> <span class='ocrx_word' id='word_1_212' title='bbox 2872 1591 2981 1658; x_wconf 88' lang='lat' dir='ltr'><strong>jam</strong></span> <span class='ocrx_word' id='word_1_213' title='bbox 3039 1609 3198 1660; x_wconf 87' lang='lat' dir='ltr'><strong>supra</strong></span> <span class='ocrx_word' id='word_1_214' title='bbox 3248 1597 3503 1656; x_wconf 64' lang='lat' dir='ltr'><strong>diximus.</strong></span> 
     </span>
    </p>
   </div>
   <div class='ocr_carea' id='block_1_30' title="bbox 1931 1665 3507 1750">
    <p class='ocr_par' dir='ltr' id='par_1_30' title="bbox 1931 1665 3507 1750">
     <span class='ocr_line' id='line_1_30' title="bbox 1931 1665 3507 1750; baseline 0.016 -32"><span class='ocrx_word' id='word_1_215' title='bbox 1931 1665 2198 1724; x_wconf 79' lang='lat' dir='ltr'><strong>Itarissimi</strong></span> <span class='ocrx_word' id='word_1_216' title='bbox 2220 1685 2342 1726; x_wconf 89' lang='lat' dir='ltr'><strong>sunt</strong></span> <span class='ocrx_word' id='word_1_217' title='bbox 2367 1687 2541 1730; x_wconf 88' lang='lat' dir='ltr'><strong>autem</strong></span> <span class='ocrx_word' id='word_1_218' title='bbox 2570 1680 2657 1746; x_wconf 86' lang='lat' dir='ltr'><strong>qui</strong></span> <span class='ocrx_word' id='word_1_219' title='bbox 2687 1681 2859 1736; x_wconf 90' lang='lat' dir='ltr'><strong>nullas</strong></span> <span class='ocrx_word' id='word_1_220' title='bbox 2882 1684 2933 1737; x_wconf 90' lang='lat' dir='ltr'><strong>in</strong></span> <span class='ocrx_word' id='word_1_221' title='bbox 2968 1685 3064 1740; x_wconf 88' lang='lat' dir='ltr'><strong>bac</strong></span> <span class='ocrx_word' id='word_1_222' title='bbox 3087 1688 3212 1750; x_wconf 86' lang='lat' dir='ltr'><strong>vita,</strong></span> <span class='ocrx_word' id='word_1_223' title='bbox 3245 1691 3336 1743; x_wconf 89' lang='lat' dir='ltr'><strong>sed</strong></span> <span class='ocrx_word' id='word_1_224' title='bbox 3381 1701 3507 1744; x_wconf 87' lang='lat' dir='ltr'><strong>tau-</strong></span> 
     </span>
    </p>
   </div>
   <div class='ocr_carea' id='block_1_31' title="bbox 1925 1769 3506 1852">
    <p class='ocr_par' dir='ltr' id='par_1_31' title="bbox 1925 1769 3506 1852">
     <span class='ocr_line' id='line_1_31' title="bbox 1925 1769 3506 1852; baseline 0.017 -39"><span class='ocrx_word' id='word_1_225' title='bbox 1925 1769 2032 1814; x_wconf 92' lang='lat' dir='ltr'><strong>tum</strong></span> <span class='ocrx_word' id='word_1_226' title='bbox 2066 1777 2241 1831; x_wconf 78' lang='lat' dir='ltr'><strong>postea</strong></span> <span class='ocrx_word' id='word_1_227' title='bbox 2295 1781 2477 1835; x_wconf 74' lang='lat' dir='ltr'><strong>pmnas</strong></span> <span class='ocrx_word' id='word_1_228' title='bbox 2524 1770 2692 1825; x_wconf 91' lang='lat' dir='ltr'><strong>luunt.</strong></span> <span class='ocrx_word' id='word_1_229' title='bbox 2742 1773 2926 1830; x_wconf 80' lang='lat' dir='ltr'><strong>Fuisse</strong></span> <span class='ocrx_word' id='word_1_230' title='bbox 2965 1788 3140 1833; x_wconf 87' lang='lat' dir='ltr'><strong>tamen</strong></span> <span class='ocrx_word' id='word_1_231' title='bbox 3172 1782 3376 1852; x_wconf 77' lang='lat' dir='ltr'><strong>aliquos</strong></span> <span class='ocrx_word' id='word_1_232' title='bbox 3418 1786 3506 1852; x_wconf 91' lang='lat' dir='ltr'><strong>qui</strong></span> 
     </span>
    </p>
   </div>
   <div class='ocr_carea' id='block_1_32' title="bbox 1926 1857 3499 1944">
    <p class='ocr_par' dir='ltr' id='par_1_32' title="bbox 1926 1857 3499 1944">
     <span class='ocr_line' id='line_1_32' title="bbox 1926 1857 3499 1944; baseline 0.014 -37"><span class='ocrx_word' id='word_1_233' title='bbox 1926 1869 2092 1922; x_wconf 87' lang='lat' dir='ltr'><strong>usque</strong></span> <span class='ocrx_word' id='word_1_234' title='bbox 2120 1857 2184 1910; x_wconf 92' lang='lat' dir='ltr'><strong>ad</strong></span> <span class='ocrx_word' id='word_1_235' title='bbox 2216 1857 2538 1928; x_wconf 73' lang='lat' dir='ltr'><strong>decrepitam</strong></span> <span class='ocrx_word' id='word_1_236' title='bbox 2564 1874 2911 1930; x_wconf 81' lang='lat' dir='ltr'><strong>senectutem,</strong></span> <span class='ocrx_word' id='word_1_237' title='bbox 2940 1885 3005 1922; x_wconf 91' lang='lat' dir='ltr'><strong>ne</strong></span> <span class='ocrx_word' id='word_1_238' title='bbox 3031 1869 3352 1927; x_wconf 80' lang='lat' dir='ltr'><strong>levissimam</strong></span> <span class='ocrx_word' id='word_1_239' title='bbox 3377 1877 3499 1944; x_wconf 83' lang='lat' dir='ltr'><strong>qui-</strong></span> 
     </span>
    </p>
   </div>
   <div class='ocr_carea' id='block_1_33' title="bbox 232 1922 3502 2032">
    <p class='ocr_par' dir='ltr' id='par_1_33' title="bbox 232 1922 3502 2032">
     <span class='ocr_line' id='line_1_33' title="bbox 232 1922 3502 2032; baseline 0.014 -69"><span class='ocrx_word' id='word_1_240' title='bbox 232 1922 323 2032; x_wconf 46' lang='grc' dir='ltr'><strong>νιν,</strong></span> <span class='ocrx_word' id='word_1_241' title='bbox 354 1929 439 1971; x_wconf 81' lang='lat' dir='ltr'><strong>est</strong></span> <span class='ocrx_word' id='word_1_242' title='bbox 466 1922 602 1978; x_wconf 87' lang='lat' dir='ltr'><strong>unde</strong></span> <span class='ocrx_word' id='word_1_243' title='bbox 629 1937 853 1994; x_wconf 79' lang='lat' dir='ltr'><strong>agantur</strong></span> <span class='ocrx_word' id='word_1_244' title='bbox 874 1932 1119 1987; x_wconf 78' lang='lat' dir='ltr'><strong>maxima:</strong></span> <span class='ocrx_word' id='word_1_245' title='bbox 1133 1937 1320 2004; x_wconf 76' lang='lat' dir='ltr'><strong>gratia:</strong></span> <span class='ocrx_word' id='word_1_246' title='bbox 1358 1942 1590 2010; x_wconf 82' lang='lat' dir='ltr'><strong>gratuito</strong></span> <span class='ocrx_word' id='word_1_247' title='bbox 1613 1950 1818 2002; x_wconf 87' lang='lat' dir='ltr'><strong>muneri</strong></span> <span class='ocrx_word' id='word_1_248' title='bbox 1857 1942 1897 2000; x_wconf 83' lang='grc' dir='ltr'><strong>Β</strong></span> <span class='ocrx_word' id='word_1_249' title='bbox 1926 1948 2043 1998; x_wconf 81' lang='lat' dir='ltr'><strong>dem</strong></span> <span class='ocrx_word' id='word_1_250' title='bbox 2078 1945 2384 2004; x_wconf 67' lang='lat' dir='ltr'><strong>febriculam</strong></span> <span class='ocrx_word' id='word_1_251' title='bbox 2415 1956 2696 2019; x_wconf 79' lang='lat' dir='ltr'><strong>senserint,</strong></span> <span class='ocrx_word' id='word_1_252' title='bbox 2751 1959 3091 2032; x_wconf 71' lang='lat' dir='ltr'><strong>quietamque</strong></span> <span class='ocrx_word' id='word_1_253' title='bbox 3134 1922 3502 2020; x_wconf 63' lang='lat' dir='ltr'><strong>duxerim&#39;vi-</strong></span> 
     </span>
    </p>
   </div>
   <div class='ocr_carea' id='block_1_34' title="bbox 229 2005 520 2066">
    <p class='ocr_par' dir='ltr' id='par_1_34' title="bbox 229 2005 520 2066">
     <span class='ocr_line' id='line_1_34' title="bbox 229 2005 520 2066; baseline 0.027 -8"><span class='ocrx_word' id='word_1_254' title='bbox 229 2005 520 2066; x_wconf 43' lang='lat' dir='ltr'><strong>liiaei&#39;antis.</strong></span> 
     </span>
    </p>
   </div>
   <div class='ocr_carea' id='block_1_35' title="bbox 770 2088 1265 2152">
    <p class='ocr_par' dir='ltr' id='par_1_35' title="bbox 770 2088 1265 2152">
     <span class='ocr_line' id='line_1_35' title="bbox 770 2088 1265 2152; baseline 0.014 -7"><span class='ocrx_word' id='word_1_255' title='bbox 770 2088 996 2148; x_wconf 59' lang='lat' dir='ltr'><strong>CAPUT</strong></span> <span class='ocrx_word' id='word_1_256' title='bbox 1021 2095 1265 2152; x_wconf 79' lang='lat' dir='ltr'><strong>CXLVII.</strong></span> 
     </span>
    </p>
   </div>
   <div class='ocr_carea' id='block_1_36' title="bbox 227 2186 1808 2284">
    <p class='ocr_par' dir='ltr' id='par_1_36' title="bbox 227 2186 1808 2284">
     <span class='ocr_line' id='line_1_36' title="bbox 227 2186 1808 2284; baseline 0.016 -44"><span class='ocrx_word' id='word_1_257' title='bbox 227 2186 460 2245; x_wconf 71' lang='lat' dir='ltr'><strong>Criminis</strong></span> <span class='ocrx_word' id='word_1_258' title='bbox 487 2199 790 2266; x_wconf 78' lang='lat' dir='ltr'><strong>supplicium</strong></span> <span class='ocrx_word' id='word_1_259' title='bbox 815 2215 928 2284; x_wconf 75' lang='lat' dir='ltr'><strong>post</strong></span> <span class='ocrx_word' id='word_1_260' title='bbox 959 2219 1168 2260; x_wconf 61' lang='lat' dir='ltr'><strong>morum</strong></span> <span class='ocrx_word' id='word_1_261' title='bbox 1199 2228 1297 2264; x_wconf 83' lang='lat' dir='ltr'><strong>non</strong></span> <span class='ocrx_word' id='word_1_262' title='bbox 1319 2229 1425 2266; x_wconf 76' lang='lat' dir='ltr'><strong>esse</strong></span> <span class='ocrx_word' id='word_1_263' title='bbox 1444 2230 1648 2266; x_wconf 75' lang='lat' dir='ltr'><strong>causam</strong></span> <span class='ocrx_word' id='word_1_264' title='bbox 1685 2231 1808 2284; x_wconf 80' lang='lat' dir='ltr'><strong>pur-</strong></span> 
     </span>
    </p>
   </div>
   <div class='ocr_carea' id='block_1_37' title="bbox 763 2274 1237 2342">
    <p class='ocr_par' dir='ltr' id='par_1_37' title="bbox 763 2274 1237 2342">
     <span class='ocr_line' id='line_1_37' title="bbox 763 2274 1237 2342; baseline 0.021 -19"><span class='ocrx_word' id='word_1_265' title='bbox 763 2274 1000 2342; x_wconf 59' lang='lat' dir='ltr'><strong>gationis,</strong></span> <span class='ocrx_word' id='word_1_266' title='bbox 1034 2278 1237 2333; x_wconf 78' lang='lat' dir='ltr'><strong>ibidem.</strong></span> 
     </span>
    </p>
   </div>
   <div class='ocr_carea' id='block_1_38' title="bbox 288 2369 1809 2461">
    <p class='ocr_par' dir='ltr' id='par_1_38' title="bbox 288 2369 1809 2461">
     <span class='ocr_line' id='line_1_38' title="bbox 288 2369 1809 2461; baseline 0.024 -41"><span class='ocrx_word' id='word_1_267' title='bbox 288 2369 544 2429; x_wconf 76' lang='lat' dir='ltr'><strong>Platonici</strong></span> <span class='ocrx_word' id='word_1_268' title='bbox 563 2381 794 2450; x_wconf 62' lang='lat' dir='ltr'><strong>quidem,</strong></span> <span class='ocrx_word' id='word_1_269' title='bbox 813 2389 1048 2448; x_wconf 49' lang='lat' dir='ltr'><strong>quamvis</strong></span> <span class='ocrx_word' id='word_1_270' title='bbox 1073 2394 1327 2461; x_wconf 89' lang='lat' dir='ltr'><strong>impunita</strong></span> <span class='ocrx_word' id='word_1_271' title='bbox 1351 2397 1488 2450; x_wconf 84' lang='lat' dir='ltr'><strong>nulla</strong></span> <span class='ocrx_word' id='word_1_272' title='bbox 1513 2397 1809 2456; x_wconf 87' lang='lat' dir='ltr'><strong>ve&#39;intesse</strong></span> 
     </span>
    </p>
   </div>
   <div class='ocr_carea' id='block_1_39' title="bbox 227 2474 1807 2549">
    <p class='ocr_par' dir='ltr' id='par_1_39' title="bbox 227 2474 1807 2549">
     <span class='ocr_line' id='line_1_39' title="bbox 227 2474 1807 2549; baseline 0.022 -36"><span class='ocrx_word' id='word_1_273' title='bbox 227 2474 455 2531; x_wconf 82' lang='lat' dir='ltr'><strong>peccata,</strong></span> <span class='ocrx_word' id='word_1_274' title='bbox 500 2477 672 2526; x_wconf 81' lang='lat' dir='ltr'><strong>tamen</strong></span> <span class='ocrx_word' id='word_1_275' title='bbox 701 2491 887 2532; x_wconf 87' lang='lat' dir='ltr'><strong>omnes</strong></span> <span class='ocrx_word' id='word_1_276' title='bbox 917 2496 1102 2549; x_wconf 63' lang='lat' dir='ltr'><strong>paruas</strong></span> <span class='ocrx_word' id='word_1_277' title='bbox 1145 2487 1503 2542; x_wconf 85' lang='lat' dir='ltr'><strong>emendationi</strong></span> <span class='ocrx_word' id='word_1_278' title='bbox 1567 2491 1807 2546; x_wconf 84' lang='lat' dir='ltr'><strong>adhiberi</strong></span> 
     </span>
    </p>
   </div>
   <div class='ocr_carea' id='block_1_40' title="bbox 226 2559 1805 2648">
    <p class='ocr_par' dir='ltr' id='par_1_40' title="bbox 226 2559 1805 2648">
     <span class='ocr_line' id='line_1_40' title="bbox 226 2559 1805 2648; baseline 0.028 -48"><span class='ocrx_word' id='word_1_279' title='bbox 226 2559 424 2648; x_wconf 80' lang='lat' dir='ltr'><strong>putant,</strong></span> <span class='ocrx_word' id='word_1_280' title='bbox 471 2560 552 2612; x_wconf 93' lang='lat' dir='ltr'><strong>vel</strong></span> <span class='ocrx_word' id='word_1_281' title='bbox 598 2563 842 2622; x_wconf 84' lang='lat' dir='ltr'><strong>humanis</strong></span> <span class='ocrx_word' id='word_1_282' title='bbox 913 2572 1110 2630; x_wconf 83' lang='lat' dir='ltr'><strong>intlicta</strong></span> <span class='ocrx_word' id='word_1_283' title='bbox 1161 2576 1388 2648; x_wconf 82' lang='lat' dir='ltr'><strong>legibus,</strong></span> <span class='ocrx_word' id='word_1_284' title='bbox 1421 2581 1504 2635; x_wconf 83' lang='lat' dir='ltr'><strong>vel</strong></span> <span class='ocrx_word' id='word_1_285' title='bbox 1555 2581 1758 2638; x_wconf 83' lang='lat' dir='ltr'><strong>divinis</strong></span> <span class='ocrx_word' id='word_1_286' title='bbox 1786 2621 1805 2644; x_wconf 67' lang='grc' dir='ltr'><strong><em>υ</em></strong></span> 
     </span>
    </p>
   </div>
   <div class='ocr_carea' id='block_1_41' title="bbox 225 2641 1809 2743">
    <p class='ocr_par' dir='ltr' id='par_1_41' title="bbox 225 2641 1809 2743">
     <span class='ocr_line' id='line_1_41' title="bbox 225 2641 1809 2743; baseline 0.025 -52"><span class='ocrx_word' id='word_1_287' title='bbox 225 2641 323 2743; x_wconf 69' lang='lat' dir='ltr'><strong>sive</strong></span> <span class='ocrx_word' id='word_1_288' title='bbox 353 2645 541 2743; x_wconf 53' lang='lat' dir='ltr'><strong>ill-I130</strong></span> <span class='ocrx_word' id='word_1_289' title='bbox 581 2655 708 2719; x_wconf 82' lang='lat' dir='ltr'><strong>vita,</strong></span> <span class='ocrx_word' id='word_1_290' title='bbox 742 2659 853 2714; x_wconf 89' lang='lat' dir='ltr'><strong>sive</strong></span> <span class='ocrx_word' id='word_1_291' title='bbox 895 2673 1013 2732; x_wconf 87' lang='lat' dir='ltr'><strong>post</strong></span> <span class='ocrx_word' id='word_1_292' title='bbox 1061 2678 1321 2734; x_wconf 86' lang='lat' dir='ltr'><strong>mortem;</strong></span> <span class='ocrx_word' id='word_1_293' title='bbox 1358 2672 1404 2725; x_wconf 93' lang='lat' dir='ltr'><strong>si</strong></span> <span class='ocrx_word' id='word_1_294' title='bbox 1442 2683 1531 2726; x_wconf 90' lang='lat' dir='ltr'><strong>aut</strong></span> <span class='ocrx_word' id='word_1_295' title='bbox 1562 2687 1809 2743; x_wconf 84' lang='lat' dir='ltr'><strong>parcatur</strong></span> 
     </span>
    </p>
   </div>
   <div class='ocr_carea' id='block_1_42' title="bbox 226 2733 1800 2835">
    <p class='ocr_par' dir='ltr' id='par_1_42' title="bbox 226 2733 1800 2835">
     <span class='ocr_line' id='line_1_42' title="bbox 226 2733 1800 2835; baseline 0.014 -35"><span class='ocrx_word' id='word_1_296' title='bbox 226 2733 300 2835; x_wconf 42' lang='lat' dir='ltr'><strong>hic</strong></span> <span class='ocrx_word' id='word_1_297' title='bbox 332 2735 550 2804; x_wconf 72' lang='grc' dir='ltr'><strong>ευῖίῐυο.</strong></span> <span class='ocrx_word' id='word_1_298' title='bbox 601 2754 695 2798; x_wconf 71' lang='grc' dir='ltr'><strong>ἔιιιι</strong></span> <span class='ocrx_word' id='word_1_299' title='bbox 720 2747 788 2800; x_wconf 68' lang='lat' dir='ltr'><strong>ita</strong></span> <span class='ocrx_word' id='word_1_300' title='bbox 844 2753 1101 2820; x_wconf 77' lang='lat' dir='ltr'><strong>plet-tatur</strong></span> <span class='ocrx_word' id='word_1_301' title='bbox 1144 2770 1200 2812; x_wconf 94' lang='lat' dir='ltr'><strong>ut</strong></span> <span class='ocrx_word' id='word_1_302' title='bbox 1230 2759 1316 2815; x_wconf 74' lang='lat' dir='ltr'><strong>hic</strong></span> <span class='ocrx_word' id='word_1_303' title='bbox 1346 2779 1449 2817; x_wconf 93' lang='lat' dir='ltr'><strong>non</strong></span> <span class='ocrx_word' id='word_1_304' title='bbox 1481 2768 1800 2835; x_wconf 72' lang='lat' dir='ltr'><strong>corrigatur.</strong></span> 
     </span>
    </p>
   </div>
   <div class='ocr_carea' id='block_1_43' title="bbox 225 2819 1806 2914">
    <p class='ocr_par' dir='ltr' id='par_1_43' title="bbox 225 2819 1806 2914">
     <span class='ocr_line' id='line_1_43' title="bbox 225 2819 1806 2914; baseline 0.027 -43"><span class='ocrx_word' id='word_1_305' title='bbox 225 2819 346 2879; x_wconf 88' lang='lat' dir='ltr'><strong>lliuc</strong></span> <span class='ocrx_word' id='word_1_306' title='bbox 380 2830 617 2886; x_wconf 77' lang='lat' dir='ltr'><strong>Maronis</strong></span> <span class='ocrx_word' id='word_1_307' title='bbox 649 2838 736 2892; x_wconf 88' lang='lat' dir='ltr'><strong>illa</strong></span> <span class='ocrx_word' id='word_1_308' title='bbox 776 2849 1060 2912; x_wconf 72' lang='lat' dir='ltr'><strong>sententia,</strong></span> <span class='ocrx_word' id='word_1_309' title='bbox 1091 2850 1177 2903; x_wconf 88' lang='lat' dir='ltr'><strong>ubi</strong></span> <span class='ocrx_word' id='word_1_310' title='bbox 1207 2867 1328 2905; x_wconf 90' lang='lat' dir='ltr'><strong>cum</strong></span> <span class='ocrx_word' id='word_1_311' title='bbox 1361 2854 1588 2911; x_wconf 78' lang='lat' dir='ltr'><strong>dixisset</strong></span> <span class='ocrx_word' id='word_1_312' title='bbox 1607 2857 1673 2912; x_wconf 90' lang='lat' dir='ltr'><strong>de</strong></span> <span class='ocrx_word' id='word_1_313' title='bbox 1698 2869 1806 2914; x_wconf 88' lang='lat' dir='ltr'><strong>ter-</strong></span> 
     </span>
    </p>
   </div>
   <div class='ocr_carea' id='block_1_44' title="bbox 224 2916 1804 3021">
    <p class='ocr_par' dir='ltr' id='par_1_44' title="bbox 224 2916 1804 3021">
     <span class='ocr_line' id='line_1_44' title="bbox 224 2916 1804 3021; baseline 0.039 -58"><span class='ocrx_word' id='word_1_314' title='bbox 224 2916 354 3019; x_wconf 77' lang='lat' dir='ltr'><strong>renis</strong></span> <span class='ocrx_word' id='word_1_315' title='bbox 425 2926 738 2991; x_wconf 85' lang='lat' dir='ltr'><strong>corporibus</strong></span> <span class='ocrx_word' id='word_1_316' title='bbox 801 2935 1237 3011; x_wconf 83' lang='lat' dir='ltr'><strong>moribundisque</strong></span> <span class='ocrx_word' id='word_1_317' title='bbox 1324 2947 1600 3016; x_wconf 55' lang='lat' dir='ltr'><strong>membri-5</strong></span> <span class='ocrx_word' id='word_1_318' title='bbox 1662 2950 1804 3021; x_wconf 78' lang='grc' dir='ltr'><strong>(ιυοά</strong></span> 
     </span>
    </p>
   </div>
   <div class='ocr_carea' id='block_1_45' title="bbox 224 3023 448 3068">
    <p class='ocr_par' dir='ltr' id='par_1_45' title="bbox 224 3023 448 3068">
     <span class='ocr_line' id='line_1_45' title="bbox 224 3023 448 3068; baseline 0.036 -10"><span class='ocrx_word' id='word_1_319' title='bbox 224 3023 406 3065; x_wconf 68' lang='lat' dir='ltr'><strong>munia:</strong></span> <span class='ocrx_word' id='word_1_320' title='bbox 437 3031 448 3068; x_wconf 71' lang='grc' dir='ltr'><strong>Σ</strong></span> 
     </span>
    </p>
   </div>
   <div class='ocr_carea' id='block_1_46' title="bbox 332 3125 1803 3216">
    <p class='ocr_par' dir='ltr' id='par_1_46' title="bbox 332 3125 1803 3216">
     <span class='ocr_line' id='line_1_46' title="bbox 332 3125 1803 3216; baseline 0.024 -43"><span class='ocrx_word' id='word_1_321' title='bbox 332 3125 457 3176; x_wconf 85' lang='lat' dir='ltr'><strong>lliuc</strong></span> <span class='ocrx_word' id='word_1_322' title='bbox 483 3145 528 3178; x_wconf 79' lang='lat' dir='ltr'><strong>in</strong></span> <span class='ocrx_word' id='word_1_323' title='bbox 567 3140 727 3198; x_wconf 88' lang='lat' dir='ltr'><strong>tuum,</strong></span> <span class='ocrx_word' id='word_1_324' title='bbox 755 3142 1075 3206; x_wconf 79' lang='lat' dir='ltr'><strong>cupiuntque,</strong></span> <span class='ocrx_word' id='word_1_325' title='bbox 1101 3147 1288 3211; x_wconf 86' lang='lat' dir='ltr'><strong>dolent,</strong></span> <span class='ocrx_word' id='word_1_326' title='bbox 1318 3154 1632 3216; x_wconf 77' lang='lat' dir='ltr'><strong>gaudentque</strong></span> <span class='ocrx_word' id='word_1_327' title='bbox 1664 3172 1679 3206; x_wconf 87' lang='lat'><strong>:</strong></span> <span class='ocrx_word' id='word_1_328' title='bbox 1711 3173 1803 3209; x_wconf 87' lang='lat' dir='ltr'><strong>nec</strong></span> 
     </span>
    </p>
   </div>
   <div class='ocr_carea' id='block_1_47' title="bbox 1606 3219 1769 3277">
    <p class='ocr_par' dir='ltr' id='par_1_47' title="bbox 1606 3219 1769 3277">
     <span class='ocr_line' id='line_1_47' title="bbox 1606 3219 1769 3277; baseline 0.025 -12"><span class='ocrx_word' id='word_1_329' title='bbox 1606 3219 1769 3277; x_wconf 86' lang='lat' dir='ltr'><strong>[auras</strong></span> 
     </span>
    </p>
   </div>
   <div class='ocr_carea' id='block_1_48' title="bbox 329 3249 1792 3333">
    <p class='ocr_par' dir='ltr' id='par_1_48' title="bbox 329 3249 1792 3333">
     <span class='ocr_line' id='line_1_48' title="bbox 329 3249 1792 3333; baseline 0.023 -35"><span class='ocrx_word' id='word_1_330' title='bbox 329 3249 619 3313; x_wconf 77' lang='lat' dir='ltr'><strong>Suscipiunt</strong></span> <span class='ocrx_word' id='word_1_331' title='bbox 650 3257 978 3327; x_wconf 79' lang='lat' dir='ltr'><strong>[llespiciunt]</strong></span> <span class='ocrx_word' id='word_1_332' title='bbox 1023 3267 1202 3320; x_wconf 77' lang='lat' dir='ltr'><strong>clausa:</strong></span> <span class='ocrx_word' id='word_1_333' title='bbox 1243 3275 1465 3326; x_wconf 82' lang='lat' dir='ltr'><strong>tenebris</strong></span> <span class='ocrx_word' id='word_1_334' title='bbox 1506 3285 1558 3328; x_wconf 89' lang='lat' dir='ltr'><strong>et</strong></span> <span class='ocrx_word' id='word_1_335' title='bbox 1592 3249 1792 3333; x_wconf 44' lang='lat'><strong>(3:55:63</strong></span> 
     </span>
    </p>
   </div>
   <div class='ocr_carea' id='block_1_49' title="bbox 221 3401 1009 3479">
    <p class='ocr_par' dir='ltr' id='par_1_49' title="bbox 221 3401 1009 3479">
     <span class='ocr_line' id='line_1_49' title="bbox 221 3401 1009 3479; baseline 0.028 -34"><span class='ocrx_word' id='word_1_336' title='bbox 221 3406 422 3450; x_wconf 70' lang='lat' dir='ltr'><strong>secutus</strong></span> <span class='ocrx_word' id='word_1_337' title='bbox 448 3401 692 3470; x_wconf 71' lang='lat' dir='ltr'><strong>adjunxit</strong></span> <span class='ocrx_word' id='word_1_338' title='bbox 720 3417 878 3479; x_wconf 89' lang='lat' dir='ltr'><strong>atque</strong></span> <span class='ocrx_word' id='word_1_339' title='bbox 906 3413 1009 3466; x_wconf 85' lang='lat' dir='ltr'><strong>ait:</strong></span> 
     </span>
    </p>
   </div>
   <div class='ocr_carea' id='block_1_50' title="bbox 328 3512 1492 3596">
    <p class='ocr_par' dir='ltr' id='par_1_50' title="bbox 328 3512 1492 3596">
     <span class='ocr_line' id='line_1_50' title="bbox 328 3512 1492 3596; baseline 0.023 -41"><span class='ocrx_word' id='word_1_340' title='bbox 328 3512 460 3568; x_wconf 79' lang='lat' dir='ltr'><strong>Quin</strong></span> <span class='ocrx_word' id='word_1_341' title='bbox 483 3523 533 3564; x_wconf 78' lang='lat' dir='ltr'><strong>et</strong></span> <span class='ocrx_word' id='word_1_342' title='bbox 554 3530 914 3577; x_wconf 72' lang='lat' dir='ltr'><strong>supremorum</strong></span> <span class='ocrx_word' id='word_1_343' title='bbox 942 3525 1126 3578; x_wconf 86' lang='lat' dir='ltr'><strong>lumine</strong></span> <span class='ocrx_word' id='word_1_344' title='bbox 1150 3531 1255 3582; x_wconf 63' lang='lat' dir='ltr'><strong>vita.</strong></span> <span class='ocrx_word' id='word_1_345' title='bbox 1273 3531 1492 3596; x_wconf 77' lang='lat' dir='ltr'><strong>reliquit,</strong></span> 
     </span>
    </p>
   </div>
   <div class='ocr_carea' id='block_1_51' title="bbox 147 3593 1630 3684">
    <p class='ocr_par' dir='ltr' id='par_1_51' title="bbox 147 3593 1630 3684">
     <span class='ocr_line' id='line_1_51' title="bbox 147 3593 1630 3684; baseline 0.024 -43"><span class='ocrx_word' id='word_1_346' title='bbox 147 3647 153 3653; x_wconf 48' lang='grc'><em>,</em></span> <span class='ocrx_word' id='word_1_347' title='bbox 221 3593 262 3645; x_wconf 87' lang='lat' dir='ltr'><strong>id</strong></span> <span class='ocrx_word' id='word_1_348' title='bbox 290 3608 382 3660; x_wconf 68' lang='lat' dir='ltr'><strong>est,</strong></span> <span class='ocrx_word' id='word_1_349' title='bbox 414 3614 537 3652; x_wconf 85' lang='lat' dir='ltr'><strong>eum</strong></span> <span class='ocrx_word' id='word_1_350' title='bbox 568 3604 655 3658; x_wconf 90' lang='lat' dir='ltr'><strong>die</strong></span> <span class='ocrx_word' id='word_1_351' title='bbox 685 3611 971 3663; x_wconf 74' lang='lat' dir='ltr'><strong>novissimo</strong></span> <span class='ocrx_word' id='word_1_352' title='bbox 999 3615 1212 3684; x_wconf 89' lang='lat' dir='ltr'><strong>reliquit</strong></span> <span class='ocrx_word' id='word_1_353' title='bbox 1239 3633 1334 3673; x_wconf 87' lang='lat' dir='ltr'><strong>eas</strong></span> <span class='ocrx_word' id='word_1_354' title='bbox 1362 3593 1460 3675; x_wconf 78' lang='lat' dir='ltr'><strong>ista</strong></span> <span class='ocrx_word' id='word_1_355' title='bbox 1483 3623 1587 3676; x_wconf 84' lang='lat' dir='ltr'><strong>vita</strong></span> <span class='ocrx_word' id='word_1_356' title='bbox 1617 3641 1630 3676; x_wconf 89' lang='lat'><strong>:</strong></span> 
     </span>
    </p>
   </div>
   <div class='ocr_carea' id='block_1_52' title="bbox 327 3687 1795 3766">
    <p class='ocr_par' dir='ltr' id='par_1_52' title="bbox 327 3687 1795 3766">
     <span class='ocr_line' id='line_1_52' title="bbox 327 3687 1795 3766; baseline 0.018 -31"><span class='ocrx_word' id='word_1_357' title='bbox 327 3687 439 3736; x_wconf 69' lang='lat' dir='ltr'><strong>Non</strong></span> <span class='ocrx_word' id='word_1_358' title='bbox 468 3698 628 3741; x_wconf 68' lang='lat' dir='ltr'><strong>tamen</strong></span> <span class='ocrx_word' id='word_1_359' title='bbox 654 3695 850 3759; x_wconf 76' lang='lat' dir='ltr'><strong>(inquit)</strong></span> <span class='ocrx_word' id='word_1_360' title='bbox 868 3714 1012 3750; x_wconf 85' lang='lat' dir='ltr'><strong>omne</strong></span> <span class='ocrx_word' id='word_1_361' title='bbox 1031 3704 1206 3752; x_wconf 84' lang='lat' dir='ltr'><strong>malum</strong></span> <span class='ocrx_word' id='word_1_362' title='bbox 1234 3707 1444 3766; x_wconf 69' lang='lat' dir='ltr'><strong>inriseris,</strong></span> <span class='ocrx_word' id='word_1_363' title='bbox 1468 3724 1563 3761; x_wconf 86' lang='lat' dir='ltr'><strong>nec</strong></span> <span class='ocrx_word' id='word_1_364' title='bbox 1583 3711 1795 3762; x_wconf 77' lang='lat' dir='ltr'><strong>funditus</strong></span> 
     </span>
    </p>
   </div>
   <div class='ocr_carea' id='block_1_53' title="bbox 324 3776 1764 3890">
    <p class='ocr_par' dir='ltr' id='par_1_53' title="bbox 324 3776 1764 3890">
     <span class='ocr_line' id='line_1_53' title="bbox 324 3776 1764 3890; baseline 0.013 -32"><span class='ocrx_word' id='word_1_365' title='bbox 324 3812 593 3890; x_wconf 50' lang='lat' dir='ltr'><strong>tim-porcae</strong></span> <span class='ocrx_word' id='word_1_366' title='bbox 617 3821 863 3869; x_wconf 77' lang='lat' dir='ltr'><strong>excedunt</strong></span> <span class='ocrx_word' id='word_1_367' title='bbox 879 3830 1047 3890; x_wconf 72' lang='lat' dir='ltr'><strong>restes</strong></span> <span class='ocrx_word' id='word_1_368' title='bbox 1073 3839 1085 3874; x_wconf 91' lang='lat'><strong>:</strong></span> <span class='ocrx_word' id='word_1_369' title='bbox 1111 3829 1405 3890; x_wconf 82' lang='lat' dir='ltr'><strong>penitusque</strong></span> <span class='ocrx_word' id='word_1_370' title='bbox 1421 3776 1764 3885; x_wconf 53' lang='lat' dir='ltr'><strong>uecesliiiangisis</strong></span> 
     </span>
    </p>
   </div>
   <div class='ocr_carea' id='block_1_54' title="bbox 327 3873 1480 3940">
    <p class='ocr_par' dir='ltr' id='par_1_54' title="bbox 327 3873 1480 3940">
     <span class='ocr_line' id='line_1_54' title="bbox 327 3873 1480 3940; baseline -0.01 11"><span class='ocrx_word' id='word_1_371' title='bbox 327 3873 485 3940; x_wconf 64' lang='lat' dir='ltr'><strong>M&#39;ma</strong></span> <span class='ocrx_word' id='word_1_372' title='bbox 507 3878 589 3926; x_wconf 66' lang='lat' dir='ltr'><strong>‘I&#39;U</strong></span> <span class='ocrx_word' id='word_1_373' title='bbox 611 3890 841 3932; x_wconf 72' lang='lat' dir='ltr'><strong>COtlt‘rela</strong></span> <span class='ocrx_word' id='word_1_374' title='bbox 861 3873 1011 3932; x_wconf 71' lang='lat' dir='ltr'><strong>modis</strong></span> <span class='ocrx_word' id='word_1_375' title='bbox 1031 3873 1480 3940; x_wconf 48' lang='lat' dir='ltr'><strong>nioids’c&#39;eié‘liiri;</strong></span> 
     </span>
    </p>
   </div>
   <div class='ocr_carea' id='block_1_55' title="bbox 328 3939 1615 4010">
    <p class='ocr_par' dir='ltr' id='par_1_55' title="bbox 328 3939 1615 4010">
     <span class='ocr_line' id='line_1_55' title="bbox 328 3939 1615 4010; baseline 0.017 -29"><span class='ocrx_word' id='word_1_376' title='bbox 328 3939 801 4010; x_wconf 45' lang='lat' dir='ltr'><strong>l‘rgoeserreutur</strong></span> <span class='ocrx_word' id='word_1_377' title='bbox 821 3947 1008 4010; x_wconf 56' lang='lat' dir='ltr'><strong>poenis;</strong></span> <span class='ocrx_word' id='word_1_378' title='bbox 1033 3959 1355 4010; x_wconf 70' lang='grc' dir='ltr'><strong>νειενυιικιυρ</strong></span> <span class='ocrx_word' id='word_1_379' title='bbox 1381 3939 1615 4003; x_wconf 81' lang='lat' dir='ltr'><strong>malorum</strong></span> 
     </span>
    </p>
   </div>
   <div class='ocr_carea' id='block_1_56' title="bbox 325 4000 1552 4070">
    <p class='ocr_par' dir='ltr' id='par_1_56' title="bbox 325 4000 1552 4070">
     <span class='ocr_line' id='line_1_56' title="bbox 325 4000 1552 4070; baseline 0.017 -29"><span class='ocrx_word' id='word_1_380' title='bbox 325 4000 583 4070; x_wconf 51' lang='lat' dir='ltr'><strong>familicia</strong></span> <span class='ocrx_word' id='word_1_381' title='bbox 611 4000 920 4070; x_wconf 78' lang='lat' dir='ltr'><strong>expendunt;</strong></span> <span class='ocrx_word' id='word_1_382' title='bbox 945 4007 1056 4057; x_wconf 70' lang='lat' dir='ltr'><strong>alia:</strong></span> <span class='ocrx_word' id='word_1_383' title='bbox 1086 4000 1361 4070; x_wconf 69' lang='lat' dir='ltr'><strong>panduntur</strong></span> <span class='ocrx_word' id='word_1_384' title='bbox 1380 4015 1552 4062; x_wconf 74' lang='lat' dir='ltr'><strong>inanes</strong></span> 
     </span>
    </p>
   </div>
   <div class='ocr_carea' id='block_1_57' title="bbox 325 4059 1549 4134">
    <p class='ocr_par' dir='ltr' id='par_1_57' title="bbox 325 4059 1549 4134">
     <span class='ocr_line' id='line_1_57' title="bbox 325 4059 1549 4134; baseline 0.016 -29"><span class='ocrx_word' id='word_1_385' title='bbox 325 4059 596 4134; x_wconf 47' lang='lat' dir='ltr'><strong>ﬁtgpcusa‘</strong></span> <span class='ocrx_word' id='word_1_386' title='bbox 621 4059 918 4134; x_wconf 63' lang='lat' dir='ltr'><strong>ad_vcutos_i</strong></span> <span class='ocrx_word' id='word_1_387' title='bbox 944 4070 1052 4118; x_wconf 64' lang='lat' dir='ltr'><strong>aliis</strong></span> <span class='ocrx_word' id='word_1_388' title='bbox 1075 4059 1168 4120; x_wconf 76' lang='lat' dir='ltr'><strong>sub</strong></span> <span class='ocrx_word' id='word_1_389' title='bbox 1189 4059 1388 4134; x_wconf 81' lang='lat' dir='ltr'><strong>gurgite</strong></span> <span class='ocrx_word' id='word_1_390' title='bbox 1403 4059 1549 4125; x_wconf 68' lang='lat' dir='ltr'><strong>vasto</strong></span> 
     </span>
    </p>
   </div>
   <div class='ocr_carea' id='block_1_58' title="bbox 326 4120 1488 4196">
    <p class='ocr_par' dir='ltr' id='par_1_58' title="bbox 326 4120 1488 4196">
     <span class='ocr_line' id='line_1_58' title="bbox 326 4120 1488 4196; baseline 0.017 -30"><span class='ocrx_word' id='word_1_391' title='bbox 326 4120 570 4170; x_wconf 64' lang='lat' dir='ltr'><strong>[ulc-ctum</strong></span> <span class='ocrx_word' id='word_1_392' title='bbox 594 4125 773 4174; x_wconf 88' lang='lat' dir='ltr'><strong>eluitur</strong></span> <span class='ocrx_word' id='word_1_393' title='bbox 798 4127 978 4190; x_wconf 84' lang='lat' dir='ltr'><strong>scelus,</strong></span> <span class='ocrx_word' id='word_1_394' title='bbox 999 4140 1083 4180; x_wconf 88' lang='lat' dir='ltr'><strong>aut</strong></span> <span class='ocrx_word' id='word_1_395' title='bbox 1111 4120 1488 4196; x_wconf 26' lang='lat' dir='ltr'><strong>exiiritiir’igui:</strong></span> 
     </span>
    </p>
   </div>
   <div class='ocr_carea' id='block_1_59' title="bbox 215 4219 1798 4311">
    <p class='ocr_par' dir='ltr' id='par_1_59' title="bbox 215 4219 1798 4311">
     <span class='ocr_line' id='line_1_59' title="bbox 215 4219 1798 4311; baseline 0.017 -41"><span class='ocrx_word' id='word_1_396' title='bbox 215 4219 300 4285; x_wconf 84' lang='lat' dir='ltr'><strong>Qui</strong></span> <span class='ocrx_word' id='word_1_397' title='bbox 343 4225 453 4280; x_wconf 90' lang='lat' dir='ltr'><strong>hoc</strong></span> <span class='ocrx_word' id='word_1_398' title='bbox 505 4227 810 4297; x_wconf 85' lang='lat' dir='ltr'><strong>opinantur,</strong></span> <span class='ocrx_word' id='word_1_399' title='bbox 855 4233 1028 4288; x_wconf 86' lang='lat' dir='ltr'><strong>nullas</strong></span> <span class='ocrx_word' id='word_1_400' title='bbox 1079 4251 1264 4306; x_wconf 74' lang='lat' dir='ltr'><strong>pmuas</strong></span> <span class='ocrx_word' id='word_1_401' title='bbox 1320 4238 1422 4299; x_wconf 86' lang='lat' dir='ltr'><strong>nisi</strong></span> <span class='ocrx_word' id='word_1_402' title='bbox 1468 4245 1798 4311; x_wconf 87' lang='lat' dir='ltr'><strong>purgatorias</strong></span> 
     </span>
    </p>
   </div>
   <div class='ocr_carea' id='block_1_60' title="bbox 216 4314 1799 4404">
    <p class='ocr_par' dir='ltr' id='par_1_60' title="bbox 216 4314 1799 4404">
     <span class='ocr_line' id='line_1_60' title="bbox 216 4314 1799 4404; baseline 0.019 -43"><span class='ocrx_word' id='word_1_403' title='bbox 216 4314 381 4370; x_wconf 76' lang='lat' dir='ltr'><strong>velqu</strong></span> <span class='ocrx_word' id='word_1_404' title='bbox 409 4334 535 4373; x_wconf 81' lang='lat' dir='ltr'><strong>esse</strong></span> <span class='ocrx_word' id='word_1_405' title='bbox 581 4332 703 4390; x_wconf 78' lang='lat' dir='ltr'><strong>post</strong></span> <span class='ocrx_word' id='word_1_406' title='bbox 752 4335 1001 4392; x_wconf 90' lang='lat' dir='ltr'><strong>mortem,</strong></span> <span class='ocrx_word' id='word_1_407' title='bbox 1051 4338 1109 4382; x_wconf 89' lang='lat' dir='ltr'><strong>ut</strong></span> <span class='ocrx_word' id='word_1_408' title='bbox 1158 4332 1408 4399; x_wconf 89' lang='lat' dir='ltr'><strong>quoniam</strong></span> <span class='ocrx_word' id='word_1_409' title='bbox 1437 4335 1593 4388; x_wconf 88' lang='lat' dir='ltr'><strong>terris</strong></span> <span class='ocrx_word' id='word_1_410' title='bbox 1637 4351 1799 4404; x_wconf 86' lang='lat' dir='ltr'><strong>supe-</strong></span> 
     </span>
    </p>
   </div>
   <div class='ocr_carea' id='block_1_61' title="bbox 216 4409 1803 4496">
    <p class='ocr_par' dir='ltr' id='par_1_61' title="bbox 216 4409 1803 4496">
     <span class='ocr_line' id='line_1_61' title="bbox 216 4409 1803 4496; baseline 0.013 -38"><span class='ocrx_word' id='word_1_411' title='bbox 216 4409 343 4462; x_wconf 75' lang='lat' dir='ltr'><strong>riora</strong></span> <span class='ocrx_word' id='word_1_412' title='bbox 393 4427 520 4466; x_wconf 84' lang='lat' dir='ltr'><strong>sunt</strong></span> <span class='ocrx_word' id='word_1_413' title='bbox 550 4417 836 4482; x_wconf 85' lang='lat' dir='ltr'><strong>elementa,</strong></span> <span class='ocrx_word' id='word_1_414' title='bbox 867 4434 1027 4489; x_wconf 87' lang='lat' dir='ltr'><strong>aqua,</strong></span> <span class='ocrx_word' id='word_1_415' title='bbox 1061 4436 1175 4487; x_wconf 83' lang='lat' dir='ltr'><strong>aer,</strong></span> <span class='ocrx_word' id='word_1_416' title='bbox 1223 4424 1359 4492; x_wconf 83' lang='lat' dir='ltr'><strong>ignis</strong></span> <span class='ocrx_word' id='word_1_417' title='bbox 1382 4465 1396 4487; x_wconf 90' lang='lat'><strong>,</strong></span> <span class='ocrx_word' id='word_1_418' title='bbox 1424 4442 1486 4479; x_wconf 83' lang='lat' dir='ltr'><strong>ex</strong></span> <span class='ocrx_word' id='word_1_419' title='bbox 1515 4427 1691 4496; x_wconf 89' lang='lat' dir='ltr'><strong>aliquo</strong></span> <span class='ocrx_word' id='word_1_420' title='bbox 1732 4429 1803 4482; x_wconf 89' lang='lat' dir='ltr'><strong>is-</strong></span> 
     </span>
    </p>
   </div>
   <div class='ocr_carea' id='block_1_62' title="bbox 217 4507 1802 4585">
    <p class='ocr_par' dir='ltr' id='par_1_62' title="bbox 217 4507 1802 4585">
     <span class='ocr_line' id='line_1_62' title="bbox 217 4507 1802 4585; baseline 0.012 -34"><span class='ocrx_word' id='word_1_421' title='bbox 217 4507 378 4555; x_wconf 90' lang='lat' dir='ltr'><strong>torum</strong></span> <span class='ocrx_word' id='word_1_422' title='bbox 411 4507 704 4560; x_wconf 72' lang='lat' dir='ltr'><strong>mundi-tur</strong></span> <span class='ocrx_word' id='word_1_423' title='bbox 731 4525 826 4576; x_wconf 87' lang='lat' dir='ltr'><strong>per</strong></span> <span class='ocrx_word' id='word_1_424' title='bbox 869 4510 1198 4574; x_wconf 75' lang='lat' dir='ltr'><strong>expiatorios</strong></span> <span class='ocrx_word' id='word_1_425' title='bbox 1234 4529 1419 4580; x_wconf 78' lang='lat' dir='ltr'><strong>pomus</strong></span> <span class='ocrx_word' id='word_1_426' title='bbox 1457 4517 1599 4585; x_wconf 88' lang='lat' dir='ltr'><strong>quod</strong></span> <span class='ocrx_word' id='word_1_427' title='bbox 1631 4532 1660 4569; x_wconf 88' lang='lat' dir='ltr'><strong>a</strong></span> <span class='ocrx_word' id='word_1_428' title='bbox 1692 4527 1802 4572; x_wconf 91' lang='lat' dir='ltr'><strong>ter-</strong></span> 
     </span>
    </p>
   </div>
   <div class='ocr_carea' id='block_1_63' title="bbox 214 4597 1793 4676">
    <p class='ocr_par' dir='ltr' id='par_1_63' title="bbox 214 4597 1793 4676">
     <span class='ocr_line' id='line_1_63' title="bbox 214 4597 1793 4676; baseline 0.011 -34"><span class='ocrx_word' id='word_1_429' title='bbox 214 4605 332 4644; x_wconf 88' lang='lat' dir='ltr'><strong>rena</strong></span> <span class='ocrx_word' id='word_1_430' title='bbox 357 4597 677 4664; x_wconf 75' lang='lat' dir='ltr'><strong>coiitagioue</strong></span> <span class='ocrx_word' id='word_1_431' title='bbox 720 4610 1050 4654; x_wconf 84' lang='lat' dir='ltr'><strong>contractum</strong></span> <span class='ocrx_word' id='word_1_432' title='bbox 1083 4614 1185 4655; x_wconf 80' lang='lat' dir='ltr'><strong>est.</strong></span> <span class='ocrx_word' id='word_1_433' title='bbox 1221 4606 1326 4656; x_wconf 85' lang='lat' dir='ltr'><strong>Aer</strong></span> <span class='ocrx_word' id='word_1_434' title='bbox 1365 4605 1560 4672; x_wconf 84' lang='lat' dir='ltr'><strong>quippe</strong></span> <span class='ocrx_word' id='word_1_435' title='bbox 1597 4607 1793 4676; x_wconf 58' lang='lat' dir='ltr'><strong>accipi.</strong></span> 
     </span>
    </p>
   </div>
   <div class='ocr_carea' id='block_1_64' title="bbox 1915 2043 2957 2109">
    <p class='ocr_par' dir='ltr' id='par_1_64' title="bbox 1915 2043 2957 2109">
     <span class='ocr_line' id='line_1_64' title="bbox 1915 2043 2957 2109; baseline 0.013 -17"><span class='ocrx_word' id='word_1_436' title='bbox 1915 2047 2040 2106; x_wconf 91' lang='lat' dir='ltr'><strong>tam,</strong></span> <span class='ocrx_word' id='word_1_437' title='bbox 2069 2052 2123 2094; x_wconf 91' lang='lat' dir='ltr'><strong>et</strong></span> <span class='ocrx_word' id='word_1_438' title='bbox 2154 2043 2252 2109; x_wconf 83' lang='lat' dir='ltr'><strong>ipsi</strong></span> <span class='ocrx_word' id='word_1_439' title='bbox 2279 2047 2521 2099; x_wconf 66' lang='lat' dir='ltr'><strong>novimus</strong></span> <span class='ocrx_word' id='word_1_440' title='bbox 2551 2058 2602 2102; x_wconf 88' lang='lat' dir='ltr'><strong>et</strong></span> <span class='ocrx_word' id='word_1_441' title='bbox 2633 2051 2957 2106; x_wconf 82' lang='lat' dir='ltr'><strong>audivimus.</strong></span> 
     </span>
    </p>
   </div>
   <div class='ocr_carea' id='block_1_65' title="bbox 2443 2159 2970 2224">
    <p class='ocr_par' dir='ltr' id='par_1_65' title="bbox 2443 2159 2970 2224">
     <span class='ocr_line' id='line_1_65' title="bbox 2443 2159 2970 2224; baseline 0.015 -8"><span class='ocrx_word' id='word_1_442' title='bbox 2443 2159 2668 2220; x_wconf 82' lang='lat' dir='ltr'><strong>CAPUT</strong></span> <span class='ocrx_word' id='word_1_443' title='bbox 2696 2164 2970 2224; x_wconf 73' lang='lat' dir='ltr'><strong>CXLVIII.</strong></span> 
     </span>
    </p>
   </div>
   <div class='ocr_carea' id='block_1_66' title="bbox 1915 2263 3503 2349">
    <p class='ocr_par' dir='ltr' id='par_1_66' title="bbox 1915 2263 3503 2349">
     <span class='ocr_line' id='line_1_66' title="bbox 1915 2263 3503 2349; baseline 0.013 -34"><span class='ocrx_word' id='word_1_444' title='bbox 1915 2263 1991 2318; x_wconf 80' lang='lat' dir='ltr'><strong>De</strong></span> <span class='ocrx_word' id='word_1_445' title='bbox 2014 2265 2096 2349; x_wconf 63' lang='lat' dir='ltr'><strong>(iis</strong></span> <span class='ocrx_word' id='word_1_446' title='bbox 2129 2271 2215 2349; x_wconf 71' lang='lat' dir='ltr'><strong>qui</strong></span> <span class='ocrx_word' id='word_1_447' title='bbox 2237 2288 2347 2349; x_wconf 65' lang='lat' dir='ltr'><strong>eos,</strong></span> <span class='ocrx_word' id='word_1_448' title='bbox 2372 2275 2461 2349; x_wconf 71' lang='lat' dir='ltr'><strong>qui</strong></span> <span class='ocrx_word' id='word_1_449' title='bbox 2489 2288 2786 2340; x_wconf 75' lang='lat' dir='ltr'><strong>permanent</strong></span> <span class='ocrx_word' id='word_1_450' title='bbox 2832 2279 2884 2330; x_wconf 78' lang='lat' dir='ltr'><strong>in</strong></span> <span class='ocrx_word' id='word_1_451' title='bbox 2911 2280 3163 2334; x_wconf 74' lang='lat' dir='ltr'><strong>catholica</strong></span> <span class='ocrx_word' id='word_1_452' title='bbox 3190 2283 3312 2349; x_wconf 66' lang='lat' dir='ltr'><strong>ﬁde,</strong></span> <span class='ocrx_word' id='word_1_453' title='bbox 3347 2285 3503 2336; x_wconf 77' lang='lat' dir='ltr'><strong>etiam</strong></span> 
     </span>
    </p>
   </div>
   <div class='ocr_carea' id='block_1_67' title="bbox 1982 2342 3498 2420">
    <p class='ocr_par' dir='ltr' id='par_1_67' title="bbox 1982 2342 3498 2420">
     <span class='ocr_line' id='line_1_67' title="bbox 1982 2342 3498 2420; baseline 0.007 -26"><span class='ocrx_word' id='word_1_454' title='bbox 1982 2343 2028 2394; x_wconf 67' lang='lat' dir='ltr'><strong>si</strong></span> <span class='ocrx_word' id='word_1_455' title='bbox 2059 2342 2273 2420; x_wconf 65' lang='lat' dir='ltr'><strong>pessime</strong></span> <span class='ocrx_word' id='word_1_456' title='bbox 2305 2343 2554 2420; x_wconf 73' lang='lat' dir='ltr'><strong>vixerint.</strong></span> <span class='ocrx_word' id='word_1_457' title='bbox 2591 2356 2758 2398; x_wconf 85' lang='lat' dir='ltr'><strong>tamen</strong></span> <span class='ocrx_word' id='word_1_458' title='bbox 2793 2358 2999 2415; x_wconf 65' lang='lat' dir='ltr'><strong>promer</strong></span> <span class='ocrx_word' id='word_1_459' title='bbox 3040 2351 3157 2416; x_wconf 74' lang='lat' dir='ltr'><strong>fidei</strong></span> <span class='ocrx_word' id='word_1_460' title='bbox 3190 2342 3498 2420; x_wconf 50' lang='lat' dir='ltr'><strong>fundi/utcu-</strong></span> 
     </span>
    </p>
   </div>
   <div class='ocr_carea' id='block_1_68' title="bbox 1985 2409 3501 2484">
    <p class='ocr_par' dir='ltr' id='par_1_68' title="bbox 1985 2409 3501 2484">
     <span class='ocr_line' id='line_1_68' title="bbox 1985 2409 3501 2484; baseline 0.011 -23"><span class='ocrx_word' id='word_1_461' title='bbox 1985 2422 2112 2484; x_wconf 59' lang='grc' dir='ltr'><strong>ιῃιηι⁸</strong></span> <span class='ocrx_word' id='word_1_462' title='bbox 2128 2409 2401 2484; x_wconf 70' lang='lat' dir='ltr'><strong>solvaudos</strong></span> <span class='ocrx_word' id='word_1_463' title='bbox 2445 2430 2552 2468; x_wconf 76' lang='lat' dir='ltr'><strong>esse</strong></span> <span class='ocrx_word' id='word_1_464' title='bbox 2589 2417 2862 2484; x_wconf 76' lang='lat' dir='ltr'><strong>deﬁniunt,</strong></span> <span class='ocrx_word' id='word_1_465' title='bbox 2883 2409 2896 2415; x_wconf 68' lang='grc'><em>’</em></span> <span class='ocrx_word' id='word_1_466' title='bbox 2917 2433 2983 2473; x_wconf 75' lang='lat' dir='ltr'><strong>ea:</strong></span> <span class='ocrx_word' id='word_1_467' title='bbox 3016 2409 3202 2474; x_wconf 67' lang='lat' dir='ltr'><strong>eodeni</strong></span> <span class='ocrx_word' id='word_1_468' title='bbox 3237 2423 3371 2476; x_wconf 74' lang='lat' dir='ltr'><strong>Lbro</strong></span> <span class='ocrx_word' id='word_1_469' title='bbox 3413 2437 3501 2478; x_wconf 73' lang='lat' dir='ltr'><strong>xxI</strong></span> 
     </span>
    </p>
   </div>
   <div class='ocr_carea' id='block_1_69' title="bbox 1982 2481 2424 2536">
    <p class='ocr_par' dir='ltr' id='par_1_69' title="bbox 1982 2481 2424 2536">
     <span class='ocr_line' id='line_1_69' title="bbox 1982 2481 2424 2536; baseline 0.005 -3"><span class='ocrx_word' id='word_1_470' title='bbox 1982 2482 2044 2534; x_wconf 81' lang='lat' dir='ltr'><strong>de</strong></span> <span class='ocrx_word' id='word_1_471' title='bbox 2075 2481 2286 2535; x_wconf 80' lang='lat' dir='ltr'><strong>Civitatc</strong></span> <span class='ocrx_word' id='word_1_472' title='bbox 2313 2481 2424 2536; x_wconf 85' lang='lat' dir='ltr'><strong>Dei.</strong></span> 
     </span>
    </p>
   </div>
   <div class='ocr_carea' id='block_1_70' title="bbox 1983 2598 3495 2675">
    <p class='ocr_par' dir='ltr' id='par_1_70' title="bbox 1983 2598 3495 2675">
     <span class='ocr_line' id='line_1_70' title="bbox 1983 2598 3495 2675; baseline 0.005 -23"><span class='ocrx_word' id='word_1_473' title='bbox 1983 2598 2117 2653; x_wconf 84' lang='lat' dir='ltr'><strong>Sunt</strong></span> <span class='ocrx_word' id='word_1_474' title='bbox 2147 2599 2364 2671; x_wconf 81' lang='lat' dir='ltr'><strong>[autem]</strong></span> <span class='ocrx_word' id='word_1_475' title='bbox 2395 2600 2483 2670; x_wconf 92' lang='lat' dir='ltr'><strong>qui</strong></span> <span class='ocrx_word' id='word_1_476' title='bbox 2533 2611 2752 2670; x_wconf 88' lang='lat' dir='ltr'><strong>propter</strong></span> <span class='ocrx_word' id='word_1_477' title='bbox 2801 2603 2849 2657; x_wconf 90' lang='lat' dir='ltr'><strong>id</strong></span> <span class='ocrx_word' id='word_1_478' title='bbox 2879 2604 3020 2675; x_wconf 75' lang='lat' dir='ltr'><strong>quod</strong></span> <span class='ocrx_word' id='word_1_479' title='bbox 3063 2605 3316 2672; x_wconf 83' lang='lat' dir='ltr'><strong>scriptum</strong></span> <span class='ocrx_word' id='word_1_480' title='bbox 3367 2616 3495 2672; x_wconf 78' lang='lat' dir='ltr'><strong>est,</strong></span> 
     </span>
    </p>
   </div>
   <div class='ocr_carea' id='block_1_71' title="bbox 1911 2689 3490 2765">
    <p class='ocr_par' dir='ltr' id='par_1_71' title="bbox 1911 2689 3490 2765">
     <span class='ocr_line' id='line_1_71' title="bbox 1911 2689 3490 2765; baseline 0.009 -26"><span class='ocrx_word' id='word_1_481' title='bbox 1911 2689 2008 2756; x_wconf 86' lang='lat' dir='ltr'><strong>Qui</strong></span> <span class='ocrx_word' id='word_1_482' title='bbox 2043 2695 2457 2760; x_wconf 72' lang='lat' dir='ltr'><strong>perseveraverit</strong></span> <span class='ocrx_word' id='word_1_483' title='bbox 2521 2708 2688 2761; x_wconf 75' lang='lat' dir='ltr'><strong>usque</strong></span> <span class='ocrx_word' id='word_1_484' title='bbox 2713 2695 2764 2748; x_wconf 91' lang='lat' dir='ltr'><strong>in</strong></span> <span class='ocrx_word' id='word_1_485' title='bbox 2795 2695 2950 2750; x_wconf 90' lang='lat' dir='ltr'><strong>linem</strong></span> <span class='ocrx_word' id='word_1_486' title='bbox 2979 2694 3065 2751; x_wconf 82' lang='lat' dir='ltr'><strong>hic</strong></span> <span class='ocrx_word' id='word_1_487' title='bbox 3116 2697 3294 2750; x_wconf 63' lang='lat' dir='ltr'><strong>salvus</strong></span> <span class='ocrx_word' id='word_1_488' title='bbox 3350 2701 3490 2765; x_wconf 90' lang='lat' dir='ltr'><strong>erit,</strong></span> 
     </span>
    </p>
   </div>
   <div class='ocr_carea' id='block_1_72' title="bbox 1910 2783 3494 2858">
    <p class='ocr_par' dir='ltr' id='par_1_72' title="bbox 1910 2783 3494 2858">
     <span class='ocr_line' id='line_1_72' title="bbox 1910 2783 3494 2858; baseline 0.004 -23"><span class='ocrx_word' id='word_1_489' title='bbox 1910 2798 2015 2835; x_wconf 89' lang='lat' dir='ltr'><strong>non</strong></span> <span class='ocrx_word' id='word_1_490' title='bbox 2043 2783 2143 2836; x_wconf 74' lang='lat' dir='ltr'><strong>nisi</strong></span> <span class='ocrx_word' id='word_1_491' title='bbox 2172 2783 2220 2836; x_wconf 90' lang='lat' dir='ltr'><strong>iu</strong></span> <span class='ocrx_word' id='word_1_492' title='bbox 2244 2783 2476 2837; x_wconf 84' lang='lat' dir='ltr'><strong>Ecclesia</strong></span> <span class='ocrx_word' id='word_1_493' title='bbox 2499 2785 2764 2840; x_wconf 85' lang='lat' dir='ltr'><strong>catholica</strong></span> <span class='ocrx_word' id='word_1_494' title='bbox 2807 2787 3287 2854; x_wconf 84' lang='lat' dir='ltr'><strong>perseverantibus,</strong></span> <span class='ocrx_word' id='word_1_495' title='bbox 3308 2803 3494 2858; x_wconf 62' lang='lat' dir='ltr'><strong>quam.</strong></span> 
     </span>
    </p>
   </div>
   <div class='ocr_carea' id='block_1_73' title="bbox 1911 2869 3492 2948">
    <p class='ocr_par' dir='ltr' id='par_1_73' title="bbox 1911 2869 3492 2948">
     <span class='ocr_line' id='line_1_73' title="bbox 1911 2869 3492 2948; baseline 0.006 -25"><span class='ocrx_word' id='word_1_496' title='bbox 1911 2869 1993 2924; x_wconf 66' lang='lat' dir='ltr'><strong>vis</strong></span> <span class='ocrx_word' id='word_1_497' title='bbox 2014 2871 2065 2924; x_wconf 91' lang='lat' dir='ltr'><strong>iu</strong></span> <span class='ocrx_word' id='word_1_498' title='bbox 2090 2886 2150 2926; x_wconf 88' lang='lat' dir='ltr'><strong>ea</strong></span> <span class='ocrx_word' id='word_1_499' title='bbox 2179 2872 2315 2927; x_wconf 83' lang='lat' dir='ltr'><strong>male</strong></span> <span class='ocrx_word' id='word_1_500' title='bbox 2346 2873 2667 2936; x_wconf 85' lang='lat' dir='ltr'><strong>viventibus,</strong></span> <span class='ocrx_word' id='word_1_501' title='bbox 2716 2875 2817 2929; x_wconf 91' lang='lat' dir='ltr'><strong>hoc</strong></span> <span class='ocrx_word' id='word_1_502' title='bbox 2842 2878 3174 2943; x_wconf 90' lang='lat' dir='ltr'><strong>promittunt,</strong></span> <span class='ocrx_word' id='word_1_503' title='bbox 3202 2893 3294 2944; x_wconf 88' lang='lat' dir='ltr'><strong>per</strong></span> <span class='ocrx_word' id='word_1_504' title='bbox 3319 2879 3492 2948; x_wconf 75' lang='lat' dir='ltr'><strong>ignem</strong></span> 
     </span>
    </p>
   </div>
   <div class='ocr_carea' id='block_1_74' title="bbox 1908 2962 3496 3038">
    <p class='ocr_par' dir='ltr' id='par_1_74' title="bbox 1908 2962 3496 3038">
     <span class='ocr_line' id='line_1_74' title="bbox 1908 2962 3496 3038; baseline 0.006 -24"><span class='ocrx_word' id='word_1_505' title='bbox 1908 2963 2156 3018; x_wconf 77' lang='lat' dir='ltr'><strong>videlicet</strong></span> <span class='ocrx_word' id='word_1_506' title='bbox 2207 2964 2473 3018; x_wconf 89' lang='lat' dir='ltr'><strong>salvaudis</strong></span> <span class='ocrx_word' id='word_1_507' title='bbox 2518 2963 2711 3019; x_wconf 86' lang='lat' dir='ltr'><strong>merito</strong></span> <span class='ocrx_word' id='word_1_508' title='bbox 2757 2962 3106 3032; x_wconf 76' lang='lat' dir='ltr'><strong>fundamenti,</strong></span> <span class='ocrx_word' id='word_1_509' title='bbox 3156 2967 3227 3023; x_wconf 90' lang='lat' dir='ltr'><strong>de</strong></span> <span class='ocrx_word' id='word_1_510' title='bbox 3275 2983 3380 3038; x_wconf 90' lang='lat' dir='ltr'><strong>quo</strong></span> <span class='ocrx_word' id='word_1_511' title='bbox 3422 2970 3496 3023; x_wconf 84' lang='lat' dir='ltr'><strong>ait</strong></span> 
     </span>
    </p>
   </div>
   <div class='ocr_carea' id='block_1_75' title="bbox 1909 3055 3496 3128">
    <p class='ocr_par' dir='ltr' id='par_1_75' title="bbox 1909 3055 3496 3128">
     <span class='ocr_line' id='line_1_75' title="bbox 1909 3055 3496 3128; baseline 0.002 -17"><span class='ocrx_word' id='word_1_512' title='bbox 1909 3055 2683 3125; x_wconf 77' lang='lat' dir='ltr'><strong>Apostolus:Fundamentum</strong></span> <span class='ocrx_word' id='word_1_513' title='bbox 2740 3057 2882 3111; x_wconf 91' lang='lat' dir='ltr'><strong>enim</strong></span> <span class='ocrx_word' id='word_1_514' title='bbox 2931 3057 3072 3112; x_wconf 89' lang='lat' dir='ltr'><strong>aliud</strong></span> <span class='ocrx_word' id='word_1_515' title='bbox 3122 3073 3280 3113; x_wconf 88' lang='lat' dir='ltr'><strong>nemo</strong></span> <span class='ocrx_word' id='word_1_516' title='bbox 3317 3069 3496 3128; x_wconf 79' lang='lat' dir='ltr'><strong>potest</strong></span> 
     </span>
    </p>
   </div>
   <div class='ocr_carea' id='block_1_76' title="bbox 1907 3145 3493 3218">
    <p class='ocr_par' dir='ltr' id='par_1_76' title="bbox 1907 3145 3493 3218">
     <span class='ocr_line' id='line_1_76' title="bbox 1907 3145 3493 3218; baseline 0.003 -19"><span class='ocrx_word' id='word_1_517' title='bbox 1907 3162 2125 3213; x_wconf 74' lang='lat' dir='ltr'><strong>ponere,</strong></span> <span class='ocrx_word' id='word_1_518' title='bbox 2161 3156 2353 3214; x_wconf 84' lang='lat' dir='ltr'><strong>pr:eter</strong></span> <span class='ocrx_word' id='word_1_519' title='bbox 2383 3146 2432 3200; x_wconf 90' lang='lat' dir='ltr'><strong>id</strong></span> <span class='ocrx_word' id='word_1_520' title='bbox 2466 3145 2605 3216; x_wconf 89' lang='lat' dir='ltr'><strong>quod</strong></span> <span class='ocrx_word' id='word_1_521' title='bbox 2638 3149 2867 3216; x_wconf 86' lang='lat' dir='ltr'><strong>positum</strong></span> <span class='ocrx_word' id='word_1_522' title='bbox 2899 3158 3002 3218; x_wconf 87' lang='lat' dir='ltr'><strong>est,</strong></span> <span class='ocrx_word' id='word_1_523' title='bbox 3037 3150 3176 3218; x_wconf 90' lang='lat' dir='ltr'><strong>quod</strong></span> <span class='ocrx_word' id='word_1_524' title='bbox 3207 3159 3291 3203; x_wconf 90' lang='lat' dir='ltr'><strong>est</strong></span> <span class='ocrx_word' id='word_1_525' title='bbox 3337 3149 3493 3206; x_wconf 89' lang='lat' dir='ltr'><strong>Chri-</strong></span> 
     </span>
    </p>
   </div>
   <div class='ocr_carea' id='block_1_77' title="bbox 1906 3240 3489 3313">
    <p class='ocr_par' dir='ltr' id='par_1_77' title="bbox 1906 3240 3489 3313">
     <span class='ocr_line' id='line_1_77' title="bbox 1906 3240 3489 3313; baseline 0.001 -19"><span class='ocrx_word' id='word_1_526' title='bbox 1906 3250 2018 3294; x_wconf 84' lang='lat' dir='ltr'><strong>stus</strong></span> <span class='ocrx_word' id='word_1_527' title='bbox 2039 3241 2214 3294; x_wconf 80' lang='lat' dir='ltr'><strong>Iesus.</strong></span> <span class='ocrx_word' id='word_1_528' title='bbox 2241 3241 2295 3296; x_wconf 85' lang='lat' dir='ltr'><strong>Si</strong></span> <span class='ocrx_word' id='word_1_529' title='bbox 2319 3242 2435 3309; x_wconf 82' lang='lat' dir='ltr'><strong>qu&#39;s</strong></span> <span class='ocrx_word' id='word_1_530' title='bbox 2459 3251 2633 3293; x_wconf 88' lang='lat' dir='ltr'><strong>autem</strong></span> <span class='ocrx_word' id='word_1_531' title='bbox 2657 3240 2884 3296; x_wconf 71' lang='lat' dir='ltr'><strong>aediﬁcat</strong></span> <span class='ocrx_word' id='word_1_532' title='bbox 2903 3256 3063 3313; x_wconf 90' lang='lat' dir='ltr'><strong>super</strong></span> <span class='ocrx_word' id='word_1_533' title='bbox 3087 3241 3489 3297; x_wconf 73' lang='lat' dir='ltr'><strong>fundamentum</strong></span> 
     </span>
    </p>
   </div>
   <div class='ocr_carea' id='block_1_78' title="bbox 1624 3307 3489 3407">
    <p class='ocr_par' dir='ltr' id='par_1_78' title="bbox 1624 3307 3489 3407">
     <span class='ocr_line' id='line_1_78' title="bbox 1624 3307 3489 3407; baseline 0.003 -26"><span class='ocrx_word' id='word_1_534' title='bbox 1901 3333 2045 3406; x_wconf 78' lang='lat' dir='ltr'><strong>[hoc]</strong></span> <span class='ocrx_word' id='word_1_535' title='bbox 2103 3349 2324 3397; x_wconf 87' lang='lat' dir='ltr'><strong>aurum,</strong></span> <span class='ocrx_word' id='word_1_536' title='bbox 2377 3343 2683 3402; x_wconf 81' lang='lat' dir='ltr'><strong>argentum,</strong></span> <span class='ocrx_word' id='word_1_537' title='bbox 2738 3333 2944 3403; x_wconf 85' lang='lat' dir='ltr'><strong>lapides</strong></span> <span class='ocrx_word' id='word_1_538' title='bbox 2989 3335 3272 3402; x_wconf 84' lang='lat' dir='ltr'><strong>pretiosos,</strong></span> <span class='ocrx_word' id='word_1_539' title='bbox 3326 3335 3489 3397; x_wconf 59' lang='lat' dir='ltr'><strong>ligna,</strong></span> 
     </span>
    </p>
   </div>
   <div class='ocr_carea' id='block_1_79' title="bbox 1896 3427 3488 3498">
    <p class='ocr_par' dir='ltr' id='par_1_79' title="bbox 1896 3427 3488 3498">
     <span class='ocr_line' id='line_1_79' title="bbox 1896 3427 3488 3498; baseline 0.001 -19"><span class='ocrx_word' id='word_1_540' title='bbox 1896 3427 2097 3487; x_wconf 81' lang='lat' dir='ltr'><strong>fenum,</strong></span> <span class='ocrx_word' id='word_1_541' title='bbox 2143 3427 2417 3492; x_wconf 81' lang='lat' dir='ltr'><strong>stipulam,</strong></span> <span class='ocrx_word' id='word_1_542' title='bbox 2439 3427 2855 3498; x_wconf 62' lang='lat' dir='ltr'><strong>tu‘iiuscujusque</strong></span> <span class='ocrx_word' id='word_1_543' title='bbox 2871 3443 3006 3495; x_wconf 87' lang='lat' dir='ltr'><strong>Opus</strong></span> <span class='ocrx_word' id='word_1_544' title='bbox 3029 3427 3488 3494; x_wconf 71' lang='lat' dir='ltr'><strong>manife~tabitur;</strong></span> 
     </span>
    </p>
   </div>
   <div class='ocr_carea' id='block_1_80' title="bbox 1894 3518 3491 3589">
    <p class='ocr_par' dir='ltr' id='par_1_80' title="bbox 1894 3518 3491 3589">
     <span class='ocr_line' id='line_1_80' title="bbox 1894 3518 3491 3589; baseline 0.001 -18"><span class='ocrx_word' id='word_1_545' title='bbox 1894 3519 2012 3573; x_wconf 90' lang='lat' dir='ltr'><strong>dics</strong></span> <span class='ocrx_word' id='word_1_546' title='bbox 2040 3520 2179 3572; x_wconf 78' lang='lat' dir='ltr'><strong>enim</strong></span> <span class='ocrx_word' id='word_1_547' title='bbox 2214 3518 2426 3572; x_wconf 89' lang='lat' dir='ltr'><strong>Domini</strong></span> <span class='ocrx_word' id='word_1_548' title='bbox 2455 3518 2770 3585; x_wconf 85' lang='lat' dir='ltr'><strong>declarabit,</strong></span> <span class='ocrx_word' id='word_1_549' title='bbox 2822 3520 3074 3589; x_wconf 85' lang='lat' dir='ltr'><strong>quoniam</strong></span> <span class='ocrx_word' id='word_1_550' title='bbox 3107 3519 3158 3573; x_wconf 93' lang='lat' dir='ltr'><strong>iu</strong></span> <span class='ocrx_word' id='word_1_551' title='bbox 3189 3521 3310 3587; x_wconf 88' lang='lat' dir='ltr'><strong>igne</strong></span> <span class='ocrx_word' id='word_1_552' title='bbox 3340 3535 3491 3574; x_wconf 83' lang='lat' dir='ltr'><strong>reve-</strong></span> 
     </span>
    </p>
   </div>
   <div class='ocr_carea' id='block_1_81' title="bbox 1898 3609 3490 3680">
    <p class='ocr_par' dir='ltr' id='par_1_81' title="bbox 1898 3609 3490 3680">
     <span class='ocr_line' id='line_1_81' title="bbox 1898 3609 3490 3680; baseline 0 -18"><span class='ocrx_word' id='word_1_553' title='bbox 1898 3611 2115 3676; x_wconf 87' lang='lat' dir='ltr'><strong>labitur,</strong></span> <span class='ocrx_word' id='word_1_554' title='bbox 2151 3621 2206 3665; x_wconf 89' lang='lat' dir='ltr'><strong>et</strong></span> <span class='ocrx_word' id='word_1_555' title='bbox 2235 3611 2654 3680; x_wconf 86' lang='lat' dir='ltr'><strong>uniuscujusque</strong></span> <span class='ocrx_word' id='word_1_556' title='bbox 2686 3626 2820 3679; x_wconf 90' lang='lat' dir='ltr'><strong>opus</strong></span> <span class='ocrx_word' id='word_1_557' title='bbox 2848 3611 3006 3680; x_wconf 88' lang='lat' dir='ltr'><strong>quale</strong></span> <span class='ocrx_word' id='word_1_558' title='bbox 3035 3611 3105 3664; x_wconf 92' lang='lat' dir='ltr'><strong>sit</strong></span> <span class='ocrx_word' id='word_1_559' title='bbox 3133 3611 3272 3677; x_wconf 70' lang='lat' dir='ltr'><strong>ignis</strong></span> <span class='ocrx_word' id='word_1_560' title='bbox 3299 3609 3490 3676; x_wconf 87' lang='lat' dir='ltr'><strong>proba-</strong></span> 
     </span>
    </p>
   </div>
   <div class='ocr_carea' id='block_1_82' title="bbox 1897 3698 3486 3771">
    <p class='ocr_par' dir='ltr' id='par_1_82' title="bbox 1897 3698 3486 3771">
     <span class='ocr_line' id='line_1_82' title="bbox 1897 3698 3486 3771; baseline -0.002 -16"><span class='ocrx_word' id='word_1_561' title='bbox 1897 3701 2010 3767; x_wconf 89' lang='lat' dir='ltr'><strong>bit;</strong></span> <span class='ocrx_word' id='word_1_562' title='bbox 2049 3703 2092 3756; x_wconf 88' lang='lat' dir='ltr'><strong>si</strong></span> <span class='ocrx_word' id='word_1_563' title='bbox 2126 3701 2281 3771; x_wconf 83' lang='lat' dir='ltr'><strong>cujus</strong></span> <span class='ocrx_word' id='word_1_564' title='bbox 2311 3717 2445 3770; x_wconf 87' lang='lat' dir='ltr'><strong>0pus</strong></span> <span class='ocrx_word' id='word_1_565' title='bbox 2491 3703 2843 3768; x_wconf 89' lang='lat' dir='ltr'><strong>permanserit</strong></span> <span class='ocrx_word' id='word_1_566' title='bbox 2887 3701 3027 3767; x_wconf 89' lang='lat' dir='ltr'><strong>quod</strong></span> <span class='ocrx_word' id='word_1_567' title='bbox 3088 3698 3486 3766; x_wconf 72' lang='lat' dir='ltr'><strong>supermdilica-</strong></span> 
     </span>
    </p>
   </div>
   <div class='ocr_carea' id='block_1_83' title="bbox 1899 3789 3484 3859">
    <p class='ocr_par' dir='ltr' id='par_1_83' title="bbox 1899 3789 3484 3859">
     <span class='ocr_line' id='line_1_83' title="bbox 1899 3789 3484 3859; baseline -0.002 -14"><span class='ocrx_word' id='word_1_568' title='bbox 1899 3793 1993 3856; x_wconf 82' lang='lat' dir='ltr'><strong>vit,</strong></span> <span class='ocrx_word' id='word_1_569' title='bbox 2028 3793 2330 3846; x_wconf 89' lang='lat' dir='ltr'><strong>mercedem</strong></span> <span class='ocrx_word' id='word_1_570' title='bbox 2354 3791 2582 3859; x_wconf 87' lang='lat' dir='ltr'><strong>accipiet</strong></span> <span class='ocrx_word' id='word_1_571' title='bbox 2608 3809 2622 3856; x_wconf 89' lang='lat'><strong>;</strong></span> <span class='ocrx_word' id='word_1_572' title='bbox 2655 3791 2697 3843; x_wconf 91' lang='lat' dir='ltr'><strong>si</strong></span> <span class='ocrx_word' id='word_1_573' title='bbox 2729 3791 2882 3858; x_wconf 88' lang='lat' dir='ltr'><strong>cujus</strong></span> <span class='ocrx_word' id='word_1_574' title='bbox 2910 3801 3086 3844; x_wconf 87' lang='lat' dir='ltr'><strong>autem</strong></span> <span class='ocrx_word' id='word_1_575' title='bbox 3111 3804 3246 3858; x_wconf 88' lang='lat' dir='ltr'><strong>opus</strong></span> <span class='ocrx_word' id='word_1_576' title='bbox 3267 3789 3484 3855; x_wconf 81' lang='lat' dir='ltr'><strong>arserit,</strong></span> 
     </span>
    </p>
   </div>
   <div class='ocr_carea' id='block_1_84' title="bbox 1897 3880 3483 3951">
    <p class='ocr_par' dir='ltr' id='par_1_84' title="bbox 1897 3880 3483 3951">
     <span class='ocr_line' id='line_1_84' title="bbox 1897 3880 3483 3951; baseline -0.002 -13"><span class='ocrx_word' id='word_1_577' title='bbox 1897 3886 2148 3938; x_wconf 86' lang='lat' dir='ltr'><strong>damnum</strong></span> <span class='ocrx_word' id='word_1_578' title='bbox 2178 3889 2407 3951; x_wconf 88' lang='lat' dir='ltr'><strong>patietur</strong></span> <span class='ocrx_word' id='word_1_579' title='bbox 2432 3899 2446 3946; x_wconf 90' lang='lat'><strong>;</strong></span> <span class='ocrx_word' id='word_1_580' title='bbox 2481 3882 2595 3950; x_wconf 89' lang='lat' dir='ltr'><strong>ipse</strong></span> <span class='ocrx_word' id='word_1_581' title='bbox 2622 3895 2799 3936; x_wconf 88' lang='lat' dir='ltr'><strong>autem</strong></span> <span class='ocrx_word' id='word_1_582' title='bbox 2842 3883 3019 3936; x_wconf 83' lang='lat' dir='ltr'><strong>salvus</strong></span> <span class='ocrx_word' id='word_1_583' title='bbox 3048 3882 3170 3942; x_wconf 89' lang='lat' dir='ltr'><strong>erit,</strong></span> <span class='ocrx_word' id='word_1_584' title='bbox 3202 3880 3281 3934; x_wconf 87' lang='lat' dir='ltr'><strong>sic</strong></span> <span class='ocrx_word' id='word_1_585' title='bbox 3307 3888 3483 3935; x_wconf 90' lang='lat' dir='ltr'><strong>tamen</strong></span> 
     </span>
    </p>
   </div>
   <div class='ocr_carea' id='block_1_85' title="bbox 1897 3968 3484 4041">
    <p class='ocr_par' dir='ltr' id='par_1_85' title="bbox 1897 3968 3484 4041">
     <span class='ocr_line' id='line_1_85' title="bbox 1897 3968 3484 4041; baseline -0.002 -16"><span class='ocrx_word' id='word_1_586' title='bbox 1897 3974 2046 4041; x_wconf 87' lang='lat' dir='ltr'><strong>quasi</strong></span> <span class='ocrx_word' id='word_1_587' title='bbox 2082 3989 2170 4041; x_wconf 76' lang='lat' dir='ltr'><strong>per</strong></span> <span class='ocrx_word' id='word_1_588' title='bbox 2203 3971 2398 4040; x_wconf 82' lang='lat' dir='ltr'><strong>ignem.</strong></span> <span class='ocrx_word' id='word_1_589' title='bbox 2431 3970 2625 4024; x_wconf 77' lang='lat' dir='ltr'><strong>Dicunt</strong></span> <span class='ocrx_word' id='word_1_590' title='bbox 2653 3985 2780 4040; x_wconf 85' lang='lat' dir='ltr'><strong>ergo</strong></span> <span class='ocrx_word' id='word_1_591' title='bbox 2809 3970 3091 4040; x_wconf 66' lang='lat' dir='ltr'><strong>CllleSIIht&quot;.</strong></span> <span class='ocrx_word' id='word_1_592' title='bbox 3133 3969 3254 4024; x_wconf 72' lang='lat' dir='ltr'><strong>vita:</strong></span> <span class='ocrx_word' id='word_1_593' title='bbox 3281 3968 3484 4023; x_wconf 79' lang='lat' dir='ltr'><strong>Catlm-</strong></span> 
     </span>
    </p>
   </div>
   <div class='ocr_carea' id='block_1_86' title="bbox 1899 4061 3478 4123">
    <p class='ocr_par' dir='ltr' id='par_1_86' title="bbox 1899 4061 3478 4123">
     <span class='ocr_line' id='line_1_86' title="bbox 1899 4061 3478 4123; baseline -0.003 -4"><span class='ocrx_word' id='word_1_594' title='bbox 1899 4066 2057 4119; x_wconf 90' lang='lat' dir='ltr'><strong>licum</strong></span> <span class='ocrx_word' id='word_1_595' title='bbox 2089 4063 2446 4118; x_wconf 83' lang='lat' dir='ltr'><strong>Christianum</strong></span> <span class='ocrx_word' id='word_1_596' title='bbox 2471 4063 2739 4118; x_wconf 82' lang='lat' dir='ltr'><strong>Christum</strong></span> <span class='ocrx_word' id='word_1_597' title='bbox 2775 4063 2973 4117; x_wconf 79' lang='lat' dir='ltr'><strong>habere</strong></span> <span class='ocrx_word' id='word_1_598' title='bbox 3019 4063 3070 4115; x_wconf 90' lang='lat' dir='ltr'><strong>in</strong></span> <span class='ocrx_word' id='word_1_599' title='bbox 3105 4061 3478 4123; x_wconf 74' lang='lat' dir='ltr'><strong>fundamento.</strong></span> 
     </span>
    </p>
   </div>
   <div class='ocr_carea' id='block_1_87' title="bbox 1899 4153 3485 4224">
    <p class='ocr_par' dir='ltr' id='par_1_87' title="bbox 1899 4153 3485 4224">
     <span class='ocr_line' id='line_1_87' title="bbox 1899 4153 3485 4224; baseline 0.002 -18"><span class='ocrx_word' id='word_1_600' title='bbox 1899 4155 2038 4224; x_wconf 92' lang='lat' dir='ltr'><strong>quod</strong></span> <span class='ocrx_word' id='word_1_601' title='bbox 2071 4153 2471 4208; x_wconf 90' lang='lat' dir='ltr'><strong>qudamentum</strong></span> <span class='ocrx_word' id='word_1_602' title='bbox 2519 4155 2660 4206; x_wconf 89' lang='lat' dir='ltr'><strong>nulla</strong></span> <span class='ocrx_word' id='word_1_603' title='bbox 2709 4153 2928 4208; x_wconf 65' lang='lat' dir='ltr'><strong>haeresis</strong></span> <span class='ocrx_word' id='word_1_604' title='bbox 2968 4153 3148 4221; x_wconf 84' lang='lat' dir='ltr'><strong>habet,</strong></span> <span class='ocrx_word' id='word_1_605' title='bbox 3179 4168 3208 4207; x_wconf 85' lang='lat' dir='ltr'><strong>a</strong></span> <span class='ocrx_word' id='word_1_606' title='bbox 3239 4154 3485 4221; x_wconf 86' lang='lat' dir='ltr'><strong>corporis</strong></span> 
     </span>
    </p>
   </div>
   <div class='ocr_carea' id='block_1_88' title="bbox 1899 4242 3482 4314">
    <p class='ocr_par' dir='ltr' id='par_1_88' title="bbox 1899 4242 3482 4314">
     <span class='ocr_line' id='line_1_88' title="bbox 1899 4242 3482 4314; baseline 0.001 -16"><span class='ocrx_word' id='word_1_607' title='bbox 1899 4244 2015 4314; x_wconf 86' lang='lat' dir='ltr'><strong>ejus</strong></span> <span class='ocrx_word' id='word_1_608' title='bbox 2055 4245 2252 4300; x_wconf 86' lang='lat' dir='ltr'><strong>unitate</strong></span> <span class='ocrx_word' id='word_1_609' title='bbox 2281 4244 2534 4314; x_wconf 75' lang='lat' dir='ltr'><strong>pnecisa;</strong></span> <span class='ocrx_word' id='word_1_610' title='bbox 2565 4252 2619 4298; x_wconf 91' lang='lat' dir='ltr'><strong>et</strong></span> <span class='ocrx_word' id='word_1_611' title='bbox 2638 4244 2760 4299; x_wconf 88' lang='lat' dir='ltr'><strong>ideo</strong></span> <span class='ocrx_word' id='word_1_612' title='bbox 2784 4253 3003 4313; x_wconf 84' lang='lat' dir='ltr'><strong>propter</strong></span> <span class='ocrx_word' id='word_1_613' title='bbox 3027 4242 3132 4300; x_wconf 88' lang='lat' dir='ltr'><strong>hoc</strong></span> <span class='ocrx_word' id='word_1_614' title='bbox 3161 4243 3482 4313; x_wconf 82' lang='lat' dir='ltr'><strong>fundamen-</strong></span> 
     </span>
    </p>
   </div>
   <div class='ocr_carea' id='block_1_89' title="bbox 1903 4335 3479 4406">
    <p class='ocr_par' dir='ltr' id='par_1_89' title="bbox 1903 4335 3479 4406">
     <span class='ocr_line' id='line_1_89' title="bbox 1903 4335 3479 4406; baseline 0.002 -18"><span class='ocrx_word' id='word_1_615' title='bbox 1903 4347 2010 4388; x_wconf 91' lang='lat' dir='ltr'><strong>tum</strong></span> <span class='ocrx_word' id='word_1_616' title='bbox 2033 4337 2192 4389; x_wconf 81' lang='lat' dir='ltr'><strong>etiam</strong></span> <span class='ocrx_word' id='word_1_617' title='bbox 2217 4336 2259 4389; x_wconf 86' lang='lat' dir='ltr'><strong>si</strong></span> <span class='ocrx_word' id='word_1_618' title='bbox 2284 4337 2436 4390; x_wconf 80' lang='lat' dir='ltr'><strong>make</strong></span> <span class='ocrx_word' id='word_1_619' title='bbox 2461 4338 2582 4389; x_wconf 64' lang='lat' dir='ltr'><strong>vita:</strong></span> <span class='ocrx_word' id='word_1_620' title='bbox 2603 4335 2762 4390; x_wconf 78' lang='lat' dir='ltr'><strong>fuerit</strong></span> <span class='ocrx_word' id='word_1_621' title='bbox 2787 4336 3091 4391; x_wconf 87' lang='lat' dir='ltr'><strong>Catholicus</strong></span> <span class='ocrx_word' id='word_1_622' title='bbox 3119 4335 3479 4406; x_wconf 83' lang='lat' dir='ltr'><strong>Christianus,</strong></span> 
     </span>
    </p>
   </div>
   <div class='ocr_carea' id='block_1_90' title="bbox 1904 4425 3480 4497">
    <p class='ocr_par' dir='ltr' id='par_1_90' title="bbox 1904 4425 3480 4497">
     <span class='ocr_line' id='line_1_90' title="bbox 1904 4425 3480 4497; baseline 0.003 -20"><span class='ocrx_word' id='word_1_623' title='bbox 1904 4428 2045 4480; x_wconf 82' lang='lat' dir='ltr'><strong>velut</strong></span> <span class='ocrx_word' id='word_1_624' title='bbox 2069 4427 2157 4492; x_wconf 90' lang='lat' dir='ltr'><strong>qui</strong></span> <span class='ocrx_word' id='word_1_625' title='bbox 2197 4425 2702 4494; x_wconf 67' lang='lat' dir='ltr'><strong>supersedilicaverit</strong></span> <span class='ocrx_word' id='word_1_626' title='bbox 2738 4427 2899 4496; x_wconf 83' lang='lat' dir='ltr'><strong>ligna,</strong></span> <span class='ocrx_word' id='word_1_627' title='bbox 2955 4425 3156 4491; x_wconf 81' lang='lat' dir='ltr'><strong>fenum,</strong></span> <span class='ocrx_word' id='word_1_628' title='bbox 3206 4429 3480 4497; x_wconf 81' lang='lat' dir='ltr'><strong>stipulam,</strong></span> 
     </span>
    </p>
   </div>
   <div class='ocr_carea' id='block_1_91' title="bbox 1906 4516 3483 4592">
    <p class='ocr_par' dir='ltr' id='par_1_91' title="bbox 1906 4516 3483 4592">
     <span class='ocr_line' id='line_1_91' title="bbox 1906 4516 3483 4592; baseline 0.006 -26"><span class='ocrx_word' id='word_1_629' title='bbox 1906 4526 2091 4583; x_wconf 85' lang='lat' dir='ltr'><strong>putant</strong></span> <span class='ocrx_word' id='word_1_630' title='bbox 2114 4533 2234 4570; x_wconf 87' lang='lat' dir='ltr'><strong>eum</strong></span> <span class='ocrx_word' id='word_1_631' title='bbox 2263 4517 2466 4571; x_wconf 85' lang='lat' dir='ltr'><strong>salvum</strong></span> <span class='ocrx_word' id='word_1_632' title='bbox 2499 4516 2612 4570; x_wconf 79' lang='lat' dir='ltr'><strong>ﬁeri</strong></span> <span class='ocrx_word' id='word_1_633' title='bbox 2646 4533 2740 4585; x_wconf 61' lang='lat' dir='ltr'><strong>per</strong></span> <span class='ocrx_word' id='word_1_634' title='bbox 2775 4520 2970 4588; x_wconf 89' lang='lat' dir='ltr'><strong>ignem,</strong></span> <span class='ocrx_word' id='word_1_635' title='bbox 2999 4518 3048 4573; x_wconf 86' lang='lat' dir='ltr'><strong>id</strong></span> <span class='ocrx_word' id='word_1_636' title='bbox 3077 4530 3181 4583; x_wconf 89' lang='lat' dir='ltr'><strong>est,</strong></span> <span class='ocrx_word' id='word_1_637' title='bbox 3203 4518 3328 4592; x_wconf 87' lang='lat' dir='ltr'><strong>[est]</strong></span> <span class='ocrx_word' id='word_1_638' title='bbox 3359 4532 3483 4586; x_wconf 69' lang='lat' dir='ltr'><strong>post</strong></span> 
     </span>
    </p>
   </div>
   <div class='ocr_carea' id='block_1_92' title="bbox 1909 4608 3497 4684">
    <p class='ocr_par' dir='ltr' id='par_1_92' title="bbox 1909 4608 3497 4684">
     <span class='ocr_line' id='line_1_92' title="bbox 1909 4608 3497 4684; baseline 0.009 -27"><span class='ocrx_word' id='word_1_639' title='bbox 1909 4625 2091 4674; x_wconf 79' lang='lat' dir='ltr'><strong>pcenas</strong></span> <span class='ocrx_word' id='word_1_640' title='bbox 2128 4608 2263 4678; x_wconf 74' lang='lat' dir='ltr'><strong>ignis</strong></span> <span class='ocrx_word' id='word_1_641' title='bbox 2293 4609 2432 4664; x_wconf 89' lang='lat' dir='ltr'><strong>illius</strong></span> <span class='ocrx_word' id='word_1_642' title='bbox 2459 4610 2691 4676; x_wconf 90' lang='lat' dir='ltr'><strong>liberari,</strong></span> <span class='ocrx_word' id='word_1_643' title='bbox 2716 4626 2822 4680; x_wconf 87' lang='lat' dir='ltr'><strong>quo</strong></span> <span class='ocrx_word' id='word_1_644' title='bbox 2841 4612 2961 4680; x_wconf 82' lang='lat' dir='ltr'><strong>igne</strong></span> <span class='ocrx_word' id='word_1_645' title='bbox 2991 4612 3043 4666; x_wconf 92' lang='lat' dir='ltr'><strong>in</strong></span> <span class='ocrx_word' id='word_1_646' title='bbox 3066 4613 3256 4668; x_wconf 73' lang='lat' dir='ltr'><strong>ultimo</strong></span> <span class='ocrx_word' id='word_1_647' title='bbox 3272 4611 3497 4684; x_wconf 69' lang='lat' dir='ltr'><strong>judicio.</strong></span> 
     </span>
    </p>
   </div>
   <div class='ocr_carea' id='block_1_93' title="bbox 217 4683 2339 4772">
    <p class='ocr_par' dir='ltr' id='par_1_93' title="bbox 217 4683 2339 4772">
     <span class='ocr_line' id='line_1_93' title="bbox 217 4683 2339 4772; baseline 0.011 -40"><span class='ocrx_word' id='word_1_648' title='bbox 217 4691 294 4734; x_wconf 89' lang='lat' dir='ltr'><strong>tur</strong></span> <span class='ocrx_word' id='word_1_649' title='bbox 333 4685 383 4736; x_wconf 90' lang='lat' dir='ltr'><strong>in</strong></span> <span class='ocrx_word' id='word_1_650' title='bbox 418 4701 484 4739; x_wconf 89' lang='lat' dir='ltr'><strong>co</strong></span> <span class='ocrx_word' id='word_1_651' title='bbox 512 4689 653 4756; x_wconf 87' lang='lat' dir='ltr'><strong>quod</strong></span> <span class='ocrx_word' id='word_1_652' title='bbox 685 4690 754 4742; x_wconf 90' lang='lat' dir='ltr'><strong>ait</strong></span> <span class='ocrx_word' id='word_1_653' title='bbox 801 4707 1058 4757; x_wconf 80' lang='lat' dir='ltr'><strong>suspcma:</strong></span> <span class='ocrx_word' id='word_1_654' title='bbox 1097 4693 1165 4744; x_wconf 82' lang='lat' dir='ltr'><strong>ad</strong></span> <span class='ocrx_word' id='word_1_655' title='bbox 1210 4703 1407 4758; x_wconf 75' lang='lat' dir='ltr'><strong>ventos,</strong></span> <span class='ocrx_word' id='word_1_656' title='bbox 1460 4711 1594 4764; x_wconf 87' lang='lat' dir='ltr'><strong>aqua</strong></span> <span class='ocrx_word' id='word_1_657' title='bbox 1642 4698 1692 4752; x_wconf 94' lang='lat' dir='ltr'><strong>in</strong></span> <span class='ocrx_word' id='word_1_658' title='bbox 1721 4713 1785 4752; x_wconf 89' lang='lat' dir='ltr'><strong>eo</strong></span> <span class='ocrx_word' id='word_1_659' title='bbox 1814 4683 1867 4743; x_wconf 81' lang='grc' dir='ltr'><strong>Ῐ)</strong></span> <span class='ocrx_word' id='word_1_660' title='bbox 1891 4702 2173 4772; x_wconf 68' lang='lat' dir='ltr'><strong>punientur</strong></span> <span class='ocrx_word' id='word_1_661' title='bbox 2197 4703 2339 4756; x_wconf 89' lang='lat' dir='ltr'><strong>mali.</strong></span> 
     </span>
    </p>
   </div>
   <div class='ocr_carea' id='block_1_94' title="bbox 214 4777 1790 4854">
    <p class='ocr_par' dir='ltr' id='par_1_94' title="bbox 214 4777 1790 4854">
     <span class='ocr_line' id='line_1_94' title="bbox 214 4777 1790 4854; baseline 0.015 -28"><span class='ocrx_word' id='word_1_662' title='bbox 214 4777 344 4839; x_wconf 86' lang='lat' dir='ltr'><strong>quod</strong></span> <span class='ocrx_word' id='word_1_663' title='bbox 377 4778 451 4832; x_wconf 89' lang='lat' dir='ltr'><strong>ait</strong></span> <span class='ocrx_word' id='word_1_664' title='bbox 487 4781 580 4832; x_wconf 72' lang='lat' dir='ltr'><strong>sub</strong></span> <span class='ocrx_word' id='word_1_665' title='bbox 618 4784 820 4853; x_wconf 73' lang='lat' dir='ltr'><strong>gurgite</strong></span> <span class='ocrx_word' id='word_1_666' title='bbox 848 4799 1018 4850; x_wconf 72' lang='lat' dir='ltr'><strong>vasto;</strong></span> <span class='ocrx_word' id='word_1_667' title='bbox 1051 4785 1187 4854; x_wconf 84' lang='lat' dir='ltr'><strong>ignis</strong></span> <span class='ocrx_word' id='word_1_668' title='bbox 1231 4797 1407 4841; x_wconf 90' lang='lat' dir='ltr'><strong>autem</strong></span> <span class='ocrx_word' id='word_1_669' title='bbox 1439 4804 1535 4843; x_wconf 87' lang='lat' dir='ltr'><strong>suo</strong></span> <span class='ocrx_word' id='word_1_670' title='bbox 1573 4791 1790 4849; x_wconf 83' lang='lat' dir='ltr'><strong>noiniue</strong></span> 
     </span>
    </p>
   </div>
   <div class='ocr_carea' id='block_1_95' title="bbox 211 4879 1788 4952">
    <p class='ocr_par' dir='ltr' id='par_1_95' title="bbox 211 4879 1788 4952">
     <span class='ocr_line' id='line_1_95' title="bbox 211 4879 1788 4952; baseline 0.015 -35"><span class='ocrx_word' id='word_1_671' title='bbox 211 4884 489 4936; x_wconf 78' lang='lat' dir='ltr'><strong>expre-ses</strong></span> <span class='ocrx_word' id='word_1_672' title='bbox 517 4885 621 4938; x_wconf 90' lang='lat' dir='ltr'><strong>est,</strong></span> <span class='ocrx_word' id='word_1_673' title='bbox 649 4892 769 4929; x_wconf 86' lang='lat' dir='ltr'><strong>cum</strong></span> <span class='ocrx_word' id='word_1_674' title='bbox 802 4879 961 4940; x_wconf 73' lang='lat' dir='ltr'><strong>dixit,</strong></span> <span class='ocrx_word' id='word_1_675' title='bbox 995 4890 1081 4931; x_wconf 83' lang='lat' dir='ltr'><strong>aut</strong></span> <span class='ocrx_word' id='word_1_676' title='bbox 1111 4882 1342 4934; x_wconf 70' lang='lat' dir='ltr'><strong>exuritur</strong></span> <span class='ocrx_word' id='word_1_677' title='bbox 1372 4882 1500 4952; x_wconf 78' lang='lat' dir='ltr'><strong>igni.</strong></span> <span class='ocrx_word' id='word_1_678' title='bbox 1525 4884 1631 4938; x_wconf 72' lang='lat' dir='ltr'><strong>Nos</strong></span> <span class='ocrx_word' id='word_1_679' title='bbox 1662 4902 1788 4941; x_wconf 76' lang='lat' dir='ltr'><strong>vero</strong></span> 
     </span>
    </p>
   </div>
   <div class='ocr_carea' id='block_1_96' title="bbox 210 4965 1787 5051">
    <p class='ocr_par' dir='ltr' id='par_1_96' title="bbox 210 4965 1787 5051">
     <span class='ocr_line' id='line_1_96' title="bbox 210 4965 1787 5051; baseline 0.013 -37"><span class='ocrx_word' id='word_1_680' title='bbox 210 4965 361 5016; x_wconf 86' lang='lat' dir='ltr'><strong>etiam</strong></span> <span class='ocrx_word' id='word_1_681' title='bbox 405 4968 456 5020; x_wconf 88' lang='lat' dir='ltr'><strong>iu</strong></span> <span class='ocrx_word' id='word_1_682' title='bbox 509 4967 607 5021; x_wconf 86' lang='lat' dir='ltr'><strong>hac</strong></span> <span class='ocrx_word' id='word_1_683' title='bbox 634 4971 846 5037; x_wconf 89' lang='lat' dir='ltr'><strong>quidem</strong></span> <span class='ocrx_word' id='word_1_684' title='bbox 879 4973 1198 5027; x_wconf 88' lang='lat' dir='ltr'><strong>mortalitate</strong></span> <span class='ocrx_word' id='word_1_685' title='bbox 1237 4972 1472 5045; x_wconf 87' lang='lat' dir='ltr'><strong>[mortali</strong></span> <span class='ocrx_word' id='word_1_686' title='bbox 1508 4976 1635 5051; x_wconf 78' lang='lat' dir='ltr'><strong>vita]</strong></span> <span class='ocrx_word' id='word_1_687' title='bbox 1668 4994 1787 5035; x_wconf 83' lang='lat' dir='ltr'><strong>esse</strong></span> 
     </span>
    </p>
   </div>
   <div class='ocr_carea' id='block_1_97' title="bbox 211 5057 1785 5139">
    <p class='ocr_par' dir='ltr' id='par_1_97' title="bbox 211 5057 1785 5139">
     <span class='ocr_line' id='line_1_97' title="bbox 211 5057 1785 5139; baseline 0.014 -36"><span class='ocrx_word' id='word_1_688' title='bbox 211 5057 460 5120; x_wconf 81' lang='lat' dir='ltr'><strong>quasdam</strong></span> <span class='ocrx_word' id='word_1_689' title='bbox 501 5075 688 5126; x_wconf 75' lang='lat' dir='ltr'><strong>ptenas</strong></span> <span class='ocrx_word' id='word_1_690' title='bbox 717 5062 1048 5131; x_wconf 84' lang='lat' dir='ltr'><strong>purgatorias</strong></span> <span class='ocrx_word' id='word_1_691' title='bbox 1077 5065 1417 5130; x_wconf 81' lang='lat' dir='ltr'><strong>Conlitemur,</strong></span> <span class='ocrx_word' id='word_1_692' title='bbox 1463 5083 1566 5122; x_wconf 88' lang='lat' dir='ltr'><strong>non</strong></span> <span class='ocrx_word' id='word_1_693' title='bbox 1595 5071 1785 5139; x_wconf 88' lang='lat' dir='ltr'><strong>quibus</strong></span> 
     </span>
    </p>
   </div>
   <div class='ocr_carea' id='block_1_98' title="bbox 211 5144 1782 5227">
    <p class='ocr_par' dir='ltr' id='par_1_98' title="bbox 211 5144 1782 5227">
     <span class='ocr_line' id='line_1_98' title="bbox 211 5144 1782 5227; baseline 0.015 -32"><span class='ocrx_word' id='word_1_694' title='bbox 211 5144 514 5214; x_wconf 71' lang='lat' dir='ltr'><strong>attiiguntur</strong></span> <span class='ocrx_word' id='word_1_695' title='bbox 537 5167 764 5219; x_wconf 80' lang='lat' dir='ltr'><strong>quorum</strong></span> <span class='ocrx_word' id='word_1_696' title='bbox 806 5153 906 5206; x_wconf 88' lang='lat' dir='ltr'><strong>vita</strong></span> <span class='ocrx_word' id='word_1_697' title='bbox 939 5154 1020 5207; x_wconf 88' lang='lat' dir='ltr'><strong>vel</strong></span> <span class='ocrx_word' id='word_1_698' title='bbox 1060 5171 1162 5208; x_wconf 84' lang='lat' dir='ltr'><strong>non</strong></span> <span class='ocrx_word' id='word_1_699' title='bbox 1205 5156 1328 5210; x_wconf 89' lang='lat' dir='ltr'><strong>inde</strong></span> <span class='ocrx_word' id='word_1_700' title='bbox 1362 5159 1417 5211; x_wconf 89' lang='lat' dir='ltr'><strong>lit</strong></span> <span class='ocrx_word' id='word_1_701' title='bbox 1459 5161 1666 5227; x_wconf 90' lang='lat' dir='ltr'><strong>melior,</strong></span> <span class='ocrx_word' id='word_1_702' title='bbox 1701 5163 1782 5217; x_wconf 88' lang='lat' dir='ltr'><strong>vel</strong></span> 
     </span>
    </p>
   </div>
   <div class='ocr_carea' id='block_1_99' title="bbox 214 5238 1785 5320">
    <p class='ocr_par' dir='ltr' id='par_1_99' title="bbox 214 5238 1785 5320">
     <span class='ocr_line' id='line_1_99' title="bbox 214 5238 1785 5320; baseline 0.013 -34"><span class='ocrx_word' id='word_1_703' title='bbox 214 5238 381 5300; x_wconf 86' lang='lat' dir='ltr'><strong>potius</strong></span> <span class='ocrx_word' id='word_1_704' title='bbox 412 5239 537 5294; x_wconf 87' lang='lat' dir='ltr'><strong>inde</strong></span> <span class='ocrx_word' id='word_1_705' title='bbox 566 5244 623 5292; x_wconf 89' lang='lat' dir='ltr'><strong>Iit</strong></span> <span class='ocrx_word' id='word_1_706' title='bbox 653 5242 818 5310; x_wconf 87' lang='lat' dir='ltr'><strong>pejor,</strong></span> <span class='ocrx_word' id='word_1_707' title='bbox 842 5244 939 5320; x_wconf 77' lang='lat' dir='ltr'><strong>sed</strong></span> <span class='ocrx_word' id='word_1_708' title='bbox 971 5244 1073 5298; x_wconf 86' lang='lat' dir='ltr'><strong>illis</strong></span> <span class='ocrx_word' id='word_1_709' title='bbox 1103 5256 1228 5300; x_wconf 88' lang='lat' dir='ltr'><strong>sunt</strong></span> <span class='ocrx_word' id='word_1_710' title='bbox 1258 5251 1571 5316; x_wconf 79' lang='lat' dir='ltr'><strong>purgatOria:</strong></span> <span class='ocrx_word' id='word_1_711' title='bbox 1595 5255 1678 5320; x_wconf 91' lang='lat' dir='ltr'><strong>qui</strong></span> <span class='ocrx_word' id='word_1_712' title='bbox 1708 5253 1785 5306; x_wconf 87' lang='lat' dir='ltr'><strong>eis</strong></span> 
     </span>
    </p>
   </div>
   <div class='ocr_carea' id='block_1_100' title="bbox 213 5317 1786 5408">
    <p class='ocr_par' dir='ltr' id='par_1_100' title="bbox 213 5317 1786 5408">
     <span class='ocr_line' id='line_1_100' title="bbox 213 5317 1786 5408; baseline 0.014 -32"><span class='ocrx_word' id='word_1_713' title='bbox 213 5329 432 5383; x_wconf 32' lang='lat' dir='ltr'><strong>Coerciti.</strong></span> <span class='ocrx_word' id='word_1_714' title='bbox 497 5317 853 5402; x_wconf 52' lang='lat' dir='ltr'><strong>eorriguntur;</strong></span> <span class='ocrx_word' id='word_1_715' title='bbox 909 5338 1127 5390; x_wconf 67' lang='lat' dir='ltr'><strong>Ctetera:</strong></span> <span class='ocrx_word' id='word_1_716' title='bbox 1181 5354 1364 5392; x_wconf 89' lang='lat' dir='ltr'><strong>omnes</strong></span> <span class='ocrx_word' id='word_1_717' title='bbox 1433 5355 1622 5408; x_wconf 67' lang='lat' dir='ltr'><strong>pietur,</strong></span> <span class='ocrx_word' id='word_1_718' title='bbox 1676 5345 1786 5400; x_wconf 78' lang='lat' dir='ltr'><strong>sive</strong></span> 
     </span>
    </p>
   </div>
   <div class='ocr_carea' id='block_1_101' title="bbox 213 5424 1782 5501">
    <p class='ocr_par' dir='ltr' id='par_1_101' title="bbox 213 5424 1782 5501">
     <span class='ocr_line' id='line_1_101' title="bbox 213 5424 1782 5501; baseline 0.013 -33"><span class='ocrx_word' id='word_1_719' title='bbox 213 5424 562 5489; x_wconf 59' lang='lat' dir='ltr'><strong>temporariae,</strong></span> <span class='ocrx_word' id='word_1_720' title='bbox 588 5427 700 5480; x_wconf 59' lang='lat' dir='ltr'><strong>sive</strong></span> <span class='ocrx_word' id='word_1_721' title='bbox 747 5429 1104 5496; x_wconf 69' lang='lat' dir='ltr'><strong>sempiternae,</strong></span> <span class='ocrx_word' id='word_1_722' title='bbox 1134 5432 1270 5485; x_wconf 90' lang='lat' dir='ltr'><strong>sicut</strong></span> <span class='ocrx_word' id='word_1_723' title='bbox 1299 5432 1660 5501; x_wconf 82' lang='lat' dir='ltr'><strong>unusquiSque</strong></span> <span class='ocrx_word' id='word_1_724' title='bbox 1699 5435 1782 5488; x_wconf 87' lang='lat' dir='ltr'><strong>di-</strong></span> 
     </span>
    </p>
   </div>
   <div class='ocr_carea' id='block_1_102' title="bbox 210 5511 1785 5593">
    <p class='ocr_par' dir='ltr' id='par_1_102' title="bbox 210 5511 1785 5593">
     <span class='ocr_line' id='line_1_102' title="bbox 210 5511 1785 5593; baseline 0.015 -36"><span class='ocrx_word' id='word_1_725' title='bbox 210 5511 323 5563; x_wconf 83' lang='lat' dir='ltr'><strong>vina</strong></span> <span class='ocrx_word' id='word_1_726' title='bbox 357 5516 686 5579; x_wconf 72' lang='lat' dir='ltr'><strong>providentia</strong></span> <span class='ocrx_word' id='word_1_727' title='bbox 723 5520 1025 5572; x_wconf 79' lang='lat' dir='ltr'><strong>tiact:mdus</strong></span> <span class='ocrx_word' id='word_1_728' title='bbox 1056 5530 1156 5586; x_wconf 89' lang='lat' dir='ltr'><strong>est,</strong></span> <span class='ocrx_word' id='word_1_729' title='bbox 1211 5522 1529 5585; x_wconf 81' lang='lat' dir='ltr'><strong>inferuntur,</strong></span> <span class='ocrx_word' id='word_1_730' title='bbox 1579 5525 1659 5579; x_wconf 86' lang='lat' dir='ltr'><strong>vel</strong></span> <span class='ocrx_word' id='word_1_731' title='bbox 1692 5541 1785 5593; x_wconf 90' lang='lat' dir='ltr'><strong>pro</strong></span> 
     </span>
    </p>
   </div>
   <div class='ocr_carea' id='block_1_103' title="bbox 212 5603 1789 5680">
    <p class='ocr_par' dir='ltr' id='par_1_103' title="bbox 212 5603 1789 5680">
     <span class='ocr_line' id='line_1_103' title="bbox 212 5603 1789 5680; baseline 0.013 -29"><span class='ocrx_word' id='word_1_732' title='bbox 212 5603 457 5668; x_wconf 83' lang='lat' dir='ltr'><strong>peccatis,</strong></span> <span class='ocrx_word' id='word_1_733' title='bbox 484 5605 592 5660; x_wconf 87' lang='lat' dir='ltr'><strong>sive</strong></span> <span class='ocrx_word' id='word_1_734' title='bbox 621 5609 918 5674; x_wconf 63' lang='lat' dir='ltr'><strong>[)I‘iCICIIliS,</strong></span> <span class='ocrx_word' id='word_1_735' title='bbox 943 5611 1056 5666; x_wconf 81' lang='lat' dir='ltr'><strong>sive</strong></span> <span class='ocrx_word' id='word_1_736' title='bbox 1107 5613 1159 5666; x_wconf 92' lang='lat' dir='ltr'><strong>iu</strong></span> <span class='ocrx_word' id='word_1_737' title='bbox 1204 5615 1397 5680; x_wconf 86' lang='lat' dir='ltr'><strong>quibus</strong></span> <span class='ocrx_word' id='word_1_738' title='bbox 1448 5613 1620 5669; x_wconf 80' lang='lat' dir='ltr'><strong>adhuc</strong></span> <span class='ocrx_word' id='word_1_739' title='bbox 1661 5619 1789 5672; x_wconf 83' lang='lat' dir='ltr'><strong>vivit</strong></span> 
     </span>
    </p>
   </div>
   <div class='ocr_carea' id='block_1_104' title="bbox 214 5688 1785 5771">
    <p class='ocr_par' dir='ltr' id='par_1_104' title="bbox 214 5688 1785 5771">
     <span class='ocr_line' id='line_1_104' title="bbox 214 5688 1785 5771; baseline 0.014 -31"><span class='ocrx_word' id='word_1_740' title='bbox 214 5688 294 5742; x_wconf 82' lang='lat' dir='ltr'><strong>ille</strong></span> <span class='ocrx_word' id='word_1_741' title='bbox 336 5695 425 5760; x_wconf 92' lang='lat' dir='ltr'><strong>qui</strong></span> <span class='ocrx_word' id='word_1_742' title='bbox 471 5694 738 5763; x_wconf 89' lang='lat' dir='ltr'><strong>plectitur,</strong></span> <span class='ocrx_word' id='word_1_743' title='bbox 784 5701 864 5754; x_wconf 81' lang='lat' dir='ltr'><strong>vel</strong></span> <span class='ocrx_word' id='word_1_744' title='bbox 913 5717 1006 5771; x_wconf 83' lang='lat' dir='ltr'><strong>pro</strong></span> <span class='ocrx_word' id='word_1_745' title='bbox 1056 5705 1373 5758; x_wconf 75' lang='lat' dir='ltr'><strong>exercendis</strong></span> <span class='ocrx_word' id='word_1_746' title='bbox 1426 5705 1785 5762; x_wconf 88' lang='lat' dir='ltr'><strong>declarandis-</strong></span> 
     </span>
    </p>
   </div>
   <div class='ocr_carea' id='block_1_105' title="bbox 214 5785 1778 5867">
    <p class='ocr_par' dir='ltr' id='par_1_105' title="bbox 214 5785 1778 5867">
     <span class='ocr_line' id='line_1_105' title="bbox 214 5785 1778 5867; baseline 0.013 -33"><span class='ocrx_word' id='word_1_747' title='bbox 214 5797 309 5846; x_wconf 87' lang='lat' dir='ltr'><strong>que</strong></span> <span class='ocrx_word' id='word_1_748' title='bbox 337 5785 643 5854; x_wconf 80' lang='lat' dir='ltr'><strong>virtutibus,</strong></span> <span class='ocrx_word' id='word_1_749' title='bbox 671 5807 764 5860; x_wconf 87' lang='lat' dir='ltr'><strong>per</strong></span> <span class='ocrx_word' id='word_1_750' title='bbox 795 5791 1040 5848; x_wconf 86' lang='lat' dir='ltr'><strong>homines</strong></span> <span class='ocrx_word' id='word_1_751' title='bbox 1080 5804 1132 5849; x_wconf 89' lang='lat' dir='ltr'><strong>et</strong></span> <span class='ocrx_word' id='word_1_752' title='bbox 1161 5797 1399 5865; x_wconf 78' lang='lat' dir='ltr'><strong>angelos,</strong></span> <span class='ocrx_word' id='word_1_753' title='bbox 1454 5813 1547 5852; x_wconf 90' lang='lat' dir='ltr'><strong>seu</strong></span> <span class='ocrx_word' id='word_1_754' title='bbox 1590 5799 1778 5867; x_wconf 84' lang='lat' dir='ltr'><strong>bonos,</strong></span> 
     </span>
    </p>
   </div>
   <div class='ocr_carea' id='block_1_106' title="bbox 214 5878 1782 5962">
    <p class='ocr_par' dir='ltr' id='par_1_106' title="bbox 214 5878 1782 5962">
     <span class='ocr_line' id='line_1_106' title="bbox 214 5878 1782 5962; baseline 0.013 -37"><span class='ocrx_word' id='word_1_755' title='bbox 214 5887 299 5927; x_wconf 79' lang='lat' dir='ltr'><strong>seu</strong></span> <span class='ocrx_word' id='word_1_756' title='bbox 316 5878 503 5932; x_wconf 78' lang='lat' dir='ltr'><strong>malos.</strong></span> <span class='ocrx_word' id='word_1_757' title='bbox 539 5879 661 5935; x_wconf 73' lang='lat' dir='ltr'><strong>Nam</strong></span> <span class='ocrx_word' id='word_1_758' title='bbox 676 5892 773 5937; x_wconf 68' lang='lat' dir='ltr'><strong>ets:</strong></span> <span class='ocrx_word' id='word_1_759' title='bbox 790 5886 1012 5956; x_wconf 78' lang='lat' dir='ltr'><strong>qu&#39;s-quc</strong></span> <span class='ocrx_word' id='word_1_760' title='bbox 1029 5887 1146 5940; x_wconf 87' lang='lat' dir='ltr'><strong>mali</strong></span> <span class='ocrx_word' id='word_1_761' title='bbox 1165 5889 1286 5958; x_wconf 84' lang='lat' dir='ltr'><strong>quid</strong></span> <span class='ocrx_word' id='word_1_762' title='bbox 1304 5888 1546 5962; x_wconf 85' lang='lat' dir='ltr'><strong>[aliquith</strong></span> <span class='ocrx_word' id='word_1_763' title='bbox 1563 5891 1782 5947; x_wconf 87' lang='lat' dir='ltr'><strong>alterius</strong></span> 
     </span>
    </p>
   </div>
   <div class='ocr_carea' id='block_1_107' title="bbox 2435 4772 2934 4830">
    <p class='ocr_par' dir='ltr' id='par_1_107' title="bbox 2435 4772 2934 4830">
     <span class='ocr_line' id='line_1_107' title="bbox 2435 4772 2934 4830; baseline 0.004 -4"><span class='ocrx_word' id='word_1_764' title='bbox 2435 4772 2662 4830; x_wconf 80' lang='lat' dir='ltr'><strong>CAPUT</strong></span> <span class='ocrx_word' id='word_1_765' title='bbox 2701 4774 2934 4830; x_wconf 71' lang='lat' dir='ltr'><strong>CXLIX.</strong></span> 
     </span>
    </p>
   </div>
   <div class='ocr_carea' id='block_1_108' title="bbox 1895 4883 3481 4958">
    <p class='ocr_par' dir='ltr' id='par_1_108' title="bbox 1895 4883 3481 4958">
     <span class='ocr_line' id='line_1_108' title="bbox 1895 4883 3481 4958; baseline 0.004 -24"><span class='ocrx_word' id='word_1_766' title='bbox 1895 4883 2031 4958; x_wconf 81' lang='lat' dir='ltr'><strong>Quid</strong></span> <span class='ocrx_word' id='word_1_767' title='bbox 2059 4885 2110 4937; x_wconf 87' lang='lat' dir='ltr'><strong>in</strong></span> <span class='ocrx_word' id='word_1_768' title='bbox 2139 4884 2473 4958; x_wconf 69' lang='lat' dir='ltr'><strong>[ibidemeth</strong></span> <span class='ocrx_word' id='word_1_769' title='bbox 2515 4886 2697 4939; x_wconf 83' lang='lat' dir='ltr'><strong>habere</strong></span> <span class='ocrx_word' id='word_1_770' title='bbox 2722 4887 2999 4950; x_wconf 75' lang='lat' dir='ltr'><strong>Christum,</strong></span> <span class='ocrx_word' id='word_1_771' title='bbox 3040 4897 3089 4941; x_wconf 85' lang='lat' dir='ltr'><strong>ct-</strong></span> <span class='ocrx_word' id='word_1_772' title='bbox 3115 4890 3295 4954; x_wconf 73' lang='lat' dir='ltr'><strong>quibas</strong></span> <span class='ocrx_word' id='word_1_773' title='bbox 3324 4908 3481 4958; x_wconf 73' lang='lat' dir='ltr'><strong>span...</strong></span> 
     </span>
    </p>
   </div>
   <div class='ocr_carea' id='block_1_109' title="bbox 1959 4955 3472 5026">
    <p class='ocr_par' dir='ltr' id='par_1_109' title="bbox 1959 4955 3472 5026">
     <span class='ocr_line' id='line_1_109' title="bbox 1959 4955 3472 5026; baseline 0.007 -18"><span class='ocrx_word' id='word_1_774' title='bbox 1959 4955 2138 5008; x_wconf 81' lang='lat' dir='ltr'><strong>dentur</strong></span> <span class='ocrx_word' id='word_1_775' title='bbox 2168 4956 2309 5008; x_wconf 74' lang='lat' dir='ltr'><strong>salus</strong></span> <span class='ocrx_word' id='word_1_776' title='bbox 2351 4972 2439 5024; x_wconf 84' lang='lat' dir='ltr'><strong>per</strong></span> <span class='ocrx_word' id='word_1_777' title='bbox 2458 4957 2592 5026; x_wconf 74' lang='lat' dir='ltr'><strong>ignis</strong></span> <span class='ocrx_word' id='word_1_778' title='bbox 2621 4969 2850 5011; x_wconf 61' lang='lat' dir='ltr'><strong>ucturum</strong></span> <span class='ocrx_word' id='word_1_779' title='bbox 2872 5001 2888 5024; x_wconf 90' lang='lat'><strong>,</strong></span> <span class='ocrx_word' id='word_1_780' title='bbox 2917 4974 2980 5012; x_wconf 65' lang='lat' dir='ltr'><strong>es</strong></span> <span class='ocrx_word' id='word_1_781' title='bbox 3000 4961 3176 5014; x_wconf 72' lang='lat' dir='ltr'><strong>eodem</strong></span> <span class='ocrx_word' id='word_1_782' title='bbox 3207 4955 3472 5018; x_wconf 72' lang='grc' dir='ltr'><strong>ιειπούι.</strong></span> 
     </span>
    </p>
   </div>
   <div class='ocr_carea' id='block_1_110' title="bbox 1959 5067 3486 5141">
    <p class='ocr_par' dir='ltr' id='par_1_110' title="bbox 1959 5067 3486 5141">
     <span class='ocr_line' id='line_1_110' title="bbox 1959 5067 3486 5141; baseline 0.005 -21"><span class='ocrx_word' id='word_1_783' title='bbox 1959 5067 2062 5133; x_wconf 89' lang='lat' dir='ltr'><strong>Qui</strong></span> <span class='ocrx_word' id='word_1_784' title='bbox 2117 5068 2404 5122; x_wconf 86' lang='lat' dir='ltr'><strong>manducat</strong></span> <span class='ocrx_word' id='word_1_785' title='bbox 2435 5083 2656 5124; x_wconf 86' lang='lat' dir='ltr'><strong>carnem</strong></span> <span class='ocrx_word' id='word_1_786' title='bbox 2696 5083 2867 5125; x_wconf 82' lang='lat' dir='ltr'><strong>meam</strong></span> <span class='ocrx_word' id='word_1_787' title='bbox 2895 5079 2951 5126; x_wconf 91' lang='lat' dir='ltr'><strong>et</strong></span> <span class='ocrx_word' id='word_1_788' title='bbox 2980 5073 3116 5126; x_wconf 90' lang='lat' dir='ltr'><strong>bibit</strong></span> <span class='ocrx_word' id='word_1_789' title='bbox 3156 5074 3486 5141; x_wconf 73' lang='lat' dir='ltr'><strong>sanguinem.</strong></span> 
     </span>
    </p>
   </div>
   <div class='ocr_carea' id='block_1_111' title="bbox 1891 5157 3474 5230">
    <p class='ocr_par' dir='ltr' id='par_1_111' title="bbox 1891 5157 3474 5230">
     <span class='ocr_line' id='line_1_111' title="bbox 1891 5157 3474 5230; baseline 0.004 -20"><span class='ocrx_word' id='word_1_790' title='bbox 1891 5172 2093 5223; x_wconf 89' lang='lat' dir='ltr'><strong>meum,</strong></span> <span class='ocrx_word' id='word_1_791' title='bbox 2126 5157 2178 5210; x_wconf 89' lang='lat' dir='ltr'><strong>in</strong></span> <span class='ocrx_word' id='word_1_792' title='bbox 2212 5172 2300 5212; x_wconf 89' lang='lat' dir='ltr'><strong>me</strong></span> <span class='ocrx_word' id='word_1_793' title='bbox 2329 5167 2508 5214; x_wconf 86' lang='lat' dir='ltr'><strong>manet</strong></span> <span class='ocrx_word' id='word_1_794' title='bbox 2550 5168 2604 5215; x_wconf 91' lang='lat' dir='ltr'><strong>et</strong></span> <span class='ocrx_word' id='word_1_795' title='bbox 2629 5173 2728 5230; x_wconf 83' lang='lat' dir='ltr'><strong>ego</strong></span> <span class='ocrx_word' id='word_1_796' title='bbox 2766 5160 2818 5215; x_wconf 86' lang='lat' dir='ltr'><strong>in</strong></span> <span class='ocrx_word' id='word_1_797' title='bbox 2845 5175 2933 5217; x_wconf 86' lang='lat' dir='ltr'><strong>eo.</strong></span> <span class='ocrx_word' id='word_1_798' title='bbox 2963 5163 3214 5218; x_wconf 80' lang='lat' dir='ltr'><strong>Ostendit</strong></span> <span class='ocrx_word' id='word_1_799' title='bbox 3252 5164 3373 5230; x_wconf 86' lang='lat' dir='ltr'><strong>quid</strong></span> <span class='ocrx_word' id='word_1_800' title='bbox 3404 5163 3474 5217; x_wconf 79' lang='lat' dir='ltr'><strong>sit</strong></span> 
     </span>
    </p>
   </div>
   <div class='ocr_carea' id='block_1_112' title="bbox 1892 5252 3471 5324">
    <p class='ocr_par' dir='ltr' id='par_1_112' title="bbox 1892 5252 3471 5324">
     <span class='ocr_line' id='line_1_112' title="bbox 1892 5252 3471 5324; baseline 0.003 -21"><span class='ocrx_word' id='word_1_801' title='bbox 1892 5264 1997 5303; x_wconf 89' lang='lat' dir='ltr'><strong>non</strong></span> <span class='ocrx_word' id='word_1_802' title='bbox 2036 5259 2378 5305; x_wconf 80' lang='lat' dir='ltr'><strong>sacramento</strong></span> <span class='ocrx_word' id='word_1_803' title='bbox 2425 5261 2599 5317; x_wconf 86' lang='lat' dir='ltr'><strong>tenus,</strong></span> <span class='ocrx_word' id='word_1_804' title='bbox 2650 5253 2742 5308; x_wconf 92' lang='lat' dir='ltr'><strong>sed</strong></span> <span class='ocrx_word' id='word_1_805' title='bbox 2799 5269 2994 5324; x_wconf 73' lang='lat' dir='ltr'><strong>corpus</strong></span> <span class='ocrx_word' id='word_1_806' title='bbox 3043 5270 3228 5309; x_wconf 67' lang='lat' dir='ltr'><strong>renata</strong></span> <span class='ocrx_word' id='word_1_807' title='bbox 3272 5252 3471 5308; x_wconf 71' lang='lat' dir='ltr'><strong>Christi</strong></span> 
     </span>
    </p>
   </div>
   <div class='ocr_carea' id='block_1_113' title="bbox 1889 5339 3469 5411">
    <p class='ocr_par' dir='ltr' id='par_1_113' title="bbox 1889 5339 3469 5411">
     <span class='ocr_line' id='line_1_113' title="bbox 1889 5339 3469 5411; baseline 0.003 -20"><span class='ocrx_word' id='word_1_808' title='bbox 1889 5339 2233 5404; x_wconf 85' lang='lat' dir='ltr'><strong>manducare,</strong></span> <span class='ocrx_word' id='word_1_809' title='bbox 2251 5350 2302 5394; x_wconf 87' lang='lat' dir='ltr'><strong>et</strong></span> <span class='ocrx_word' id='word_1_810' title='bbox 2319 5339 2436 5410; x_wconf 88' lang='lat' dir='ltr'><strong>ejus</strong></span> <span class='ocrx_word' id='word_1_811' title='bbox 2457 5342 2774 5411; x_wconf 78' lang='lat' dir='ltr'><strong>sanguinem</strong></span> <span class='ocrx_word' id='word_1_812' title='bbox 2788 5344 2968 5398; x_wconf 78' lang='lat' dir='ltr'><strong>bibere</strong></span> <span class='ocrx_word' id='word_1_813' title='bbox 2987 5360 3000 5395; x_wconf 90' lang='lat'><strong>:</strong></span> <span class='ocrx_word' id='word_1_814' title='bbox 3023 5351 3128 5397; x_wconf 83' lang='lat' dir='ltr'><strong>hoc</strong></span> <span class='ocrx_word' id='word_1_815' title='bbox 3143 5351 3228 5397; x_wconf 83' lang='lat' dir='ltr'><strong>est</strong></span> <span class='ocrx_word' id='word_1_816' title='bbox 3247 5343 3388 5396; x_wconf 88' lang='lat' dir='ltr'><strong>enim</strong></span> <span class='ocrx_word' id='word_1_817' title='bbox 3417 5341 3469 5396; x_wconf 89' lang='lat' dir='ltr'><strong>in</strong></span> 
     </span>
    </p>
   </div>
   <div class='ocr_carea' id='block_1_114' title="bbox 1888 5431 3470 5499">
    <p class='ocr_par' dir='ltr' id='par_1_114' title="bbox 1888 5431 3470 5499">
     <span class='ocr_line' id='line_1_114' title="bbox 1888 5431 3470 5499; baseline 0.002 -14"><span class='ocrx_word' id='word_1_818' title='bbox 1888 5431 2102 5486; x_wconf 87' lang='lat' dir='ltr'><strong>Christo</strong></span> <span class='ocrx_word' id='word_1_819' title='bbox 2129 5448 2366 5499; x_wconf 88' lang='lat' dir='ltr'><strong>manere,</strong></span> <span class='ocrx_word' id='word_1_820' title='bbox 2391 5433 2520 5488; x_wconf 90' lang='lat' dir='ltr'><strong>utin</strong></span> <span class='ocrx_word' id='word_1_821' title='bbox 2551 5435 2642 5489; x_wconf 90' lang='lat' dir='ltr'><strong>illo</strong></span> <span class='ocrx_word' id='word_1_822' title='bbox 2662 5433 3313 5489; x_wconf 83' lang='lat' dir='ltr'><strong>maneatetChristus.Sic</strong></span> <span class='ocrx_word' id='word_1_823' title='bbox 3326 5435 3470 5488; x_wconf 88' lang='lat' dir='ltr'><strong>enim</strong></span> 
     </span>
    </p>
   </div>
   <div class='ocr_carea' id='block_1_115' title="bbox 1893 5523 3465 5592">
    <p class='ocr_par' dir='ltr' id='par_1_115' title="bbox 1893 5523 3465 5592">
     <span class='ocr_line' id='line_1_115' title="bbox 1893 5523 3465 5592; baseline 0.002 -18"><span class='ocrx_word' id='word_1_824' title='bbox 1893 5523 1994 5576; x_wconf 90' lang='lat' dir='ltr'><strong>hoc</strong></span> <span class='ocrx_word' id='word_1_825' title='bbox 2008 5523 2142 5576; x_wconf 79' lang='lat' dir='ltr'><strong>dixit</strong></span> <span class='ocrx_word' id='word_1_826' title='bbox 2164 5533 2412 5592; x_wconf 67' lang='lat' dir='ltr'><strong>tanquim</strong></span> <span class='ocrx_word' id='word_1_827' title='bbox 2433 5525 2661 5585; x_wconf 86' lang='lat' dir='ltr'><strong>diceret,</strong></span> <span class='ocrx_word' id='word_1_828' title='bbox 2681 5525 2778 5591; x_wconf 84' lang='lat' dir='ltr'><strong>Qui</strong></span> <span class='ocrx_word' id='word_1_829' title='bbox 2803 5539 2905 5578; x_wconf 88' lang='lat' dir='ltr'><strong>non</strong></span> <span class='ocrx_word' id='word_1_830' title='bbox 2934 5524 2985 5576; x_wconf 92' lang='lat' dir='ltr'><strong>in</strong></span> <span class='ocrx_word' id='word_1_831' title='bbox 3011 5539 3096 5577; x_wconf 90' lang='lat' dir='ltr'><strong>me</strong></span> <span class='ocrx_word' id='word_1_832' title='bbox 3117 5531 3313 5585; x_wconf 81' lang='lat' dir='ltr'><strong>manet,</strong></span> <span class='ocrx_word' id='word_1_833' title='bbox 3335 5531 3386 5576; x_wconf 80' lang='lat' dir='ltr'><strong>et</strong></span> <span class='ocrx_word' id='word_1_834' title='bbox 3414 5523 3465 5577; x_wconf 92' lang='lat' dir='ltr'><strong>in</strong></span> 
     </span>
    </p>
   </div>
   <div class='ocr_carea' id='block_1_116' title="bbox 1887 5611 3471 5684">
    <p class='ocr_par' dir='ltr' id='par_1_116' title="bbox 1887 5611 3471 5684">
     <span class='ocr_line' id='line_1_116' title="bbox 1887 5611 3471 5684; baseline 0.001 -18"><span class='ocrx_word' id='word_1_835' title='bbox 1887 5613 1994 5684; x_wconf 80' lang='lat'><strong>97</strong></span> <span class='ocrx_word' id='word_1_836' title='bbox 2024 5629 2129 5682; x_wconf 92' lang='lat' dir='ltr'><strong>quo</strong></span> <span class='ocrx_word' id='word_1_837' title='bbox 2148 5611 2288 5684; x_wconf 78' lang='lat' dir='ltr'><strong>[ego]</strong></span> <span class='ocrx_word' id='word_1_838' title='bbox 2329 5630 2435 5668; x_wconf 91' lang='lat' dir='ltr'><strong>non</strong></span> <span class='ocrx_word' id='word_1_839' title='bbox 2461 5629 2670 5682; x_wconf 87' lang='lat' dir='ltr'><strong>maneo,</strong></span> <span class='ocrx_word' id='word_1_840' title='bbox 2697 5631 2801 5667; x_wconf 89' lang='lat' dir='ltr'><strong>non</strong></span> <span class='ocrx_word' id='word_1_841' title='bbox 2831 5630 2890 5669; x_wconf 85' lang='lat' dir='ltr'><strong>se</strong></span> <span class='ocrx_word' id='word_1_842' title='bbox 2911 5614 3054 5667; x_wconf 75' lang='lat' dir='ltr'><strong>dicat</strong></span> <span class='ocrx_word' id='word_1_843' title='bbox 3078 5622 3167 5667; x_wconf 87' lang='lat' dir='ltr'><strong>aut</strong></span> <span class='ocrx_word' id='word_1_844' title='bbox 3191 5611 3308 5667; x_wconf 70' lang='lat' dir='ltr'><strong>exis</strong></span> <span class='ocrx_word' id='word_1_845' title='bbox 3335 5613 3471 5668; x_wconf 84' lang='lat' dir='ltr'><strong>imet</strong></span> 
     </span>
    </p>
   </div>
   <div class='ocr_carea' id='block_1_117' title="bbox 1891 5705 3466 5777">
    <p class='ocr_par' dir='ltr' id='par_1_117' title="bbox 1891 5705 3466 5777">
     <span class='ocr_line' id='line_1_117' title="bbox 1891 5705 3466 5777; baseline -0.001 -17"><span class='ocrx_word' id='word_1_846' title='bbox 1891 5708 2212 5760; x_wconf 87' lang='lat' dir='ltr'><strong>manducare</strong></span> <span class='ocrx_word' id='word_1_847' title='bbox 2265 5721 2460 5774; x_wconf 90' lang='lat' dir='ltr'><strong>corpus</strong></span> <span class='ocrx_word' id='word_1_848' title='bbox 2517 5721 2718 5769; x_wconf 88' lang='lat' dir='ltr'><strong>meum,</strong></span> <span class='ocrx_word' id='word_1_849' title='bbox 2773 5715 2864 5759; x_wconf 88' lang='lat' dir='ltr'><strong>aut</strong></span> <span class='ocrx_word' id='word_1_850' title='bbox 2916 5705 3103 5761; x_wconf 85' lang='lat' dir='ltr'><strong>bibere</strong></span> <span class='ocrx_word' id='word_1_851' title='bbox 3147 5706 3466 5777; x_wconf 80' lang='lat' dir='ltr'><strong>sanguinem</strong></span> 
     </span>
    </p>
   </div>
   <div class='ocr_carea' id='block_1_118' title="bbox 1888 5796 3462 5867">
    <p class='ocr_par' dir='ltr' id='par_1_118' title="bbox 1888 5796 3462 5867">
     <span class='ocr_line' id='line_1_118' title="bbox 1888 5796 3462 5867; baseline -0.001 -16"><span class='ocrx_word' id='word_1_852' title='bbox 1888 5813 2088 5852; x_wconf 89' lang='lat' dir='ltr'><strong>meum.</strong></span> <span class='ocrx_word' id='word_1_853' title='bbox 2117 5797 2230 5850; x_wconf 90' lang='lat' dir='ltr'><strong>Non</strong></span> <span class='ocrx_word' id='word_1_854' title='bbox 2261 5796 2439 5865; x_wconf 88' lang='lat' dir='ltr'><strong>itaque</strong></span> <span class='ocrx_word' id='word_1_855' title='bbox 2460 5805 2674 5848; x_wconf 84' lang='lat' dir='ltr'><strong>manent</strong></span> <span class='ocrx_word' id='word_1_856' title='bbox 2707 5797 2757 5850; x_wconf 92' lang='lat' dir='ltr'><strong>in</strong></span> <span class='ocrx_word' id='word_1_857' title='bbox 2788 5796 3028 5860; x_wconf 81' lang='lat' dir='ltr'><strong>Christo,</strong></span> <span class='ocrx_word' id='word_1_858' title='bbox 3051 5796 3140 5867; x_wconf 89' lang='lat' dir='ltr'><strong>qui</strong></span> <span class='ocrx_word' id='word_1_859' title='bbox 3185 5811 3290 5851; x_wconf 85' lang='lat' dir='ltr'><strong>non</strong></span> <span class='ocrx_word' id='word_1_860' title='bbox 3336 5807 3462 5850; x_wconf 73' lang='lat' dir='ltr'><strong>smul</strong></span> 
     </span>
    </p>
   </div>
   <div class='ocr_carea' id='block_1_119' title="bbox 1889 5888 3466 5959">
    <p class='ocr_par' dir='ltr' id='par_1_119' title="bbox 1889 5888 3466 5959">
     <span class='ocr_line' id='line_1_119' title="bbox 1889 5888 3466 5959; baseline -0.001 -14"><span class='ocrx_word' id='word_1_861' title='bbox 1889 5893 2126 5946; x_wconf 84' lang='lat' dir='ltr'><strong>membra</strong></span> <span class='ocrx_word' id='word_1_862' title='bbox 2159 5892 2294 5959; x_wconf 59' lang='lat' dir='ltr'><strong>ejus.</strong></span> <span class='ocrx_word' id='word_1_863' title='bbox 2331 5890 2443 5944; x_wconf 71' lang='lat' dir='ltr'><strong>Non</strong></span> <span class='ocrx_word' id='word_1_864' title='bbox 2466 5899 2590 5943; x_wconf 87' lang='lat' dir='ltr'><strong>sunt</strong></span> <span class='ocrx_word' id='word_1_865' title='bbox 2632 5897 2808 5945; x_wconf 80' lang='lat' dir='ltr'><strong>autent</strong></span> <span class='ocrx_word' id='word_1_866' title='bbox 2841 5890 3079 5946; x_wconf 82' lang='lat' dir='ltr'><strong>membra</strong></span> <span class='ocrx_word' id='word_1_867' title='bbox 3101 5889 3335 5954; x_wconf 85' lang='lat' dir='ltr'><strong>Christi,</strong></span> <span class='ocrx_word' id='word_1_868' title='bbox 3369 5888 3466 5957; x_wconf 86' lang='lat' dir='ltr'><strong>qui</strong></span> 
     </span>
    </p>
   </div>
  </div>
