3986 6190
404 313 511 369 ’ἱξιῦ

1486 307 1547 361 D.
1594 305 1910 362 EUGYPl'll
1948 303 2239 360 ABBATIS
2277 306 2596 362 AFiilC.\Nl
3563 313 3654 368 ’,εδ

402 425 712 479 demeritum
742 422 989 492 posuisti,
1038 436 1142 476 non
1191 435 1404 486 aurum,
1437 429 1734 487 argentum,
1783 417 1987 486 lapides
2016 425 2062 480 Α
2091 427 2352 472 conantur
2379 429 2433 473 ct
2460 429 2651 474 testem
2679 437 2696 477 :
2725 421 2762 476 S
2783 429 2876 476 cut
2902 420 3045 476 enim
3076 423 3255 477 nullus
3277 437 3384 488 est,
3423 427 3660 497 inquiunt.

411 514 700 585 pietiOsos,
745 516 839 568 sed
873 516 1032 582 ligna,
1070 515 1270 576 fenum,
1311 512 1593 580 stipu'am;
1646 512 1824 564 salvus
1862 523 1992 579 ergo

410 613 542 674 eris,
575 625 694 664 cum
725 609 916 662 ardere
944 607 1170 674 cii-perit
1195 605 1338 675 quod
1367 603 1662 668 tedilieasti,
1693 605 1772 656 sic
1814 611 1992 657 tamen

409 715 659 772 tanquam
680 717 772 768 per
795 701 996 768 ignem.
1032 698 1200 751 Nemo
1220 696 1361 751 enim
1402 711 1565 764 super
1588 695 1990 748 fundamentum

411 799 514 850 hoc
545 794 817 849 aedificatus
839 792 1119 851 adulteria.
1151 791 1534 858 blasphemias.
1559 788 1856 856 sacrilegia,
1879 788 1996 841 ido-

409 889 684 948 lolatrias,
729 883 992 951 perjuria,
1039 890 1194 951 putet.
1241 896 1300 935 se
1347 881 1555 934 salvum
1607 880 1842 933 futurum
1904 892 1996 945 per

409 979 611 1045 ignem,
648 976 796 1045 quasi
821 975 922 1028 ista
952 987 1072 1027 sunt
1104 974 1266 1041 ligna,
1298 974 1500 1036 fenum,
1529 972 1754 1038 stipula;
1787 970 1878 1024 sed
1905 968 1994 1038 qui

407 1071 638 1122 aedificat
700 1081 940 1120 amorem
994 1077 1326 1119 terrenorutn
1375 1079 1539 1130 super
1593 1063 1996 1116 fundamentum

411 1161 560 1227 regni
590 1162 870 1221 canorum,
896 1156 946 1208 id
970 1167 1071 1220 est,
1101 1171 1141 1208 s-
1169 1172 1262 1224 per
1284 1156 1580 1219 Christum,
1611 1156 1818 1208 ardebit
1845 1171 1998 1207 amor

417 1267 598 1305 rerum
632 1249 1026 1317 temporalium,
1063 1257 1114 1300 et
1145 1248 1258 1315 ipse
1288 1249 1466 1300 silvus
1489 1245 1591 1300 erit
1623 1263 1716 1314 per
1747 1247 1996 1302 idoneum

417 1344 846 1396 fundamentum.
865 1337 1066 1392 Inimici
1087 1339 1294 1390 Domini
1314 1339 1520 1391 mentiti
1540 1349 1662 1389 sunt
1679 1336 1726 1390 ei
1744 1336 1996 1402 d;ccndo,

426 1440 502 1490 Eo
532 1438 596 1488 ad
623 1436 829 1488 vineam
853 1473 868 1498 ,
911 1443 968 1486 et
995 1448 1098 1484 non
1126 1431 1328 1494 eundo,
1357 1441 1410 1484 et
1437 1429 1540 1484 erit
1575 1440 1787 1497 tempus
1812 1443 1998 1482 eorum

421 1546 527 1582 non
548 1529 614 1581 ad
647 1539 877 1596 tempus,
902 1526 995 1580 Sed
1030 1527 1079 1578 in
1105 1537 1387 1579 retentum.
1422 1525 1486 1577 Et
1509 1525 1594 1590 qtti
1620 1536 1746 1578 sunt
1779 1524 1902 1577 isti?

493 1623 554 1675 Et
584 1621 780 1675 cibarii
803 1620 924 1672 illos
951 1633 1013 1671 ex
1043 1619 1202 1685 adipe
1241 1617 1513 1672 frumenti.
1551 1645 1616 1657 —
1656 1617 1835 1671 Nostis
1879 1616 1999 1670 adi-

421 1731 542 1783 pem
573 1713 845 1775 frumenti,
879 1710 1018 1763 uade
1037 1711 1286 1764 cibantur
1319 1711 1465 1762 multi
1498 1709 1695 1763 inimici
1736 1710 1825 1778 qui
1849 1724 2002 1763 men-

2097 509 2216 564 dics‘
2253 527 2360 580 quo
2397 528 2427 565 a
2469 512 2790 568 Christianis
2833 516 2948 568 haec
2975 517 3146 570 oratio
3187 534 3296 570 non
3335 520 3564 588 dictum,
3602 527 3665 579 ita

2098 604 2300 658 nullum
2332 615 2415 660 est
2441 607 2626 675 quotid
2651 623 2812 662 anum
2844 610 3214 678 qualecunque
3244 623 3672 686 peccatuniqutul

2100 710 2193 762 per
2222 695 2362 748 ἰΙΙ.ιιιί
2390 699 2833 765 nnndimittatur,
2861 716 2982 754 eum
3002 703 3266 757 dicimus:
3295 706 3512 762 Dimitte
3532 710 3676 766 nobis

2097 786 2276 840 debts
2305 801 2518 854 nostra;
2540 790 2586 843 si
2609 791 2746 858 quod
2763 793 3008 860 sequitur
3030 793 3208 848 facere
3235 810 3510 864 curemus,
3542 801 3679 854 Sicu:

2099 891 2153 932 et
2186 896 2284 936 nos
2316 881 2639 936 dimittimus
2683 883 3021 938 debitoribus
3049 890 3265 941 nostris.
3309 888 3424 942 Non
3453 891 3589 946 enim
3612 894 3682 948 ait

2101 970 2378 1034 Dulllllllls,
2412 975 2698 1040 inquiunt:
2749 975 2806 1030 Si
2835 974 3150 1030 diiniseritis
3195 987 3419 1044 peccata
3463 995 3556 1034 sua
3587 982 3681 1036 bo-

2103 1066 2603 1130 miuibus,dtmittet
2627 1069 2776 1122 vobis
2806 1071 2962 1124 Pater
2994 1082 3171 1126 vester
3189 1075 3505 1139 quotidiana
3531 1091 3680 1144 parra

2103 1167 2340 1224 peccata,
2369 1161 2486 1225 sed,
2519 1161 2784 1227 Dimittet,
2821 1162 3014 1231 inquit,
3047 1164 3197 1218 vobis
3225 1176 3448 1233 peccata
3495 1179 3678 1223 vestra.

2100 1251 2497 1319 Qualiacuuque
2523 1267 2651 1320 ergo
2676 1255 2757 1306 vel
2789 1265 3201 1323 qmintacunque
3254 1257 3386 1321 sitit,
3433 1261 3587 1312 etiam
3633 1261 3679 1314 si

2099 1340 2340 1407 quotidie
2371 1353 2766 1409 perpetrentur,
2797 1357 2895 1398 nec
2941 1346 3010 1400 ab
3059 1345 3138 1399 eis
3188 1347 3298 1399 vita
3353 1346 3590 1402 discedat
3632 1351 3682 1404 in

2101 1430 2296 1482 melius
2324 1443 2645 1486 commutata
2668 1474 2683 1494 ,
2717 1449 2812 1502 per
2837 1435 3240 1506 elcemosynatu
3271 1439 3424 1501 venia
3456 1455 3556 1493 non
3594 1455 3683 1496 nec

2101 1528 2223 1586 gata
2277 1523 2480 1575 remitti
2507 1523 2608 1576 sibi
2648 1539 2804 1592 posse
2849 1539 3199 1594 pra-annuat.
3232 1528 3342 1582 Sed
3389 1529 3527 1585 bene
3548 1532 3682 1600 quod

2103 1609 2190 1662 isti
2218 1611 2410 1678 dignas
2455 1627 2552 1678 pro
2580 1615 2810 1682 peccatis
2857 1620 3235 1687 clcetttosynas
3279 1633 3678 1676 eumtuomaites

2105 1715 2227 1755 esse
2259 1702 2525 1756 faciendas
2553 1722 2566 1759 :
2597 1707 2853 1772 quoniam
2897 1710 2941 1760 si
2987 1709 3252 1774 dicerent,
3293 1711 3682 1782 qualescunque

416 1809 496 1860 titi
521 1817 644 1860 sunt
673 1807 744 1858 ei.
771 1808 833 1856 lat
858 1804 1054 1857 cibavit
1078 1804 1198 1854 illos
1224 1817 1290 1855 ex
1315 1802 1469 1870 adipe
1493 1801 1762 1864 frumenti,
1790 1800 2003 1855 miscuit
2034 1795 2080 1854 B
2109 1797 2480 1864 eleemosyuas
2511 1813 2607 1865 pro
2639 1799 2872 1866 pecudis
2916 1801 3246 1868 quotidiauis
3293 1813 3349 1857 et
3391 1803 3608 1873 magnis,
3638 1814 3681 1860 et

418 1912 513 1951 eos
535 1894 890 1949 sacramentis
914 1893 1064 1955 suis;
1096 1905 1148 1945 et
1168 1890 1359 1945 Judam
1386 1891 1600 1958 quando
1622 1890 1774 1944 dedit
1803 1890 2009 1944 buccel-

417 1990 526 2041 lain
576 1985 841 2050 ex’adipe
879 1984 1132 2037 frumenti
1166 1983 1384 2044 cibavit,
1413 1990 1468 2037 et
1508 1983 1754 2035 inimicus
1797 1980 2006 2034 Domini

420 2077 675 2132 mentitus
701 2086 788 2130 est
830 2076 905 2139 ei,
956 2086 1009 2129 et
1049 2074 1156 2128 erit
1205 2085 1415 2141 tempus
1453 2076 1571 2141 ejus
1620 2073 1674 2126 in
1724 2082 2006 2127 aeternum.

423 2169 635 2224 (libarit
667 2169 787 2222 illos
833 2183 898 2222 ex
930 2168 1085 2234 adipe
1130 2167 1406 2222 frumenti.
1436 2165 1480 2220 0
1511 2169 1778 2236 ingratos!
1813 2167 2010 2224 cibavit

419 2280 485 2318 et
511 2263 667 2331 adipe
699 2262 970 2323 frumenti,
1003 2271 1060 2314 et
1091 2261 1159 2315 de
1186 2271 1334 2329 petra
1381 2261 1540 2315 melle
1569 2262 1826 2316 snturavit
1871 2278 1964 2316 eos
1990 2280 2006 2315 :

424 2355 478 2406 in
508 2369 690 2407 eremo
719 2366 910 2419 aquam
939 2352 1201 2419 depctra
1246 2349 1520 2415 traduxit,
1568 2368 1672 2405 non
1727 2355 1853 2406 tttel.
1908 2353 2008 2408 Mel

425 2445 686 2510 sapientia
713 2452 817 2508 est,
847 2443 1130 2509 primatum
1157 2441 1396 2496 dulcoris
1421 2450 1612 2496 tenens
1639 2443 1693 2496 in
1723 2445 1862 2498 escis
1884 2460 2011 2500 cor-

426 2537 533 2589 dis.
563 2537 731 2602 Quam
755 2550 884 2606 ergo
907 2535 1063 2589 multi
1097 2534 1298 2588 inimici
1328 2535 1536 2589 Domini
1561 2536 1884 2592 mentientes
1912 2538 2013 2591 Do-

427 2629 573 2681 mino
599 2627 865 2691 cibantur,
901 2641 1004 2680 non
1047 2627 1222 2681 solum
1275 2641 1341 2682 ex
1382 2627 1540 2696 adipe
1587 2628 1861 2694 frumenti,
1917 2632 2013 2686 sed

425 2719 588 2773 etiam
633 2719 699 2772 de
757 2729 902 2787 petra
928 2719 1112 2783 melle,
1162 2717 1231 2772 de
1276 2720 1541 2788 sapientia
1571 2720 1804 2776 Christi!
1853 2738 2013 2792 quam

425 2810 581 2863 multi
605 2810 944 2864 delectantur
991 2810 1156 2862 verbo
1187 2811 1326 2877 ejus,
1375 2819 1430 2864 et
1481 2811 1783 2880 cognitione
1832 2826 2010 2866 sacta-

423 2913 727 2958 tnentomnt
757 2903 895 2972 ejus,
921 2903 1187 2958 solutione
1231 2903 1604 2970 parabularum
1655 2906 1803 2974 ejus!
1853 2923 2010 2974 quam

423 2996 577 3048 multi
603 2995 973 3050 delectantur!
1003 3009 1164 3063 quam
1205 2993 1356 3048 multi
1394 2997 1666 3050 clamant!
1700 2999 1765 3050 Et
1794 3013 1898 3051 non
1930 3007 2014 3052 est

422 3091 528 3144 hoc
557 3089 664 3144 mel
691 3088 760 3142 de
787 3088 1027 3155 quolibet
1053 3088 1288 3152 homine,
1321 3089 1416 3143 sed
1446 3089 1514 3144 de
1543 3098 1714 3157 petra.
1745 3105 1893 3158 petra
1917 3107 2010 3144 au-

2111 1897 2522 1958 quiintacuuque
2568 1891 2834 1946 scelerum
2902 1895 3338 1960 consuetudine,
3391 1894 3683 1950 tttisericor-

2111 1980 2253 2034 diam
2301 1997 2458 2048 posse
2516 1985 2807 2051 impetraie
2859 1985 3120 2051 divinam,
3173 1997 3235 2040 ut
3278 2003 3348 2042 ea
3392 1987 3680 2056 quotidiana

2112 2075 2361 2128 remissio
2391 2086 2730 2145 :equet'etur.
2765 2078 3008 2132 viderent
3034 2095 3099 2132 se
3143 2095 3258 2132 rem
3299 2081 3483 2134 dicere
3506 2083 3681 2132 ansar-

2110 2169 2235 2228 dam
2261 2182 2422 2237 atque
2451 2170 2753 2223 ridiculam.
2778 2172 2867 2224 Sic
2888 2171 3032 2225 enim
3056 2181 3386 2239 cogerentur
3409 2170 3556 2224 fateri
3582 2169 3680 2222 fieri

2115 2273 2274 2327 posse
2331 2270 2390 2314 ut
2432 2261 2876 2328 opulettttssamus
2923 2261 3104 2328 homo,
3161 2266 3356 2317 decem
3409 2261 3681 2315 nummulis

2110 2351 2316 2404 diurnis
2341 2351 2391 2404 iit
2413 2351 2790 2422 eleemosynas
2809 2352 3088 2421 impensis,
3119 2352 3436 2417 bonieidia,
3468 2360 3521 2404 ct
3533 2352 3671 2402 aulul-

2111 2443 2272 2506 teria,
2295 2452 2352 2495 et
2378 2441 2583 2496 nefaria
2614 2458 2841 2512 quaeque
2884 2445 3020 2498 facta
3065 2443 3387 2498 redimeret.
3440 2440 3591 2509 Quod
3640 2441 3678 2492 si

2113 2532 2560 2586 absurdissimum
2593 2545 2675 2588 est
2706 2535 2906 2598 dicere,
2925 2535 3168 2603 profecto
3208 2534 3258 2587 si
3283 2546 3550 2602 qua:ratur
3575 2545 3680 2598 quae

2111 2624 2290 2693 digna:
2307 2635 2438 2679 sunt
2452 2641 2548 2695 pro
2565 2627 2798 2694 peccatis
2819 2627 3180 2696 eleemosyna:
3213 2625 3287 2680 de
3318 2629 3507 2692 quibus
3533 2622 3678 2677 etiam

2114 2714 2315 2770 Christi
2358 2730 2659 2785 prwcuisor
2690 2718 2779 2770 ille
2817 2718 3052 2782 dicebat,
3115 2715 3299 2769 Facite
3327 2730 3454 2784 ergo
3497 2712 3681 2766 fructus

2100 2807 2305 2878 dignos
2329 2809 2677 2878 pmiiiteutim,
2710 2807 3058 2876 proculdubio
3086 2824 3192 2861 non
3233 2807 3570 2860 invenientur
3593 2816 3677 2856 eos

2117 2902 2296 2956 facere
2319 2903 2409 2969 qui
2442 2900 2604 2953 vitant
2639 2914 2792 2954 suam
2820 2913 2988 2969 usque
3017 2900 3083 2953 ad
3109 2910 3342 2955 mortem
3366 2896 3678 2968 quotidianu-

2114 3007 2233 3047 rum
2263 2992 2553 3047 criminum
2580 3001 2980 3060 perpetrattone
3005 2991 3352 3046 confodiunt.
3370 2989 3542 3044 Primo
3568 2985 3677 3055 quia

2117 3086 2170 3139 in
2201 3084 2512 3139 aul’erends
2555 3086 2716 3139 rebus
2747 3083 2938 3139 alienis
2961 3085 3116 3153 lunae
3155 3086 3311 3154 plura
3338 3083 3600 3148 diripiunt,
3620 3092 3674 3132 ex

425 3189 532 3233 rem
579 3189 696 3232 erat
729 3179 998 3231 Christus.
1049 3179 1219 3244 Quam
1265 3176 1417 3233 multi
1457 3195 1586 3250 ergo
1631 3182 1894 3234 satiantur
1937 3181 2009 3236 de
2035 3158 2079 3218 Ο
2113 3179 2309 3248 quibus
2339 3193 2432 3247 per
2462 3179 2651 3247 exidtta
2678 3179 3005 3247 pauperibus
3033 3179 3317 3248 largiendo
3345 3177 3672 3231 Christianae

432 3269 590 3321 melie
631 3268 768 3321 isto!
817 3269 1076 3331 clamant,
1111 3268 1344 3321 dicunt:
1396 3270 1572 3324 Suave
1621 3278 1723 3325 est.
1779 3271 2007 3326 Dicunt:

429 3359 566 3411 Ntiil
591 3358 802 3419 melius,
830 3357 966 3410 nitiil
995 3358 1206 3410 dulcius
1236 3359 1464 3428 intelligi
1495 3360 1576 3414 vel
1600 3359 1706 3414 dici
1733 3366 1934 3430 patuit:
1959 3371 2015 3418 et

427 3461 607 3508 tamen
640 3450 840 3503 inimici
865 3450 1074 3502 Domini
1098 3451 1308 3504 mentiti
1337 3461 1462 3505 sunt
1491 3453 1565 3507 ei.
1613 3453 1754 3507 bolo.
1784 3456 2013 3519 amplius

423 3543 703 3597 immorari
749 3543 800 3595 in
832 3547 992 3595 rebus
1039 3542 1282 3596 dolendis
1315 3561 1328 3595 :
1357 3559 1668 3613 quanquam
1707 3546 2015 3601 terriinter

426 3635 751 3703 psalmusad
769 3637 869 3690 lioc
883 3634 1064 3689 finitus
1080 3637 1171 3700 sit,
1189 3645 1364 3690 tamen
1382 3653 1410 3690 a
1433 3640 1540 3692 ﬁne
1553 3640 1670 3706 ejus
1682 3640 1908 3694 obsecro
1920 3656 2014 3695 vos

439 3739 777 3780 recurramus
799 3726 865 3780 ad
891 3738 1050 3796 Caput
1078 3744 1089 3779 :
1118 3727 1398 3783 Exsultate
1420 3728 1532 3784 Deo
1553 3730 1784 3800 adjutori
1803 3743 2007 3787 nostro.

1029 3840 1257 3896 CAPUT
1291 3842 1399 3895 CL.

417 3947 620 4010 Contra
650 3971 824 4007 eorum
844 3956 1224 4031 persuasionem
1255 3957 1340 4023 qui
1369 3967 1551 4026 putant
1578 3959 1676 4012 sibi
1714 3977 1814 4013 non
1865 3961 2014 4031 obfu-

503 4037 618 4078 lnm
648 4041 873 4094 peccatu,
922 4029 974 4079 in
1003 4029 1197 4100 quibus
1223 4045 1337 4080 rum
1388 4033 1737 4099 eleemetyuas
1785 4029 2011 4100 [urerent

418 4113 428 4119 ·
504 4107 858 4162 perstiterunt;
883 4113 944 4150 ea
967 4101 1141 4150 eodem
1163 4098 1296 4150 libra
1321 4114 1432 4152 xiii.

507 4189 691 4243 liestat
718 4192 798 4244 eis
829 4191 1164 4258 respondere
1184 4193 1272 4259 qui
1303 4191 1489 4245 dicunt
1515 4203 1722 4249 aeterno
1747 4193 1868 4264 igne
1896 4195 2014 4250 illos

433 4281 803 4334 tantummodo
831 4294 1050 4334 arsuros
1075 4282 1164 4348 qui
1185 4282 1257 4336 de
1280 4280 1422 4355 [pro]
1446 4285 1676 4352 peccatis
1701 4287 1812 4339 suis
1836 4284 2014 4342 facere

436 4374 626 4444 dignas
655 4374 1030 4444 eleemosynas
1061 4375 1354 4444 negligunt,
1387 4385 1604 4446 prepter
1625 4377 1752 4431 illud
1778 4379 1920 4448 quod
1943 4381 2018 4434 ait

431 4468 713 4534 apostolus
738 4465 1001 4520 Jacolius:
1033 4467 1299 4522 Iudicium
1331 4476 1511 4524 autem
1553 4469 1670 4524 sine
1708 4472 2016 4526 misericor-

2114 3274 2181 3323 ad
2223 3271 2322 3322 hoc
2365 3285 2584 3339 pascere
2623 3269 2954 3336 existimant,
2993 3280 3050 3324 ut
3082 3270 3357 3325 licentiam
3391 3264 3673 3321 malefactu-

2116 3377 2232 3415 rum
2260 3362 2440 3415 abillo
2466 3363 2662 3416 emisse
2691 3363 2774 3417 Vel
2798 3363 3038 3432 quotidie
3061 3365 3237 3432 potius
3255 3376 3436 3416 emere
3464 3357 3667 3412 creden-

2118 3465 2219 3519 tes,
2255 3454 2430 3509 securi
2459 3455 2729 3508 damuaba
2760 3453 3129 3527 [datnnabiliaj
3156 3465 3307 3509 tanta
3345 3449 3673 3508 committant.

2113 3548 2217 3611 Qui
2248 3548 2292 3598 si
2319 3560 2414 3614 pro
2439 3563 2544 3599 uno
2569 3547 2779 3602 scciere
2821 3548 3002 3600 omnia
3030 3546 3423 3601 distribuereut
3451 3540 3672 3608 indigeti-

2115 3639 2260 3690 tibus
2285 3636 2541 3690 membris
2566 3637 2790 3702 Cbristi,
2827 3637 2927 3690 nisi
2971 3637 3298 3690 ili-sisterent
3327 3653 3355 3689 a
3395 3635 3579 3687 talibus
3605 3627 3674 3680 fa-

2116 3732 2242 3793 ctis,
2285 3728 2532 3782 habendo
2565 3729 2911 3793 eburna-ein,
2960 3745 3080 3797 qua:
3109 3745 3215 3782 n~n
3246 3730 3360 3798 agit
3395 3735 3673 3795 perperam.

2118 3821 2319 3890 aliquid
2349 3823 2424 3875 eis
2455 3822 2708 3889 prodesst:
2737 3838 2840 3874 non
2874 3832 3074 3890 posset.
3105 3823 3205 3888 Qui
3231 3837 3367 3890 ergo
3384 3820 3564 3888 dignas
3586 3824 3671 3882 Ι)το

2115 3929 2229 3967 su.s
2259 3916 2489 3982 peccatis
2515 3915 2888 3983 elecmosy.-.as
2937 3913 3082 3976 facit,
3107 3917 3257 3981 prius
3298 3927 3390 3966 eas
3425 3912 3674 3964 iacerem-

2117 4007 2251 4074 clpit
2277 4019 2307 4057 a
2338 4021 2396 4058 se
2427 4005 2564 4071 ipso.
2601 4005 2878 4073 Indignum
2907 4012 2994 4058 est
3014 4005 3154 4058 enim
3180 4017 3235 4056 ut
3259 4005 3313 4056 in
3336 4019 3396 4056 se
3416 4016 3516 4054 non
3539 3995 3674 4050 faciat

2117 4102 2208 4165 qui
2235 4097 2358 4151 facit
2388 4097 2442 4150 in
2466 4099 2795 4165 proximum,
2819 4111 2940 4150 cum
2969 4095 3156 4148 audiat
3184 4096 3449 4149 dicentem
3477 4091 3628 4144 Deum
3659 4098 3672 4136 :

2119 4187 2320 4253 Diliges
2354 4190 2653 4254 proximum
2700 4197 2846 4240 tuum
2878 4195 3134 4255 tanquam
3162 4190 3417 4252 teipstuu.
3460 4184 3673 4244 ltetmjue

2121 4280 2300 4330 audiat
2326 4295 2338 4328 :
2369 4278 2622 4332 Miserere
2644 4281 2839 4331 anima:
2861 4289 2965 4331 tua:
2993 4279 3208 4346 placens
3237 4277 3292 4329 D.
3315 4293 3369 4333 ο.
3391 4277 3526 4330 lianc
3547 4284 3674 4324 cce»

2121 4384 2419 4438 mosyuam,
2451 4370 2503 4421 id
2526 4381 2630 4432 est,
2669 4381 2725 4423 ut
2753 4369 2862 4423 Deo
2889 4368 3125 4437 placeat,
3158 4384 3266 4423 non
3291 4371 3485 4423 faciem
3502 4364 3674 4417 anith

2121 4477 2254 4526 suae,
2282 4463 2556 4530 quomodo
2571 4464 2770 4532 dignas
2799 4478 2900 4532 pro
2928 4462 3163 4531 peccatis
3188 4466 3304 4517 suis
3333 4465 3674 4526 eiectans)“:ts

431 4557 518 4610 dia
553 4556 626 4610 illi
647 4557 738 4626 qui
763 4570 867 4612 non
898 4557 1022 4612 fecit
1063 4557 1511 4615 misericordiam.
1545 4562 1644 4628 Qui
1690 4577 1818 4632 ergo
1862 4563 2012 4630 fecit,
2043 4536 2093 4594 Ῑ)
2125 4556 2303 4609 facete
2335 4555 2601 4610 dicendus
2623 4556 2739 4610 est?
2786 4557 2866 4611 Ad
2898 4558 3000 4612 hoc
3026 4559 3170 4611 uti!"
3197 4570 3256 4612 et
3293 4557 3424 4610 illud
3451 4549 3672 4606 εειευιί·

435 4650 703 4719 inquiunt.
766 4653 1016 4720 quamvis
1088 4668 1192 4707 non
1243 4656 1541 4710 correxerit
1603 4657 1840 4725 perditos
1903 4673 2018 4713 mo-

435 4755 542 4807 res,
571 4743 666 4796 sed
700 4742 902 4798 nefarie
930 4761 994 4799 ac
1019 4747 1266 4815 nequiter
1290 4748 1429 4802 inter
1461 4750 1603 4816 ipsas
1627 4765 1752 4803 suas
1782 4751 2017 4806 eleemo-

435 4849 595 4905 syuas
623 4835 853 4900 vixerit,
879 4851 998 4889 eum
1023 4837 1390 4892 misericordia
1415 4838 1486 4893 illi
1513 4839 1746 4894 futurum
1763 4852 1847 4896 εει
1870 4843 2016 4910 judi-

434 4941 605 4991 cmm,
635 4938 690 4980 ut
713 4938 800 4979 aut
825 4927 1240 4984 nondamnetttr
1268 4933 1509 4998 omnino,
1540 4943 1631 4984 aut
1658 4941 1779 5000 post
1803 4933 2016 5003 aliquod

437 5030 646 5087 tempus
663 5034 693 5072 a
710 5019 1050 5075 damnatione
1067 5023 1351 5076 novissima
1373 5023 1650 5086 liberetur;
1676 5037 1773 5078 nec
1787 5025 1857 5077 ob
1875 5025 2020 5079 aliud

415 5135 420 5138 ·
435 5114 747 5167 existimant
765 5110 940 5166 Christ
951 5128 1036 5166 uni
1055 5113 1249 5168 delicto
1265 5123 1424 5183 atque
1441 5115 1682 5183 neglecto
1696 5113 1785 5185 [de
1802 5117 1916 5168 solo
1932 5116 2018 5169 di-

415 5209 420 5214 ’
439 5207 578 5259 luctu
601 5214 762 5275 atque
776 5205 1042 5278 neglectu]
1065 5209 1530 5278 eleemosynarmn
1549 5209 1926 5264 discretionem
1942 5212 2020 5264 iu-

438 5305 518 5347 ter
536 5295 758 5348 dextros
775 5305 828 5350 et
846 5295 1094 5349 sinistros
1111 5311 1230 5350 esse
1255 5297 1541 5359 facturum,
1569 5312 1794 5365 quorum
1813 5299 1948 5350 alios
1967 5300 2020 5351 in

438 5399 688 5453 regnum,
713 5385 850 5439 alios
872 5385 924 5439 in
956 5387 1274 5454 supplicium
1304 5389 1480 5440 mittat
1505 5397 1787 5440 aeternum.
1832 5387 1899 5442 Ut
1925 5403 2018 5440 au-

439 5483 545 5527 tem
562 5475 874 5545 quotidiana
891 5477 991 5530 sibi
1014 5476 1320 5545 opinentur,
1335 5493 1453 5546 qua:
1475 5478 1654 5532 facere
1675 5479 1894 5532 omnino
1911 5494 2018 5532 non

433 5564 547 5636 99
569 5577 812 5634 cessant;
833 5569 1225 5638 qualiacunque
1249 5577 1304 5625 et
1327 5580 1744 5640 quantacunque
1761 5570 1892 5634 sint,
1926 5586 2020 5640 per

438 5655 813 5724 eleemosynas
835 5659 1032 5715 dimitti
1055 5675 1213 5728 posse
1243 5670 1487 5730 peccata,
1519 5663 1826 5716 orationem
1854 5677 2016 5728 quam

440 5748 621 5801 docuit
650 5748 763 5818 ipse
793 5751 1068 5811 Dominus.
1101 5764 1155 5811 et
1181 5756 1602 5828 sullragatricem
1628 5756 1727 5811 sibi
1758 5755 2017 5812 adbibere

2127 4659 2272 4715 ptum
2299 4664 2314 4701 :
2362 4649 2460 4712 Qui
2492 4649 2593 4701 sibi
2621 4647 2890 4718 malignus
2913 4658 3022 4713 est,
3049 4651 3136 4702 cui
3178 4649 3350 4702 bonus
3383 4643 3514 4701 erit?
3553 4640 3673 4693 Ora-

2128 4744 2304 4796 tiones
2334 4743 2528 4812 quippe
2567 4743 2822 4812 adjuvant
2867 4745 3248 4816 eleemosyuat.
3307 4744 3374 4797 Et
3406 4740 3578 4806 utique
3602 4747 3671 4784 ιιι·

2127 4834 2383 4887 tuendum
2418 4846 2504 4887 cst
2533 4835 2675 4902 quod
2727 4833 2988 4902 legimus:
3039 4833 3158 4898 Fili,
3189 4834 3439 4903 pemasti,
3466 4843 3531 4881 ne
3553 4821 3672 4889 adi"

2127 4929 2238 4980 ciae
2263 4927 2478 4991 iterum,
2506 4938 2561 4980 et
2599 4926 2672 4980 de
2701 4927 2988 4994 prieteritis
3011 4927 3332 4994 deprecare,
3381 4933 3436 4978 ut
3473 4919 3561 4972 tibi
3600 4916 3670 4965 dt-

2127 5019 2424 5072 mittautur.
2459 5019 2684 5086 Propter
2731 5021 2832 5072 huc
2872 5034 3001 5088 ergo
3041 5020 3403 5089 elecmosynm
3441 5006 3670 5067 faciendae

2122 5122 2268 5175 sunt,
2322 5120 2379 5163 ut
2420 5126 2544 5162 cum
2601 5111 2670 5165 de
2715 5091 3004 5177 prieteritis
3048 5113 3282 5178 peccatis
3332 5109 3666 5178 deprecamur.

2123 5205 2491 5268 esaudiamur,
2524 5218 2628 5255 non
2661 5213 2737 5264 ut,
2769 5203 2821 5255 in
2851 5203 2931 5255 eis
2969 5213 3394 5270 persevmintes,
3427 5195 3667 5252 licentiam

2126 5293 2494 5348 malefaciendt
2534 5309 2635 5347 nos
2680 5307 2774 5361 per
2821 5296 3198 5364 eleemosynas
3237 5301 3542 5362 cmnparare
3566 5293 3666 5334 ατο

2124 5386 2334 5438 damus.
2371 5385 2492 5438 Ideo
2515 5395 2698 5438 autem
2728 5384 2987 5438 Dominus
3013 5396 3072 5439 et
3095 5385 3302 5440 dextris
3328 5383 3664 5444 οιθαιιοδνδλθ

2120 5477 2190 5530 ab
2217 5478 2294 5531 eis
2318 5479 2508 5543 factas,
2534 5489 2588 5531 et
2616 5478 2851 5531 sinistris
2887 5493 2995 5530 non
3037 5476 3206 5531 factas
3231 5493 3291 5532 se
3321 5476 3663 5544 intputaturum

2119 5583 2240 5623 esse
2269 5569 2534 5638 praedixit.
2573 5579 2632 5622 ut
2660 5569 2786 5623 hinc
2832 5567 3144 5623 ostenderet
3188 5575 3438 5637 quantum
3478 5557 3660 5611 valcalﬂ

2121 5659 2479 5728 elecinosyna:
2509 5659 2574 5711 ad
2598 5659 2772 5727 priora
2804 5657 3051 5724 delenda,
3083 5673 3188 5712 non
3219 5657 3288 5711 ad
3316 5662 3550 5725 perpetua
3575 5645 3659 5696 int-

2124 5767 2266 5822 pune
2293 5751 2670 5804 conuuittrnda
2722 5759 2959 5820 peccata.
2991 5749 3149 5804 Tales
3187 5757 3363 5804 autem
3403 5746 3660 5802 clamosi-
