3990 6180
297 373 403 426 797
1519 374 1962 431 THESAURUS.
2006 375 2158 434 CAP.
2204 380 2310 434 CL.
3466 395 3568 448 793

287 528 392 566 ms
421 529 525 564 mm
557 513 770 566 dicem“
801 524 924 566 sum
950 515 1142 576 mea”,
1174 513 1263 582 qui
1295 512 1457 567 vim,“
1489 513 1677 566 mlum
1698 529 1725 565 a
1746 528 1870 567 cn“-
1904 498 1949 554 Α
1983 492 2081 544 hoc
2109 495 2280 560 ipsum
2325 498 2465 551 Deus
2493 497 2560 554 de
2591 501 2872 557 sacrificiis
2923 504 3219 570 admonuit,
3259 523 3377 576 qua:
3412 509 3574 579 jussit

287 603 574 657 suetudine
599 604 866 658 scelerum
901 607 951 658 in
981 605 1168 658 melius
1199 615 1558 668 commutare,
1593 605 1713 674 quia
1745 615 1799 660 et
1826 607 1865 658 in

1986 599 2080 637 cus
2111 587 2336 652 primum
2370 607 2462 656 pro
2497 593 2632 658 suis,
2674 595 2870 650 dt'inde
2895 613 2990 664 pro
3020 600 3194 668 ιιοριιίἰ
3227 601 3422 656 offerre
3451 619 3575 670 pce-

289 697 399 749 Izoc
435 698 572 764 quod
610 696 704 757 ait,
737 696 963 761 Quando
994 697 1080 749 uni
1105 712 1169 751 ex
1199 697 1432 750 minimis
1464 699 1596 750 meis
1621 711 1724 749 non
1754 697 1865 750 feci-

1985 681 2137 733 catis.
2175 682 2303 734 Nam
2342 695 2395 738 et
2424 686 2537 755 ipsa
2572 687 2733 742 verba
2786 693 2917 746 tanti
2962 696 3202 758 magistri
3249 706 3302 750 et
3356 696 3574 751 Domini

282 790 412 851 stis,
447 786 574 840 mihi
602 804 706 840 non
735 787 961 852 fecistis,
993 790 1230 844 ostendit
1257 805 1349 842 eos
1373 805 1478 842 non
1513 789 1690 843 facere
1715 790 1874 843 etiam

278 877 505 941 quando
555 894 618 932 se
657 880 832 934 facere
890 881 1221 934 existimant.
1271 882 1327 935 Si
1379 883 1524 936 enim
1573 883 1876 937 Christiano

279 974 550 1026 esurienti
581 988 770 1038 panem
796 985 1043 1042 tanquam
1067 974 1372 1028 Christiano
1393 976 1602 1036 darent,
1629 977 1874 1044 profecto

277 1064 391 1114 sabi
418 1079 605 1130 panem
637 1064 880 1129 justiti»,
911 1066 1051 1131 quod
1086 1067 1199 1134 ipse
1237 1067 1486 1120 Christus
1511 1077 1614 1140 est,
1644 1085 1749 1122 non
1783 1085 1875 1122 ne-

279 1161 496 1216 garent,
530 1154 782 1220 quoniam
809 1155 952 1208 Deus
984 1169 1088 1209 non
1114 1157 1200 1209 cui
1225 1156 1400 1237 detpr,
1433 1157 1524 1210 sed
1557 1175 1664 1224 quo
1693 1163 1874 1213 animo

279 1248 447 1297 detur
475 1245 722 1298 attendit.
752 1247 849 1312 Qui
878 1262 1006 1317 ergo
1039 1249 1308 1301 Christum
1338 1250 1504 1318 d.ligit
1533 1250 1586 1304 in
1615 1249 1874 1305 Christia-

281 1353 393 1399 no,
429 1339 526 1388 hoc
553 1339 734 1389 animo
755 1339 802 1390 ei
835 1339 1052 1407 porrigit
1075 1339 1500 1409 eleemosyuam,
1525 1358 1629 1408 quo
1661 1344 1871 1396 accedit

273 1427 360 1486 ad
390 1425 686 1493 Christum,
734 1443 838 1483 non
896 1445 1003 1499 quo
1050 1432 1163 1484 vult
1206 1432 1458 1486 recedere
1501 1434 1792 1500 impunitus
1841 1451 1868 1488 a

268 1525 322 1570 (λ
337 1521 525 1572 hristo.
554 1519 728 1572 Tanto
753 1522 893 1574 enim
911 1523 1081 1591 magis
1100 1522 1326 1592 quisque
1347 1523 1547 1578 deserit
1571 1525 1868 1585 Christum.

271 1622 487 1677 quanto
515 1616 683 1680 magis
713 1612 889 1681 diligit
931 1614 1072 1680 quod
1117 1615 1382 1682 improbat
1425 1616 1689 1670 Christus.
1733 1617 1865 1670 Nam

266 1702 412 1767 quid
430 1703 618 1771 cuique
648 1703 871 1772 prodest
897 1705 1034 1772 quod
1067 1707 1385 1774 baptizatur.
1401 1707 1444 1760 si
1477 1722 1580 1761 non
1608 1707 1868 1777 justifies-

271 1793 411 1846 ιιιτῖ
438 1793 623 1848 Nonne
661 1796 750 1863 qui
780 1795 948 1862 dixit,
1003 1797 1114 1852 Nisi
1169 1796 1289 1866 quis
1339 1811 1558 1854 renatus
1603 1804 1759 1854 tuerit
1799 1818 1863 1856 ex

265 1900 421 1951 aqua
476 1895 529 1939 et
569 1887 775 1950 Spiritu
817 1885 1049 1958 [sancto]
1100 1904 1206 1944 non
1257 1890 1479 1944 intrabit
1540 1893 1590 1944 in
1648 1909 1868 1962 regnum

265 1975 402 2039 Dei,
435 1976 547 2044 ipse
593 1976 752 2043 etiam
803 1977 960 2046 dixit,
1016 1978 1741 2050 Nisiabundavcritjustitia
1775 1998 1870 2037 ve-

261 2078 393 2119 stra
413 2081 572 2133 super
600 2067 906 2122 Scribarum
938 2080 988 2122 et
1013 2069 1427 2134 Pharisaiorum,
1465 2089 1568 2127 non
1598 2075 1872 2130 iutrabitis

263 2159 332 2209 in
361 2173 581 2223 regnum
605 2160 864 2214 caelorum
891 2159 914 2212 ?
941 2160 1049 2215 Cur
1077 2161 1208 2216 illud
1233 2163 1472 2218 timendo
1498 2165 1647 2219 multi
1677 2176 1871 2222 curant

263 2251 664 2317 baptizari,et
713 2251 813 2305 hoc
857 2267 964 2305 non
1017 2254 1255 2308 timendo
1307 2269 1412 2308 non
1473 2257 1622 2310 multi
1676 2267 1866 2310 curant

261 2341 600 2418 iustiﬁcari?
658 2343 810 2397 Sicut
860 2358 990 2409 ergo
1029 2360 1134 2397 non
1189 2343 1336 2400 fratri
1366 2360 1464 2398 suo
1509 2347 1639 2399 dicit
1699 2347 1860 2413 fatue,

263 2433 372 2501 qui
428 2449 545 2486 cum
582 2433 685 2487 hoc
735 2433 868 2488 dicit
914 2450 1017 2488 non
1059 2433 1158 2502 ipsi
1208 2436 1551 2503 fraternitati,
1599 2438 1690 2490 sed
1746 2454 1864 2506 pec-

263 2539 401 2577 .-.uo
446 2525 561 2592 ejus
593 2525 832 2580 infensus
863 2535 965 2592 est,
1014 2527 1251 2596 alioquin
1295 2544 1419 2582 reus
1450 2532 1554 2582 erit
1602 2532 1862 2597 gehennae

263 2615 450 2681 ignis;
481 2616 548 2667 ita
573 2630 604 2668 e
628 2620 994 2686 contraroqni
1027 2619 1250 2686 porrigit
1277 2620 1678 2688 eleemusynaui
1707 2621 1866 2674 Chri-

265 2715 484 2764 stano.
513 2721 617 2758 non
665 2706 973 2760 Christiano
1007 2710 1248 2776 porrigit,
1283 2710 1370 2778 qui
1398 2727 1502 2763 non
1529 2710 1579 2762 iu
1606 2728 1670 2765 eo
1693 2714 1866 2782 diligit

269 2796 584 2861 (lhristum;
618 2813 720 2849 non
753 2810 929 2852 autem
958 2797 1130 2868 diligit
1157 2800 1428 2853 Christum
1471 2803 1557 2870 qui
1581 2801 1863 2870 justi'licari

266 2897 496 2941 recusat
524 2889 578 2943 in
610 2887 685 2962 [ιι]
732 2889 976 2955 Christo;
1035 2905 1086 2946 et
1141 2895 1591 2962 quemadmodum
1641 2897 1687 2950 si
1745 2900 1866 2967 quis

273 2993 690 3049 pricoccnpatus
723 2981 882 3035 fuerit
911 2982 1012 3035 hoc
1044 2981 1118 3052 [in
1165 2982 1366 3055 aliquo]
1403 2984 1594 3039 deliCto
1625 2995 1680 3040 ut
1717 2987 1866 3043 fratri

272 3088 382 3126 suo
415 3073 744 3139 dicalfatue,
778 3072 826 3127 id
878 3083 979 3137 est,
1035 3090 1140 3128 non
1199 3077 1316 3142 ejus
1367 3086 1640 3146 peccatum
1678 3081 1865 3136 volens

269 3163 518 3229 auferre,
561 3165 894 3219 convicietur
943 3166 1140 3236 injuste
1190 3165 1545 3238 [convincitur
1589 3169 1875 3242 justitim],_

271 3270 465 3324 parum
512 3265 594 3309 est
624 3255 700 3309 illi
733 3256 798 3310 ad
841 3256 940 3312 hoc
969 3259 1343 3312 redimendum
1375 3259 1750 3329 eleetnosynas
1782 3262 1858 3314 fa-

271 3362 428 3412 cere,
458 3345 561 3399 nisi
592 3347 750 3400 etiam
777 3347 917 3415 quod
949 3349 1019 3401 ihi
1051 3350 1292 3416 sequitur
1337 3335 1634 3402 remedium
1674 3366 1868 3404 recon-

276 3439 569 3490 ciliationis
621 3438 891 3507 adjungat.
950 3438 1024 3493 lbi
1073 3441 1215 3494 enim
1269 3441 1557 3506 sequitur:
1602 3441 1656 3495 Si
1689 3441 1861 3514 [eigo]

269 3529 438 3582 oti'ers
469 3543 660 3580 nnmns
685 3538 828 3581 tuum
857 3528 921 3582 ad
945 3531 1130 3593 altare,
1163 3539 1218 3584 ct
1267 3530 1316 3584 bi
1345 3532 1654 3584 recordatus
1689 3533 1862 3587 fueris

271 3618 400 3682 quia
429 3617 593 3671 frater
624 3628 743 3671 tuus
776 3618 934 3672 habet
959 3619 1159 3688 aliquid
1189 3619 1479 3674 adversum
1513 3631 1591 3686 te,
1625 3623 1868 3690 relinque

276 3710 353 3763 ibi
397 3725 597 3763 munus
629 3719 777 3764 tuum
808 3711 873 3764 ad
917 3711 1108 3774 altare,
1153 3721 1207 3766 et
1247 3713 1385 3768 vade
1433 3714 1581 3782 prius
1631 3715 1866 3769 reconci-

273 3807 392 3861 liari
421 3805 574 3860 fratri
601 3816 713 3870 tuo,
745 3815 800 3861 et
831 3817 955 3860 tunc
979 3807 1200 3862 veniens
1238 3807 1434 3862 olferes
1466 3825 1659 3862 munus
1693 3819 1864 3864 tuum.

275 3897 350 3951 Ita
391 3912 581 3960 parum
612 3907 694 3951 est
739 3897 1108 3968 eleemosynas
1136 3899 1494 3968 quantaslibet
1543 3899 1716 3954 facere
1769 3915 1866 3968 pro

272 4003 598 4058 quocunque
623 3995 853 4055 scelere,
885 4000 940 4044 et
965 3991 1018 4043 in
1040 3990 1428 4044 consuetudine
1454 3989 1718 4044 scelerum
1749 4007 1868 4059 per-

275 4094 514 4135 manere.
547 4078 731 4134 Oratio
763 4095 890 4132 vero
919 4080 1250 4152 quotidiana,
1301 4096 1460 4150 quam
1517 4081 1699 4135 docuit
1754 4082 1868 4148 ipse

275 4173 458 4240 Iesus,
492 4171 632 4224 unde
680 4180 732 4224 et
775 4171 1046 4224 Dominica
1103 4171 1410 4225 nominatur
1458 4172 1865 4244 [nuncupatur],

274 4265 424 4319 delet
454 4262 670 4331 quidem
701 4262 1012 4332 quotidiana
1063 4273 1276 4334 peccata
1317 4279 1437 4316 cum
1467 4265 1706 4333 quotidie
1737 4264 1869 4317 diei-

275 4369 404 4409 tur:
440 4355 653 4410 Dimitte
680 4354 834 4408 nobis
884 4354 1060 4408 debita
1099 4367 1322 4422 nostra;
1369 4364 1529 4423 atque
1571 4354 1866 4427 [quoniam]

277 4449 329 4499 id
357 4446 501 4515 quod
530 4446 774 4513 sequitur
798 4460 905 4498 non
947 4446 1119 4499 solum
1171 4446 1386 4512 dicitur,
1423 4446 1514 4501 scd
1548 4448 1710 4502 etiam
1763 4450 1821 4500 fit
1852 4466 1864 4502 :

275 4539 431 4592 Sicut
456 4545 510 4589 et
534 4551 633 4590 nos
662 4536 975 4590 dimittimus
1001 4536 1332 4592 debitoribus
1362 4540 1577 4591 nostris.
1610 4537 1717 4592 Sed
1741 4535 1862 4606 quia

277 4635 420 4683 iiunt
456 4641 693 4697 peccata,
727 4629 848 4684 ideo
876 4629 1090 4694 dicitur,
1137 4646 1240 4683 non
1299 4639 1356 4683 ut
1402 4630 1521 4684 ideo
1568 4631 1696 4683 fiant
1741 4632 1862 4698 quia

277 4721 498 4775 dicitur.
528 4721 629 4775 Per
661 4723 794 4775 hanc
834 4722 977 4774 enim
1009 4721 1163 4775 nobis
1196 4721 1363 4776 voluit
1404 4721 1651 4776 Salvator
1681 4732 1867 4778 OSIcn-

275 4813 411 4866 dere
431 4812 822 4878 quantumlibet
843 4809 988 4879 juste
1019 4811 1070 4864 in
1101 4810 1256 4880 hujus
1287 4812 1407 4864 vita:
1437 4812 1668 4881 caligine
1708 4825 1868 4882 atque

275 4904 597 4959 infirmitate
635 4904 900 4965 vivamus,
935 4919 1038 4956 non
1081 4904 1234 4958 nobis
1265 4903 1453 4959 deesse
1495 4915 1728 4973 peccata,
1773 4925 1867 4976 pro

272 4997 470 5065 quibus
496 4994 828 5048 dimittendis
860 4994 1149 5048 debeamus
1178 5010 1353 5061 orare,
1379 5005 1432 5048 et
1460 4997 1538 5050 eis
1568 4999 1654 5066 qui
1690 5000 1739 5051 in
1773 5017 1869 5055 nos

273 5094 525 5155 peccant,
567 5095 622 5138 ut
645 5097 699 5140 et
731 5085 891 5138 nobis
917 5079 1243 5154 ignoscatur,
1278 5087 1578 5155 ignoscere.
1613 5089 1726 5142 Non
1762 5091 1859 5144 ita-

272 5193 382 5245 que
413 5187 694 5244 propterea
738 5175 990 5228 Dominus
1040 5175 1136 5240 ait,
1179 5176 1234 5230 Si
1284 5176 1595 5230 dimiseritis
1643 5192 1857 5246 peccata

272 5267 585 5321 hominibus
624 5264 854 5319 dimittet
873 5266 1025 5320 vobis
1056 5275 1110 5319 et
1137 5266 1290 5320 Pater
1316 5275 1494 5320 vester
1523 5280 1739 5336 peccata
1772 5285 1854 5323 vc-

272 5373 406 5423 stra,
441 5369 497 5413 ut
530 5361 599 5413 de
655 5359 757 5413 hac
803 5363 1043 5413 oratione
1092 5359 1279 5414 confisi
1328 5360 1500 5415 sccuri
1550 5363 1858 5429 quotidiana

276 5455 484 5508 scelera
518 5453 836 5514 faceremus,
866 5453 949 5507 vel
976 5453 1233 5521 potentia,
1265 5467 1369 5520 qua
1401 5470 1503 5506 non
1549 5454 1860 5509 timeremus

275 5547 552 5599 hominum
582 5545 752 5613 leges,
785 5545 866 5599 vel
896 5547 1116 5610 astutia,
1139 5561 1240 5614 qua
1273 5546 1414 5615 ipsos
1437 5547 1683 5602 homines
1713 5548 1862 5603 falle-

276 5654 494 5704 l‘t‘mlls,
535 5639 649 5690 sed
699 5647 755 5690 ut
806 5654 899 5705 per
939 5639 1087 5691 illam
1140 5637 1468 5694 diser-remus
1511 5655 1616 5694 non
1675 5650 1861 5708 putare

278 5745 372 5780 nos
397 5744 519 5782 csse
553 5729 670 5783 sine
710 5729 959 5797 peccatis,
1001 5729 1163 5780 etiam
1206 5729 1249 5782 si
1307 5744 1335 5783 a
1368 5730 1681 5784 criminibus
1708 5744 1857 5784 essc-

279 5836 392 5874 tuus
434 5821 720 5889 innnuncs,
762 5821 896 5874 sicut
937 5820 1092 5879 etiam
1143 5821 1272 5891 legis
1315 5824 1510 5876 τρια-ιε
1549 5825 1858 5878 εειοιιιλοῑρδ

1984 777 2153 828 nostri
2209 776 2490 844 vigilanter
2542 781 2792 835 intuenda
2839 793 2980 838 sunt.
3024 786 3137 840 Non
3183 789 3324 842 enim
3366 801 3460 853 at,
3515 791 3570 844 Si

1981 866 2293 920 (ἰίιιιιςυιίιίε
2337 883 2552 936 peccata
2611 873 2936 938 hominibus,
2978 886 3032 931 et
3070 877 3229 931 Pater
3265 891 3444 932 vester
3483 880 3570 932 di-

1981 957 2156 1009 mittet
2191 957 2340 1011 vobis
2371 962 2758 1029 qualiacunque
2797 976 3047 1030 peccata;
3089 967 3181 1021 sed
3213 971 3289 1021 ait
3343 969 3567 1024 Peccata

1979 1058 2187 1113 vestra;
2228 1051 2590 1118 quotidianam
2631 1056 2829 1123 quippe
2867 1059 3164 1112 orationem
3206 1061 3473 1126 docebat,
3515 1070 3568 1115 et

1972 1139 2279 1205 justiticatis
2303 1145 2482 1212 utique
2506 1141 2782 1211 discipulis
2811 1147 3144 1217 loquebatur.
3172 1153 3307 1218 Quid
3330 1160 3412 1206 est
3436 1167 3567 1220 ergo

1980 1244 2195 1298 peccata
2227 1243 2422 1293 vestra.
2462 1237 2564 1290 nisi
2599 1247 2814 1306 peccata
2838 1240 2955 1294 sine
2985 1241 3176 1304 quibus
3209 1258 3306 1296 nec
3334 1259 3426 1297 vos
3457 1248 3566 1298 eri-

1977 1325 2064 1388 tis,
2099 1326 2186 1391 qni
2212 1323 2486 1390 iustificati
2526 1337 2578 1379 et
2611 1330 2925 1384 sanctificati
2956 1333 3125 1386 estis?
3162 1332 3259 1386 Ubi
3300 1351 3430 1404 ergo
3465 1337 3564 1404 illi,

1974 1413 2060 1480 qui
2105 1429 2199 1479 per
2230 1414 2363 1468 hanc
2393 1417 2689 1470 orationem
2710 1421 3048 1476 occasionem
3069 1425 3548 1491 perpetrandurutn

1973 1507 2210 1570 quotidie
2240 1507 2502 1560 scelerum
2537 1521 2802 1577 tltlﬂll'uni,
2839 1511 3018 1564 dii-unt
3053 1513 3336 1568 Dominum
3359 1516 3567 1585 signiti-

1973 1610 2122 1648 cusse
2148 1601 2307 1650 etiazu
2349 1616 2538 1668 Inagua
2571 1613 2809 1670 peccata,
2845 1606 3094 1672 quoniatn
3129 1621 3233 1659 non
3263 1607 3420 1672 dixit,
3479 1609 3565 1662 lli-

1974 1686 2144 1738 niiitct
2173 1692 2323 1743 Vobs
2357 1707 2538 1757 parva,
2571 1693 2664 1746 sed
2699 1705 2913 1762 peccata
2957 1706 3156 1759 vestra,
3200 1697 3274 1751 ibi
3308 1712 3405 1751 nos
3434 1713 3564 1752 con-

1974 1783 2267 1838 sidcrames
2306 1788 2549 1852 qualibus
2578 1789 2911 1856 loquebatur,
2954 1801 3008 1844 et
3047 1793 3326 1847 audientes
3357 1794 3556 1848 dictum

1977 1887 2187 1941 peccata
2217 1889 2416 1938 vestra,
2454 1879 2582 1932 nihil
2615 1881 2756 1931 aliud
2780 1881 3038 1934 debemus
3069 1883 3378 1937 existimare
3401 1901 3558 1953 quam

1977 1981 2156 2029 parva,
2193 1983 2448 2035 quoniam
2495 1969 2676 2022 talium
2715 1971 2826 2040 jzuu
2869 1989 2973 2025 non
3014 1983 3164 2026 erant
3205 1989 3417 2042 magna.
3466 1977 3563 2031 Ye-

1972 2065 2272 2110 rumtamcn
2305 2075 2402 2112 nec
2440 2060 2550 2127 ipsa
2583 2077 2794 2129 magna,
2827 2077 2854 2114 a
2885 2063 3078 2131 quibus
3103 2066 3323 2118 omnino
3347 2070 3564 2121 mutatis

1973 2145 2024 2198 in
2058 2147 2248 2200 melius
2272 2146 2511 2203 moribus
2544 2151 2903 2205 recedendum
2939 2163 3042 2217 est,
3078 2153 3422 2208 dimittuntur
3448 2172 3564 2211 ora-

1972 2224 2225 2301 tionibus,
2271 2239 2368 2292 nisi
2411 2238 2500 2291 tiat
2531 2241 2668 2308 quod
2698 2241 2767 2294 ibi
2796 2240 2995 2295 dicitur
3025 2258 3040 2296 :
3073 2242 3226 2298 Sicut
3257 2258 3354 2298 nos
3383 2245 3562 2299 dimit-

1972 2330 2131 2380 timus
2157 2328 2489 2382 dehitorihus
2521 2331 2739 2383 nostris.
2784 2330 2838 2384 Si
2885 2333 3026 2384 enim
3069 2334 3290 2387 minima
3322 2345 3560 2402 peccata,

1969 2420 2085 2472 sine
2115 2420 2311 2487 quibus
2345 2437 2448 2473 non
2481 2431 2562 2474 est
2601 2425 2762 2475 etiam
2791 2423 2897 2474 vita
2929 2422 3222 2489 justorum,
3256 2426 3415 2480 aliter
3455 2442 3560 2481 non

1970 2510 2342 2580 rimittimtnr,
2377 2522 2578 2580 quanto
2602 2514 2768 2582 magis
2797 2515 2974 2566 multis
3003 2523 3058 2566 et
3080 2517 3283 2584 magnis
3322 2518 3561 2572 crimini-
3638 2524 3641 2526 ’

1969 2601 2065 2655 bus
2105 2602 2349 2669 involuti,
2407 2606 2566 2657 etiam
2599 2605 2640 2656 si
2674 2621 2734 2657 ea
2781 2616 3092 2673 perpetrare
3123 2607 3393 2670 desinant,
3436 2609 3560 2660 nul-

1969 2701 2070 2750 lam
2112 2701 2494 2768 indulgentiam
2526 2712 2946 2770 consequuntur,
2997 2705 3042 2757 si
3072 2705 3138 2758 ad
3178 2707 3556 2761 remittendum

1971 2790 2093 2860 aliis
2135 2793 2276 2858 quod
2327 2793 2382 2845 in
2440 2807 2533 2846 eos
2594 2794 2821 2861 quisque
2864 2798 3166 2862 peccaverit
3203 2797 3560 2852 inexorabiles

1971 2882 2186 2948 fuerint,
2214 2899 2334 2938 cum
2366 2885 2506 2938 dicat
2551 2885 2825 2948 Dominus,
2877 2887 2929 2939 Si
2964 2896 3142 2940 autem
3186 2904 3291 2940 non
3333 2888 3557 2942 dimise-

1969 2974 2084 3027 ritis
2112 2973 2414 3029 homiuilms
2446 2975 2733 3047 [peccata],
2765 2991 2936 3046 neque
2971 2978 3126 3031 Pater
3161 2989 3344 3032 vester
3379 2980 3558 3032 dimit-

1971 3073 2046 3119 tet
2088 3066 2258 3118 vobis.
2314 3065 2393 3120 Ad
2437 3067 2538 3119 hoc
2577 3067 2718 3120 enim
2761 3069 2904 3121 valet
2942 3069 3082 3136 quod
3125 3069 3283 3123 etiam
3325 3069 3558 3125 Jacobns

1969 3157 2241 3223 apostolus
2281 3157 2391 3218 ait,
2433 3157 2699 3210 .ludicium
2744 3157 2979 3212 futurum
3021 3159 3138 3212 sine
3187 3159 3555 3213 misericordia

1963 3235 2034 3299 illi
2065 3249 2152 3314 qui
2183 3263 2286 3299 non
2315 3247 2500 3300 fecerit
2522 3248 2963 3302 misericordiam.
2995 3248 3194 3302 Venire
3225 3251 3422 3318 quippe
3453 3249 3551 3303 de—

1973 3339 2059 3392 lict
2109 3338 2158 3391 in
2202 3348 2432 3392 mentem
2461 3339 2622 3392 etiam
2662 3353 2850 3392 servus
2879 3338 2968 3393 ille
2994 3341 3078 3394 cui
3112 3340 3347 3394 debitori
3376 3338 3556 3394 domi-

1972 3445 2072 3482 nus
2103 3430 2365 3483 relaxavit
2411 3429 2596 3482 decem
2638 3429 2804 3483 millia
2839 3429 3184 3495 talentorum,
3227 3446 3346 3500 qua:
3372 3441 3556 3500 postea

1956 3521 2128 3591 jussit
2172 3533 2228 3574 ut
2295 3520 2566 3588 redderet,
2641 3521 2764 3589 quia
2824 3537 2929 3575 non
2990 3524 3244 3576 misertus
3289 3532 3372 3576 est
3429 3536 3558 3575 con-

1971 3615 2110 3668 Servi
2141 3615 2226 3681 qui
2258 3614 2306 3668 ei
2342 3612 2574 3668 debebat
2618 3625 2832 3666 centum
2877 3613 3148 3669 denarios.
3209 3618 3264 3668 In
3301 3615 3383 3668 his
3428 3629 3558 3683 ergo

1970 3707 2059 3776 q-ii
2121 3708 2211 3760 lilii
2279 3717 2403 3761 sunt
2463 3707 2842 3774 promissionis
2891 3715 2947 3760 et
2997 3722 3123 3761 vasa
3175 3707 3558 3761 mistiricordiai

1978 3799 2132 3868 100
2165 3798 2304 3852 valet
2362 3797 2500 3864 quod
2533 3797 2608 3849 ait
2653 3797 2790 3850 idem
2830 3797 3122 3864 aposwlus,
3165 3805 3558 3863 consequenter

1971 3890 2264 3958 adjungcns
2300 3908 2314 3942 :
2347 3887 2728 3957 Superetultat
2779 3899 2956 3942 autem
3001 3887 3373 3942 misericordia
3414 3887 3558 3955 judi-

1971 3983 2052 4036 cio
2081 3980 2416 4052 [judicium],-
2451 3981 2700 4050 quoniam
2731 3989 2785 4035 et
2832 3979 2905 4033 illi
2937 3980 3029 4048 qui
3076 3988 3219 4034 tanta
3268 3981 3556 4034 sanctitate

1973 4074 2240 4140 vixerunt,
2291 4082 2350 4126 ut
2391 4073 2527 4126 alios
2564 4087 2774 4141 quoque
2826 4069 3086 4139 recipiant
3107 4070 3158 4123 in
3214 4069 3556 4124 tabernacula

1972 4183 2016 4220 ae
2042 4180 2192 4230 erna,
2243 4163 2436 4234 quibus
2486 4162 2642 4215 amici
2699 4161 2820 4215 facti
2862 4171 2987 4215 sunt
3026 4161 3094 4214 de
3124 4175 3425 4213 mammona
3457 4159 3558 4213 ini-

1970 4256 2210 4328 quitatis,
2259 4267 2311 4308 ut
2358 4256 2490 4310 tales
2518 4261 2720 4320 essent,
2761 4252 3121 4307 misericordia
3176 4250 3385 4305 liberati
3433 4260 3558 4305 sunt

1972 4350 2040 4402 ab
2064 4363 2129 4401 eo
2155 4347 2244 4416 qui
2265 4346 2520 4414 justilicat
2554 4345 2793 4413 impium,
2827 4342 3094 4412 imputaus
3141 4342 3442 4398 mercedem
3473 4357 3559 4395 se-

1972 4437 2203 4493 cundum
2229 4437 2452 4506 gratiam
2481 4478 2495 4502 ,
2532 4451 2635 4488 non
2681 4433 2972 4488 secundum
2995 4433 3254 4487 debitum.
3282 4432 3336 4485 In
3366 4446 3554 4487 eorum

1973 4533 2168 4600 quippe
2209 4545 2431 4584 numero
2473 4541 2547 4583 est
2582 4528 2893 4596 Apostolus,
2927 4527 3015 4598 qui
3056 4526 3224 4581 dicit:
3257 4527 3558 4580 Misericor-

1896 4602 1946 4661 Ῑ)
1973 4626 2113 4678 diam
2163 4631 2486 4676 consecutus
2533 4637 2674 4686 sutn,
2719 4631 2775 4673 ut
2808 4619 2977 4673 fidelis
3020 4633 3217 4672 essem.
3251 4618 3326 4672 llli
3377 4627 3556 4672 autem

1974 4717 2061 4784 qui
2107 4714 2431 4784 recipiuntur
2458 4728 2486 4766 a
2520 4712 2712 4766 talibus
2759 4713 2812 4765 in
2860 4711 3199 4766 tabernacula
3229 4724 3451 4775 attenta,
3481 4712 3560 4765 fac

1976 4808 2191 4864 tendum
2223 4817 2304 4862 est
2348 4808 2486 4870 quod
2522 4823 2624 4860 non
2656 4807 2759 4860 sint
2811 4806 2892 4859 his
2924 4807 3159 4861 moribus
3215 4807 3448 4876 prtediti,
3499 4814 3560 4860 ut

1974 4901 2052 4955 cis
2091 4899 2379 4952 liberandis
2425 4899 2539 4951 sine
2589 4898 2842 4966 suffragio
2890 4908 3195 4952 sanctorum
3248 4913 3345 4952 sua
3391 4899 3558 4963 possit

1981 4993 2086 5046 vita
2117 4991 2457 5047 sul‘ticcre.ac
2487 5004 2579 5056 per
2610 4989 2713 5042 hoc
2740 4988 2906 5041 multo
2931 4989 3159 5054 amplius
3189 4987 3240 5042 in
3273 4991 3351 5044 eis
3371 5004 3558 5058 super-

1963 5085 2167 5145 exaltal
2187 5079 2760 5148 miscricordiajudicio
2773 5079 3095 5153 {judicium}.
3112 5081 3220 5134 Nec
3241 5090 3416 5134 tamen
3440 5079 3558 5132 ideo

1969 5178 2234 5247 putandus
2292 5182 2373 5229 est
2423 5174 2704 5242 quisquam
2733 5173 3175 5228 sceleratissimus
3222 5185 3552 5240 nequaquam

1969 5275 2072 5324 vita
2105 5269 2187 5324 vel
2220 5270 2354 5320 bona
2387 5268 2468 5320 vel
2513 5264 2877 5321 tolerabiliore
2908 5276 3138 5320 mutatus
3174 5264 3334 5332 recipi
3366 5262 3417 5317 in
3468 5270 3549 5314 ιιι-

1970 5361 2252 5417 bernacula
2279 5369 2503 5422 interna,
2546 5359 2798 5426 quoniam
2833 5359 3115 5411 obsecutus
3157 5362 3241 5406 est
3267 5353 3462 5407 sanctis
3480 5355 3554 5407 de

1970 5467 2274 5508 mammona
2309 5450 2704 5520 iniquitatis,id
2731 5459 2833 5516 est,
2861 5449 2929 5504 de
2956 5448 3197 5518 pecunia,
3221 5446 3301 5500 vel
3322 5445 3548 5512 divitiis,

1975 5564 2095 5616 qua:
2131 5547 2272 5600 male
2301 5546 2513 5599 fuerunt
2542 5544 2814 5613 acquisita:
2834 5560 2848 5608 ;
2867 5542 2977 5609 jam
3002 5539 3117 5613 [aut
3143 5537 3324 5610 etiam]
3345 5539 3388 5592 si
3412 5539 3554 5595 bene

1967 5655 2071 5693 non
2104 5651 2281 5693 tamen
2310 5639 2469 5702 veris,
2496 5636 2589 5690 sed
2619 5651 2751 5704 quas
2783 5633 3032 5704 iniquitas
3057 5641 3208 5701 putat
3243 5647 3364 5687 esse
3409 5631 3553 5687 divi-

1967 5732 2089 5796 tias,
2137 5730 2385 5798 quoniam
2426 5728 2595 5781 nescit
2637 5741 2756 5795 qum
2779 5725 2887 5780 sint
2915 5739 3054 5779 vera:
3100 5723 3318 5779 divitize.
3359 5725 3552 5796 quibus

1964 5825 2039 5878 illi
2072 5823 2344 5877 abundant
2386 5821 2474 5890 qui
2520 5829 2575 5873 ct
2601 5820 2736 5874 alios
2789 5819 3051 5889 recipiunt
3094 5817 3149 5874 in
3203 5818 3539 5874 tabernacula
