3986 6190
462 311 565 370 793

1549 314 1610 368 D.
1656 309 1969 368 EUGYl‘l‘ll
2013 308 2301 366 ABBATIS
2336 308 2656 365 AFRICANI

3594 306 3684 365 800

462 436 685 482 aeterna.
739 429 834 482 Est
872 429 1051 498 itaque
1087 429 1300 497 quidam
1333 427 1453 480 vita:
1499 428 1710 491 motus,
1739 441 1838 479 nec
1870 437 2042 479 tamen
2073 428 2123 486 Α
2151 425 2325 493 potius
2349 439 2470 479 esse
2498 425 2807 491 vivendum,
2841 434 2897 479 ttt
2941 426 3078 481 inter
3108 440 3203 481 eos
3245 425 3459 495 quisque
3482 429 3687 495 reperia-

466 519 642 585 tnalaa,
688 527 745 573 ttt
772 519 853 574 his
876 521 963 589 qui
1015 537 1131 575 eam
1160 529 1340 572 vivunt
1386 518 1515 572 nihil
1566 518 1732 585 prosit
1762 518 1828 571 ad
1867 533 2044 583 capes-

465 612 690 666 sendum
741 630 960 682 regnum
993 616 1249 669 cwlorum
1292 614 1506 682 largitas
1556 614 2041 683 eleemosyuarum,

464 703 657 765 quibus
703 701 860 755 etiam
888 703 1153 772 jttstorunt
1203 709 1536 756 sustentatur
1577 703 1775 771 inopia,
1809 712 1863 757 et
1914 702 2046 757 ﬁunt

464 795 619 846 amici
651 795 738 863 qui
766 794 817 845 iu
847 794 1183 848 tabernacula
1213 804 1411 849 acterna
1444 795 1768 863 suscipiant,
1811 810 1910 848 nec
1938 804 2043 846 tam

468 886 620 938 home
665 893 723 939 ιιι
770 886 835 939 ad
868 894 1067 940 tantam
1110 886 1489 942 beatitudinem
1520 886 1920 957 adipiscendam
1968 886 2047 941 eis

467 976 580 1042 ipsa
611 976 838 1030 sufficiat
870 977 969 1031 nisi
1002 994 1184 1032 eorum
1217 979 1419 1033 meritis
1440 995 1575 1048 quos
1598 980 1799 1033 amicos
1826 978 2050 1032 fecerint

469 1064 893 1121 misericordiam
942 1082 1355 1140 consequantur.
1412 1072 1587 1125 Mirari
1647 1083 1824 1126 autem
1877 1074 2045 1136 so‘eo,

466 1156 624 1209 etiam
647 1159 783 1222 apud
808 1160 1081 1227 Virgilium
1129 1161 1347 1227 reperiri
1380 1162 1533 1215 istam
1575 1163 1780 1216 Domini
1831 1171 2049 1216 senten-

471 1244 595 1296 tiam
622 1246 709 1298 ubi
738 1247 809 1299 ait
836 1265 847 1298 :
884 1249 1065 1301 Facite
1108 1250 1260 1302 vobis
1290 1251 1490 1303 amicos
1510 1250 1576 1303 dc
1619 1264 1920 1303 mammona
1951 1250 2049 1303 ini-

468 1335 706 1402 quitatis.
726 1345 781 1389 ut
801 1347 850 1391 et
874 1339 968 1404 ipsi
987 1340 1245 1407 recipiant
1267 1355 1359 1393 vos
1390 1341 1440 1393 in
1466 1339 1801 1394 tabernacula
1827 1349 2047 1394 mterna.

469 1427 566 1479 Cui
585 1438 661 1481 est
682 1429 766 1482 illa
787 1430 1051 1484 simillima
1070 1452 1082 1483 :
1099 1432 1196 1498 Qui
1224 1432 1411 1499 recipit
1432 1433 1741 1501 prophetam
1763 1435 1811 1487 in
1838 1435 2052 1488 nomine

470 1519 741 1586 propheta!
767 1520 1066 1576 mercedem
1100 1523 1369 1591 propheta:
1397 1525 1641 1592 aer-ipiet,
1666 1536 1719 1578 et
1747 1526 1833 1590 qui
1861 1526 2055 1594 recipit

467 1606 667 1678 justum
717 1611 767 1664 in
815 1615 1027 1667 nomine
1075 1614 1225 1682 justi,
1280 1617 1575 1669 mercedem
1622 1616 1751 1685 justi
1795 1617 2050 1681 accipiet;

469 1718 591 1755 nam
622 1718 741 1757 cum
777 1703 987 1775 Elysios
1024 1723 1241 1777 campos
1275 1717 1425 1775 poeta
1458 1710 1546 1762 ille
1581 1709 1930 1772 describeret,
1966 1709 2052 1763 ubi

2149 525 2234 570 tur
2256 517 2341 585 qui
2371 532 2465 585 pro
2494 517 2614 571 aliis
2644 519 2986 573 intercessuri
3026 528 3148 573 sunt
3178 518 3480 581 liberandis,
3510 535 3570 573 ne
3593 530 3681 574 tam

2149 611 2300 677 pauci
2330 612 2456 671 sint,
2492 619 2548 662 ttt
2574 612 2682 664 cito
2721 612 2787 665 ad
2825 627 3103 665 numerum
3135 626 3310 676 suum,
3333 610 3411 664 vel
3437 611 3686 674 tricenum,

2147 707 2228 755 vel
2256 719 2598 771 sexagenum,
2639 706 2719 758 Vt'l
2739 713 3027 759 centenum
3054 717 3369 770 unoquoque
3398 716 3569 755 eorum
3591 719 3693 767 per-

2147 796 2393 848 veniente
2427 796 2574 849 tnttlti
2612 802 2946 859 remaneant,
2979 796 3068 863 qui
3097 793 3210 847 erui
3238 792 3345 860 jam
3368 792 3433 845 de
3456 791 3611 859 poenis
3636 792 3693 845 il-

2150 882 2320 937 lorum
2346 886 2737 940 intercessione
2766 901 2871 939 non
2904 885 3134 955 possint,
3159 894 3212 938 et
3243 885 3293 936 in
3320 884 3397 936 eis
3426 883 3696 935 inveniatur

2148 977 2389 1046 quisquis
2409 978 2509 1033 sibi
2534 993 2686 1047 Spem
2711 978 2734 1031 f
2734 986 2917 1033 ructus
2941 977 3102 1032 alieni
3120 976 3412 1030 temeritate
3434 975 3691 1028 vanissima

2151 1072 2343 1144 pollice
2371 1084 2455 1121 ur.

2740 1138 2969 1195 CAPUT
3007 1136 3136 1191 CLI.

2156 1260 2231 1314 De
2257 1269 2448 1314 wtcrna
2478 1268 2523 1311 et
2562 1250 2970 1308 incommutabili
3002 1252 3289 1314 voluntate;
3336 1265 3399 1302 ea:
3430 1248 3513 1301 lib.
3541 1249 3599 1302 de
3622 1247 3698 1301 Ci-

2723 1326 2882 1376 vitate
2910 1321 3005 1374 Dei
3031 1337 3163 1375 xx".

2226 1440 2387 1497 Multa
2419 1438 2549 1492 fiunt
2578 1433 2769 1508 [enim]
2792 1431 3007 1503 quidem
3039 1447 3067 1485 a
3092 1432 3245 1484 malis
3276 1440 3453 1484 contra
3482 1430 3699 1483 volunta-

2157 1546 2262 1588 tem
2296 1532 2409 1593 Dei,
2442 1528 2537 1583 sed
2561 1534 2723 1579 unita:
2745 1534 2829 1579 est
2852 1523 2943 1577 ille
2972 1522 3247 1592 sapientia:
3278 1530 3532 1589 tantmque
3553 1520 3702 1572 virtu-

2159 1627 2249 1689 tis,
2281 1633 2337 1676 ut
2366 1627 2419 1676 in
2454 1634 2549 1674 eos
2580 1619 2775 1680 exitus.
2804 1617 2918 1670 sive
2949 1615 3101 1679 fines,
3128 1628 3261 1680 quos
3295 1614 3458 1666 bonos
3484 1621 3534 1665 et
3553 1611 3703 1678 justus

2160 1719 2275 1787 ipse
2299 1714 2587 1786 prmscivit,
2612 1711 2833 1764 tendant
2862 1709 3037 1761 omnia
3073 1722 3193 1776 qua:
3223 1706 3474 1760 voluntati
3504 1702 3612 1773 ejus
3632 1703 3699 1756 vi-

468 1802 653 1860 ptttztnt
701 1795 941 1851 habitare
998 1798 1201 1852 animus
1258 1798 1555 1859 beatorum.
1607 1815 1711 1854 non
1757 1801 1927 1853 sobun
1979 1801 2047 1854 ibi
2084 1798 2125 1856 Β
2153 1812 2347 1865 demur
2374 1807 2630 1869 adversa;
2660 1817 2722 1857 ac
2760 1816 2853 1870 per
2883 1803 2985 1854 hoc
3016 1815 3134 1852 cum
3183 1798 3325 1853 Deus
3366 1808 3561 1850 mutare
3586 1793 3701 1848 dici.

468 1888 643 1954 posuit
675 1904 767 1942 eos
798 1890 886 1957 qui
931 1892 1159 1961 propriis
1185 1892 1390 1945 meritis
1427 1893 1490 1946 ad
1524 1893 1638 1946 illas
1668 1893 1823 1947 sedes
1860 1909 1893 1961 p
1932 1909 2048 1946 rve—

469 1978 582 2031 nire
615 1989 920 2047 potuerunt,
969 1982 1062 2034 sed
1093 1983 1273 2051 adjicit
1312 1983 1375 2034 ad
1408 1998 1524 2051 qua:
1557 1983 1757 2056 [atque]
1782 1984 1891 2038 ait:
1922 1984 2049 2051 Qui-

470 2083 568 2134 que
617 2072 697 2122 sui
729 2087 994 2129 memores
1024 2076 1156 2128 alios
1205 2072 1379 2131 fécere
1425 2077 1701 2142 merendo,
1740 2079 1789 2131 id
1823 2088 1924 2141 est,
1956 2079 2047 2147 qui

470 2170 875 2226 promerttcrtmt
927 2163 1081 2229 alios,
1137 2180 1349 2233 eosque
1392 2167 1473 2218 sui
1524 2182 1791 2221 memores
1842 2184 2052 2235 prome-

470 2250 633 2302 rendo
680 2250 941 2306 fecerunt.
983 2252 1206 2308 Prorsus
1241 2265 1491 2324 tanquam
1544 2257 1622 2309 eis
1653 2256 1878 2319 diceret,
1908 2259 2051 2326 quod

472 2340 937 2409 frequentaturore
951 2343 1403 2411 Christianorum,
1420 2360 1539 2399 cum
1561 2362 1618 2400 se
1631 2348 1825 2415 cuique
1838 2359 2053 2403 saneto-

472 2446 583 2483 rum
619 2433 833 2486 humilis
880 2433 1105 2503 quisque
1156 2436 1498 2490 commendat
1546 2446 1600 2491 et
1644 2436 1811 2492 dicit:
1848 2439 2055 2493 Memor

472 2523 573 2575 mei
607 2535 740 2587 esto;
792 2534 953 2592 atque
994 2537 1048 2578 ut
1094 2525 1146 2579 id
1192 2542 1311 2582 esse
1350 2529 1518 2596 possit
1550 2529 1906 2596 promerendo
1937 2530 2057 2583 effi-

473 2614 561 2665 cit.
605 2613 708 2667 Sed
736 2615 853 2681 quis
878 2617 979 2668 iste
1003 2616 1071 2669 sit
1099 2617 1311 2681 modus,
1342 2628 1397 2671 et
1419 2634 1539 2688 qum
1562 2620 1669 2673 sint
1699 2620 1810 2686 ipsa
1839 2629 2055 2689 peccata

476 2716 593 2769 qua:
622 2701 691 2755 ita
724 2702 1019 2772 impediunt
1052 2707 1456 2773 perventionem
1496 2708 1561 2762 ad
1595 2723 1815 2777 regnum
1854 2709 1970 2773 Dei,
2000 2720 2058 2763 ut

477 2802 652 2847 tutnen
677 2795 972 2848 amicorum
998 2804 1301 2850 sanctarum
1330 2798 1534 2852 meritis
1565 2798 1852 2868 impetrent
1882 2800 2057 2855 indul-

477 2888 734 2956 gentiam,
751 2888 1119 2943 difficillimum
1150 2898 1232 2944 est
1253 2890 1511 2956 invenire,
1542 2892 2054 2961 periculosissimum

478 2978 721 3034 delinire.
758 2980 870 3049 Ego
918 2991 1067 3035 certe
1111 2995 1279 3050 usque
1316 2981 1380 3035 ad
1422 2983 1521 3035 hoc
1553 2992 1760 3050 tempus
1782 2998 1902 3037 cum
1935 2984 2059 3037 inde

479 3079 808 3139 satagerem,
856 3072 923 3125 ad
986 3088 1172 3126 eorum
1242 3072 1545 3140 indaginem
1610 3075 1889 3140 pervenire
1953 3091 2056 3127 non

2153 1914 2238 1958 tttr
2268 1901 2623 1963 voluntatem,
2659 1905 2714 1949 ut
2742 1894 2938 1964 quibus
2971 1893 3105 1947 lenis
3152 1900 3291 1955 erat,
3344 1890 3484 1943 verbi
3530 1891 3701 1957 gratia,

2152 1993 2403 2049 reddatur
2421 1991 2609 2054 iratus,
2632 1988 2705 2041 illi
2726 1986 2901 2055 potius
2921 1999 3079 2054 quam
3103 1982 3219 2051 ipse
3236 1990 3517 2039 mutantur,
3537 1990 3700 2033 etet'm

2151 2082 2554 2156 quodammodo
2586 2087 2844 2134 mutatum
2878 2076 2931 2131 in
2991 2075 3076 2129 his
3119 2090 3241 2143 quae
3290 2074 3548 2142 pa'iuntur
3574 2070 3702 2125 inre-

2156 2181 2311 2231 niunt
2346 2190 2360 2227 :
2413 2173 2551 2227 sicut
2577 2180 2815 2225 mutatur
2862 2168 2942 2221 sol
2991 2166 3163 2221 oculis
3201 2166 3468 2228 sinciatis,
3494 2174 3543 2218 et
3571 2176 3703 2230 asper

2153 2266 2548 2336 quodammodo
2600 2279 2665 2317 ex
2728 2262 2839 2316 miti
2881 2272 2933 2313 et
2999 2274 3063 2313 ex
3114 2256 3414 2312 delectabili
3482 2255 3705 2309 molesms

2156 2360 2409 2422 efliritur,
2453 2372 2572 2410 cum
2622 2354 2740 2422 ipse
2765 2352 2903 2422 apud
2951 2349 3186 2417 seipsum
3228 2355 3436 2402 maneat
3461 2346 3591 2400 idem
3632 2346 3705 2409 qtti

2158 2453 2281 2506 fttit.
2315 2450 2522 2503 Dicitur
2555 2447 2714 2501 etiam
2742 2445 2989 2497 voluntas
3015 2440 3131 2505 Dei,
3153 2455 3312 2510 quam
3344 2438 3461 2492 facit
3483 2437 3532 2491 in
3556 2434 3706 2489 cordi-

2156 2545 2257 2599 bus
2280 2540 2641 2596 ohedient’um
2675 2535 2943 2591 mandatis
2964 2533 3105 2599 ejus,
3132 2531 3203 2587 de
3230 2546 3330 2601 qua
3354 2530 3477 2583 dicit
3503 2528 3703 2596 Aposto-

2161 2638 2275 2691 lus:
2314 2636 2454 2686 Deus
2485 2641 2565 2685 est
2617 2628 2760 2683 enim
2791 2627 2883 2697 qtti
2923 2634 3175 2693 operatur
3205 2622 3258 2676 in
3293 2620 3459 2686 nobis,
3487 2628 3537 2673 et
3562 2616 3705 2681 velle;

2161 2733 2297 2785 sicut
2321 2725 2531 2798 justitia
2556 2723 2675 2787 Dei,
2705 2736 2808 2774 non
2836 2720 3005 2774 solum
3040 2717 3164 2785 quia
3207 2716 3322 2782 ipse
3346 2714 3511 2805 justus
3546 2720 3618 2805 est
3640 2707 3707 2805 di:

2158 2822 2317 2882 citur,
2348 2814 2442 2870 sed
2480 2814 2565 2867 illa
2610 2813 2769 2866 etiam
2818 2824 2975 2876 quam
3033 2806 3195 2859 homo
3238 2804 3316 2876 [in
3357 2798 3600 2870 homine],
3636 2798 3708 2864 qui

2140 2896 2231 2964 'ab
2257 2909 2345 2961 illo
2373 2906 2691 2972 justifieatur
2722 2900 2843 2954 facit
2872 2918 2884 2951 :
2912 2898 2988 2952 sie
3016 2907 3067 2950 et
3092 2896 3179 2949 lex
3213 2896 3331 2962 ejus
3358 2901 3580 2954 vocatur,
3607 2903 3705 2955 quae

2162 2996 2734 3068 potiusestbominum,
2751 2991 2846 3045 sed
2864 2990 2930 3044 ab
2950 2989 3065 3057 ipso
3083 2987 3205 3041 data
3226 2981 3588 3059 [hominibus]:
3607 2995 3709 3032 nam

2168 3095 2350 3163 utique
2381 3088 2626 3144 homines
2655 3093 2809 3141 erant
2847 3082 3041 3152 quibus
3085 3082 3162 3132 ait
3189 3079 3381 3132 .lesus:
3416 3076 3467 3130 lu
3512 3075 3615 3142 lege
3641 3088 3711 3123 ve-

482 3160 653 3226 potui,
684 3168 739 3213 et
767 3160 1007 3215 fortassis
1038 3170 1319 3231 propterea
1348 3162 1535 3227 latent,
1561 3177 1629 3217 ne
1666 3164 1899 3216 studium
1941 3180 2063 3234 pro-
2092 3163 2138 3224 C
2171 3160 2279 3241 sm;
2296 3187 2552 3251 scriptum
2571 3188 2807 3243 ashcum
2828 3176 2934 3229 ano
2953 3176 3073 3228 loco
3093 3169 3489 3242 legamuszLex
3528 3165 3713 3232 Dciejtts

482 3250 692 3306 liciendi
739 3252 803 3307 ad
832 3255 1009 3308 omnia
1060 3254 1296 3308 cavenda
1346 3264 1562 3322 peccata
1609 3256 1895 3324 pigrescat.
1927 3273 2059 3326 que-

482 3345 621 3397 niam
661 3344 706 3398 si
736 3345 1001 3399 scirentur
1052 3362 1172 3414 quae
1220 3345 1303 3399 vel
1353 3347 1530 3415 qualia
1569 3347 1677 3401 sint
1725 3348 1915 3402 delicta
1964 3364 2061 3418 pro

483 3435 676 3502 quibus
704 3434 864 3488 etiam
899 3436 1357 3500 permanentibus,
1385 3452 1482 3491 nec
1512 3448 1765 3507 provectu
1796 3439 1919 3493 vitm
1949 3455 2060 3495 me-

484 3526 631 3580 liOris
661 3526 967 3594 assumptis,
998 3526 1315 3580 intercessio
1369 3528 1439 3580 sit
1477 3528 1492 3581 i
1534 3528 1791 3597 quirenda
1842 3541 1896 3585 et
1930 3546 2087 3601 Spc-'

483 3617 645 3670 randa
672 3614 961 3684 justorum,
994 3617 1070 3671 eis
1098 3632 1283 3671 secura
1315 3633 1373 3672 se
1399 3619 1691 3674 ubvolvere
1714 3620 1945 3676 humana
1967 3637 2057 3677 se-

484 3708 647 3775 gnitia
678 3706 997 3779 [segnities],
1023 3725 1121 3764 nec
1143 3711 1313 3764 evolvi
1346 3711 1540 3765 talibus
1564 3713 1975 3781 implicamentis
1999 3716 2061 3769 il-

486 3798 589 3851 lius
619 3798 831 3851 virtutis
880 3799 1222 3868 expeditione
1270 3810 1501 3863 ruraret,
1554 3801 1646 3857 sed
1691 3805 2061 3860 tantummodo

485 3898 750 3955 qumreret
777 3888 1002 3944 aliorum
1046 3891 1256 3946 meritis
1286 3892 1522 3959 liberari,
1563 3910 1698 3963 quos
1728 3896 1930 3949 amicos
1958 3896 2059 3951 sibi

484 3980 548 4033 tle
572 3995 871 4034 mammona
895 3981 1187 4052 iniquitatis
1213 3985 1672 4055 eleetnosynarum
1704 3987 1948 4057 largitate
1982 3990 2063 4044 fe-

484 4073 664 4128 cisset.
688 4072 838 4129 Nune
868 4090 997 4130 vero
1027 4076 1153 4131 dum
1182 4078 1407 4131 venialis
1450 4078 1761 4147 iniquitatis,
1811 4081 1973 4135 etiam
2016 4080 2060 4136 si

486 4177 812 4233 perseveret,
837 4169 1113 4240 ignoratur
1139 4170 1349 4235 modus,
1394 4172 1634 4239 profecto
1660 4183 1713 4227 et
1743 4174 1978 4228 studium
2008 4174 2060 4228 iu

489 4258 711 4311 meliora
743 4260 1079 4327 proficiendi,
1127 4261 1331 4315 orando
1368 4271 1423 4316 et
1466 4262 1718 4318 instando
1758 4263 2063 4334 vigilantius

485 4348 790 4414 adhibetur,
832 4360 885 4404 et
918 4350 1145 4405 faciendi
1178 4351 1244 4405 de
1268 4367 1568 4406 mammona
1603 4353 1906 4423 iniquitatis
1931 4369 2060 4409 san-

484 4455 600 4496 ctos
631 4442 831 4497 amicos
858 4457 983 4497 cura
1014 4459 1117 4497 non
1142 4446 1437 4512 spernitur.
1473 4444 1667 4499 Verum
1698 4444 1799 4498 ista
1817 4444 2063 4499 liberatio

2167 3280 2216 3331 in
2248 3275 2410 3331 corde
2451 3271 2656 3339 ipsius:
2712 3267 3005 3323 secundum
3035 3264 3372 3318 voluntatem
3404 3261 3532 3313 hanc
3577 3270 3709 3327 quam

2167 3368 2306 3421 Deus
2330 3350 2582 3435 operatur
2613 3363 2663 3415 in
2691 3358 2995 3413 hominibus
3009 3356 3171 3410 etiam
3210 3355 3349 3409 velle
3375 3353 3578 3414 dicitur,
3598 3344 3712 3416 quod

2164 3474 2272 3512 non
2304 3457 2419 3523 ipse
2442 3458 2571 3516 vult,
2602 3450 2695 3505 sed
2720 3464 2848 3503 suos
2879 3449 2929 3501 id
2957 3448 3201 3501 volentes
3233 3445 3394 3505 facit;
3439 3443 3569 3497 sicut
3601 3440 3715 3493 dici-

2166 3559 2251 3603 tttr
2276 3545 2617 3614 cognovisse,
2661 3540 2803 3610 quod
2845 3550 2897 3593 ut
2925 3548 3345 3608 cognosceretur
3373 3532 3492 3589 fecit
3516 3527 3665 3604 [facit]
3685 3541 3711 3579 a

2165 3640 2358 3703 quibus
2385 3636 2749 3707 ignorabatur.
2785 3633 2965 3702 Neque
2991 3632 3134 3686 enim
3180 3631 3397 3686 dicente
3443 3624 3675 3695 Apostolo
3695 3662 3711 3689 ,

2167 3732 2313 3784 Nunc
2344 3739 2526 3783 autem
2561 3733 2945 3796 cognoscentes
2970 3722 3158 3786 Deum,
3192 3722 3303 3776 imo
3332 3718 3523 3787 cogniti
3551 3732 3577 3769 a
3603 3715 3712 3776 Deo,

2166 3822 2243 3875 fas
2274 3829 2356 3875 est
2383 3828 2441 3872 ut
2460 3818 2740 3872 credamus
2769 3813 2909 3884 quod
2945 3828 3039 3869 eos
3081 3823 3209 3867 tune
3250 3809 3558 3882 cognoverit
3603 3808 3717 3860 Deus

2166 3910 2518 3980 prtecoguitos
2563 3918 2687 3961 ante
2739 3903 3176 3959 constitutionem
3229 3902 3445 3967 mundi,
3501 3897 3585 3952 sed
3613 3905 3717 3947 tunc

2168 3999 2485 4069 cognovisse
2513 3998 2688 4052 dictus
2714 4005 2817 4059 est,
2866 3994 3007 4064 quod
3052 4003 3179 4048 tunc
3229 4003 3288 4045 ut
3332 3993 3712 4061 cognosceretur

2166 4091 2365 4148 effecit.
2398 4090 2472 4144 De
2514 4089 2596 4142 bis
2627 4088 2955 4141 locutionum
2988 4085 3160 4139 modis
3187 4084 3297 4153 jam
3327 4092 3381 4137 et
3406 4082 3457 4135 in
3497 4078 3711 4146 superio-

2167 4189 2315 4240 ribus
2345 4184 2497 4239 libris
2519 4182 2735 4237 memini
2761 4180 3112 4249 disputatum.
3133 4177 3438 4234 Secundum
3461 4188 3580 4242 ergo
3600 4170 3715 4221 hanc

2170 4280 2502 4333 toluntatem
2535 4289 2637 4344 qua
2692 4273 2857 4327 Deum
2890 4271 3031 4325 velle
3061 4269 3309 4333 dicimus,
3341 4265 3478 4335 quod
3503 4263 3622 4316 alios
3654 4257 3719 4312 ef-

2171 4370 2294 4424 fecit
2329 4368 2465 4423 velle
2497 4384 2524 4421 a
2550 4366 2741 4438 quibus
2763 4367 2933 4419 futura
2957 4364 3287 4427 nesciuntur,
3321 4364 3483 4416 multa
3510 4355 3612 4409 vult
3638 4364 3718 4405 nec

2172 4462 2315 4515 facit.
2351 4460 2512 4517 Multa
2538 4459 2679 4513 enim
2711 4458 2895 4509 Vttltml.
2925 4456 3034 4509 fieri
3080 4454 3253 4509 sancti
3283 4452 3419 4522 ejus,
3450 4449 3516 4502 ab
3547 4446 3629 4501 illo
3654 4443 3719 4495 in-

484 4551 603 4603 qn:e
634 4535 689 4589 fit
719 4534 832 4589 sive
860 4535 971 4588 suis
998 4537 1297 4604 quibusque
1345 4537 1697 4602 orationibus,
1740 4538 1856 4593 sive
1893 4537 2055 4593 inter-
2090 4535 2139 4595 D
2165 4552 2361 4619 spiram
2384 4559 2565 4605 sane“.
2590 4548 2887 4611 νοιιηιιειθ,
2926 4561 3024 4601 nec
3053 4546 3189 4598 ηιιηι
3217 4561 3234 4600 τ
3283 4544 3419 4599 sic...
3456 4546 3601 4596 orant
3637 4546 3719 4601 pro

484 4626 800 4681 cedentibus
850 4630 1079 4692 sanctis,
1133 4628 1185 4682 itl
1232 4630 1362 4698 agit,
1406 4639 1463 4683 ttt
1508 4630 1561 4684 in
1610 4630 1786 4700 ignem
1837 4630 2062 4700 quisque

485 4731 591 4771 non
615 4718 856 4771 mittatur
880 4731 1157 4785 :eternum,
1189 4736 1293 4774 non
1325 4730 1518 4776 utcum
1545 4723 1702 4777 fuerit
1722 4723 1919 4777 missus
1943 4734 2063 4792 post

484 4817 951 4878 quantumcunque
993 4810 1116 4865 imle
1172 4822 1385 4881 tempus
1430 4825 1670 4869 eruatur.
1701 4814 1833 4868 Nam
1878 4824 1933 4869 et
1986 4816 2062 4869 illi

484 4900 571 4966 qui
605 4910 791 4968 putant
816 4901 894 4954 sic
923 4901 1324 4971 intelligendum
1351 4919 1471 4959 esse
1497 4905 1637 4972 quod
1668 4906 1925 4974 scriptum
1954 4916 2059 4969 est,

484 4989 676 5043 afferre
714 5000 910 5044 terram
942 4991 1132 5045 bonam
1163 4994 1379 5049 uberem
1423 4994 1672 5058 fructum,
1713 4996 1871 5050 aliam
1904 4997 2063 5052 trice-

485 5096 631 5145 num,
656 5080 817 5135 aliam
849 5096 1194 5153 sexagenum,
1228 5086 1387 5139 aliam
1427 5094 1737 5152 centenum,
1788 5098 1845 5142 ut
1893 5088 2063 5143 sancti

487 5189 580 5241 pra
611 5188 829 5229 suorum
854 5175 1166 5233 diversitate
1194 5179 1528 5245 meritorum,
1563 5181 1652 5235 alii
1691 5182 1924 5236 tricenos
1958 5183 2066 5235 lto-

484 5268 654 5322 ntines
686 5267 937 5338 hberent,
971 5269 1060 5323 alii
1093 5284 1409 5339 sexagenos,
1441 5273 1531 5327 alii
1559 5284 1840 5340 centenos,
1880 5276 1981 5329 hoc
2012 5276 2062 5329 in

483 5362 569 5416 die
612 5362 798 5431 judieii
848 5361 1081 5417 futurum
1126 5363 1385 5430 suspicari
1424 5365 1618 5433 solent,
1652 5383 1756 5420 non
1784 5378 1901 5437 post
1922 5369 2066 5438 judi-

485 5450 651 5506 cium.
682 5453 795 5520 Qua
818 5454 1071 5523 opinione
1091 5454 1308 5523 quidam
1331 5470 1452 5509 eum
1477 5456 1684 5512 videret
1707 5452 1954 5514 homines
1979 5461 2074 5514 im-

489 5543 781 5608 punitatem
835 5544 937 5599 sibi
996 5546 1404 5612 perversissime
1439 5548 1779 5616 pollicentes,
1819 5566 1885 5606 eo
1925 5552 2066 5623 quod

487 5645 677 5684 omnes
709 5634 811 5687 isto
834 5635 992 5689 modo
1012 5636 1077 5688 ad
1111 5636 1481 5691 liberationem
1506 5638 1773 5706 pertinere
1802 5657 1958 5710 posse
1990 5644 2067 5697 vi.

488 5719 735 5791 denitur,
759 5725 1152 5797 elegantissime
1179 5729 1524 5801 respondisse
1553 5730 1863 5800 perhibetur
1883 5776 1896 5799 ,
1931 5735 2063 5792 bene

2163 4643 2477 4712 quibusdam
2511 4641 2596 4711 pie
2628 4648 2946 4709 sancteque,
2981 4648 3035 4691 et
3067 4637 3210 4705 quod
3255 4642 3409 4691 orant
3446 4647 3545 4685 non
3590 4625 3716 4686 facit.

2162 4749 2283 4788 cum
2316 4733 2429 4800 ipse
2456 4733 2509 4785 in
2541 4733 2621 4786 eis
2648 4731 2788 4785 hanc
2816 4728 3005 4783 orandi
3046 4728 3378 4781 voluntatem
3410 4729 3588 4778 sancto
3615 4715 3720 4783 Spi-

2164 4827 2265 4880 ritu
2288 4840 2388 4880 suo
2420 4826 2630 4888 fecerit,
2662 4838 2727 4880 ae
2754 4838 2851 4892 per
2880 4821 2983 4877 hoc
3013 4820 3227 4891 quando
3254 4816 3543 4875 secundum
3573 4811 3717 4865 Deum

2164 4917 2373 4981 volunt,
2404 4925 2458 4969 et
2486 4924 2646 4969 orant
2674 4915 2871 4980 sancti,
2905 4923 2965 4968 ut
2993 4912 3218 4983 quisque
3245 4912 3308 4964 sit
3329 4909 3524 4969 salvus,
3554 4914 3722 4973 possu-

2169 5026 2289 5065 mus
2312 5010 2403 5064 illo
2435 5009 2595 5063 modo
2620 5007 2904 5061 locutionis
2924 5005 3129 5071 dicere,
3159 5004 3271 5057 vult
3294 5003 3432 5056 Deus
3462 5008 3513 5053 et
3539 5010 3633 5050 non
3655 4990 3721 5044 fa-

2168 5103 2261 5166 cit,
2288 5109 2346 5154 ut
2373 5101 2544 5168 ipsum
2582 5100 2824 5154 dicamus
2850 5098 2985 5151 velle
3031 5096 3121 5164 qui
3152 5104 3208 5149 ut
3236 5094 3401 5149 velint
3427 5091 3529 5145 iste
3565 5080 3680 5139 facit
3705 5095 3716 5130 ε

2170 5209 2195 5247 s
2230 5192 2460 5248 eundum
2508 5191 2653 5245 illam
2705 5205 2835 5245 vero
2884 5189 3213 5244 voluntatem
3261 5198 3410 5239 suam
3458 5191 3573 5249 qua
3613 5185 3718 5227 cum

2171 5286 2290 5355 ejus
2318 5284 2652 5354 prmscientia
2682 5283 3010 5352 sempiterna
3050 5291 3155 5344 est,
3187 5277 3423 5347 profecto
3451 5272 3501 5326 in
3526 5267 3653 5323 calo
3674 5267 3724 5315 et

2174 5379 2225 5431 in
2259 5387 2399 5430 terra
2425 5376 2603 5429 omnia
2633 5386 2967 5443 quaecunque
3011 5370 3182 5424 voluit
3209 5384 3315 5423 non
3356 5364 3522 5418 solum
3551 5362 3721 5443 prrit-

2172 5468 2272 5521 rita
2300 5465 2385 5519 vel
2410 5442 2715 5533 prmsentia,
2759 5463 2851 5518 sed
2903 5463 3067 5517 etiam
3104 5460 3275 5515 ftttura
3312 5457 3420 5524 jam
3463 5452 3598 5506 fecit.
3629 5442 3719 5495 Ve-

2173 5572 2290 5611 rum
2318 5566 2604 5625 antequam
2630 5553 2809 5609 veniat
2837 5562 3071 5622 tempus,
3099 5567 3206 5621 quo
3247 5548 3413 5602 voluit
3466 5552 3519 5597 ttt
3565 5538 3715 5633 “est”:

2171 5647 2313 5715 quod
2367 5656 2490 5699 ante
2540 5656 2778 5714 tempora
2826 5643 3074 5698 universa
3125 5639 3391 5713 praeseivit
3441 5643 3589 5697 atque
3620 5625 3717 5678 dis-

2180 5740 2356 5809 posuit
2396 5737 2647 5805 dicimus,
2681 5737 2770 5793 ftct
2797 5737 3009 5811 quando
3042 5737 3180 5792 Deus
3211 5732 3448 5790 voluerit.
3481 5727 3531 5783 Si
3556 5729 3722 5779 autem
