3986 6190
239 318 328 373 εθι
1443 300 1763 358 τιιιςδιηιι
1777 299 1879 355 [τε.

1984 298 2077 352 \I‘.
2124 295 2302 353 CLIV.
2418 294 2423 297 ’
3405 294 3513 350 8Ίὲ

237 448 339 488 nou
393 429 569 485 solum
617 436 827 494 tempus
882 440 988 494 quo
1029 424 1264 479 futurum
1294 432 1401 486 est,
1444 434 1632 475 verum
1657 418 1818 472 etiam
1850 420 1901 478 Α
1926 416 2151 479 mitium,
2176 415 2314 467 sicut
2342 421 2488 466 tanto
2514 420 2638 465 ante
2666 409 2930 481 praedixit.
2959 410 3010 464 in
3042 410 3141 464 hoc
3183 409 3509 466 credendum

236 533 414 579 utrum
449 520 681 574 futurum
716 517 785 571 sit
816 518 1149 585 ignoramus,
1179 514 1428 575 dicimus,
1463 513 1574 577 liet,
1610 510 1655 563 si
1682 508 1822 562 Deus
1926 508 2355 575 sperandumque
2384 506 2674 566 convertit,
2705 513 2861 557 acute
2880 502 2983 556 sibi
3017 504 3379 570 argumentari
3430 506 3514 555 vi-

240 614 469 670 votuerit
500 630 514 667 :
550 627 656 664 non
687 611 810 679 quia
848 610 988 662 Deus
1038 621 1229 661 novam
1279 606 1606 658 voluntatem
1663 614 1823 668 quam
1926 596 2120 651 dentur
2142 596 2399 650 adversus
2427 611 2713 662 corporum
2747 593 3219 656 resurrectionem,
3263 601 3319 646 et
3364 594 3511 647 dice-

240 723 344 760 non
378 704 568 758 habuit
590 712 716 755 tunc
740 699 983 762 habebit,
1006 698 1102 753 sed
1125 701 1247 767 quia
1280 696 1331 749 id
1362 695 1503 760 quod
1527 709 1590 746 ex
1610 691 1825 745 mterui-
1929 704 1988 741 re
2017 689 2160 755 quod
2194 688 2244 740 in
2278 686 2438 740 tertio
2480 685 2548 739 de
2585 684 2791 754 liepub.
2842 684 2933 737 lib.
2985 699 3013 735 a
3057 681 3319 737 Cicerone
3365 698 3514 736 cont-

240 806 347 852 tate
380 798 437 849 in
471 795 589 864 ejus
657 792 976 847 immutabili
1026 800 1382 860 pr:epar:itum
1428 799 1511 840 est
1554 784 1827 836 voluntate
1931 786 2287 831 memoratum
2319 785 2422 830 est.
2453 776 2583 830 Nam
2616 792 2736 829 cum
2765 774 3048 828 Hecnlem
3070 782 3123 827 et
3146 774 3429 827 Romulum
3454 789 3520 825 ex

240 901 366 942 tunc
391 888 513 941 erit.
555 886 627 940 De
652 874 841 939 eadem
875 883 1149 936 voluntate
1186 878 1280 934 Dei
1309 893 1375 934 es
1407 877 1540 947 psal.
1567 890 1677 930 cx:
1716 872 1825 926 Ma-
1931 868 2179 922 omnibus
2218 866 2569 939 [hominibus]
2595 867 2726 921 deos
2775 881 2896 920 esse
2942 865 3115 919 factos
3154 875 3520 927 asseveraret,

240 994 342 1049 με
395 992 563 1045 Opera
614 975 849 1037 Domini,
891 973 1158 1042 exquisita
1203 969 1257 1025 in
1311 984 1499 1022 omnes
1531 966 1832 1019 voluntates
1931 976 2158 1028 quorum
2192 974 2297 1013 non
2328 974 2577 1028 eoi-pora,
2614 958 2805 1027 inquit,
2842 969 2967 1011 sunt
3023 959 3075 1012 in
3105 959 3301 1012 cmlnm
3354 959 3523 1021 elata,

242 1074 380 1142 i-jus.
414 1073 608 1126 Scrnta
631 1067 954 1134 'e,exqui'e,
982 1066 1208 1133 vestiga,
1242 1063 1284 1115 si
1320 1072 1490 1130 potes,
1514 1073 1703 1112 omnes
1734 1070 1832 1109 vo-

247 1164 481 1217 luntates
506 1158 743 1223 Domini,
776 1158 828 1211 in
881 1158 1134 1211 omnibus
1175 1168 1390 1222 semper
1433 1166 1622 1221 magna
1670 1164 1834 1218 opera

249 1253 365 1321 ejus
402 1250 665 1305 invenies.
698 1246 850 1302 Nul'a
887 1247 1029 1301 enim
1063 1245 1312 1299 voluntas
1346 1243 1614 1311 potentior
1644 1250 1727 1295 est
1758 1240 1837 1308 ip-

249 1346 361 1398 sius
390 1343 676 1405 voluntati,
720 1351 909 1393 contra
935 1353 1006 1406 qu
1026 1351 1096 1389 im
1147 1351 1270 1390 cum
1310 1332 1514 1403 aliquid
1546 1332 1659 1386 lieri
1689 1332 1835 1394 sinit,

250 1432 678 1489 misericordiam
720 1444 871 1484 suam
906 1426 1276 1498 jIIS'itiatltqtle
1306 1426 1658 1478 demou-trat.
1692 1423 1841 1477 Sicut

248 1528 395 1582 enim
427 1526 538 1579 vult
558 1534 613 1578 ut
633 1523 795 1577 homo
823 1537 929 1575 non
948 1528 1155 1590 peccet,
1179 1518 1253 1572 ita
1281 1518 1397 1571 vult
1422 1517 1692 1585 peccaturi
1719 1530 1842 1583 par-

249 1632 377 1672 cere
405 1625 464 1669 ιιι
487 1622 793 1669 revertatur
815 1622 869 1666 et
892 1611 1057 1666 vivat.
1090 1610 1163 1663 Ita
1191 1608 1353 1662 etiam
1389 1606 1500 1660 vult
1524 1606 1575 1660 in
1613 1606 1843 1674 pe.-catis

253 1716 690 1779 perseverantem
723 1707 933 1776 punire,
972 1712 1028 1757 ut
1076 1702 1299 1770 justitize
1339 1699 1630 1768 percutiam
1660 1709 1845 1751 cuntu-

1938 1070 2113 1123 neque
2137 1052 2280 1107 enim
2311 1063 2501 1105 natura
2536 1062 2811 1120 pateretur
2835 1062 2889 1103 ut
2913 1052 2963 1104 id
2988 1052 3128 1119 quod
3149 1062 3293 1105 esset
3315 1064 3347 1104 e
3376 1060 3518 1104 terra

1938 1145 2035 1196 nisi
2062 1145 2270 1196 interra
2290 1153 2524 1195 maneret
2547 1159 2561 1206 ;
2584 1141 2700 1193 lucc
2722 1150 2804 1193 est
2827 1155 3013 1208 magna
3034 1140 3166 1193 ratio
3185 1141 3526 1207 sapientimu,

1936 1248 2162 1304 quorum
2192 1232 2449 1286 Dominus
2482 1234 2631 1285 novit
2668 1230 3040 1298 cogitationes,
3092 1234 3340 1298 quoniam
3372 1246 3526 1285 vana:

1939 1335 2083 1379 sunt.
2125 1323 2183 1378 Si
2211 1323 2404 1377 anima:
2434 1324 2804 1377 tantummodo
2824 1336 3089 1382 essemus,
3119 1321 3286 1385 idest,
3306 1323 3421 1375 sin»
3446 1323 3533 1374 ul-

1941 1418 1995 1470 lo
2023 1429 2251 1483 corpore
2273 1414 2511 1483 spiritus,
2542 1425 2595 1467 et
2635 1414 2686 1466 in
2728 1418 2867 1466 etn‘o
2925 1412 3265 1477 habitantes,
3308 1423 3523 1465 terrena

1945 1523 2010 1561 an
2038 1506 2198 1561 malia
2229 1505 2583 1569 nesciremus,
2619 1504 2881 1571 nobisque
2913 1502 3148 1555 futurum
3179 1516 3300 1556 esse
3329 1501 3537 1556 direre-

1945 1610 2051 1668 tur,
2085 1608 2141 1652 ut
2170 1597 2401 1652 terrenis
2431 1596 2750 1666 corporibus
2791 1594 3093 1648 aniuiandis
3139 1593 3374 1662 quodam
3408 1596 3525 1644 vin-

1947 1692 2070 1745 culo
2096 1691 2322 1743 mirabili
2352 1697 2711 1743 necterentur.
2770 1687 2957 1740 Nonne
2989 1686 3157 1739 multo
3198 1684 3392 1738 fortius
3441 1698 3529 1734 ar-

255 1816 382 1854 mas
408 1815 515 1853 non
543 1775 736 1853 evadat
766 1814 780 1850 :
814 1810 876 1849 ac
898 1796 975 1849 sie
1000 1791 1257 1863 quidquid
1280 1790 1571 1857 delega-ris,
1602 1804 1635 1840 0
1664 1787 1845 1846 homo,
1888 1792 1928 1848 ις
1952 1791 2392 1851 gumentaremur
2437 1780 2488 1833 id
2535 1779 2760 1832 credere
2802 1786 3115 1832 recusantes
3145 1785 3199 1829 et
3237 1775 3540 1829 diceremus

256 1908 367 1946 non
399 1890 574 1944 deerit
610 1888 718 1941 Deo
748 1887 891 1940 unde
929 1902 1079 1940 suam
1124 1884 1190 1936 de
1219 1893 1271 1935 te
1301 1882 1568 1949 compleat
1599 1878 1849 1932 Volunta-

259 1994 397 2037 tem.
431 1980 564 2036 Sive
596 1982 747 2049 101
783 1992 913 2047 ergo
939 1975 1196 2046 justilicet
1234 1972 1478 2040 impium,
1515 1971 1629 2025 sive
1664 1980 1853 2037 arguat

258 2079 500 2145 pigrum,
533 2074 647 2126 sive
688 2079 967 2138 esSpectet
1008 2069 1319 2128 adversum,
1351 2080 1447 2120 seu
1493 2065 1709 2119 deserat
1760 2079 1855 2132 pn~

261 2166 553 2230 uiendum,
604 2180 817 2232 semper
867 2163 1175 2217 misericors
1220 2169 1323 2225 est,
1382 2172 1598 2228 semper
1644 2157 1854 2227 justus,

263 2273 487 2326 semper
523 2256 882 2324 omnipotens.

848 2363 1079 2420 CAPUT
1118 2362 1274 2417 CLII.

265 2479 345 2536 De
368 2480 623 2547 possessio
645 2493 690 2530 ie
712 2490 916 2532 aeterna:
944 2475 1272 2529 beatitudinis
1297 2474 1629 2547 Senatorum,
1660 2483 1706 2526 et
1745 2488 1861 2537 per-

362 2545 535 2623 petuis
563 2549 831 2617 suppliciis
853 2548 1155 2615 impiorum,
1188 2561 1253 2599 ea:
1271 2545 1451 2598 eodem
1480 2545 1610 2598 libro
1637 2558 1765 2598 mi.

342 2669 687 2738 Quapropter
715 2676 773 2720 ut
810 2674 1005 2720 caetera
1046 2673 1152 2718 tam
1204 2663 1367 2717 multa
1417 2672 1752 2731 praeteream,
1797 2659 1869 2712 si-

272 2759 607 2814 eutnunciu
636 2756 850 2813 Christo
891 2755 1137 2810 videmus
1183 2756 1393 2822 impleri
1441 2752 1583 2822 quod
1627 2751 1871 2817 promisit

276 2850 515 2907 Abrabte
544 2848 750 2910 dicens,
799 2846 855 2901 In
880 2847 1087 2902 semine
1132 2855 1222 2898 tuo
1252 2844 1644 2898 benedicentur
1682 2852 1873 2894 omnes

275 2954 470 3011 gentes
496 2961 512 2995 :
546 2942 617 2995 ita
647 2939 787 3009 quod
816 2939 989 2995 eidem
1018 2936 1211 2993 semini
1242 2939 1362 3003 ejus
1401 2933 1646 3005 promisit
1679 2931 1872 2998 imple-

280 3042 477 3116 b'tur,:
498 3037 585 3091 ubi
613 3036 705 3101 ait,
726 3050 820 3104 per
844 3033 1175 3104 prepbetam,
1206 3031 1500 3100 Resurgent
1526 3030 1613 3098 qui
1639 3036 1795 3084 erant
1824 3029 1875 3081 in

1955 1883 2197 1926 naturam
2228 1887 2334 1923 non
2370 1870 2475 1935 pati
2505 1878 2563 1921 ut
2594 1884 2679 1921 res
2713 1869 3025 1934 incorporea
3076 1866 3365 1933 ligamento
3416 1879 3536 1916 cor-

1958 1979 2121 2029 poreo
2143 1963 2472 2016 vinciretur?
2507 1960 2572 2013 Et
2599 1971 2777 2013 tamen
2810 1959 2963 2027 plena
2996 1968 3078 2012 est
3107 1968 3248 2011 terra
3282 1966 3540 2025 vegetan-

1958 2053 2097 2107 tibus
2119 2051 2311 2104 animis
2342 2051 2535 2118 qubus
2562 2051 2676 2102 inec
2715 2049 2953 2101 membra
2986 2058 3199 2101 terrena
3252 2046 3387 2099 miro
3436 2046 3543 2098 sibi

1960 2144 2120 2198 modo
2146 2157 2387 2197 coimexa
2419 2152 2472 2195 et
2502 2140 2779 2208 implicita.
2810 2137 2922 2194 Cur
2950 2153 3097 2207 ergo,
3126 2138 3319 2191 eodem
3349 2137 3539 2189 volen-

1963 2246 2014 2290 te
2047 2236 2177 2298 Deo,
2201 2234 2293 2305 qui
2318 2235 2441 2289 fecit
2477 2236 2577 2287 hoc
2610 2234 2831 2296 animal,
2875 2248 2978 2285 non
3029 2231 3223 2300 poterit
3272 2240 3544 2284 terrenum

1960 2339 2157 2392 corpus
2180 2324 2231 2377 in
2259 2324 2480 2377 cmleste
2506 2336 2701 2389 corpus
2729 2321 2925 2383 attolli,
2951 2320 2995 2373 si
3026 2322 3236 2374 animus
3281 2321 3427 2375 omni
3485 2334 3549 2372 ac

1966 2414 2183 2486 [omnia
2211 2414 2325 2465 hate
2364 2422 2576 2465 terrena
2613 2409 3046 2480 transcenderis]
3092 2426 3189 2479 per
3244 2414 3345 2464 hoc
3384 2412 3547 2463 etiam

1966 2505 2175 2559 coalesti
2208 2518 2432 2569 cerpore
2459 2505 2835 2570 priestabzlior,
2869 2512 3082 2556 terreno
3111 2502 3322 2569 corpori
3371 2505 3545 2566 potuit

1969 2594 2202 2663 illigari?
2233 2596 2314 2649 An
2341 2604 2551 2647 terrena
2584 2592 2843 2661 particula
2878 2602 2981 2643 tam
3021 2593 3211 2658 exigua
3247 2590 3417 2658 potuit
3448 2591 3552 2642 ali-

1969 2688 2097 2756 quid
2127 2684 2335 2740 cmlesti
2364 2698 2593 2753 corpore
2621 2683 2810 2737 melius
2839 2682 2977 2750 apud
3007 2696 3069 2734 se
3098 2689 3309 2749 tenere,
3340 2690 3398 2733 ut
3430 2694 3553 2733 sen«

1972 2792 2089 2831 sum
2131 2778 2352 2831 haberet
2392 2785 2447 2830 et
2488 2776 2746 2841 vitam,et
2771 2790 2891 2828 erm
2926 2774 3249 2828 sentientem
3293 2781 3456 2842 atque
3478 2773 3556 2825 vi«

1975 2882 2186 2926 ventem
2215 2868 2593 2938 dedignabitur
2610 2870 2805 2923 caelum
2827 2867 3120 2935 suscipere,
3143 2875 3234 2919 aut
3254 2872 3558 2933 susceptam

1977 2978 2083 3018 non
2109 2961 2311 3037 poterit.
2336 2963 2626 3024 sustinere,
2657 2975 2778 3014 cum
2800 2958 2866 3013 de
2897 2973 2955 3012 re
2983 2958 3177 3012 sentiat
3197 2965 3252 3010 et
3277 2956 3421 3009 vivat
3451 2957 3549 3009 ista

1980 3055 2202 3109 meliore
2232 3068 2390 3123 quam
2422 3061 2505 3107 est
2545 3066 2743 3121 corpus
2762 3066 2924 3104 omne
2969 3047 3235 3103 caeleste?
3280 3046 3388 3101 Sed
3442 3046 3560 3101 ideo

297 3127 690 3191 monumentis,
712 3137 763 3180 et
786 3126 925 3193 quod
950 3125 1042 3191 ait,
1069 3124 1393 3215 Eritctelum
1418 3137 1633 3185 novum,
1656 3132 1708 3174 et
1735 3133 1877 3215 terra
1906 3152 1951 3215 Ο
1982 3160 2124 3201 nunc
2163 3160 2265 3199 non
2295 3144 2384 3208 ﬁt,
2413 3143 2534 3212 quia
2564 3142 2800 3195 nondum
2830 3151 2914 3195 es,
2956 3151 3188 3209 lempus’
3221 3153 3328 3209 quo
3357 3138 3408 3192 id
3442 3138 3560 3192 ﬁeri

282 3234 448 3281 nova,
477 3229 531 3271 et
553 3223 830 3273 nouerunt
865 3229 1130 3270 memores
1158 3214 1417 3283 priorum,
1461 3226 1559 3266 nec
1580 3209 1872 3264 ascemlent

283 3313 334 3364 in
364 3325 466 3365 cur
497 3309 768 3377 ipsorum;
791 3305 884 3361 sed
911 3306 1147 3361 lietitiam
1169 3314 1223 3359 et
1244 3304 1667 3359 exsultationem
1720 3301 1874 3353 inve-

284 3404 441 3457 nient
464 3402 516 3455 in
543 3417 602 3454 ea
632 3420 643 3451 :
679 3400 813 3454 Ecce
833 3414 932 3468 ego
967 3398 1155 3451 {.iciam
1204 3396 1499 3451 Jerusalem
1550 3392 1879 3447 exsultatio-

287 3509 443 3559 nem,
476 3500 535 3545 et
555 3491 803 3561 populum
827 3504 1007 3544 meum
1037 3488 1295 3552 lzetitiam,
1326 3497 1379 3542 et
1405 3485 1687 3541 exsultabo
1714 3483 1763 3537 in
1786 3481 1880 3537 Je-

288 3584 565 3645 ruSalem,
615 3590 669 3636 et
716 3580 938 3634 Iretabor
981 3578 1034 3633 in
1076 3577 1277 3648 populo
1308 3591 1452 3643 tneo,
1486 3585 1542 3630 et
1590 3575 1729 3628 ultra
1772 3586 1878 3625 non

288 3677 546 3730 audietur
571 3675 622 3728 in
652 3689 713 3728 ea
750 3688 851 3727 vox
883 3672 1061 3727 ﬂetus.
1096 3669 1166 3724 Et
1196 3685 1290 3739 per
1315 3670 1478 3722 alium
1512 3667 1829 3737 prophetam
1862 3704 1878 3729 ,

288 3766 440 3833 quod
473 3764 847 3833 praanuntiavit
875 3763 1061 3815 dicens
1091 3760 1266 3814 eidem
1292 3757 1589 3827 propheta),
1663 3755 1718 3808 lu
1752 3763 1887 3808 tem-

292 3875 428 3925 pore
458 3858 551 3910 illo
572 3857 861 3909 salvabitur
884 3854 1113 3924 populus
1138 3862 1281 3917 tuus,
1302 3850 1478 3904 omnis
1507 3853 1593 3918 qui
1631 3847 1883 3901 inventus

294 3949 460 4001 fuerit
488 3947 716 4015 scriptus
746 3945 799 3999 in
830 3944 987 4010 libro,
1023 3952 1078 3997 et
1104 3943 1255 3997 multi
1286 3938 1668 3995 dormientium
1696 3937 1751 3991 in
1775 3948 1881 3989 ter-

296 4055 367 4092 r.e
406 4039 627 4105 pulvere
654 4035 801 4106 (sive
830 4043 888 4090 ut
916 4035 1131 4105 quidam
1164 4033 1499 4102 interpretati
1530 4043 1676 4094 sunt,
1724 4044 1891 4097 agge-

297 4147 353 4184 re
384 4136 403 4199 )
439 4136 752 4197 essm-gent,
788 4127 841 4180 hi
870 4128 922 4180 in
946 4125 1108 4179 vitam
1138 4136 1417 4189 aeternam,
1445 4133 1500 4177 et
1524 4123 1574 4174 lii
1607 4121 1661 4174 in
1690 4134 1891 4188 oppro-

300 4223 484 4275 brium
534 4232 587 4273 et
635 4218 1006 4273 confusionem
1057 4228 1338 4270 aeternam.
1391 4214 1455 4268 Et
1499 4214 1605 4267 alio
1649 4212 1767 4265 loco
1800 4227 1893 4280 per

300 4314 557 4369 eumdem
592 4312 905 4381 prophetam
932 4309 1244 4377 :Accipient
1274 4323 1495 4377 regnum
1526 4306 1698 4361 sancti
1730 4304 1929 4360 Altis-’

302 4408 431 4463 simi
463 4405 627 4479 [Dei],
659 4417 712 4460 et
738 4403 1057 4460 obtinebunt
1087 4401 1211 4456 illud
1244 4414 1412 4469 usque
1457 4399 1508 4453 in
1555 4399 1811 4453 saeculum
1845 4405 1899 4449 et

306 4516 484 4570 usque
506 4501 558 4553 in
589 4501 842 4552 saeculum
871 4496 1217 4553 saeculorum.
1270 4493 1331 4548 Et
1387 4493 1543 4563 paulo
1592 4500 1749 4561 post:
1792 4490 1894 4542 Re-
1932 4515 1977 4572 ι)

307 4607 501 4661 gnum,
523 4592 712 4660 inquit,
730 4589 847 4661 ejus
874 4602 1101 4660 regnum
1125 4586 1512 4655 sempiternum
1542 4601 1557 4651 ;
1588 4594 1643 4639 et
1663 4583 1765 4637 alia
1782 4598 1902 4652 qua:

310 4680 377 4734 ad
405 4682 509 4735 hoc
540 4680 854 4750 pertinentia
879 4680 930 4733 in
963 4679 1101 4733 libro
1132 4678 1394 4731 vicesimo
1425 4674 1598 4744 posui,
1629 4674 1743 4728 sive
1784 4688 1903 4740 quo:

314 4791 425 4826 non
452 4776 620 4839 posui,
647 4782 699 4825 et
725 4781 901 4825 tamen
942 4771 995 4824 in
1043 4770 1244 4825 eisdem
1292 4768 1487 4821 litteris
1527 4766 1728 4835 scripta
1756 4772 1902 4818 sunt.

321 4864 554 4919 chient
580 4872 632 4917 et
664 4865 776 4917 liiec
798 4865 936 4917 sicut
980 4862 1079 4915 ista
1123 4867 1419 4925 venerunt,
1474 4873 1592 4927 qua:
1635 4856 1905 4911 increduli

286 4976 432 5012 Αιιιιι
467 4958 718 5026 putabant
744 4971 866 5011 esse
893 4963 1140 5009 ventura.
1172 4952 1317 5007 Ideni
1362 4950 1561 5020 quippe
1590 4948 1731 5003 Deus
1762 4957 1909 5002 utra-

319 5069 434 5122 que
484 5050 749 5120 promisit,
782 5058 1006 5118 utraque
1054 5057 1273 5101 ventura
1304 5061 1426 5101 esse
1457 5042 1720 5113 praedixit,
1753 5056 1910 5109 quem

323 5145 747 5211 perhorrescunt
789 5142 1008 5195 numina
1055 5136 1582 5208 paga_uorutu,etiani
1609 5143 1746 5187 teste
1778 5132 1909 5186 Por-

325 5238 522 5308 phyrio
545 5235 881 5290 nobilissimo
900 5232 1219 5303 pbdosopbo
1244 5243 1571 5298 paganorum
1593 5222 1905 5299 [ipsorum].

903 5342 1134 5401 CAPUT
1171 5340 1346 5398 CLIII.

331 5446 521 5499 Corum
565 5442 816 5512 sapientes
864 5440 1071 5512 mundi,
1096 5437 1180 5505 qui
1206 5444 1395 5512 putant
1429 5442 1630 5486 terrena
1658 5431 1918 5512 hominum

406 5503 710 5580 corpora-ad
738 5513 933 5563 ere/este
954 5503 1304 5561 habitantum
1327 5520 1430 5558 non
1455 5520 1603 5573 posse
1625 5503 1919 5574 transferri,

408 5600 474 5637 ex
500 5585 676 5637 eodeni
705 5583 836 5636 libro
860 5595 992 5633 ιλιι.

414 5692 519 5748 Sed
550 5692 793 5747 videlicet
818 5691 1061 5746 homines
1092 5688 1237 5744 docti
1266 5694 1429 5758 atque
1477 5685 1752 5757 sapientes
1792 5698 1925 5740 con-

342 5792 433 5839 tra
474 5784 579 5839 vim
613 5792 771 5840 tantte
803 5780 1156 5845 auctoritatis,
1205 5794 1322 5850 qua:
1367 5778 1544 5833 omnia
1595 5791 1793 5848 genera
1828 5777 1922 5829 bo-

1975 3237 2178 3301 voluit,
2206 3238 2294 3304 qui
2326 3236 2427 3288 hoc
2455 3234 2597 3303 quod
2640 3232 2872 3286 videndo
2897 3231 3006 3299 jam
3038 3230 3212 3295 viluit,
3246 3231 3413 3283 multo
3458 3229 3563 3282 mi-

1982 3328 2206 3383 rabilius
2224 3340 2394 3395 quam
2430 3324 2561 3378 illud
2587 3323 2729 3393 quod
2758 3323 2827 3378 ab
2858 3322 2974 3377 istis
3020 3336 3127 3376 non
3156 3320 3392 3374 creditur
3421 3318 3564 3373 fecit.

1980 3420 2091 3474 Cur
2113 3420 2255 3472 enim
2288 3433 2393 3470 non
2450 3416 2824 3470 vehementius
2853 3413 3182 3467 admiramur
3210 3412 3557 3478 incorporeas

1984 3516 2210 3576 animos,
2237 3512 2445 3567 crelesti
2488 3525 2718 3580 corpore
2747 3510 2984 3579 potiores
3008 3548 3023 3571 ,
3079 3504 3309 3560 terrenis
3360 3501 3555 3572 illigari

1985 3605 2322 3673 corporibus,
2380 3618 2539 3673 quam
2589 3616 2841 3671 corpora,
2889 3600 3012 3653 licet
3057 3611 3292 3660 terrena,
3348 3596 3564 3650 sedibus

1989 3699 2232 3766 quamvis
2261 3696 2593 3756 caelestibus,
2630 3702 2806 3746 tamen
2833 3691 3129 3757 corporeis,
3160 3688 3458 3749 sublnuari,
3490 3688 3570 3741 ui-

1989 3789 2033 3841 si
2062 3788 2185 3854 quia
2218 3786 2317 3838 lioc
2338 3786 2521 3838 videre
2547 3783 2927 3838 consuevimus
2954 3790 3010 3834 et
3051 3780 3152 3831 hoc
3203 3793 3409 3840 sumus,
3443 3778 3573 3831 illud

1994 3892 2121 3929 vero
2152 3876 2387 3927 nondum
2417 3886 2624 3935 sumus,
2659 3885 2759 3924 nec
2785 3867 3074 3936 aliquando
3101 3864 3275 3919 adhuc
3304 3866 3574 3918 vidimus?

1994 3966 2124 4021 Nam
2158 3964 2424 4034 profecto,
2458 3962 2636 4017 sobria
2665 3960 2872 4015 ratione
2907 3956 3175 4020 consulta,
3233 3955 3577 4010 tuirabilioris

1993 4071 2115 4110 esse
2144 4052 2303 4107 divini
2346 4052 2525 4119 Operis
2577 4049 2863 4119 reperitur,
2912 4046 3339 4114 incorporalibus
3390 4058 3578 4110 corpo-

1998 4147 2127 4200 ralia
2185 4142 2588 4213 quodammodo
2634 4151 2880 4195 attexere
2906 4176 2921 4202 ,
2958 4151 3116 4206 quam
3165 4133 3289 4188 licet
3327 4133 3537 4187 diversa
3564 4172 3578 4196 ,

1995 4241 2119 4308 quia
2155 4238 2238 4290 illa
2267 4236 2529 4298 C(Bleslia,
2566 4235 2665 4287 ista
2698 4231 2993 4297 terrestria,
3020 4240 3194 4282 tamen
3243 4242 3470 4294 corpora
3525 4236 3580 4280 et

1998 4343 2247 4396 corpora,
2292 4327 2549 4395 copulare
2603 4320 2921 4395 [copulari];
2971 4321 3064 4374 sed
3118 4319 3221 4373 hoc
3265 4317 3582 4373 incredibile

2002 4420 2161 4473 luerit
2188 4417 2501 4487 aliquando.

2572 4483 2801 4540 CAPUT
2839 4480 3019 4538 CLIV.

2013 4579 2089 4634 De
2118 4577 2481 4633 resurrectione
2536 4576 2736 4640 carnis,
2785 4591 2938 4645 quam
2979 4573 3202 4645 quidam
3256 4571 3447 4625 mundo
3483 4586 3586 4626 cre-

2225 4650 2321 4701 den
2346 4664 2371 4701 e
2392 4664 2493 4701 non
2520 4647 2729 4700 credunt
2755 4662 2775 4711 ;
2798 4643 2866 4699 ea:
2891 4643 3066 4698 eodem
3086 4644 3216 4696 libro
3245 4657 3374 4697 sint.

2085 4763 2224 4817 Ecce
2248 4760 2360 4831 jam
2416 4760 2645 4815 credidit
2706 4757 2936 4812 mundus
2979 4753 3255 4811 sublatum
3314 4763 3590 4809 terrenum

2015 4856 2218 4912 Christi
2246 4871 2441 4923 corpus
2466 4854 2516 4907 in
2546 4852 2771 4915 coelum,
2819 4848 3276 4904 resurrectionem
3314 4847 3494 4901 carnis
3541 4856 3592 4903 et

2016 4947 2388 5001 ascensionem
2408 4945 2462 4999 in
2476 4957 2735 5012 supernas
2759 4939 2940 5005 sedes,
2962 4938 3296 5009 paucissimis
3317 4951 3593 4991 remanen-

2020 5042 2158 5092 tibus
2178 5048 2340 5105 atque
2371 5034 2730 5103 stupentibus,
2762 5032 2847 5086 vel
2886 5030 3077 5089 doctis.
3102 5028 3183 5083 vel
3205 5027 3456 5082 indoctis.
3475 5024 3594 5079 Jam

2017 5129 2363 5184 crediderunt
2385 5126 2528 5180 docti
2559 5136 2612 5178 et
2636 5122 2858 5177 indocti.
2875 5120 2930 5175 Si
2956 5137 3067 5175 rem
3089 5118 3402 5174 credibilem
3426 5115 3594 5169 credi-

2021 5219 2457 5285 derunt,videant
2469 5232 2628 5285 quam
2643 5215 2748 5268 silli
2760 5212 2936 5269 stolidi
2951 5212 3041 5282 qui
3057 5226 3159 5264 non
3176 5208 3420 5264 credunt.
3435 5204 3492 5261 Si
3506 5220 3595 5257 an-

2023 5324 2127 5370 tem
2156 5328 2241 5366 res
2270 5306 2600 5365 incredibilis
2626 5305 2827 5361 credita
2857 5313 2958 5368 est,
2982 5302 3144 5357 etiam
3177 5300 3278 5352 hoc
3305 5296 3488 5363 utique
3518 5295 3594 5348 in-

2024 5403 2283 5459 credibile
2310 5409 2418 5466 est,
2457 5402 2534 5454 sic
2555 5399 2819 5453 creditum
2842 5410 2963 5451 esse
2984 5391 3129 5461 quod
3155 5387 3473 5443 incredibile
3490 5396 3594 5443 est.

2028 5498 2152 5550 llrec
2179 5495 2336 5564 igitur
2364 5492 2470 5546 duo
2520 5487 2877 5550 incredibilia,
2909 5479 3355 5538 resurrectionem
3393 5477 3597 5533 scilicet

2026 5594 2194 5641 nostri
2212 5584 2452 5655 corporis
2475 5584 2527 5637 in
2551 5592 2835 5639 mternmn,
2864 5585 2919 5629 et
2948 5588 3061 5628 rem
3093 5582 3201 5625 tam
3227 5568 3597 5625 incredibilem

2026 5680 2281 5734 mundum
2311 5690 2433 5732 esse
2461 5674 2813 5733 crediturum,
2841 5666 2980 5720 idem
3011 5664 3152 5719 Deus
3171 5671 3456 5733 antequam
3511 5660 3590 5713 vel

2029 5787 2190 5828 unum
2210 5771 2402 5827 borum
2419 5756 2588 5833 ﬁeret,
2621 5762 2779 5819 ambo
2797 5761 2971 5814 lutura
2992 5770 3113 5813 esse
3130 5755 3403 5826 pricdisit.
3422 5754 3593 5810 Unum
