3990 6180
447 271 553 324 805

1554 277 1615 331 D.
1653 275 1973 334 EUGYPPII
2014 276 2305 332 ABBATIS
2342 280 2665 339 AFRlCANl

3615 294 3710 347 8N

444 386 671 441 Ctmrum
700 390 1092 446 incredibilium
1135 390 1243 457 jam
1292 391 1492 447 fat-tum
1542 393 1709 465 [esse]
1758 394 2022 455 videmus,
2058 397 2105 453 Α
2135 394 2528 464 languentibus,
2560 400 2611 452 in
2641 399 2721 452 via
2747 412 2907 468 quam
2954 398 3168 453 fuerant
3203 403 3479 456 transituri
3511 406 3711 471 pontus

451 479 671 545 utquod
698 489 814 534 erat
863 480 1174 534 incredible
1226 481 1472 535 crederet
1518 487 1783 547 mundus,
1839 499 1937 537 cur
1977 484 2027 537 id

444 570 586 638 quod
620 572 886 641 reliquum
912 580 995 626 est
1024 573 1359 640 desperatur,
1397 584 1453 627 ιιι
1485 575 1645 628 etiam
1698 576 1798 629 huc
1851 576 2028 629 veniat

444 663 585 730 quod
612 664 925 718 incredibile
952 664 1183 717 credidit
1235 666 1485 729 mundus,
1530 667 1666 720 sicut
1720 668 1828 731 jam
1881 666 2031 718 venit

444 756 579 823 quod
610 757 855 809 similiter
877 756 1187 810 incredibile
1218 757 1336 822 fuit,
1363 768 1418 811 ut
1448 774 1557 812 rem
1592 768 1695 811 tam
1728 758 2014 813 incredibi-

443 846 543 898 lem
573 846 822 899 crederet
852 847 1104 910 mundus,
1136 848 1569 916 quandoquidem
1614 850 1712 902 hoc
1743 860 2029 917 utrumque

443 936 777 1002 incredibile,
800 952 1026 1007 quorum
1062 940 1303 994 videmus
1334 958 1519 1004 unum,
1577 944 1802 996 alterum
1851 943 2032 997 credi-

442 1044 580 1092 mus,
614 1030 666 1081 in
698 1030 899 1083 eisdem
936 1031 1129 1086 litteris
1163 1034 1474 1098 praedictum
1508 1036 1602 1100 sit,
1633 1051 1727 1104 per
1751 1052 1882 1104 «ιιι-ις
1913 1049 2030 1089 cre-

442 1118 575 1172 didit
602 1119 877 1173 mundus?

1017 1189 1242 1247 Ctl’UT
1286 1193 1443 1247 CLV.

444 1302 596 1367 Quod
618 1312 673 1354 ut
688 1305 908 1355 mundus
934 1305 985 1355 in
1007 1303 1264 1358 Christum
1279 1308 1525 1371 crederet,
1546 1309 1749 1361 virtutis
1770 1308 1927 1375 fuerit
1946 1310 2027 1362 di-

514 1375 665 1450 uinum,
688 1391 789 1429 non
820 1376 1175 1450 persuasionis
1195 1377 1452 1445 Ituumnw,
1480 1389 1525 1430 et
1558 1380 1625 1431 de
1652 1379 1865 1433 Romuli
1890 1382 2027 1450 falsa

511 1445 796 1512 divinitate,
830 1460 892 1496 ea:
914 1445 1091 1497 eodem
1120 1446 1248 1499 libro
1283 1462 1414 1500 xxtt.

524 1555 591 1608 Et
615 1558 726 1622 ipse
760 1558 946 1611 modus
972 1573 1080 1628 quo
1107 1560 1335 1614 mundus
1364 1561 1607 1625 credidit,
1638 1563 1683 1617 si
1715 1564 2027 1619 considere-

444 1653 551 1710 tttr,
594 1646 958 1705 iueredibilior
1005 1651 1290 1706 invenitur.
1344 1654 1644 1709 lneruditos
1715 1656 2029 1710 liberalibus

441 1740 734 1808 disciplinis
764 1752 817 1797 et
846 1746 1064 1799 omnino
1091 1756 1347 1815 quantum
1379 1747 1443 1800 ad
1476 1750 1698 1801 istorum
1739 1748 2018 1802 doctrinas
2064 1774 2104 1832 Β

442 1832 631 1884 attinet
660 1834 950 1900 impolitus,
975 1850 1079 1888 non
1112 1837 1311 1902 peritus
1335 1839 1702 1901 grammatica,
1720 1853 1824 1891 non
1846 1854 2025 1891 arma-

444 1932 522 1975 tos
578 1922 878 1986 dialectic',
934 1940 1037 1978 non
1099 1924 1363 1979 rhetorica
1431 1928 1674 1988 inﬂatos,
1736 1928 2029 1995 piscatores

441 2010 686 2063 Chrisuts
725 2027 845 2064 cum
892 2012 1097 2066 retibus
1143 2013 1285 2079 fidei,
1327 2013 1391 2067 ad
1440 2030 1586 2069 mare
1632 2015 1790 2084 hujus
1846 2017 2028 2071 smonli

448 2100 803 2166 paucissimos
844 2102 1008 2155 misit.
1055 2104 1225 2172 Atque
1257 2104 1328 2157 ita
1378 2120 1441 2157 ex
1478 2106 1623 2158 omni
1672 2121 1870 2174 genere
1921 2116 2026 2161 tam

442 2192 640 2243 multos
691 2191 884 2259 pi-ces,
931 2202 985 2246 et
1016 2202 1163 2248 tanto
1195 2194 1552 2250 mirabiliores
1602 2209 1803 2265 quanto
1845 2200 2023 2250 rario-

442 2295 552 2342 res,
585 2281 743 2335 etiam
772 2282 915 2351 ipsos
950 2284 1297 2352 philosophos
1326 2287 1487 2353 cepit.
1539 2286 1754 2341 Duobus
1803 2289 1910 2341 illis
1943 2292 2027 2341 iu-

440 2371 814 2432 credibilihus,
842 2373 885 2425 si
937 2374 1135 2440 placet,
1167 2375 1274 2429 imo
1304 2376 1426 2445 quia
1469 2376 1683 2445 placere
1725 2378 1905 2438 debet.
1936 2384 2030 2431 all-

439 2462 627 2515 damus
661 2462 761 2515 hoc
792 2464 1031 2517 tertimn.
1054 2464 1171 2520 Jam
1194 2481 1323 2536 ergo
1352 2467 1451 2520 tria
1483 2479 1605 2522 sunt
1650 2468 1833 2523 incred
1861 2470 1895 2523 b
1923 2471 2015 2534 lia,

438 2570 558 2618 qua:
587 2566 767 2609 tamen
801 2555 935 2611 facta
961 2567 1109 2612 sunt.
1152 2560 1470 2615 Incredibile
1498 2571 1580 2615 est
1622 2559 1894 2616 Christum
1945 2579 2028 2615 re—

439 2644 740 2699 surrexisse
789 2646 839 2697 in
886 2661 1093 2711 carne,
1134 2658 1187 2702 et
1218 2648 1269 2701 in
1318 2648 1512 2703 caslum
1551 2650 1858 2704 ascendisse
1904 2666 2025 2703 cum

439 2747 632 2797 «strue;
658 2734 970 2790 incredibile
991 2746 1074 2789 est
1096 2738 1351 2793 tnundum
1383 2754 1495 2792 rem
1517 2746 1624 2792 tam
1655 2738 2023 2793 incredibilem

440 2824 763 2887 credidisse;
787 2825 1092 2881 incredibile
1108 2828 1451 2883 esthumiues
1466 2828 1756 2896 ignobiles,
1792 2828 2021 2894 infimos,

443 2914 820 2979 paucissimos,
854 2916 1154 2984 imperitos,
1200 2934 1312 2974 rem
1346 2932 1450 2975 tam
1501 2919 1867 2974 incredibilem
1919 2935 2024 2974 tatu

445 3004 739 3062 clticaciter
781 3008 1003 3074 mundo,
1030 3018 1083 3065 et
1128 3011 1180 3065 in
1227 3010 1319 3064 illo
1368 3011 1530 3065 etiam
1563 2990 1771 3075 doctis,
1809 3026 2027 3081 persua—

439 3097 565 3151 dere
619 3100 876 3161 potuisse.
912 3099 1113 3155 Horum
1147 3100 1307 3154 triucn
1346 3101 1737 3157 incredibilium
1785 3102 2019 3170 primum

439 3186 629 3238 nolunt
675 3188 760 3240 isti
792 3203 911 3243 cum
941 3189 1136 3256 quibus
1184 3192 1389 3257 agimus~
1421 3189 1642 3244 credere
1671 3206 1685 3255 ;
1724 3190 2018 3245 secundum

439 3288 723 3343 t-ngiintur,
755 3286 811 3332 et
854 3293 1078 3333 cernere
1105 3280 1243 3347 quod
1277 3294 1384 3332 non
1437 3280 1713 3337 inveniunt
1758 3280 1898 3336 unde
1950 3285 2020 3336 sit

439 3367 660 3431 factum,
691 3369 735 3421 si
792 3385 897 3424 non
943 3370 1171 3424 credunt
1226 3372 1465 3427 tertium.
1509 3371 1856 3427 Resurrcctio
1901 3387 2021 3427 cer-

441 3466 493 3510 te
515 3456 793 3519 Christi,et
811 3457 862 3510 iu
889 3461 1083 3517 etclutn
1105 3474 1226 3513 cum
1245 3462 1471 3515 carnein
1496 3478 1597 3530 qua
1619 3464 1911 3518 resurrexit
1934 3478 2017 3517 as-

436 3546 643 3610 censio,
671 3555 783 3600 tuto
804 3547 915 3615 jam
948 3549 1147 3603 mumlo
1194 3552 1512 3616 praedicatur
1553 3564 1608 3607 et
1645 3553 1902 3608 creditur.
1958 3553 2015 3607 Si

437 3637 707 3693 credibilis
737 3656 841 3695 non
873 3652 975 3705 εει,
1006 3642 1145 3696 unde
1175 3652 1286 3698 toto
1309 3653 1575 3699 terrarum
1605 3645 1737 3701 orbe
1762 3644 1873 3713 jam
1902 3660 2020 3698 cre-

435 3728 547 3783 dita
576 3730 695 3785 est?
726 3730 768 3785 si
796 3731 946 3787 multi
980 3733 1206 3797 nobdes,
1236 3735 1509 3798 sublimes,
1544 3735 1687 3790 doeti
1710 3749 1827 3789 eam
1857 3749 1917 3791 se
1942 3733 2019 3788 vi-

433 3821 578 3875 disse
614 3820 892 3887 dixerunt,
925 3834 982 3879 et
1001 3825 1139 3892 quod
1163 3826 1412 3882 viderunt
1431 3826 1713 3882 ditiamare
1737 3838 2015 3891 curarunt,

434 3914 514 3968 eis
563 3915 817 3969 mundum
859 3916 1154 3973 credidisse
1202 3934 1309 3973 non
1347 3920 1537 3973 mirum
1586 3929 1697 3981 est,
1743 3918 1838 3973 sed
1886 3920 2018 3973 istos

432 4003 609 4058 adhuc
632 4005 851 4061 credere
880 4007 1025 4062 nolle
1052 4008 1341 4076 perdurum
1371 4018 1489 4074 est;
1522 4009 1791 4075 siautem,
1826 4018 1885 4063 ut
1928 4025 2019 4062 ve-

439 4110 556 4149 rum
597 4104 702 4158 est,
737 4097 918 4164 paucis
968 4098 1213 4152 obscuris
1259 4098 1496 4153 minimis
1541 4098 1771 4155 induetis
1799 4114 1915 4153 eam
1957 4114 2016 4153 se

435 4185 633 4241 vidisse
675 4188 975 4243 dicentibus
1022 4199 1075 4244 et
1104 4189 1466 4246 scribentibus
1499 4190 1728 4245 credidit
1760 4191 2012 4257 mundus,

431 4294 527 4334 cur
552 4281 703 4346 pauci
724 4281 1128 4335 obstinatissitni
1158 4282 1247 4348 qui
1277 4292 1672 4345 remanserunt,
1719 4282 1773 4349 ip
1804 4281 1821 4333 i
1859 4297 2015 4333 mun-

431 4368 634 4434 dojam
687 4372 929 4424 credenti
960 4371 1134 4424 adhuc
1167 4387 1335 4441 uSque
1390 4387 1494 4425 non
1525 4372 1795 4425 credunt?
1859 4373 2015 4442 102

431 4459 529 4524 Qui
571 4471 848 4527 propterea
897 4477 1122 4515 numero
1169 4466 1362 4530 exiguo
1410 4462 1745 4532 ignobilium,
1796 4462 2011 4515 infimo-

430 4564 546 4603 rum
577 4544 1007 4619 [infirmorum],
1041 4551 1413 4620 imperitorum
1458 4551 1733 4604 hominum
1764 4552 2009 4617 credidit,

430 4649 552 4713 quia
598 4645 651 4696 in
683 4653 786 4696 tam
815 4644 1310 4712 contemptibilibus
1343 4644 1565 4699 testibus
1607 4643 1775 4697 multo
1807 4644 2014 4698 mirabi—

429 4738 531 4791 lius
559 4736 809 4790 divinitas
837 4753 896 4791 se
921 4738 1032 4806 ipsa
1060 4738 1327 4805 persuasit
1349 4753 1364 4802 ;
1388 4736 1599 4804 eloquia
1630 4750 1858 4803 namque
1890 4752 2012 4803 per-

427 4827 769 4880 snadentium
794 4867 808 4889 ,
837 4843 954 4891 qua:
979 4828 1236 4881 dicebant
1258 4828 1414 4890 mira,
1441 4826 1658 4880 fuerunt
1683 4827 1848 4889 facta,
1902 4842 2008 4880 nun

427 4920 611 4970 verba.
643 4918 742 4983 Qui
773 4918 913 4971 enim
940 4918 1217 4972 Christum
1253 4919 1305 4971 iu
1336 4932 1500 4972 carne
1535 4917 1904 4971 resnrrexisse
1953 4929 2009 4972 et

426 5021 551 5060 eum
579 5006 669 5059 illa
718 5007 771 5059 in
814 5009 1007 5061 caelum
1040 5008 1351 5063 ascendisse
1383 5024 1487 5061 non
1535 5007 1801 5072 viderant,
1859 5008 1909 5061 id
1947 5024 2007 5064 se

427 5098 625 5153 vidisse
670 5099 1035 5163 narrantibus,
1095 5114 1200 5153 non
1245 5098 1587 5167 loquentibus
1633 5106 1864 5161 tantum,
1913 5100 2006 5152 sed

422 5190 587 5243 etiam
613 5189 833 5243 miriﬁca
858 5189 1176 5246 facientibus
1204 5191 1378 5260 signa,
1409 5191 1722 5244 credebant.
1754 5190 2008 5246 llomines

421 5279 619 5347 quippe
647 5293 782 5348 quos
812 5281 963 5334 unius
992 5282 1075 5334 vel
1105 5291 1162 5335 ut
1190 5281 1417 5334 multum
1446 5281 1671 5334 duarum
1702 5282 2000 5350 linguarum

423 5370 587 5424 fuisse
618 5380 895 5435 noverant,
951 5382 1174 5440 repente
1225 5372 1419 5439 linguis
1469 5372 1708 5424 omnium
1760 5372 1999 5439 gentium

421 5460 698 5530 loquentes
751 5462 1067 5516 mirabiliter
1096 5460 1407 5515 audierunt.
1458 5459 1720 5514 Claudum
1768 5461 1835 5513 ab
1876 5462 2003 5515 ube-

418 5552 566 5607 ribus
590 5554 775 5607 matris
814 5555 879 5608 ad
908 5569 1096 5609 eorum
1150 5553 1373 5607 verbum
1424 5554 1478 5606 in
1525 5552 1727 5607 Christi
1775 5553 1995 5607 nomine

419 5648 539 5708 post
561 5642 912 5711 quadraginta
944 5643 1455 5699 annosincolumem
1483 5642 1811 5707 constitisse,
1835 5641 1995 5696 suda-

418 5728 496 5783 ria
517 5728 584 5785 de
609 5732 925 5800 corporibus
973 5747 1155 5789 eorum
1210 5732 1386 5789 ablata
1434 5729 1689 5790 sanandis
1734 5730 1994 5801 profuisse

2138 486 2187 539 in
2218 487 2409 543 ordine
2432 489 2859 544 innumerabiles
2879 491 3079 543 morbis
3108 492 3270 547 variis
3301 492 3622 557 laborantes,
3652 509 3709 548 ut

2133 579 2516 633 ambulantium
2541 596 2704 649 super
2722 596 2815 634 eos
2847 585 3030 635 umbra
3065 588 3321 637 transiret
3349 586 3605 640 continuo
3626 602 3712 641 sa-

2135 670 2299 723 lntem
2330 672 2509 725 solere
2536 675 2800 741 recipere,
2859 685 2912 729 et
2966 676 3067 729 alia
3124 679 3291 731 multa
3341 682 3603 747 stupende
3661 684 3711 735 in

2134 764 2332 817 Christi
2389 768 2604 820 nomine
2654 782 2748 835 per
2795 783 2888 822 eos
2941 766 3077 822 facta
3130 769 3297 840 [sunt
3349 771 3575 843 signa],
3624 791 3715 842 pu-

2134 867 2337 909 stremo
2380 858 2560 912 etiam
2635 868 2878 913 mortuos
2962 864 3327 917 resurrexisse
3404 867 3717 920 cernebant.

2133 946 2261 1012 Quae
2334 945 2472 999 sicut
2543 946 2607 1016 [si
2667 946 2744 1018 ut]
2787 950 3035 1016 leguntur
3106 962 3254 1021 gesta
3331 968 3453 1007 esse
3525 969 3721 1007 conce-

2133 1035 2287 1100 dunt,
2354 1050 2480 1089 ecce
2548 1045 2626 1089 tot
2695 1037 2875 1091 iui-red
2902 1038 3026 1091 bilin
3089 1041 3259 1093 tribus
3322 1042 3425 1094 illis
3484 1043 3720 1094 incredi-

2134 1124 2328 1179 bilibus
2359 1127 2630 1194 addimus,
2663 1140 2717 1184 et
2767 1140 2822 1182 ut
2863 1131 3119 1184 credatur
3151 1148 3311 1184 unum
3373 1134 3715 1198 incredibile,

2131 1218 2269 1286 quod
2297 1218 2363 1271 de
2395 1218 2569 1272 carnis
2600 1222 2997 1275 resurrectione
3023 1231 3182 1287 atque
3214 1224 3264 1276 in
3296 1224 3492 1277 caelum
3520 1239 3717 1278 ascen-

2130 1313 2281 1363 sione
2329 1311 2546 1375 dicitur,
2594 1314 2886 1366 multorum
2939 1314 3338 1368 incredibilium
3407 1317 3717 1373 testimonia

2131 1416 2271 1459 tanta
2302 1406 2664 1475 congerimus,
2716 1417 2770 1460 et
2799 1407 3038 1461 nondum
3089 1408 3155 1460 ad
3208 1408 3538 1463 credendum
3591 1413 3717 1463 bor-

2131 1496 2295 1549 renda
2330 1496 2521 1549 duritia
2549 1496 2857 1552 incredulos
2878 1498 3161 1553 ﬂectimus.
3196 1498 3252 1553 Si
3281 1513 3410 1553 vero
3442 1515 3538 1567 per
3580 1502 3716 1568 Apu.

2128 1588 2296 1642 Stolos
2345 1587 2564 1651 Christi,
2601 1596 2658 1642 ut
2684 1588 2763 1642 eis
2790 1589 3104 1643 crederetur
3149 1592 3608 1645 resurrectionem
3640 1600 3715 1644 at.

2129 1694 2232 1745 que
2274 1681 2645 1732 ascensioiiem
2694 1680 3108 1746 praedicantibus
3158 1681 3353 1735 Christi
3408 1684 3577 1735 etiam
3622 1685 3715 1741 ista

2134 1772 2383 1824 111ἱΓ.ιουΙ;ι
2420 1771 2555 1824 facta
2600 1786 2741 1836 esse,
2795 1786 2900 1824 non
2932 1772 3179 1837 credunt,
3216 1772 3317 1826 hoc
3345 1774 3502 1826 nobis
3548 1789 3715 1826 unum

2134 1864 2333 1929 grande
2363 1862 2672 1916 miraculum
2698 1862 2915 1925 sufficit,
2945 1863 3087 1930 quod
3119 1878 3240 1916 cum
3271 1874 3541 1917 terrarum
3572 1864 3717 1919 urbis

2134 1954 2250 2007 sine
2276 1955 2395 2007 ullis
2422 1956 2689 2009 miraculis
2716 1955 2965 2008 credidit.
3018 1955 3339 2009 Becolamus
3389 1956 3559 2008 etiam
3620 1957 3717 2009 hoc

2134 2046 2150 2099 ἰ
2175 2063 2271 2113 τεο,
2307 2046 2435 2100 illud
2464 2047 2605 2115 quod
2633 2047 2701 2101 de
2726 2047 2939 2100 Romuli
2969 2046 3168 2100 credita
3186 2045 3470 2099 divinitate
3500 2046 3719 2099 Tullius

2132 2139 2447 2193 admiratur.
2484 2138 2655 2192 Verba
2681 2139 2795 2206 ejus
2820 2146 2878 2191 ut
2906 2138 3104 2205 scripta
3136 2146 3261 2190 sunt
3290 2137 3526 2191 inseram
3556 2154 3574 2189 :
3611 2138 3716 2190 Ma-

2131 2234 2211 2298 gis
2239 2240 2342 2296 est,
2376 2232 2563 2294 inquit,
2598 2232 2649 2282 in
2690 2230 2913 2283 Romulo
2936 2228 3310 2283 admirandum
3343 2228 3486 2295 quod
3520 2230 3715 2284 ueteri

2133 2323 2219 2391 qui
2254 2322 2335 2375 dei
2366 2320 2485 2393 [dii]
2521 2337 2590 2375 ex
2618 2321 2919 2375 hominibus
2945 2320 3069 2375 facti
3088 2334 3207 2375 esse
3231 2319 3505 2385 dicuntur,
3533 2319 3713 2370 minus

2130 2420 2353 2471 eruditis
2390 2418 2664 2472 hominum
2697 2416 2907 2470 saeculis
2940 2416 3176 2480 fuerunt,
3204 2424 3259 2467 ut
3290 2412 3526 2483 fingendi
3589 2429 3709 2479 pru-

2129 2512 2281 2563 clivis
2309 2517 2451 2562 esset
2481 2508 2635 2569 ratio,
2668 2521 2789 2560 cum
2814 2505 3046 2571 imperiti
3091 2504 3246 2557 facile
3277 2502 3344 2556 ad
3376 2504 3710 2557 t'l‘etlcu-lutu

2131 2601 2549 2669 impellerentur,
2586 2598 2794 2653 Romuli
2825 2607 3001 2655 autem
3026 2603 3236 2653 :etzitem
3269 2594 3446 2649 minus
3480 2594 3567 2647 his
3596 2608 3713 2659 sep.

2130 2696 2380 2765 tingentis
2402 2693 2575 2753 annis,
2602 2691 2710 2758 jam
2736 2690 3045 2747 inveteratis
3068 2688 3258 2743 litteris
3289 2698 3450 2755 atque
3496 2686 3706 2740 doctri-

2132 2788 2211 2839 nis
2232 2784 2577 2853 omniumque
2607 2780 3048 2853 [somniumque],
3082 2779 3173 2837 illo
3228 2777 3451 2846 antiquo
3500 2792 3569 2832 ex
3636 2777 3711 2830 ἱει-

2129 2877 2269 2932 culta
2294 2875 2565 2930 hominum
2598 2875 2701 2929 vita
2730 2886 2915 2927 errore
2940 2871 3172 2935 sublato,
3208 2868 3372 2923 fuisse
3409 2865 3707 2926 cernimus.

2133 2970 2199 3023 Et.
2228 2967 2385 3037 paulo
2416 2977 2534 3036 post
2562 2964 2627 3018 de
2655 2964 2843 3018 eodem
2875 2962 3103 3016 Romulo
3145 2961 3216 3013 ita
3258 2958 3520 3028 loquitur,
3566 2959 3706 3025 quod

2129 3060 2195 3113 ad
2229 3061 2368 3115 hunc
2400 3057 2632 3127 pertinet
2655 3070 2893 3109 sensum.
2927 3054 3003 3107 Ex
3020 3066 3123 3121 quo
3152 3049 3370 3118 intelligi
3406 3058 3610 3118 potest,
3639 3048 3710 3100 in-

2052 3154 2096 3215 C
2131 3153 2269 3223 quit,
2305 3148 2581 3219 permultis
2605 3147 2761 3201 annis
2782 3153 2905 3198 ante
2927 3143 3217 3199 Homerum
3241 3142 3403 3195 fuisse
3424 3156 3588 3209 quam
3613 3140 3710 3191 Ro-

2129 3244 2351 3305 mulum,
2377 3249 2434 3294 ut
2456 3238 2565 3309 jam
2599 3235 2774 3291 doctis
2807 3234 3112 3291 hominibus
3142 3248 3203 3287 ac
3231 3233 3560 3301 temporibus
3587 3230 3708 3299 ipsis

2123 3331 2349 3387 eruditis
2372 3331 2436 3384 ad
2470 3326 2777 3398 ﬁngendum
2807 3326 2892 3380 vix
2920 3323 3208 3393 quidquam
3240 3332 3383 3376 esset
3437 3320 3564 3373 loci.
3604 3323 3708 3373 Λιι-

2124 3426 2338 3496 tiqu.tas
2365 3408 2505 3477 enim
2557 3418 2761 3487 recepit
2792 3416 2993 3471 fabulas
3043 3418 3194 3468 fictas
3243 3412 3401 3466 etiam
3459 3426 3706 3463 nonnun-

2123 3528 2279 3584 quam
2309 3511 2615 3576 incondite;
2649 3509 2765 3565 ltzec
2795 3519 2922 3566 mtas
2963 3516 3143 3559 autem
3169 3504 3278 3571 jam
3319 3500 3534 3559 exculta
3568 3516 3706 3569 pratu-

2124 3608 2307 3661 sertim
2334 3603 2559 3659 eludens
2582 3616 2741 3656 omne
2770 3598 2909 3670 quod
2940 3598 3051 3653 fieri
3083 3612 3186 3650 non
3236 3602 3435 3664 potest,
3478 3592 3703 3661 respuit.

2127 3699 2274 3753 Unus
2289 3712 2321 3750 ε
2337 3710 2561 3749 numero
2576 3692 3008 3747 doctissimorum
3032 3686 3304 3742 hominum
3328 3685 3573 3751 idemque
3590 3686 3703 3736 elo-

2120 3788 2500 3860 quentissimus
2552 3785 2787 3843 omnium
2832 3783 2900 3837 Μ.
2946 3782 3006 3836 Τ.
3051 3778 3260 3842 Cicero,
3302 3786 3580 3846 propterea
3625 3774 3703 3829 di-

2120 3883 2193 3937 cit
2245 3881 2576 3936 divinitatem
2620 3876 2828 3931 Romuli
2874 3873 3190 3927 mirabllitcr
3238 3868 3521 3933 creditam,
3563 3865 3701 3936 quod

2119 3971 2326 4028 erudita
2365 3970 2474 4042 jam
2527 3976 2765 4039 tempore
2806 3965 3018 4018 fuerunt
3070 3977 3189 4029 qua:
3250 3959 3535 4013 falsitatem
3595 3972 3696 4010 non

2115 4066 2419 4133 reciperent
2449 4060 2770 4116 fabularum.
2803 4056 2909 4113 Sed
2941 4054 3093 4111 valde
3140 4052 3425 4108 ridiculum
3469 4048 3597 4123 [est]
3638 4050 3700 4103 de

2123 4159 2331 4214 Romuli
2357 4156 2484 4213 falsa
2518 4154 2799 4207 divinitate
2840 4166 2961 4204 cum
2995 4149 3060 4205 de
3091 4146 3304 4201 Christo
3329 4146 3597 4214 loquimur
3623 4144 3697 4196 fa-

2117 4264 2242 4305 cere
2272 4247 2596 4302 mentionem
2623 4260 2639 4308 ;
2683 4254 3047 4299 verumtamen
3078 4253 3199 4293 cum
3227 4238 3498 4292 sexcentis
3532 4237 3699 4291 ferme

2118 4344 2274 4395 annis
2328 4350 2451 4395 ante
2497 4337 2809 4391 Ciceronem
2861 4332 3117 4388 Romulus
3162 4328 3349 4392 merit,
3399 4340 3561 4396 atque
3613 4330 3696 4381 illa

2117 4443 2248 4488 mtas
2274 4430 2385 4500 jam
2427 4429 2592 4485 fuisse
2623 4422 2880 4481 doetriuis
2929 4422 3138 4477 dicatur
3179 4423 3413 4487 exculta,
3448 4431 3507 4474 ut
3554 4421 3695 4491 quod

2044 4518 2094 4576 D
2121 4527 2236 4581 fieri
2269 4540 2374 4581 nou
2408 4531 2583 4591 potest
2613 4534 2771 4576 omne
2794 4526 3089 4586 respueret,
3129 4526 3328 4587 quanto
3370 4516 3538 4583 magis
3579 4523 3697 4583 post

2122 4624 2406 4671 sexcentos
2436 4626 2629 4677 annos,
2663 4610 2827 4678 ipsius
2859 4617 3098 4675 tempore
3127 4603 3405 4659 Ciceronis
3433 4594 3693 4654 maxich

2122 4722 2224 4777 que
2255 4714 2439 4775 postea
2464 4703 2565 4757 sub
2594 4706 2833 4773 Augusto
2858 4708 3017 4767 atque
3042 4694 3279 4758 Tiberio,
3310 4692 3691 4748 eruditioribus

2121 4804 2306 4870 utique
2355 4795 2704 4865 temporibus,
2757 4790 3203 4847 resurreCtinnem
3256 4787 3436 4844 carnis
3492 4783 3691 4839 Christi

2118 4906 2277 4963 atque
2309 4892 2360 4946 in
2391 4891 2583 4947 ccelutn
2607 4886 3001 4948 ascensionem,
3035 4891 3287 4951 tanquam
3323 4880 3373 4933 id
3402 4880 3545 4947 quod
3577 4876 3691 4969 fieri

2117 5006 2222 5045 nun
2254 4997 2425 5055 potest
2462 4997 2612 5038 meus
2642 4980 2875 5033 humana
2902 4978 3041 5034 ferre
3072 4991 3177 5029 non
3210 4982 3408 5042 pus;~et,
3444 4971 3688 5026 eludens—

2110 5098 2214 5150 que
2262 5079 2329 5133 ab
2377 5075 2593 5133 auribus
2638 5072 2997 5141 cordibusque
3044 5075 3358 5138 respueret,
3414 5062 3515 5118 nisi
3570 5076 3684 5116 eam

2111 5173 2225 5227 fieri
2261 5170 2495 5240 potuisse
2516 5176 2676 5242 atque
2706 5164 2898 5221 factam
2930 5176 3048 5216 esse
3068 5158 3320 5213 divinitas
3350 5156 3520 5224 ipsius
3552 5155 3683 5207 reri-

2111 5267 2268 5329 tatis,
2296 5264 2379 5318 vel
2427 5258 2727 5316 divinitatis
2765 5256 2964 5313 veritas
3012 5264 3065 5308 et
3126 5249 3482 5305 COltlcSlattlia
3531 5246 3683 5300 lltil'ﬂ-

2108 5357 2348 5410 culorum
2378 5353 2526 5422 signa
2550 5354 2932 5413 monstrarent,
2960 5357 3017 5398 ut
3046 5341 3371 5397 terrentibus
3391 5348 3447 5392 et
3470 5347 3679 5391 contra-

2107 5447 2403 5504 dicentibus
2426 5454 2531 5499 tam
2562 5442 2742 5496 multis
2777 5448 2989 5504 tamque
3034 5432 3240 5503 magnis
3291 5429 3677 5502 persecutioni-

2106 5539 2207 5594 bus
2233 5536 2542 5606 praecedens
2572 5535 2623 5588 in
2648 5530 2883 5593 Christo,
2914 5526 3109 5587 deinde
3152 5528 3204 5579 in
3231 5521 3444 5578 czcteris
3489 5520 3555 5574 ad
3588 5533 3675 5571 nu-

2110 5648 2233 5687 vum
2263 5630 2514 5686 szrculum
2545 5636 2793 5682 secutura
2825 5620 3170 5683 reSurrectio,
3202 5627 3362 5688 atque
3398 5615 3671 5669 immorta-

2105 5724 2225 5779 litas
2240 5723 2436 5787 carnis,
2468 5728 2521 5774 et
2545 5717 2854 5772 fidelissime
2871 5711 3183 5769 crederetur
3205 5719 3256 5764 et
3295 5707 3667 5777 pra-dicaretur
