3990 6180
253 222 348 278 805

1447 222 1885 279 ΤΙῈΕΞᾹυΐωε.
1925 222 2081 278 CAP.
2120 224 2301 280 CLIX.

3402 234 3507 290 806

252 334 532 404 intrepide,
555 346 610 391 et
642 351 733 405 per
760 337 944 392 orbem
982 346 1137 393 terra:
1163 339 1485 409 pullulatura
1522 340 1820 401 fecundius,
1852 343 1899 397 Α
1931 352 2046 393 eam
2078 342 2494 409 magnitudinem
2526 357 2683 411 quam
2717 359 2821 398 non
2854 345 3058 413 habuit,
3101 349 3314 416 quando
3361 353 3409 404 in
3439 366 3506 405 ea

250 445 365 482 cum
393 430 442 481 in
494 437 788 498 martyrum
822 430 1079 498 sanguine
1127 440 1423 485 sereretur.
1484 432 1824 500 Legebantur

246 523 383 573 enim
417 521 680 587 prmconia
712 521 1062 587 praecedentia
1090 522 1490 590 prophetarum,
1532 538 1824 577 concurre.

246 615 367 666 bant
391 621 598 666 ostenta
625 614 900 676 virtutum,
926 621 981 666 et
1009 614 1425 681 persuadebatur
1454 616 1653 668 veritas
1686 629 1822 668 nova

243 703 634 767 consuetudini,
688 720 795 755 non
851 704 1121 757 contraria
1172 705 1400 769 rationi,
1451 704 1623 757 donec
1677 706 1823 760 orbis

244 804 419 857 terrm,
449 794 538 861 qui
568 794 988 864 persequebatur
1013 794 1211 858 furore,
1242 804 1561 862 sequeretur
1589 795 1715 849 fide.

817 905 1043 961 CAPUT
1071 905 1255 959 CLVI.

242 1018 319 1071 De
346 1020 604 1072 miraculis
628 1035 740 1087 qme
771 1030 823 1071 ut
856 1020 1074 1072 mundus
1096 1022 1148 1073 in
1180 1019 1378 1072 Christo
1401 1021 1628 1072 crederet
1675 1022 1817 1087 facta

306 1101 449 1151 sunt,
478 1102 524 1144 et
555 1093 664 1155 ﬁeri
692 1091 879 1144 mundo
899 1093 1134 1144 credente
1149 1107 1250 1143 non
1276 1091 1530 1157 desinunt,
1557 1106 1620 1143 ea:
1642 1092 1819 1143 eodem

309 1163 439 1215 libro
471 1177 598 1215 nn.

306 1274 434 1338 Cur,
466 1274 730 1341 inquiunt,
767 1289 907 1327 nunc
938 1274 1026 1328 illa
1059 1273 1312 1330 miracula
1343 1290 1461 1343 quae
1515 1274 1817 1341 prmdicatis

241 1368 377 1423 facta
409 1382 527 1421 esse
555 1382 657 1420 non
705 1368 874 1421 fiunt?
910 1368 1134 1421 Possem
1175 1367 1387 1437 quidem
1421 1368 1598 1421 dicere
1630 1382 1818 1421 neces-

236 1460 380 1513 saria
410 1459 572 1512 fuisse
603 1458 909 1528 priusquam
938 1457 1187 1511 crederet
1218 1458 1469 1522 mundus,
1506 1458 1571 1510 ad
1624 1456 1725 1511 hoc
1758 1465 1816 1511 ut

235 1550 481 1604 crederet
507 1549 754 1603 mundus.
787 1537 1037 1618 Quisquis
1064 1548 1238 1603 adhuc
1268 1548 1501 1615 prodigia
1532 1558 1588 1601 ut
1628 1554 1814 1602 credat

234 1640 474 1710 inquirit,
529 1654 778 1707 magnum
823 1648 907 1692 est
945 1639 1059 1704 ipse
1105 1638 1425 1707 prodigium,
1477 1640 1567 1707 qui
1615 1640 1816 1691 mundo

1933 430 2205 499 discipulis
2235 431 2288 486 iu
2320 449 2424 501 qua
2456 434 2559 488 illis
2587 443 2703 488 erat
2732 447 2890 490 notus
2916 440 3180 507 apparuit,
3209 448 3266 495 ut
3306 442 3504 509 longis-

1946 521 2098 575 sin:is
2128 523 2237 577 fieri
2266 526 2431 592 possit
2456 528 2696 592 mqnalis.
2726 528 2782 581 Si
2803 539 2980 583 autem
3004 531 3294 585 dixerimus
3316 531 3381 586 ad
3411 533 3509 588 do-

1926 612 2106 666 minici
2161 618 2401 684 corporis
2454 618 2669 672 modum
2721 620 2879 673 etiam
2936 636 3268 693 quorumque
3307 625 3509 693 majora

1928 717 2157 771 corpora
2190 707 2505 776 redigenda,
2537 710 2735 776 peribit
2757 712 2823 764 de
2853 714 3138 766 multorum
3184 716 3513 783 corporibus

1926 795 2231 863 plurimum,
2285 813 2405 853 cum
2466 801 2579 869 ip~e
2629 818 2727 856 nec
2763 804 3008 872 capillum
3052 806 3343 874 periturum
3382 822 3505 863 esse

1926 888 2249 953 promiserit.
2268 890 2449 943 Ilestat
2469 907 2595 959 ergo
2615 904 2669 945 ut
2696 908 2845 947 suam
2874 896 3095 962 recipiat
3110 898 3333 967 quisque
3355 914 3505 952 men-

1923 991 2126 1042 Suram,
2151 996 2309 1046 quam
2340 983 2422 1036 vel
2457 984 2638 1037 habuit
2668 985 2718 1037 in
2739 987 3038 1052 juventnte,
3073 990 3235 1043 etiam
3262 992 3305 1043 si
3335 1005 3511 1045 senex

1923 1070 1993 1123 sit
2024 1082 2282 1137 mortuus,
2318 1076 2398 1128 vel
2435 1075 2611 1130 fuerat
2660 1078 2958 1143 habiturus,
3001 1083 3161 1136 etiam
3191 1086 3235 1137 si
3267 1095 3349 1138 est
3378 1094 3515 1139 ante

1923 1161 2227 1219 defunctus.
2274 1168 2429 1237 103
2474 1172 2650 1237 Atque
2701 1171 2830 1225 illud
2876 1173 3015 1240 quod
3064 1177 3505 1230 commemoravit

1922 1252 2210 1321 Aposmlus
2236 1258 2303 1312 de
2347 1275 2594 1314 mensura
2645 1262 2821 1316 :etatis
2876 1264 3221 1332 plenitudinis
3278 1266 3521 1331 Christi,

1925 1358 2009 1398 aut
2042 1360 2258 1415 propter
2297 1351 2440 1404 aliud
2491 1352 2850 1421 intelligamus
2880 1355 3077 1407 dictum
3120 1371 3262 1421 esse,
3315 1357 3363 1410 id
3396 1368 3500 1423 est,

1922 1447 1977 1492 ut
2003 1439 2072 1490 illi
2099 1440 2258 1506 capiti
2287 1441 2338 1493 in
2370 1443 2576 1509 populis
2597 1442 2917 1498 ChriStiauis
2940 1447 3229 1500 accedente
3255 1448 3494 1501 omnium

1922 1528 2244 1595 perfectione
2297 1532 2661 1587 membrorum
2711 1535 2883 1588 aetatis
2927 1535 3045 1604 ejus
3072 1550 3320 1589 mensura
3356 1552 3505 1590 com-

1921 1619 2126 1686 pleatur
2145 1634 2159 1683 ;
2181 1630 2271 1673 aut
2293 1620 2337 1674 si
2362 1623 2463 1676 hoc
2483 1623 2552 1677 de
2574 1625 2969 1679 resurrectione
2984 1641 3267 1694 corporum
3294 1627 3496 1681 dictum

233 1732 490 1786 credente
514 1746 616 1784 non
643 1732 833 1784 credit.
868 1729 1063 1783 Verum
1093 1731 1193 1782 hoc
1222 1729 1341 1784 ideo
1372 1730 1573 1793 dicunt,
1619 1740 1674 1784 ut
1714 1746 1812 1786 nec

1930 1720 2023 1771 est,
2048 1713 2125 1765 sic
2177 1713 2507 1780 accipiamus
2556 1716 2777 1779 dictum.
2821 1728 3009 1771 utnec
3064 1718 3197 1771 infra
3233 1734 3330 1773 nec
3359 1720 3497 1773 ultra

235 1830 369 1873 tunc
400 1819 483 1872 illa
514 1820 774 1873 miracula
804 1820 939 1873 facta
970 1820 1131 1873 fuisse
1156 1820 1466 1874 credantur.
1498 1820 1651 1875 Unde
1680 1836 1810 1890 ergo

236 1919 388 1964 tanta
420 1908 523 1963 fide
572 1909 820 1963 Cluistns
852 1925 1234 1978 usquequaque
1262 1920 1509 1964 cantatur
1537 1912 1588 1965 in
1620 1912 1815 1965 caelum

232 2016 360 2055 cum
388 2016 546 2054 carne
571 2000 853 2054 sublatus?
888 2000 1041 2056 Unde
1098 2002 1431 2069 temporibus
1483 2001 1712 2055 eruditis
1764 2014 1817 2055 et

234 2110 400 2149 omne
429 2094 567 2160 quod
603 2094 715 2146 fieri
749 2109 850 2146 non
883 2101 1061 2161 potest
1097 2095 1475 2161 respuentibus
1524 2095 1640 2148 sine
1693 2094 1819 2148 ullis

233 2186 510 2239 miraculis
560 2185 780 2238 nimium
825 2185 1140 2239 mirabiliter
1204 2186 1534 2240 incredibilia
1593 2186 1819 2240 credidit

233 2277 510 2330 iniindns?
542 2280 621 2330 An
652 2275 789 2329 forte
819 2276 1097 2331 credibilia
1127 2276 1314 2339 fuisse,
1346 2286 1401 2330 et
1444 2277 1567 2332 ideo
1611 2278 1815 2331 credita

232 2385 363 2424 esse
393 2368 582 2422 dicturi
608 2368 777 2421 sunt?
805 2382 901 2421 cur
932 2369 1031 2435 ipsi
1076 2384 1204 2438 ergo
1236 2382 1341 2422 non
1375 2369 1647 2423 credunt?
1693 2368 1835 2422 Bre-‘

239 2460 322 2514 vis
352 2460 514 2528 igitur
542 2468 623 2512 est
658 2470 835 2512 nostra
867 2460 1187 2528 complexio,
1229 2469 1319 2514 aut
1374 2459 1703 2514 incredibilis
1735 2457 1808 2512 rei

234 2565 365 2619 quae
397 2565 500 2603 non
534 2548 836 2613 videbatur,
891 2548 992 2602 alia
1052 2549 1413 2617 incredibilia,
1469 2565 1586 2619 quae
1636 2556 1814 2602 tamen

234 2643 441 2697 fiebant
470 2654 524 2695 et
552 2640 902 2702 videbantur,
938 2641 1180 2696 fecerunt
1207 2640 1393 2707 fidem;
1426 2652 1516 2696 aut
1544 2651 1690 2695 certe
1732 2657 1821 2697 res

230 2742 334 2792 ista
373 2733 488 2807 [ita]
519 2735 819 2801 credibilis,
870 2743 927 2789 ut
958 2736 1116 2790 nullis
1166 2736 1360 2804 quibus
1408 2737 1822 2805 persuaderetur

230 2828 511 2883 miraculis
544 2827 831 2895 indigeret,
868 2827 1091 2881 istorum
1123 2826 1342 2879 nimiam
1375 2825 1651 2896 redarguit
1696 2828 1820 2880 inli-

220 2922 533 2975 delitatem.
566 2918 679 2974 Iloc
723 2917 790 2972 ad
837 2917 1165 2973 refellendos
1195 2918 1516 2972 vanissimos
1564 2920 1816 2974 dixerim.

232 3009 371 3063 Nam
425 3008 562 3063 facta
612 3023 734 3063 esse
764 3008 927 3061 multa
972 3009 1229 3063 miracula
1272 3024 1391 3076 qum
1436 3019 1824 3067 attestarentur

232 3103 307 3159 illi
341 3105 431 3157 uni
465 3103 650 3171 grandi
680 3103 990 3172 salubrique
1018 3102 1276 3156 miraculo
1319 3118 1424 3172 quo
1462 3104 1711 3159 Christus
1763 3106 1814 3161 in

231 3196 433 3251 celum
461 3211 580 3249 cum
612 3210 775 3249 carne
827 3195 881 3248 in
926 3210 1028 3263 qua
1081 3196 1377 3250 resurrexit
1426 3198 1686 3263 ascendit,
1730 3214 1825 3251 ne-

231 3304 365 3355 gare
394 3302 500 3341 non
533 3301 837 3355 possumus.
885 3286 940 3341 In
984 3286 1185 3341 eisdem
1226 3289 1424 3358 quippe
1464 3290 1851 3343 veracissimis'

233 3379 390 3434 libris
420 3389 611 3433 cuncta
636 3383 934 3447 conscripta
969 3388 1115 3442 sunt,
1156 3390 1208 3432 et
1247 3394 1368 3445 qua:
1418 3379 1553 3434 facta
1595 3390 1740 3445 sunt,
1770 3390 1825 3434 et

234 3482 456 3540 propter
498 3470 639 3539 quod
689 3469 1016 3524 credendum
1048 3468 1184 3523 facta
1214 3478 1359 3523 sunt.
1398 3469 1522 3524 Haec
1564 3480 1621 3523 ut
1663 3473 1820 3525 fidem

234 3564 480 3617 facerent
515 3562 883 3622 innotuerunt,
916 3561 1028 3613 hinc
1060 3574 1154 3624 per
1201 3559 1361 3615 fidem
1389 3576 1546 3625 quam
1577 3560 1821 3616 fecerunt

234 3658 405 3711 multo
435 3655 633 3710 clarius
660 3655 1019 3708 innotescunt.
1043 3652 1317 3721 Leguntur
1345 3654 1545 3723 quippe
1574 3654 1626 3708 in
1654 3670 1834 3724 popuv

236 3751 297 3806 lis
318 3760 381 3805 ut
409 3749 730 3811 credantur,
760 3762 861 3802 nec
908 3747 959 3801 in
991 3747 1198 3816 populis
1252 3756 1428 3801 tamen
1472 3749 1570 3801 nisi
1621 3749 1822 3803 credita

241 3842 574 3914 legerentur.
605 3839 734 3892 Nam
764 3838 923 3891 etiam
953 3851 1097 3891 nunc
1145 3837 1274 3890 tiunt
1315 3838 1569 3891 miracula
1621 3838 1674 3891 in
1708 3839 1825 3907 ejus

241 3936 485 3996 nomine,
508 3932 621 3987 sive
640 3946 734 3999 per
752 3938 1085 3983 sacramenta
1114 3927 1248 3997 ejus,
1278 3927 1391 3981 sive
1415 3942 1509 3995 per
1528 3930 1822 3992 orationes,

238 4027 318 4080 vel
354 4022 647 4078 memorias
667 4028 973 4075 sanctorum
1002 4016 1139 4086 ejus,
1168 4016 1265 4072 sed
1307 4032 1411 4071 non
1458 4018 1650 4071 eadem
1696 4017 1812 4071 cla-

234 4120 398 4172 ritate
448 4115 809 4174 illustrantur,
851 4121 908 4164 ut
940 4119 1082 4168 tanta
1123 4118 1319 4179 quanta
1349 4111 1436 4164 illa
1466 4112 1635 4181 gloria
1672 4112 1705 4166 d
1731 4111 1827 4165 lfa-

236 4206 683 4263 mentur.Canon
727 4203 925 4271 quippe
969 4217 1241 4256 sacrarum
1289 4202 1609 4266 litterarum,
1663 4218 1822 4268 quem

234 4299 521 4353 definitum
551 4310 673 4351 esse
697 4296 996 4363 oportebat,
1037 4292 1121 4346 illa
1174 4291 1300 4347 facit
1348 4293 1545 4362 ubique
1590 4296 1823 4362 recitari,

234 4402 289 4446 et
315 4389 601 4445 memoria:
642 4394 955 4442 cunctorum
1001 4384 1264 4438 inhmrere
1316 4385 1653 4452 populorum.
1702 4386 1825 4441 ΙΙωο

1919 1801 2206 1868 juvenilem
2261 1804 2487 1859 formam
2546 1818 2831 1875 resurgant
2869 1824 3096 1877 corpora
3140 1821 3501 1875 mortuorum,

1920 1893 2014 1945 sed
2048 1892 2101 1947 in
2131 1895 2246 1962 ejus
2271 1906 2426 1950 aetate
2450 1907 2504 1949 et
2537 1898 2727 1952 robore
2760 1914 2930 1964 usque
2956 1900 3020 1953 ad
3050 1916 3206 1969 quam
3234 1902 3501 1953 Christum

1924 1982 2010 2035 hic
2059 1988 2366 2049 pervenisse
2418 1989 2785 2056 cognovimus.
2833 1988 2996 2043 Circa
3047 1990 3261 2059 triginta
3306 1994 3502 2059 quippe

1921 2088 2091 2128 annos
2119 2073 2441 2130 definierunt
2471 2092 2590 2131 esse
2618 2077 2778 2130 etiam
2810 2080 2989 2131 surculi
3025 2078 3183 2147 hujus
3209 2079 3502 2133 doctissimi

1924 2165 2171 2224 homines
2197 2169 2557 2235 juventutem,
2582 2187 2701 2239 qua:
2723 2187 2844 2226 cuin
2876 2173 3036 2227 fuerit
3063 2176 3241 2242 spatio
3285 2176 3507 2244 proprio

1925 2256 2224 2320 terminata,
2260 2259 2380 2313 inde
2403 2260 2515 2327 jam
2549 2260 2820 2316 hominem
2847 2264 2899 2317 in
2922 2263 3243 2317 detrimenta
3287 2280 3506 2336 vergere

1921 2351 2177 2418 gravioris
2201 2367 2263 2404 ac
2293 2354 2481 2407 senilis
2504 2363 2696 2419 aetatis,
2730 2365 2785 2409 et
2828 2356 2952 2411 ideo
2996 2372 3100 2410 non
3142 2372 3263 2412 esse
3301 2359 3501 2412 dictum

1922 2437 1976 2491 in
2000 2456 2301 2495 mensuram
2324 2448 2583 2512 corporis,
2613 2445 2693 2500 vel
2727 2446 2779 2499 in
2813 2461 3118 2501 mensuram
3146 2458 3386 2515 staturae,
3408 2448 3500 2502 sed

1923 2528 1974 2584 in
2006 2546 2305 2587 mensuram
2336 2537 2509 2590 aetatis
2534 2536 2878 2606 plenitudinis
2906 2539 3128 2592 Christi.

2458 2649 2694 2718 ,capor
2732 2649 2956 2705 cum.

1927 2735 2109 2803 Qualis
2136 2736 2469 2810 intelligenda
2499 2745 2563 2794 sit
2592 2744 2928 2810 conformatio
2954 2752 3245 2796 sanctorum
3272 2744 3340 2795 ad
3370 2744 3502 2796 inta-

2160 2815 2329 2883 ginem
2357 2811 2480 2865 Filii
2505 2810 2637 2876 Dei;
2665 2829 2728 2866 ea:
2757 2816 2934 2867 eodem
2961 2815 3088 2866 libro
3123 2829 3251 2867 xxn.

1994 2926 2125 2982 Illud
2157 2928 2318 2982 etiam
2355 2924 2495 2994 quod
2537 2925 2631 2989 ait,
2668 2924 3079 2979 I‘rzedestinatos
3108 2923 3265 2996 [fieri]
3296 2926 3505 2979 confor-

1924 3034 2037 3074 mes
2064 3017 2306 3087 imaginis
2335 3016 2452 3071 Filii
2484 3015 2599 3078 Dei,
2646 3022 2823 3084 potest
2847 3025 2903 3069 et
2936 3017 3232 3070 secundum
3278 3015 3505 3070 interio-
3534 3086 3535 3089 η

1926 3127 2039 3167 rem
2063 3111 2336 3165 hominem
2372 3107 2620 3176 intelligi,
2654 3108 2795 3162 unde
2837 3107 2991 3161 nobis
3032 3109 3136 3162 alio
3174 3108 3292 3162 loco
3330 3108 3457 3163 dicit
3492 3124 3504 3160 :

1929 3201 2101 3256 Nolite
2138 3198 2464 3256 conformari
2514 3198 2638 3251 huic
2676 3197 2893 3262 smculo,
2928 3202 3020 3252 sed
3061 3199 3425 3252 relormamini
3455 3199 3507 3252 in

1929 3296 2164 3349 novitate
2216 3294 2410 3346 mentis
2462 3302 2672 3344 vestrm.
2735 3289 2831 3345 Ubi
2872 3305 2998 3359 ergo
3050 3291 3404 3345 reformamur
3443 3306 3511 3344 ne

1927 3383 2327 3439 conlormemur
2368 3382 2491 3436 huic
2521 3380 2742 3446 sarculo,
2775 3380 2848 3434 ibi
2878 3380 3275 3435 conformantur
3299 3380 3391 3434 Dei
3418 3381 3510 3435 Fi-

1928 3479 2020 3533 lio.
2044 3478 2227 3532 Potest
2252 3487 2303 3530 et
2342 3475 2419 3529 sic
2444 3473 2635 3541 accipi,
2660 3481 2718 3527 ut
2748 3473 3197 3542 quemadmodum
3243 3473 3396 3527 nobis
3424 3473 3513 3528 ille

1930 3568 2278 3632 mortalitate,
2314 3566 2383 3619 ita
2415 3580 2512 3619 nos
2540 3566 2612 3618 illi
2639 3564 2934 3619 efficiamur
2955 3558 3355 3618 immortalitate
3384 3579 3513 3618 con-

1930 3665 2150 3730 formes,
2198 3660 2339 3732 quod
2373 3660 2587 3729 quidem
2638 3668 2692 3713 et
2742 3659 2806 3712 ad
2851 3660 3019 3726 ipsam
3065 3660 3512 3714 resurrectionem

1928 3769 2213 3823 corporum
2262 3751 2511 3820 pertinet.
2566 3750 2624 3804 Si
2674 3759 2851 3803 autem
2899 3751 3058 3805 etiam
3102 3753 3153 3803 in
3189 3749 3272 3804 his
3315 3740 3547 3811 verbis,

1928 3862 2028 3915 qua
2062 3844 2231 3898 forma
2264 3851 2630 3897 resurrectura
2681 3843 2785 3895 s‘nt
2839 3855 3064 3908 corpora
3094 3855 3278 3893 sumus
3323 3838 3511 3895 admo-
3545 3834 3549 3841 ’

1929 3937 2046 4004 niti,
2079 3934 2214 3988 sicut
2241 3933 2327 3987 illa
2359 3945 2631 3996 mensura,
2663 3932 2733 3984 ita
2778 3939 2833 3985 et
2871 3932 2969 3984 ista
3009 3930 3362 3983 conformatio
3401 3945 3508 3984 non

1928 4024 2240 4095 quantitatis
2287 4019 2631 4089 intelligenda
2683 4030 2789 4085 est,
2830 4020 2921 4072 sed
2973 4018 3166 4073 anatis.
3207 4018 3507 4089 Resurgent

1930 4118 2107 4185 itaque
2132 4128 2318 4169 omnes
2348 4124 2451 4166 tam
2507 4111 2681 4180 magni
2731 4126 2976 4181 corpore,
3027 4126 3185 4178 quam
3220 4112 3299 4165 vel
3332 4121 3503 4176 erant,

1928 4208 2011 4263 vel
2041 4207 2204 4261 futuri
2232 4214 2387 4260 erant
2418 4214 2575 4256 tetate
2607 4202 2850 4271 juvenili,
2882 4204 3126 4269 quamvis
3174 4201 3304 4255 nihil
3333 4202 3509 4256 oberit

1927 4301 2089 4356 etiam
2132 4297 2178 4351 si
2223 4296 2324 4349 erit
2358 4294 2639 4355 infantilis,
2690 4292 2772 4346 vel
2814 4291 2996 4345 senilis
3042 4290 3282 4359 corporis
3316 4290 3506 4348 forma.

1929 4393 2018 4447 ubi
2062 4406 2160 4445 nec
2188 4389 2404 4453 mentis,
2448 4401 2547 4440 nec
2577 4386 2747 4454 ipsius
2783 4385 3024 4451 corporis
3065 4384 3170 4438 ulla
3214 4386 3512 4441 remanebit
3550 4382 3554 4387 ’

232 4493 420 4537 autem
445 4482 748 4549 ubicunque
780 4477 932 4540 ﬁunt.
965 4475 1036 4530 ibi
1057 4475 1299 4530 sciuntur
1336 4476 1420 4527 vix
1474 4490 1503 4526 a
1555 4484 1659 4529 tota
1710 4475 1821 4542 ipsa

1930 4483 2231 4537 infirmitas.
2267 4479 2417 4534 Unde
2446 4478 2606 4530 etiam
2638 4474 2683 4528 si
2711 4476 2828 4544 quis
2864 4474 2917 4527 in
2958 4488 3025 4528 eo
3064 4474 3305 4543 corporis
3346 4477 3509 4529 modo

234 4575 483 4635 civitate,
513 4570 592 4624 vel
623 4582 943 4639 quocunque
997 4565 1449 4621 commanentium
1504 4565 1642 4619 loco.
1688 4566 1821 4619 Nam

232 4667 561 4735 plerumque
589 4661 749 4715 etiam
777 4659 847 4713 ibi
880 4656 1184 4725 paucissimi
1233 4657 1412 4708 sciunt
1452 4655 1823 4724 ignorantibus

233 4755 476 4815 ceteris,
508 4755 739 4806 maxime
760 4751 806 4804 si
837 4764 1028 4818 magna
1058 4749 1126 4801 sit
1148 4747 1356 4810 civitas,
1399 4757 1451 4800 et
1481 4748 1696 4816 quando
1724 4747 1822 4801 ali-

234 4848 288 4900 bi
329 4845 561 4911 aliisque
610 4853 916 4902 narrantur,
944 4856 1047 4893 non
1081 4847 1222 4891 tanta
1250 4852 1311 4891 ea
1346 4839 1689 4892 commendat
1726 4853 1822 4892 au-

232 4938 504 4999 ctoritas,
561 4944 618 4988 ut
644 4936 762 4988 sine
813 4932 1129 4987 difficultate
1176 4931 1257 4983 vel
1315 4931 1650 4986 dubitatione
1710 4947 1827 4986 creo

231 5033 461 5092 dantur,
495 5027 735 5097 quamvis
763 5024 1081 5079 Christianis
1118 5019 1370 5077 ﬁdelibus
1400 5039 1429 5077 a
1460 5022 1703 5080 fidelibus
1749 5024 1824 5078 in.

234 5125 515 5179 dicentur.

800 5187 1025 5243 CAPUT
1066 5186 1269 5242 CLVII.

236 5311 321 5361 An
352 5306 423 5358 ad
454 5302 708 5357 Domim'ri
732 5303 962 5370 corporis
990 5300 1203 5354 modum
1234 5300 1459 5353 omnium
1489 5310 1823 5370 mortuorum

351 5390 583 5430 resurrec
607 5390 703 5426 τινα
726 5369 830 5425 sint
856 5389 1073 5440 corpora
1098 5389 1115 5437 ;
1150 5387 1212 5426 ea:
1238 5371 1413 5423 eodem
1441 5369 1569 5422 libro
1601 5387 1728 5423 χχιι.

313 5486 565 5542 Christus
594 5486 649 5540 in
692 5500 754 5539 ea
783 5498 1026 5539 mensura
1070 5484 1311 5550 corporis
1357 5482 1408 5534 in
1452 5496 1553 5550 qua
1584 5492 1827 5538 mortuus

238 5576 376 5654 [eat]
403 5577 721 5641 resurrexit,
746 5591 844 5632 nec
871 5577 948 5631 fas
970 5585 1050 5630 est
1078 5575 1278 5640 dicere,
1321 5590 1440 5628 cum
1474 5576 1825 5629 resurrectio-

240 5674 335 5725 nis
354 5672 595 5727 omnium
627 5678 836 5739 tempus
862 5669 1087 5737 venerit,
1119 5681 1452 5725 accessuram
1470 5668 1679 5739 corpori
1699 5668 1817 5737 ejus

1928 4576 1978 4629 in
2010 4589 2118 4642 quo
2159 4572 2443 4626 defunctus
2483 4578 2562 4622 est
2609 4576 3037 4621 resurrecturum
3078 4583 3512 4638 unumquemque

1925 4664 2219 4728 contendi',
2254 4677 2358 4715 non
2386 4668 2467 4714 est
2495 4674 2617 4713 cum
2651 4658 2742 4713 illo
2785 4657 3051 4711 laboriosa
3082 4660 3511 4717 contradictione

1928 4754 2289 4825 pugnandum.

2462 4840 2691 4896 CAPUT
2729 4839 2909 4893 CLIX.

1933 4943 2009 4995 Au
2050 4941 2101 4993 in
2145 4956 2237 4991 suo
2266 4953 2389 4992 seru
2414 4932 2766 4988 resuscitanda
2803 4943 2953 4997 atque
2981 4950 3219 4986 mansura
3250 4945 3366 4989 sunt
3395 4954 3515 4990 cor-

2166 5025 2296 5080 pora
2334 5009 2673 5079 feminarum;
2704 5019 2769 5057 ea:
2796 5005 2970 5055 eodem
2996 5006 3125 5058 libro
3158 5021 3294 5059 nn.

2000 5119 2250 5175 Nonnulli
2304 5126 2520 5186 propter
2582 5114 2682 5168 hoc
2736 5114 2874 5181 quod
2909 5115 3109 5169 dictum
3161 5127 3279 5180 est,
3334 5117 3512 5169 Donec

1933 5226 2275 5266 occurramus
2299 5222 2486 5262 omnes
2516 5207 2565 5259 in
2607 5206 2775 5259 virum
2802 5206 3091 5273 perfectum
3124 5205 3175 5258 in
3206 5219 3506 5259 mensuram

1935 5306 2108 5357 aetatis
2148 5299 2486 5369 plenitudinis
2535 5298 2773 5363 Christi,
2817 5308 2870 5351 et
2907 5296 3210 5351 conformes
3264 5295 3511 5363 imaginis

1937 5394 2053 5447 Filii
2084 5392 2198 5453 Dei,
2224 5405 2321 5443 nec
2352 5391 2404 5442 in
2435 5405 2566 5443 sexu
2600 5389 2827 5443 femineo
2850 5393 3242 5441 resurrecturas
3284 5383 3508 5437 feminas

1935 5484 2177 5544 credunt,
2200 5482 2290 5535 sed
2317 5482 2367 5535 iu
2398 5482 2533 5535 virili
2566 5496 2750 5533 omnes
2774 5479 2939 5544 aiunt,
2966 5476 3214 5545 quoniam
3253 5475 3393 5530 Dens
3422 5491 3512 5529 so-

1937 5581 2044 5635 lum
2079 5580 2250 5634 virum
2283 5578 2405 5633 fecit
2434 5593 2497 5631 ex
2524 5577 2672 5637 limo,
2706 5573 2953 5627 feminam
2986 5586 3049 5624 ex
3073 5570 3215 5631 viro;
3250 5572 3342 5625 sed
3376 5570 3506 5624 milii

1939 5673 2126 5727 melius
2154 5685 2344 5742 sapere
2371 5668 2614 5723 videntur
2653 5664 2740 5734 qui
2771 5673 3049 5730 utrumque
3088 5676 3276 5716 sexum
3327 5679 3509 5717 resur«
3568 5668 3569 5671 “
