3990 6180
499 265 602 318 ειη
1579 257 1637 314 n.
1682 223 1999 313 sucvrru
2042 257 2075 311 Α

2154 254 2332 310 IATIS
2369 255 2691 310 AFRICANI
3648 269 3730 320 803

496 389 764 433 recturum
789 390 908 430 esse
938 390 1042 429 non
1068 373 1334 429 dubitant.
1363 372 1476 426 Non
1499 373 1640 426 enim
1668 373 1831 425 libido
1863 372 1932 424 ibi
1966 372 2091 440 erit,
2126 374 2176 431 Α
2201 379 2346 425 certe
2373 371 2556 424 volens
2581 371 2717 424 sicut
2743 378 2949 438 poterat
2989 371 3214 428 delinire
3242 375 3447 439 Cicero,
3474 386 3631 432 tantus
3657 396 3736 432 au.

497 489 616 541 qua:
646 470 978 523 confusionis
1008 479 1090 522 est
1117 483 1274 521 causa
1310 485 1323 518 :
1361 481 1480 519 nam
1513 475 1818 533 prfusquam
1862 479 2080 531 pcccas-
2191 470 2312 514 ctor
2340 462 2572 530 ipsorum
2599 478 2611 512 :
2638 462 2780 514 Mens
2809 461 3051 530 qua-dam
3084 471 3190 528 est,
3224 464 3410 534 inquit,
3439 469 3597 522 soluta
3617 481 3659 523 et
3682 471 3734 523 li-

499 574 619 616 sent
663 562 787 615 tituli
819 569 990 621 erant,
1019 571 1073 614 et
1128 575 1232 611 non
1276 557 1763 619 con'imdehzmtur,
1803 557 1883 608 vir
1921 565 1975 609 et
2005 556 2083 606 fe-
2193 552 2316 604 bera
2341 593 2355 615 ,
2389 562 2596 605 secreta
2647 551 2714 603 ab
2753 553 2897 605 omni
2937 554 3274 607 co.=cretione
3324 557 3545 618 mortali,
3584 563 3736 614 omnia

500 656 666 708 mina.
697 652 1024 720 tiorpoiibus
1048 665 1175 718 ergo
1206 649 1313 702 illis
1338 649 1458 700 vitia
1490 649 1868 709 detrahentur,
1897 657 2084 699 natura
2190 643 2430 695 sentiens
2477 651 2532 695 et
2578 657 2819 706 movens,
2856 643 3081 712 ipsaque
3113 644 3332 711 pra'dita
3381 659 3521 700 moto
3563 655 3736 717 sempi-

499 748 838 809 st-rvabitur;
887 760 988 796 non
1025 754 1104 796 est
1151 753 1329 795 autem
1365 743 1547 794 vitium
1597 755 1756 796 sexus
1804 741 2084 801 femineus,
2193 742 2373 786 teino.
2415 733 2522 785 lloc
2547 743 2724 785 autem
2754 735 2952 800 reperit
2979 735 3030 787 in
3052 735 3304 789 doctrinis
3330 754 3623 806 rnagnorom
3647 745 3743 809 plii~

498 839 592 893 sed
621 850 834 897 natura,
882 850 1001 901 qua:
1034 848 1157 888 tunc
1197 834 1411 901 quidem
1461 843 1514 886 et
1558 849 1585 884 a
1632 834 1940 896 t'OllCllbilll,
1972 841 2026 885 et
2056 847 2086 884 a
2192 824 2563 889 losophorum.
2599 823 2663 878 Ut
2697 823 2857 892 igitur
2901 825 3194 878 soCtmdum
3240 827 3383 894 ipSos
3412 829 3461 880 lo
3485 845 3606 894 ,uar,
3633 850 3744 899 quo-

498 939 651 1000 partn
692 929 942 982 immunis
971 930 1110 991 erit;
1161 939 1317 979 erunt
1365 937 1540 978 tamen
1575 927 1810 979 tnetnhra
1856 923 2084 978 feminea
2193 914 2352 966 ιιιοάο
2375 915 2573 982 aliquid
2609 915 2690 968 vel
2720 917 2846 968 lalct
2880 915 3058 968 "milia
3082 917 3424 982 sentientem,
3452 922 3530 972 vel
3561 922 3742 974 iuret-0-

501 1040 606 1076 non
638 1021 1034 1075 accommodati
1079 1021 1195 1072 usui
1229 1020 1421 1082 veleri,
1455 1022 1545 1070 sed
1579 1018 1756 1071 decori
1791 1032 1949 1080 novo,
1979 1028 2077 1084 qud

2191 1004 2436 1058 t-abiliter
2481 1006 2614 1074 fugit
2662 1007 2839 1058 omnia
2886 1011 3227 1060 moventem?
3279 1008 3426 1064 Unde
3465 1011 3566 1078 jam
3608 1018 3745 1066 etiam

497 1131 601 1168 non
631 1113 896 1168 alliciatur
939 1111 1253 1179 aspicientis
1289 1110 1746 1179 concupiscentia,
1791 1124 1910 1177 qua:
1943 1107 2073 1160 nulla

2191 1095 2418 1163 qiuestio
2445 1097 2476 1149 il
2503 1113 2530 1147 ιι
2565 1097 2813 1150 ~olvenda
2855 1108 2954 1156 est.
2997 1114 3115 1167 qua:
3142 1099 3408 1152 difficilior
3438 1100 3631 1154 videtur
3655 1121 3745 1155 εω-

496 1207 621 1270 crit,
650 1205 740 1258 sed
772 1204 864 1257 Dei
897 1204 1140 1256 laudetur
1161 1203 1423 1270 sapientia
1463 1211 1622 1268 atque
1652 1200 1960 1266 clementia,
1996 1199 2086 1266 qui
2195 1186 2347 1250 teris,
2404 1186 2489 1239 ubi
2517 1189 2773 1255 qua-ritur
2800 1203 2920 1240 cum
2969 1202 3096 1242 caro
3140 1188 3332 1242 mortui
3366 1190 3584 1244 hominis
3609 1194 3745 1246 etiam

497 1307 552 1352 et
575 1296 715 1365 quod
748 1312 850 1350 non
877 1302 1030 1347 erant
1062 1293 1206 1358 fecit,
1257 1303 1311 1346 et
1361 1293 1606 1345 liberavit
1660 1306 1688 1343 a
1744 1293 2089 1357 corruptione
2192 1279 2416 1333 alterius
2456 1280 2512 1332 fit
2539 1281 2766 1333 viventis
2795 1295 2943 1348 caro,
2970 1281 3052 1334 cui
3083 1280 3259 1348 petius
3289 1296 3472 1335 eorum
3510 1283 3557 1336 in
3585 1299 3746 1337 resuro

500 1389 639 1456 ilum]
677 1387 825 1441 fecit,
873 1385 939 1440 Ut
989 1385 1130 1437 enim
1180 1385 1232 1436 in
1263 1383 1492 1437 exordio
1530 1380 1744 1448 generis
1776 1378 1992 1433 humani
2021 1379 2090 1433 de
2194 1369 2432 1423 rectiunc
2461 1370 2733 1422 reddatur.
2764 1370 2819 1423 Si
2854 1369 2996 1423 enim
3041 1369 3310 1437 quispiam
3339 1371 3602 1425 confectus
3625 1373 3745 1428 [ante

501 1477 666 1529 l.-tere
698 1475 1136 1528 viridum'entis
1182 1482 1330 1525 costa
1380 1472 1616 1524 detracta
1666 1469 1860 1524 femina
1919 1470 2087 1530 fieret,
2193 1470 2352 1531 atque
2401 1463 2714 1530 compulsus
2771 1471 3018 1516 vescatur
3065 1461 3423 1517 cadaveribus
3481 1463 3744 1529 hominum,

497 1566 770 1620 Christum
798 1576 848 1617 et
879 1564 1174 1617 Eccle~iam
1201 1561 1287 1614 tali
1319 1561 1457 1614 facto
1480 1560 1590 1628 jam
1626 1569 1749 1612 tunc
1783 1558 2040 1627 propheta
2076 1557 2089 1611 i
2194 1553 2334 1623 quod
2364 1553 2560 1605 malum
2589 1554 2868 1622 aliquoties
2891 1553 3173 1618 accidisse,
3200 1566 3253 1607 ct
3277 1565 3427 1608 vetus
3451 1565 3661 1610 testatur
3681 1558 3746 1609 hi-

498 1659 797 1726 0portehat.
831 1658 1002 1724 Sopor
1030 1653 1227 1724 quippe
1260 1653 1349 1706 ille
1389 1654 1486 1705 viri
1520 1669 1664 1704 nmrs
1710 1659 1828 1704 erat
1868 1648 2089 1714 Christi,
2197 1642 2361 1697 storia
2396 1651 2452 1696 et
2482 1654 2788 1697 nostrorum
2821 1653 3119 1712 temporum
3153 1645 3386 1699 infelicia
3415 1647 3746 1713 experimenta

498 1748 652 1817 cujus
677 1747 944 1802 exanimis
976 1747 1026 1798 in
1052 1761 1211 1799 cruce
1238 1743 1519 1812 pendentis
1543 1745 1678 1795 latus
1708 1743 1890 1795 lancea
1917 1744 2090 1809 ρει-ιο·
2127 1744 2168 1803 B
2196 1737 2522 1798 docuerant,
2553 1752 2678 1788 num
2709 1737 2992 1804 Quisquam
3021 1738 3256 1789 veridica
3307 1738 3508 1790 ratione
3553 1751 3746 1792 conten-

501 1854 671 1896 ratuut
695 1853 797 1904 est,
822 1852 981 1910 atque
1011 1841 1135 1893 inde
1164 1840 1383 1908 sanguis
1412 1848 1463 1891 et
1494 1851 1629 1903 aqua
1660 1836 1931 1906 proﬂuxit,
1966 1849 2088 1902 qua:
2195 1827 2284 1882 det
2307 1837 2475 1880 totum
2499 1828 2764 1897 digestum
2792 1828 2956 1880 fuisse
2981 1843 3074 1894 per
3097 1828 3232 1881 imos
3253 1842 3480 1895 meatus,
3505 1832 3623 1883 nihil
3648 1833 3747 1884 inde

500 1942 834 1986 sae-ramenta
865 1947 985 1984 esse
1015 1930 1258 1983 novimus
1287 1929 1480 1995 quibus
1509 1928 1802 1980 anlificatur
1828 1926 2087 1979 Ecclesia.
2198 1919 2248 1973 in
2277 1919 2392 1987 ejus
2417 1935 2633 1973 carnem
2671 1931 2928 1972 mutatum
2960 1931 3120 1988 atque
3143 1936 3486 1983 conversum,
3518 1938 3626 1974 cum
3658 1924 3747 1990 ipsa

500 2022 632 2076 Nam
663 2023 764 2075 hoc
792 2024 952 2076 etiam
980 2021 1142 2073 verbo
1173 2019 1446 2084 Scriptura
1475 2035 1567 2070 usa
1597 2027 1700 2080 est,
1737 2018 1822 2069 ubi
1859 2032 1964 2068 non
2009 2015 2089 2068 le-
2195 2010 2392 2063 macies
2423 2025 2544 2078 qua:
2574 2011 2689 2073 fuit,
2732 2020 2784 2062 et
2831 2025 2935 2062 non
2967 2019 3070 2074 est,
3116 2011 3248 2064 satis
3281 2011 3476 2064 indicet
3521 2030 3630 2076 qu:c
3664 2015 3747 2064 illis

499 2113 638 2182 gitur
668 2113 934 2172 formavit,
959 2122 1048 2163 aut
1075 2109 1246 2170 finxit,
1279 2108 1373 2162 sed
1399 2107 1683 2161 :ediftcavit
1721 2123 1839 2160 eam
1871 2108 1924 2161 in
1967 2123 2088 2160 mu-
2187 2103 2342 2156 escis
2391 2101 2716 2154 detrimenta
2769 2101 3016 2170 suppleta
3069 2101 3212 2153 sint?
3258 2101 3374 2154 Jam
3410 2104 3576 2169 itaque
3603 2103 3748 2168 aliqua

502 2206 719 2269 lierem;
769 2205 912 2258 unde
959 2211 1015 2258 et
1072 2202 1363 2270 Apostolus
1419 2200 1547 2253 dicit
1587 2217 1598 2251 :
1657 2199 2089 2253 Edilicationem
2195 2196 2351 2259 paulo
2374 2203 2493 2244 ante
2519 2191 2757 2260 praemisi
2789 2208 2905 2260 quae
2935 2192 3000 2245 ad
3035 2192 3193 2244 istum
3217 2209 3433 2260 quoque
3462 2195 3746 2245 nodtnnsol-

501 2297 741 2364 corporis
761 2296 981 2359 Christi,
1013 2296 1152 2363 quod
1181 2303 1264 2348 est
1287 2292 1546 2347 Ecclesia.
1571 2292 1826 2345 creatura
1857 2301 2092 2359 estergo
2195 2281 2426 2336 vendunt
2470 2283 2646 2335 valere
2698 2281 2992 2336 debebunt.
3043 2283 3313 2348 Quidquid
3355 2283 3491 2336 enim
3538 2301 3744 2335 carmqu

503 2389 598 2442 Dei
627 2387 843 2452 femina,
887 2387 1025 2440 sicut
1072 2384 1171 2449 vir,
1213 2383 1307 2438 sed
1360 2393 1416 2436 ut
1455 2381 1524 2437 de
1573 2382 1687 2436 viro
1727 2383 1876 2436 fieret
1917 2382 2094 2435 unitas
2193 2374 2439 2428 exhausit
2462 2373 2651 2436 fames,
2681 2375 2860 2442 utique
2888 2372 2937 2427 iu
2969 2389 3128 2427 auras
3155 2386 3238 2427 est
3278 2376 3598 2437 exhalarunt,
3627 2376 3744 2426 unde

500 2477 872 2533 commendata
897 2476 1334 2548 [estl;utautem
1359 2475 1450 2528 illo
1469 2473 1628 2527 modo
1651 2474 1801 2527 fieret
1821 2471 2092 2540 Christus,
2193 2468 2423 2522 diximus
2451 2469 2870 2533 omnipotentem
2923 2467 3089 2520 Deum
3120 2482 3279 2534 posse
3331 2483 3576 2522 revocare
3623 2467 3738 2533 quod

502 2581 559 2623 ιιι
588 2571 789 2624 dictum
842 2579 948 2631 est,
1003 2580 1056 2622 et
1111 2566 1349 2621 Ecclesia
1403 2565 1623 2633 figurata
1653 2574 1756 2618 cst.
1813 2566 1910 2631 Qui
1964 2579 2093 2632 ergo
2195 2561 2344 2630 fugit.
2383 2560 2657 2614 lteddetur
2681 2575 2810 2629 ergo
2839 2575 2964 2613 caro
2993 2561 3077 2614 illa
3105 2560 3307 2613 ho.uini
3333 2561 3385 2614 in
3417 2577 3515 2629 quo
3545 2576 3650 2614 e-se
3671 2579 3742 2611 ra-

501 2673 787 2729 utrumque
811 2675 996 2715 sexum
1031 2660 1281 2724 instituit,
1315 2668 1598 2728 utrumque
1631 2659 1901 2713 restituet.
1937 2657 2092 2712 Deni-
2194 2670 2254 2709 ro
2285 2653 2512 2706 humana
2545 2653 2792 2722 primitus
2815 2654 2998 2721 erepit,
3029 2653 3098 2705 ab
3121 2652 3212 2706 illo
3237 2653 3435 2722 quippe
3471 2652 3627 2705 altero
3653 2663 3745 2701 tau-

498 2767 604 2822 que
649 2753 765 2821 ipse
794 2751 949 2806 Jesus
983 2751 1339 2818 interrogatus
1369 2763 1398 2801 a
1445 2749 1773 2814 Sadduca-is,
1804 2749 1894 2816 qui
1929 2763 2090 2817 nega—
2193 2763 2351 2816 quant
2386 2759 2570 2801 mnino
2617 2756 2827 2811 sumpta
2875 2746 3179 2814 tle;‘utanda
3234 2757 3341 2811 est,
3371 2762 3487 2815 qua:
3533 2747 3658 2798 sicut
3681 2759 3741 2795 a-s

498 2847 630 2901 bant
672 2843 1124 2898 resurrectionem
1152 2859 1164 2892 :
1220 2839 1386 2909 Cujus
1441 2851 1646 2908 septem
1708 2840 1930 2893 fratrum
1991 2839 2094 2893 erit
2192 2839 2426 2892 al-enum
2450 2838 2499 2892 ei
2527 2837 2852 2891 redhibenda
2879 2849 2981 2902 εει,
3009 2838 3150 2891 unde
3167 2848 3380 2906 sumpta
3403 2847 3497 2894 est.
3523 2838 3616 2891 Sua
3638 2849 3741 2888 vero

503 2947 644 2988 uxor
671 2949 829 3004 quam
874 2932 1071 3001 singuli
1111 2931 1449 2985 habuerunt?
1481 2931 1604 2983 dtnu
1653 2931 1878 2999 quisque
1905 2944 2091 2983 eorum
2193 2931 2270 2983 illi
2312 2944 2469 2999 quem
2505 2928 2674 2982 fames
2709 2928 3029 2982 cxinanierit
3058 2927 3494 2999 [exinaniveratL
3517 2931 3577 2980 ab
3596 2943 3651 2980 eo
3670 2925 3739 2993 qui

500 3024 668 3078 vrllet
717 3022 952 3078 defuncti
1006 3037 1216 3089 semen,
1259 3021 1398 3075 sicut
1454 3021 1537 3075 lex
1580 3031 1904 3090 prmeeperat
1945 3018 2090 3074 ειιεὶ-
2196 3032 2372 3090 potest
2392 3021 2554 3074 etiam
2578 3019 2826 3074 exhalata
2856 3035 3114 3074 revocare
3144 3021 3423 3083 reddetur,
3456 3018 3674 3090 quamvis
3699 3025 3738 3068 cl

502 3125 617 3168 tare
652 3131 664 3167 :
701 3114 927 3178 Erratis,
987 3113 1175 3182 inquit,
1220 3112 1526 3167 nescientes
1575 3112 1879 3182 Scripturas
1921 3127 2092 3181 neque
2121 3100 2165 3161 C
2195 3114 2239 3166 si
2287 3113 2536 3165 otnnibus
2565 3111 2790 3179 perisset
2821 3111 3013 3171 modis,
3055 3127 3153 3166 nec
3184 3111 3293 3164 ulla
3316 3112 3430 3180 ejus
3460 3110 3678 3164 materies
3697 3108 3735 3159 in

505 3207 752 3262 virtutem
788 3207 914 3270 Dei;
948 3214 1002 3260 et
1043 3220 1161 3259 cum
1193 3205 1340 3259 locus
1366 3216 1511 3260 esset
1543 3215 1598 3258 ut
1631 3205 1854 3270 diceret,
1887 3205 1962 3259 De
1987 3220 2086 3272 qua
2195 3204 2320 3258 ullis
2353 3214 2557 3256 natura:
2587 3201 2742 3272 104,
2782 3201 3003 3255 latebris
3060 3203 3581 3266 reinansissct,unde,
3610 3199 3739 3250 vellet

501 3297 642 3349 enim
676 3310 760 3349 me
781 3297 1140 3363 interrogatis,
1161 3295 1241 3347 vir
1262 3295 1367 3348 erit
1388 3295 1547 3348 etiam
1573 3294 1710 3363 ipsa,
1735 3309 1839 3349 noo
1865 3293 2088 3357 mulier;
2193 3311 2311 3351 eam
2339 3305 2617 3363 repararet
2641 3295 3012 3361 Omnipotens.
3060 3293 3165 3347 Sed
3213 3304 3427 3360 propter
3460 3291 3736 3345 sententiain

502 3400 606 3438 non
635 3384 780 3455 [hoc]
809 3386 964 3448 dixit,
992 3385 1084 3438 sed
1112 3385 1246 3439 dixit
1277 3403 1289 3436 :
1319 3385 1374 3438 ln
1395 3387 1792 3440 resurrectione
1822 3386 1965 3439 enim
1997 3400 2090 3439 ne-
2195 3388 2453 3448 veritatis,
2482 3402 2582 3453 qua
2613 3385 2644 3439 d
2670 3395 2814 3438 ctum
2847 3397 2950 3452 εει,
2998 3383 3234 3452 Capillos
3261 3385 3454 3452 capitis
3486 3382 3629 3435 vestri
3655 3396 3736 3432 non

501 3491 607 3544 que
637 3475 855 3538 nubent,
883 3491 1054 3542 neque
1085 3489 1280 3528 uxores
1304 3476 1518 3538 ducent,
1552 3475 1646 3529 sed
1679 3486 1805 3529 sunt
1830 3475 1969 3530 sicut
1996 3492 2091 3529 an-
2195 3479 2407 3548 peribit,
2439 3477 2728 3531 absurdum
2755 3487 2838 3531 est
2868 3484 2925 3529 ιιι
2955 3485 3222 3544 putemus,
3256 3491 3378 3529 cum
3420 3472 3626 3543 capillus
3664 3472 3738 3523 lio-

501 3566 610 3636 geli
648 3567 738 3620 Dei
771 3566 824 3620 in
850 3567 1013 3622 coelo.
1046 3566 1302 3635 quuales
1335 3567 1514 3633 utique
1545 3567 1746 3636 angelis
1775 3567 2091 3622 immortali-
2194 3570 2353 3626 minis
2386 3571 2558 3639 perire
2575 3584 2682 3624 non
2707 3569 2895 3638 possit,
2929 3579 3104 3623 tantas
3129 3584 3327 3623 carnes
3353 3569 3488 3622 fame
3525 3567 3738 3634 depastus

507 3668 614 3712 tate
654 3673 718 3712 ac
748 3657 1016 3724 felicitate,
1049 3675 1156 3712 non
1186 3674 1349 3713 carne
1385 3660 1522 3713 sicut
1551 3675 1651 3712 nec
1674 3659 2090 3723 resurrectione,
2195 3674 2353 3728 atque
2380 3671 2729 3728 consumptas
2779 3664 2956 3728 perire
2986 3660 3244 3729 potuisse.
3295 3663 3495 3728 Quibus
3531 3657 3740 3733 omnibus

500 3767 604 3820 (1⁸⁸³
637 3765 740 3805 ηοη
774 3749 1116 3821 indiguerunt
1155 3751 1353 3820 angeli.
1404 3751 1655 3819 quoniam
1697 3765 1796 3805 nec
1837 3750 1972 3804 mori
2002 3765 2089 3819 ρο·
2196 3773 2294 3823 pro
2321 3768 2507 3812 nostro
2530 3756 2748 3810 modulo
2785 3755 3139 3810 consideratis
3170 3765 3336 3824 atque
3369 3754 3612 3813 tractatis,
3648 3751 3738 3802 haec

502 3853 739 3898 luerunt.
773 3843 993 3911 Nuptias
1021 3858 1149 3913 ergo
1193 3843 1448 3897 Dominus
1495 3844 1697 3898 futuras
1727 3843 1936 3913 negavit
1967 3857 2091 3898 esse
2194 3865 2402 3905 summa
2442 3850 2745 3913 conficitur,
2779 3847 2903 3902 utin
2930 3847 3334 3902 resurrectione
3353 3846 3525 3903 carnis
3547 3845 3593 3899 in
3614 3853 3740 3895 a-ter-

502 3937 555 3990 in
607 3935 1022 3997 resurrectione,
1059 3953 1162 3989 tton
1201 3935 1463 4002 feminas;
1498 3948 1554 3991 et
1613 3936 1685 3990 ibi
1733 3937 1967 4006 negavit,
2002 3936 2091 3990 ubi
2196 3959 2320 3996 num
2365 3957 2460 3996 eas
2514 3955 2795 3995 mensuras
2854 3939 3049 3994 habeat
3096 3953 3386 4007 corporum
3445 3935 3736 4008 magnitudo,

502 4027 621 4081 talis
650 4028 876 4095 qua'stio
909 4029 1243 4095 vertebatur,
1287 4039 1344 4083 ut
1371 4044 1490 4082 eam
1531 4038 1722 4098 negato
1743 4043 1874 4084 sexu
1904 4031 2092 4084 mulie-
2194 4049 2326 4104 quas
2351 4033 2580 4087 habebat
2606 4031 2972 4102 perficiendae,
2999 4032 3113 4085 sive
3139 4031 3395 4100 perfecta:
3417 4032 3650 4098 cujusque
3670 4028 3735 4078 in.

504 4119 582 4174 bri
608 4121 867 4174 celeriore
897 4120 1156 4175 facilitate
1205 4119 1547 4185 dissolveret,
1591 4126 1633 4174 si
1674 4136 1796 4174 eum
1841 4121 1910 4172 tbi
1953 4136 2093 4188 prae-
2193 4124 2558 4193 ditacorporis
2587 4122 2723 4176 ratio
2741 4122 3062 4191 juventutis,
3089 4122 3140 4176 in
3175 4123 3537 4177 membrorum
3558 4130 3734 4187 quoque

503 4223 752 4266 nosceret
797 4227 902 4265 non
946 4211 1212 4276 futurum;
1256 4211 1364 4266 imo
1393 4212 1554 4266 etiam
1587 4212 1821 4264 futurum
1846 4226 1967 4265 esse
1997 4214 2091 4264 lir-
2193 4217 2435 4270 omnium
2455 4213 2684 4269 modulis
2707 4229 2945 4283 congruo
2970 4214 3167 4268 decore
3187 4224 3424 4275 servato,
3449 4209 3578 4278 quod
3602 4208 3738 4261 decus

504 4306 666 4358 mavit
693 4304 942 4369 dicendo,
979 4320 1086 4358 non
1118 4305 1342 4368 nubent,
1393 4304 1538 4372 quod
1567 4304 1630 4355 ad
1660 4303 1886 4358 feminas
1927 4303 2090 4371 perti-
2195 4317 2253 4362 ut
2290 4319 2535 4362 servetur
2565 4306 2610 4359 si
2640 4305 2840 4374 aliquid
2872 4303 3145 4371 demptum
3191 4302 3353 4356 fuerit
3384 4300 3632 4356 indecenti
3659 4295 3736 4347 ali-

503 4407 615 4458 net,
659 4413 757 4450 nec
787 4412 980 4450 uxores
1028 4396 1248 4458 ducent,
1291 4396 1431 4464 quod
1465 4396 1528 4449 ad
1567 4397 1728 4450 viros.
1763 4395 1931 4450 Erunt
1961 4409 2092 4463 ergo
2195 4402 2280 4455 cui
2309 4399 2596 4468 granditati
2627 4399 2679 4451 in
2729 4407 2880 4466 parte
2925 4397 3100 4464 aliqua
3154 4397 3478 4459 constitute,
3509 4391 3738 4463 quodper

501 4504 622 4558 quze
656 4489 737 4544 vel
787 4488 986 4542 nubere
1027 4487 1112 4542 hic
1143 4490 1338 4551 solent,
1375 4489 1456 4542 vel
1487 4488 1689 4543 docere
1731 4502 1947 4554 uxores,
1988 4490 2083 4543 sed
2119 4481 2169 4542 Ι)
2194 4499 2362 4544 totum
2389 4499 2687 4558 spargatur,
2720 4497 2777 4540 ut
2803 4502 2978 4556 neque
3020 4487 3072 4540 id
3108 4497 3317 4555 pereat,
3349 4495 3400 4539 et
3420 4479 3734 4552 congruentia

501 4580 571 4633 ibi
602 4578 701 4634 huc
725 4594 828 4633 n0"
863 4579 1077 4633 l'at‘icnl.
2192 4581 2419 4650 partium
2453 4577 2650 4649 ubique
2691 4588 2956 4645 teneatur,
3009 4593 3112 4630 non
3165 4587 3248 4632 est
3276 4576 3559 4630 absurdum
3589 4583 3637 4624 ut
3659 4568 3739 4621 ali-

1079 4687 1307 4743 CAPUT
1347 4689 1506 4742 CLX.
2190 4673 2316 4743 quid
2352 4672 2475 4726 inde
2501 4673 2663 4725 etiam
2694 4681 2918 4724 statura:
2945 4670 3192 4738 corporis
3229 4668 3352 4721 addi
3387 4680 3540 4735 posse
3576 4660 3740 4715 creda-

506 4783 654 4848 Quod
690 4783 743 4834 in
783 4783 1153 4835 resurrectione
1193 4791 1510 4834 mortuorum
1578 4794 1766 4834 natura
1814 4798 2085 4851 Corporum
2193 4779 2334 4828 ωηεν
2359 4778 2479 4817 cum
2505 4761 2756 4815 οηιιιίὺυε
2786 4760 3046 4828 partiDUS,
3079 4769 3137 4811 ut
3159 4759 3411 4813 decorem
3441 4752 3734 4846 custodiant,

571 4851 871 4923 quibuslibet
922 4854 1084 4904 modis
1127 4855 1494 4923 dixsiputorunt
1547 4853 1599 4906 in
1642 4849 1910 4922 integrant
1941 4871 2084 4907 revo-
2189 4855 2240 4910 id
2265 4854 2638 4910 distribuitur:
2675 4851 2815 4920 quod
2843 4852 2886 4906 si
2916 4851 3213 4906 enormiter
3254 4849 3306 4902 in
3337 4862 3437 4901 una
3467 4853 3620 4906 esset,
3647 4852 3736 4893 ult-

572 4922 740 4973 cum“
771 4922 864 4984 δίη
892 4937 955 4973 ex
980 4923 1152 4974 eadem
1180 4922 1308 4976 “bro
1332 4938 1460 4976 ⁸³η·
2190 4964 2295 5018 que
2327 4962 2431 5000 non
2461 4945 2697 5000 deceret.
2731 4947 2838 4996 Aut
2878 4942 2923 4996 si
2955 4941 3296 4995 contenditur
3326 4940 3378 4994 in
3420 4953 3480 4992 ea
3505 4942 3739 5005 quemque

573 5033 726 5087 Absit
755 5031 977 5102 [autem]
1014 5043 1072 5086 ιιι
1096 5033 1162 5087 ad
1190 5034 1560 5089 resuscitanda
1601 5049 1829 5104 corpora
1851 5035 2086 5105 vitaeque
2193 5052 2396 5096 statura
2422 5040 2668 5110 corporis
2707 5046 3135 5092 resurrecturum
3179 5051 3324 5099 esse,
3367 5035 3419 5089 in
3445 5048 3541 5102 qua
3571 5028 3738 5083 defun-

504 5124 774 5180 reddenda
817 5139 921 5177 non
954 5124 1119 5192 possit
1162 5126 1546 5194 omnipotentia
1589 5127 1862 5182 Creatoris
1907 5126 2084 5182 omnia
2191 5147 2309 5189 ctus
2331 5146 2432 5197 est,
2461 5149 2566 5188 non
2597 5130 2909 5202 pugnaciter
2937 5130 3293 5184 resistendum
3319 5137 3419 5190 est,
3447 5134 3632 5178 tantum
3657 5117 3736 5170 abo

503 5232 754 5272 revocare
780 5231 898 5284 qum
939 5214 1018 5268 vel
1049 5214 1255 5278 bestiae,
1287 5217 1366 5270 vel
1394 5217 1529 5283 ignis
1553 5218 1858 5287 absumpsit
1886 5218 1938 5272 in
1969 5218 2079 5286 pul-

2193 5228 2263 5280 sit
2292 5227 2466 5280 omnis
2495 5224 2826 5287 deformitas,
2859 5221 3038 5275 omnis
3066 5221 3372 5283 infirmitas,
3405 5216 3571 5270 omnis
3597 5209 3735 5264 tardi-

507 5323 687 5363 verem
717 5311 1020 5361 cineremve
1057 5305 1375 5375 collapsum,
1406 5309 1490 5359 vel
1525 5311 1577 5360 in
1618 5309 1898 5364 humorem
1935 5309 2082 5363 solu-
2193 5327 2294 5377 ius,
2337 5317 2621 5381 omnisque
2650 5312 2951 5380 corruptio,
2997 5321 3049 5363 t-t
3078 5311 3123 5364 si
3151 5311 3276 5379 quid
3321 5308 3461 5362 aliud
3493 5302 3609 5359 illud
3648 5312 3734 5350 non

506 5410 646 5463 lum.
697 5400 779 5452 νει
831 5400 882 5452 in
930 5413 1088 5451 auras
1149 5407 1232 5452 εει
1281 5399 1625 5463 ειῑιιιιίιιιιηις
1669 5401 1810 5455 absit
1852 5411 1909 5454 υι
1941 5400 2090 5456 Silius
2196 5411 2350 5461 decet
2392 5421 2610 5476 regnum
2655 5405 2708 5458 in
2740 5420 2844 5473 quo
2874 5402 3286 5457 resurrectionis
3307 5409 3360 5454 et
3397 5388 3731 5466 promissionis

504 5492 645 5544 ullus
677 5501 1052 5559 secretumque
1098 5499 1302 5545 natura:
1344 5489 1415 5543 ita
1456 5490 1679 5560 recipiat
1715 5492 1918 5561 aliquid
1962 5493 2088 5546 sub-
2197 5499 2288 5553 lilii
2319 5499 2550 5568 aequales
2589 5505 2749 5553 erunt
2791 5496 2997 5565 angelis
3029 5496 3142 5563 Dei,
3183 5493 3228 5548 si
3259 5507 3360 5546 non
3388 5500 3618 5556 corpore,
3642 5496 3730 5534 no"

505 5592 732 5637 tractum
794 5585 1039 5639 sensibus
1095 5585 1332 5650 nostris,
1383 5594 1444 5638 ιιι
1507 5584 1746 5640 ninnium
1816 5586 2087 5641 Creatoris
2194 5601 2370 5653 mtate,
2401 5598 2546 5644 certe
2579 5589 2849 5643 felicitate.
2879 5587 3211 5641 ltestituetor
3255 5600 3379 5651 ergo
3408 5575 3642 5650 quidquid
3671 5573 3726 5624 de

505 5684 597 5727 aut
617 5676 973 5744 cognitionem
1001 5677 1180 5744 lateat,
1202 5687 1290 5732 aut
1313 5678 1528 5748 ellug'at
1549 5687 1886 5749 potestatem.
1915 5679 2082 5733 Deum
2192 5680 2506 5750 corporibus
2537 5678 2692 5738 ιιι-ῖς.
2718 5679 2796 5732 vel
2828 5687 2946 5747 post
2971 5687 3195 5731 mortem
3221 5669 3626 5733 decadat‘eribus
3652 5675 3726 5732 pe‘
