3986 6190
277 308 378 362 8119

1457 326 1882 387 THESAURUS.
1925 333 2074 388 CAP.
2119 335 2320 391 CLXII.

3412 356 3515 414 810

273 425 378 491 riit,
406 435 460 479 et
485 426 641 482 simul
670 443 788 484 cum
829 446 894 486 eo
933 434 1073 503 quod
1105 434 1155 487 in
1198 437 1455 505 sepulcris
1499 446 1754 498 remansit
1783 447 1832 499 in
1867 459 1903 507 Α
1940 462 2035 501 nec
2062 464 2400 505 commonere
2429 453 2891 530 [commemorare]
2913 478 2996 517 me
3027 465 3184 535 piget.
3229 471 3518 529 confitente

272 517 520 584 spiritalis
546 522 787 589 corporis
813 525 1098 580 ueritatem
1123 542 1186 581 ex
1221 529 1462 584 animalis
1484 536 1727 601 corporis
1754 551 1842 591 ve-

270 616 463 659 tustate
495 619 752 663 mutatum
795 626 1039 682 resurget
1085 618 1484 687 incorruptione
1530 633 1689 692 atque
1736 627 1837 679 im-

272 696 596 751 mortalitate
618 701 888 767 vestitum,
915 704 1009 756 sed
1039 714 1092 758 et
1122 707 1164 759 si
1198 708 1279 761 vel
1311 723 1434 762 casu
1465 711 1638 780 aliquo
1667 717 1835 783 gravi,

268 786 350 837 vel
381 785 716 843 inimicorum
749 791 1076 849 immanitate
1102 805 1267 850 totum
1298 802 1509 866 penitus
1532 816 1841 862 conteratur

267 891 318 942 in
345 878 637 944 pulverem,
673 888 832 951 atque
865 883 915 936 in
944 898 1123 949 auras,
1165 890 1247 942 vel
1279 890 1328 942 in
1354 905 1518 959 aquas
1540 895 1839 963 dispersum

263 978 518 1031 quantum
552 968 667 1021 fieri
697 978 894 1036 potest,
921 988 1177 1040 nusquam
1200 989 1321 1031 esse
1362 980 1406 1031 si
1450 989 1636 1035 natura
1662 985 1839 1038 omnia

265 1057 412 1108 nullo
436 1058 594 1111 modo
623 1059 861 1114 subtrahi
896 1065 1090 1129 poterit
1121 1068 1519 1135 omnipmentia:
1540 1071 1832 1142 Creatoris,

266 1146 359 1199 sed
387 1149 614 1216 capillus
642 1151 695 1203 in
727 1166 791 1205 eo
817 1153 1005 1220 capitis
1046 1170 1150 1208 non
1184 1158 1394 1223 peribit.
1441 1159 1555 1213 Erit
1576 1175 1704 1229 ergo
1732 1166 1840 1232 spi-

265 1240 383 1292 ritui
416 1240 626 1315 subdita
655 1255 782 1296 caro
810 1243 1083 1311 Spiritalis,
1107 1246 1200 1299 sed
1229 1258 1404 1302 tamen
1435 1264 1560 1304 caro
1601 1268 1703 1304 non
1733 1253 1837 1320 Spi-

262 1331 394 1382 ritus
424 1346 439 1383 :
472 1313 788 1387 sicutcarni
817 1335 1057 1390 subditus
1085 1336 1183 1392 fuit.
1208 1341 1558 1409 spiritusipse
1582 1345 1838 1410 carnalis,

261 1417 354 1471 sed
388 1428 564 1474 tamen
590 1422 811 1489 spiritus
842 1440 946 1478 non
975 1440 1119 1479 caro.
1150 1427 1315 1496 Cujus
1341 1432 1416 1485 rei
1451 1433 1709 1487 habemus
1741 1451 1834 1488 ex~

260 1509 623 1576 perimentum
654 1511 704 1565 in
731 1523 928 1567 nostra:
954 1529 1122 1582 pum-ai
1153 1517 1516 1574 deformitate.
1550 1521 1662 1576 Non
1691 1524 1833 1577 enim

256 1599 552 1653 secundum
583 1615 821 1667 carnem,
870 1604 967 1658 sed
1017 1607 1196 1675 utique
1241 1609 1533 1664 secundum
1588 1614 1832 1680 Spiritum

257 1690 499 1744 carnales
527 1702 699 1758 erant,
723 1694 914 1762 quibus
943 1697 1016 1749 ait
1039 1697 1365 1764 Apostolus:
1410 1700 1525 1754 Non
1561 1703 1704 1770 potui
1739 1720 1832 1758 vo-

1951 537 2268 609 Porphyrio,
2313 552 2471 612 atque
2507 545 2559 599 id
2591 550 2822 604 oraculis
2862 553 3082 608 deorum
3123 573 3339 614 suorntn
3391 579 3514 630 pro-

1948 628 2074 683 bare
2103 633 2370 701 cupiente,
2403 636 2517 704 ipsa
2549 641 2760 695 numina
2789 647 3199 711 perhorrescunt
3222 670 3234 704 :
3254 670 3410 722 quem
3441 661 3518 710 sic

1946 719 2203 785 laudavit,
2229 733 2285 777 ut
2309 741 2427 779 eum
2457 737 2510 781 et
2543 730 2707 785 Deum
2738 733 2948 790 Patrem
2991 747 3045 791 et
3072 756 3248 809 regem
3272 719 3516 799 vocaret.

1945 810 2098 863 Absit
2125 813 2266 866 enim
2291 825 2346 868 ut
2365 817 2440 869 sie
2472 819 2813 891 intelligenda
2837 826 2942 878 sint
2967 843 3084 896 quae
3113 833 3255 898 pra3d
3281 835 3356 886 xit
3384 853 3518 902 quo-

1946 901 2104 955 modo
2135 904 2317 958 volunt
2345 906 2396 960 hi
2427 911 2512 976 qui
2550 910 2650 965 hoc
2669 928 2786 967 cum
2821 919 3015 972 mundo
3038 936 3141 972 noti
3170 924 3518 979 crediderunt

1944 991 2082 1056 quod
2116 995 2370 1049 mundum
2417 1000 2742 1055 crediturum
2783 1019 2904 1059 esse
2935 1007 3196 1073 praadixit.
3232 1011 3339 1065 Cur
3365 1015 3508 1067 enim

1944 1098 2047 1136 non
2069 1085 2242 1150 potius
2259 1088 2328 1140 ita
2343 1089 2475 1143 sicut
2497 1093 2793 1149 crediturus
2814 1105 2960 1152 tanto
2978 1110 3100 1155 ante
3125 1104 3406 1170 prmdictus
3431 1118 3515 1161 est

1941 1174 2192 1241 mundus,
2223 1193 2326 1232 non
2355 1179 2489 1234 sicut
2520 1186 2827 1251 paucissimi
2863 1192 3118 1257 garriunt,
3144 1195 3232 1262 qui
3269 1197 3366 1250 hoc
3391 1212 3510 1252 cum

1942 1266 2141 1319 mundo
2170 1268 2308 1335 quod
2334 1270 2635 1327 crediturus
2666 1277 2949 1343 praedictus
2979 1290 3062 1334 est
3087 1285 3306 1340 credere
3330 1288 3511 1343 nolue-

1940 1355 2099 1407 runt?
2123 1355 2178 1410 Si
2207 1359 2347 1412 enim
2379 1371 2662 1429 propterea
2696 1366 2877 1422 dicunt
2913 1370 3018 1423 alio
3050 1375 3210 1428 modo
3231 1391 3350 1431 esse
3381 1395 3502 1433 cre-

1937 1445 2131 1511 denda,
2163 1462 2249 1512 ne,
2280 1450 2323 1502 si
2351 1451 2580 1506 dixerint
2616 1470 2749 1509 vana
2771 1472 2888 1513 esse
2907 1463 3228 1530 conscripta,
3262 1467 3507 1536 injuriam

1939 1536 2126 1591 faciant
2160 1539 2236 1592 illi
2267 1541 2396 1609 Deo,
2426 1543 2510 1597 cui
2541 1553 2644 1598 tam
2679 1563 2922 1616 magnum
2963 1552 3243 1618 perhibent
3273 1558 3511 1611 testimo—

1935 1629 2104 1695 nium,
2137 1640 2334 1686 tantam
2366 1648 2584 1702 prorsus
2617 1639 2688 1704 ei,
2740 1641 2821 1694 vel
2872 1643 3030 1696 etiam
3080 1646 3376 1712 graviorem
3433 1651 3509 1704 fa-

1934 1720 2083 1772 ciunt
2131 1722 2376 1791 injuriam
2425 1727 2468 1780 si
2527 1730 2683 1783 a!iter
2729 1731 2911 1788 dicunt
2963 1751 3082 1791 esse
3140 1739 3503 1810 intelligenda.

257 1779 335 1832 bis
365 1780 510 1850 loqui
540 1781 687 1850 quasi
718 1784 1068 1852 spiritalibUS,
1103 1787 1194 1842 sed
1224 1790 1374 1857 quasi
1399 1793 1723 1846 cam-dibus-
1757 1795 1821 1848 Εῑ
1855 1809 1897 1866 Β
1927 1824 2029 1861 non
2070 1779 2208 1865 sicut
2239 1815 2467 1868 mundus
2494 1832 2554 1870 ea
2585 1821 2808 1875 credidit
2832 1838 2987 1890 quem
3017 1779 3339 1882 crediturtn:
3384 1847 3504 1888 esse

257 1874 419 1928 hoino
453 1875 731 1943 Spiritalis,
784 1877 862 1932 sic
907 1880 957 1932 in
1012 1880 1110 1935 hac
1149 1883 1252 1936 vita
1283 1883 1499 1950 dieitur,
1542 1899 1597 1939 ut
1649 1896 1824 1943 tamen

254 1981 482 2028 corpore
516 1968 688 2022 adhuc
716 1971 948 2025 carnalis
976 1971 1064 2039 sit,
1089 1984 1141 2026 et
1171 1973 1350 2028 videat
1383 1976 1538 2029 aliam
1570 1978 1740 2049 legem
1775 1982 1824 2033 in

253 2059 509 2112 membris
539 2060 648 2112 suis
676 2071 1055 2128 repugnantem
1075 2063 1178 2131 legi
1211 2063 1403 2118 mentis
1432 2081 1566 2120 suae.
1593 2067 1710 2121 Erit
1731 2084 1824 2122 au-

253 2159 356 2203 tem
389 2153 548 2203 etiam
577 2165 801 2220 corpore
830 2153 1088 2221 spiritalis
1115 2152 1237 2210 cum
1269 2157 1454 2212 eadem
1485 2174 1609 2213 caro
1636 2161 1712 2215 sic
1743 2177 1826 2215 rc-

249 2239 484 2292 surrexit
514 2248 570 2292 ut
601 2242 692 2293 fiat
720 2242 862 2310 quod
891 2243 1148 2311 scriptum
1201 2255 1282 2299 est
1312 2259 1326 2299 :
1369 2247 1676 2304 Seminatur
1705 2264 1824 2305 cor-

250 2343 350 2396 pus
372 2331 625 2395 animale,
651 2343 891 2402 resurget
918 2349 1110 2402 corpus
1123 2337 1383 2405 spiritale.
1406 2340 1535 2405 Quae
1555 2343 1626 2394 sit
1644 2352 1822 2396 autem

247 2429 303 2473 ct
319 2435 477 2486 quam
499 2437 684 2491 magna
707 2425 960 2492 Spiritalis
981 2440 1110 2496 corp
1130 2428 1219 2481 ;ris
1242 2431 1426 2500 gratia,
1444 2433 1565 2500 quia
1589 2434 1820 2488 nondum

246 2511 395 2563 venit
443 2513 494 2564 in
541 2514 986 2581 experimentum,
1029 2532 1216 2572 vereor
1259 2535 1326 2574 ne
1370 2526 1706 2578 temerarium
1749 2526 1820 2579 sit

245 2615 406 2654 omne
434 2602 574 2670 q-rod
598 2602 664 2657 de
692 2604 776 2657 illa
805 2607 1070 2674 profertur
1093 2609 1383 2679 eloquium.
1407 2642 1478 2654 —-
1509 2613 1584 2668 De
1605 2616 1824 2670 novitate

245 2693 478 2757 corporis
519 2693 766 2760 spiritalis
784 2734 800 2762 ,
842 2697 892 2748 in
922 2714 1020 2766 qua
1049 2711 1346 2753 sanctorum
1375 2718 1492 2756 caro
1518 2707 1820 2762 mutabitur.

247 2781 331 2834 Ea:
357 2784 532 2836 eodem
561 2786 690 2838 libro
721 2788 783 2840 de
811 2787 1027 2844 Civitate
1056 2791 1154 2846 Dei
1173 2810 1301 2848 uti.
1327 2797 1536 2852 —-Cum
1565 2799 1677 2854 haec
1699 2815 1822 2869 pro-

243 2876 435 2928 missio
477 2878 851 2949 complebitur,
905 2884 1032 2952 quid
1071 2887 1312 2941 erimus?
1356 2892 1539 2957 quales
1579 2894 1821 2948 erimus?

241 2981 365 3032 quae
395 2967 530 3019 horia
556 2967 606 3020 in
640 2969 734 3023 illo
765 2986 929 3042 regno
957 2980 1226 3046 accepturi
1246 2995 1460 3047 sumus,
1490 2985 1821 3055 quandoqui-

242 3060 367 3112 dem
395 3058 608 3116 CtiriSto
630 3064 891 3121 moriente
921 3082 1016 3137 pro
1050 3071 1203 3126 nobis
1229 3074 1334 3128 tale
1363 3074 1472 3143 jam
1505 3076 1693 3145 pignus
1731 3093 1822 3132 ac-

1929 1898 2206 1968 laudavit,
2270 1905 2386 1971 ipsc
2437 1909 2724 1975 promi~it,
2782 1912 2894 1980 ipse
2947 1919 3257 1984 complevit.
3309 1921 3503 1978 Verum

1929 1985 2077 2058 [Cur]
2101 1991 2242 2043 enim
2275 2007 2378 2046 non
2424 2005 2599 2063 potest
2637 1999 2813 2056 facere
2843 2013 2895 2054 ut
2925 2017 3165 2074 resurgat
3193 2022 3320 2063 caro
3347 2021 3398 2064 et
3430 2015 3506 2066 vi-

1929 2085 2010 2126 vat
2038 2076 2090 2129 in
2126 2086 2408 2148 mternum,
2441 2099 2506 2137 an
2537 2095 2816 2154 propterea
2855 2094 3175 2149 credendum
3209 2114 3312 2152 non
3343 2111 3424 2154 est
3457 2103 3504 2155 id

1926 2177 2046 2216 eum
2075 2180 2192 2221 eSse
2217 2170 2499 2237 facturum,
2524 2177 2644 2244 quia
2692 2180 2890 2235 malum
2922 2192 3005 2236 est
3045 2195 3202 2254 atque
3230 2189 3503 2259 indignum

1931 2253 2081 2308 Deo?
2110 2259 2202 2311 sed
2232 2259 2298 2314 de
2325 2265 2709 2332 omnipotentia
2742 2270 2858 2336 ejus
2889 2287 2987 2340 qua
3018 2283 3091 2328 tot
3112 2253 3165 2328 et
3193 2253 3506 2336 tanta-favit

1927 2344 2274 2414 incredibilia,
2301 2349 2414 2418 jam
2443 2355 2604 2410 multa
2634 2355 2884 2414 diximus.
2934 2363 2989 2416 Si
3040 2366 3225 2422 volunt
3267 2371 3505 2427 imeuirc

1924 2436 2062 2501 quod
2093 2441 2428 2508 omnipotens
2459 2461 2562 2499 non
2615 2458 2808 2516 potest,
2866 2451 3063 2508 habent
3115 2473 3358 2526 prorsus,
3405 2482 3505 2533 ego

1925 2527 2096 2582 dicam
2125 2548 2138 2584 :
2171 2533 2381 2590 Meotiri
2408 2554 2510 2591 non
2543 2551 2736 2609 potest.
2768 2544 3058 2601 Credamus
3083 2564 3211 2620 ergo
3239 2556 3379 2622 quod
3408 2527 3502 2624 ρῖι-

1925 2626 2058 2683 test,
2111 2639 2215 2678 non
2264 2628 2532 2684 credendo
2580 2633 2719 2702 quod
2771 2652 2876 2691 non
2931 2652 3121 2706 potest.
3162 2643 3275 2698 Non
3327 2649 3502 2715 itaque

1924 2714 2207 2772 eredeutes
2252 2722 2391 2789 quod
2427 2725 2636 2779 mentiri
2691 2731 2888 2796 possit,
2938 2733 3161 2789 credant
3210 2752 3330 2794 esse
3386 2740 3496 2795 fac-

1926 2815 2128 2873 turum,
2175 2811 2315 2878 quod
2358 2829 2416 2868 se
2461 2815 2723 2872 facturum
2750 2834 2868 2875 esse
2897 2828 3164 2891 promisit,
3198 2839 3248 2881 et
3275 2833 3352 2885 εἷς
3380 2849 3501 2887 c:e-

1922 2896 2083 2963 dant,
2140 2900 2275 2954 sicut
2320 2903 2372 2956 id
2419 2906 2645 2962 credidit
2691 2913 2920 2968 mundus
2967 2933 3122 2984 quem
3173 2921 3495 2978 Crediturum

1925 2987 2204 3054 praedixit,
2264 3008 2419 3058 quem
2477 2997 2802 3055 crediturum
2852 3019 2971 3060 esse
3019 3009 3286 3077 laudavit,
3336 3030 3494 3082 quem

1920 3075 2245 3133 crediturum
2277 3095 2395 3136 esse
2442 3087 2701 3156 promisit,
2734 3106 2889 3159 quem
2922 3097 3215 3154 credidsse
3257 3100 3366 3170 jam
3413 3123 3499 3158 os-

2442 3147 2454 3151 -
2690 3147 2699 3156 ,
2752 3147 2764 3159 .
3128 3147 3214 3154 --ν
3414 3147 3473 3158 .,.,

242 3147 520 3213 cepimus?
549 3149 728 3214 Qualis
771 3154 874 3206 erit
902 3155 1120 3222 Spiritus
1167 3158 1418 3228 hominis,
1452 3166 1652 3218 nullum
1695 3181 1813 3220 om-
1841 3175 1884 3233 (ἶ
1917 3165 2104 3219 tendit.
2138 3168 2247 3223 Hoc
2297 3181 2472 3227 autem
2520 3177 2715 3230 malum
2769 3195 2888 3236 esse
2938 3186 3076 3239 unde
3125 3188 3496 3249 demonstra”.

244 3239 375 3289 nino
398 3238 600 3293 habens
639 3241 850 3309 vitium,
885 3259 984 3299 nec
1013 3247 1110 3301 sub
1137 3264 1242 3316 quo
1267 3251 1463 3319 jaceat,
1495 3269 1593 3309 nec
1622 3258 1706 3310 cui
1739 3274 1821 3314 ce-

248 3326 373 3389 dat,
411 3341 509 3381 nec
537 3341 720 3384 contra
766 3334 906 3398 quod
955 3336 1143 3391 saltem
1192 3340 1529 3398 laudabiliter
1580 3346 1816 3416 dimicet,

244 3418 585 3485 pacatissima
625 3423 822 3478 virtute
862 3429 1162 3494 perfectus!
1214 3432 1412 3488 Rerum
1465 3438 1534 3490 ibi
1582 3443 1819 3495 otnnium

241 3516 468 3575 quanta,
509 3527 666 3579 quam
704 3516 970 3583 speciosa,
1009 3535 1166 3587 quam
1197 3534 1340 3577 certa
1385 3527 1604 3582 scientia
1640 3573 1654 3596 ,
1703 3531 1821 3587 sine

241 3613 432 3654 errore
469 3601 644 3671 aliquo
675 3604 761 3658 vel
799 3605 1003 3674 labore,
1034 3609 1121 3663 ubi
1155 3611 1246 3665 Dei
1291 3615 1549 3681 sapientia
1586 3619 1652 3672 de
1702 3621 1820 3688 ipso

242 3704 344 3742 suo
387 3691 533 3745 fonte
577 3694 865 3761 potabitur,
912 3712 1032 3753 cum
1063 3715 1270 3756 summa
1319 3703 1571 3762 felicitate
1614 3719 1667 3763 et
1704 3715 1820 3768 sine

244 3781 349 3833 ulla
372 3780 719 3838 difficultate!
751 3787 916 3851 Quale
954 3793 1055 3843 erit
1102 3805 1294 3861 corpus
1325 3796 1464 3863 quod
1511 3799 1820 3855 omnimodo

243 3872 456 3937 spiritui
484 3875 775 3940 subditum,
798 3889 851 3931 et
879 3894 944 3933 eo
970 3882 1300 3938 sufﬁcienter
1331 3887 1673 3954 vivificatum,
1703 3893 1819 3945 nul.

248 3963 314 4015 lis
337 3965 606 4019 alimoniis
632 3969 919 4037 indigebit!
966 3971 1080 4026 Non
1112 3976 1252 4028 cnim
1285 3977 1537 4044 animale,
1569 3982 1663 4036 sed
1710 3986 1817 4054 spi-

247 4055 402 4107 male
431 4055 552 4120 erit,
586 4057 786 4112 habens
815 4060 1029 4128 quidem
1058 4067 1254 4133 carnis,
1288 4069 1380 4124 sed
1421 4070 1539 4126 sine
1568 4073 1670 4127 ulla
1700 4090 1817 4131 car-

248 4145 355 4198 nali
384 4149 724 4217 corruptione
747 4151 1118 4210 substantiam.

821 4263 1048 4322 CAPUT
1085 4267 1242 4325 CLXI

245 4342 326 4398 De
356 4348 640 4430 pervicacia
670 4356 1004 4438 quorumdam
1044 4361 1132 4422 qui
1160 4366 1578 4438 resurrectionem
1619 4374 1811 4438 carnis,

313 4433 486 4480 quant,
505 4421 630 4472 sicut
652 4425 948 4490 piwdictum
987 4421 1079 4494 est,
1111 4438 1241 4485 totus
1267 4437 1486 4489 mundus
1515 4421 1813 4507 credin-ri:

317 4501 567 4554 pugnant.

318 4600 513 4654 Verum
559 4603 624 4657 de
673 4605 836 4661 animi
868 4609 1021 4664 bonis
1051 4613 1242 4680 quibus
1296 4627 1415 4685 post
1470 4619 1606 4676 hanc
1653 4623 1814 4680 vitam

238 4692 586 4747 beatissimus
612 4697 931 4767 perfruetur,
965 4716 1069 4755 non
1096 4718 1123 4755 a
1154 4706 1306 4760 nobis
1345 4709 1668 4767 dissentiunt
1699 4717 1814 4782 phi-

235 4782 451 4851 losophi
488 4783 731 4840 nobiles:
764 4787 831 4840 de
866 4792 1040 4844 carnis
1058 4797 1812 4874 resurrectionecontendunt,

234 4873 383 4925 hanc
409 4882 664 4940 quantum
699 4886 920 4943 possunt
943 4891 1158 4950 negant.
1190 4886 1294 4939 Sed
1324 4889 1605 4948 credentes
1633 4897 1814 4964 multi,

232 4973 497 5032 negantes
539 4970 886 5035 paucissimos
933 4973 1291 5042 reliquerunt;
1330 4989 1384 5032 et
1424 4982 1491 5035 ad
1519 4982 1814 5056 Christum,

231 5055 325 5121 qui
363 5051 464 5106 hoc
498 5057 636 5121 quod
681 5057 797 5110 istis
825 5059 1034 5115 videtur
1077 5070 1123 5115 al
1146 5067 1390 5136 surdum,
1424 5070 1477 5123 in
1506 5087 1599 5125 sua
1633 5051 1814 5130 resur;

229 5144 484 5200 rectione
507 5149 840 5214 mons1ravit,
873 5150 1014 5205 fideli
1037 5154 1200 5209 corde
1239 5161 1481 5214 conversi
1511 5173 1637 5217 sunt
1669 5165 1812 5220 docti

229 5247 286 5291 et
321 5236 548 5302 indocti,
577 5239 843 5307 sapientes
871 5245 1049 5298 mundi
1077 5257 1129 5300 et
1161 5247 1493 5317 insipientes.
1526 5255 1637 5312 lloc
1667 5261 1808 5314 enim

227 5331 412 5384 credit
444 5332 695 5398 mundus,
738 5336 876 5403 quod
925 5339 1168 5405 praedixit
1193 5343 1352 5411 Deus,
1383 5349 1470 5414 qui
1520 5352 1678 5406 etiam
1711 5354 1809 5409 hoc

232 5422 513 5491 prmdixit,
537 5424 675 5491 quod
707 5424 841 5480 hanc
869 5442 980 5481 rem
1020 5434 1249 5488 mundus
1280 5435 1452 5491 fuerat
1483 5443 1803 5500 crediturus.

228 5515 423 5582 Neque
470 5514 610 5567 enim
645 5514 785 5569 Petri
836 5517 1480 5594 [Porphyrii]ma|eficiis,
1520 5547 1636 5586 eam
1687 5550 1806 5588 cum

230 5604 394 5660 laude
421 5603 756 5659 credentium
785 5617 934 5664 tanto
963 5621 1087 5667 ante
1113 5620 1468 5682 pramuntiare
1503 5627 1808 5690 compulsus

236 5707 340 5752 est.
372 5694 461 5751 lllc
477 5697 715 5751 estenitn
737 5698 896 5763 Deus,
931 5718 1088 5769 quem
1109 5706 1247 5760 sicut
1268 5707 1376 5776 jam
1393 5711 1497 5766 dixi
1529 5716 1807 5783 aliquoties

615 5813 876 5874 ΡΑτιιοι..
918 5816 1107 5880 LXII.

1919 3256 2372 3335 {demonstravitq
2389 3265 2411 3316 ‘I
2431 3281 2534 3320 non
2556 3269 2656 3322 erit
2673 3270 2780 3326 illic
2798 3274 2903 3328 ulla
2933 3283 3226 3348 corruptio,
3252 3290 3391 3351 quod
3415 3296 3498 3342 est

1918 3350 2157 3417 corporis
2188 3355 2404 3407 malum.
2452 3357 2525 3412 De
2550 3361 2736 3417 ordine
2775 3364 3158 3424 elementorum
3185 3374 3292 3441 jam
3319 3377 3497 3447 diSpu-

1919 3441 2171 3508 tavimus,
2199 3445 2264 3499 de
2295 3447 2410 3502 aliis
2437 3449 2706 3506 hominum
2734 3457 3056 3525 eonjecturis
3079 3468 3208 3518 satis
3233 3469 3458 3524 diximu~
3477 3517 3492 3540 ,

1917 3541 2114 3597 quanta
2163 3536 2229 3587 sit
2262 3536 2434 3591 l’utura
2478 3538 2530 3593 in
2571 3557 2796 3612 corpore
2846 3548 3234 3621 iucorruptibili
3268 3536 3494 3616 factitas

1920 3635 2115 3688 motus,
2137 3626 2205 3681 de
2225 3632 2502 3695 praesentis
2524 3634 2676 3689 bona:
2708 3640 3023 3697 valetudinis
3046 3653 3491 3718 temperamento,

1918 3727 2036 3782 qua:
2067 3718 2247 3786 utique
2277 3723 2420 3776 nullo
2452 3724 2611 3780 modo
2652 3728 2728 3781 illi
2774 3737 3130 3799 comparanda
3161 3751 3242 3791 est
3273 3742 3494 3798 immor-

1920 3803 2130 3871 talitati,
2156 3808 2206 3860 in
2231 3809 2365 3864 libro
2391 3817 2549 3867 tertio
2576 3815 2783 3872 decimo
2808 3822 2960 3890 satis,
2991 3834 3046 3876 ut
3073 3828 3288 3895 opinor,
3313 3845 3492 3888 osten—

1917 3893 2116 3952 dimus.
2149 3898 2350 3970 Legam
2377 3907 2649 3972 superiora
2689 3911 2869 3978 operis
2913 3913 3089 3984 lmjus,
3141 3922 3228 3988 qui
3263 3893 3350 3979 vel
3384 3942 3487 3983 non

1919 3987 2186 4057 legerunt,
2211 3992 2294 4047 vel
2320 3995 2500 4051 volunt
2531 4003 2771 4058 recolere
2797 4006 2937 4073 quod
2970 3987 3233 4078 legerunt.

2469 4107 2694 4167 CAPUT
2732 4113 2931 4172 CLXII.

1920 4192 2184 4258 Quomodo
2211 4196 2490 4278 Porphyrii
2517 4204 2746 4269 definitio
2776 4209 2935 4276 ipsius
2971 4211 3204 4272 Platonis
3235 4226 3482 4278 sententia

2239 4273 2568 4338 destruatur;
2594 4291 2655 4327 ex
2676 4273 2852 4331 eodem
2874 4281 3002 4335 libro
3033 4301 3167 4340 uti.

1988 4357 2092 4412 Sed
2126 4358 2450 4431 Porphyrius
2488 4367 2583 4430 ait,
2615 4367 2878 4439 inquiunt,
2910 4383 2970 4428 ut
2995 4376 3145 4431 beata
3190 4381 3260 4435 sit
3285 4385 3481 4451 anima,

1917 4460 2109 4527 corpus
2146 4464 2266 4506 esse
2319 4468 2476 4508 omne
2523 4456 2850 4526 fugiendum.
2897 4465 3035 4522 Nihil
3088 4485 3216 4540 ergo
3269 4479 3488 4542 ριοιιιιδι

1847 4523 1938 4604 In
1968 4541 2089 4607 quia
2144 4541 2544 4613 incorruptiliile
2582 4523 2822 4609 diximus
2870 4557 3102 4614 futurum
3149 4523 3392 4639 corpus)
3443 4575 3485 4625 si

1918 4629 2091 4682 anima
2125 4631 2272 4686 beata
2305 4649 2407 4688 non
2439 4638 2559 4703 erit,
2585 4643 2683 4695 nisi
2703 4657 2860 4700 omne
2880 4662 3073 4715 corpus
3096 4652 3354 4722 effugerit.
3373 4629 3485 4715 'Scd

1913 4719 2023 4787 jam
2053 4730 2106 4775 et
2139 4724 2260 4779 hinc
2288 4728 2336 4779 in
2367 4728 2502 4783 libro
2528 4745 2824 4790 memorato
2846 4754 3096 4805 quantum
3126 4719 3360 4813 oportuit
3382 4753 3487 4805 dis-

1921 4812 2115 4876 putavi.
2143 4813 2335 4868 Verum
2361 4817 2445 4872 hic
2469 4834 2630 4874 ttnnm
2647 4823 2770 4879 inde
2793 4836 2992 4883 tantum
3015 4812 3482 4898 commemorabo:

1919 4902 2168 4956 emendet
2189 4904 2352 4960 libros
2383 4922 2508 4964 suos
2538 4911 2758 4969 istorum
2774 4921 3008 4976 omnium
3035 4929 3284 4995 magister
3314 4933 3482 5002 H.110,

1918 4999 1971 5043 et
2021 4992 2162 5046 dicat
2215 5011 2398 5051 eorum
2453 5001 2616 5067 deos,
2665 5015 2721 5059 ut
2764 5009 2899 5063 beati
2931 5013 3066 5081 sint,
3125 4992 3216 5072 sua
3260 4992 3482 5091 corpora

1917 5081 2195 5148 fugituros,
2230 5085 2279 5138 id
2311 5098 2412 5151 est,
2443 5105 2563 5145 esse
2592 5096 2903 5166 morituros,
2942 5118 3074 5172 quos
3097 5107 3148 5162 in
3179 5113 3484 5169 caelestibus

1915 5172 2232 5238 corporibus
2265 5177 2398 5232 dixit
2425 5179 2680 5248 inclusos,
2717 5189 2907 5256 quibus
2954 5201 3131 5251 tamen
3163 5200 3292 5254 deus
3321 5219 3349 5256 a
3378 5221 3482 5273 quo

1913 5257 2037 5314 facti
2067 5273 2210 5331 sunt,
2244 5283 2347 5335 quo
2386 5283 2602 5338 possent
2640 5291 2759 5332 esse
2786 5283 2960 5335 securi
3001 5257 3478 5356 immortalitatem,

1912 5351 1964 5404 id
1987 5363 2087 5419 est,
2113 5355 2165 5408 in
2193 5358 2394 5414 eisdem
2423 5367 2738 5431 corporibus
2754 5381 3006 5427 aeternam
3023 5381 3470 5444 permansionem.

1913 5460 2017 5499 non
2049 5463 2231 5505 eorum
2259 5464 2442 5508 natura
2476 5457 2525 5510 id
2559 5462 2712 5531 105
2742 5463 2989 5529 habente,
3023 5469 3115 5521 sed
3138 5485 3234 5522 suo
3252 5477 3476 5528 consilm

1913 5539 2256 5604 przevalente.
2297 5547 2560 5612 promisit,
2606 5553 2690 5602 ubi
2721 5552 2883 5604 etiam
2926 5555 3056 5607 illud
3105 5561 3293 5612 evertit
3339 5568 3474 5628 quod

1911 5627 2112 5694 dicunt,
2137 5635 2386 5699 quoniam
2401 5646 2480 5691 est
2502 5637 2866 5707 impossibilia,
2892 5642 3011 5696 ideo
3032 5653 3475 5707 resurrectionem

1913 5723 2089 5776 carnis
2139 5740 2239 5778 non
2297 5742 2415 5782 esse
2453 5729 2797 5784 credendam.
2860 5736 3213 5802 Apertissinie
3262 5743 3475 5812 quippe,

2994 5849 3072 5906 36
