3990 6180
1547 346 1610 402 D.
1653 345 1973 402 EUGYPPII
2016 344 2302 402 ABBA'I‘IS
2341 344 2659 402 AFRICANI

3602 347 3703 401 8ίὲ

459 465 607 530 juxta
636 461 887 518 eumdem
912 462 1307 532 philosophum.
1340 461 1429 516 ubi
1458 461 1559 515 diis
1585 476 1613 515 a
1642 475 1700 514 se
1722 459 1873 515 Iactis
1902 475 2025 529 pro-
2057 458 2107 518 Α
2133 457 2402 513 Redibunt
2448 459 2512 512 ad
2559 468 2818 525 corpora;
2851 455 2993 510 dicat
3022 455 3171 511 Plato
3200 472 3319 510 cum
3349 456 3642 528 Porphyrio
3689 478 3703 511 :

468 553 611 607 misit
643 558 776 614 deus
803 575 908 613 non
937 559 1104 611 factus
1135 556 1608 621 immortalitatem,
1655 556 1795 624 quod
1842 557 2041 622 impos-

462 644 619 700 sibile
638 657 740 711 est,
765 663 823 701 se
837 646 970 699 dixit
997 660 1117 700 esse
1145 645 1425 699 facturum.
1454 643 1545 699 Sic
1564 644 1706 699 enim
1737 658 1857 697 eum
1891 644 2038 697 locu-

468 746 574 790 tum
610 747 796 791 narrat
825 738 1016 790 Plato:
1058 737 1326 802 Quoniam
1367 736 1497 789 estis
1546 735 1670 798 orti,
1710 734 1904 801 inquit,
1944 734 2041 786 im-

463 825 715 879 mortales
742 839 868 879 esse
897 836 948 879 et
982 823 1385 877 indissolubiles
1421 836 1524 876 non
1554 821 1797 890 potestis,
1832 836 1935 874 non
1960 832 2039 873 ta-

462 930 584 969 men
619 914 1012 978 dissolvemini,
1050 928 1223 982 neque
1252 928 1349 967 vos
1376 914 1481 966 ulla
1514 913 1702 966 mortis
1749 912 1853 965 fata
1898 912 2041 982 peri-

462 1009 629 1067 ment,
659 1016 759 1056 nec
783 1011 945 1056 erunt
985 1001 1279 1055 valentiora
1308 1016 1466 1069 quam
1513 1001 1794 1055 consilium
1838 1013 2038 1063 mcum,

459 1090 598 1159 quod
623 1090 792 1158 majus
817 1100 894 1144 est
929 1091 1197 1144 vinculum
1228 1090 1291 1142 ad
1327 1090 1741 1159 perpetuitatem
1775 1098 2038 1155 vestram,

459 1196 617 1248 quam
666 1181 757 1234 illa
810 1180 1006 1249 quibus
1053 1180 1184 1233 estis
1212 1179 1470 1248 colligati.
1522 1180 1577 1234 Si
1612 1194 1717 1233 non
1749 1180 1918 1233 solum
1950 1178 2042 1231 ab-

460 1269 630 1332 surdi,
661 1268 755 1323 scd
784 1268 928 1324 surdi
962 1284 1064 1321 non
1091 1277 1237 1331 sunt,
1268 1269 1355 1336 qui
1387 1267 1501 1320 hzes
1531 1267 1780 1331 audiunt,
1807 1280 1912 1320 non
1937 1266 2043 1319 uti-

460 1373 563 1426 que
591 1358 836 1413 dubitant
864 1360 968 1412 diis
999 1358 1149 1412 Iactis
1188 1358 1371 1411 abillo
1391 1357 1496 1411 deo
1524 1359 1613 1426 qtti
1638 1372 1732 1411 eos
1771 1355 1919 1421 fecit,
1951 1371 2039 1413 se-

461 1448 691 1501 cundum
725 1447 1021 1513 Platonem,
1049 1448 1190 1514 quod
1220 1456 1304 1501 est
1347 1446 1679 1514 impossibile
1724 1445 1889 1501 fuisse
1919 1461 2040 1515 pro-

462 1538 701 1593 missum.
719 1538 817 1603 Qui
850 1537 990 1591 cnim
1017 1536 1166 1600 dlCiI,
1194 1537 1299 1591 Vos
1327 1536 1539 1606 quidem
1561 1535 1895 1590 immortales
1922 1550 2042 1590 esse

460 1644 495 1697 p
518 1628 704 1692 itestis,
736 1628 831 1681 sed
865 1642 983 1681 mea
1014 1628 1288 1681 voluntate
1335 1625 1666 1681 immortales
1692 1626 1867 1692 eritis,
1911 1625 2040 1696 quid

460 1719 601 1773 aliud
630 1719 777 1779 dicit,
808 1733 991 1789 quam,
1027 1716 1084 1773 Id
1138 1717 1280 1787 quod
1312 1716 1424 1773 fieri
1457 1732 1563 1771 non
1607 1727 1805 1787 poteSt,
1839 1731 1924 1771 me
1963 1717 2041 1769 fa-

459 1810 657 1873 ciente,
693 1819 870 1864 tameu
897 1810 1087 1864 eritis?
1116 1810 1208 1864 Ille
1227 1809 1389 1879 igitur
1418 1822 1636 1862 carnem
1662 1808 2039 1876 incorruptibi-
2069 1799 2115 1859 B

461 1898 590 1963 lem,
622 1899 1000 1962 immortalem,
1028 1898 1324 1967 spiritalem
1358 1898 1718 1961 resuscitabit,
1761 1897 1851 1967 qui
1892 1897 2041 1965 juxta

461 1986 735 2040 Platonem
767 1986 817 2039 id
846 1986 991 2054 quod
1034 1986 1371 2054 impossibile
1400 1996 1483 2040 est
1526 2000 1586 2041 se
1628 1985 1889 2040 facturum
1923 2001 2044 2043 esse

461 2076 724 2146 promisit.
746 2076 880 2142 Quid
911 2075 1087 2129 adhuc
1114 2076 1257 2145 quod
1288 2073 1533 2144 promisit
1560 2076 1723 2141 Deus,
1757 2078 1899 2147 quod
1932 2079 2043 2133 Deo

466 2166 801 2234 promittenti
825 2167 1055 2222 credidit
1082 2167 1332 2233 mundus,
1357 2167 1447 2237 qui
1474 2169 1636 2223 etiam
1670 2170 1782 2238 ipse
1811 2170 2040 2239 prornis-

461 2272 552 2310 sus
574 2265 657 2311 est
680 2257 1006 2321 crediturus,
1030 2272 1151 2313 esse
1172 2258 1499 2328 impossibile
1523 2259 1773 2321 clamant,
1798 2260 2043 2330 quando-

461 2346 679 2417 quidem
710 2361 809 2402 nos
860 2347 1051 2413 Deum,
1100 2348 1189 2417 qui
1244 2349 1405 2401 etiam
1443 2349 1734 2403 secundum
1767 2350 2041 2405 Platonem

462 2439 589 2493 facit
616 2438 988 2507 impossibilia,
1021 2437 1074 2492 id
1098 2438 1359 2493 facturum
1400 2452 1521 2494 esse
1549 2440 1883 2495 clamamus?
1929 2441 2045 2495 Non

462 2542 588 2596 ergo
604 2536 660 2581 ut
674 2527 840 2581 beatae
862 2525 971 2580 sint
990 2526 1202 2590 animae,
1225 2540 1422 2595 corpus
1437 2536 1521 2581 est
1536 2541 1695 2582 omne
1718 2528 2042 2598 fugiendum,

464 2618 559 2674 sed
582 2633 777 2687 corpus
792 2616 1199 2687 incorruptibile
1222 2618 1623 2687 recipiendum;
1654 2628 1708 2673 et
1731 2619 1782 2672 in
1798 2634 1903 2689 quo
1919 2632 2046 2673 con-

464 2711 766 2766 venientius
789 2709 1181 2777 incorruptiblli
1196 2724 1421 2778 corpore
1442 2710 1780 2776 Imtabuntur,
1800 2724 1960 2780 quam
1992 2710 2045 2763 in

468 2818 576 2872 quo
590 2802 922 2872 corruptibili
935 2811 1272 2873 gemuerunt.
1288 2802 1378 2858 Sic
1392 2803 1534 2857 enim
1557 2817 1661 2857 non
1683 2802 1735 2857 in
1748 2804 1828 2859 eis
1840 2805 1942 2858 erit
1958 2803 2045 2857 illa

466 2894 581 2949 dira
597 2893 1058 2963 t-upiditas,quam
1077 2892 1251 2963 posuit
1264 2907 1329 2949 ex
1347 2893 1820 2965 PlatoneVirgilius
1836 2895 1924 2949 ubi
1937 2896 2041 2949 ait:

589 3004 775 3054 Rursus
794 3008 845 3054 et
868 3004 1099 3066 incipiant
1122 3005 1168 3053 in
1189 3016 1391 3067 corpora
1412 3004 1541 3054 velle
1562 3007 1780 3067 reverti;

467 3107 574 3173 sic,
599 3107 813 3175 inquam
832 3147 845 3173 ,
875 3106 1215 3175 cupiditntem
1245 3106 1550 3160 revertendi
1581 3106 1645 3159 ad
1675 3121 1901 3175 corpora
1935 3121 2041 3160 non

2145 550 2259 605 Non
2290 550 2541 604 redibunt
2564 549 2630 602 ad
2662 549 2830 615 mala,
2861 559 2915 603 et
2944 550 3008 602 ad
3038 564 3099 604 ea
3130 565 3351 618 Corpora
3384 551 3555 605 redire
3580 566 3706 605 con-

2140 640 2394 704 sentient,
2426 640 2478 693 in
2506 640 2697 708 quibus
2726 640 2865 693 nttlla
2899 641 3163 711 patiantur
3193 644 3349 694 mala.
3382 642 3505 696 lla-c
3534 644 3711 711 itaque

2142 743 2248 782 non
2292 738 2481 794 erunt,
2515 728 2615 782 nisi
2643 728 2728 782 illa
2756 744 2872 799 qua:
2899 732 3155 798 promittit
3183 731 3323 785 Dens
3341 774 3353 795 ,
3385 731 3563 786 beatas
3592 736 3710 789 ani-

2140 831 2254 870 mas
2280 815 2333 869 in
2355 826 2611 871 aeternum
2634 831 2752 870 cum
2778 832 2870 871 sua
2897 826 3095 872 aeterna
3116 833 3275 874 carne
3300 819 3501 873 futuras
3524 818 3714 891 [lactu-

2141 904 2270 974 ras].
2303 905 2412 959 Hoc
2445 906 2588 959 enim
2608 947 2622 971 ,
2651 918 2906 975 quantum
2935 908 3341 977 existimo,jam
3373 906 3529 962 facile
3561 910 3715 961 nobis

2141 994 2496 1048 concederent
2539 998 2717 1064 ambo,
2748 1004 2803 1050 ut
2829 997 2917 1067 qui
2952 998 3241 1049 faterentur
3282 996 3347 1049 ad
3393 996 3715 1049 immortalia

2141 1097 2362 1150 corpora
2394 1084 2653 1140 redituras
2677 1087 2880 1141 animas
2905 1100 3025 1141 esse
3049 1094 3375 1150 sanctorum,
3391 1085 3458 1139 ad
3479 1100 3574 1139 sua
3600 1086 3715 1141 illas

2142 1175 2316 1229 redire
2348 1178 2713 1245 permitterent
2742 1179 2792 1232 in
2818 1179 3006 1248 quibus
3037 1179 3170 1231 mala
3197 1179 3354 1245 hujus
3382 1177 3563 1230 su-culi
3595 1192 3717 1244 per-

2143 1268 2399 1333 tulerunt,
2430 1270 2481 1321 in
2510 1269 2700 1339 quibus
2740 1270 2928 1338 Deum,
2956 1278 3014 1322 ut
3043 1269 3123 1322 his
3153 1270 3305 1323 malis
3334 1279 3599 1331 carerent,
3633 1269 3718 1336 pie

2142 1358 2475 1428 ﬁdeliterque
2497 1360 2789 1415 coluerunt.

2681 1474 2907 1531 CAPUT
2944 1474 3170 1533 CLXIV.

2145 1584 2281 1652 Quid
2315 1586 2385 1640 ad
2415 1602 2583 1640 verum
2604 1588 2984 1642 resurrectionis
3010 1588 3180 1654 ﬁdem,
3206 1588 3285 1640 vel
3312 1586 3488 1652 Plato,
3511 1588 3595 1640 vel
3620 1585 3720 1639 Lo-

2213 1656 2333 1721 beo,
2356 1658 2433 1710 vel
2453 1660 2604 1710 etiam
2635 1656 2796 1711 Varro
2824 1664 3053 1727 conferre
3076 1660 3358 1725 potuerint,
3376 1659 3418 1711 si
3451 1659 3721 1727 opiniones

2213 1741 2383 1777 eorum
2413 1728 2464 1778 in
2495 1743 2650 1779 unam
2686 1729 2986 1781 sententiam
3020 1728 3392 1791 convenissent;
3431 1743 3497 1779 ex
3532 1727 3718 1779 eodem

2211 1795 2360 1861 libro,
2384 1797 2533 1849 titulo
2556 1796 2645 1851 28.

2209 1904 2462 1960 Nonnulli
2496 1907 2662 1963 nostri
2701 1918 2916 1978 propter
2950 1907 3212 1977 quoddam
3246 1908 3719 1976 praeclarissimum

2144 1998 2395 2069 loquendi
2438 2014 2636 2069 genus,
2665 2009 2719 2054 et
2763 2009 2979 2070 propter
3019 2000 3267 2055 nonnulla
3303 2016 3421 2069 qua:
3453 2002 3721 2054 veraciter

2141 2091 2330 2157 sensit,
2363 2104 2604 2145 amantes
2631 2090 2924 2155 Platonem,
2950 2092 3133 2146 dicunt
3160 2105 3278 2144 eum
3307 2089 3507 2159 aliquid
3539 2091 3721 2145 simile

2146 2181 2303 2237 nobis
2349 2183 2510 2237 etiam
2553 2182 2620 2239 de
2665 2192 2992 2238 mortuorum
3040 2184 3427 2238 resurrectione
3455 2183 3719 2247 sensisse,

2141 2270 2282 2339 quod
2310 2271 2525 2340 quidem
2552 2273 2631 2327 sic
2656 2274 2820 2344 tangit
2844 2272 2896 2327 in
2922 2274 3056 2328 libro
3080 2274 3144 2327 de
3173 2272 3462 2342 Republica
3484 2271 3719 2339 Tullius,

2149 2372 2207 2417 ut
2236 2378 2358 2418 eum
2405 2364 2597 2419 lusisse
2626 2366 2799 2435 potius
2826 2380 2983 2435 quam
3015 2366 3067 2420 id
3096 2379 3280 2420 verum
3310 2379 3430 2419 esse
3456 2362 3720 2428 afﬁrmet,

2143 2458 2324 2514 dicere
2350 2459 2583 2514 voluisse
2613 2458 2790 2531 [quam
2821 2460 2961 2531 quod
2991 2459 3042 2514 id
3073 2474 3253 2515 verum
3281 2466 3419 2512 esset
3443 2456 3722 2511 affirman-

2143 2547 2212 2601 do
2234 2547 2413 2603 dicere
2442 2548 2717 2621 noluisse].
2744 2549 2945 2605 Inducit
2987 2550 3129 2604 enim
3160 2548 3426 2604 hominem
3454 2549 3721 2603 revixiSse

2144 2647 2200 2693 et
2238 2654 2484 2694 narrasse
2512 2640 2754 2710 qumdam
2793 2657 2910 2712 quae
2948 2641 3235 2697 Platonicis
3265 2641 3721 2710 disputationibus

2147 2729 2535 2800 congruebant.
2564 2730 2743 2785 Labeo
2782 2734 2940 2785 etiam
2982 2732 3113 2786 duos
3153 2733 3280 2788 dicit
3308 2748 3411 2786 uno
3438 2732 3529 2787 die
3558 2732 3722 2787 fuisse

2146 2819 2447 2888 defunctos,
2472 2830 2527 2876 et
2551 2824 2852 2879 occurrisse
2878 2824 3103 2880 invicem
3128 2826 3177 2878 in
3200 2825 3425 2895 quodam
3456 2826 3719 2893 compita,

2146 2910 2341 2966 deinde
2370 2912 2434 2965 ad
2462 2928 2684 2982 corpora
2711 2930 2804 2971 sua
2832 2916 3009 2986 jussos
3039 2913 3201 2970 fuisse
3230 2930 3487 2972 remeare.
3512 2924 3569 2971 et
3597 2930 3721 2970 con-

2147 3001 2383 3058 stituisse
2414 3002 2551 3058 inter
2574 3018 2631 3058 se
2658 3004 2858 3059 amicos
2887 3020 3006 3060 esse
3035 3006 3284 3069 victuros,
3310 3014 3467 3074 atque
3498 3006 3570 3059 ita
3598 3020 3719 3061 esse

2150 3089 2346 3146 factum
2366 3133 2381 3157 ,
2409 3091 2582 3148 donec
2612 3102 2791 3162 postea
2823 3107 3155 3151 morerentur
3185 3115 3197 3148 :
3229 3096 3322 3151 sed
3351 3096 3433 3151 isti
3462 3107 3718 3151 auctores

471 3198 761 3263 habebunt,
785 3212 905 3251 cum
933 3210 1154 3264 corpora
1182 3194 1235 3249 in
1256 3211 1373 3265 qua:
1394 3194 1589 3250 reverti
1615 3196 1833 3265 cupiunt
1858 3210 2044 3251 secum

2157 3183 2307 3237 talem
2350 3183 2792 3241 resurrectionem
2838 3187 3073 3256 corporis
3105 3187 3291 3241 laetam
3333 3187 3497 3242 fuisse
3528 3203 3718 3243 narra-

472 3288 773 3353 habebunt,
797 3297 850 3341 et
873 3287 947 3341 rit‘.
972 3287 1261 3351 habebunt,
1286 3297 1343 3340 ut
1367 3301 1632 3357 nunquam
1662 3305 1765 3342 non
1794 3288 2044 3359 habeant,

472 3392 739 3447 nunquam
770 3391 831 3430 ea
872 3391 1109 3443 prorsus,
1136 3377 1218 3431 vel
1244 3377 1493 3446 exiguum
1520 3378 1812 3447 quamlibet
1842 3390 2049 3450 tempus

478 3468 584 3522 ulla
610 3473 781 3520 morte
812 3464 1098 3535 deponant.

1021 3578 1245 3634 CAPUT
1282 3577 1509 3634 CLXIII.

479 3671 562 3753 De.
584 3671 853 3753 contrariis
865 3743 876 3753 .
890 3669 1282 3753 deﬁnitionibus.
1297 3668 1534 3753 Plutonis
1572 3681 1723 3753 atque
1755 3669 2053 3753 Porphyrii,

545 3745 598 3795 in
624 3741 805 3811 quibus
832 3743 876 3794 si
907 3751 1113 3810 uterque
1135 3741 1282 3794 alteri
1302 3740 1518 3809 cederet,
1541 3740 1746 3797 veritate
1772 3740 1948 3798 neuter
1966 3747 2054 3799 de-

544 3816 736 3877 viaret;
764 3828 828 3867 ea:
853 3812 961 3865 eod,
979 3828 1029 3864 m
1055 3812 1184 3865 libro
1209 3826 1340 3865 xxtt.

548 3925 763 3997 Singula
795 3925 1037 3997 quaedam
1069 3925 1318 3981 dixerunt
1357 3925 1507 3982 Plato
1543 3936 1701 3999 atque
1730 3927 2057 4001 Porphyrius

480 4033 601 4088 quae
633 4018 677 4071 si
712 4017 849 4072 inter
874 4031 931 4071 se
957 4018 1351 4072 communicare
1381 4019 1698 4088 potuissent,
1727 4018 1852 4075 facti
1878 4030 2060 4077 essent

484 4106 713 4162 fortasse
738 4104 1049 4160 Christiani.
1083 4105 1232 4160 Plato
1267 4106 1402 4162 dixit
1438 4107 1554 4163 sine
1589 4109 1904 4178 corporibus
1942 4112 2054 4165 ani-

484 4215 597 4253 mas
622 4199 674 4253 in
700 4209 957 4254 aeternum
979 4211 1098 4253 esse
1122 4213 1227 4253 non
1246 4213 1432 4270 posse;
1451 4200 1569 4255 ideo
1590 4202 1729 4255 enim
1746 4201 1882 4256 dixit
1899 4205 2059 4257 etiam

481 4289 802 4359 sapientium
832 4292 1068 4357 animas,
1099 4299 1217 4359 post
1244 4291 1536 4361 quamlibet
1568 4291 1781 4362 longum
1823 4300 2059 4363 tempus,

486 4393 665 4436 tamen
695 4382 761 4436 ad
794 4397 1016 4451 corpora
1046 4382 1332 4438 redituras.
1367 4382 1695 4452 Porphyrius
1723 4391 1901 4438 autem
1930 4384 2065 4439 dixit

482 4475 712 4529 animam
741 4473 1185 4543 purgatissimam,
1228 4489 1345 4529 cum
1388 4474 1605 4529 redierit
1634 4474 1697 4529 ad
1730 4474 1969 4541 Patrem,
1995 4474 2061 4528 ad

2150 3282 2301 3341 runt,
2328 3274 2511 3342 quales
2558 3274 2771 3331 fuerunt
2799 3290 2981 3331 eorum
3012 3293 3143 3348 quos
3173 3280 3531 3335 resurrexisse
3561 3282 3715 3337 novi-

2150 3380 2289 3430 mus,
2313 3375 2367 3420 et
2396 3365 2522 3421 huic
2539 3366 2751 3436 quidem
2782 3368 3015 3423 redditos
3040 3371 3181 3433 vitae,
3202 3372 3295 3426 sed
3326 3387 3429 3426 non
3459 3387 3527 3428 eo
3559 3373 3719 3428 modo

2152 3467 2208 3512 ut
2238 3472 2339 3513 non
2367 3470 2703 3514 morerentur
2728 3459 2962 3515 ulterius.
2987 3461 3274 3517 Miraliilius
3299 3473 3472 3518 autem
3500 3464 3716 3532 quidam

2153 3547 2363 3602 Marcus
2408 3548 2576 3603 Varro
2625 3552 2774 3620 ponit
2820 3551 2872 3607 in
2917 3550 3066 3607 libris
3111 3568 3243 3623 quos
3289 3556 3613 3625 conscripsit
3660 3557 3725 3611 de

2155 3635 2324 3693 Geute
2346 3640 2521 3709 populi
2541 3642 2785 3712 Romani,
2809 3642 2959 3713 cujus
2977 3645 3151 3713 putavi
3174 3645 3330 3701 verba
3352 3647 3464 3715 ipsa
3488 3661 3613 3702 esse
3637 3663 3725 3715 po-

2155 3729 2349 3785 nenda.
2378 3732 2710 3789 Genethliaci
2740 3736 2954 3806 quidam
2986 3735 3344 3805 scripserunt,
3371 3738 3575 3809 inquit,
3607 3753 3727 3794 esse

2157 3820 2209 3875 in
2240 3823 2578 3879 renascendis
2607 3823 2909 3880 hominibus
2948 3840 3101 3896 quam
3138 3826 3407 3895 appellant
3431 3830 3728 3903 παλὶγσχ-ινς-

2155 3926 2272 3970 σῑαν
2299 3914 2492 3980 Grteci,
2512 3916 2869 3985 ascripserunt
2891 3916 3050 3990 [hanc
3076 3916 3419 3990 scripserunt]
3450 3921 3647 3976 conﬁci
3677 3922 3726 3975 in

2158 4005 2312 4060 annis
2355 4020 2578 4061 numero
2615 4006 3014 4078 quadringentis
3059 4008 3433 4079 quadraginta,
3479 4021 3536 4065 ut
3583 4012 3726 4067 idem

2161 4108 2360 4164 corpus
2386 4104 2441 4151 et
2463 4097 2649 4152 eadem
2680 4100 2851 4153 anima
2882 4115 2998 4170 quze
3026 4099 3215 4153 fuerint
3240 4101 3522 4169 conjuncta
3547 4103 3603 4157 in
3634 4104 3728 4157 ho-

2160 4187 2305 4243 mine
2330 4188 2635 4257 aliquando,
2654 4190 2840 4244 eadern
2869 4206 3051 4245 rursus
3078 4191 3298 4245 redeant
3320 4193 3370 4246 in
3396 4194 3731 4261 conjunctio-

2163 4293 2305 4332 nem.
2335 4277 2439 4333 Iste
2468 4278 2635 4334 Varro
2674 4281 2909 4350 quidem,
2941 4282 3052 4335 sive
3081 4281 3152 4335 illi
3183 4282 3513 4338 Genetliliaci
3544 4288 3732 4341 nescio

2162 4369 2251 4439 qui
2276 4369 2404 4439 (non
2434 4370 2578 4424 enim
2610 4372 2820 4426 nomina
2851 4386 3034 4426 eorum
3059 4367 3294 4442 'prodidit
3323 4390 3548 4443 quorum
3581 4389 3731 4430 cem-

2166 4462 2477 4514 memoravit
2515 4461 2853 4532 sententiam)
2893 4462 3092 4533 aliquid
3126 4462 3371 4516 dixerunt
3404 4463 3576 4530 quod,
3612 4465 3735 4519 licet

743 4523 1185 4543 ,_-,,_------_._---,
1233 4523 1345 4529 ,η-
1391 4523 1605 4529 --_--.--
1634 4523 1697 4529 π
1730 4523 1747 4528 -
1772 4523 1969 4541 --η-η,
1996 4523 2056 4528 __
2836 4523 2846 4532 .
2982 4523 2997 4533 .
3422 4523 3433 4530 .
3562 4523 3573 4529 -

487 4568 604 4620 hac
631 4564 767 4619 mala
801 4563 981 4619 mundi
1029 4579 1296 4633 nunquam
1340 4579 1460 4619 esse
1500 4565 1787 4619 redituram
1821 4580 1836 4620 :
1867 4579 1930 4619 ac
1967 4578 2062 4631 per
2092 4523 2143 4582 Β
2167 4549 2355 4604 Idl-“um
2382 4553 2450 4605 εει
2487 4552 2627 4621 (cum
2654 4552 2793 4606 enim
2823 4553 2986 4607 Semel
3014 4553 3077 4606 ad
3108 4552 3293 4607 eadem
3342 4567 3566 4621 ωροτε
3613 4569 3735 4624 (lim

486 4654 588 4709 hoc
628 4653 769 4724 quod
798 4668 979 4708 verum
1011 4653 1144 4708 vidit
1175 4654 1344 4717 l'Iato,
1373 4655 1417 4709 si
1463 4654 1698 4709 dedisset
1744 4653 2061 4723 Porphyrio,

486 4743 644 4794 etiam
673 4742 938 4810 justorum
980 4754 1143 4812 atque
1174 4743 1472 4813 sapientum
1506 4743 1905 4812 purgatissimas
1944 4744 2063 4797 ani-

491 4844 604 4884 mas
625 4831 689 4883 ad
715 4831 939 4884 humana
957 4847 1177 4900 corpora
1202 4834 1494 4900 redituras;
1520 4849 1703 4889 rursus
1724 4834 1863 4904 quod
1880 4849 2065 4889 verum

490 4918 622 4972 vidit
656 4918 1003 4988 Porphyrius,
1038 4922 1082 4975 si
1113 4921 1347 4977 dedisset
1371 4923 1599 4989 Platoni,
1638 4939 1905 4994 nunquam
1930 4922 2068 4978 redi-

495 5022 641 5066 turas
674 5010 739 5066 ad
771 5010 1016 5066 miserias
1049 5016 1411 5083 corruptibilis
1442 5016 1681 5085 corporis
1709 5018 1915 5072 animas
1943 5031 2066 5071 san-

493 5109 705 5169 ctas,ut
725 5115 827 5155 non
857 5101 1047 5171 singuli
1082 5105 1195 5158 tunc
1217 5106 1440 5175 singula,
1458 5106 1552 5161 sed
1584 5107 1741 5161 ambo
1766 5118 1816 5162 et
1838 5105 1935 5179 [ut]
1960 5107 2070 5161 sin-

493 5192 596 5261 guli
624 5202 905 5261 utrumque
932 5192 1191 5259 dicerent,
1221 5206 1345 5262 puto
1371 5197 1510 5265 quod
1544 5197 1784 5253 viderent
1813 5212 1932 5252 esse
1956 5196 2066 5267 jam

494 5294 829 5348 consequens
854 5290 913 5335 ut
937 5282 1174 5337 redirent
1200 5285 1389 5338 anima:
1418 5286 1484 5339 ad
1506 5302 1754 5355 corpora,
1776 5295 1832 5341 et
1859 5288 1959 5341 alia
1988 5304 2073 5343 re-

495 5373 732 5440 ciperent
758 5385 1006 5440 corpora,
1037 5372 1089 5427 in
1116 5374 1305 5443 quibus
1331 5376 1483 5431 beate
1510 5386 1667 5446 atque
1698 5377 2072 5434 immortaliter

496 5460 754 5528 viverent,
778 5461 1026 5529 quoniam
1056 5462 1344 5517 secundum
1378 5463 1652 5520 Platonem
1681 5468 1840 5522 etiam
1871 5476 2072 5522 sanctae

498 5550 690 5604 animre
747 5550 814 5606 ad
871 5550 1099 5606 humana
1158 5567 1383 5621 corpora
1438 5554 1721 5621 redibunt;
1781 5554 2070 5611 secundum

501 5634 856 5711 Porphyrium
904 5643 969 5696 ad
1021 5644 1158 5698 mala
1208 5643 1390 5698 mundi
1441 5644 1596 5708 hujus
1638 5654 1835 5700 sanctas
1881 5645 2072 5699 animm

502 5741 608 5782 non
634 5730 897 5787 redibunt.
928 5732 1075 5787 Dicat
1104 5733 1281 5803 itaque
1310 5748 1429 5787 cum
1461 5734 1678 5789 Platozze
1705 5733 2027 5804 Porphyrius
2054 5751 2066 5785 :

2167 4652 2451 4714 gesserunt
2477 4643 2671 4696 animae
2704 4641 2979 4711 redierint,
3010 4658 3275 4711 nunquam
3303 4657 3366 4698 ea
3395 4653 3515 4697 sunt
3544 4655 3735 4712 postea

2168 4733 2475 4802 relictum);
2492 4740 2665 4787 tamen
2690 4733 2852 4787 multa
2872 4732 3465 4801 illiusimpossibilitatis
3486 4748 3589 4801 qua
3616 4749 3736 4787 eon-

2168 4836 2245 4881 tra
2274 4840 2369 4879 nos
2401 4825 2488 4880 i5ti
2515 4824 2753 4893 garriunt
2780 4833 3087 4894 argumenta
3110 4826 3363 4879 convellit
3401 4834 3455 4878 et
3480 4823 3737 4879 destruit.

2169 4917 2267 4983 Qui
2297 4917 2439 4971 enim
2475 4919 2572 4969 hoc
2600 4913 2756 4987 [lucc]
2784 4915 3037 4980 sentiunt,
3055 4914 3170 4970 sive
3198 4925 3502 4981 senserunt,
3522 4931 3628 4969 non
3662 4918 3742 4970 eis

2168 5010 2338 5064 visum
2368 5017 2449 5064 est
2485 5008 2597 5063 ﬁeri
2637 5023 2740 5062 non
2771 5022 2926 5077 posse
2957 5019 3012 5062 ut
3041 5008 3239 5077 dilapsa
3267 5008 3528 5063 cadavera
3558 5008 3615 5063 in
3644 5023 3741 5061 au-

2168 5114 2277 5163 ras,
2303 5099 2355 5153 in
2385 5098 2673 5168 pulverem,
2695 5099 2744 5151 in
2772 5100 3032 5163 cinerem,
3056 5098 3108 5153 in
3135 5098 3410 5163 humores,
3434 5099 3485 5154 in
3510 5113 3741 5169 corpora

2172 5190 2498 5245 vescentium
2526 5189 2829 5255 bestiarum,
2846 5189 2930 5244 vel
2954 5188 3186 5258 ipsorum
3209 5205 3419 5258 quoque
3440 5190 3738 5256 hominum,

2173 5282 2238 5336 ad
2271 5282 2319 5337 id
2349 5290 2534 5336 rursus
2563 5278 2782 5334 redeant
2811 5280 2949 5348 quod
2977 5280 3207 5334 fuerunt.
3231 5280 3564 5348 Quapropter
3584 5281 3740 5336 Plato

2176 5381 2230 5427 et
2260 5370 2614 5441 Porphyrius,
2643 5370 2725 5425 vel
2755 5369 2929 5440 potius
2954 5370 3252 5438 quicunque
3283 5370 3401 5423 illos
3429 5370 3654 5441 diligunt
3684 5356 3741 5423 et

2174 5464 2349 5519 adhuc
2388 5463 2595 5527 vivunt,
2634 5462 2678 5516 si
2727 5460 2880 5515 nobis
2924 5460 3281 5524 consentiunt,
3322 5459 3479 5513 etiam
3528 5471 3742 5513 sanctas

2174 5552 2380 5605 animas
2409 5551 2472 5603 ad
2500 5564 2724 5619 corpora
2754 5548 3037 5615 redituras,
3063 5549 3197 5603 sicut
3226 5548 3300 5601 ait
3332 5547 3498 5609 Plato.
3528 5562 3632 5602 nec
3654 5553 3741 5599 ta-

2177 5656 2296 5695 men
2324 5640 2388 5694 ad
2417 5640 2553 5693 mala
2586 5639 2693 5694 ulla
2722 5638 3009 5697 redituras.
3038 5637 3170 5691 sicut
3200 5637 3277 5690 ait
3307 5632 3656 5704 Porphyrius,
3683 5644 3745 5688 ut

2176 5748 2238 5788 ex
2271 5733 2352 5787 his
2382 5732 2471 5787 liat
2500 5744 2832 5803 consequens
2867 5728 3008 5801 quod
3038 5728 3169 5784 ﬁdes
3198 5725 3458 5797 praedicat
3485 5726 3743 5785 Christia-
