3990 6180
239 364 346 418 8ἱό

1446 379 1875 441 TllESAURUS.
1919 383 2071 442 CAP.
2116 390 2319 450 CLXV.

3404 405 3506 457 ΧΗ

238 501 326 550 na,
352 486 493 553 quod
540 488 660 541 talia
708 505 938 556 corpora
985 503 1261 562 receptura
1312 497 1437 564 sint,
1464 502 1654 569 quibus
1703 505 1820 557 sine
1852 503 1896 560 A
1928 523 2094 573 quens
2131 525 2145 562 :
2189 511 2319 565 Cum
2364 508 2687 581 apparuerit,
2727 515 2913 586 inqu't,
2946 517 3150 572 similes
3195 521 3242 574 ei
3285 523 3504 590 erimus,

237 575 345 628 ullo
373 577 532 629 modo
564 578 686 648 [alia
723 596 949 651 corpora
999 598 1310 654 recepturas
1362 591 1412 644 in
1465 593 1659 658 quibus
1705 597 1824 650 sine

236 669 346 720 ullo
395 668 557 740 malo]
609 672 660 724 in
709 684 968 728 atternum
1019 676 1244 733 feliciter
1294 681 1501 747 vivant;
1549 696 1824 740 assumant

229 758 391 811 etiam
423 757 526 813 hoc
549 760 617 816 de
644 762 906 828 Varrone,
929 775 982 819 ut
1006 768 1072 820 ad
1099 769 1287 823 eadem
1318 788 1543 842 corpora
1577 777 1818 843 redeant,

231 846 286 897 in
317 846 508 912 quibus
552 859 680 905 ante
725 852 963 916 fuerunt,
993 864 1050 910 et
1078 859 1217 924 apud
1248 875 1339 913 eos
1370 872 1475 915 tota
1508 865 1732 932 qumstio
1755 866 1822 921 de

229 936 408 990 carnis
437 940 488 990 in
518 949 776 996 internum
809 948 1220 1004 reSItrrectione
1245 953 1497 1007 solvetur.

790 1056 1018 1113 CAPUT
1057 1058 1260 1117 CLXV.

229 1156 305 1210 De
330 1161 576 1228 qualitate
597 1164 805 1238 visionis
835 1186 936 1238 qua
966 1170 1017 1222 in
1047 1173 1222 1238 futuro
1251 1175 1441 1228 sarculo
1463 1181 1627 1232 sancti
1656 1181 1818 1234 Deam

583 1235 856 1302 videbunt}
888 1255 950 1291 ex
980 1235 1154 1296 eodem
1183 1245 1311 1297 libro
1340 1261 1468 1301 ult.

313 1339 464 1396 Nunc
489 1343 596 1410 jam
631 1345 755 1414 quid
787 1350 955 1403 acturi
987 1352 1093 1406 sint
1122 1353 1172 1406 in
1201 1357 1515 1423 corporibus
1547 1360 1818 1415 immorta-

230 1427 393 1497 libus,
423 1439 581 1499 atque
613 1433 662 1487 in
706 1435 1036 1504 spiritalibus
1072 1443 1260 1508 saucii,
1294 1459 1397 1498 non
1428 1447 1601 1503 adhuc
1631 1464 1815 1505 eorum

228 1535 397 1576 carne
424 1525 732 1590 carnaliter,
758 1529 850 1582 sed
889 1530 1199 1598 spiritaliter
1237 1533 1346 1602 jam
1387 1536 1619 1602 vivente,
1643 1556 1815 1606 quan-

225 1621 337 1664 tum
375 1612 632 1670 Dominus
663 1617 910 1686 dignatur
939 1620 1192 1688 adjuvare
1221 1625 1514 1683 videamus.
1550 1631 1706 1702 106
1746 1633 1812 1687 Et

223 1700 312 1753 illa
343 1703 558 1770 quidem
583 1709 747 1774 actio,
770 1710 850 1763 vel
884 1713 1056 1777 potius
1087 1714 1235 1780 quies
1259 1723 1416 1784 atque
1438 1720 1625 1784 otium,
1648 1700 1808 1790 quale

224 1789 461 1846 futurum
493 1795 580 1858 sit,
611 1798 654 1849 si
685 1812 867 1852 verum
895 1801 1052 1855 velim
1083 1803 1263 1858 dicere
1293 1808 1494 1861 nescio.
1521 1809 1635 1864 Non
1668 1789 1808 1866 enim

225 1882 328 1937 hoc
351 1901 581 1952 unquam
610 1903 704 1957 per
726 1905 914 1947 sensus
936 1896 1174 1964 corporis
1193 1897 1298 1952 vidi
1315 1916 1328 1964 ;
1343 1901 1385 1953 si
1409 1911 1584 1956 autem
1610 1916 1808 1972 mente,

223 1973 271 2026 id
295 1983 384 2029 est
405 1976 982 2047 intelligentia,vidisse
1004 2001 1088 2040 me
1110 1987 1305 2054 dicam,
1322 2000 1575 2059 quantum
1600 2003 1812 2059 est,aut

231 2066 360 2132 quid
380 2078 458 2122 est
478 2079 655 2123 nostra
676 2071 1043 2144 intelligentia,
1061 2079 1124 2133 ad
1153 2079 1294 2135 illam
1315 2083 1718 2140 excellentiam?
1737 2089 1807 2140 Ibi

223 2166 296 2210 est
323 2159 470 2212 enim
503 2175 601 2228 pax
637 2160 750 2227 Dei,
778 2179 919 2231 qum,
944 2167 1079 2221 sicut
1105 2169 1232 2223 dicit
1259 2173 1565 2241 Apostolus,
1597 2189 1812 2244 superat

222 2263 436 2302 omnem
461 2251 788 2306 intellectum
813 2272 826 2307 :
853 2270 1033 2322 quem,
1061 2259 1160 2312 nisi
1190 2269 1425 2316 nostrum
1467 2273 1559 2318 aut
1585 2264 1812 2323 fortasse

230 2337 396 2391 etiam
427 2348 732 2395 sanctorum
763 2344 1044 2418 [omnium]
1072 2350 1418 2417 angelorum?
1448 2368 1554 2408 non
1590 2359 1730 2410 enim
1759 2368 1812 2412 et

229 2425 349 2480 Dei.
377 2427 434 2482 Si
463 2445 589 2500 ergo
619 2434 787 2487 saneti
818 2434 868 2488 in
903 2435 994 2491 Dei
1027 2453 1153 2506 pace
1182 2441 1369 2496 victuri
1402 2453 1544 2510 sunt,
1574 2446 1813 2514 profecto

221 2517 270 2570 in
301 2533 368 2573 ea
399 2536 530 2589 pace
560 2523 750 2578 victuri
785 2537 930 2594 sunt,
957 2545 1073 2599 qua:
1105 2543 1324 2602 superat
1359 2551 1572 2592 omnem
1605 2539 1812 2597 intelle-

222 2617 389 2676 ctum,
419 2615 668 2680 quoniam
714 2626 954 2673 nostrum
1003 2622 1220 2690 quidem
1263 2636 1478 2694 superat
1523 2628 1683 2699 [quod
1716 2647 1813 2686 no—

220 2712 394 2756 Strum
425 2705 641 2773 quidem
670 2710 906 2782 superat]
936 2728 1038 2766 non
1069 2723 1151 2768 est
1175 2716 1416 2781 dubium;
1442 2720 1485 2771 si
1515 2730 1691 2776 autem
1723 2736 1813 2778 su-

221 2799 376 2855 perat
406 2801 460 2846 et
487 2795 820 2865 angelorum,
851 2809 906 2853 ut
936 2817 1035 2857 nec
1071 2803 1212 2872 ipsos
1241 2807 1518 2875 excepisse
1547 2810 1811 2877 videatur,

221 2882 304 2950 qui
358 2883 436 2936 ait
479 2899 690 2940 omnem
737 2887 1063 2946 intellectum
1101 2911 1113 2946 :
1147 2895 1438 2950 secundum
1474 2897 1574 2952 hoc
1603 2899 1805 2955 dictum

221 2989 338 3028 esse
383 2974 644 3032 debemus
683 2980 949 3050 accipere,
981 2983 1102 3050 quia
1151 3000 1340 3054 pacem
1385 2988 1478 3041 Dei
1525 3004 1626 3057 qua
1673 2990 1809 3045 Deus

221 3064 335 3132 ipse
380 3075 600 3134 pacatus
643 3078 745 3132 est,
773 3070 907 3125 sicut
942 3073 1081 3127 Deus
1112 3079 1278 3141 novit,
1311 3093 1414 3130 non
1446 3093 1564 3133 eam
1599 3095 1695 3133 nos
1727 3080 1804 3136 sic

222 3170 505 3222 possumus
535 3173 714 3224 nosse,
743 3175 842 3215 nec
872 3163 960 3216 ulli
993 3165 1185 3234 angeli.
1215 3165 1443 3232 Superat
1475 3170 1655 3237 itaque
1683 3186 1800 3225 om-

1927 601 2175 667 quoniam
2210 604 2506 660 videbimus
2536 621 2656 660 eum
2691 608 2843 662 sicuti
2872 622 2981 675 est;
3012 611 3175 666 iacies
3210 624 3386 668 autem
3417 616 3505 671 Dei

1926 692 2284 749 manifestatio
2327 699 2440 766 ejus
2493 699 2838 769 intelligenda
2879 711 2982 767 est,
3014 720 3117 758 non
3162 705 3360 776 aliquid
3403 708 3509 763 tale

1925 783 2304 853 membrorum,
2341 792 2494 858 quttle
2537 807 2632 845 nos
2681 793 2934 848 habemus
2978 796 3029 848 in
3073 813 3315 867 corpore,
3347 810 3507 869 atque

1927 873 2031 925 isto
2078 877 2294 930 nomine
2342 895 2722 948 nuncupamus.
2765 885 3096 954 Quapropter
3139 902 3259 942 cum
3304 905 3370 943 ex
3421 908 3507 945 me

1924 966 2183 1032 qumritur
2208 970 2334 1036 quid
2365 973 2530 1025 acturi
2561 975 2668 1027 sint
2694 977 2862 1028 saneti
2893 977 2942 1030 in
2981 977 3068 1030 illo
3097 993 3321 1048 corpore
3347 979 3506 1050 spiri-

1923 1053 2033 1116 tali,
2065 1071 2166 1108 non
2197 1056 2318 1111 dico
2349 1061 2486 1128 quod
2525 1064 2632 1127 jam
2661 1064 2832 1129 video,
2866 1065 2958 1118 sed
3005 1067 3123 1120 dico
3160 1069 3298 1134 quod
3340 1071 3502 1124 credo

1922 1147 2212 1201 secundum
2236 1149 2362 1203 illud
2384 1150 2524 1219 quod
2550 1151 2598 1205 in
2626 1154 2825 1220 psalmo
2849 1155 2999 1223 lego:
3023 1157 3257 1224 Credidi,
3284 1173 3502 1228 promer

1920 1237 2059 1302 quod
2091 1247 2144 1291 et
2173 1239 2380 1294 locutus
2409 1256 2545 1295 sum.
2600 1243 2728 1296 Dico
2760 1243 2962 1314 itaque,
2998 1247 3156 1300 visuri
3198 1259 3320 1302 sunt
3359 1250 3500 1320 [diro

1922 1325 2096 1394 itaque
2127 1327 2266 1396 quod
2297 1329 2463 1385 visuri
2506 1332 2632 1404 sint]
2666 1333 2828 1387 Deum
2873 1335 2925 1390 in
2970 1335 3086 1398 ipso
3134 1353 3377 1407 corpore,
3408 1341 3500 1395 sed

1923 1425 2102 1482 utrum,
2131 1433 2224 1484 per
2252 1419 2424 1489 ipsum
2456 1422 2592 1477 sicut
2623 1439 2717 1492 per
2744 1441 2936 1494 corpus
2967 1442 3107 1482 nunc
3135 1429 3375 1485 videmus
3414 1447 3503 1486 so-

1922 1506 2047 1573 lem,
2079 1507 2279 1574 lunam,
2307 1511 2507 1574 stellas,
2540 1529 2686 1568 mare
2724 1529 2784 1567 ac
2815 1525 3033 1583 terram,
3057 1527 3109 1572 et
3140 1534 3257 1589 qua:
3287 1533 3408 1575 sunt
3449 1524 3498 1577 in

1918 1609 2001 1662 ea,
2033 1611 2137 1650 non
2173 1613 2331 1667 parva
2361 1603 2592 1670 quaestio
2633 1613 2732 1657 cst.
2769 1604 2964 1659 Durum
3009 1617 3089 1662 est
3131 1609 3272 1663 enim
3321 1611 3500 1668 dicere

1919 1689 2059 1754 quod
2091 1693 2258 1744 sancti
2290 1693 2410 1746 talia
2440 1708 2549 1760 cor;
2571 1709 2662 1748 ora
2692 1707 2816 1750 tunc
2846 1696 3134 1765 habebunt,
3159 1711 3215 1755 ut
3247 1717 3350 1758 non
3376 1719 3499 1774 pns-

1917 1778 2023 1830 sint
2054 1780 2236 1834 oculos
2278 1783 2525 1839 claudere
2564 1795 2722 1854 atque
2763 1787 2970 1856 aperire
3000 1805 3120 1844 cum
3162 1793 3360 1849 volent.
3395 1795 3499 1850 Du-

1846 1864 1888 1922 B
1918 1867 2026 1919 rius
2055 1878 2229 1923 autem
2272 1871 2411 1939 quod
2459 1871 2528 1926 ibi
2578 1873 2742 1927 Deum
2773 1876 3009 1944 quisquis
3036 1880 3220 1935 oculos
3250 1882 3497 1941 clauserit

1919 1970 2023 2008 non
2062 1957 2280 2011 videbit.
2315 1959 2368 2014 Si
2401 1960 2541 2014 enim
2577 1962 2827 2030 propheta
2857 1963 3061 2019 Eliseus
3093 1983 3311 2035 puerum
3341 1987 3494 2029 suum

1917 2044 2060 2099 Giczi
2092 2047 2287 2102 absens
2325 2065 2552 2116 corpore
2583 2051 2713 2104 vidit
2753 2053 3100 2121 accipientem
3134 2075 3348 2114 munera
3378 2078 3497 2130 quae

1915 2136 2062 2190 dedit
2091 2142 2140 2191 el
2173 2137 2404 2192 Naaman
2430 2139 2594 2210 Syrus
2629 2142 2805 2209 (quem
2837 2148 3088 2214 tropbeta
3115 2161 3438 2207 memoratus
3464 2170 3494 2208 a

1916 2230 2077 2298 lepr:e
2103 2231 2441 2286 deformitate
2466 2235 2858 2305 mandaverat).
2887 2239 3027 2306 quod
3055 2254 3239 2296 servus
3266 2259 3492 2314 nequam

1915 2321 2143 2376 Domino
2185 2338 2282 2378 suo
2325 2340 2427 2378 non
2459 2325 2672 2380 vidente
2717 2327 2944 2384 latenter
2970 2345 3029 2384 se
3057 2332 3247 2390 fecisse
3278 2347 3496 2405 putave-

1917 2423 2018 2476 rat,
2049 2425 2248 2483 quanto
2279 2418 2448 2486 magis
2490 2419 2541 2472 in
2585 2419 2674 2472 illo
2713 2435 2940 2490 corpore
2985 2427 3211 2492 spiritali
3242 2431 3495 2488 videbunt

1916 2507 2088 2560 sancti
2121 2509 2332 2574 omnia,
2364 2523 2468 2562 non
2514 2511 2685 2564 solum
2718 2510 2761 2564 si
2789 2513 2968 2567 oculos
2999 2515 3272 2584 claudant,
3307 2538 3489 2579 verum

1913 2597 2070 2650 etiam
2117 2597 2253 2653 unde
2297 2609 2419 2653 sunt
2465 2615 2689 2670 corpore
2721 2601 3004 2659 absentes?
3034 2607 3182 2662 Tunc
3213 2610 3354 2666 enim
3387 2618 3488 2669 erit

1915 2687 2208 2754 perfectum
2235 2690 2386 2755 illud,
2413 2691 2480 2746 de
2510 2708 2617 2760 quo
2644 2692 2867 2762 loquens
2895 2699 3181 2764 Apostolus
3210 2716 3225 2754 :
3262 2701 3339 2756 Ex
3369 2721 3490 2775 par-

1916 2786 1986 2840 te,
2013 2777 2204 2846 inquit,
2229 2780 2448 2848 scimus,
2475 2791 2530 2836 et
2556 2797 2618 2838 ex
2651 2794 2799 2851 parte
2829 2787 3226 2858 prephetauus,
3253 2808 3372 2848 cum
3400 2812 3492 2852 au-

1915 2877 2018 2922 tem
2063 2871 2268 2924 venerit
2311 2872 2449 2937 quod
2495 2876 2781 2943 perlectum
2829 2887 2932 2940 c5t,
2961 2880 3102 2948 quod
3134 2897 3196 2936 ex
3232 2895 3379 2952 parte
3409 2898 3495 2944 est

1910 2964 2272 3019 evacuabitur.
2302 2966 2502 3021 Deinde
2533 2978 2589 3023 ut
2615 2970 2884 3039 quomolo
2917 2983 3094 3042 posset
3121 2975 3293 3045 aliqua
3339 2976 3494 3032 simi-

1911 3051 2132 3106 litudine
2162 3057 2504 3123 ostenderet,
2537 3068 2790 3128 quantum
2830 3060 2897 3115 ab
2940 3061 3023 3114 illa
3055 3079 3173 3130 qua:
3206 3065 3375 3119 futura
3406 3079 3494 3123 est

1911 3143 2068 3198 distet
2091 3143 2202 3200 hazc
2220 3147 2347 3214 vita,
2371 3163 2474 3202 non
2492 3150 2937 3222 qualinmcunque
2956 3152 3250 3220 hominum,
3275 3173 3486 3212 verum-

221 3258 342 3297 πίω
377 3245 731 3317 ἰηιθηρωυηι,
753 3266 854 3303 non
885 3223 1102 3306 dum“;
1125 3254 1264 3324 quod
1296 3223 1487 3325 ἐπεκα
1511 3223 1806 3316 διίηώιέέά
1838 3223 1882 3286 C
1914 3235 2073 3289 etiam
2104 3237 2193 3305 qui
2229 3239 2496 3309 praacipua
2531 3241 2613 3296 hic
2645 3244 2925 3299 sanctitate
2955 3257 3076 3300 sunt
3104 3248 3329 3315 praediti.
3357 3248 3490 3306 Cum

223 3334 346 3403 quia
395 3346 446 3390 et
497 3352 596 3392 nos
637 3352 733 3407 pro
775 3340 937 3395 modo
975 3352 1160 3397 nostro
1201 3346 1349 3412 pacis
1377 3345 1493 3414 ejus
1526 3347 1814 3412 participes

223 3425 370 3489 facti,
403 3441 670 3483 summam
704 3430 755 3484 in
787 3431 942 3486 nobis
968 3443 1128 3502 atque
1156 3434 1294 3490 inter
1324 3451 1440 3502 nos,
1465 3447 1514 3489 et
1543 3453 1661 3491 cum
1695 3440 1811 3508 ipso

223 3531 429 3586 pacem,
464 3530 717 3585 quantum
747 3533 984 3578 nostrum
1009 3540 1274 3581 summum
1295 3536 1396 3592 est,
1422 3527 1812 3585 obtinehimus:

223 3609 320 3662 isto
355 3610 548 3674 modo,
579 3627 674 3681 pro
700 3627 797 3668 suo
829 3615 988 3670 modo
1024 3621 1199 3672 sciunt
1236 3633 1353 3673 eam
1395 3621 1567 3674 saucti
1600 3623 1812 3693 angeli,

228 3700 475 3754 homines
506 3711 682 3758 autem
718 3721 855 3760 nunc
897 3707 1054 3778 longe
1095 3708 1228 3763 infra
1272 3712 1661 3780 quantumlibet
1692 3729 1814 3782 pro-

226 3803 380 3845 vectu
435 3792 723 3868 [profectu]
773 3799 967 3852 mentis
1025 3799 1309 3854 excellant.
1350 3799 1811 3860 Considerandum

225 3895 299 3937 est
329 3885 478 3938 enim
515 3897 743 3954 quantus
786 3888 866 3942 vir
908 3889 1118 3944 dicebat
1150 3909 1161 3942 :
1197 3891 1271 3946 Ex
1317 3903 1469 3960 parte
1510 3893 1650 3946 enim
1693 3895 1801 3948 sci-

225 3992 365 4040 mus,
401 3987 456 4031 et
500 3993 565 4032 ex
617 3990 764 4049 parte
807 3981 1207 4051 prophetamus,
1240 3982 1410 4038 donec
1448 3985 1624 4038 veniat
1669 3986 1810 4053 quod

225 4070 518 4135 perfectum
569 4077 678 4134 est,
727 4079 780 4123 et
823 4072 1063 4127 videmus
1109 4087 1250 4127 nunc
1293 4088 1387 4141 per
1437 4073 1709 4142 Speculum
1757 4079 1811 4130 in

224 4159 530 4230 :rnigmate,
558 4170 681 4216 tunc
722 4172 896 4217 autem
943 4163 1074 4218 facie
1116 4165 1180 4217 ad
1215 4164 1423 4219 faciem.
1485 4165 1574 4222 Sic
1595 4167 1704 4237 jam
1737 4169 1814 4222 vi-

225 4248 348 4304 dent
391 4251 599 4319 angeli,
628 4253 718 4322 qui
749 4252 906 4308 etiam
941 4256 1108 4309 nostri
1138 4256 1310 4325 angeli
1341 4255 1468 4310 dicti
1499 4267 1652 4323 sunt,
1684 4259 1808 4327 quia

223 4343 361 4396 eruti
407 4345 475 4396 de
518 4353 778 4412 potestate
828 4345 1190 4409 tenebrarum.
1222 4354 1277 4401 et
1325 4354 1545 4415 accepto
1591 4347 1813 4415 spiritus

225 4435 481 4502 pignore,
510 4433 749 4487 translati
778 4433 842 4487 ad
873 4449 1094 4504 regnum
1123 4435 1319 4489 Christi
1341 4477 1353 4500 ,
1383 4435 1445 4490 ad
1474 4449 1566 4490 eos
1592 4437 1812 4506 angelos

223 4521 332 4591 jam
363 4521 625 4590 coepimus
662 4523 961 4590 pertinere,
991 4539 1110 4579 cum
1143 4525 1334 4595 quibus
1365 4527 1516 4581 nobis
1546 4529 1649 4582 erit
1686 4543 1811 4582 san-

1921 3341 2122 3392 essem,
2159 3327 2358 3398 inquit,
2392 3332 2675 3400 parvulus,
2706 3334 2855 3405 quasi
2901 3337 3148 3405 parvulus
3191 3340 3494 3409 sapicbam,

1919 3421 2068 3486 quasi
2100 3421 2351 3487 parvulus
2383 3421 2658 3493 loquebar,
2693 3427 2841 3494 quasi
2885 3430 3134 3494 parvulus
3163 3431 3496 3501 cogitabam;

1919 3523 2038 3564 cum
2075 3520 2250 3566 autem
2280 3511 2449 3570 factus
2479 3531 2596 3570 sum
2635 3517 2732 3581 vir,
2770 3519 3024 3574 evacuavi
3055 3535 3115 3575 ea
3144 3538 3260 3589 quae
3287 3528 3498 3593 parvuli

1919 3611 2090 3654 erant.
2140 3601 2396 3659 Videmus
2446 3621 2584 3662 nunc
2635 3622 2729 3676 per
2769 3609 3040 3678 speculum
3085 3612 3138 3666 in
3188 3615 3499 3684 :enigmate,

1918 3701 2045 3747 tunc
2071 3703 2246 3748 autem
2279 3695 2411 3749 facie
2439 3698 2503 3750 ad
2535 3697 2754 3763 faciem;
2788 3715 2928 3753 nunc
2950 3700 3062 3754 scio
3087 3717 3149 3756 ex
3183 3715 3350 3771 parte,
3377 3717 3500 3763 tunc

1916 3797 2090 3842 autem
2121 3803 2438 3858 cognoscam
2475 3792 2611 3844 sicut
2653 3802 2707 3846 et
2755 3793 2998 3861 cognitus
3029 3809 3168 3850 sum.
3199 3798 3254 3852 Si
3285 3814 3413 3871 ergo
3443 3802 3494 3855 in

1918 3877 2017 3931 hac
2067 3880 2214 3942 vita,
2264 3879 2352 3934 ubi
2405 3879 2678 3934 hominum
2731 3882 3048 3938 mirabilium
3103 3888 3377 3955 prOphetia
3427 3892 3498 3946 ita

1916 3970 2275 4038 comparanda
2307 3981 2390 4026 est
2421 3971 2494 4026 ili
2529 3983 2682 4039 vtae,
2713 3974 2862 4042 quasi
2897 3977 3096 4042 parvuli
3129 3979 3192 4032 ad
3218 3979 3498 4048 juvenem,

1919 4057 2060 4114 Vidit
2105 4070 2285 4114 tamen
2335 4060 2543 4115 Eliseus
2602 4063 2949 4128 accipientem
3010 4081 3229 4122 munera
3282 4085 3494 4125 servum

1917 4161 2095 4214 suum,
2125 4148 2212 4203 ubi
2261 4149 2378 4218 ipse
2420 4165 2524 4205 non
2575 4159 2722 4216 erat;
2775 4151 2913 4209 itane
2971 4169 3091 4209 eum
3123 4160 3328 4212 venerit
3356 4163 3495 4230 quod

1917 4238 2202 4304 perfectum
2235 4247 2342 4305 est,
2373 4255 2468 4294 nec
2492 4240 2603 4310 jam
2633 4256 2827 4310 corpus
2861 4247 3204 4315 corruptibile
3230 4265 3481 4319 aggrava-

1918 4330 1993 4384 bit
2040 4333 2304 4396 animant.
2338 4332 2430 4388 sed
2482 4334 2883 4404 incorruptibile
2930 4339 3060 4393 nihil
3093 4342 3369 4412 impediet,
3419 4346 3496 4407 illi

1917 4423 2084 4478 sancti
2115 4423 2179 4478 ad
2206 4440 2267 4478 ea
2299 4440 2417 4496 qua:
2443 4426 2670 4481 videnda
2700 4437 2853 4495 sunt,
2877 4431 3046 4486 oculis
3069 4437 3342 4502 corporeis
3377 4439 3489 4501 qui—

1918 4513 2014 4566 lms
2043 4514 2250 4569 Eliseus
2280 4515 2475 4570 absens
2516 4515 2580 4569 ad
2629 4530 2842 4572 servum
2889 4535 3042 4574 suum
3071 4523 3354 4578 videndum
3388 4543 3506 4602 non,

226 4589 312 4665 aa
354 4589 514 4682 “(me
543 4589 878 4681 dulc’hsima’
909 4613 974 4670 de
1014 4631 1112 4684 qua
1148 4589 1258 4686 iam
1294 4625 1371 4670 ιοι
1398 4617 1562 4672 libros
1591 4619 1807 4688 scripsi-
1838 4589 1887 4648 Ῑ)
1916 4605 2141 4675 indiguit
2168 4606 2513 4676 indigebunt?
2541 4608 2672 4663 Nam
2711 4612 3001 4666 secundum
3047 4614 3363 4684 interpretes
3407 4591 3493 4676 sc-

223 4721 373 4768 ntus,
407 4705 498 4759 Dei
530 4706 714 4761 civitas
745 4706 862 4775 ipsa
895 4709 1213 4762 communis.
1265 4708 1356 4764 Sic
1401 4718 1526 4762 sunt
1553 4725 1680 4779 ergo
1712 4724 1808 4764 an-

220 4798 328 4865 geli
380 4799 591 4866 nostri,
637 4799 725 4870 qui
772 4808 900 4854 sunt
946 4800 1116 4870 angeli
1177 4801 1310 4867 Dei,
1361 4801 1806 4870 quemadmodum

219 4886 472 4940 Christus
515 4885 640 4952 Dei,
672 4887 914 4941 Christus
955 4897 1038 4942 est
1084 4899 1285 4943 noster.
1336 4889 1429 4943 Dei
1479 4897 1631 4953 sunt,
1684 4889 1806 4956 quia

220 4976 392 5030 Deum
434 4991 540 5030 non
581 4978 936 5045 reliquerunt;
972 4979 1138 5032 nostri
1172 4989 1324 5044 sunt,
1357 4979 1477 5047 quia
1507 4994 1632 5032 suos
1661 4979 1806 5034 cives

225 5082 328 5122 nos
370 5065 572 5120 habere
603 5076 894 5132 cmperunt.
961 5069 1100 5121 Dixit
1141 5080 1318 5122 autem
1364 5070 1563 5124 Jesus:
1603 5069 1806 5138 Videte,

223 5172 290 5211 ne
337 5156 709 5211 condemnetis
754 5173 912 5211 unum
961 5158 1028 5212 de
1070 5159 1273 5226 pusillis
1316 5159 1462 5224 istis;
1511 5160 1630 5213 dico
1668 5160 1810 5214 enim

221 5248 402 5311 vobis,
433 5247 555 5316 quia
596 5248 770 5317 angeli
801 5263 983 5303 eorum
1013 5264 1226 5317 semper
1256 5249 1308 5303 in
1343 5250 1494 5304 caelis
1524 5251 1706 5306 vident
1736 5251 1813 5306 fa-

221 5338 364 5390 ciem
399 5337 569 5392 Patris
600 5338 725 5404 ntei,
763 5338 851 5407 qui
889 5338 942 5393 in
986 5340 1137 5393 caelis
1165 5347 1266 5392 est.
1296 5339 1446 5394 Sicut
1473 5356 1600 5410 ergo
1631 5341 1701 5394 illi
1729 5343 1810 5394 vi-

220 5427 381 5490 dent,
416 5428 486 5480 ita
517 5436 569 5481 et
601 5443 696 5483 nos
725 5428 884 5482 visuri
916 5445 1128 5494 sumus,
1153 5429 1246 5484 sed
1277 5429 1509 5484 nondum
1555 5432 1624 5484 ita
1655 5431 1809 5486 vide-

223 5534 346 5571 mus
370 5529 587 5588 propter
606 5519 746 5588 quod
770 5521 844 5574 ait
866 5521 1151 5590 Apostolus
1173 5523 1313 5593 quod
1340 5524 1496 5591 paulo
1519 5535 1640 5578 ante
1663 5524 1769 5578 dixi
1793 5541 1808 5579 :

224 5608 484 5665 Videmus
518 5627 655 5666 nunc
688 5628 781 5680 per
807 5615 1078 5681 speculum
1116 5616 1165 5668 in
1197 5615 1510 5685 :enigmate,
1557 5625 1678 5670 tunc
1719 5632 1812 5671 au-

229 5709 337 5752 tem
367 5702 499 5756 facie
527 5703 591 5755 ad
625 5701 835 5758 faciem.
868 5705 1146 5759 Prmmium
1182 5709 1356 5773 itaque
1387 5708 1505 5762 fidei
1549 5709 1702 5762 nobis
1731 5708 1810 5760 vi-

231 5792 315 5845 sio
357 5791 455 5846 ista
502 5802 766 5861 servatur,
795 5795 861 5851 de
900 5810 1000 5865 qua
1049 5805 1102 5851 et
1145 5795 1377 5854 Joannes
1417 5800 1687 5869 apostolus
1734 5799 1812 5852 lo-

1923 4699 2193 4766 ptuaglnta
2224 4700 2321 4753 ista
2349 4709 2472 4755 sunt
2501 4703 2565 4755 ad
2593 4702 2739 4756 Giczi
2774 4703 2933 4758 verba
2967 4708 3240 4775 pr0phetze
3266 4727 3278 4762 :
3309 4711 3496 4770 Nonne

1913 4803 2009 4843 cor
2050 4805 2225 4844 meum
2272 4798 2442 4845 tecum
2485 4800 2630 4856 erat,
2660 4794 2872 4860 quando
2900 4810 3190 4852 conversus
3216 4809 3298 4854 est
3321 4802 3401 4856 vir
3429 4803 3498 4858 de

1913 4896 2071 4936 curru
2100 4883 2150 4937 in
2180 4883 2386 4938 obviam
2416 4884 2531 4950 tibi,
2555 4893 2602 4938 et
2635 4887 2884 4954 accepisti
2917 4890 3230 4956 pecuniam?
3253 4902 3356 4948 etc.
3381 4895 3498 4951 Sic-

1914 4983 1972 5027 ut
1995 4981 2173 5028 autem
2202 4990 2266 5030 ex
2300 4974 2522 5030 llebrazo
2552 4976 2926 5046 interpretatus
2954 4991 3035 5036 est
3065 4985 3346 5056 presbyter
3372 4988 3494 5043 llic.-

1917 5079 2174 5133 ronymus
2220 5082 2233 5118 :
2279 5065 2466 5121 Nonne
2509 5080 2601 5120 cor
2649 5082 2856 5137 meum,
2887 5070 3085 5141 inquit,
3119 5073 3171 5128 in
3214 5081 3496 5144 praisentia

1917 5163 2063 5221 erat,
2092 5155 2302 5224 quando
2336 5171 2582 5211 reversus
2613 5166 2695 5212 est
2724 5158 2884 5215 homo
2912 5161 2978 5216 de
3007 5177 3166 5218 curru
3195 5179 3294 5220 suo
3323 5167 3374 5221 in
3405 5183 3495 5221 oc-

1915 5259 2130 5300 cursum
2171 5246 2306 5301 tibi?
2343 5247 2515 5302 Corde
2558 5262 2655 5303 suo
2702 5265 2829 5318 ergo
2876 5267 2934 5306 se
2976 5254 3112 5309 dixit
3155 5257 3254 5308 hoc
3297 5257 3495 5314 vidisse

1919 5335 2176 5404 propheta
2197 5376 2212 5400 ,
2246 5337 2427 5402 adjuto
2456 5338 2668 5406 quidem
2702 5342 3013 5397 mirabiliter
3042 5345 3189 5398 nullo
3219 5345 3495 5402 dubitan'e

1917 5425 2205 5490 divinitus;
2239 5426 2331 5480 sed
2378 5437 2576 5496 quanto
2604 5430 2830 5497 amplius
2876 5439 2999 5486 tunc
3043 5447 3229 5488 omnes
3269 5450 3492 5491 munere

1918 5518 2021 5569 isto
2049 5517 2414 5582 abundabunt,
2448 5536 2567 5574 cum
2605 5521 2738 5575 Deus
2769 5521 2871 5576 erit
2896 5524 3071 5578 omnia
3114 5524 3163 5577 in
3207 5526 3492 5603 omnibus?

1919 5612 2197 5668 Habebunt
2241 5622 2417 5668 tamen
2463 5615 2622 5669 etiam
2671 5615 2741 5667 illi
2785 5615 2922 5669 oculi
2968 5618 3208 5685 corporei
3256 5619 3489 5676 olficium

1917 5719 2091 5769 suum,
2119 5712 2172 5757 et
2211 5705 2261 5756 in
2304 5704 2419 5758 loco
2458 5719 2554 5758 suo
2596 5711 2771 5768 erunt,
2805 5711 3087 5775 uteturque
3131 5709 3233 5762 illis
3273 5711 3490 5777 spiritus

1919 5811 2012 5862 per
2052 5793 2289 5864 spiritale
2331 5810 2542 5864 corpus.
2571 5794 2752 5863 Neque
2797 5795 2936 5850 enim
2984 5805 3038 5853 et
3079 5799 3164 5853 ille
3210 5802 3492 5872 pmpheta,
