  <div class='ocr_page' id='page_1' title='image "/cluster/home/n/w/nwhite01/storage/ocr_20150623/62/hvd.32044054758693/413.png"; bbox 0 0 3990 6180; ppageno 0'>
   <div class='ocr_carea' id='block_1_1' title="bbox 471 351 580 407">
    <p class='ocr_par' dir='ltr' id='par_1_1' title="bbox 471 351 580 407">
     <span class='ocr_line' id='line_1_1' title="bbox 471 351 580 407; baseline 0 0"><span class='ocrx_word' id='word_1_1' title='bbox 471 351 580 407; x_wconf 69' lang='grc'><strong>815</strong></span> 
     </span>
    </p>
   </div>
   <div class='ocr_carea' id='block_1_2' title="bbox 1555 336 2685 410">
    <p class='ocr_par' dir='ltr' id='par_1_2' title="bbox 1555 336 2685 410">
     <span class='ocr_line' id='line_1_2' title="bbox 1555 336 2685 410; baseline -0.004 -14"><span class='ocrx_word' id='word_1_2' title='bbox 1555 343 1624 396; x_wconf 83' lang='lat' dir='ltr'><strong>-D.</strong></span> <span class='ocrx_word' id='word_1_3' title='bbox 1667 339 1986 396; x_wconf 76' lang='lat' dir='ltr'><strong>EUGYI‘PII</strong></span> <span class='ocrx_word' id='word_1_4' title='bbox 2031 336 2322 410; x_wconf 78' lang='lat' dir='ltr'><strong>ABBATIS</strong></span> <span class='ocrx_word' id='word_1_5' title='bbox 2363 337 2685 395; x_wconf 75' lang='lat' dir='ltr'><strong>AFRICANI</strong></span> 
     </span>
    </p>
   </div>
   <div class='ocr_carea' id='block_1_3' title="bbox 3621 346 3726 402">
    <p class='ocr_par' dir='ltr' id='par_1_3' title="bbox 3621 346 3726 402">
     <span class='ocr_line' id='line_1_3' title="bbox 3621 346 3726 402; baseline 0.029 -3"><span class='ocrx_word' id='word_1_6' title='bbox 3621 346 3726 402; x_wconf 78' lang='lat'><strong>816</strong></span> 
     </span>
    </p>
   </div>
   <div class='ocr_carea' id='block_1_4' title="bbox 477 460 2055 546">
    <p class='ocr_par' dir='ltr' id='par_1_4' title="bbox 477 460 2055 543">
     <span class='ocr_line' id='line_1_4' title="bbox 477 460 2055 543; baseline -0.007 -19"><span class='ocrx_word' id='word_1_7' title='bbox 477 472 603 543; x_wconf 88' lang='lat' dir='ltr'><strong>quia</strong></span> <span class='ocrx_word' id='word_1_8' title='bbox 654 485 757 524; x_wconf 93' lang='lat' dir='ltr'><strong>non</strong></span> <span class='ocrx_word' id='word_1_9' title='bbox 792 468 886 522; x_wconf 87' lang='lat' dir='ltr'><strong>-eis</strong></span> <span class='ocrx_word' id='word_1_10' title='bbox 923 464 1157 536; x_wconf 37' lang='lat' dir='ltr'><strong>.indiguit</strong></span> <span class='ocrx_word' id='word_1_11' title='bbox 1189 473 1249 518; x_wconf 91' lang='lat' dir='ltr'><strong>ut</strong></span> <span class='ocrx_word' id='word_1_12' title='bbox 1280 462 1488 517; x_wconf 64' lang='lat' dir='ltr'><strong>videret</strong></span> <span class='ocrx_word' id='word_1_13' title='bbox 1517 461 1816 526; x_wconf 85' lang='lat' dir='ltr'><strong>absentem,</strong></span> <span class='ocrx_word' id='word_1_14' title='bbox 1848 476 1952 515; x_wconf 91' lang='lat' dir='ltr'><strong>non</strong></span> <span class='ocrx_word' id='word_1_15' title='bbox 1983 460 2055 514; x_wconf 88' lang='lat' dir='ltr'><strong>eis</strong></span> 
     </span>
    </p>
   </div>
   <div class='ocr_carea' id='block_1_5' title="bbox 2159 460 3725 546">
    <p class='ocr_par' dir='ltr' id='par_1_5' title="bbox 2168 475 3725 546">
     <span class='ocr_line' id='line_1_5' title="bbox 2168 475 3725 546; baseline 0.003 -16"><span class='ocrx_word' id='word_1_16' title='bbox 2168 485 2222 530; x_wconf 93' lang='lat' dir='ltr'><strong>ut</strong></span> <span class='ocrx_word' id='word_1_17' title='bbox 2247 477 2413 531; x_wconf 92' lang='lat' dir='ltr'><strong>Deum</strong></span> <span class='ocrx_word' id='word_1_18' title='bbox 2439 492 2533 545; x_wconf 86' lang='lat' dir='ltr'><strong>per</strong></span> <span class='ocrx_word' id='word_1_19' title='bbox 2563 475 2698 531; x_wconf 77' lang='lat' dir='ltr'><strong>hanc</strong></span> <span class='ocrx_word' id='word_1_20' title='bbox 2725 475 2912 531; x_wconf 88' lang='lat' dir='ltr'><strong>faciem</strong></span> <span class='ocrx_word' id='word_1_21' title='bbox 2941 476 3298 546; x_wconf 82' lang='lat' dir='ltr'><strong>corporalem,</strong></span> <span class='ocrx_word' id='word_1_22' title='bbox 3332 476 3418 532; x_wconf 89' lang='lat' dir='ltr'><strong>ubi</strong></span> <span class='ocrx_word' id='word_1_23' title='bbox 3451 488 3570 532; x_wconf 89' lang='lat' dir='ltr'><strong>sunt</strong></span> <span class='ocrx_word' id='word_1_24' title='bbox 3590 483 3725 535; x_wconf 88' lang='lat' dir='ltr'><strong>oculi</strong></span> 
     </span>
    </p>
   </div>
   <div class='ocr_carea' id='block_1_6' title="bbox 479 552 2054 624">
    <p class='ocr_par' dir='ltr' id='par_1_6' title="bbox 479 552 2054 624">
     <span class='ocr_line' id='line_1_6' title="bbox 479 552 2054 624; baseline -0.008 -7"><span class='ocrx_word' id='word_1_25' title='bbox 479 577 606 617; x_wconf 80' lang='lat' dir='ltr'><strong>usus</strong></span> <span class='ocrx_word' id='word_1_26' title='bbox 651 571 733 614; x_wconf 91' lang='lat' dir='ltr'><strong>est</strong></span> <span class='ocrx_word' id='word_1_27' title='bbox 781 558 845 613; x_wconf 92' lang='lat' dir='ltr'><strong>ad</strong></span> <span class='ocrx_word' id='word_1_28' title='bbox 891 557 1115 611; x_wconf 90' lang='lat' dir='ltr'><strong>videnda</strong></span> <span class='ocrx_word' id='word_1_29' title='bbox 1165 554 1472 624; x_wconf 76' lang='lat' dir='ltr'><strong>prtcscntia,</strong></span> <span class='ocrx_word' id='word_1_30' title='bbox 1499 566 1618 619; x_wconf 59' lang='lat' dir='ltr'><strong>quas</strong></span> <span class='ocrx_word' id='word_1_31' title='bbox 1651 560 1829 606; x_wconf 88' lang='lat' dir='ltr'><strong>tamen</strong></span> <span class='ocrx_word' id='word_1_32' title='bbox 1864 552 2054 619; x_wconf 85' lang='lat' dir='ltr'><strong>spiritu</strong></span> 
     </span>
    </p>
   </div>
   <div class='ocr_carea' id='block_1_7' title="bbox 465 646 2052 723">
    <p class='ocr_par' dir='ltr' id='par_1_7' title="bbox 465 646 2052 723">
     <span class='ocr_line' id='line_1_7' title="bbox 465 646 2052 723; baseline -0.005 -14"><span class='ocrx_word' id='word_1_33' title='bbox 465 657 657 709; x_wconf 80' lang='lat' dir='ltr'><strong>videre</strong></span> <span class='ocrx_word' id='word_1_34' title='bbox 685 662 885 723; x_wconf 87' lang='lat' dir='ltr'><strong>posset,</strong></span> <span class='ocrx_word' id='word_1_35' title='bbox 926 650 1133 706; x_wconf 88' lang='lat' dir='ltr'><strong>etiamsi</strong></span> <span class='ocrx_word' id='word_1_36' title='bbox 1176 649 1292 702; x_wconf 88' lang='lat' dir='ltr'><strong>illos</strong></span> <span class='ocrx_word' id='word_1_37' title='bbox 1322 646 1610 709; x_wconf 84' lang='lat' dir='ltr'><strong>clauderet,</strong></span> <span class='ocrx_word' id='word_1_38' title='bbox 1640 647 1774 701; x_wconf 87' lang='lat' dir='ltr'><strong>sicut</strong></span> <span class='ocrx_word' id='word_1_39' title='bbox 1801 646 1930 700; x_wconf 92' lang='lat' dir='ltr'><strong>vidit</strong></span> <span class='ocrx_word' id='word_1_40' title='bbox 1957 647 2052 701; x_wconf 83' lang='lat' dir='ltr'><strong>ab-</strong></span> 
     </span>
    </p>
   </div>
   <div class='ocr_carea' id='block_1_8' title="bbox 476 736 2054 809">
    <p class='ocr_par' dir='ltr' id='par_1_8' title="bbox 476 736 2054 809">
     <span class='ocr_line' id='line_1_8' title="bbox 476 736 2054 809; baseline -0.008 -7"><span class='ocrx_word' id='word_1_41' title='bbox 476 747 644 803; x_wconf 89' lang='lat' dir='ltr'><strong>sentia</strong></span> <span class='ocrx_word' id='word_1_42' title='bbox 675 746 763 798; x_wconf 92' lang='lat' dir='ltr'><strong>ubi</strong></span> <span class='ocrx_word' id='word_1_43' title='bbox 794 759 912 796; x_wconf 90' lang='lat' dir='ltr'><strong>cum</strong></span> <span class='ocrx_word' id='word_1_44' title='bbox 944 742 1021 796; x_wconf 90' lang='lat' dir='ltr'><strong>eis</strong></span> <span class='ocrx_word' id='word_1_45' title='bbox 1052 742 1164 809; x_wconf 92' lang='lat' dir='ltr'><strong>ipse</strong></span> <span class='ocrx_word' id='word_1_46' title='bbox 1195 755 1299 794; x_wconf 89' lang='lat' dir='ltr'><strong>non</strong></span> <span class='ocrx_word' id='word_1_47' title='bbox 1330 746 1464 793; x_wconf 87' lang='lat' dir='ltr'><strong>erat.</strong></span> <span class='ocrx_word' id='word_1_48' title='bbox 1489 737 1643 792; x_wconf 88' lang='lat' dir='ltr'><strong>Absit</strong></span> <span class='ocrx_word' id='word_1_49' title='bbox 1669 751 1796 804; x_wconf 79' lang='lat' dir='ltr'><strong>ergo</strong></span> <span class='ocrx_word' id='word_1_50' title='bbox 1824 746 1880 790; x_wconf 92' lang='lat' dir='ltr'><strong>ut</strong></span> <span class='ocrx_word' id='word_1_51' title='bbox 1909 736 2054 790; x_wconf 90' lang='lat' dir='ltr'><strong>dica-</strong></span> 
     </span>
    </p>
   </div>
   <div class='ocr_carea' id='block_1_9' title="bbox 475 829 2052 895">
    <p class='ocr_par' dir='ltr' id='par_1_9' title="bbox 475 829 2052 895">
     <span class='ocr_line' id='line_1_9' title="bbox 475 829 2052 895; baseline -0.009 0"><span class='ocrx_word' id='word_1_52' title='bbox 475 834 737 895; x_wconf 32' lang='lat' dir='ltr'><strong>mus’ill‘os</strong></span> <span class='ocrx_word' id='word_1_53' title='bbox 766 844 978 888; x_wconf 91' lang='lat' dir='ltr'><strong>sanctos</strong></span> <span class='ocrx_word' id='word_1_54' title='bbox 1007 834 1059 886; x_wconf 91' lang='lat' dir='ltr'><strong>in</strong></span> <span class='ocrx_word' id='word_1_55' title='bbox 1086 829 1173 887; x_wconf 91' lang='lat' dir='ltr'><strong>illa</strong></span> <span class='ocrx_word' id='word_1_56' title='bbox 1205 832 1307 884; x_wconf 92' lang='lat' dir='ltr'><strong>vita</strong></span> <span class='ocrx_word' id='word_1_57' title='bbox 1336 831 1502 885; x_wconf 91' lang='lat' dir='ltr'><strong>Deum</strong></span> <span class='ocrx_word' id='word_1_58' title='bbox 1529 830 1723 884; x_wconf 84' lang='lat' dir='ltr'><strong>clausis</strong></span> <span class='ocrx_word' id='word_1_59' title='bbox 1751 829 1919 882; x_wconf 91' lang='lat' dir='ltr'><strong>oculis</strong></span> <span class='ocrx_word' id='word_1_60' title='bbox 1947 843 2052 882; x_wconf 93' lang='lat' dir='ltr'><strong>non</strong></span> 
     </span>
    </p>
   </div>
   <div class='ocr_carea' id='block_1_10' title="bbox 477 918 2052 995">
    <p class='ocr_par' dir='ltr' id='par_1_10' title="bbox 477 918 2052 995">
     <span class='ocr_line' id='line_1_10' title="bbox 477 918 2052 995; baseline -0.006 -14"><span class='ocrx_word' id='word_1_61' title='bbox 477 933 705 993; x_wconf 81' lang='lat' dir='ltr'><strong>visuros,</strong></span> <span class='ocrx_word' id='word_1_62' title='bbox 736 941 893 995; x_wconf 87' lang='lat' dir='ltr'><strong>quem</strong></span> <span class='ocrx_word' id='word_1_63' title='bbox 943 923 1134 993; x_wconf 89' lang='lat' dir='ltr'><strong>spiritu</strong></span> <span class='ocrx_word' id='word_1_64' title='bbox 1181 937 1394 986; x_wconf 83' lang='lat' dir='ltr'><strong>semper</strong></span> <span class='ocrx_word' id='word_1_65' title='bbox 1436 919 1710 986; x_wconf 88' lang='lat' dir='ltr'><strong>videbunt,</strong></span> <span class='ocrx_word' id='word_1_66' title='bbox 1743 918 1836 972; x_wconf 91' lang='lat' dir='ltr'><strong>sed</strong></span> <span class='ocrx_word' id='word_1_67' title='bbox 1875 925 2052 972; x_wconf 89' lang='lat' dir='ltr'><strong>utrum</strong></span> 
     </span>
    </p>
   </div>
   <div class='ocr_carea' id='block_1_11' title="bbox 475 1008 2053 1085">
    <p class='ocr_par' dir='ltr' id='par_1_11' title="bbox 475 1008 2053 1085">
     <span class='ocr_line' id='line_1_11' title="bbox 475 1008 2053 1085; baseline -0.008 -12"><span class='ocrx_word' id='word_1_68' title='bbox 475 1021 750 1082; x_wconf 88' lang='lat' dir='ltr'><strong>videbunt,</strong></span> <span class='ocrx_word' id='word_1_69' title='bbox 775 1026 828 1070; x_wconf 87' lang='lat' dir='ltr'><strong>et</strong></span> <span class='ocrx_word' id='word_1_70' title='bbox 856 1030 950 1085; x_wconf 88' lang='lat' dir='ltr'><strong>per</strong></span> <span class='ocrx_word' id='word_1_71' title='bbox 977 1014 1165 1069; x_wconf 89' lang='lat' dir='ltr'><strong>oculos</strong></span> <span class='ocrx_word' id='word_1_72' title='bbox 1190 1013 1429 1080; x_wconf 90' lang='lat' dir='ltr'><strong>corporis</strong></span> <span class='ocrx_word' id='word_1_73' title='bbox 1453 1025 1572 1064; x_wconf 92' lang='lat' dir='ltr'><strong>cum</strong></span> <span class='ocrx_word' id='word_1_74' title='bbox 1600 1023 1692 1064; x_wconf 90' lang='lat' dir='ltr'><strong>eos</strong></span> <span class='ocrx_word' id='word_1_75' title='bbox 1722 1015 1934 1076; x_wconf 83' lang='lat' dir='ltr'><strong>apertos</strong></span> <span class='ocrx_word' id='word_1_76' title='bbox 1960 1008 2053 1061; x_wconf 77' lang='lat' dir='ltr'><strong>ha—</strong></span> 
     </span>
    </p>
   </div>
   <div class='ocr_carea' id='block_1_12' title="bbox 473 1100 2052 1176">
    <p class='ocr_par' dir='ltr' id='par_1_12' title="bbox 473 1100 2052 1176">
     <span class='ocr_line' id='line_1_12' title="bbox 473 1100 2052 1176; baseline -0.008 -9"><span class='ocrx_word' id='word_1_77' title='bbox 473 1112 693 1172; x_wconf 90' lang='lat' dir='ltr'><strong>bebunt,</strong></span> <span class='ocrx_word' id='word_1_78' title='bbox 719 1108 841 1162; x_wconf 91' lang='lat' dir='ltr'><strong>inde</strong></span> <span class='ocrx_word' id='word_1_79' title='bbox 869 1107 1092 1176; x_wconf 80' lang='lat' dir='ltr'><strong>quaestio</strong></span> <span class='ocrx_word' id='word_1_80' title='bbox 1120 1114 1223 1160; x_wconf 88' lang='lat' dir='ltr'><strong>est.</strong></span> <span class='ocrx_word' id='word_1_81' title='bbox 1245 1104 1300 1159; x_wconf 97' lang='lat' dir='ltr'><strong>Si</strong></span> <span class='ocrx_word' id='word_1_82' title='bbox 1332 1103 1474 1156; x_wconf 89' lang='lat' dir='ltr'><strong>enim</strong></span> <span class='ocrx_word' id='word_1_83' title='bbox 1502 1109 1704 1155; x_wconf 90' lang='lat' dir='ltr'><strong>tantum</strong></span> <span class='ocrx_word' id='word_1_84' title='bbox 1732 1108 1978 1168; x_wconf 90' lang='lat' dir='ltr'><strong>poterunt</strong></span> <span class='ocrx_word' id='word_1_85' title='bbox 2001 1100 2052 1154; x_wconf 90' lang='lat' dir='ltr'><strong>in</strong></span> 
     </span>
    </p>
   </div>
   <div class='ocr_carea' id='block_1_13' title="bbox 475 1189 2052 1270">
    <p class='ocr_par' dir='ltr' id='par_1_13' title="bbox 475 1189 2052 1270">
     <span class='ocr_line' id='line_1_13' title="bbox 475 1189 2052 1270; baseline -0.007 -17"><span class='ocrx_word' id='word_1_86' title='bbox 475 1215 699 1270; x_wconf 82' lang='lat' dir='ltr'><strong>corpore</strong></span> <span class='ocrx_word' id='word_1_87' title='bbox 742 1197 989 1267; x_wconf 79' lang='lat' dir='ltr'><strong>spiritali,</strong></span> <span class='ocrx_word' id='word_1_88' title='bbox 1022 1210 1086 1250; x_wconf 91' lang='lat' dir='ltr'><strong>eo</strong></span> <span class='ocrx_word' id='word_1_89' title='bbox 1132 1193 1291 1249; x_wconf 88' lang='lat' dir='ltr'><strong>modo</strong></span> <span class='ocrx_word' id='word_1_90' title='bbox 1335 1193 1519 1260; x_wconf 87' lang='lat' dir='ltr'><strong>utique</strong></span> <span class='ocrx_word' id='word_1_91' title='bbox 1559 1192 1720 1245; x_wconf 89' lang='lat' dir='ltr'><strong>etiam</strong></span> <span class='ocrx_word' id='word_1_92' title='bbox 1769 1191 1868 1258; x_wconf 89' lang='lat' dir='ltr'><strong>ipsi</strong></span> <span class='ocrx_word' id='word_1_93' title='bbox 1913 1189 2052 1243; x_wconf 91' lang='lat' dir='ltr'><strong>oculi</strong></span> 
     </span>
    </p>
   </div>
   <div class='ocr_carea' id='block_1_14' title="bbox 476 1281 2050 1359">
    <p class='ocr_par' dir='ltr' id='par_1_14' title="bbox 476 1281 2050 1359">
     <span class='ocr_line' id='line_1_14' title="bbox 476 1281 2050 1359; baseline -0.004 -16"><span class='ocrx_word' id='word_1_94' title='bbox 476 1291 766 1359; x_wconf 84' lang='lat' dir='ltr'><strong>spiritales,</strong></span> <span class='ocrx_word' id='word_1_95' title='bbox 799 1297 1053 1356; x_wconf 86' lang='lat' dir='ltr'><strong>quantum</strong></span> <span class='ocrx_word' id='word_1_96' title='bbox 1099 1291 1323 1355; x_wconf 90' lang='lat' dir='ltr'><strong>possunt</strong></span> <span class='ocrx_word' id='word_1_97' title='bbox 1369 1283 1458 1336; x_wconf 88' lang='lat' dir='ltr'><strong>isti</strong></span> <span class='ocrx_word' id='word_1_98' title='bbox 1504 1282 1689 1352; x_wconf 82' lang='lat' dir='ltr'><strong>quales</strong></span> <span class='ocrx_word' id='word_1_99' title='bbox 1720 1297 1857 1335; x_wconf 93' lang='lat' dir='ltr'><strong>nunc</strong></span> <span class='ocrx_word' id='word_1_100' title='bbox 1887 1281 2050 1336; x_wconf 90' lang='lat' dir='ltr'><strong>habe-</strong></span> 
     </span>
    </p>
   </div>
   <div class='ocr_carea' id='block_1_15' title="bbox 480 1373 2047 1448">
    <p class='ocr_par' dir='ltr' id='par_1_15' title="bbox 480 1373 2047 1448">
     <span class='ocr_line' id='line_1_15' title="bbox 480 1373 2047 1448; baseline -0.007 -14"><span class='ocrx_word' id='word_1_101' title='bbox 480 1394 618 1446; x_wconf 80' lang='lat' dir='ltr'><strong>mus,</strong></span> <span class='ocrx_word' id='word_1_102' title='bbox 650 1377 1001 1448; x_wconf 82' lang='lat' dir='ltr'><strong>proculdubio</strong></span> <span class='ocrx_word' id='word_1_103' title='bbox 1034 1391 1126 1444; x_wconf 91' lang='lat' dir='ltr'><strong>per</strong></span> <span class='ocrx_word' id='word_1_104' title='bbox 1154 1389 1248 1429; x_wconf 90' lang='lat' dir='ltr'><strong>eos</strong></span> <span class='ocrx_word' id='word_1_105' title='bbox 1292 1375 1430 1427; x_wconf 88' lang='lat' dir='ltr'><strong>Deus</strong></span> <span class='ocrx_word' id='word_1_106' title='bbox 1468 1373 1635 1428; x_wconf 87' lang='lat' dir='ltr'><strong>videri</strong></span> <span class='ocrx_word' id='word_1_107' title='bbox 1686 1389 1789 1426; x_wconf 90' lang='lat' dir='ltr'><strong>non</strong></span> <span class='ocrx_word' id='word_1_108' title='bbox 1835 1373 2047 1440; x_wconf 90' lang='lat' dir='ltr'><strong>poterit.</strong></span> 
     </span>
    </p>
   </div>
   <div class='ocr_carea' id='block_1_16' title="bbox 478 1462 2051 1536">
    <p class='ocr_par' dir='ltr' id='par_1_16' title="bbox 478 1462 2051 1536">
     <span class='ocr_line' id='line_1_16' title="bbox 478 1462 2051 1536; baseline -0.004 -15"><span class='ocrx_word' id='word_1_109' title='bbox 478 1469 656 1536; x_wconf 85' lang='lat' dir='ltr'><strong>Longe</strong></span> <span class='ocrx_word' id='word_1_110' title='bbox 686 1467 862 1535; x_wconf 87' lang='lat' dir='ltr'><strong>itaque</strong></span> <span class='ocrx_word' id='word_1_111' title='bbox 891 1465 1109 1518; x_wconf 86' lang='lat' dir='ltr'><strong>alterius</strong></span> <span class='ocrx_word' id='word_1_112' title='bbox 1150 1472 1307 1518; x_wconf 90' lang='lat' dir='ltr'><strong>erunt</strong></span> <span class='ocrx_word' id='word_1_113' title='bbox 1334 1462 1583 1532; x_wconf 61' lang='lat' dir='ltr'><strong>potentia!</strong></span> <span class='ocrx_word' id='word_1_114' title='bbox 1602 1503 1616 1528; x_wconf 92' lang='lat'><strong>,</strong></span> <span class='ocrx_word' id='word_1_115' title='bbox 1647 1465 1690 1516; x_wconf 88' lang='lat' dir='ltr'><strong>si</strong></span> <span class='ocrx_word' id='word_1_116' title='bbox 1734 1477 1829 1531; x_wconf 89' lang='lat' dir='ltr'><strong>per</strong></span> <span class='ocrx_word' id='word_1_117' title='bbox 1856 1475 1948 1515; x_wconf 83' lang='lat' dir='ltr'><strong>eos</strong></span> <span class='ocrx_word' id='word_1_118' title='bbox 1976 1462 2051 1514; x_wconf 89' lang='lat' dir='ltr'><strong>vi-</strong></span> 
     </span>
    </p>
   </div>
   <div class='ocr_carea' id='block_1_17' title="bbox 479 1553 2052 1624">
    <p class='ocr_par' dir='ltr' id='par_1_17' title="bbox 479 1553 2052 1624">
     <span class='ocr_line' id='line_1_17' title="bbox 479 1553 2052 1624; baseline -0.003 -14"><span class='ocrx_word' id='word_1_119' title='bbox 479 1557 692 1611; x_wconf 89' lang='lat' dir='ltr'><strong>debitur</strong></span> <span class='ocrx_word' id='word_1_120' title='bbox 721 1557 1034 1624; x_wconf 89' lang='lat' dir='ltr'><strong>incorporea</strong></span> <span class='ocrx_word' id='word_1_121' title='bbox 1080 1556 1168 1608; x_wconf 89' lang='lat' dir='ltr'><strong>illa</strong></span> <span class='ocrx_word' id='word_1_122' title='bbox 1215 1563 1402 1608; x_wconf 89' lang='lat' dir='ltr'><strong>natura</strong></span> <span class='ocrx_word' id='word_1_123' title='bbox 1452 1568 1572 1623; x_wconf 68' lang='lat' dir='ltr'><strong>qua:</strong></span> <span class='ocrx_word' id='word_1_124' title='bbox 1611 1568 1713 1606; x_wconf 92' lang='lat' dir='ltr'><strong>non</strong></span> <span class='ocrx_word' id='word_1_125' title='bbox 1753 1553 2052 1606; x_wconf 91' lang='lat' dir='ltr'><strong>continetur</strong></span> 
     </span>
    </p>
   </div>
   <div class='ocr_carea' id='block_1_18' title="bbox 479 1644 2052 1716">
    <p class='ocr_par' dir='ltr' id='par_1_18' title="bbox 479 1644 2052 1716">
     <span class='ocr_line' id='line_1_18' title="bbox 479 1644 2052 1716; baseline -0.004 -14"><span class='ocrx_word' id='word_1_126' title='bbox 479 1651 618 1712; x_wconf 81' lang='lat' dir='ltr'><strong>loco,</strong></span> <span class='ocrx_word' id='word_1_127' title='bbox 652 1647 747 1702; x_wconf 91' lang='lat' dir='ltr'><strong>sed</strong></span> <span class='ocrx_word' id='word_1_128' title='bbox 783 1648 978 1716; x_wconf 88' lang='lat' dir='ltr'><strong>ubique</strong></span> <span class='ocrx_word' id='word_1_129' title='bbox 1022 1653 1130 1700; x_wconf 90' lang='lat' dir='ltr'><strong>tota</strong></span> <span class='ocrx_word' id='word_1_130' title='bbox 1181 1653 1282 1700; x_wconf 88' lang='lat' dir='ltr'><strong>est.</strong></span> <span class='ocrx_word' id='word_1_131' title='bbox 1314 1646 1427 1700; x_wconf 81' lang='lat' dir='ltr'><strong>Non</strong></span> <span class='ocrx_word' id='word_1_132' title='bbox 1474 1645 1615 1700; x_wconf 90' lang='lat' dir='ltr'><strong>enim</strong></span> <span class='ocrx_word' id='word_1_133' title='bbox 1663 1645 1782 1714; x_wconf 87' lang='lat' dir='ltr'><strong>quia</strong></span> <span class='ocrx_word' id='word_1_134' title='bbox 1828 1644 2052 1698; x_wconf 85' lang='lat' dir='ltr'><strong>dicimus</strong></span> 
     </span>
    </p>
   </div>
   <div class='ocr_carea' id='block_1_19' title="bbox 482 1733 2052 1804">
    <p class='ocr_par' dir='ltr' id='par_1_19' title="bbox 482 1733 2052 1804">
     <span class='ocr_line' id='line_1_19' title="bbox 482 1733 2052 1804; baseline -0.004 -11"><span class='ocrx_word' id='word_1_135' title='bbox 482 1740 646 1794; x_wconf 92' lang='lat' dir='ltr'><strong>Deum</strong></span> <span class='ocrx_word' id='word_1_136' title='bbox 677 1747 730 1792; x_wconf 89' lang='lat' dir='ltr'><strong>et</strong></span> <span class='ocrx_word' id='word_1_137' title='bbox 759 1739 813 1793; x_wconf 91' lang='lat' dir='ltr'><strong>in</strong></span> <span class='ocrx_word' id='word_1_138' title='bbox 852 1737 990 1793; x_wconf 72' lang='lat' dir='ltr'><strong>cmlo</strong></span> <span class='ocrx_word' id='word_1_139' title='bbox 1031 1751 1150 1791; x_wconf 89' lang='lat' dir='ltr'><strong>esse</strong></span> <span class='ocrx_word' id='word_1_140' title='bbox 1195 1745 1250 1790; x_wconf 90' lang='lat' dir='ltr'><strong>et</strong></span> <span class='ocrx_word' id='word_1_141' title='bbox 1298 1736 1350 1788; x_wconf 92' lang='lat' dir='ltr'><strong>in</strong></span> <span class='ocrx_word' id='word_1_142' title='bbox 1400 1745 1537 1790; x_wconf 89' lang='lat' dir='ltr'><strong>terra</strong></span> <span class='ocrx_word' id='word_1_143' title='bbox 1566 1733 1703 1804; x_wconf 91' lang='lat' dir='ltr'><strong>(ipse</strong></span> <span class='ocrx_word' id='word_1_144' title='bbox 1743 1735 1939 1804; x_wconf 88' lang='lat' dir='ltr'><strong>quippe</strong></span> <span class='ocrx_word' id='word_1_145' title='bbox 1977 1734 2052 1787; x_wconf 87' lang='lat' dir='ltr'><strong>ait</strong></span> 
     </span>
    </p>
   </div>
   <div class='ocr_carea' id='block_1_20' title="bbox 2158 560 3728 638">
    <p class='ocr_par' dir='ltr' id='par_1_20' title="bbox 2158 560 3728 638">
     <span class='ocr_line' id='line_1_20' title="bbox 2158 560 3728 638; baseline 0.001 -16"><span class='ocrx_word' id='word_1_146' title='bbox 2158 569 2467 636; x_wconf 82' lang='lat' dir='ltr'><strong>corporales</strong></span> <span class='ocrx_word' id='word_1_147' title='bbox 2505 583 2603 623; x_wconf 90' lang='lat' dir='ltr'><strong>nos</strong></span> <span class='ocrx_word' id='word_1_148' title='bbox 2628 568 2841 622; x_wconf 86' lang='lat' dir='ltr'><strong>visuros</strong></span> <span class='ocrx_word' id='word_1_149' title='bbox 2871 583 2989 622; x_wconf 87' lang='lat' dir='ltr'><strong>esse</strong></span> <span class='ocrx_word' id='word_1_150' title='bbox 3017 560 3320 634; x_wconf 75' lang='lat' dir='ltr'><strong>credamus,</strong></span> <span class='ocrx_word' id='word_1_151' title='bbox 3355 584 3513 636; x_wconf 87' lang='lat' dir='ltr'><strong>quem</strong></span> <span class='ocrx_word' id='word_1_152' title='bbox 3544 572 3728 638; x_wconf 86' lang='lat' dir='ltr'><strong>spiritu</strong></span> 
     </span>
    </p>
   </div>
   <div class='ocr_carea' id='block_1_21' title="bbox 2163 659 3726 715">
    <p class='ocr_par' dir='ltr' id='par_1_21' title="bbox 2163 659 3726 715">
     <span class='ocr_line' id='line_1_21' title="bbox 2163 659 3726 715; baseline 0.001 -3"><span class='ocrx_word' id='word_1_153' title='bbox 2163 660 2282 714; x_wconf 88' lang='lat' dir='ltr'><strong>sine</strong></span> <span class='ocrx_word' id='word_1_154' title='bbox 2314 661 2710 714; x_wconf 80' lang='lat' dir='ltr'><strong>intermissione</strong></span> <span class='ocrx_word' id='word_1_155' title='bbox 2732 659 3053 713; x_wconf 80' lang='lat' dir='ltr'><strong>videbimus.</strong></span> <span class='ocrx_word' id='word_1_156' title='bbox 3087 659 3198 713; x_wconf 81' lang='lat' dir='ltr'><strong>Nisi</strong></span> <span class='ocrx_word' id='word_1_157' title='bbox 3230 660 3374 714; x_wconf 92' lang='lat' dir='ltr'><strong>enim</strong></span> <span class='ocrx_word' id='word_1_158' title='bbox 3401 668 3544 714; x_wconf 80' lang='lat' dir='ltr'><strong>esset</strong></span> <span class='ocrx_word' id='word_1_159' title='bbox 3568 662 3726 715; x_wconf 85' lang='lat' dir='ltr'><strong>etiam</strong></span> 
     </span>
    </p>
   </div>
   <div class='ocr_carea' id='block_1_22' title="bbox 2161 749 3732 818">
    <p class='ocr_par' dir='ltr' id='par_1_22' title="bbox 2161 749 3732 818">
     <span class='ocr_line' id='line_1_22' title="bbox 2161 749 3732 818; baseline -0.001 -15"><span class='ocrx_word' id='word_1_160' title='bbox 2161 749 2431 804; x_wconf 91' lang='lat' dir='ltr'><strong>interioris</strong></span> <span class='ocrx_word' id='word_1_161' title='bbox 2473 749 2704 802; x_wconf 86' lang='lat' dir='ltr'><strong>hominis</strong></span> <span class='ocrx_word' id='word_1_162' title='bbox 2732 749 2913 815; x_wconf 79' lang='lat' dir='ltr'><strong>facies,</strong></span> <span class='ocrx_word' id='word_1_163' title='bbox 2949 764 3054 801; x_wconf 92' lang='lat' dir='ltr'><strong>non</strong></span> <span class='ocrx_word' id='word_1_164' title='bbox 3091 749 3297 803; x_wconf 90' lang='lat' dir='ltr'><strong>diceret</strong></span> <span class='ocrx_word' id='word_1_165' title='bbox 3334 749 3475 803; x_wconf 89' lang='lat' dir='ltr'><strong>idem</strong></span> <span class='ocrx_word' id='word_1_166' title='bbox 3508 751 3732 818; x_wconf 79' lang='lat' dir='ltr'><strong>Aposto-</strong></span> 
     </span>
    </p>
   </div>
   <div class='ocr_carea' id='block_1_23' title="bbox 2162 839 3733 908">
    <p class='ocr_par' dir='ltr' id='par_1_23' title="bbox 2162 839 3733 908">
     <span class='ocr_line' id='line_1_23' title="bbox 2162 839 3733 908; baseline -0.001 -15"><span class='ocrx_word' id='word_1_167' title='bbox 2162 839 2268 904; x_wconf 87' lang='lat' dir='ltr'><strong>lus,</strong></span> <span class='ocrx_word' id='word_1_168' title='bbox 2294 840 2401 894; x_wconf 82' lang='lat' dir='ltr'><strong>Nos</strong></span> <span class='ocrx_word' id='word_1_169' title='bbox 2430 852 2605 894; x_wconf 91' lang='lat' dir='ltr'><strong>autem</strong></span> <span class='ocrx_word' id='word_1_170' title='bbox 2634 840 2867 894; x_wconf 90' lang='lat' dir='ltr'><strong>revelata</strong></span> <span class='ocrx_word' id='word_1_171' title='bbox 2898 839 3029 892; x_wconf 90' lang='lat' dir='ltr'><strong>facie</strong></span> <span class='ocrx_word' id='word_1_172' title='bbox 3051 840 3275 908; x_wconf 80' lang='lat' dir='ltr'><strong>gloriam</strong></span> <span class='ocrx_word' id='word_1_173' title='bbox 3311 839 3520 892; x_wconf 90' lang='lat' dir='ltr'><strong>Domini</strong></span> <span class='ocrx_word' id='word_1_174' title='bbox 3545 853 3733 906; x_wconf 83' lang='lat' dir='ltr'><strong>specu-</strong></span> 
     </span>
    </p>
   </div>
   <div class='ocr_carea' id='block_1_24' title="bbox 2157 929 3734 1000">
    <p class='ocr_par' dir='ltr' id='par_1_24' title="bbox 2157 929 3734 1000">
     <span class='ocr_line' id='line_1_24' title="bbox 2157 929 3734 1000; baseline 0 -19"><span class='ocrx_word' id='word_1_175' title='bbox 2157 929 2328 985; x_wconf 81' lang='lat' dir='ltr'><strong>lantes</strong></span> <span class='ocrx_word' id='word_1_176' title='bbox 2369 931 2420 983; x_wconf 91' lang='lat' dir='ltr'><strong>in</strong></span> <span class='ocrx_word' id='word_1_177' title='bbox 2451 931 2692 984; x_wconf 86' lang='lat' dir='ltr'><strong>eamdem</strong></span> <span class='ocrx_word' id='word_1_178' title='bbox 2736 931 3022 1000; x_wconf 90' lang='lat' dir='ltr'><strong>imaginem</strong></span> <span class='ocrx_word' id='word_1_179' title='bbox 3053 929 3496 984; x_wconf 83' lang='lat' dir='ltr'><strong>transformamur</strong></span> <span class='ocrx_word' id='word_1_180' title='bbox 3525 929 3592 981; x_wconf 88' lang='lat' dir='ltr'><strong>de</strong></span> <span class='ocrx_word' id='word_1_181' title='bbox 3622 930 3734 998; x_wconf 86' lang='lat' dir='ltr'><strong>glo-</strong></span> 
     </span>
    </p>
   </div>
   <div class='ocr_carea' id='block_1_25' title="bbox 2153 1019 3735 1088">
    <p class='ocr_par' dir='ltr' id='par_1_25' title="bbox 2153 1019 3735 1088">
     <span class='ocr_line' id='line_1_25' title="bbox 2153 1019 3735 1088; baseline 0 -16"><span class='ocrx_word' id='word_1_182' title='bbox 2153 1019 2230 1072; x_wconf 89' lang='lat' dir='ltr'><strong>ria</strong></span> <span class='ocrx_word' id='word_1_183' title='bbox 2266 1021 2317 1072; x_wconf 92' lang='lat' dir='ltr'><strong>in</strong></span> <span class='ocrx_word' id='word_1_184' title='bbox 2346 1019 2592 1088; x_wconf 90' lang='lat' dir='ltr'><strong>gloriam,</strong></span> <span class='ocrx_word' id='word_1_185' title='bbox 2640 1029 2888 1088; x_wconf 86' lang='lat' dir='ltr'><strong>tanquam</strong></span> <span class='ocrx_word' id='word_1_186' title='bbox 2921 1035 2950 1071; x_wconf 90' lang='lat' dir='ltr'><strong>a</strong></span> <span class='ocrx_word' id='word_1_187' title='bbox 2984 1019 3192 1072; x_wconf 88' lang='lat' dir='ltr'><strong>Domini</strong></span> <span class='ocrx_word' id='word_1_188' title='bbox 3239 1019 3452 1087; x_wconf 88' lang='lat' dir='ltr'><strong>spiritu.</strong></span> <span class='ocrx_word' id='word_1_189' title='bbox 3501 1019 3609 1072; x_wconf 82' lang='lat' dir='ltr'><strong>Nec</strong></span> <span class='ocrx_word' id='word_1_190' title='bbox 3639 1020 3735 1072; x_wconf 91' lang='lat' dir='ltr'><strong>ali-</strong></span> 
     </span>
    </p>
   </div>
   <div class='ocr_carea' id='block_1_26' title="bbox 2153 1107 3737 1177">
    <p class='ocr_par' dir='ltr' id='par_1_26' title="bbox 2153 1107 3737 1177">
     <span class='ocr_line' id='line_1_26' title="bbox 2153 1107 3737 1177; baseline 0.001 -17"><span class='ocrx_word' id='word_1_191' title='bbox 2153 1115 2235 1160; x_wconf 92' lang='lat' dir='ltr'><strong>ter</strong></span> <span class='ocrx_word' id='word_1_192' title='bbox 2270 1107 2620 1177; x_wconf 79' lang='lat' dir='ltr'><strong>intelligimus</strong></span> <span class='ocrx_word' id='word_1_193' title='bbox 2661 1108 2801 1176; x_wconf 80' lang='lat' dir='ltr'><strong>quod</strong></span> <span class='ocrx_word' id='word_1_194' title='bbox 2848 1109 2900 1162; x_wconf 93' lang='lat' dir='ltr'><strong>in</strong></span> <span class='ocrx_word' id='word_1_195' title='bbox 2945 1108 3151 1176; x_wconf 87' lang='lat' dir='ltr'><strong>psalmo</strong></span> <span class='ocrx_word' id='word_1_196' title='bbox 3187 1108 3396 1162; x_wconf 88' lang='lat' dir='ltr'><strong>canitur</strong></span> <span class='ocrx_word' id='word_1_197' title='bbox 3430 1126 3443 1159; x_wconf 91' lang='lat'>:</span> <span class='ocrx_word' id='word_1_198' title='bbox 3480 1109 3737 1162; x_wconf 83' lang='lat' dir='ltr'><strong>Accedite</strong></span> 
     </span>
    </p>
   </div>
   <div class='ocr_carea' id='block_1_27' title="bbox 2154 1196 3737 1261">
    <p class='ocr_par' dir='ltr' id='par_1_27' title="bbox 2154 1196 3737 1261">
     <span class='ocr_line' id='line_1_27' title="bbox 2154 1196 3737 1261; baseline 0.001 -14"><span class='ocrx_word' id='word_1_199' title='bbox 2154 1196 2219 1248; x_wconf 89' lang='lat' dir='ltr'><strong>ad</strong></span> <span class='ocrx_word' id='word_1_200' title='bbox 2253 1212 2372 1250; x_wconf 92' lang='lat' dir='ltr'><strong>eum</strong></span> <span class='ocrx_word' id='word_1_201' title='bbox 2408 1208 2461 1249; x_wconf 88' lang='lat' dir='ltr'><strong>et</strong></span> <span class='ocrx_word' id='word_1_202' title='bbox 2498 1196 2895 1261; x_wconf 87' lang='lat' dir='ltr'><strong>illuminamini,</strong></span> <span class='ocrx_word' id='word_1_203' title='bbox 2929 1206 2982 1250; x_wconf 90' lang='lat' dir='ltr'><strong>et</strong></span> <span class='ocrx_word' id='word_1_204' title='bbox 3027 1196 3191 1250; x_wconf 84' lang='lat' dir='ltr'><strong>facies</strong></span> <span class='ocrx_word' id='word_1_205' title='bbox 3233 1207 3428 1250; x_wconf 74' lang='lat' dir='ltr'><strong>vestrae</strong></span> <span class='ocrx_word' id='word_1_206' title='bbox 3467 1213 3574 1251; x_wconf 88' lang='lat' dir='ltr'><strong>non</strong></span> <span class='ocrx_word' id='word_1_207' title='bbox 3615 1213 3737 1251; x_wconf 82' lang='lat' dir='ltr'><strong>eru-</strong></span> 
     </span>
    </p>
   </div>
   <div class='ocr_carea' id='block_1_28' title="bbox 2152 1286 3738 1357">
    <p class='ocr_par' dir='ltr' id='par_1_28' title="bbox 2152 1286 3738 1357">
     <span class='ocr_line' id='line_1_28' title="bbox 2152 1286 3738 1357; baseline 0 -17"><span class='ocrx_word' id='word_1_208' title='bbox 2152 1286 2389 1340; x_wconf 85' lang='lat' dir='ltr'><strong>bescent.</strong></span> <span class='ocrx_word' id='word_1_209' title='bbox 2419 1287 2546 1341; x_wconf 89' lang='lat' dir='ltr'><strong>Fide</strong></span> <span class='ocrx_word' id='word_1_210' title='bbox 2568 1287 2763 1357; x_wconf 89' lang='lat' dir='ltr'><strong>quippe</strong></span> <span class='ocrx_word' id='word_1_211' title='bbox 2784 1286 3052 1341; x_wconf 87' lang='lat' dir='ltr'><strong>acceditur</strong></span> <span class='ocrx_word' id='word_1_212' title='bbox 3073 1287 3139 1340; x_wconf 91' lang='lat' dir='ltr'><strong>ad</strong></span> <span class='ocrx_word' id='word_1_213' title='bbox 3164 1287 3352 1354; x_wconf 92' lang='lat' dir='ltr'><strong>Deum,</strong></span> <span class='ocrx_word' id='word_1_214' title='bbox 3376 1302 3533 1356; x_wconf 90' lang='lat' dir='ltr'><strong>quam</strong></span> <span class='ocrx_word' id='word_1_215' title='bbox 3557 1287 3738 1340; x_wconf 85' lang='lat' dir='ltr'><strong>cordis</strong></span> 
     </span>
    </p>
   </div>
   <div class='ocr_carea' id='block_1_29' title="bbox 2153 1379 3739 1448">
    <p class='ocr_par' dir='ltr' id='par_1_29' title="bbox 2153 1379 3739 1448">
     <span class='ocr_line' id='line_1_29' title="bbox 2153 1379 3739 1448; baseline 0.002 -20"><span class='ocrx_word' id='word_1_216' title='bbox 2153 1386 2364 1430; x_wconf 86' lang='lat' dir='ltr'><strong>constat</strong></span> <span class='ocrx_word' id='word_1_217' title='bbox 2393 1387 2534 1442; x_wconf 75' lang='lat' dir='ltr'><strong>eSse,</strong></span> <span class='ocrx_word' id='word_1_218' title='bbox 2567 1393 2670 1432; x_wconf 92' lang='lat' dir='ltr'><strong>non</strong></span> <span class='ocrx_word' id='word_1_219' title='bbox 2702 1379 2963 1447; x_wconf 89' lang='lat' dir='ltr'><strong>corporis.</strong></span> <span class='ocrx_word' id='word_1_220' title='bbox 2998 1379 3102 1433; x_wconf 81' lang='lat' dir='ltr'><strong>Sed</strong></span> <span class='ocrx_word' id='word_1_221' title='bbox 3131 1379 3251 1448; x_wconf 88' lang='lat' dir='ltr'><strong>quia</strong></span> <span class='ocrx_word' id='word_1_222' title='bbox 3277 1379 3516 1448; x_wconf 87' lang='lat' dir='ltr'><strong>spiritale</strong></span> <span class='ocrx_word' id='word_1_223' title='bbox 3541 1393 3739 1446; x_wconf 88' lang='lat' dir='ltr'><strong>corpus</strong></span> 
     </span>
    </p>
   </div>
   <div class='ocr_carea' id='block_1_30' title="bbox 2154 1467 3737 1538">
    <p class='ocr_par' dir='ltr' id='par_1_30' title="bbox 2154 1467 3737 1538">
     <span class='ocr_line' id='line_1_30' title="bbox 2154 1467 3737 1538; baseline 0.001 -22"><span class='ocrx_word' id='word_1_224' title='bbox 2154 1469 2422 1519; x_wconf 86' lang='lat' dir='ltr'><strong>nescimus</strong></span> <span class='ocrx_word' id='word_1_225' title='bbox 2464 1478 2691 1535; x_wconf 89' lang='lat' dir='ltr'><strong>quantos</strong></span> <span class='ocrx_word' id='word_1_226' title='bbox 2731 1467 2949 1521; x_wconf 85' lang='lat' dir='ltr'><strong>habebit</strong></span> <span class='ocrx_word' id='word_1_227' title='bbox 2997 1481 3245 1521; x_wconf 89' lang='lat' dir='ltr'><strong>accessus</strong></span> <span class='ocrx_word' id='word_1_228' title='bbox 3287 1467 3402 1538; x_wconf 90' lang='lat' dir='ltr'><strong>(de</strong></span> <span class='ocrx_word' id='word_1_229' title='bbox 3446 1482 3504 1520; x_wconf 91' lang='lat' dir='ltr'><strong>re</strong></span> <span class='ocrx_word' id='word_1_230' title='bbox 3538 1468 3737 1535; x_wconf 88' lang='lat' dir='ltr'><strong>quippe</strong></span> 
     </span>
    </p>
   </div>
   <div class='ocr_carea' id='block_1_31' title="bbox 2152 1555 3737 1626">
    <p class='ocr_par' dir='ltr' id='par_1_31' title="bbox 2152 1555 3737 1626">
     <span class='ocr_line' id='line_1_31' title="bbox 2152 1555 3737 1626; baseline 0.002 -19"><span class='ocrx_word' id='word_1_231' title='bbox 2152 1555 2424 1623; x_wconf 82' lang='lat' dir='ltr'><strong>inexperta</strong></span> <span class='ocrx_word' id='word_1_232' title='bbox 2475 1555 2801 1626; x_wconf 82' lang='lat' dir='ltr'><strong>loquimur);</strong></span> <span class='ocrx_word' id='word_1_233' title='bbox 2834 1556 2920 1609; x_wconf 93' lang='lat' dir='ltr'><strong>ubi</strong></span> <span class='ocrx_word' id='word_1_234' title='bbox 2962 1557 3139 1626; x_wconf 89' lang='lat' dir='ltr'><strong>aliqua</strong></span> <span class='ocrx_word' id='word_1_235' title='bbox 3168 1572 3286 1625; x_wconf 70' lang='lat' dir='ltr'><strong>quae</strong></span> <span class='ocrx_word' id='word_1_236' title='bbox 3316 1557 3472 1611; x_wconf 88' lang='lat' dir='ltr'><strong>aliter</strong></span> <span class='ocrx_word' id='word_1_237' title='bbox 3508 1556 3663 1612; x_wconf 84' lang='lat' dir='ltr'><strong>imell</strong></span> <span class='ocrx_word' id='word_1_238' title='bbox 3689 1559 3737 1624; x_wconf 83' lang='lat' dir='ltr'><strong>gi</strong></span> 
     </span>
    </p>
   </div>
   <div class='ocr_carea' id='block_1_32' title="bbox 2155 1644 3732 1712">
    <p class='ocr_par' dir='ltr' id='par_1_32' title="bbox 2155 1644 3732 1712">
     <span class='ocr_line' id='line_1_32' title="bbox 2155 1644 3732 1712; baseline 0.003 -16"><span class='ocrx_word' id='word_1_239' title='bbox 2155 1653 2422 1712; x_wconf 88' lang='lat' dir='ltr'><strong>nequeant</strong></span> <span class='ocrx_word' id='word_1_240' title='bbox 2459 1644 2757 1698; x_wconf 89' lang='lat' dir='ltr'><strong>divinarum</strong></span> <span class='ocrx_word' id='word_1_241' title='bbox 2793 1645 3188 1712; x_wconf 88' lang='lat' dir='ltr'><strong>Scripturarum</strong></span> <span class='ocrx_word' id='word_1_242' title='bbox 3226 1660 3330 1699; x_wconf 91' lang='lat' dir='ltr'><strong>non</strong></span> <span class='ocrx_word' id='word_1_243' title='bbox 3373 1647 3640 1712; x_wconf 89' lang='lat' dir='ltr'><strong>occurrit,</strong></span> <span class='ocrx_word' id='word_1_244' title='bbox 3680 1658 3732 1700; x_wconf 74' lang='lat' dir='ltr'><strong>rt</strong></span> 
     </span>
    </p>
   </div>
   <div class='ocr_carea' id='block_1_33' title="bbox 2153 1736 3738 1806">
    <p class='ocr_par' dir='ltr' id='par_1_33' title="bbox 2153 1736 3738 1806">
     <span class='ocr_line' id='line_1_33' title="bbox 2153 1736 3738 1806; baseline 0.001 -18"><span class='ocrx_word' id='word_1_245' title='bbox 2153 1736 2414 1788; x_wconf 87' lang='lat' dir='ltr'><strong>succurrit</strong></span> <span class='ocrx_word' id='word_1_246' title='bbox 2456 1736 2766 1802; x_wconf 88' lang='lat' dir='ltr'><strong>auctoritas,</strong></span> <span class='ocrx_word' id='word_1_247' title='bbox 2801 1750 3022 1790; x_wconf 89' lang='lat' dir='ltr'><strong>necesse</strong></span> <span class='ocrx_word' id='word_1_248' title='bbox 3053 1745 3134 1790; x_wconf 88' lang='lat' dir='ltr'><strong>est</strong></span> <span class='ocrx_word' id='word_1_249' title='bbox 3164 1744 3222 1790; x_wconf 93' lang='lat' dir='ltr'><strong>ut</strong></span> <span class='ocrx_word' id='word_1_250' title='bbox 3249 1736 3524 1806; x_wconf 76' lang='lat' dir='ltr'><strong>contingat</strong></span> <span class='ocrx_word' id='word_1_251' title='bbox 3555 1738 3611 1790; x_wconf 92' lang='lat' dir='ltr'><strong>in</strong></span> <span class='ocrx_word' id='word_1_252' title='bbox 3646 1753 3738 1790; x_wconf 86' lang='lat' dir='ltr'><strong>no-</strong></span> 
     </span>
    </p>
   </div>
   <div class='ocr_carea' id='block_1_34' title="bbox 475 1817 3738 1900">
    <p class='ocr_par' dir='ltr' id='par_1_34' title="bbox 475 1817 3738 1900">
     <span class='ocr_line' id='line_1_34' title="bbox 475 1817 3738 1900; baseline -0.001 -14"><span class='ocrx_word' id='word_1_253' title='bbox 475 1846 568 1899; x_wconf 90' lang='lat' dir='ltr'><strong>per</strong></span> <span class='ocrx_word' id='word_1_254' title='bbox 592 1829 900 1900; x_wconf 84' lang='lat' dir='ltr'><strong>prophetam</strong></span> <span class='ocrx_word' id='word_1_255' title='bbox 929 1846 941 1880; x_wconf 93' lang='lat'>:</span> <span class='ocrx_word' id='word_1_256' title='bbox 969 1826 1174 1882; x_wconf 72' lang='lat' dir='ltr'><strong>Caelum</strong></span> <span class='ocrx_word' id='word_1_257' title='bbox 1192 1835 1246 1881; x_wconf 91' lang='lat' dir='ltr'><strong>et</strong></span> <span class='ocrx_word' id='word_1_258' title='bbox 1270 1834 1466 1880; x_wconf 86' lang='lat' dir='ltr'><strong>terram</strong></span> <span class='ocrx_word' id='word_1_259' title='bbox 1493 1840 1590 1895; x_wconf 87' lang='lat' dir='ltr'><strong>ego</strong></span> <span class='ocrx_word' id='word_1_260' title='bbox 1619 1825 1865 1894; x_wconf 90' lang='lat' dir='ltr'><strong>impleo),</strong></span> <span class='ocrx_word' id='word_1_261' title='bbox 1890 1824 2046 1876; x_wconf 85' lang='lat' dir='ltr'><strong>aliam</strong></span> <span class='ocrx_word' id='word_1_262' title='bbox 2086 1817 2127 1873; x_wconf 86' lang='grc' dir='ltr'><strong>Β</strong></span> <span class='ocrx_word' id='word_1_263' title='bbox 2155 1828 2234 1882; x_wconf 92' lang='lat' dir='ltr'><strong>bis</strong></span> <span class='ocrx_word' id='word_1_264' title='bbox 2284 1827 2424 1897; x_wconf 92' lang='lat' dir='ltr'><strong>quod</strong></span> <span class='ocrx_word' id='word_1_265' title='bbox 2475 1829 2666 1896; x_wconf 83' lang='lat' dir='ltr'><strong>legitur</strong></span> <span class='ocrx_word' id='word_1_266' title='bbox 2712 1828 2765 1881; x_wconf 93' lang='lat' dir='ltr'><strong>in</strong></span> <span class='ocrx_word' id='word_1_267' title='bbox 2818 1828 2955 1883; x_wconf 88' lang='lat' dir='ltr'><strong>libro</strong></span> <span class='ocrx_word' id='word_1_268' title='bbox 3009 1829 3334 1897; x_wconf 78' lang='lat' dir='ltr'><strong>Sapientize:</strong></span> <span class='ocrx_word' id='word_1_269' title='bbox 3370 1828 3738 1898; x_wconf 87' lang='lat' dir='ltr'><strong>Cogitationes</strong></span> 
     </span>
    </p>
   </div>
   <div class='ocr_carea' id='block_1_35' title="bbox 475 1912 2045 1988">
    <p class='ocr_par' dir='ltr' id='par_1_35' title="bbox 475 1912 2045 1988">
     <span class='ocr_line' id='line_1_35' title="bbox 475 1912 2045 1988; baseline -0.004 -17"><span class='ocrx_word' id='word_1_270' title='bbox 475 1928 677 1988; x_wconf 80' lang='lat' dir='ltr'><strong>partem</strong></span> <span class='ocrx_word' id='word_1_271' title='bbox 725 1917 916 1971; x_wconf 85' lang='lat' dir='ltr'><strong>dicturi</strong></span> <span class='ocrx_word' id='word_1_272' title='bbox 967 1931 1150 1969; x_wconf 90' lang='lat' dir='ltr'><strong>sumus</strong></span> <span class='ocrx_word' id='word_1_273' title='bbox 1188 1930 1308 1970; x_wconf 90' lang='lat' dir='ltr'><strong>eum</strong></span> <span class='ocrx_word' id='word_1_274' title='bbox 1356 1915 1410 1968; x_wconf 92' lang='lat' dir='ltr'><strong>in</strong></span> <span class='ocrx_word' id='word_1_275' title='bbox 1457 1914 1596 1968; x_wconf 67' lang='lat' dir='ltr'><strong>coelo</strong></span> <span class='ocrx_word' id='word_1_276' title='bbox 1642 1913 1866 1978; x_wconf 88' lang='lat' dir='ltr'><strong>habere,</strong></span> <span class='ocrx_word' id='word_1_277' title='bbox 1899 1922 1952 1966; x_wconf 88' lang='lat' dir='ltr'><strong>et</strong></span> <span class='ocrx_word' id='word_1_278' title='bbox 1993 1912 2045 1966; x_wconf 91' lang='lat' dir='ltr'><strong>in</strong></span> 
     </span>
    </p>
   </div>
   <div class='ocr_carea' id='block_1_36' title="bbox 474 2004 2046 2072">
    <p class='ocr_par' dir='ltr' id='par_1_36' title="bbox 474 2004 2046 2072">
     <span class='ocr_line' id='line_1_36' title="bbox 474 2004 2046 2072; baseline -0.006 -9"><span class='ocrx_word' id='word_1_279' title='bbox 474 2021 616 2065; x_wconf 88' lang='lat' dir='ltr'><strong>terra</strong></span> <span class='ocrx_word' id='word_1_280' title='bbox 653 2009 841 2072; x_wconf 86' lang='lat' dir='ltr'><strong>aliam,</strong></span> <span class='ocrx_word' id='word_1_281' title='bbox 878 2008 974 2060; x_wconf 88' lang='lat' dir='ltr'><strong>sed</strong></span> <span class='ocrx_word' id='word_1_282' title='bbox 1026 2014 1168 2059; x_wconf 87' lang='lat' dir='ltr'><strong>totus</strong></span> <span class='ocrx_word' id='word_1_283' title='bbox 1216 2005 1267 2059; x_wconf 91' lang='lat' dir='ltr'><strong>in</strong></span> <span class='ocrx_word' id='word_1_284' title='bbox 1315 2004 1454 2059; x_wconf 69' lang='lat' dir='ltr'><strong>caelo</strong></span> <span class='ocrx_word' id='word_1_285' title='bbox 1485 2013 1586 2068; x_wconf 91' lang='lat' dir='ltr'><strong>est,</strong></span> <span class='ocrx_word' id='word_1_286' title='bbox 1621 2011 1759 2057; x_wconf 54' lang='lat' dir='ltr'><strong>totus</strong></span> <span class='ocrx_word' id='word_1_287' title='bbox 1789 2005 1839 2055; x_wconf 92' lang='lat' dir='ltr'><strong>in</strong></span> <span class='ocrx_word' id='word_1_288' title='bbox 1872 2013 2046 2067; x_wconf 87' lang='lat' dir='ltr'><strong>terra;</strong></span> 
     </span>
    </p>
   </div>
   <div class='ocr_carea' id='block_1_37' title="bbox 477 2091 2048 2163">
    <p class='ocr_par' dir='ltr' id='par_1_37' title="bbox 477 2091 2048 2163">
     <span class='ocr_line' id='line_1_37' title="bbox 477 2091 2048 2163; baseline -0.004 -12"><span class='ocrx_word' id='word_1_289' title='bbox 477 2113 581 2151; x_wconf 87' lang='lat' dir='ltr'><strong>non</strong></span> <span class='ocrx_word' id='word_1_290' title='bbox 609 2094 830 2152; x_wconf 84' lang='lat' dir='ltr'><strong>alternis</strong></span> <span class='ocrx_word' id='word_1_291' title='bbox 859 2094 1221 2163; x_wconf 85' lang='lat' dir='ltr'><strong>temporibus,</strong></span> <span class='ocrx_word' id='word_1_292' title='bbox 1249 2093 1343 2147; x_wconf 90' lang='lat' dir='ltr'><strong>sed</strong></span> <span class='ocrx_word' id='word_1_293' title='bbox 1376 2103 1656 2160; x_wconf 89' lang='lat' dir='ltr'><strong>utrumque</strong></span> <span class='ocrx_word' id='word_1_294' title='bbox 1689 2093 1875 2156; x_wconf 89' lang='lat' dir='ltr'><strong>simul,</strong></span> <span class='ocrx_word' id='word_1_295' title='bbox 1907 2091 2048 2160; x_wconf 89' lang='lat' dir='ltr'><strong>quod</strong></span> 
     </span>
    </p>
   </div>
   <div class='ocr_carea' id='block_1_38' title="bbox 479 2183 2050 2254">
    <p class='ocr_par' dir='ltr' id='par_1_38' title="bbox 479 2183 2050 2254">
     <span class='ocr_line' id='line_1_38' title="bbox 479 2183 2050 2254; baseline -0.005 -12"><span class='ocrx_word' id='word_1_296' title='bbox 479 2188 621 2242; x_wconf 91' lang='lat' dir='ltr'><strong>nulla</strong></span> <span class='ocrx_word' id='word_1_297' title='bbox 648 2195 834 2241; x_wconf 89' lang='lat' dir='ltr'><strong>natura</strong></span> <span class='ocrx_word' id='word_1_298' title='bbox 862 2185 1158 2254; x_wconf 86' lang='lat' dir='ltr'><strong>corporalis</strong></span> <span class='ocrx_word' id='word_1_299' title='bbox 1181 2192 1376 2253; x_wconf 88' lang='lat' dir='ltr'><strong>potest.</strong></span> <span class='ocrx_word' id='word_1_300' title='bbox 1406 2183 1498 2237; x_wconf 84' lang='lat' dir='ltr'><strong>Vis</strong></span> <span class='ocrx_word' id='word_1_301' title='bbox 1527 2183 1705 2250; x_wconf 87' lang='lat' dir='ltr'><strong>itaque</strong></span> <span class='ocrx_word' id='word_1_302' title='bbox 1735 2183 2050 2251; x_wconf 68' lang='lat' dir='ltr'><strong>praepollen-</strong></span> 
     </span>
    </p>
   </div>
   <div class='ocr_carea' id='block_1_39' title="bbox 475 2273 2046 2339">
    <p class='ocr_par' dir='ltr' id='par_1_39' title="bbox 475 2273 2046 2339">
     <span class='ocr_line' id='line_1_39' title="bbox 475 2273 2046 2339; baseline -0.007 -5"><span class='ocrx_word' id='word_1_303' title='bbox 475 2281 579 2334; x_wconf 89' lang='lat' dir='ltr'><strong>tior</strong></span> <span class='ocrx_word' id='word_1_304' title='bbox 613 2278 888 2334; x_wconf 89' lang='lat' dir='ltr'><strong>oculorum</strong></span> <span class='ocrx_word' id='word_1_305' title='bbox 937 2277 1041 2331; x_wconf 76' lang='lat' dir='ltr'><strong>erit</strong></span> <span class='ocrx_word' id='word_1_306' title='bbox 1081 2275 1293 2329; x_wconf 89' lang='lat' dir='ltr'><strong>illorum</strong></span> <span class='ocrx_word' id='word_1_307' title='bbox 1339 2289 1445 2328; x_wconf 91' lang='lat' dir='ltr'><strong>non</strong></span> <span class='ocrx_word' id='word_1_308' title='bbox 1492 2284 1552 2328; x_wconf 91' lang='lat' dir='ltr'><strong>ut</strong></span> <span class='ocrx_word' id='word_1_309' title='bbox 1597 2274 1772 2327; x_wconf 89' lang='lat' dir='ltr'><strong>acrius</strong></span> <span class='ocrx_word' id='word_1_310' title='bbox 1815 2273 2046 2339; x_wconf 80' lang='lat' dir='ltr'><strong>videant,</strong></span> 
     </span>
    </p>
   </div>
   <div class='ocr_carea' id='block_1_40' title="bbox 475 2361 2052 2438">
    <p class='ocr_par' dir='ltr' id='par_1_40' title="bbox 475 2361 2052 2438">
     <span class='ocr_line' id='line_1_40' title="bbox 475 2361 2052 2438; baseline -0.006 -16"><span class='ocrx_word' id='word_1_311' title='bbox 475 2383 630 2438; x_wconf 89' lang='lat' dir='ltr'><strong>quam</strong></span> <span class='ocrx_word' id='word_1_312' title='bbox 659 2366 872 2438; x_wconf 88' lang='lat' dir='ltr'><strong>quidam</strong></span> <span class='ocrx_word' id='word_1_313' title='bbox 900 2364 1248 2434; x_wconf 86' lang='lat' dir='ltr'><strong>perhibentur</strong></span> <span class='ocrx_word' id='word_1_314' title='bbox 1278 2362 1460 2418; x_wconf 89' lang='lat' dir='ltr'><strong>videre</strong></span> <span class='ocrx_word' id='word_1_315' title='bbox 1488 2370 1764 2431; x_wconf 89' lang='lat' dir='ltr'><strong>serpentes</strong></span> <span class='ocrx_word' id='word_1_316' title='bbox 1795 2361 1872 2415; x_wconf 87' lang='lat' dir='ltr'><strong>vcl</strong></span> <span class='ocrx_word' id='word_1_317' title='bbox 1901 2362 2052 2430; x_wconf 85' lang='lat' dir='ltr'><strong>aqui-</strong></span> 
     </span>
    </p>
   </div>
   <div class='ocr_carea' id='block_1_41' title="bbox 479 2451 2053 2523">
    <p class='ocr_par' dir='ltr' id='par_1_41' title="bbox 479 2451 2053 2523">
     <span class='ocr_line' id='line_1_41' title="bbox 479 2451 2053 2523; baseline -0.004 -12"><span class='ocrx_word' id='word_1_318' title='bbox 479 2460 563 2512; x_wconf 82' lang='lat' dir='ltr'><strong>lae.</strong></span> <span class='ocrx_word' id='word_1_319' title='bbox 588 2454 929 2523; x_wconf 83' lang='lat' dir='ltr'><strong>Quantalibet</strong></span> <span class='ocrx_word' id='word_1_320' title='bbox 951 2453 1090 2506; x_wconf 90' lang='lat' dir='ltr'><strong>enim</strong></span> <span class='ocrx_word' id='word_1_321' title='bbox 1113 2451 1404 2506; x_wconf 84' lang='lat' dir='ltr'><strong>acrimonia</strong></span> <span class='ocrx_word' id='word_1_322' title='bbox 1425 2451 1680 2506; x_wconf 86' lang='lat' dir='ltr'><strong>cernendi</strong></span> <span class='ocrx_word' id='word_1_323' title='bbox 1709 2451 1895 2505; x_wconf 89' lang='lat' dir='ltr'><strong>eadem</strong></span> <span class='ocrx_word' id='word_1_324' title='bbox 1922 2465 2053 2520; x_wconf 84' lang='lat' dir='ltr'><strong>quo-</strong></span> 
     </span>
    </p>
   </div>
   <div class='ocr_carea' id='block_1_42' title="bbox 477 2541 2053 2618">
    <p class='ocr_par' dir='ltr' id='par_1_42' title="bbox 477 2541 2053 2618">
     <span class='ocr_line' id='line_1_42' title="bbox 477 2541 2053 2618; baseline -0.006 -15"><span class='ocrx_word' id='word_1_325' title='bbox 477 2563 582 2618; x_wconf 87' lang='lat' dir='ltr'><strong>que</strong></span> <span class='ocrx_word' id='word_1_326' title='bbox 610 2545 891 2609; x_wconf 85' lang='lat' dir='ltr'><strong>animalia,</strong></span> <span class='ocrx_word' id='word_1_327' title='bbox 923 2543 1053 2598; x_wconf 88' lang='lat' dir='ltr'><strong>nihil</strong></span> <span class='ocrx_word' id='word_1_328' title='bbox 1091 2542 1234 2596; x_wconf 88' lang='lat' dir='ltr'><strong>aliud</strong></span> <span class='ocrx_word' id='word_1_329' title='bbox 1268 2551 1487 2611; x_wconf 90' lang='lat' dir='ltr'><strong>possunt</strong></span> <span class='ocrx_word' id='word_1_330' title='bbox 1519 2541 1702 2596; x_wconf 90' lang='lat' dir='ltr'><strong>videre</strong></span> <span class='ocrx_word' id='word_1_331' title='bbox 1730 2555 1887 2610; x_wconf 91' lang='lat' dir='ltr'><strong>quam</strong></span> <span class='ocrx_word' id='word_1_332' title='bbox 1930 2555 2053 2593; x_wconf 91' lang='lat' dir='ltr'><strong>cor-</strong></span> 
     </span>
    </p>
   </div>
   <div class='ocr_carea' id='block_1_43' title="bbox 477 2630 2055 2709">
    <p class='ocr_par' dir='ltr' id='par_1_43' title="bbox 477 2630 2055 2709">
     <span class='ocr_line' id='line_1_43' title="bbox 477 2630 2055 2709; baseline -0.004 -19"><span class='ocrx_word' id='word_1_333' title='bbox 477 2653 640 2709; x_wconf 80' lang='lat' dir='ltr'><strong>pora:</strong></span> <span class='ocrx_word' id='word_1_334' title='bbox 669 2636 761 2690; x_wconf 88' lang='lat' dir='ltr'><strong>sed</strong></span> <span class='ocrx_word' id='word_1_335' title='bbox 793 2643 850 2688; x_wconf 91' lang='lat' dir='ltr'><strong>ut</strong></span> <span class='ocrx_word' id='word_1_336' title='bbox 878 2634 1091 2688; x_wconf 85' lang='lat' dir='ltr'><strong>videant</strong></span> <span class='ocrx_word' id='word_1_337' title='bbox 1121 2643 1174 2686; x_wconf 91' lang='lat' dir='ltr'><strong>et</strong></span> <span class='ocrx_word' id='word_1_338' title='bbox 1204 2631 1575 2701; x_wconf 90' lang='lat' dir='ltr'><strong>incorporalia.</strong></span> <span class='ocrx_word' id='word_1_339' title='bbox 1610 2631 1674 2684; x_wconf 82' lang='lat' dir='ltr'><strong>Et</strong></span> <span class='ocrx_word' id='word_1_340' title='bbox 1703 2631 1924 2684; x_wconf 90' lang='lat' dir='ltr'><strong>fortasse</strong></span> <span class='ocrx_word' id='word_1_341' title='bbox 1955 2630 2055 2683; x_wconf 89' lang='lat' dir='ltr'><strong>ista</strong></span> 
     </span>
    </p>
   </div>
   <div class='ocr_carea' id='block_1_44' title="bbox 476 2721 2054 2797">
    <p class='ocr_par' dir='ltr' id='par_1_44' title="bbox 476 2721 2054 2797">
     <span class='ocr_line' id='line_1_44' title="bbox 476 2721 2054 2797; baseline -0.006 -16"><span class='ocrx_word' id='word_1_342' title='bbox 476 2733 643 2786; x_wconf 78' lang='lat' dir='ltr'><strong>virtus</strong></span> <span class='ocrx_word' id='word_1_343' title='bbox 674 2744 864 2797; x_wconf 91' lang='lat' dir='ltr'><strong>magna</strong></span> <span class='ocrx_word' id='word_1_344' title='bbox 894 2725 1148 2781; x_wconf 91' lang='lat' dir='ltr'><strong>cernendi</strong></span> <span class='ocrx_word' id='word_1_345' title='bbox 1176 2724 1295 2778; x_wconf 90' lang='lat' dir='ltr'><strong>data</strong></span> <span class='ocrx_word' id='word_1_346' title='bbox 1335 2723 1491 2778; x_wconf 85' lang='lat' dir='ltr'><strong>fuerit</strong></span> <span class='ocrx_word' id='word_1_347' title='bbox 1511 2723 1575 2776; x_wconf 82' lang='lat' dir='ltr'><strong>ad</strong></span> <span class='ocrx_word' id='word_1_348' title='bbox 1602 2723 1784 2776; x_wconf 92' lang='lat' dir='ltr'><strong>horam</strong></span> <span class='ocrx_word' id='word_1_349' title='bbox 1812 2722 1970 2775; x_wconf 91' lang='lat' dir='ltr'><strong>etiam</strong></span> <span class='ocrx_word' id='word_1_350' title='bbox 2004 2721 2054 2773; x_wconf 95' lang='lat' dir='ltr'><strong>in</strong></span> 
     </span>
    </p>
   </div>
   <div class='ocr_carea' id='block_1_45' title="bbox 478 2807 2057 2884">
    <p class='ocr_par' dir='ltr' id='par_1_45' title="bbox 478 2807 2057 2884">
     <span class='ocr_line' id='line_1_45' title="bbox 478 2807 2057 2884; baseline -0.009 -10"><span class='ocrx_word' id='word_1_351' title='bbox 478 2823 580 2874; x_wconf 85' lang='lat' dir='ltr'><strong>isto</strong></span> <span class='ocrx_word' id='word_1_352' title='bbox 613 2817 823 2873; x_wconf 85' lang='lat' dir='ltr'><strong>mortali</strong></span> <span class='ocrx_word' id='word_1_353' title='bbox 867 2829 1093 2884; x_wconf 90' lang='lat' dir='ltr'><strong>corpore</strong></span> <span class='ocrx_word' id='word_1_354' title='bbox 1134 2813 1306 2867; x_wconf 89' lang='lat' dir='ltr'><strong>oculis</strong></span> <span class='ocrx_word' id='word_1_355' title='bbox 1351 2814 1521 2867; x_wconf 85' lang='lat' dir='ltr'><strong>sancti</strong></span> <span class='ocrx_word' id='word_1_356' title='bbox 1553 2810 1650 2865; x_wconf 91' lang='lat' dir='ltr'><strong>viri</strong></span> <span class='ocrx_word' id='word_1_357' title='bbox 1695 2810 1814 2875; x_wconf 91' lang='lat' dir='ltr'><strong>.lob,</strong></span> <span class='ocrx_word' id='word_1_358' title='bbox 1847 2807 2057 2878; x_wconf 85' lang='lat' dir='ltr'><strong>quando</strong></span> 
     </span>
    </p>
   </div>
   <div class='ocr_carea' id='block_1_46' title="bbox 478 2903 2051 2969">
    <p class='ocr_par' dir='ltr' id='par_1_46' title="bbox 478 2903 2051 2969">
     <span class='ocr_line' id='line_1_46' title="bbox 478 2903 2051 2969; baseline -0.008 -4"><span class='ocrx_word' id='word_1_359' title='bbox 478 2914 554 2965; x_wconf 90' lang='lat' dir='ltr'><strong>ait</strong></span> <span class='ocrx_word' id='word_1_360' title='bbox 580 2911 644 2964; x_wconf 87' lang='lat' dir='ltr'><strong>ad</strong></span> <span class='ocrx_word' id='word_1_361' title='bbox 685 2911 848 2964; x_wconf 92' lang='lat' dir='ltr'><strong>Deum</strong></span> <span class='ocrx_word' id='word_1_362' title='bbox 881 2925 896 2960; x_wconf 86' lang='lat'><strong>:</strong></span> <span class='ocrx_word' id='word_1_363' title='bbox 932 2909 986 2963; x_wconf 91' lang='lat' dir='ltr'><strong>In</strong></span> <span class='ocrx_word' id='word_1_364' title='bbox 1013 2907 1262 2962; x_wconf 85' lang='lat' dir='ltr'><strong>obauditu</strong></span> <span class='ocrx_word' id='word_1_365' title='bbox 1291 2907 1435 2959; x_wconf 86' lang='lat' dir='ltr'><strong>auris</strong></span> <span class='ocrx_word' id='word_1_366' title='bbox 1481 2904 1756 2958; x_wconf 78' lang='lat' dir='ltr'><strong>audiebam</strong></span> <span class='ocrx_word' id='word_1_367' title='bbox 1787 2911 1837 2957; x_wconf 90' lang='lat' dir='ltr'><strong>te</strong></span> <span class='ocrx_word' id='word_1_368' title='bbox 1870 2903 2051 2969; x_wconf 89' lang='lat' dir='ltr'><strong>prius,</strong></span> 
     </span>
    </p>
   </div>
   <div class='ocr_carea' id='block_1_47' title="bbox 479 2990 2056 3063">
    <p class='ocr_par' dir='ltr' id='par_1_47' title="bbox 479 2990 2056 3063">
     <span class='ocr_line' id='line_1_47' title="bbox 479 2990 2056 3063; baseline -0.009 -7"><span class='ocrx_word' id='word_1_369' title='bbox 479 3017 618 3056; x_wconf 87' lang='lat' dir='ltr'><strong>nttnc</strong></span> <span class='ocrx_word' id='word_1_370' title='bbox 646 3010 821 3054; x_wconf 89' lang='lat' dir='ltr'><strong>autem</strong></span> <span class='ocrx_word' id='word_1_371' title='bbox 850 2999 1035 3053; x_wconf 76' lang='lat' dir='ltr'><strong>oculus</strong></span> <span class='ocrx_word' id='word_1_372' title='bbox 1063 3011 1210 3052; x_wconf 91' lang='lat' dir='ltr'><strong>meus</strong></span> <span class='ocrx_word' id='word_1_373' title='bbox 1249 2996 1392 3049; x_wconf 83' lang='lat' dir='ltr'><strong>videt</strong></span> <span class='ocrx_word' id='word_1_374' title='bbox 1425 3003 1495 3061; x_wconf 89' lang='lat' dir='ltr'><strong>te,</strong></span> <span class='ocrx_word' id='word_1_375' title='bbox 1525 3002 1803 3063; x_wconf 87' lang='lat' dir='ltr'><strong>prepterea</strong></span> <span class='ocrx_word' id='word_1_376' title='bbox 1837 2990 2056 3059; x_wconf 80' lang='lat' dir='ltr'><strong>despexi</strong></span> 
     </span>
    </p>
   </div>
   <div class='ocr_carea' id='block_1_48' title="bbox 479 3085 2060 3160">
    <p class='ocr_par' dir='ltr' id='par_1_48' title="bbox 479 3085 2060 3160">
     <span class='ocr_line' id='line_1_48' title="bbox 479 3085 2060 3160; baseline -0.009 -12"><span class='ocrx_word' id='word_1_377' title='bbox 479 3092 872 3160; x_wconf 90' lang='lat' dir='ltr'><strong>memetipsum,</strong></span> <span class='ocrx_word' id='word_1_378' title='bbox 903 3100 956 3142; x_wconf 91' lang='lat' dir='ltr'><strong>et</strong></span> <span class='ocrx_word' id='word_1_379' title='bbox 984 3086 1216 3142; x_wconf 76' lang='lat' dir='ltr'><strong>distabui</strong></span> <span class='ocrx_word' id='word_1_380' title='bbox 1249 3096 1302 3140; x_wconf 91' lang='lat' dir='ltr'><strong>et</strong></span> <span class='ocrx_word' id='word_1_381' title='bbox 1328 3085 1587 3140; x_wconf 76' lang='lat' dir='ltr'><strong>aestimavi</strong></span> <span class='ocrx_word' id='word_1_382' title='bbox 1635 3099 1721 3139; x_wconf 90' lang='lat' dir='ltr'><strong>me</strong></span> <span class='ocrx_word' id='word_1_383' title='bbox 1768 3092 1962 3136; x_wconf 91' lang='lat' dir='ltr'><strong>terram</strong></span> <span class='ocrx_word' id='word_1_384' title='bbox 2007 3092 2060 3135; x_wconf 92' lang='lat' dir='ltr'><strong>et</strong></span> 
     </span>
    </p>
   </div>
   <div class='ocr_carea' id='block_1_49' title="bbox 476 3163 2129 3246">
    <p class='ocr_par' dir='ltr' id='par_1_49' title="bbox 476 3163 2129 3246">
     <span class='ocr_line' id='line_1_49' title="bbox 476 3163 2129 3246; baseline -0.007 -9"><span class='ocrx_word' id='word_1_385' title='bbox 476 3184 730 3238; x_wconf 89' lang='lat' dir='ltr'><strong>cinerem.</strong></span> <span class='ocrx_word' id='word_1_386' title='bbox 762 3180 1012 3246; x_wconf 84' lang='lat' dir='ltr'><strong>Quamvis</strong></span> <span class='ocrx_word' id='word_1_387' title='bbox 1043 3178 1170 3232; x_wconf 86' lang='lat' dir='ltr'><strong>nihil</strong></span> <span class='ocrx_word' id='word_1_388' title='bbox 1206 3177 1290 3230; x_wconf 93' lang='lat' dir='ltr'><strong>hic</strong></span> <span class='ocrx_word' id='word_1_389' title='bbox 1322 3176 1601 3243; x_wconf 79' lang='lat' dir='ltr'><strong>prohibeat</strong></span> <span class='ocrx_word' id='word_1_390' title='bbox 1632 3173 1841 3228; x_wconf 91' lang='lat' dir='ltr'><strong>oculum</strong></span> <span class='ocrx_word' id='word_1_391' title='bbox 1873 3171 2052 3226; x_wconf 89' lang='lat' dir='ltr'><strong>cordis</strong></span> <span class='ocrx_word' id='word_1_392' title='bbox 2081 3163 2129 3226; x_wconf 86' lang='lat' dir='ltr'><strong><em>C</em></strong></span> 
     </span>
    </p>
   </div>
   <div class='ocr_carea' id='block_1_50' title="bbox 477 3261 2058 3340">
    <p class='ocr_par' dir='ltr' id='par_1_50' title="bbox 477 3261 2058 3340">
     <span class='ocr_line' id='line_1_50' title="bbox 477 3261 2058 3340; baseline -0.01 -12"><span class='ocrx_word' id='word_1_393' title='bbox 477 3273 718 3340; x_wconf 80' lang='lat' dir='ltr'><strong>intelligi,</strong></span> <span class='ocrx_word' id='word_1_394' title='bbox 741 3271 810 3325; x_wconf 89' lang='lat' dir='ltr'><strong>de</strong></span> <span class='ocrx_word' id='word_1_395' title='bbox 846 3269 1037 3336; x_wconf 89' lang='lat' dir='ltr'><strong>quibus</strong></span> <span class='ocrx_word' id='word_1_396' title='bbox 1072 3268 1239 3322; x_wconf 90' lang='lat' dir='ltr'><strong>oculis</strong></span> <span class='ocrx_word' id='word_1_397' title='bbox 1268 3267 1340 3320; x_wconf 87' lang='lat' dir='ltr'><strong>ait</strong></span> <span class='ocrx_word' id='word_1_398' title='bbox 1373 3264 1658 3334; x_wconf 75' lang='lat' dir='ltr'><strong>Apostolus</strong></span> <span class='ocrx_word' id='word_1_399' title='bbox 1686 3280 1699 3317; x_wconf 91' lang='lat'><strong>:</strong></span> <span class='ocrx_word' id='word_1_400' title='bbox 1733 3261 2058 3316; x_wconf 88' lang='lat' dir='ltr'><strong>llluminatos</strong></span> 
     </span>
    </p>
   </div>
   <div class='ocr_carea' id='block_1_51' title="bbox 478 3353 2056 3425">
    <p class='ocr_par' dir='ltr' id='par_1_51' title="bbox 478 3353 2056 3425">
     <span class='ocr_line' id='line_1_51' title="bbox 478 3353 2056 3425; baseline -0.008 -8"><span class='ocrx_word' id='word_1_401' title='bbox 478 3366 663 3418; x_wconf 89' lang='lat' dir='ltr'><strong>oculos</strong></span> <span class='ocrx_word' id='word_1_402' title='bbox 681 3361 881 3414; x_wconf 90' lang='lat' dir='ltr'><strong>habere</strong></span> <span class='ocrx_word' id='word_1_403' title='bbox 905 3359 1080 3413; x_wconf 89' lang='lat' dir='ltr'><strong>cordis</strong></span> <span class='ocrx_word' id='word_1_404' title='bbox 1107 3357 1266 3411; x_wconf 89' lang='lat' dir='ltr'><strong>vestri</strong></span> <span class='ocrx_word' id='word_1_405' title='bbox 1297 3374 1308 3408; x_wconf 75' lang='grc' dir='ltr'>ε</span> <span class='ocrx_word' id='word_1_406' title='bbox 1336 3356 1463 3425; x_wconf 87' lang='lat' dir='ltr'><strong>ipsis</strong></span> <span class='ocrx_word' id='word_1_407' title='bbox 1491 3364 1668 3409; x_wconf 88' lang='lat' dir='ltr'><strong>autem</strong></span> <span class='ocrx_word' id='word_1_408' title='bbox 1692 3355 1864 3410; x_wconf 89' lang='lat' dir='ltr'><strong>videri</strong></span> <span class='ocrx_word' id='word_1_409' title='bbox 1890 3353 2056 3408; x_wconf 90' lang='lat' dir='ltr'><strong>Deum</strong></span> 
     </span>
    </p>
   </div>
   <div class='ocr_carea' id='block_1_52' title="bbox 479 3447 2057 3520">
    <p class='ocr_par' dir='ltr' id='par_1_52' title="bbox 479 3447 2057 3520">
     <span class='ocr_line' id='line_1_52' title="bbox 479 3447 2057 3520; baseline -0.005 -11"><span class='ocrx_word' id='word_1_410' title='bbox 479 3470 600 3509; x_wconf 92' lang='lat' dir='ltr'><strong>cum</strong></span> <span class='ocrx_word' id='word_1_411' title='bbox 632 3452 920 3515; x_wconf 84' lang='lat' dir='ltr'><strong>videbitur,</strong></span> <span class='ocrx_word' id='word_1_412' title='bbox 962 3449 1298 3504; x_wconf 88' lang='lat' dir='ltr'><strong>Christianus</strong></span> <span class='ocrx_word' id='word_1_413' title='bbox 1341 3447 1559 3515; x_wconf 81' lang='lat' dir='ltr'><strong>ambigit</strong></span> <span class='ocrx_word' id='word_1_414' title='bbox 1590 3464 1766 3513; x_wconf 91' lang='lat' dir='ltr'><strong>nemo,</strong></span> <span class='ocrx_word' id='word_1_415' title='bbox 1790 3451 1878 3520; x_wconf 89' lang='lat' dir='ltr'><strong>qui</strong></span> <span class='ocrx_word' id='word_1_416' title='bbox 1923 3449 2057 3502; x_wconf 81' lang='lat' dir='ltr'><strong>fide-</strong></span> 
     </span>
    </p>
   </div>
   <div class='ocr_carea' id='block_1_53' title="bbox 479 3538 2053 3610">
    <p class='ocr_par' dir='ltr' id='par_1_53' title="bbox 479 3538 2053 3610">
     <span class='ocr_line' id='line_1_53' title="bbox 479 3538 2053 3610; baseline -0.004 -10"><span class='ocrx_word' id='word_1_417' title='bbox 479 3547 601 3601; x_wconf 90' lang='lat' dir='ltr'><strong>liter</strong></span> <span class='ocrx_word' id='word_1_418' title='bbox 629 3543 822 3609; x_wconf 83' lang='lat' dir='ltr'><strong>accipit</strong></span> <span class='ocrx_word' id='word_1_419' title='bbox 845 3539 983 3610; x_wconf 93' lang='lat' dir='ltr'><strong>quod</strong></span> <span class='ocrx_word' id='word_1_420' title='bbox 1003 3539 1235 3592; x_wconf 88' lang='lat' dir='ltr'><strong>aitDeus</strong></span> <span class='ocrx_word' id='word_1_421' title='bbox 1266 3538 1353 3591; x_wconf 93' lang='lat' dir='ltr'><strong>ille</strong></span> <span class='ocrx_word' id='word_1_422' title='bbox 1390 3539 1676 3605; x_wconf 87' lang='lat' dir='ltr'><strong>magister:</strong></span> <span class='ocrx_word' id='word_1_423' title='bbox 1705 3539 1850 3594; x_wconf 86' lang='lat' dir='ltr'><strong>Beati</strong></span> <span class='ocrx_word' id='word_1_424' title='bbox 1874 3541 2053 3594; x_wconf 91' lang='lat' dir='ltr'><strong>mundi</strong></span> 
     </span>
    </p>
   </div>
   <div class='ocr_carea' id='block_1_54' title="bbox 480 3625 2052 3700">
    <p class='ocr_par' dir='ltr' id='par_1_54' title="bbox 480 3625 2052 3700">
     <span class='ocr_line' id='line_1_54' title="bbox 480 3625 2052 3700; baseline -0.003 -13"><span class='ocrx_word' id='word_1_425' title='bbox 480 3632 644 3687; x_wconf 90' lang='lat' dir='ltr'><strong>corde</strong></span> <span class='ocrx_word' id='word_1_426' title='bbox 693 3629 939 3700; x_wconf 89' lang='lat' dir='ltr'><strong>quoniam</strong></span> <span class='ocrx_word' id='word_1_427' title='bbox 985 3627 1084 3695; x_wconf 92' lang='lat' dir='ltr'><strong>ipsi</strong></span> <span class='ocrx_word' id='word_1_428' title='bbox 1132 3625 1364 3696; x_wconf 84' lang='lat' dir='ltr'><strong>[Deum]</strong></span> <span class='ocrx_word' id='word_1_429' title='bbox 1413 3625 1684 3680; x_wconf 88' lang='lat' dir='ltr'><strong>videbunt-</strong></span> <span class='ocrx_word' id='word_1_430' title='bbox 1735 3627 1840 3682; x_wconf 87' lang='lat' dir='ltr'><strong>Sed</strong></span> <span class='ocrx_word' id='word_1_431' title='bbox 1880 3639 2052 3684; x_wconf 91' lang='lat' dir='ltr'><strong>utrum</strong></span> 
     </span>
    </p>
   </div>
   <div class='ocr_carea' id='block_1_55' title="bbox 480 3715 2053 3789">
    <p class='ocr_par' dir='ltr' id='par_1_55' title="bbox 480 3715 2053 3789">
     <span class='ocr_line' id='line_1_55' title="bbox 480 3715 2053 3789; baseline -0.003 -7"><span class='ocrx_word' id='word_1_432' title='bbox 480 3727 645 3782; x_wconf 84' lang='lat' dir='ltr'><strong>etiam</strong></span> <span class='ocrx_word' id='word_1_433' title='bbox 682 3719 1047 3789; x_wconf 89' lang='lat' dir='ltr'><strong>corporalibus</strong></span> <span class='ocrx_word' id='word_1_434' title='bbox 1095 3717 1164 3771; x_wconf 90' lang='lat' dir='ltr'><strong>ibi</strong></span> <span class='ocrx_word' id='word_1_435' title='bbox 1195 3716 1362 3770; x_wconf 91' lang='lat' dir='ltr'><strong>oculis</strong></span> <span class='ocrx_word' id='word_1_436' title='bbox 1405 3715 1676 3781; x_wconf 81' lang='lat' dir='ltr'><strong>videatur,</strong></span> <span class='ocrx_word' id='word_1_437' title='bbox 1728 3717 1912 3774; x_wconf 90' lang='lat' dir='ltr'><strong>hocin</strong></span> <span class='ocrx_word' id='word_1_438' title='bbox 1954 3722 2053 3777; x_wconf 88' lang='lat' dir='ltr'><strong>ista</strong></span> 
     </span>
    </p>
   </div>
   <div class='ocr_carea' id='block_1_56' title="bbox 481 3806 2049 3883">
    <p class='ocr_par' dir='ltr' id='par_1_56' title="bbox 481 3806 2049 3883">
     <span class='ocr_line' id='line_1_56' title="bbox 481 3806 2049 3883; baseline -0.003 -15"><span class='ocrx_word' id='word_1_439' title='bbox 481 3815 774 3883; x_wconf 63' lang='lat' dir='ltr'><strong>quaestione</strong></span> <span class='ocrx_word' id='word_1_440' title='bbox 805 3823 1097 3864; x_wconf 77' lang='lat' dir='ltr'><strong>versamus.</strong></span> <span class='ocrx_word' id='word_1_441' title='bbox 1125 3806 1254 3860; x_wconf 89' lang='lat' dir='ltr'><strong>Illud</strong></span> <span class='ocrx_word' id='word_1_442' title='bbox 1284 3808 1424 3860; x_wconf 90' lang='lat' dir='ltr'><strong>enim</strong></span> <span class='ocrx_word' id='word_1_443' title='bbox 1453 3807 1604 3877; x_wconf 83' lang='lat'><strong>107</strong></span> <span class='ocrx_word' id='word_1_444' title='bbox 1626 3807 1765 3876; x_wconf 85' lang='lat' dir='ltr'><strong>quod</strong></span> <span class='ocrx_word' id='word_1_445' title='bbox 1792 3810 2049 3878; x_wconf 90' lang='lat' dir='ltr'><strong>scriptum</strong></span> 
     </span>
    </p>
   </div>
   <div class='ocr_carea' id='block_1_57' title="bbox 482 3898 2055 3969">
    <p class='ocr_par' dir='ltr' id='par_1_57' title="bbox 482 3898 2055 3969">
     <span class='ocr_line' id='line_1_57' title="bbox 482 3898 2055 3969; baseline 0.001 -10"><span class='ocrx_word' id='word_1_446' title='bbox 482 3915 584 3969; x_wconf 78' lang='lat' dir='ltr'><strong>est,</strong></span> <span class='ocrx_word' id='word_1_447' title='bbox 645 3903 708 3958; x_wconf 83' lang='lat' dir='ltr'><strong>Et</strong></span> <span class='ocrx_word' id='word_1_448' title='bbox 735 3901 936 3956; x_wconf 87' lang='lat' dir='ltr'><strong>videbit</strong></span> <span class='ocrx_word' id='word_1_449' title='bbox 964 3899 1135 3953; x_wconf 89' lang='lat' dir='ltr'><strong>omnis</strong></span> <span class='ocrx_word' id='word_1_450' title='bbox 1163 3913 1290 3952; x_wconf 89' lang='lat' dir='ltr'><strong>caro</strong></span> <span class='ocrx_word' id='word_1_451' title='bbox 1317 3898 1549 3954; x_wconf 81' lang='lat' dir='ltr'><strong>salutare</strong></span> <span class='ocrx_word' id='word_1_452' title='bbox 1581 3899 1670 3953; x_wconf 74' lang='lat' dir='ltr'><strong>Dei</strong></span> <span class='ocrx_word' id='word_1_453' title='bbox 1699 3917 1713 3965; x_wconf 92' lang='lat'><strong>;</strong></span> <span class='ocrx_word' id='word_1_454' title='bbox 1766 3901 1885 3957; x_wconf 91' lang='lat' dir='ltr'><strong>sine</strong></span> <span class='ocrx_word' id='word_1_455' title='bbox 1916 3903 2055 3960; x_wconf 91' lang='lat' dir='ltr'><strong>illius</strong></span> 
     </span>
    </p>
   </div>
   <div class='ocr_carea' id='block_1_58' title="bbox 483 3991 2054 4070">
    <p class='ocr_par' dir='ltr' id='par_1_58' title="bbox 483 3991 2054 4070">
     <span class='ocr_line' id='line_1_58' title="bbox 483 3991 2054 4070; baseline 0 -18"><span class='ocrx_word' id='word_1_456' title='bbox 483 3996 691 4070; x_wconf 73' lang='lat' dir='ltr'><strong>[ullius]</strong></span> <span class='ocrx_word' id='word_1_457' title='bbox 722 3995 862 4050; x_wconf 88' lang='lat' dir='ltr'><strong>nodo</strong></span> <span class='ocrx_word' id='word_1_458' title='bbox 910 3993 1236 4048; x_wconf 77' lang='lat' dir='ltr'><strong>difficultatis</strong></span> <span class='ocrx_word' id='word_1_459' title='bbox 1277 3991 1355 4047; x_wconf 91' lang='lat' dir='ltr'><strong>sic</strong></span> <span class='ocrx_word' id='word_1_460' title='bbox 1401 3992 1624 4062; x_wconf 82' lang='lat' dir='ltr'><strong>intelligi</strong></span> <span class='ocrx_word' id='word_1_461' title='bbox 1659 4004 1853 4064; x_wconf 89' lang='lat' dir='ltr'><strong>potest,</strong></span> <span class='ocrx_word' id='word_1_462' title='bbox 1904 4011 1966 4052; x_wconf 90' lang='lat' dir='ltr'><strong>ac</strong></span> <span class='ocrx_word' id='word_1_463' title='bbox 2008 3999 2054 4051; x_wconf 91' lang='lat' dir='ltr'><strong>si</strong></span> 
     </span>
    </p>
   </div>
   <div class='ocr_carea' id='block_1_59' title="bbox 483 4083 2051 4153">
    <p class='ocr_par' dir='ltr' id='par_1_59' title="bbox 483 4083 2051 4153">
     <span class='ocr_line' id='line_1_59' title="bbox 483 4083 2051 4153; baseline -0.001 -10"><span class='ocrx_word' id='word_1_464' title='bbox 483 4089 681 4145; x_wconf 89' lang='lat' dir='ltr'><strong>dictum</strong></span> <span class='ocrx_word' id='word_1_465' title='bbox 717 4087 892 4151; x_wconf 86' lang='lat' dir='ltr'><strong>fuerit,</strong></span> <span class='ocrx_word' id='word_1_466' title='bbox 916 4083 981 4139; x_wconf 87' lang='lat' dir='ltr'><strong>Et</strong></span> <span class='ocrx_word' id='word_1_467' title='bbox 1007 4085 1203 4138; x_wconf 87' lang='lat' dir='ltr'><strong>videbit</strong></span> <span class='ocrx_word' id='word_1_468' title='bbox 1232 4083 1406 4138; x_wconf 89' lang='lat' dir='ltr'><strong>omnis</strong></span> <span class='ocrx_word' id='word_1_469' title='bbox 1439 4085 1598 4138; x_wconf 81' lang='lat' dir='ltr'><strong>homo</strong></span> <span class='ocrx_word' id='word_1_470' title='bbox 1622 4085 1890 4142; x_wconf 87' lang='lat' dir='ltr'><strong>Christum</strong></span> <span class='ocrx_word' id='word_1_471' title='bbox 1938 4088 2051 4153; x_wconf 91' lang='lat' dir='ltr'><strong>Dei,</strong></span> 
     </span>
    </p>
   </div>
   <div class='ocr_carea' id='block_1_60' title="bbox 485 4175 2057 4250">
    <p class='ocr_par' dir='ltr' id='par_1_60' title="bbox 485 4175 2057 4250">
     <span class='ocr_line' id='line_1_60' title="bbox 485 4175 2057 4250; baseline 0 -17"><span class='ocrx_word' id='word_1_472' title='bbox 485 4181 571 4250; x_wconf 92' lang='lat' dir='ltr'><strong>qui</strong></span> <span class='ocrx_word' id='word_1_473' title='bbox 597 4181 777 4248; x_wconf 90' lang='lat' dir='ltr'><strong>utique</strong></span> <span class='ocrx_word' id='word_1_474' title='bbox 803 4178 854 4231; x_wconf 94' lang='lat' dir='ltr'><strong>in</strong></span> <span class='ocrx_word' id='word_1_475' title='bbox 877 4190 1100 4245; x_wconf 88' lang='lat' dir='ltr'><strong>corpore</strong></span> <span class='ocrx_word' id='word_1_476' title='bbox 1114 4176 1256 4228; x_wconf 90' lang='lat' dir='ltr'><strong>visus</strong></span> <span class='ocrx_word' id='word_1_477' title='bbox 1272 4183 1375 4240; x_wconf 87' lang='lat' dir='ltr'><strong>est,</strong></span> <span class='ocrx_word' id='word_1_478' title='bbox 1394 4184 1448 4228; x_wconf 92' lang='lat' dir='ltr'><strong>et</strong></span> <span class='ocrx_word' id='word_1_479' title='bbox 1473 4175 1523 4227; x_wconf 88' lang='lat' dir='ltr'><strong>in</strong></span> <span class='ocrx_word' id='word_1_480' title='bbox 1546 4189 1771 4244; x_wconf 91' lang='lat' dir='ltr'><strong>corpore</strong></span> <span class='ocrx_word' id='word_1_481' title='bbox 1792 4176 2057 4233; x_wconf 89' lang='lat' dir='ltr'><strong>videbitur</strong></span> 
     </span>
    </p>
   </div>
   <div class='ocr_carea' id='block_1_61' title="bbox 483 4265 2055 4341">
    <p class='ocr_par' dir='ltr' id='par_1_61' title="bbox 483 4265 2055 4341">
     <span class='ocr_line' id='line_1_61' title="bbox 483 4265 2055 4341; baseline 0.001 -19"><span class='ocrx_word' id='word_1_482' title='bbox 483 4269 695 4341; x_wconf 85' lang='lat' dir='ltr'><strong>quando</strong></span> <span class='ocrx_word' id='word_1_483' title='bbox 721 4269 873 4321; x_wconf 90' lang='lat' dir='ltr'><strong>vivos</strong></span> <span class='ocrx_word' id='word_1_484' title='bbox 900 4276 954 4321; x_wconf 91' lang='lat' dir='ltr'><strong>ct</strong></span> <span class='ocrx_word' id='word_1_485' title='bbox 980 4276 1220 4320; x_wconf 90' lang='lat' dir='ltr'><strong>mortuos</strong></span> <span class='ocrx_word' id='word_1_486' title='bbox 1244 4265 1526 4334; x_wconf 76' lang='lat' dir='ltr'><strong>iudicabit.</strong></span> <span class='ocrx_word' id='word_1_487' title='bbox 1550 4266 1702 4333; x_wconf 84' lang='lat' dir='ltr'><strong>Quod</strong></span> <span class='ocrx_word' id='word_1_488' title='bbox 1732 4276 1909 4322; x_wconf 91' lang='lat' dir='ltr'><strong>autem</strong></span> <span class='ocrx_word' id='word_1_489' title='bbox 1941 4269 2055 4339; x_wconf 90' lang='lat' dir='ltr'><strong>ipse</strong></span> 
     </span>
    </p>
   </div>
   <div class='ocr_carea' id='block_1_62' title="bbox 485 4357 2056 4421">
    <p class='ocr_par' dir='ltr' id='par_1_62' title="bbox 485 4357 2056 4421">
     <span class='ocr_line' id='line_1_62' title="bbox 485 4357 2056 4421; baseline -0.001 -4"><span class='ocrx_word' id='word_1_490' title='bbox 485 4363 553 4417; x_wconf 86' lang='lat' dir='ltr'><strong>sit</strong></span> <span class='ocrx_word' id='word_1_491' title='bbox 579 4363 811 4416; x_wconf 88' lang='lat' dir='ltr'><strong>salutare</strong></span> <span class='ocrx_word' id='word_1_492' title='bbox 849 4359 966 4421; x_wconf 86' lang='lat' dir='ltr'><strong>Dei,</strong></span> <span class='ocrx_word' id='word_1_493' title='bbox 1011 4358 1176 4410; x_wconf 89' lang='lat' dir='ltr'><strong>multa</strong></span> <span class='ocrx_word' id='word_1_494' title='bbox 1209 4366 1333 4411; x_wconf 91' lang='lat' dir='ltr'><strong>sunt</strong></span> <span class='ocrx_word' id='word_1_495' title='bbox 1362 4369 1414 4412; x_wconf 92' lang='lat' dir='ltr'><strong>et</strong></span> <span class='ocrx_word' id='word_1_496' title='bbox 1453 4358 1556 4412; x_wconf 90' lang='lat' dir='ltr'><strong>alia</strong></span> <span class='ocrx_word' id='word_1_497' title='bbox 1588 4359 1892 4414; x_wconf 89' lang='lat' dir='ltr'><strong>testimonia</strong></span> <span class='ocrx_word' id='word_1_498' title='bbox 1913 4357 2056 4416; x_wconf 85' lang='lat' dir='ltr'><strong>Scri-</strong></span> 
     </span>
    </p>
   </div>
   <div class='ocr_carea' id='block_1_63' title="bbox 485 4446 2048 4523">
    <p class='ocr_par' dir='ltr' id='par_1_63' title="bbox 485 4446 2048 4523">
     <span class='ocr_line' id='line_1_63' title="bbox 485 4446 2048 4523; baseline -0.001 -17"><span class='ocrx_word' id='word_1_499' title='bbox 485 4461 756 4523; x_wconf 89' lang='lat' dir='ltr'><strong>pturarum</strong></span> <span class='ocrx_word' id='word_1_500' title='bbox 781 4465 796 4513; x_wconf 92' lang='lat'><strong>;</strong></span> <span class='ocrx_word' id='word_1_501' title='bbox 821 4448 916 4503; x_wconf 82' lang='lat' dir='ltr'><strong>sed</strong></span> <span class='ocrx_word' id='word_1_502' title='bbox 958 4446 1256 4501; x_wconf 89' lang='lat' dir='ltr'><strong>evidentius</strong></span> <span class='ocrx_word' id='word_1_503' title='bbox 1286 4448 1575 4502; x_wconf 89' lang='lat' dir='ltr'><strong>venerandi</strong></span> <span class='ocrx_word' id='word_1_504' title='bbox 1607 4448 1751 4504; x_wconf 91' lang='lat' dir='ltr'><strong>illius</strong></span> <span class='ocrx_word' id='word_1_505' title='bbox 1780 4450 1925 4504; x_wconf 90' lang='lat' dir='ltr'><strong>senis</strong></span> <span class='ocrx_word' id='word_1_506' title='bbox 1965 4450 2048 4505; x_wconf 84' lang='lat' dir='ltr'><strong>Si-</strong></span> 
     </span>
    </p>
   </div>
   <div class='ocr_carea' id='block_1_64' title="bbox 2153 1919 3736 1988">
    <p class='ocr_par' dir='ltr' id='par_1_64' title="bbox 2153 1919 3736 1988">
     <span class='ocr_line' id='line_1_64' title="bbox 2153 1919 3736 1988; baseline 0.002 -16"><span class='ocrx_word' id='word_1_507' title='bbox 2153 1919 2454 1972; x_wconf 90' lang='lat' dir='ltr'><strong>mortalium</strong></span> <span class='ocrx_word' id='word_1_508' title='bbox 2505 1919 2700 1973; x_wconf 67' lang='lat' dir='ltr'><strong>timidas</strong></span> <span class='ocrx_word' id='word_1_509' title='bbox 2743 1929 2798 1972; x_wconf 90' lang='lat' dir='ltr'><strong>et</strong></span> <span class='ocrx_word' id='word_1_510' title='bbox 2836 1920 3055 1975; x_wconf 75' lang='lat' dir='ltr'><strong>incertae</strong></span> <span class='ocrx_word' id='word_1_511' title='bbox 3100 1921 3453 1988; x_wconf 68' lang='lat' dir='ltr'><strong>providentiae</strong></span> <span class='ocrx_word' id='word_1_512' title='bbox 3506 1930 3736 1976; x_wconf 55' lang='lat' dir='ltr'><strong>nostra.</strong></span> 
     </span>
    </p>
   </div>
   <div class='ocr_carea' id='block_1_65' title="bbox 2156 2009 3737 2080">
    <p class='ocr_par' dir='ltr' id='par_1_65' title="bbox 2156 2009 3737 2080">
     <span class='ocr_line' id='line_1_65' title="bbox 2156 2009 3737 2080; baseline 0.001 -18"><span class='ocrx_word' id='word_1_513' title='bbox 2156 2009 2512 2063; x_wconf 82' lang='lat' dir='ltr'><strong>Ratiocinatio</strong></span> <span class='ocrx_word' id='word_1_514' title='bbox 2560 2010 2756 2079; x_wconf 90' lang='lat' dir='ltr'><strong>quippe</strong></span> <span class='ocrx_word' id='word_1_515' title='bbox 2787 2009 2875 2063; x_wconf 92' lang='lat' dir='ltr'><strong>illa</strong></span> <span class='ocrx_word' id='word_1_516' title='bbox 2908 2009 3372 2078; x_wconf 89' lang='lat' dir='ltr'><strong>philosophorum,</strong></span> <span class='ocrx_word' id='word_1_517' title='bbox 3414 2025 3518 2080; x_wconf 90' lang='lat' dir='ltr'><strong>qua</strong></span> <span class='ocrx_word' id='word_1_518' title='bbox 3554 2011 3737 2080; x_wconf 89' lang='lat' dir='ltr'><strong>dispu-</strong></span> 
     </span>
    </p>
   </div>
   <div class='ocr_carea' id='block_1_66' title="bbox 2152 2098 3731 2168">
    <p class='ocr_par' dir='ltr' id='par_1_66' title="bbox 2152 2098 3731 2168">
     <span class='ocr_line' id='line_1_66' title="bbox 2152 2098 3731 2168; baseline 0 -16"><span class='ocrx_word' id='word_1_519' title='bbox 2152 2107 2265 2153; x_wconf 82' lang='lat' dir='ltr'><strong>tant</strong></span> <span class='ocrx_word' id='word_1_520' title='bbox 2298 2100 2370 2153; x_wconf 87' lang='lat' dir='ltr'><strong>ita</strong></span> <span class='ocrx_word' id='word_1_521' title='bbox 2400 2098 2594 2154; x_wconf 90' lang='lat' dir='ltr'><strong>mentis</strong></span> <span class='ocrx_word' id='word_1_522' title='bbox 2625 2108 2840 2168; x_wconf 89' lang='lat' dir='ltr'><strong>aspectu</strong></span> <span class='ocrx_word' id='word_1_523' title='bbox 2873 2099 3222 2168; x_wconf 88' lang='lat' dir='ltr'><strong>intelligibilia</strong></span> <span class='ocrx_word' id='word_1_524' title='bbox 3253 2100 3444 2164; x_wconf 80' lang='lat' dir='ltr'><strong>videri,</strong></span> <span class='ocrx_word' id='word_1_525' title='bbox 3478 2109 3534 2153; x_wconf 91' lang='lat' dir='ltr'><strong>et</strong></span> <span class='ocrx_word' id='word_1_526' title='bbox 3569 2115 3731 2154; x_wconf 89' lang='lat' dir='ltr'><strong>sensu</strong></span> 
     </span>
    </p>
   </div>
   <div class='ocr_carea' id='block_1_67' title="bbox 2151 2189 3730 2258">
    <p class='ocr_par' dir='ltr' id='par_1_67' title="bbox 2151 2189 3730 2258">
     <span class='ocr_line' id='line_1_67' title="bbox 2151 2189 3730 2258; baseline -0.002 -14"><span class='ocrx_word' id='word_1_527' title='bbox 2151 2190 2391 2258; x_wconf 84' lang='lat' dir='ltr'><strong>corporis</strong></span> <span class='ocrx_word' id='word_1_528' title='bbox 2419 2189 2714 2255; x_wconf 79' lang='lat' dir='ltr'><strong>sensibilis,</strong></span> <span class='ocrx_word' id='word_1_529' title='bbox 2761 2189 2816 2243; x_wconf 90' lang='lat' dir='ltr'><strong>id</strong></span> <span class='ocrx_word' id='word_1_530' title='bbox 2847 2199 2929 2243; x_wconf 91' lang='lat' dir='ltr'><strong>est</strong></span> <span class='ocrx_word' id='word_1_531' title='bbox 2959 2189 3258 2258; x_wconf 89' lang='lat' dir='ltr'><strong>corporalia</strong></span> <span class='ocrx_word' id='word_1_532' title='bbox 3297 2199 3354 2242; x_wconf 92' lang='lat' dir='ltr'><strong>ut</strong></span> <span class='ocrx_word' id='word_1_533' title='bbox 3392 2204 3492 2243; x_wconf 88' lang='lat' dir='ltr'><strong>nec</strong></span> <span class='ocrx_word' id='word_1_534' title='bbox 3534 2189 3730 2243; x_wconf 89' lang='lat' dir='ltr'><strong>intelli-</strong></span> 
     </span>
    </p>
   </div>
   <div class='ocr_carea' id='block_1_68' title="bbox 2153 2280 3736 2349">
    <p class='ocr_par' dir='ltr' id='par_1_68' title="bbox 2153 2280 3736 2349">
     <span class='ocr_line' id='line_1_68' title="bbox 2153 2280 3736 2349; baseline 0 -17"><span class='ocrx_word' id='word_1_535' title='bbox 2153 2280 2330 2349; x_wconf 84' lang='lat' dir='ltr'><strong>gibilia</strong></span> <span class='ocrx_word' id='word_1_536' title='bbox 2363 2296 2457 2349; x_wconf 91' lang='lat' dir='ltr'><strong>per</strong></span> <span class='ocrx_word' id='word_1_537' title='bbox 2485 2294 2699 2348; x_wconf 88' lang='lat' dir='ltr'><strong>corpus,</strong></span> <span class='ocrx_word' id='word_1_538' title='bbox 2747 2295 2846 2334; x_wconf 91' lang='lat' dir='ltr'><strong>nec</strong></span> <span class='ocrx_word' id='word_1_539' title='bbox 2867 2280 3164 2348; x_wconf 84' lang='lat' dir='ltr'><strong>corporalia</strong></span> <span class='ocrx_word' id='word_1_540' title='bbox 3198 2295 3290 2348; x_wconf 90' lang='lat' dir='ltr'><strong>per</strong></span> <span class='ocrx_word' id='word_1_541' title='bbox 3320 2283 3555 2349; x_wconf 47' lang='lat' dir='ltr'><strong>seipaam</strong></span> <span class='ocrx_word' id='word_1_542' title='bbox 3589 2295 3736 2334; x_wconf 87' lang='lat' dir='ltr'><strong>meus</strong></span> 
     </span>
    </p>
   </div>
   <div class='ocr_carea' id='block_1_69' title="bbox 2154 2371 3736 2444">
    <p class='ocr_par' dir='ltr' id='par_1_69' title="bbox 2154 2371 3736 2444">
     <span class='ocr_line' id='line_1_69' title="bbox 2154 2371 3736 2444; baseline -0.001 -18"><span class='ocrx_word' id='word_1_543' title='bbox 2154 2376 2327 2430; x_wconf 89' lang='lat' dir='ltr'><strong>valeat</strong></span> <span class='ocrx_word' id='word_1_544' title='bbox 2369 2375 2585 2440; x_wconf 92' lang='lat' dir='ltr'><strong>intueri,</strong></span> <span class='ocrx_word' id='word_1_545' title='bbox 2630 2374 2674 2427; x_wconf 89' lang='lat' dir='ltr'><strong>si</strong></span> <span class='ocrx_word' id='word_1_546' title='bbox 2707 2384 2884 2442; x_wconf 87' lang='lat' dir='ltr'><strong>posset</strong></span> <span class='ocrx_word' id='word_1_547' title='bbox 2923 2371 3020 2444; x_wconf 79' lang='lat' dir='ltr'><strong>[et]</strong></span> <span class='ocrx_word' id='word_1_548' title='bbox 3053 2373 3206 2426; x_wconf 88' lang='lat' dir='ltr'><strong>nobis</strong></span> <span class='ocrx_word' id='word_1_549' title='bbox 3246 2388 3367 2428; x_wconf 89' lang='lat' dir='ltr'><strong>esse</strong></span> <span class='ocrx_word' id='word_1_550' title='bbox 3409 2374 3736 2435; x_wconf 87' lang='lat' dir='ltr'><strong>certissima,</strong></span> 
     </span>
    </p>
   </div>
   <div class='ocr_carea' id='block_1_70' title="bbox 2156 2463 3737 2535">
    <p class='ocr_par' dir='ltr' id='par_1_70' title="bbox 2156 2463 3737 2535">
     <span class='ocr_line' id='line_1_70' title="bbox 2156 2463 3737 2535; baseline -0.002 -17"><span class='ocrx_word' id='word_1_551' title='bbox 2156 2465 2396 2535; x_wconf 87' lang='lat' dir='ltr'><strong>profecto</strong></span> <span class='ocrx_word' id='word_1_552' title='bbox 2423 2473 2629 2519; x_wconf 86' lang='lat' dir='ltr'><strong>certum</strong></span> <span class='ocrx_word' id='word_1_553' title='bbox 2659 2473 2804 2518; x_wconf 89' lang='lat' dir='ltr'><strong>esset</strong></span> <span class='ocrx_word' id='word_1_554' title='bbox 2833 2479 2927 2533; x_wconf 90' lang='lat' dir='ltr'><strong>per</strong></span> <span class='ocrx_word' id='word_1_555' title='bbox 2955 2463 3139 2518; x_wconf 92' lang='lat' dir='ltr'><strong>oculos</strong></span> <span class='ocrx_word' id='word_1_556' title='bbox 3171 2465 3412 2533; x_wconf 89' lang='lat' dir='ltr'><strong>corporis</strong></span> <span class='ocrx_word' id='word_1_557' title='bbox 3441 2463 3610 2517; x_wconf 90' lang='lat' dir='ltr'><strong>etiam</strong></span> <span class='ocrx_word' id='word_1_558' title='bbox 3638 2464 3737 2530; x_wconf 71' lang='lat' dir='ltr'><strong>spi~</strong></span> 
     </span>
    </p>
   </div>
   <div class='ocr_carea' id='block_1_71' title="bbox 2156 2552 3737 2623">
    <p class='ocr_par' dir='ltr' id='par_1_71' title="bbox 2156 2552 3737 2623">
     <span class='ocr_line' id='line_1_71' title="bbox 2156 2552 3737 2623; baseline -0.003 -13"><span class='ocrx_word' id='word_1_559' title='bbox 2156 2555 2324 2610; x_wconf 85' lang='lat' dir='ltr'><strong>ritalis</strong></span> <span class='ocrx_word' id='word_1_560' title='bbox 2371 2553 2515 2608; x_wconf 94' lang='lat' dir='ltr'><strong>nullo</strong></span> <span class='ocrx_word' id='word_1_561' title='bbox 2557 2553 2716 2607; x_wconf 90' lang='lat' dir='ltr'><strong>modo</strong></span> <span class='ocrx_word' id='word_1_562' title='bbox 2766 2567 2922 2623; x_wconf 89' lang='lat' dir='ltr'><strong>posse</strong></span> <span class='ocrx_word' id='word_1_563' title='bbox 2968 2553 3149 2607; x_wconf 88' lang='lat' dir='ltr'><strong>vidcre</strong></span> <span class='ocrx_word' id='word_1_564' title='bbox 3197 2553 3388 2607; x_wconf 90' lang='lat' dir='ltr'><strong>Deum.</strong></span> <span class='ocrx_word' id='word_1_565' title='bbox 3437 2552 3547 2606; x_wconf 89' lang='lat' dir='ltr'><strong>Sed</strong></span> <span class='ocrx_word' id='word_1_566' title='bbox 3587 2554 3737 2606; x_wconf 87' lang='lat' dir='ltr'><strong>istam</strong></span> 
     </span>
    </p>
   </div>
   <div class='ocr_carea' id='block_1_72' title="bbox 2157 2640 3737 2712">
    <p class='ocr_par' dir='ltr' id='par_1_72' title="bbox 2157 2640 3737 2712">
     <span class='ocr_line' id='line_1_72' title="bbox 2157 2640 3737 2712; baseline -0.002 -16"><span class='ocrx_word' id='word_1_567' title='bbox 2157 2642 2639 2706; x_wconf 90' lang='lat' dir='ltr'><strong>ratiocinationem;</strong></span> <span class='ocrx_word' id='word_1_568' title='bbox 2685 2651 2738 2695; x_wconf 90' lang='lat' dir='ltr'><strong>et</strong></span> <span class='ocrx_word' id='word_1_569' title='bbox 2765 2655 2888 2694; x_wconf 86' lang='lat' dir='ltr'><strong>vera</strong></span> <span class='ocrx_word' id='word_1_570' title='bbox 2932 2642 3090 2705; x_wconf 90' lang='lat' dir='ltr'><strong>ratio,</strong></span> <span class='ocrx_word' id='word_1_571' title='bbox 3137 2650 3191 2696; x_wconf 90' lang='lat' dir='ltr'><strong>et</strong></span> <span class='ocrx_word' id='word_1_572' title='bbox 3217 2641 3524 2709; x_wconf 89' lang='lat' dir='ltr'><strong>prophetica</strong></span> <span class='ocrx_word' id='word_1_573' title='bbox 3563 2640 3586 2712; x_wconf 92' lang='lat'>[</span> <span class='ocrx_word' id='word_1_574' title='bbox 3619 2642 3737 2695; x_wconf 85' lang='lat' dir='ltr'><strong>irri-</strong></span> 
     </span>
    </p>
   </div>
   <div class='ocr_carea' id='block_1_73' title="bbox 2157 2729 3737 2801">
    <p class='ocr_par' dir='ltr' id='par_1_73' title="bbox 2157 2729 3737 2801">
     <span class='ocr_line' id='line_1_73' title="bbox 2157 2729 3737 2801; baseline -0.001 -18"><span class='ocrx_word' id='word_1_575' title='bbox 2157 2729 2269 2801; x_wconf 89' lang='lat' dir='ltr'><strong>det]</strong></span> <span class='ocrx_word' id='word_1_576' title='bbox 2299 2730 2492 2783; x_wconf 91' lang='lat' dir='ltr'><strong>inridet</strong></span> <span class='ocrx_word' id='word_1_577' title='bbox 2536 2729 2843 2782; x_wconf 88' lang='lat' dir='ltr'><strong>auctoritas.</strong></span> <span class='ocrx_word' id='word_1_578' title='bbox 2903 2729 3031 2794; x_wconf 87' lang='lat' dir='ltr'><strong>Quis</strong></span> <span class='ocrx_word' id='word_1_579' title='bbox 3063 2730 3204 2783; x_wconf 93' lang='lat' dir='ltr'><strong>enim</strong></span> <span class='ocrx_word' id='word_1_580' title='bbox 3245 2729 3314 2781; x_wconf 91' lang='lat' dir='ltr'><strong>ita</strong></span> <span class='ocrx_word' id='word_1_581' title='bbox 3348 2731 3419 2784; x_wconf 91' lang='lat' dir='ltr'><strong>sit</strong></span> <span class='ocrx_word' id='word_1_582' title='bbox 3460 2745 3688 2784; x_wconf 82' lang='lat' dir='ltr'><strong>aversus</strong></span> <span class='ocrx_word' id='word_1_583' title='bbox 3711 2745 3737 2782; x_wconf 88' lang='lat' dir='ltr'><strong>a</strong></span> 
     </span>
    </p>
   </div>
   <div class='ocr_carea' id='block_1_74' title="bbox 2158 2823 3738 2893">
    <p class='ocr_par' dir='ltr' id='par_1_74' title="bbox 2158 2823 3738 2893">
     <span class='ocr_line' id='line_1_74' title="bbox 2158 2823 3738 2893; baseline 0 -13"><span class='ocrx_word' id='word_1_584' title='bbox 2158 2839 2286 2880; x_wconf 82' lang='lat' dir='ltr'><strong>vero</strong></span> <span class='ocrx_word' id='word_1_585' title='bbox 2314 2833 2370 2877; x_wconf 92' lang='lat' dir='ltr'><strong>ut</strong></span> <span class='ocrx_word' id='word_1_586' title='bbox 2399 2823 2578 2878; x_wconf 90' lang='lat' dir='ltr'><strong>dicere</strong></span> <span class='ocrx_word' id='word_1_587' title='bbox 2602 2823 2797 2877; x_wconf 83' lang='lat' dir='ltr'><strong>audeat</strong></span> <span class='ocrx_word' id='word_1_588' title='bbox 2827 2823 2990 2877; x_wconf 92' lang='lat' dir='ltr'><strong>Deum</strong></span> <span class='ocrx_word' id='word_1_589' title='bbox 3022 2824 3317 2893; x_wconf 86' lang='lat' dir='ltr'><strong>corporalia</strong></span> <span class='ocrx_word' id='word_1_590' title='bbox 3349 2825 3449 2878; x_wconf 85' lang='lat' dir='ltr'><strong>ista</strong></span> <span class='ocrx_word' id='word_1_591' title='bbox 3486 2827 3738 2880; x_wconf 75' lang='lat' dir='ltr'><strong>nescire?</strong></span> 
     </span>
    </p>
   </div>
   <div class='ocr_carea' id='block_1_75' title="bbox 2159 2913 3740 2988">
    <p class='ocr_par' dir='ltr' id='par_1_75' title="bbox 2159 2913 3740 2988">
     <span class='ocr_line' id='line_1_75' title="bbox 2159 2913 3740 2988; baseline 0.001 -17"><span class='ocrx_word' id='word_1_592' title='bbox 2159 2915 2405 2985; x_wconf 83' lang='lat' dir='ltr'><strong>Nunquid</strong></span> <span class='ocrx_word' id='word_1_593' title='bbox 2437 2929 2567 2984; x_wconf 82' lang='lat' dir='ltr'><strong>ergo</strong></span> <span class='ocrx_word' id='word_1_594' title='bbox 2596 2930 2791 2981; x_wconf 83' lang='lat' dir='ltr'><strong>corpus</strong></span> <span class='ocrx_word' id='word_1_595' title='bbox 2818 2913 2977 2969; x_wconf 88' lang='lat' dir='ltr'><strong>habet</strong></span> <span class='ocrx_word' id='word_1_596' title='bbox 3009 2931 3103 2984; x_wconf 91' lang='lat' dir='ltr'><strong>per</strong></span> <span class='ocrx_word' id='word_1_597' title='bbox 3131 2915 3281 2984; x_wconf 89' lang='lat' dir='ltr'><strong>cujus</strong></span> <span class='ocrx_word' id='word_1_598' title='bbox 3311 2919 3500 2972; x_wconf 86' lang='lat' dir='ltr'><strong>oculos</strong></span> <span class='ocrx_word' id='word_1_599' title='bbox 3526 2935 3593 2972; x_wconf 85' lang='lat' dir='ltr'><strong>ea</strong></span> <span class='ocrx_word' id='word_1_600' title='bbox 3625 2933 3740 2988; x_wconf 85' lang='lat' dir='ltr'><strong>pos-</strong></span> 
     </span>
    </p>
   </div>
   <div class='ocr_carea' id='block_1_76' title="bbox 2161 3007 3734 3079">
    <p class='ocr_par' dir='ltr' id='par_1_76' title="bbox 2161 3007 3734 3079">
     <span class='ocr_line' id='line_1_76' title="bbox 2161 3007 3734 3079; baseline 0.003 -16"><span class='ocrx_word' id='word_1_601' title='bbox 2161 3009 2232 3063; x_wconf 92' lang='lat' dir='ltr'><strong>sit</strong></span> <span class='ocrx_word' id='word_1_602' title='bbox 2279 3007 2594 3061; x_wconf 83' lang='lat' dir='ltr'><strong>addiscere?</strong></span> <span class='ocrx_word' id='word_1_603' title='bbox 2648 3007 2843 3062; x_wconf 91' lang='lat' dir='ltr'><strong>deinde</strong></span> <span class='ocrx_word' id='word_1_604' title='bbox 2892 3009 3031 3077; x_wconf 90' lang='lat' dir='ltr'><strong>quod</strong></span> <span class='ocrx_word' id='word_1_605' title='bbox 3081 3009 3149 3063; x_wconf 87' lang='lat' dir='ltr'><strong>de</strong></span> <span class='ocrx_word' id='word_1_606' title='bbox 3207 3011 3467 3079; x_wconf 82' lang='lat' dir='ltr'><strong>prOpheta</strong></span> <span class='ocrx_word' id='word_1_607' title='bbox 3521 3012 3734 3067; x_wconf 84' lang='lat' dir='ltr'><strong>Heliseo</strong></span> 
     </span>
    </p>
   </div>
   <div class='ocr_carea' id='block_1_77' title="bbox 2165 3097 3736 3172">
    <p class='ocr_par' dir='ltr' id='par_1_77' title="bbox 2165 3097 3736 3172">
     <span class='ocr_line' id='line_1_77' title="bbox 2165 3097 3736 3172; baseline 0.004 -21"><span class='ocrx_word' id='word_1_608' title='bbox 2165 3098 2322 3167; x_wconf 90' lang='lat' dir='ltr'><strong>paulo</strong></span> <span class='ocrx_word' id='word_1_609' title='bbox 2352 3106 2476 3151; x_wconf 89' lang='lat' dir='ltr'><strong>ante</strong></span> <span class='ocrx_word' id='word_1_610' title='bbox 2516 3097 2773 3163; x_wconf 84' lang='lat' dir='ltr'><strong>diximus,</strong></span> <span class='ocrx_word' id='word_1_611' title='bbox 2816 3114 2994 3152; x_wconf 90' lang='lat' dir='ltr'><strong>nonne</strong></span> <span class='ocrx_word' id='word_1_612' title='bbox 3030 3100 3160 3152; x_wconf 87' lang='lat' dir='ltr'><strong>satis</strong></span> <span class='ocrx_word' id='word_1_613' title='bbox 3192 3100 3390 3154; x_wconf 88' lang='lat' dir='ltr'><strong>indicat</strong></span> <span class='ocrx_word' id='word_1_614' title='bbox 3429 3102 3603 3156; x_wconf 90' lang='lat' dir='ltr'><strong>etiam</strong></span> <span class='ocrx_word' id='word_1_615' title='bbox 3634 3105 3736 3172; x_wconf 90' lang='lat' dir='ltr'><strong>spi-</strong></span> 
     </span>
    </p>
   </div>
   <div class='ocr_carea' id='block_1_78' title="bbox 2160 3191 3736 3261">
    <p class='ocr_par' dir='ltr' id='par_1_78' title="bbox 2160 3191 3736 3261">
     <span class='ocr_line' id='line_1_78' title="bbox 2160 3191 3736 3261; baseline 0.001 -15"><span class='ocrx_word' id='word_1_616' title='bbox 2160 3194 2266 3247; x_wconf 89' lang='lat' dir='ltr'><strong>ritu</strong></span> <span class='ocrx_word' id='word_1_617' title='bbox 2299 3208 2400 3245; x_wconf 93' lang='lat' dir='ltr'><strong>non</strong></span> <span class='ocrx_word' id='word_1_618' title='bbox 2435 3205 2529 3259; x_wconf 89' lang='lat' dir='ltr'><strong>per</strong></span> <span class='ocrx_word' id='word_1_619' title='bbox 2553 3205 2750 3258; x_wconf 91' lang='lat' dir='ltr'><strong>corpus</strong></span> <span class='ocrx_word' id='word_1_620' title='bbox 2776 3191 3072 3260; x_wconf 88' lang='lat' dir='ltr'><strong>corporalia</strong></span> <span class='ocrx_word' id='word_1_621' title='bbox 3103 3207 3257 3261; x_wconf 90' lang='lat' dir='ltr'><strong>posse</strong></span> <span class='ocrx_word' id='word_1_622' title='bbox 3282 3195 3465 3247; x_wconf 70' lang='lat' dir='ltr'><strong>cerni?</strong></span> <span class='ocrx_word' id='word_1_623' title='bbox 3510 3195 3736 3261; x_wconf 82' lang='lat' dir='ltr'><strong>Quando</strong></span> 
     </span>
    </p>
   </div>
   <div class='ocr_carea' id='block_1_79' title="bbox 2158 3282 3736 3354">
    <p class='ocr_par' dir='ltr' id='par_1_79' title="bbox 2158 3282 3736 3354">
     <span class='ocr_line' id='line_1_79' title="bbox 2158 3282 3736 3354; baseline -0.001 -16"><span class='ocrx_word' id='word_1_624' title='bbox 2158 3285 2302 3338; x_wconf 88' lang='lat' dir='ltr'><strong>enim</strong></span> <span class='ocrx_word' id='word_1_625' title='bbox 2334 3298 2521 3337; x_wconf 86' lang='lat' dir='ltr'><strong>servus</strong></span> <span class='ocrx_word' id='word_1_626' title='bbox 2549 3285 2634 3340; x_wconf 91' lang='lat' dir='ltr'><strong>ille</strong></span> <span class='ocrx_word' id='word_1_627' title='bbox 2666 3298 2886 3337; x_wconf 88' lang='lat' dir='ltr'><strong>munera</strong></span> <span class='ocrx_word' id='word_1_628' title='bbox 2917 3282 3145 3351; x_wconf 89' lang='lat' dir='ltr'><strong>accepit,</strong></span> <span class='ocrx_word' id='word_1_629' title='bbox 3177 3283 3359 3352; x_wconf 89' lang='lat' dir='ltr'><strong>utique</strong></span> <span class='ocrx_word' id='word_1_630' title='bbox 3385 3286 3736 3354; x_wconf 87' lang='lat' dir='ltr'><strong>corporaliter</strong></span> 
     </span>
    </p>
   </div>
   <div class='ocr_carea' id='block_1_80' title="bbox 2158 3373 3734 3446">
    <p class='ocr_par' dir='ltr' id='par_1_80' title="bbox 2158 3373 3734 3446">
     <span class='ocr_line' id='line_1_80' title="bbox 2158 3373 3734 3446; baseline 0 -18"><span class='ocrx_word' id='word_1_631' title='bbox 2158 3385 2366 3446; x_wconf 86' lang='lat' dir='ltr'><strong>gestum</strong></span> <span class='ocrx_word' id='word_1_632' title='bbox 2400 3384 2501 3440; x_wconf 91' lang='lat' dir='ltr'><strong>est,</strong></span> <span class='ocrx_word' id='word_1_633' title='bbox 2543 3375 2684 3444; x_wconf 91' lang='lat' dir='ltr'><strong>quod</strong></span> <span class='ocrx_word' id='word_1_634' title='bbox 2724 3383 2902 3427; x_wconf 89' lang='lat' dir='ltr'><strong>tamen</strong></span> <span class='ocrx_word' id='word_1_635' title='bbox 2946 3373 3201 3441; x_wconf 88' lang='lat' dir='ltr'><strong>propheta</strong></span> <span class='ocrx_word' id='word_1_636' title='bbox 3242 3389 3344 3427; x_wconf 90' lang='lat' dir='ltr'><strong>non</strong></span> <span class='ocrx_word' id='word_1_637' title='bbox 3390 3389 3485 3443; x_wconf 87' lang='lat' dir='ltr'><strong>per</strong></span> <span class='ocrx_word' id='word_1_638' title='bbox 3514 3390 3734 3444; x_wconf 90' lang='lat' dir='ltr'><strong>corpus,</strong></span> 
     </span>
    </p>
   </div>
   <div class='ocr_carea' id='block_1_81' title="bbox 2157 3463 3737 3534">
    <p class='ocr_par' dir='ltr' id='par_1_81' title="bbox 2157 3463 3737 3534">
     <span class='ocr_line' id='line_1_81' title="bbox 2157 3463 3737 3534; baseline 0 -16"><span class='ocrx_word' id='word_1_639' title='bbox 2157 3465 2250 3518; x_wconf 88' lang='lat' dir='ltr'><strong>sed</strong></span> <span class='ocrx_word' id='word_1_640' title='bbox 2299 3479 2393 3532; x_wconf 91' lang='lat' dir='ltr'><strong>per</strong></span> <span class='ocrx_word' id='word_1_641' title='bbox 2419 3465 2666 3533; x_wconf 88' lang='lat' dir='ltr'><strong>spiritum</strong></span> <span class='ocrx_word' id='word_1_642' title='bbox 2697 3463 2849 3517; x_wconf 90' lang='lat' dir='ltr'><strong>vidit.</strong></span> <span class='ocrx_word' id='word_1_643' title='bbox 2889 3463 3036 3516; x_wconf 89' lang='lat' dir='ltr'><strong>Sicut</strong></span> <span class='ocrx_word' id='word_1_644' title='bbox 3067 3478 3194 3532; x_wconf 85' lang='lat' dir='ltr'><strong>ergo</strong></span> <span class='ocrx_word' id='word_1_645' title='bbox 3232 3472 3440 3517; x_wconf 88' lang='lat' dir='ltr'><strong>constat</strong></span> <span class='ocrx_word' id='word_1_646' title='bbox 3483 3480 3737 3534; x_wconf 86' lang='lat' dir='ltr'><strong>corpora-</strong></span> 
     </span>
    </p>
   </div>
   <div class='ocr_carea' id='block_1_82' title="bbox 2158 3552 3735 3624">
    <p class='ocr_par' dir='ltr' id='par_1_82' title="bbox 2158 3552 3735 3624">
     <span class='ocr_line' id='line_1_82' title="bbox 2158 3552 3735 3624; baseline 0.001 -17"><span class='ocrx_word' id='word_1_647' title='bbox 2158 3555 2231 3608; x_wconf 88' lang='lat' dir='ltr'><strong>lia</strong></span> <span class='ocrx_word' id='word_1_648' title='bbox 2261 3553 2444 3607; x_wconf 89' lang='lat' dir='ltr'><strong>videre</strong></span> <span class='ocrx_word' id='word_1_649' title='bbox 2472 3553 2740 3622; x_wconf 91' lang='lat' dir='ltr'><strong>spiritum,</strong></span> <span class='ocrx_word' id='word_1_650' title='bbox 2772 3552 2896 3621; x_wconf 90' lang='lat' dir='ltr'><strong>quid</strong></span> <span class='ocrx_word' id='word_1_651' title='bbox 2928 3553 2973 3606; x_wconf 90' lang='lat' dir='ltr'><strong>si</strong></span> <span class='ocrx_word' id='word_1_652' title='bbox 3005 3561 3145 3605; x_wconf 90' lang='lat' dir='ltr'><strong>tanta</strong></span> <span class='ocrx_word' id='word_1_653' title='bbox 3179 3553 3281 3607; x_wconf 93' lang='lat' dir='ltr'><strong>erit</strong></span> <span class='ocrx_word' id='word_1_654' title='bbox 3313 3556 3548 3621; x_wconf 88' lang='lat' dir='ltr'><strong>potentia</strong></span> <span class='ocrx_word' id='word_1_655' title='bbox 3583 3557 3735 3624; x_wconf 74' lang='lat' dir='ltr'><strong>Spiri-</strong></span> 
     </span>
    </p>
   </div>
   <div class='ocr_carea' id='block_1_83' title="bbox 2158 3642 3737 3715">
    <p class='ocr_par' dir='ltr' id='par_1_83' title="bbox 2158 3642 3737 3715">
     <span class='ocr_line' id='line_1_83' title="bbox 2158 3642 3737 3715; baseline 0.005 -22"><span class='ocrx_word' id='word_1_656' title='bbox 2158 3642 2278 3696; x_wconf 91' lang='lat' dir='ltr'><strong>talis</strong></span> <span class='ocrx_word' id='word_1_657' title='bbox 2303 3642 2567 3710; x_wconf 91' lang='lat' dir='ltr'><strong>corporis,</strong></span> <span class='ocrx_word' id='word_1_658' title='bbox 2616 3651 2675 3695; x_wconf 92' lang='lat' dir='ltr'><strong>ut</strong></span> <span class='ocrx_word' id='word_1_659' title='bbox 2711 3656 2936 3708; x_wconf 89' lang='lat' dir='ltr'><strong>corpore</strong></span> <span class='ocrx_word' id='word_1_660' title='bbox 2966 3642 3206 3696; x_wconf 87' lang='lat' dir='ltr'><strong>videatur</strong></span> <span class='ocrx_word' id='word_1_661' title='bbox 3228 3653 3280 3696; x_wconf 89' lang='lat' dir='ltr'><strong>et</strong></span> <span class='ocrx_word' id='word_1_662' title='bbox 3307 3643 3573 3712; x_wconf 83' lang='lat' dir='ltr'><strong>spiritus?</strong></span> <span class='ocrx_word' id='word_1_663' title='bbox 3624 3647 3737 3715; x_wconf 90' lang='lat' dir='ltr'><strong>Spi-</strong></span> 
     </span>
    </p>
   </div>
   <div class='ocr_carea' id='block_1_84' title="bbox 2156 3731 3736 3805">
    <p class='ocr_par' dir='ltr' id='par_1_84' title="bbox 2156 3731 3736 3805">
     <span class='ocr_line' id='line_1_84' title="bbox 2156 3731 3736 3805; baseline 0 -17"><span class='ocrx_word' id='word_1_664' title='bbox 2156 3734 2290 3788; x_wconf 90' lang='lat' dir='ltr'><strong>ritus</strong></span> <span class='ocrx_word' id='word_1_665' title='bbox 2320 3734 2461 3787; x_wconf 88' lang='lat' dir='ltr'><strong>enim</strong></span> <span class='ocrx_word' id='word_1_666' title='bbox 2491 3741 2574 3788; x_wconf 88' lang='lat' dir='ltr'><strong>est</strong></span> <span class='ocrx_word' id='word_1_667' title='bbox 2605 3732 2766 3798; x_wconf 87' lang='lat' dir='ltr'><strong>Deus,</strong></span> <span class='ocrx_word' id='word_1_668' title='bbox 2798 3731 2993 3787; x_wconf 88' lang='lat' dir='ltr'><strong>deinde</strong></span> <span class='ocrx_word' id='word_1_669' title='bbox 3018 3734 3177 3786; x_wconf 89' lang='lat' dir='ltr'><strong>vitam</strong></span> <span class='ocrx_word' id='word_1_670' title='bbox 3209 3734 3421 3802; x_wconf 86' lang='lat' dir='ltr'><strong>quidem</strong></span> <span class='ocrx_word' id='word_1_671' title='bbox 3451 3749 3612 3788; x_wconf 90' lang='lat' dir='ltr'><strong>suam</strong></span> <span class='ocrx_word' id='word_1_672' title='bbox 3641 3749 3736 3805; x_wconf 66' lang='lat' dir='ltr'><strong>qu:</strong></span> 
     </span>
    </p>
   </div>
   <div class='ocr_carea' id='block_1_85' title="bbox 2157 3822 3737 3892">
    <p class='ocr_par' dir='ltr' id='par_1_85' title="bbox 2157 3822 3737 3892">
     <span class='ocr_line' id='line_1_85' title="bbox 2157 3822 3737 3892; baseline 0.001 -14"><span class='ocrx_word' id='word_1_673' title='bbox 2157 3837 2298 3878; x_wconf 89' lang='lat' dir='ltr'><strong>nunc</strong></span> <span class='ocrx_word' id='word_1_674' title='bbox 2339 3822 2469 3876; x_wconf 89' lang='lat' dir='ltr'><strong>vivit</strong></span> <span class='ocrx_word' id='word_1_675' title='bbox 2509 3823 2559 3876; x_wconf 93' lang='lat' dir='ltr'><strong>in</strong></span> <span class='ocrx_word' id='word_1_676' title='bbox 2600 3836 2849 3892; x_wconf 87' lang='lat' dir='ltr'><strong>corpore,</strong></span> <span class='ocrx_word' id='word_1_677' title='bbox 2890 3831 2943 3877; x_wconf 91' lang='lat' dir='ltr'><strong>et</strong></span> <span class='ocrx_word' id='word_1_678' title='bbox 2980 3822 3092 3878; x_wconf 60' lang='lat' dir='ltr'><strong>haec</strong></span> <span class='ocrx_word' id='word_1_679' title='bbox 3121 3830 3338 3877; x_wconf 81' lang='lat' dir='ltr'><strong>terrena</strong></span> <span class='ocrx_word' id='word_1_680' title='bbox 3371 3826 3618 3880; x_wconf 92' lang='lat' dir='ltr'><strong>membra</strong></span> <span class='ocrx_word' id='word_1_681' title='bbox 3651 3841 3737 3880; x_wconf 85' lang='lat' dir='ltr'><strong>ve-</strong></span> 
     </span>
    </p>
   </div>
   <div class='ocr_carea' id='block_1_86' title="bbox 2155 3914 3729 3986">
    <p class='ocr_par' dir='ltr' id='par_1_86' title="bbox 2155 3914 3729 3986">
     <span class='ocr_line' id='line_1_86' title="bbox 2155 3914 3729 3986; baseline 0.003 -18"><span class='ocrx_word' id='word_1_682' title='bbox 2155 3925 2297 3985; x_wconf 90' lang='lat' dir='ltr'><strong>getat</strong></span> <span class='ocrx_word' id='word_1_683' title='bbox 2329 3915 2557 3984; x_wconf 87' lang='lat' dir='ltr'><strong>facitque</strong></span> <span class='ocrx_word' id='word_1_684' title='bbox 2587 3914 2819 3969; x_wconf 87' lang='lat' dir='ltr'><strong>viventia</strong></span> <span class='ocrx_word' id='word_1_685' title='bbox 2878 3914 3132 3969; x_wconf 89' lang='lat' dir='ltr'><strong>interiore</strong></span> <span class='ocrx_word' id='word_1_686' title='bbox 3163 3930 3323 3970; x_wconf 87' lang='lat' dir='ltr'><strong>sensu</strong></span> <span class='ocrx_word' id='word_1_687' title='bbox 3363 3917 3598 3986; x_wconf 86' lang='lat' dir='ltr'><strong>quisque</strong></span> <span class='ocrx_word' id='word_1_688' title='bbox 3629 3935 3729 3972; x_wconf 91' lang='lat' dir='ltr'><strong>non</strong></span> 
     </span>
    </p>
   </div>
   <div class='ocr_carea' id='block_1_87' title="bbox 2159 4004 3734 4074">
    <p class='ocr_par' dir='ltr' id='par_1_87' title="bbox 2159 4004 3734 4074">
     <span class='ocr_line' id='line_1_87' title="bbox 2159 4004 3734 4074; baseline 0 -14"><span class='ocrx_word' id='word_1_689' title='bbox 2159 4021 2252 4074; x_wconf 89' lang='lat' dir='ltr'><strong>per</strong></span> <span class='ocrx_word' id='word_1_690' title='bbox 2277 4008 2564 4074; x_wconf 74' lang='lat' dir='ltr'><strong>corp&#39;oreos</strong></span> <span class='ocrx_word' id='word_1_691' title='bbox 2601 4005 2785 4059; x_wconf 89' lang='lat' dir='ltr'><strong>oculos</strong></span> <span class='ocrx_word' id='word_1_692' title='bbox 2816 4007 2981 4068; x_wconf 88' lang='lat' dir='ltr'><strong>novit,</strong></span> <span class='ocrx_word' id='word_1_693' title='bbox 3014 4004 3242 4059; x_wconf 87' lang='lat' dir='ltr'><strong>aliorum</strong></span> <span class='ocrx_word' id='word_1_694' title='bbox 3281 4019 3410 4060; x_wconf 88' lang='lat' dir='ltr'><strong>vero</strong></span> <span class='ocrx_word' id='word_1_695' title='bbox 3443 4008 3585 4060; x_wconf 89' lang='lat' dir='ltr'><strong>vitas</strong></span> <span class='ocrx_word' id='word_1_696' title='bbox 3617 4023 3734 4060; x_wconf 85' lang='lat' dir='ltr'><strong>cum</strong></span> 
     </span>
    </p>
   </div>
   <div class='ocr_carea' id='block_1_88' title="bbox 2156 4093 3733 4163">
    <p class='ocr_par' dir='ltr' id='par_1_88' title="bbox 2156 4093 3733 4163">
     <span class='ocr_line' id='line_1_88' title="bbox 2156 4093 3733 4163; baseline -0.001 -14"><span class='ocrx_word' id='word_1_697' title='bbox 2156 4096 2257 4149; x_wconf 88' lang='lat' dir='ltr'><strong>sint</strong></span> <span class='ocrx_word' id='word_1_698' title='bbox 2287 4095 2575 4149; x_wconf 80' lang='lat' dir='ltr'><strong>invisibles</strong></span> <span class='ocrx_word' id='word_1_699' title='bbox 2600 4110 2694 4163; x_wconf 90' lang='lat' dir='ltr'><strong>per</strong></span> <span class='ocrx_word' id='word_1_700' title='bbox 2721 4110 2916 4163; x_wconf 90' lang='lat' dir='ltr'><strong>corpus</strong></span> <span class='ocrx_word' id='word_1_701' title='bbox 2947 4096 3114 4147; x_wconf 83' lang='lat' dir='ltr'><strong>videt.</strong></span> <span class='ocrx_word' id='word_1_702' title='bbox 3160 4093 3289 4147; x_wconf 82' lang='lat' dir='ltr'><strong>Nam</strong></span> <span class='ocrx_word' id='word_1_703' title='bbox 3323 4095 3466 4149; x_wconf 89' lang='lat' dir='ltr'><strong>unde</strong></span> <span class='ocrx_word' id='word_1_704' title='bbox 3500 4097 3733 4150; x_wconf 89' lang='lat' dir='ltr'><strong>viventia</strong></span> 
     </span>
    </p>
   </div>
   <div class='ocr_carea' id='block_1_89' title="bbox 2156 4183 3738 4257">
    <p class='ocr_par' dir='ltr' id='par_1_89' title="bbox 2156 4183 3738 4257">
     <span class='ocr_line' id='line_1_89' title="bbox 2156 4183 3738 4257; baseline 0 -18"><span class='ocrx_word' id='word_1_705' title='bbox 2156 4185 2510 4240; x_wconf 89' lang='lat' dir='ltr'><strong>discernimus</strong></span> <span class='ocrx_word' id='word_1_706' title='bbox 2537 4200 2565 4238; x_wconf 89' lang='lat' dir='ltr'><strong>a</strong></span> <span class='ocrx_word' id='word_1_707' title='bbox 2592 4201 2697 4239; x_wconf 89' lang='lat' dir='ltr'><strong>non</strong></span> <span class='ocrx_word' id='word_1_708' title='bbox 2739 4183 3039 4239; x_wconf 89' lang='lat' dir='ltr'><strong>viventibus</strong></span> <span class='ocrx_word' id='word_1_709' title='bbox 3067 4199 3315 4252; x_wconf 89' lang='lat' dir='ltr'><strong>corpora,</strong></span> <span class='ocrx_word' id='word_1_710' title='bbox 3360 4185 3463 4240; x_wconf 80' lang='lat' dir='ltr'><strong>nisi</strong></span> <span class='ocrx_word' id='word_1_711' title='bbox 3509 4201 3738 4257; x_wconf 89' lang='lat' dir='ltr'><strong>corpora</strong></span> 
     </span>
    </p>
   </div>
   <div class='ocr_carea' id='block_1_90' title="bbox 2157 4276 3738 4347">
    <p class='ocr_par' dir='ltr' id='par_1_90' title="bbox 2157 4276 3738 4347">
     <span class='ocr_line' id='line_1_90' title="bbox 2157 4276 3738 4347; baseline 0.001 -16"><span class='ocrx_word' id='word_1_712' title='bbox 2157 4276 2312 4331; x_wconf 89' lang='lat' dir='ltr'><strong>simul</strong></span> <span class='ocrx_word' id='word_1_713' title='bbox 2351 4278 2590 4346; x_wconf 86' lang='lat' dir='ltr'><strong>vitasque</strong></span> <span class='ocrx_word' id='word_1_714' title='bbox 2620 4277 2922 4343; x_wconf 87' lang='lat' dir='ltr'><strong>videamus,</strong></span> <span class='ocrx_word' id='word_1_715' title='bbox 2966 4291 3096 4346; x_wconf 88' lang='lat' dir='ltr'><strong>quas</strong></span> <span class='ocrx_word' id='word_1_716' title='bbox 3128 4278 3222 4330; x_wconf 91' lang='lat' dir='ltr'><strong>nisi</strong></span> <span class='ocrx_word' id='word_1_717' title='bbox 3276 4292 3369 4346; x_wconf 86' lang='lat' dir='ltr'><strong>per</strong></span> <span class='ocrx_word' id='word_1_718' title='bbox 3421 4292 3624 4347; x_wconf 90' lang='lat' dir='ltr'><strong>corpus</strong></span> <span class='ocrx_word' id='word_1_719' title='bbox 3662 4283 3738 4332; x_wconf 89' lang='lat' dir='ltr'><strong>vi-</strong></span> 
     </span>
    </p>
   </div>
   <div class='ocr_carea' id='block_1_91' title="bbox 2158 4366 3740 4436">
    <p class='ocr_par' dir='ltr' id='par_1_91' title="bbox 2158 4366 3740 4436">
     <span class='ocr_line' id='line_1_91' title="bbox 2158 4366 3740 4436; baseline -0.001 -13"><span class='ocrx_word' id='word_1_720' title='bbox 2158 4371 2287 4423; x_wconf 89' lang='lat' dir='ltr'><strong>dere</strong></span> <span class='ocrx_word' id='word_1_721' title='bbox 2337 4383 2438 4421; x_wconf 94' lang='lat' dir='ltr'><strong>non</strong></span> <span class='ocrx_word' id='word_1_722' title='bbox 2490 4366 2982 4436; x_wconf 75' lang='lat' dir='ltr'><strong>possumuslvitas</strong></span> <span class='ocrx_word' id='word_1_723' title='bbox 3027 4377 3204 4420; x_wconf 89' lang='lat' dir='ltr'><strong>autem</strong></span> <span class='ocrx_word' id='word_1_724' title='bbox 3253 4368 3368 4421; x_wconf 89' lang='lat' dir='ltr'><strong>sine</strong></span> <span class='ocrx_word' id='word_1_725' title='bbox 3395 4371 3740 4434; x_wconf 89' lang='lat' dir='ltr'><strong>corporibus,</strong></span> 
     </span>
    </p>
   </div>
   <div class='ocr_carea' id='block_1_92' title="bbox 2160 4457 3744 4529">
    <p class='ocr_par' dir='ltr' id='par_1_92' title="bbox 2160 4457 3744 4529">
     <span class='ocr_line' id='line_1_92' title="bbox 2160 4457 3744 4529; baseline -0.001 -17"><span class='ocrx_word' id='word_1_726' title='bbox 2160 4458 2434 4529; x_wconf 91' lang='lat' dir='ltr'><strong>corporeis</strong></span> <span class='ocrx_word' id='word_1_727' title='bbox 2474 4458 2645 4512; x_wconf 90' lang='lat' dir='ltr'><strong>oculis</strong></span> <span class='ocrx_word' id='word_1_728' title='bbox 2671 4473 2774 4511; x_wconf 90' lang='lat' dir='ltr'><strong>non</strong></span> <span class='ocrx_word' id='word_1_729' title='bbox 2805 4457 3065 4512; x_wconf 89' lang='lat' dir='ltr'><strong>videmus.</strong></span> <span class='ocrx_word' id='word_1_730' title='bbox 3100 4457 3460 4522; x_wconf 88' lang='lat' dir='ltr'><strong>Quamobrem</strong></span> <span class='ocrx_word' id='word_1_731' title='bbox 3495 4459 3614 4511; x_wconf 75' lang='lat' dir='ltr'><strong>fieri</strong></span> <span class='ocrx_word' id='word_1_732' title='bbox 3650 4475 3744 4526; x_wconf 90' lang='lat' dir='ltr'><strong>po-</strong></span> 
     </span>
    </p>
   </div>
   <div class='ocr_carea' id='block_1_93' title="bbox 483 4518 3742 4614">
    <p class='ocr_par' dir='ltr' id='par_1_93' title="bbox 483 4518 3742 4614">
     <span class='ocr_line' id='line_1_93' title="bbox 483 4518 3742 4614; baseline -0.001 -11"><span class='ocrx_word' id='word_1_733' title='bbox 483 4543 690 4598; x_wconf 74' lang='lat' dir='ltr'><strong>meonis</strong></span> <span class='ocrx_word' id='word_1_734' title='bbox 741 4540 903 4594; x_wconf 67' lang='lat' dir='ltr'><strong>verba</strong></span> <span class='ocrx_word' id='word_1_735' title='bbox 951 4537 1249 4602; x_wconf 67' lang='lat' dir='ltr'><strong>deelafanl.</strong></span> <span class='ocrx_word' id='word_1_736' title='bbox 1298 4538 1385 4606; x_wconf 88' lang='lat' dir='ltr'><strong>qui</strong></span> <span class='ocrx_word' id='word_1_737' title='bbox 1444 4551 1566 4591; x_wconf 91' lang='lat' dir='ltr'><strong>cum</strong></span> <span class='ocrx_word' id='word_1_738' title='bbox 1608 4539 1864 4594; x_wconf 89' lang='lat' dir='ltr'><strong>infantem</strong></span> <span class='ocrx_word' id='word_1_739' title='bbox 1905 4540 2056 4595; x_wconf 87' lang='lat' dir='ltr'><strong>Chri-</strong></span> <span class='ocrx_word' id='word_1_740' title='bbox 2083 4518 2138 4580; x_wconf 77' lang='grc' dir='ltr'><strong>Ῐ)</strong></span> <span class='ocrx_word' id='word_1_741' title='bbox 2166 4518 2275 4602; x_wconf 65' lang='lat' dir='ltr'><strong>test</strong></span> <span class='ocrx_word' id='word_1_742' title='bbox 2333 4546 2591 4614; x_wconf 88' lang='lat' dir='ltr'><strong>valdeque</strong></span> <span class='ocrx_word' id='word_1_743' title='bbox 2642 4546 2895 4600; x_wconf 91' lang='lat' dir='ltr'><strong>credibile</strong></span> <span class='ocrx_word' id='word_1_744' title='bbox 2940 4556 3058 4612; x_wconf 90' lang='lat' dir='ltr'><strong>est,</strong></span> <span class='ocrx_word' id='word_1_745' title='bbox 3104 4546 3183 4599; x_wconf 90' lang='lat' dir='ltr'><strong>sic</strong></span> <span class='ocrx_word' id='word_1_746' title='bbox 3227 4561 3323 4600; x_wconf 92' lang='lat' dir='ltr'><strong>nos</strong></span> <span class='ocrx_word' id='word_1_747' title='bbox 3361 4561 3482 4600; x_wconf 89' lang='lat' dir='ltr'><strong>esse</strong></span> <span class='ocrx_word' id='word_1_748' title='bbox 3529 4550 3742 4602; x_wconf 87' lang='lat' dir='ltr'><strong>visuros</strong></span> 
     </span>
    </p>
   </div>
   <div class='ocr_carea' id='block_1_94' title="bbox 485 4629 2059 4702">
    <p class='ocr_par' dir='ltr' id='par_1_94' title="bbox 485 4629 2059 4702">
     <span class='ocr_line' id='line_1_94' title="bbox 485 4629 2059 4702; baseline -0.001 -14"><span class='ocrx_word' id='word_1_749' title='bbox 485 4646 622 4688; x_wconf 84' lang='lat' dir='ltr'><strong>stum</strong></span> <span class='ocrx_word' id='word_1_750' title='bbox 673 4634 970 4702; x_wconf 90' lang='lat' dir='ltr'><strong>accepisset</strong></span> <span class='ocrx_word' id='word_1_751' title='bbox 1012 4631 1064 4684; x_wconf 90' lang='lat' dir='ltr'><strong>in</strong></span> <span class='ocrx_word' id='word_1_752' title='bbox 1106 4644 1294 4684; x_wconf 88' lang='lat' dir='ltr'><strong>manus</strong></span> <span class='ocrx_word' id='word_1_753' title='bbox 1324 4643 1448 4683; x_wconf 89' lang='lat' dir='ltr'><strong>suas</strong></span> <span class='ocrx_word' id='word_1_754' title='bbox 1480 4648 1491 4681; x_wconf 93' lang='lat'>:</span> <span class='ocrx_word' id='word_1_755' title='bbox 1526 4629 1696 4697; x_wconf 85' lang='lat' dir='ltr'><strong>Nunc,</strong></span> <span class='ocrx_word' id='word_1_756' title='bbox 1748 4633 1940 4702; x_wconf 90' lang='lat' dir='ltr'><strong>inquit,</strong></span> <span class='ocrx_word' id='word_1_757' title='bbox 1980 4633 2059 4687; x_wconf 88' lang='lat' dir='ltr'><strong>di-</strong></span> 
     </span>
    </p>
   </div>
   <div class='ocr_carea' id='block_1_95' title="bbox 487 4722 2059 4792">
    <p class='ocr_par' dir='ltr' id='par_1_95' title="bbox 487 4722 2059 4792">
     <span class='ocr_line' id='line_1_95' title="bbox 487 4722 2059 4792; baseline -0.001 -13"><span class='ocrx_word' id='word_1_758' title='bbox 487 4727 673 4792; x_wconf 86' lang='lat' dir='ltr'><strong>mittis,</strong></span> <span class='ocrx_word' id='word_1_759' title='bbox 731 4725 978 4788; x_wconf 91' lang='lat' dir='ltr'><strong>Domine,</strong></span> <span class='ocrx_word' id='word_1_760' title='bbox 1030 4736 1241 4777; x_wconf 86' lang='lat' dir='ltr'><strong>servum</strong></span> <span class='ocrx_word' id='word_1_761' title='bbox 1297 4732 1443 4774; x_wconf 91' lang='lat' dir='ltr'><strong>tuum</strong></span> <span class='ocrx_word' id='word_1_762' title='bbox 1495 4722 1789 4776; x_wconf 90' lang='lat' dir='ltr'><strong>secundum</strong></span> <span class='ocrx_word' id='word_1_763' title='bbox 1837 4723 2059 4778; x_wconf 90' lang='lat' dir='ltr'><strong>verbum</strong></span> 
     </span>
    </p>
   </div>
   <div class='ocr_carea' id='block_1_96' title="bbox 487 4813 2062 4883">
    <p class='ocr_par' dir='ltr' id='par_1_96' title="bbox 487 4813 2062 4883">
     <span class='ocr_line' id='line_1_96' title="bbox 487 4813 2062 4883; baseline -0.001 -12"><span class='ocrx_word' id='word_1_764' title='bbox 487 4828 637 4871; x_wconf 91' lang='lat' dir='ltr'><strong>tuum</strong></span> <span class='ocrx_word' id='word_1_765' title='bbox 664 4818 718 4870; x_wconf 91' lang='lat' dir='ltr'><strong>in</strong></span> <span class='ocrx_word' id='word_1_766' title='bbox 747 4831 898 4883; x_wconf 88' lang='lat' dir='ltr'><strong>pace,</strong></span> <span class='ocrx_word' id='word_1_767' title='bbox 946 4814 1194 4883; x_wconf 89' lang='lat' dir='ltr'><strong>quoniam</strong></span> <span class='ocrx_word' id='word_1_768' title='bbox 1236 4813 1484 4867; x_wconf 88' lang='lat' dir='ltr'><strong>viderunt</strong></span> <span class='ocrx_word' id='word_1_769' title='bbox 1526 4815 1663 4868; x_wconf 90' lang='lat' dir='ltr'><strong>oculi</strong></span> <span class='ocrx_word' id='word_1_770' title='bbox 1694 4815 1797 4868; x_wconf 90' lang='lat' dir='ltr'><strong>mei</strong></span> <span class='ocrx_word' id='word_1_771' title='bbox 1830 4817 2062 4870; x_wconf 88' lang='lat' dir='ltr'><strong>salutare</strong></span> 
     </span>
    </p>
   </div>
   <div class='ocr_carea' id='block_1_97' title="bbox 488 4903 2059 4972">
    <p class='ocr_par' dir='ltr' id='par_1_97' title="bbox 488 4903 2059 4972">
     <span class='ocr_line' id='line_1_97' title="bbox 488 4903 2059 4972; baseline 0 -11"><span class='ocrx_word' id='word_1_772' title='bbox 488 4918 655 4962; x_wconf 88' lang='lat' dir='ltr'><strong>tuum.</strong></span> <span class='ocrx_word' id='word_1_773' title='bbox 705 4905 836 4960; x_wconf 91' lang='lat' dir='ltr'><strong>Illud</strong></span> <span class='ocrx_word' id='word_1_774' title='bbox 881 4907 1040 4960; x_wconf 89' lang='lat' dir='ltr'><strong>etiam</strong></span> <span class='ocrx_word' id='word_1_775' title='bbox 1073 4903 1215 4972; x_wconf 89' lang='lat' dir='ltr'><strong>quod</strong></span> <span class='ocrx_word' id='word_1_776' title='bbox 1254 4904 1328 4958; x_wconf 87' lang='lat' dir='ltr'><strong>ait</strong></span> <span class='ocrx_word' id='word_1_777' title='bbox 1391 4917 1554 4972; x_wconf 89' lang='lat' dir='ltr'><strong>supra</strong></span> <span class='ocrx_word' id='word_1_778' title='bbox 1583 4914 1907 4959; x_wconf 90' lang='lat' dir='ltr'><strong>memoratus</strong></span> <span class='ocrx_word' id='word_1_779' title='bbox 1935 4906 2059 4972; x_wconf 81' lang='lat' dir='ltr'><strong>Job,</strong></span> 
     </span>
    </p>
   </div>
   <div class='ocr_carea' id='block_1_98' title="bbox 487 4995 2061 5068">
    <p class='ocr_par' dir='ltr' id='par_1_98' title="bbox 487 4995 2061 5068">
     <span class='ocr_line' id='line_1_98' title="bbox 487 4995 2061 5068; baseline 0.001 -17"><span class='ocrx_word' id='word_1_780' title='bbox 487 4998 625 5052; x_wconf 84' lang='lat' dir='ltr'><strong>sicut</strong></span> <span class='ocrx_word' id='word_1_781' title='bbox 665 4998 716 5050; x_wconf 94' lang='lat' dir='ltr'><strong>in</strong></span> <span class='ocrx_word' id='word_1_782' title='bbox 749 4995 1140 5068; x_wconf 74' lang='lat' dir='ltr'><strong>exemplaribus</strong></span> <span class='ocrx_word' id='word_1_783' title='bbox 1178 5010 1298 5064; x_wconf 68' lang='lat' dir='ltr'><strong>qua:</strong></span> <span class='ocrx_word' id='word_1_784' title='bbox 1329 5011 1392 5049; x_wconf 82' lang='lat' dir='ltr'><strong>ex</strong></span> <span class='ocrx_word' id='word_1_785' title='bbox 1427 4996 1653 5049; x_wconf 73' lang='lat' dir='ltr'><strong>Hebrmo</strong></span> <span class='ocrx_word' id='word_1_786' title='bbox 1702 5006 1824 5050; x_wconf 78' lang='lat' dir='ltr'><strong>sunt</strong></span> <span class='ocrx_word' id='word_1_787' title='bbox 1854 4998 2061 5052; x_wconf 84' lang='lat' dir='ltr'><strong>inveni-</strong></span> 
     </span>
    </p>
   </div>
   <div class='ocr_carea' id='block_1_99' title="bbox 489 5087 2062 5152">
    <p class='ocr_par' dir='ltr' id='par_1_99' title="bbox 489 5087 2062 5152">
     <span class='ocr_line' id='line_1_99' title="bbox 489 5087 2062 5152; baseline 0.001 -8"><span class='ocrx_word' id='word_1_788' title='bbox 489 5103 620 5144; x_wconf 90' lang='lat' dir='ltr'><strong>tur:</strong></span> <span class='ocrx_word' id='word_1_789' title='bbox 656 5090 722 5144; x_wconf 90' lang='lat' dir='ltr'><strong>Et</strong></span> <span class='ocrx_word' id='word_1_790' title='bbox 769 5090 821 5141; x_wconf 93' lang='lat' dir='ltr'><strong>in</strong></span> <span class='ocrx_word' id='word_1_791' title='bbox 863 5101 1024 5142; x_wconf 89' lang='lat' dir='ltr'><strong>carne</strong></span> <span class='ocrx_word' id='word_1_792' title='bbox 1065 5103 1182 5141; x_wconf 88' lang='lat' dir='ltr'><strong>mea</strong></span> <span class='ocrx_word' id='word_1_793' title='bbox 1214 5087 1404 5141; x_wconf 90' lang='lat' dir='ltr'><strong>videbo</strong></span> <span class='ocrx_word' id='word_1_794' title='bbox 1451 5087 1655 5152; x_wconf 87' lang='lat' dir='ltr'><strong>Deum;</strong></span> <span class='ocrx_word' id='word_1_795' title='bbox 1708 5092 2062 5145; x_wconf 89' lang='lat' dir='ltr'><strong>resurrectio-</strong></span> 
     </span>
    </p>
   </div>
   <div class='ocr_carea' id='block_1_100' title="bbox 489 5176 2058 5250">
    <p class='ocr_par' dir='ltr' id='par_1_100' title="bbox 489 5176 2058 5250">
     <span class='ocr_line' id='line_1_100' title="bbox 489 5176 2058 5250; baseline -0.001 -14"><span class='ocrx_word' id='word_1_796' title='bbox 489 5196 610 5236; x_wconf 91' lang='lat' dir='ltr'><strong>nem</strong></span> <span class='ocrx_word' id='word_1_797' title='bbox 640 5179 856 5250; x_wconf 84' lang='lat' dir='ltr'><strong>quidem</strong></span> <span class='ocrx_word' id='word_1_798' title='bbox 898 5176 1078 5232; x_wconf 85' lang='lat' dir='ltr'><strong>carnis</strong></span> <span class='ocrx_word' id='word_1_799' title='bbox 1106 5177 1220 5230; x_wconf 88' lang='lat' dir='ltr'><strong>sine</strong></span> <span class='ocrx_word' id='word_1_800' title='bbox 1247 5177 1408 5231; x_wconf 88' lang='lat' dir='ltr'><strong>dubio</strong></span> <span class='ocrx_word' id='word_1_801' title='bbox 1445 5177 1801 5246; x_wconf 87' lang='lat' dir='ltr'><strong>prophetavit,</strong></span> <span class='ocrx_word' id='word_1_802' title='bbox 1838 5196 1940 5235; x_wconf 95' lang='lat' dir='ltr'><strong>non</strong></span> <span class='ocrx_word' id='word_1_803' title='bbox 1976 5190 2058 5234; x_wconf 87' lang='lat' dir='ltr'><strong>ta-</strong></span> 
     </span>
    </p>
   </div>
   <div class='ocr_carea' id='block_1_101' title="bbox 490 5267 2056 5338">
    <p class='ocr_par' dir='ltr' id='par_1_101' title="bbox 490 5267 2056 5338">
     <span class='ocr_line' id='line_1_101' title="bbox 490 5267 2056 5338; baseline -0.003 -11"><span class='ocrx_word' id='word_1_804' title='bbox 490 5287 610 5327; x_wconf 89' lang='lat' dir='ltr'><strong>men</strong></span> <span class='ocrx_word' id='word_1_805' title='bbox 632 5271 788 5336; x_wconf 78' lang='lat' dir='ltr'><strong>dixit,</strong></span> <span class='ocrx_word' id='word_1_806' title='bbox 816 5283 908 5338; x_wconf 91' lang='lat' dir='ltr'><strong>per</strong></span> <span class='ocrx_word' id='word_1_807' title='bbox 936 5280 1150 5320; x_wconf 89' lang='lat' dir='ltr'><strong>carnem</strong></span> <span class='ocrx_word' id='word_1_808' title='bbox 1183 5280 1384 5329; x_wconf 79' lang='lat' dir='ltr'><strong>meant;</strong></span> <span class='ocrx_word' id='word_1_809' title='bbox 1407 5267 1546 5334; x_wconf 91' lang='lat' dir='ltr'><strong>quod</strong></span> <span class='ocrx_word' id='word_1_810' title='bbox 1578 5268 1792 5336; x_wconf 89' lang='lat' dir='ltr'><strong>quidem</strong></span> <span class='ocrx_word' id='word_1_811' title='bbox 1823 5269 1866 5323; x_wconf 92' lang='lat' dir='ltr'><strong>si</strong></span> <span class='ocrx_word' id='word_1_812' title='bbox 1887 5269 2056 5323; x_wconf 82' lang='lat' dir='ltr'><strong>dixis-</strong></span> 
     </span>
    </p>
   </div>
   <div class='ocr_carea' id='block_1_102' title="bbox 487 5355 2054 5432">
    <p class='ocr_par' dir='ltr' id='par_1_102' title="bbox 487 5355 2054 5432">
     <span class='ocr_line' id='line_1_102' title="bbox 487 5355 2054 5432; baseline -0.003 -14"><span class='ocrx_word' id='word_1_813' title='bbox 487 5374 591 5431; x_wconf 88' lang='lat' dir='ltr'><strong>set,</strong></span> <span class='ocrx_word' id='word_1_814' title='bbox 617 5372 794 5432; x_wconf 88' lang='lat' dir='ltr'><strong>posset</strong></span> <span class='ocrx_word' id='word_1_815' title='bbox 823 5361 958 5416; x_wconf 93' lang='lat' dir='ltr'><strong>Deus</strong></span> <span class='ocrx_word' id='word_1_816' title='bbox 978 5357 1222 5414; x_wconf 85' lang='lat' dir='ltr'><strong>Christus</strong></span> <span class='ocrx_word' id='word_1_817' title='bbox 1250 5355 1494 5426; x_wconf 87' lang='lat' dir='ltr'><strong>intelligi,</strong></span> <span class='ocrx_word' id='word_1_818' title='bbox 1520 5359 1609 5427; x_wconf 93' lang='lat' dir='ltr'><strong>qui</strong></span> <span class='ocrx_word' id='word_1_819' title='bbox 1639 5374 1735 5427; x_wconf 87' lang='lat' dir='ltr'><strong>per</strong></span> <span class='ocrx_word' id='word_1_820' title='bbox 1763 5375 1976 5416; x_wconf 89' lang='lat' dir='ltr'><strong>carnem</strong></span> <span class='ocrx_word' id='word_1_821' title='bbox 1997 5365 2014 5419; x_wconf 91' lang='grc' dir='ltr'><strong>Ι</strong></span> <span class='ocrx_word' id='word_1_822' title='bbox 2024 5379 2054 5415; x_wconf 84' lang='grc' dir='ltr'>ιι</span> 
     </span>
    </p>
   </div>
   <div class='ocr_carea' id='block_1_103' title="bbox 487 5451 2059 5521">
    <p class='ocr_par' dir='ltr' id='par_1_103' title="bbox 487 5451 2059 5521">
     <span class='ocr_line' id='line_1_103' title="bbox 487 5451 2059 5521; baseline -0.001 -11"><span class='ocrx_word' id='word_1_823' title='bbox 487 5470 648 5510; x_wconf 89' lang='lat' dir='ltr'><strong>carne</strong></span> <span class='ocrx_word' id='word_1_824' title='bbox 688 5453 956 5508; x_wconf 90' lang='lat' dir='ltr'><strong>videbitur</strong></span> <span class='ocrx_word' id='word_1_825' title='bbox 986 5468 999 5505; x_wconf 89' lang='lat'><strong>:</strong></span> <span class='ocrx_word' id='word_1_826' title='bbox 1024 5463 1165 5504; x_wconf 91' lang='lat' dir='ltr'><strong>nunc</strong></span> <span class='ocrx_word' id='word_1_827' title='bbox 1207 5461 1336 5502; x_wconf 92' lang='lat' dir='ltr'><strong>vero</strong></span> <span class='ocrx_word' id='word_1_828' title='bbox 1366 5457 1540 5514; x_wconf 88' lang='lat' dir='ltr'><strong>potest</strong></span> <span class='ocrx_word' id='word_1_829' title='bbox 1577 5458 1628 5504; x_wconf 89' lang='lat' dir='ltr'><strong>et</strong></span> <span class='ocrx_word' id='word_1_830' title='bbox 1670 5451 1751 5506; x_wconf 89' lang='lat' dir='ltr'><strong>sic</strong></span> <span class='ocrx_word' id='word_1_831' title='bbox 1792 5453 1964 5521; x_wconf 90' lang='lat' dir='ltr'><strong>accipi</strong></span> <span class='ocrx_word' id='word_1_832' title='bbox 2000 5454 2059 5508; x_wconf 90' lang='lat' dir='ltr'><strong>ln</strong></span> 
     </span>
    </p>
   </div>
   <div class='ocr_carea' id='block_1_104' title="bbox 489 5537 2062 5613">
    <p class='ocr_par' dir='ltr' id='par_1_104' title="bbox 489 5537 2062 5613">
     <span class='ocr_line' id='line_1_104' title="bbox 489 5537 2062 5613; baseline -0.003 -14"><span class='ocrx_word' id='word_1_833' title='bbox 489 5561 650 5600; x_wconf 89' lang='lat' dir='ltr'><strong>carne</strong></span> <span class='ocrx_word' id='word_1_834' title='bbox 682 5560 796 5600; x_wconf 89' lang='lat' dir='ltr'><strong>mea</strong></span> <span class='ocrx_word' id='word_1_835' title='bbox 851 5541 1043 5598; x_wconf 90' lang='lat' dir='ltr'><strong>videbo</strong></span> <span class='ocrx_word' id='word_1_836' title='bbox 1083 5540 1251 5595; x_wconf 90' lang='lat' dir='ltr'><strong>Deum</strong></span> <span class='ocrx_word' id='word_1_837' title='bbox 1294 5537 1636 5610; x_wconf 63' lang='lat' dir='ltr'><strong>[salutarem</strong></span> <span class='ocrx_word' id='word_1_838' title='bbox 1681 5541 1906 5613; x_wconf 90' lang='lat' dir='ltr'><strong>meum],</strong></span> <span class='ocrx_word' id='word_1_839' title='bbox 1932 5561 1995 5601; x_wconf 84' lang='lat' dir='ltr'><strong>ac</strong></span> <span class='ocrx_word' id='word_1_840' title='bbox 2017 5546 2062 5599; x_wconf 88' lang='lat' dir='ltr'><strong>si</strong></span> 
     </span>
    </p>
   </div>
   <div class='ocr_carea' id='block_1_105' title="bbox 489 5630 2063 5700">
    <p class='ocr_par' dir='ltr' id='par_1_105' title="bbox 489 5630 2063 5700">
     <span class='ocr_line' id='line_1_105' title="bbox 489 5630 2063 5700; baseline 0.001 -12"><span class='ocrx_word' id='word_1_841' title='bbox 489 5637 732 5700; x_wconf 81' lang='lat' dir='ltr'><strong>dixisset,</strong></span> <span class='ocrx_word' id='word_1_842' title='bbox 761 5631 816 5688; x_wconf 93' lang='lat' dir='ltr'><strong>ln</strong></span> <span class='ocrx_word' id='word_1_843' title='bbox 845 5649 1003 5688; x_wconf 91' lang='lat' dir='ltr'><strong>carne</strong></span> <span class='ocrx_word' id='word_1_844' title='bbox 1033 5647 1148 5687; x_wconf 86' lang='lat' dir='ltr'><strong>mea</strong></span> <span class='ocrx_word' id='word_1_845' title='bbox 1189 5645 1284 5685; x_wconf 91' lang='lat' dir='ltr'><strong>ero</strong></span> <span class='ocrx_word' id='word_1_846' title='bbox 1313 5645 1432 5685; x_wconf 91' lang='lat' dir='ltr'><strong>cum</strong></span> <span class='ocrx_word' id='word_1_847' title='bbox 1462 5630 1654 5685; x_wconf 89' lang='lat' dir='ltr'><strong>videbo</strong></span> <span class='ocrx_word' id='word_1_848' title='bbox 1682 5631 1868 5688; x_wconf 92' lang='lat' dir='ltr'><strong>Deum.</strong></span> <span class='ocrx_word' id='word_1_849' title='bbox 1899 5633 1964 5688; x_wconf 86' lang='lat' dir='ltr'><strong>Et</strong></span> <span class='ocrx_word' id='word_1_850' title='bbox 1994 5635 2063 5688; x_wconf 82' lang='lat' dir='ltr'><strong>il-</strong></span> 
     </span>
    </p>
   </div>
   <div class='ocr_carea' id='block_1_106' title="bbox 490 5719 2064 5798">
    <p class='ocr_par' dir='ltr' id='par_1_106' title="bbox 490 5719 2064 5798">
     <span class='ocr_line' id='line_1_106' title="bbox 490 5719 2064 5798; baseline 0.003 -22"><span class='ocrx_word' id='word_1_851' title='bbox 490 5721 581 5776; x_wconf 90' lang='lat' dir='ltr'><strong>Iud</strong></span> <span class='ocrx_word' id='word_1_852' title='bbox 609 5723 747 5788; x_wconf 90' lang='lat' dir='ltr'><strong>quod</strong></span> <span class='ocrx_word' id='word_1_853' title='bbox 779 5725 854 5777; x_wconf 86' lang='lat' dir='ltr'><strong>ait</strong></span> <span class='ocrx_word' id='word_1_854' title='bbox 883 5722 1194 5793; x_wconf 85' lang='lat' dir='ltr'><strong>Apostolus,</strong></span> <span class='ocrx_word' id='word_1_855' title='bbox 1249 5719 1404 5777; x_wconf 81' lang='lat' dir='ltr'><strong>Facie</strong></span> <span class='ocrx_word' id='word_1_856' title='bbox 1428 5721 1494 5776; x_wconf 87' lang='lat' dir='ltr'><strong>ad</strong></span> <span class='ocrx_word' id='word_1_857' title='bbox 1525 5719 1736 5789; x_wconf 88' lang='lat' dir='ltr'><strong>faciem,</strong></span> <span class='ocrx_word' id='word_1_858' title='bbox 1789 5739 1892 5779; x_wconf 91' lang='lat' dir='ltr'><strong>non</strong></span> <span class='ocrx_word' id='word_1_859' title='bbox 1922 5727 2064 5798; x_wconf 83' lang='lat' dir='ltr'><strong>c0git</strong></span> 
     </span>
    </p>
   </div>
   <div class='ocr_carea' id='block_1_107' title="bbox 2167 4635 3736 4702">
    <p class='ocr_par' dir='ltr' id='par_1_107' title="bbox 2167 4635 3736 4702">
     <span class='ocr_line' id='line_1_107' title="bbox 2167 4635 3736 4702; baseline 0 -12"><span class='ocrx_word' id='word_1_860' title='bbox 2167 4636 2429 4691; x_wconf 87' lang='lat' dir='ltr'><strong>mundana</strong></span> <span class='ocrx_word' id='word_1_861' title='bbox 2475 4645 2600 4689; x_wconf 91' lang='lat' dir='ltr'><strong>tunc</strong></span> <span class='ocrx_word' id='word_1_862' title='bbox 2626 4650 2846 4702; x_wconf 90' lang='lat' dir='ltr'><strong>corpora</strong></span> <span class='ocrx_word' id='word_1_863' title='bbox 2876 4637 2996 4689; x_wconf 76' lang='grc' dir='ltr'><strong>οωΙί</strong></span> <span class='ocrx_word' id='word_1_864' title='bbox 3030 4635 3151 4689; x_wconf 83' lang='grc' dir='ltr'><strong>ηονί</strong></span> <span class='ocrx_word' id='word_1_865' title='bbox 3193 4645 3249 4690; x_wconf 89' lang='lat' dir='ltr'><strong>et</strong></span> <span class='ocrx_word' id='word_1_866' title='bbox 3281 4647 3434 4690; x_wconf 67' lang='lat' dir='ltr'><strong>terra:</strong></span> <span class='ocrx_word' id='word_1_867' title='bbox 3463 4653 3646 4702; x_wconf 62' lang='lat' dir='ltr'><strong>novae,</strong></span> <span class='ocrx_word' id='word_1_868' title='bbox 3679 4648 3736 4692; x_wconf 89' lang='lat' dir='ltr'><strong>ut</strong></span> 
     </span>
    </p>
   </div>
   <div class='ocr_carea' id='block_1_108' title="bbox 2167 4727 3743 4797">
    <p class='ocr_par' dir='ltr' id='par_1_108' title="bbox 2167 4727 3743 4797">
     <span class='ocr_line' id='line_1_108' title="bbox 2167 4727 3743 4797; baseline 0.001 -15"><span class='ocrx_word' id='word_1_869' title='bbox 2167 4729 2331 4782; x_wconf 89' lang='lat' dir='ltr'><strong>Deum</strong></span> <span class='ocrx_word' id='word_1_870' title='bbox 2365 4727 2562 4796; x_wconf 85' lang='lat' dir='ltr'><strong>ubique</strong></span> <span class='ocrx_word' id='word_1_871' title='bbox 2593 4736 2930 4797; x_wconf 67' lang='lat' dir='ltr'><strong>praesentem,</strong></span> <span class='ocrx_word' id='word_1_872' title='bbox 2982 4736 3036 4781; x_wconf 90' lang='lat' dir='ltr'><strong>et</strong></span> <span class='ocrx_word' id='word_1_873' title='bbox 3073 4728 3317 4782; x_wconf 83' lang='lat' dir='ltr'><strong>universa</strong></span> <span class='ocrx_word' id='word_1_874' title='bbox 3350 4727 3511 4781; x_wconf 89' lang='lat' dir='ltr'><strong>etiam</strong></span> <span class='ocrx_word' id='word_1_875' title='bbox 3543 4743 3743 4797; x_wconf 86' lang='lat' dir='ltr'><strong>corpo-</strong></span> 
     </span>
    </p>
   </div>
   <div class='ocr_carea' id='block_1_109' title="bbox 2164 4819 3746 4888">
    <p class='ocr_par' dir='ltr' id='par_1_109' title="bbox 2164 4819 3746 4888">
     <span class='ocr_line' id='line_1_109' title="bbox 2164 4819 3746 4888; baseline 0.001 -14"><span class='ocrx_word' id='word_1_876' title='bbox 2164 4820 2294 4874; x_wconf 84' lang='lat' dir='ltr'><strong>ralia</strong></span> <span class='ocrx_word' id='word_1_877' title='bbox 2321 4819 2728 4888; x_wconf 87' lang='lat' dir='ltr'><strong>gubernantem,</strong></span> <span class='ocrx_word' id='word_1_878' title='bbox 2769 4833 2861 4886; x_wconf 91' lang='lat' dir='ltr'><strong>per</strong></span> <span class='ocrx_word' id='word_1_879' title='bbox 2889 4833 3112 4887; x_wconf 88' lang='lat' dir='ltr'><strong>corpora</strong></span> <span class='ocrx_word' id='word_1_880' title='bbox 3153 4835 3271 4884; x_wconf 72' lang='lat' dir='ltr'><strong>qua:</strong></span> <span class='ocrx_word' id='word_1_881' title='bbox 3303 4819 3665 4886; x_wconf 84' lang='lat' dir='ltr'><strong>gestabimus,</strong></span> <span class='ocrx_word' id='word_1_882' title='bbox 3691 4829 3746 4875; x_wconf 93' lang='lat' dir='ltr'><strong>et</strong></span> 
     </span>
    </p>
   </div>
   <div class='ocr_carea' id='block_1_110' title="bbox 2164 4910 3741 4980">
    <p class='ocr_par' dir='ltr' id='par_1_110' title="bbox 2164 4910 3741 4980">
     <span class='ocr_line' id='line_1_110' title="bbox 2164 4910 3741 4980; baseline 0.001 -15"><span class='ocrx_word' id='word_1_883' title='bbox 2164 4926 2285 4980; x_wconf 66' lang='lat' dir='ltr'><strong>quae</strong></span> <span class='ocrx_word' id='word_1_884' title='bbox 2338 4910 2767 4979; x_wconf 86' lang='lat' dir='ltr'><strong>conspiciemus,</strong></span> <span class='ocrx_word' id='word_1_885' title='bbox 2826 4924 3246 4978; x_wconf 88' lang='lat' dir='ltr'><strong>quaquaversum</strong></span> <span class='ocrx_word' id='word_1_886' title='bbox 3307 4910 3494 4962; x_wconf 88' lang='lat' dir='ltr'><strong>oculos</strong></span> <span class='ocrx_word' id='word_1_887' title='bbox 3554 4911 3741 4966; x_wconf 77' lang='lat' dir='ltr'><strong>duxe-</strong></span> 
     </span>
    </p>
   </div>
   <div class='ocr_carea' id='block_1_111' title="bbox 2168 5001 3747 5068">
    <p class='ocr_par' dir='ltr' id='par_1_111' title="bbox 2168 5001 3747 5068">
     <span class='ocr_line' id='line_1_111' title="bbox 2168 5001 3747 5068; baseline -0.003 -12"><span class='ocrx_word' id='word_1_888' title='bbox 2168 5003 2354 5066; x_wconf 90' lang='lat' dir='ltr'><strong>rimus,</strong></span> <span class='ocrx_word' id='word_1_889' title='bbox 2387 5001 2680 5056; x_wconf 71' lang='lat' dir='ltr'><strong>clariSsima</strong></span> <span class='ocrx_word' id='word_1_890' title='bbox 2712 5001 3088 5068; x_wconf 86' lang='lat' dir='ltr'><strong>perspicuitate</strong></span> <span class='ocrx_word' id='word_1_891' title='bbox 3136 5001 3434 5063; x_wconf 88' lang='lat' dir='ltr'><strong>videamus,</strong></span> <span class='ocrx_word' id='word_1_892' title='bbox 3470 5015 3576 5054; x_wconf 90' lang='lat' dir='ltr'><strong>non</strong></span> <span class='ocrx_word' id='word_1_893' title='bbox 3605 5003 3747 5055; x_wconf 87' lang='lat' dir='ltr'><strong>sicut</strong></span> 
     </span>
    </p>
   </div>
   <div class='ocr_carea' id='block_1_112' title="bbox 2169 5090 3744 5160">
    <p class='ocr_par' dir='ltr' id='par_1_112' title="bbox 2169 5090 3744 5160">
     <span class='ocr_line' id='line_1_112' title="bbox 2169 5090 3744 5160; baseline -0.002 -15"><span class='ocrx_word' id='word_1_894' title='bbox 2169 5107 2307 5145; x_wconf 91' lang='lat' dir='ltr'><strong>nunc</strong></span> <span class='ocrx_word' id='word_1_895' title='bbox 2338 5090 2618 5145; x_wconf 85' lang='lat' dir='ltr'><strong>invisibilia</strong></span> <span class='ocrx_word' id='word_1_896' title='bbox 2653 5092 2741 5146; x_wconf 92' lang='lat' dir='ltr'><strong>Dei</strong></span> <span class='ocrx_word' id='word_1_897' title='bbox 2775 5106 2868 5160; x_wconf 92' lang='lat' dir='ltr'><strong>per</strong></span> <span class='ocrx_word' id='word_1_898' title='bbox 2897 5107 2958 5144; x_wconf 89' lang='lat' dir='ltr'><strong>ea</strong></span> <span class='ocrx_word' id='word_1_899' title='bbox 2989 5107 3107 5160; x_wconf 70' lang='lat' dir='ltr'><strong>qua:</strong></span> <span class='ocrx_word' id='word_1_900' title='bbox 3135 5091 3270 5144; x_wconf 85' lang='lat' dir='ltr'><strong>facta</strong></span> <span class='ocrx_word' id='word_1_901' title='bbox 3311 5099 3437 5144; x_wconf 90' lang='lat' dir='ltr'><strong>sunt</strong></span> <span class='ocrx_word' id='word_1_902' title='bbox 3466 5091 3744 5144; x_wconf 79' lang='lat' dir='ltr'><strong>intellecta</strong></span> 
     </span>
    </p>
   </div>
   <div class='ocr_carea' id='block_1_113' title="bbox 2165 5182 3742 5249">
    <p class='ocr_par' dir='ltr' id='par_1_113' title="bbox 2165 5182 3742 5249">
     <span class='ocr_line' id='line_1_113' title="bbox 2165 5182 3742 5249; baseline -0.001 -13"><span class='ocrx_word' id='word_1_903' title='bbox 2165 5182 2585 5249; x_wconf 87' lang='lat' dir='ltr'><strong>conspiciuntur,</strong></span> <span class='ocrx_word' id='word_1_904' title='bbox 2607 5196 2699 5248; x_wconf 87' lang='lat' dir='ltr'><strong>per</strong></span> <span class='ocrx_word' id='word_1_905' title='bbox 2720 5183 2993 5248; x_wconf 70' lang='lat' dir='ltr'><strong>socculum</strong></span> <span class='ocrx_word' id='word_1_906' title='bbox 3018 5183 3068 5234; x_wconf 93' lang='lat' dir='ltr'><strong>in</strong></span> <span class='ocrx_word' id='word_1_907' title='bbox 3092 5183 3396 5249; x_wconf 63' lang='lat' dir='ltr'><strong>aenigmate,</strong></span> <span class='ocrx_word' id='word_1_908' title='bbox 3417 5194 3466 5235; x_wconf 91' lang='lat' dir='ltr'><strong>et</strong></span> <span class='ocrx_word' id='word_1_909' title='bbox 3483 5197 3549 5236; x_wconf 77' lang='lat' dir='ltr'><strong>ex</strong></span> <span class='ocrx_word' id='word_1_910' title='bbox 3570 5192 3742 5249; x_wconf 86' lang='lat' dir='ltr'><strong>parte,</strong></span> 
     </span>
    </p>
   </div>
   <div class='ocr_carea' id='block_1_114' title="bbox 2166 5269 3745 5339">
    <p class='ocr_par' dir='ltr' id='par_1_114' title="bbox 2166 5269 3745 5339">
     <span class='ocr_line' id='line_1_114' title="bbox 2166 5269 3745 5339; baseline -0.001 -15"><span class='ocrx_word' id='word_1_911' title='bbox 2166 5271 2253 5324; x_wconf 88' lang='lat' dir='ltr'><strong>ubi</strong></span> <span class='ocrx_word' id='word_1_912' title='bbox 2289 5273 2401 5337; x_wconf 74' lang='lat' dir='ltr'><strong>plus</strong></span> <span class='ocrx_word' id='word_1_913' title='bbox 2422 5270 2474 5323; x_wconf 93' lang='lat' dir='ltr'><strong>in</strong></span> <span class='ocrx_word' id='word_1_914' title='bbox 2499 5271 2653 5323; x_wconf 89' lang='lat' dir='ltr'><strong>nobis</strong></span> <span class='ocrx_word' id='word_1_915' title='bbox 2675 5272 2815 5323; x_wconf 87' lang='lat' dir='ltr'><strong>valet</strong></span> <span class='ocrx_word' id='word_1_916' title='bbox 2847 5271 2977 5324; x_wconf 86' lang='lat' dir='ltr'><strong>fides</strong></span> <span class='ocrx_word' id='word_1_917' title='bbox 3005 5285 3108 5338; x_wconf 87' lang='lat' dir='ltr'><strong>qua</strong></span> <span class='ocrx_word' id='word_1_918' title='bbox 3131 5269 3423 5335; x_wconf 82' lang='lat' dir='ltr'><strong>credimus,</strong></span> <span class='ocrx_word' id='word_1_919' title='bbox 3465 5285 3630 5339; x_wconf 84' lang='lat' dir='ltr'><strong>quam</strong></span> <span class='ocrx_word' id='word_1_920' title='bbox 3662 5285 3745 5323; x_wconf 84' lang='lat' dir='ltr'><strong>re-</strong></span> 
     </span>
    </p>
   </div>
   <div class='ocr_carea' id='block_1_115' title="bbox 2165 5362 3738 5431">
    <p class='ocr_par' dir='ltr' id='par_1_115' title="bbox 2165 5362 3738 5431">
     <span class='ocr_line' id='line_1_115' title="bbox 2165 5362 3738 5431; baseline -0.003 -12"><span class='ocrx_word' id='word_1_921' title='bbox 2165 5378 2283 5419; x_wconf 81' lang='lat' dir='ltr'><strong>runt</strong></span> <span class='ocrx_word' id='word_1_922' title='bbox 2307 5363 2662 5431; x_wconf 90' lang='lat' dir='ltr'><strong>corporalium</strong></span> <span class='ocrx_word' id='word_1_923' title='bbox 2684 5362 2912 5428; x_wconf 80' lang='lat' dir='ltr'><strong>species,</strong></span> <span class='ocrx_word' id='word_1_924' title='bbox 2941 5376 3096 5430; x_wconf 87' lang='lat' dir='ltr'><strong>quam</strong></span> <span class='ocrx_word' id='word_1_925' title='bbox 3131 5375 3225 5428; x_wconf 89' lang='lat' dir='ltr'><strong>per</strong></span> <span class='ocrx_word' id='word_1_926' title='bbox 3253 5363 3438 5416; x_wconf 91' lang='lat' dir='ltr'><strong>oculos</strong></span> <span class='ocrx_word' id='word_1_927' title='bbox 3464 5363 3738 5416; x_wconf 86' lang='lat' dir='ltr'><strong>cernimus</strong></span> 
     </span>
    </p>
   </div>
   <div class='ocr_carea' id='block_1_116' title="bbox 2167 5450 3729 5521">
    <p class='ocr_par' dir='ltr' id='par_1_116' title="bbox 2167 5450 3729 5521">
     <span class='ocr_line' id='line_1_116' title="bbox 2167 5450 3729 5521; baseline -0.002 -14"><span class='ocrx_word' id='word_1_928' title='bbox 2167 5452 2473 5521; x_wconf 85' lang='lat' dir='ltr'><strong>corporales</strong></span> <span class='ocrx_word' id='word_1_929' title='bbox 2502 5470 2514 5503; x_wconf 75' lang='grc' dir='ltr'>ε</span> <span class='ocrx_word' id='word_1_930' title='bbox 2547 5452 2640 5506; x_wconf 89' lang='lat' dir='ltr'><strong>sed</strong></span> <span class='ocrx_word' id='word_1_931' title='bbox 2687 5451 2826 5505; x_wconf 88' lang='lat' dir='ltr'><strong>sicut</strong></span> <span class='ocrx_word' id='word_1_932' title='bbox 2867 5451 3107 5506; x_wconf 88' lang='lat' dir='ltr'><strong>homines</strong></span> <span class='ocrx_word' id='word_1_933' title='bbox 3140 5450 3279 5505; x_wconf 91' lang='lat' dir='ltr'><strong>inter</strong></span> <span class='ocrx_word' id='word_1_934' title='bbox 3305 5466 3443 5521; x_wconf 90' lang='lat' dir='ltr'><strong>quos</strong></span> <span class='ocrx_word' id='word_1_935' title='bbox 3485 5452 3729 5505; x_wconf 87' lang='lat' dir='ltr'><strong>viventes</strong></span> 
     </span>
    </p>
   </div>
   <div class='ocr_carea' id='block_1_117' title="bbox 2169 5541 3736 5614">
    <p class='ocr_par' dir='ltr' id='par_1_117' title="bbox 2169 5541 3736 5614">
     <span class='ocr_line' id='line_1_117' title="bbox 2169 5541 3736 5614; baseline -0.004 -15"><span class='ocrx_word' id='word_1_936' title='bbox 2169 5554 2448 5613; x_wconf 88' lang='lat' dir='ltr'><strong>motusque</strong></span> <span class='ocrx_word' id='word_1_937' title='bbox 2495 5545 2682 5597; x_wconf 88' lang='lat' dir='ltr'><strong>vitales</strong></span> <span class='ocrx_word' id='word_1_938' title='bbox 2733 5551 3041 5597; x_wconf 82' lang='lat' dir='ltr'><strong>exserentes</strong></span> <span class='ocrx_word' id='word_1_939' title='bbox 3093 5541 3455 5614; x_wconf 83' lang='lat' dir='ltr'><strong>[exercentes]</strong></span> <span class='ocrx_word' id='word_1_940' title='bbox 3488 5545 3736 5606; x_wconf 82' lang='lat' dir='ltr'><strong>vivimus,</strong></span> 
     </span>
    </p>
   </div>
   <div class='ocr_carea' id='block_1_118' title="bbox 2172 5635 3732 5705">
    <p class='ocr_par' dir='ltr' id='par_1_118' title="bbox 2172 5635 3732 5705">
     <span class='ocr_line' id='line_1_118' title="bbox 2172 5635 3732 5705; baseline -0.004 -13"><span class='ocrx_word' id='word_1_941' title='bbox 2172 5653 2292 5692; x_wconf 81' lang='lat' dir='ltr'><strong>mox</strong></span> <span class='ocrx_word' id='word_1_942' title='bbox 2308 5650 2362 5690; x_wconf 90' lang='lat' dir='ltr'><strong>ut</strong></span> <span class='ocrx_word' id='word_1_943' title='bbox 2392 5637 2676 5705; x_wconf 88' lang='lat' dir='ltr'><strong>aspicimus</strong></span> <span class='ocrx_word' id='word_1_944' title='bbox 2699 5650 2802 5689; x_wconf 91' lang='lat' dir='ltr'><strong>non</strong></span> <span class='ocrx_word' id='word_1_945' title='bbox 2827 5635 3098 5690; x_wconf 89' lang='lat' dir='ltr'><strong>credimus</strong></span> <span class='ocrx_word' id='word_1_946' title='bbox 3122 5637 3324 5699; x_wconf 89' lang='lat' dir='ltr'><strong>vivere,</strong></span> <span class='ocrx_word' id='word_1_947' title='bbox 3355 5637 3450 5690; x_wconf 89' lang='lat' dir='ltr'><strong>sed</strong></span> <span class='ocrx_word' id='word_1_948' title='bbox 3471 5636 3732 5698; x_wconf 87' lang='lat' dir='ltr'><strong>videmus,</strong></span> 
     </span>
    </p>
   </div>
   <div class='ocr_carea' id='block_1_119' title="bbox 2171 5726 3742 5796">
    <p class='ocr_par' dir='ltr' id='par_1_119' title="bbox 2171 5726 3742 5796">
     <span class='ocr_line' id='line_1_119' title="bbox 2171 5726 3742 5796; baseline -0.001 -15"><span class='ocrx_word' id='word_1_949' title='bbox 2171 5742 2287 5782; x_wconf 89' lang='lat' dir='ltr'><strong>cum</strong></span> <span class='ocrx_word' id='word_1_950' title='bbox 2328 5741 2509 5781; x_wconf 90' lang='lat' dir='ltr'><strong>eorum</strong></span> <span class='ocrx_word' id='word_1_951' title='bbox 2550 5726 2711 5779; x_wconf 91' lang='lat' dir='ltr'><strong>vitam</strong></span> <span class='ocrx_word' id='word_1_952' title='bbox 2761 5726 2875 5781; x_wconf 84' lang='lat' dir='ltr'><strong>sine</strong></span> <span class='ocrx_word' id='word_1_953' title='bbox 2915 5726 3230 5796; x_wconf 89' lang='lat' dir='ltr'><strong>corporibus</strong></span> <span class='ocrx_word' id='word_1_954' title='bbox 3279 5726 3462 5782; x_wconf 89' lang='lat' dir='ltr'><strong>videre</strong></span> <span class='ocrx_word' id='word_1_955' title='bbox 3509 5739 3742 5793; x_wconf 83' lang='lat' dir='ltr'><strong>nequea-</strong></span> 
     </span>
    </p>
   </div>
  </div>
