  <div class='ocr_page' id='page_1' title='image "/cluster/home/n/w/nwhite01/storage/ocr_20150623/62/hvd.32044054758693/414.png"; bbox 0 0 3990 6180; ppageno 0'>
   <div class='ocr_carea' id='block_1_1' title="bbox 256 358 354 412">
    <p class='ocr_par' dir='ltr' id='par_1_1' title="bbox 256 358 354 412">
     <span class='ocr_line' id='line_1_1' title="bbox 256 358 354 412; baseline 0.02 -2"><span class='ocrx_word' id='word_1_1' title='bbox 256 358 354 412; x_wconf 73' lang='lat' dir='ltr'><strong>sn</strong></span> 
     </span>
    </p>
   </div>
   <div class='ocr_carea' id='block_1_2' title="bbox 1412 357 2313 420">
    <p class='ocr_par' dir='ltr' id='par_1_2' title="bbox 1412 357 2313 420">
     <span class='ocr_line' id='line_1_2' title="bbox 1412 357 2313 420; baseline -0.004 -2"><span class='ocrx_word' id='word_1_2' title='bbox 1412 359 1852 420; x_wconf 79' lang='lat' dir='ltr'><strong>TllESAURUS.</strong></span> <span class='ocrx_word' id='word_1_3' title='bbox 1894 357 2046 413; x_wconf 87' lang='lat' dir='ltr'><strong>CAP.</strong></span> <span class='ocrx_word' id='word_1_4' title='bbox 2089 358 2313 414; x_wconf 77' lang='lat' dir='ltr'><strong>CLXVI.</strong></span> 
     </span>
    </p>
   </div>
   <div class='ocr_carea' id='block_1_3' title="bbox 3400 371 3516 420">
    <p class='ocr_par' dir='ltr' id='par_1_3' title="bbox 3400 371 3516 420">
     <span class='ocr_line' id='line_1_3' title="bbox 3400 371 3516 420; baseline 0 0"><span class='ocrx_word' id='word_1_5' title='bbox 3400 371 3516 420; x_wconf 73' lang='lat' dir='ltr'><strong>SIS’</strong></span> 
     </span>
    </p>
   </div>
   <div class='ocr_carea' id='block_1_4' title="bbox 248 472 3504 552">
    <p class='ocr_par' dir='ltr' id='par_1_4' title="bbox 248 472 3504 552">
     <span class='ocr_line' id='line_1_4' title="bbox 248 472 3504 552; baseline 0.009 -27"><span class='ocrx_word' id='word_1_6' title='bbox 248 490 390 538; x_wconf 66' lang='grc' dir='ltr'><strong>υνυς,</strong></span> <span class='ocrx_word' id='word_1_7' title='bbox 423 492 578 543; x_wconf 88' lang='lat' dir='ltr'><strong>quam</strong></span> <span class='ocrx_word' id='word_1_8' title='bbox 617 486 792 532; x_wconf 88' lang='lat' dir='ltr'><strong>tamen</strong></span> <span class='ocrx_word' id='word_1_9' title='bbox 840 477 891 531; x_wconf 92' lang='lat' dir='ltr'><strong>in</strong></span> <span class='ocrx_word' id='word_1_10' title='bbox 921 477 998 532; x_wconf 90' lang='lat' dir='ltr'><strong>eis</strong></span> <span class='ocrx_word' id='word_1_11' title='bbox 1044 492 1137 545; x_wconf 87' lang='lat' dir='ltr'><strong>per</strong></span> <span class='ocrx_word' id='word_1_12' title='bbox 1166 491 1623 548; x_wconf 84' lang='lat' dir='ltr'><strong>corpora-remota</strong></span> <span class='ocrx_word' id='word_1_13' title='bbox 1671 481 1815 537; x_wconf 92' lang='lat' dir='ltr'><strong>omni</strong></span> <span class='ocrx_word' id='word_1_14' title='bbox 1846 481 1897 538; x_wconf 75' lang='grc' dir='ltr'>Α</span> <span class='ocrx_word' id='word_1_15' title='bbox 1925 472 2032 526; x_wconf 69' lang='lat' dir='ltr'><strong>Ero</strong></span> <span class='ocrx_word' id='word_1_16' title='bbox 2057 473 2269 529; x_wconf 71' lang='grc' dir='ltr'><strong>ίιιοτυηὶ</strong></span> <span class='ocrx_word' id='word_1_17' title='bbox 2298 474 2459 540; x_wconf 60' lang='lat' dir='ltr'><strong>Deus.</strong></span> <span class='ocrx_word' id='word_1_18' title='bbox 2484 485 2537 530; x_wconf 76' lang='grc' dir='ltr'>ει</span> <span class='ocrx_word' id='word_1_19' title='bbox 2565 477 2662 545; x_wconf 62' lang='lat' dir='ltr'><strong>iP55</strong></span> <span class='ocrx_word' id='word_1_20' title='bbox 2687 486 2845 533; x_wconf 73' lang='grc' dir='ltr'>θΓυιιι</span> <span class='ocrx_word' id='word_1_21' title='bbox 2873 480 3000 534; x_wconf 69' lang='lat' dir='ltr'><strong>mihi</strong></span> <span class='ocrx_word' id='word_1_22' title='bbox 3031 481 3201 550; x_wconf 63' lang='lat' dir='ltr'><strong>Plebs.</strong></span> <span class='ocrx_word' id='word_1_23' title='bbox 3235 483 3359 548; x_wconf 73' lang='grc' dir='ltr'><strong>υἱεῖ,</strong></span> <span class='ocrx_word' id='word_1_24' title='bbox 3391 483 3504 552; x_wconf 72' lang='grc' dir='ltr'><strong>Εεο</strong></span> 
     </span>
    </p>
   </div>
   <div class='ocr_carea' id='block_1_5' title="bbox 246 567 1819 641">
    <p class='ocr_par' dir='ltr' id='par_1_5' title="bbox 246 567 1819 641">
     <span class='ocr_line' id='line_1_5' title="bbox 246 567 1819 641; baseline 0.005 -23"><span class='ocrx_word' id='word_1_25' title='bbox 246 567 589 634; x_wconf 86' lang='lat' dir='ltr'><strong>ambiguitate</strong></span> <span class='ocrx_word' id='word_1_26' title='bbox 627 569 1013 638; x_wconf 83' lang='lat' dir='ltr'><strong>conspicimus.</strong></span> <span class='ocrx_word' id='word_1_27' title='bbox 1071 570 1143 622; x_wconf 92' lang='lat' dir='ltr'><strong>Ita</strong></span> <span class='ocrx_word' id='word_1_28' title='bbox 1182 586 1511 640; x_wconf 89' lang='lat' dir='ltr'><strong>quacumque</strong></span> <span class='ocrx_word' id='word_1_29' title='bbox 1561 573 1819 641; x_wconf 81' lang='lat' dir='ltr'><strong>spiritalia</strong></span> 
     </span>
    </p>
   </div>
   <div class='ocr_carea' id='block_1_6' title="bbox 244 657 1818 726">
    <p class='ocr_par' dir='ltr' id='par_1_6' title="bbox 244 657 1818 726">
     <span class='ocr_line' id='line_1_6' title="bbox 244 657 1818 726; baseline 0.006 -20"><span class='ocrx_word' id='word_1_30' title='bbox 244 657 330 708; x_wconf 89' lang='lat' dir='ltr'><strong>illa</strong></span> <span class='ocrx_word' id='word_1_31' title='bbox 363 657 557 710; x_wconf 85' lang='lat' dir='ltr'><strong>lumina</strong></span> <span class='ocrx_word' id='word_1_32' title='bbox 596 673 880 726; x_wconf 86' lang='lat' dir='ltr'><strong>corporum</strong></span> <span class='ocrx_word' id='word_1_33' title='bbox 923 668 1226 714; x_wconf 91' lang='lat' dir='ltr'><strong>nostrorum</strong></span> <span class='ocrx_word' id='word_1_34' title='bbox 1275 662 1708 717; x_wconf 89' lang='lat' dir='ltr'><strong>circumferimus</strong></span> <span class='ocrx_word' id='word_1_35' title='bbox 1739 664 1818 718; x_wconf 87' lang='lat' dir='ltr'><strong>iu-</strong></span> 
     </span>
    </p>
   </div>
   <div class='ocr_carea' id='block_1_7' title="bbox 241 748 1816 822">
    <p class='ocr_par' dir='ltr' id='par_1_7' title="bbox 241 748 1816 822">
     <span class='ocr_line' id='line_1_7' title="bbox 241 748 1816 822; baseline 0.004 -23"><span class='ocrx_word' id='word_1_36' title='bbox 241 761 560 814; x_wconf 85' lang='lat' dir='ltr'><strong>corporeum</strong></span> <span class='ocrx_word' id='word_1_37' title='bbox 609 748 773 802; x_wconf 90' lang='lat' dir='ltr'><strong>Deum</strong></span> <span class='ocrx_word' id='word_1_38' title='bbox 809 750 986 803; x_wconf 87' lang='lat' dir='ltr'><strong>omnia</strong></span> <span class='ocrx_word' id='word_1_39' title='bbox 1022 761 1321 819; x_wconf 80' lang='lat' dir='ltr'><strong>regentem,</strong></span> <span class='ocrx_word' id='word_1_40' title='bbox 1353 753 1512 807; x_wconf 89' lang='lat' dir='ltr'><strong>etiam</strong></span> <span class='ocrx_word' id='word_1_41' title='bbox 1564 769 1658 822; x_wconf 88' lang='lat' dir='ltr'><strong>per</strong></span> <span class='ocrx_word' id='word_1_42' title='bbox 1701 769 1816 808; x_wconf 87' lang='lat' dir='ltr'><strong>cor-</strong></span> 
     </span>
    </p>
   </div>
   <div class='ocr_carea' id='block_1_8' title="bbox 241 838 1817 910">
    <p class='ocr_par' dir='ltr' id='par_1_8' title="bbox 241 838 1817 910">
     <span class='ocr_line' id='line_1_8' title="bbox 241 838 1817 910; baseline 0.007 -22"><span class='ocrx_word' id='word_1_43' title='bbox 241 849 372 901; x_wconf 85' lang='lat' dir='ltr'><strong>pora</strong></span> <span class='ocrx_word' id='word_1_44' title='bbox 389 838 778 892; x_wconf 88' lang='lat' dir='ltr'><strong>contuebimur.</strong></span> <span class='ocrx_word' id='word_1_45' title='bbox 796 839 902 892; x_wconf 92' lang='lat' dir='ltr'><strong>Aut</strong></span> <span class='ocrx_word' id='word_1_46' title='bbox 921 855 1049 909; x_wconf 90' lang='lat' dir='ltr'><strong>ergo</strong></span> <span class='ocrx_word' id='word_1_47' title='bbox 1070 842 1147 894; x_wconf 89' lang='lat' dir='ltr'><strong>sic</strong></span> <span class='ocrx_word' id='word_1_48' title='bbox 1169 857 1261 910; x_wconf 88' lang='lat' dir='ltr'><strong>per</strong></span> <span class='ocrx_word' id='word_1_49' title='bbox 1287 842 1404 898; x_wconf 91' lang='lat' dir='ltr'><strong>illos</strong></span> <span class='ocrx_word' id='word_1_50' title='bbox 1424 844 1608 898; x_wconf 89' lang='lat' dir='ltr'><strong>oculos</strong></span> <span class='ocrx_word' id='word_1_51' title='bbox 1637 845 1714 899; x_wconf 90' lang='lat' dir='ltr'><strong>sic</strong></span> <span class='ocrx_word' id='word_1_52' title='bbox 1742 846 1817 899; x_wconf 92' lang='lat' dir='ltr'><strong>vi-</strong></span> 
     </span>
    </p>
   </div>
   <div class='ocr_carea' id='block_1_9' title="bbox 239 925 1814 996">
    <p class='ocr_par' dir='ltr' id='par_1_9' title="bbox 239 925 1814 996">
     <span class='ocr_line' id='line_1_9' title="bbox 239 925 1814 996; baseline 0.007 -19"><span class='ocrx_word' id='word_1_53' title='bbox 239 925 451 980; x_wconf 86' lang='lat' dir='ltr'><strong>debitur</strong></span> <span class='ocrx_word' id='word_1_54' title='bbox 477 927 634 993; x_wconf 86' lang='lat' dir='ltr'><strong>Deus,</strong></span> <span class='ocrx_word' id='word_1_55' title='bbox 669 937 725 982; x_wconf 93' lang='lat' dir='ltr'><strong>ut</strong></span> <span class='ocrx_word' id='word_1_56' title='bbox 753 928 950 996; x_wconf 91' lang='lat' dir='ltr'><strong>aliquid</strong></span> <span class='ocrx_word' id='word_1_57' title='bbox 984 929 1213 984; x_wconf 87' lang='lat' dir='ltr'><strong>habeant</strong></span> <span class='ocrx_word' id='word_1_58' title='bbox 1241 932 1292 984; x_wconf 94' lang='lat' dir='ltr'><strong>in</strong></span> <span class='ocrx_word' id='word_1_59' title='bbox 1324 941 1466 986; x_wconf 88' lang='lat' dir='ltr'><strong>tanta</strong></span> <span class='ocrx_word' id='word_1_60' title='bbox 1497 935 1814 989; x_wconf 79' lang='lat' dir='ltr'><strong>excellentia</strong></span> 
     </span>
    </p>
   </div>
   <div class='ocr_carea' id='block_1_10' title="bbox 240 1016 1810 1089">
    <p class='ocr_par' dir='ltr' id='par_1_10' title="bbox 240 1016 1810 1089">
     <span class='ocr_line' id='line_1_10' title="bbox 240 1016 1810 1089; baseline 0.008 -23"><span class='ocrx_word' id='word_1_61' title='bbox 240 1016 410 1070; x_wconf 88' lang='lat' dir='ltr'><strong>menti</strong></span> <span class='ocrx_word' id='word_1_62' title='bbox 456 1017 648 1082; x_wconf 86' lang='lat' dir='ltr'><strong>simile,</strong></span> <span class='ocrx_word' id='word_1_63' title='bbox 690 1034 796 1085; x_wconf 90' lang='lat' dir='ltr'><strong>quo</strong></span> <span class='ocrx_word' id='word_1_64' title='bbox 835 1027 889 1072; x_wconf 90' lang='lat' dir='ltr'><strong>et</strong></span> <span class='ocrx_word' id='word_1_65' title='bbox 931 1019 1248 1089; x_wconf 91' lang='lat' dir='ltr'><strong>incorporea</strong></span> <span class='ocrx_word' id='word_1_66' title='bbox 1301 1032 1486 1077; x_wconf 90' lang='lat' dir='ltr'><strong>natura</strong></span> <span class='ocrx_word' id='word_1_67' title='bbox 1536 1037 1810 1088; x_wconf 85' lang='lat' dir='ltr'><strong>cernatur,</strong></span> 
     </span>
    </p>
   </div>
   <div class='ocr_carea' id='block_1_11' title="bbox 239 1103 1816 1181">
    <p class='ocr_par' dir='ltr' id='par_1_11' title="bbox 239 1103 1816 1181">
     <span class='ocr_line' id='line_1_11' title="bbox 239 1103 1816 1181; baseline 0.008 -23"><span class='ocrx_word' id='word_1_68' title='bbox 239 1108 381 1174; x_wconf 89' lang='lat' dir='ltr'><strong>quod</strong></span> <span class='ocrx_word' id='word_1_69' title='bbox 422 1108 539 1161; x_wconf 88' lang='lat' dir='ltr'><strong>ullis</strong></span> <span class='ocrx_word' id='word_1_70' title='bbox 577 1103 859 1177; x_wconf 78' lang='lat' dir='ltr'><strong>exemplis,</strong></span> <span class='ocrx_word' id='word_1_71' title='bbox 895 1108 1012 1164; x_wconf 85' lang='lat' dir='ltr'><strong>sive</strong></span> <span class='ocrx_word' id='word_1_72' title='bbox 1054 1111 1440 1181; x_wconf 76' lang='lat' dir='ltr'><strong>scripturarum</strong></span> <span class='ocrx_word' id='word_1_73' title='bbox 1495 1116 1816 1170; x_wconf 84' lang='lat' dir='ltr'><strong>testimoniis</strong></span> 
     </span>
    </p>
   </div>
   <div class='ocr_carea' id='block_1_12' title="bbox 241 1197 1813 1272">
    <p class='ocr_par' dir='ltr' id='par_1_12' title="bbox 241 1197 1813 1272">
     <span class='ocr_line' id='line_1_12' title="bbox 241 1197 1813 1272; baseline 0.007 -22"><span class='ocrx_word' id='word_1_74' title='bbox 241 1197 564 1262; x_wconf 84' lang='lat' dir='ltr'><strong>divinarum,</strong></span> <span class='ocrx_word' id='word_1_75' title='bbox 610 1199 694 1254; x_wconf 90' lang='lat' dir='ltr'><strong>vel</strong></span> <span class='ocrx_word' id='word_1_76' title='bbox 727 1198 970 1267; x_wconf 80' lang='lat' dir='ltr'><strong>difﬁcile,</strong></span> <span class='ocrx_word' id='word_1_77' title='bbox 1028 1203 1115 1257; x_wconf 89' lang='lat' dir='ltr'><strong>vel</strong></span> <span class='ocrx_word' id='word_1_78' title='bbox 1164 1202 1490 1272; x_wconf 82' lang='lat' dir='ltr'><strong>impossibile</strong></span> <span class='ocrx_word' id='word_1_79' title='bbox 1516 1215 1599 1260; x_wconf 90' lang='lat' dir='ltr'><strong>est</strong></span> <span class='ocrx_word' id='word_1_80' title='bbox 1632 1216 1813 1261; x_wconf 89' lang='lat' dir='ltr'><strong>osten-</strong></span> 
     </span>
    </p>
   </div>
   <div class='ocr_carea' id='block_1_13' title="bbox 239 1289 1811 1361">
    <p class='ocr_par' dir='ltr' id='par_1_13' title="bbox 239 1289 1811 1361">
     <span class='ocr_line' id='line_1_13' title="bbox 239 1289 1811 1361; baseline 0.006 -21"><span class='ocrx_word' id='word_1_81' title='bbox 239 1289 400 1352; x_wconf 78' lang='lat' dir='ltr'><strong>dere;</strong></span> <span class='ocrx_word' id='word_1_82' title='bbox 423 1297 514 1342; x_wconf 90' lang='lat' dir='ltr'><strong>aut</strong></span> <span class='ocrx_word' id='word_1_83' title='bbox 538 1290 679 1358; x_wconf 89' lang='lat' dir='ltr'><strong>quod</strong></span> <span class='ocrx_word' id='word_1_84' title='bbox 709 1299 793 1344; x_wconf 89' lang='lat' dir='ltr'><strong>est</strong></span> <span class='ocrx_word' id='word_1_85' title='bbox 819 1290 884 1344; x_wconf 92' lang='lat' dir='ltr'><strong>ad</strong></span> <span class='ocrx_word' id='word_1_86' title='bbox 918 1291 1323 1361; x_wconf 87' lang='lat' dir='ltr'><strong>intelligendum</strong></span> <span class='ocrx_word' id='word_1_87' title='bbox 1355 1294 1582 1360; x_wconf 76' lang='lat' dir='ltr'><strong>facilius,</strong></span> <span class='ocrx_word' id='word_1_88' title='bbox 1616 1296 1687 1350; x_wconf 88' lang='lat' dir='ltr'><strong>ita</strong></span> <span class='ocrx_word' id='word_1_89' title='bbox 1713 1312 1811 1350; x_wconf 85' lang='lat' dir='ltr'><strong>no-</strong></span> 
     </span>
    </p>
   </div>
   <div class='ocr_carea' id='block_1_14' title="bbox 241 1377 1813 1451">
    <p class='ocr_par' dir='ltr' id='par_1_14' title="bbox 241 1377 1813 1451">
     <span class='ocr_line' id='line_1_14' title="bbox 241 1377 1813 1451; baseline 0.006 -21"><span class='ocrx_word' id='word_1_90' title='bbox 241 1377 324 1430; x_wconf 84' lang='lat' dir='ltr'><strong>bis</strong></span> <span class='ocrx_word' id='word_1_91' title='bbox 372 1377 507 1432; x_wconf 87' lang='lat' dir='ltr'><strong>Deus</strong></span> <span class='ocrx_word' id='word_1_92' title='bbox 545 1379 650 1432; x_wconf 86' lang='lat' dir='ltr'><strong>erit</strong></span> <span class='ocrx_word' id='word_1_93' title='bbox 695 1389 853 1435; x_wconf 90' lang='lat' dir='ltr'><strong>notus</strong></span> <span class='ocrx_word' id='word_1_94' title='bbox 895 1389 1054 1450; x_wconf 87' lang='lat' dir='ltr'><strong>atque</strong></span> <span class='ocrx_word' id='word_1_95' title='bbox 1099 1383 1438 1451; x_wconf 77' lang='lat' dir='ltr'><strong>cou3picuus,</strong></span> <span class='ocrx_word' id='word_1_96' title='bbox 1488 1393 1547 1438; x_wconf 89' lang='lat' dir='ltr'><strong>ut</strong></span> <span class='ocrx_word' id='word_1_97' title='bbox 1573 1385 1813 1440; x_wconf 87' lang='lat' dir='ltr'><strong>videatur</strong></span> 
     </span>
    </p>
   </div>
   <div class='ocr_carea' id='block_1_15' title="bbox 235 1467 1812 1543">
    <p class='ocr_par' dir='ltr' id='par_1_15' title="bbox 235 1467 1812 1543">
     <span class='ocr_line' id='line_1_15' title="bbox 235 1467 1812 1543; baseline 0.009 -25"><span class='ocrx_word' id='word_1_98' title='bbox 235 1468 432 1534; x_wconf 87' lang='lat' dir='ltr'><strong>spiritu</strong></span> <span class='ocrx_word' id='word_1_99' title='bbox 465 1482 494 1520; x_wconf 89' lang='lat' dir='ltr'><strong>a</strong></span> <span class='ocrx_word' id='word_1_100' title='bbox 518 1467 743 1537; x_wconf 78' lang='lat' dir='ltr'><strong>singulis</strong></span> <span class='ocrx_word' id='word_1_101' title='bbox 772 1471 996 1526; x_wconf 88' lang='lat' dir='ltr'><strong>nobisin</strong></span> <span class='ocrx_word' id='word_1_102' title='bbox 1029 1472 1253 1543; x_wconf 78' lang='lat' dir='ltr'><strong>singulis</strong></span> <span class='ocrx_word' id='word_1_103' title='bbox 1283 1475 1457 1540; x_wconf 90' lang='lat' dir='ltr'><strong>nobis,</strong></span> <span class='ocrx_word' id='word_1_104' title='bbox 1481 1476 1722 1531; x_wconf 91' lang='lat' dir='ltr'><strong>videatur</strong></span> <span class='ocrx_word' id='word_1_105' title='bbox 1744 1478 1812 1532; x_wconf 91' lang='lat' dir='ltr'><strong>ab</strong></span> 
     </span>
    </p>
   </div>
   <div class='ocr_carea' id='block_1_16' title="bbox 233 1558 1810 1634">
    <p class='ocr_par' dir='ltr' id='par_1_16' title="bbox 233 1558 1810 1634">
     <span class='ocr_line' id='line_1_16' title="bbox 233 1558 1810 1634; baseline 0.008 -25"><span class='ocrx_word' id='word_1_106' title='bbox 233 1558 412 1611; x_wconf 88' lang='lat' dir='ltr'><strong>altero</strong></span> <span class='ocrx_word' id='word_1_107' title='bbox 442 1559 494 1611; x_wconf 92' lang='lat' dir='ltr'><strong>in</strong></span> <span class='ocrx_word' id='word_1_108' title='bbox 523 1559 716 1624; x_wconf 89' lang='lat' dir='ltr'><strong>altero,</strong></span> <span class='ocrx_word' id='word_1_109' title='bbox 743 1561 987 1616; x_wconf 87' lang='lat' dir='ltr'><strong>videatur</strong></span> <span class='ocrx_word' id='word_1_110' title='bbox 1013 1564 1065 1617; x_wconf 94' lang='lat' dir='ltr'><strong>in</strong></span> <span class='ocrx_word' id='word_1_111' title='bbox 1095 1565 1294 1634; x_wconf 88' lang='lat' dir='ltr'><strong>seipso,</strong></span> <span class='ocrx_word' id='word_1_112' title='bbox 1323 1567 1565 1622; x_wconf 89' lang='lat' dir='ltr'><strong>videatur</strong></span> <span class='ocrx_word' id='word_1_113' title='bbox 1591 1568 1641 1623; x_wconf 91' lang='lat' dir='ltr'><strong>in</strong></span> <span class='ocrx_word' id='word_1_114' title='bbox 1671 1569 1810 1624; x_wconf 73' lang='lat' dir='ltr'><strong>cmlo</strong></span> 
     </span>
    </p>
   </div>
   <div class='ocr_carea' id='block_1_17' title="bbox 233 1653 1810 1727">
    <p class='ocr_par' dir='ltr' id='par_1_17' title="bbox 233 1653 1810 1727">
     <span class='ocr_line' id='line_1_17' title="bbox 233 1653 1810 1727; baseline 0.011 -29"><span class='ocrx_word' id='word_1_115' title='bbox 233 1661 380 1700; x_wconf 89' lang='lat' dir='ltr'><strong>novo</strong></span> <span class='ocrx_word' id='word_1_116' title='bbox 425 1658 476 1700; x_wconf 90' lang='lat' dir='ltr'><strong>et</strong></span> <span class='ocrx_word' id='word_1_117' title='bbox 513 1657 654 1703; x_wconf 89' lang='lat' dir='ltr'><strong>terra</strong></span> <span class='ocrx_word' id='word_1_118' title='bbox 685 1665 818 1704; x_wconf 88' lang='lat' dir='ltr'><strong>nova</strong></span> <span class='ocrx_word' id='word_1_119' title='bbox 840 1692 856 1714; x_wconf 91' lang='lat'><strong>,</strong></span> <span class='ocrx_word' id='word_1_120' title='bbox 886 1662 1043 1721; x_wconf 90' lang='lat' dir='ltr'><strong>atque</strong></span> <span class='ocrx_word' id='word_1_121' title='bbox 1078 1653 1130 1708; x_wconf 93' lang='lat' dir='ltr'><strong>in</strong></span> <span class='ocrx_word' id='word_1_122' title='bbox 1171 1658 1315 1712; x_wconf 91' lang='lat' dir='ltr'><strong>omni</strong></span> <span class='ocrx_word' id='word_1_123' title='bbox 1344 1673 1461 1727; x_wconf 65' lang='lat' dir='ltr'><strong>quae</strong></span> <span class='ocrx_word' id='word_1_124' title='bbox 1489 1669 1614 1715; x_wconf 87' lang='lat' dir='ltr'><strong>tunc</strong></span> <span class='ocrx_word' id='word_1_125' title='bbox 1653 1660 1810 1715; x_wconf 85' lang='lat' dir='ltr'><strong>fuerit</strong></span> 
     </span>
    </p>
   </div>
   <div class='ocr_carea' id='block_1_18' title="bbox 230 1738 1806 1820">
    <p class='ocr_par' dir='ltr' id='par_1_18' title="bbox 230 1738 1806 1820">
     <span class='ocr_line' id='line_1_18' title="bbox 230 1738 1806 1820; baseline 0.011 -32"><span class='ocrx_word' id='word_1_126' title='bbox 230 1747 514 1802; x_wconf 81' lang='lat' dir='ltr'><strong>creatura;</strong></span> <span class='ocrx_word' id='word_1_127' title='bbox 544 1738 787 1794; x_wconf 90' lang='lat' dir='ltr'><strong>videatur</strong></span> <span class='ocrx_word' id='word_1_128' title='bbox 827 1751 883 1796; x_wconf 90' lang='lat' dir='ltr'><strong>et</strong></span> <span class='ocrx_word' id='word_1_129' title='bbox 921 1757 1015 1811; x_wconf 89' lang='lat' dir='ltr'><strong>per</strong></span> <span class='ocrx_word' id='word_1_130' title='bbox 1056 1759 1280 1815; x_wconf 87' lang='lat' dir='ltr'><strong>corpora</strong></span> <span class='ocrx_word' id='word_1_131' title='bbox 1325 1747 1376 1801; x_wconf 92' lang='lat' dir='ltr'><strong>in</strong></span> <span class='ocrx_word' id='word_1_132' title='bbox 1408 1751 1553 1804; x_wconf 90' lang='lat' dir='ltr'><strong>omni</strong></span> <span class='ocrx_word' id='word_1_133' title='bbox 1581 1765 1806 1820; x_wconf 84' lang='lat' dir='ltr'><strong>corpore</strong></span> 
     </span>
    </p>
   </div>
   <div class='ocr_carea' id='block_1_19' title="bbox 1923 565 3498 644">
    <p class='ocr_par' dir='ltr' id='par_1_19' title="bbox 1923 565 3498 644">
     <span class='ocr_line' id='line_1_19' title="bbox 1923 565 3498 644; baseline 0.009 -28"><span class='ocrx_word' id='word_1_134' title='bbox 1923 578 2018 617; x_wconf 89' lang='lat' dir='ltr'><strong>ero</strong></span> <span class='ocrx_word' id='word_1_135' title='bbox 2057 565 2197 619; x_wconf 92' lang='lat' dir='ltr'><strong>unde</strong></span> <span class='ocrx_word' id='word_1_136' title='bbox 2239 568 2517 633; x_wconf 85' lang='lat' dir='ltr'><strong>satientur,</strong></span> <span class='ocrx_word' id='word_1_137' title='bbox 2547 584 2648 639; x_wconf 90' lang='lat' dir='ltr'><strong>ego</strong></span> <span class='ocrx_word' id='word_1_138' title='bbox 2691 585 2784 625; x_wconf 92' lang='lat' dir='ltr'><strong>ero</strong></span> <span class='ocrx_word' id='word_1_139' title='bbox 2806 587 3156 644; x_wconf 71' lang='lat' dir='ltr'><strong>quaecumque</strong></span> <span class='ocrx_word' id='word_1_140' title='bbox 3178 576 3244 630; x_wconf 91' lang='lat' dir='ltr'><strong>ab</strong></span> <span class='ocrx_word' id='word_1_141' title='bbox 3274 576 3498 630; x_wconf 88' lang='lat' dir='ltr'><strong>homini-</strong></span> 
     </span>
    </p>
   </div>
   <div class='ocr_carea' id='block_1_20' title="bbox 1922 654 3502 738">
    <p class='ocr_par' dir='ltr' id='par_1_20' title="bbox 1922 654 3502 738">
     <span class='ocr_line' id='line_1_20' title="bbox 1922 654 3502 738; baseline 0.009 -30"><span class='ocrx_word' id='word_1_142' title='bbox 1922 654 2021 708; x_wconf 89' lang='lat' dir='ltr'><strong>bus</strong></span> <span class='ocrx_word' id='word_1_143' title='bbox 2073 654 2296 710; x_wconf 86' lang='lat' dir='ltr'><strong>honeste</strong></span> <span class='ocrx_word' id='word_1_144' title='bbox 2338 657 2712 716; x_wconf 85' lang='lat' dir='ltr'><strong>desiderantur</strong></span> <span class='ocrx_word' id='word_1_145' title='bbox 2755 661 3192 736; x_wconf 69' lang='lat' dir='ltr'><strong>[desiderentur],</strong></span> <span class='ocrx_word' id='word_1_146' title='bbox 3243 668 3402 738; x_wconf 75' lang='lat'><strong>108</strong></span> <span class='ocrx_word' id='word_1_147' title='bbox 3445 678 3502 722; x_wconf 92' lang='lat' dir='ltr'><strong>et</strong></span> 
     </span>
    </p>
   </div>
   <div class='ocr_carea' id='block_1_21' title="bbox 1921 744 3496 827">
    <p class='ocr_par' dir='ltr' id='par_1_21' title="bbox 1921 744 3496 827">
     <span class='ocr_line' id='line_1_21' title="bbox 1921 744 3496 827; baseline 0.013 -34"><span class='ocrx_word' id='word_1_148' title='bbox 1921 744 2047 809; x_wconf 87' lang='lat' dir='ltr'><strong>vita,</strong></span> <span class='ocrx_word' id='word_1_149' title='bbox 2079 755 2131 798; x_wconf 91' lang='lat' dir='ltr'><strong>et</strong></span> <span class='ocrx_word' id='word_1_150' title='bbox 2157 747 2323 810; x_wconf 88' lang='lat' dir='ltr'><strong>salus,</strong></span> <span class='ocrx_word' id='word_1_151' title='bbox 2355 758 2408 803; x_wconf 92' lang='lat' dir='ltr'><strong>et</strong></span> <span class='ocrx_word' id='word_1_152' title='bbox 2439 751 2633 816; x_wconf 88' lang='lat' dir='ltr'><strong>victus,</strong></span> <span class='ocrx_word' id='word_1_153' title='bbox 2655 761 2709 807; x_wconf 89' lang='lat' dir='ltr'><strong>et</strong></span> <span class='ocrx_word' id='word_1_154' title='bbox 2733 755 2909 823; x_wconf 85' lang='lat' dir='ltr'><strong>copia,</strong></span> <span class='ocrx_word' id='word_1_155' title='bbox 2931 766 2986 812; x_wconf 92' lang='lat' dir='ltr'><strong>et</strong></span> <span class='ocrx_word' id='word_1_156' title='bbox 3005 757 3194 827; x_wconf 91' lang='lat' dir='ltr'><strong>gloria,</strong></span> <span class='ocrx_word' id='word_1_157' title='bbox 3221 767 3278 812; x_wconf 90' lang='lat' dir='ltr'><strong>.et</strong></span> <span class='ocrx_word' id='word_1_158' title='bbox 3303 759 3496 822; x_wconf 86' lang='lat' dir='ltr'><strong>honor,</strong></span> 
     </span>
    </p>
   </div>
   <div class='ocr_carea' id='block_1_22' title="bbox 1919 834 3497 902">
    <p class='ocr_par' dir='ltr' id='par_1_22' title="bbox 1919 834 3497 902">
     <span class='ocr_line' id='line_1_22' title="bbox 1919 834 3497 902; baseline 0.01 -18"><span class='ocrx_word' id='word_1_159' title='bbox 1919 838 1974 884; x_wconf 89' lang='lat' dir='ltr'><strong>et</strong></span> <span class='ocrx_word' id='word_1_160' title='bbox 2004 845 2126 898; x_wconf 93' lang='lat' dir='ltr'><strong>pax,</strong></span> <span class='ocrx_word' id='word_1_161' title='bbox 2161 840 2216 888; x_wconf 90' lang='lat' dir='ltr'><strong>et</strong></span> <span class='ocrx_word' id='word_1_162' title='bbox 2243 834 2420 889; x_wconf 88' lang='lat' dir='ltr'><strong>omnia</strong></span> <span class='ocrx_word' id='word_1_163' title='bbox 2449 837 2626 893; x_wconf 81' lang='lat' dir='ltr'><strong>bona?</strong></span> <span class='ocrx_word' id='word_1_164' title='bbox 2655 841 2744 896; x_wconf 88' lang='lat' dir='ltr'><strong>Sic</strong></span> <span class='ocrx_word' id='word_1_165' title='bbox 2769 841 2910 896; x_wconf 87' lang='lat' dir='ltr'><strong>enim</strong></span> <span class='ocrx_word' id='word_1_166' title='bbox 2933 855 2986 898; x_wconf 91' lang='lat' dir='ltr'><strong>et</strong></span> <span class='ocrx_word' id='word_1_167' title='bbox 3011 844 3137 899; x_wconf 92' lang='lat' dir='ltr'><strong>illud</strong></span> <span class='ocrx_word' id='word_1_168' title='bbox 3164 856 3311 902; x_wconf 89' lang='lat' dir='ltr'><strong>recte</strong></span> <span class='ocrx_word' id='word_1_169' title='bbox 3339 846 3497 901; x_wconf 86' lang='lat' dir='ltr'><strong>intel-</strong></span> 
     </span>
    </p>
   </div>
   <div class='ocr_carea' id='block_1_23' title="bbox 1920 920 3495 994">
    <p class='ocr_par' dir='ltr' id='par_1_23' title="bbox 1920 920 3495 994">
     <span class='ocr_line' id='line_1_23' title="bbox 1920 920 3495 994; baseline 0.011 -21"><span class='ocrx_word' id='word_1_170' title='bbox 1920 920 2098 988; x_wconf 83' lang='lat' dir='ltr'><strong>ligitur</strong></span> <span class='ocrx_word' id='word_1_171' title='bbox 2136 925 2279 992; x_wconf 92' lang='lat' dir='ltr'><strong>quod</strong></span> <span class='ocrx_word' id='word_1_172' title='bbox 2311 926 2383 979; x_wconf 87' lang='lat' dir='ltr'><strong>ait</strong></span> <span class='ocrx_word' id='word_1_173' title='bbox 2406 929 2711 994; x_wconf 83' lang='lat' dir='ltr'><strong>Apostolus,</strong></span> <span class='ocrx_word' id='word_1_174' title='bbox 2748 933 2812 987; x_wconf 89' lang='lat' dir='ltr'><strong>Ut</strong></span> <span class='ocrx_word' id='word_1_175' title='bbox 2834 934 2903 987; x_wconf 90' lang='lat' dir='ltr'><strong>sit</strong></span> <span class='ocrx_word' id='word_1_176' title='bbox 2930 933 3069 989; x_wconf 85' lang='lat' dir='ltr'><strong>Deus</strong></span> <span class='ocrx_word' id='word_1_177' title='bbox 3095 936 3270 990; x_wconf 84' lang='lat' dir='ltr'><strong>omnia</strong></span> <span class='ocrx_word' id='word_1_178' title='bbox 3299 937 3350 992; x_wconf 93' lang='lat' dir='ltr'><strong>in</strong></span> <span class='ocrx_word' id='word_1_179' title='bbox 3379 952 3495 990; x_wconf 89' lang='lat' dir='ltr'><strong>om-</strong></span> 
     </span>
    </p>
   </div>
   <div class='ocr_carea' id='block_1_24' title="bbox 1920 1009 3494 1096">
    <p class='ocr_par' dir='ltr' id='par_1_24' title="bbox 1920 1009 3494 1096">
     <span class='ocr_line' id='line_1_24' title="bbox 1920 1009 3494 1096; baseline 0.015 -36"><span class='ocrx_word' id='word_1_180' title='bbox 1920 1009 2101 1066; x_wconf 89' lang='lat' dir='ltr'><strong>nibus.</strong></span> <span class='ocrx_word' id='word_1_181' title='bbox 2137 1012 2254 1080; x_wconf 91' lang='lat' dir='ltr'><strong>lpse</strong></span> <span class='ocrx_word' id='word_1_182' title='bbox 2287 1014 2407 1069; x_wconf 83' lang='lat' dir='ltr'><strong>finis</strong></span> <span class='ocrx_word' id='word_1_183' title='bbox 2452 1018 2554 1072; x_wconf 91' lang='lat' dir='ltr'><strong>erit</strong></span> <span class='ocrx_word' id='word_1_184' title='bbox 2596 1019 2984 1077; x_wconf 88' lang='lat' dir='ltr'><strong>desideriorum</strong></span> <span class='ocrx_word' id='word_1_185' title='bbox 3031 1035 3357 1092; x_wconf 83' lang='lat' dir='ltr'><strong>nostrorum,</strong></span> <span class='ocrx_word' id='word_1_186' title='bbox 3405 1028 3494 1096; x_wconf 86' lang='lat' dir='ltr'><strong>qui</strong></span> 
     </span>
    </p>
   </div>
   <div class='ocr_carea' id='block_1_25' title="bbox 1917 1099 3494 1180">
    <p class='ocr_par' dir='ltr' id='par_1_25' title="bbox 1917 1099 3494 1180">
     <span class='ocr_line' id='line_1_25' title="bbox 1917 1099 3494 1180; baseline 0.012 -28"><span class='ocrx_word' id='word_1_187' title='bbox 1917 1099 2033 1155; x_wconf 89' lang='lat' dir='ltr'><strong>sine</strong></span> <span class='ocrx_word' id='word_1_188' title='bbox 2075 1101 2178 1157; x_wconf 90' lang='lat' dir='ltr'><strong>fine</strong></span> <span class='ocrx_word' id='word_1_189' title='bbox 2208 1104 2496 1174; x_wconf 83' lang='lat' dir='ltr'><strong>videbitur,</strong></span> <span class='ocrx_word' id='word_1_190' title='bbox 2528 1108 2644 1163; x_wconf 89' lang='lat' dir='ltr'><strong>sine</strong></span> <span class='ocrx_word' id='word_1_191' title='bbox 2671 1111 2881 1166; x_wconf 90' lang='lat' dir='ltr'><strong>fastidio</strong></span> <span class='ocrx_word' id='word_1_192' title='bbox 2904 1114 3188 1180; x_wconf 89' lang='lat' dir='ltr'><strong>amabitur,</strong></span> <span class='ocrx_word' id='word_1_193' title='bbox 3229 1114 3344 1170; x_wconf 85' lang='lat' dir='ltr'><strong>sine</strong></span> <span class='ocrx_word' id='word_1_194' title='bbox 3373 1116 3494 1170; x_wconf 79' lang='lat' dir='ltr'><strong>fati-</strong></span> 
     </span>
    </p>
   </div>
   <div class='ocr_carea' id='block_1_26' title="bbox 1916 1194 3493 1273">
    <p class='ocr_par' dir='ltr' id='par_1_26' title="bbox 1916 1194 3493 1273">
     <span class='ocr_line' id='line_1_26' title="bbox 1916 1194 3493 1273; baseline 0.011 -27"><span class='ocrx_word' id='word_1_195' title='bbox 1916 1194 2129 1263; x_wconf 88' lang='lat' dir='ltr'><strong>gatione</strong></span> <span class='ocrx_word' id='word_1_196' title='bbox 2179 1198 2514 1266; x_wconf 91' lang='lat' dir='ltr'><strong>laudabitur;</strong></span> <span class='ocrx_word' id='word_1_197' title='bbox 2567 1202 2669 1257; x_wconf 85' lang='lat' dir='ltr'><strong>hoc</strong></span> <span class='ocrx_word' id='word_1_198' title='bbox 2714 1219 2926 1270; x_wconf 88' lang='lat' dir='ltr'><strong>munus,</strong></span> <span class='ocrx_word' id='word_1_199' title='bbox 2981 1205 3070 1261; x_wconf 89' lang='lat' dir='ltr'><strong>hic</strong></span> <span class='ocrx_word' id='word_1_200' title='bbox 3110 1208 3352 1273; x_wconf 81' lang='lat' dir='ltr'><strong>affectus,</strong></span> <span class='ocrx_word' id='word_1_201' title='bbox 3407 1209 3493 1264; x_wconf 86' lang='lat' dir='ltr'><strong>hic</strong></span> 
     </span>
    </p>
   </div>
   <div class='ocr_carea' id='block_1_27' title="bbox 1914 1290 3494 1370">
    <p class='ocr_par' dir='ltr' id='par_1_27' title="bbox 1914 1290 3494 1370">
     <span class='ocr_line' id='line_1_27' title="bbox 1914 1290 3494 1370; baseline 0.011 -31"><span class='ocrx_word' id='word_1_202' title='bbox 1914 1299 2065 1343; x_wconf 87' lang='lat' dir='ltr'><strong>actus</strong></span> <span class='ocrx_word' id='word_1_203' title='bbox 2088 1290 2326 1359; x_wconf 86' lang='lat' dir='ltr'><strong>profecto</strong></span> <span class='ocrx_word' id='word_1_204' title='bbox 2355 1295 2459 1347; x_wconf 91' lang='lat' dir='ltr'><strong>erit</strong></span> <span class='ocrx_word' id='word_1_205' title='bbox 2498 1296 2766 1362; x_wconf 88' lang='lat' dir='ltr'><strong>omnibus,</strong></span> <span class='ocrx_word' id='word_1_206' title='bbox 2801 1300 2940 1354; x_wconf 91' lang='lat' dir='ltr'><strong>sicut</strong></span> <span class='ocrx_word' id='word_1_207' title='bbox 2969 1301 3082 1370; x_wconf 89' lang='lat' dir='ltr'><strong>ipsa</strong></span> <span class='ocrx_word' id='word_1_208' title='bbox 3117 1302 3221 1356; x_wconf 88' lang='lat' dir='ltr'><strong>vita</strong></span> <span class='ocrx_word' id='word_1_209' title='bbox 3245 1318 3494 1358; x_wconf 75' lang='lat' dir='ltr'><strong>commu-</strong></span> 
     </span>
    </p>
   </div>
   <div class='ocr_carea' id='block_1_28' title="bbox 1915 1377 3498 1462">
    <p class='ocr_par' dir='ltr' id='par_1_28' title="bbox 1915 1377 3498 1462">
     <span class='ocr_line' id='line_1_28' title="bbox 1915 1377 3498 1462; baseline 0.011 -32"><span class='ocrx_word' id='word_1_210' title='bbox 1915 1377 1999 1431; x_wconf 90' lang='lat' dir='ltr'><strong>nis</strong></span> <span class='ocrx_word' id='word_1_211' title='bbox 2029 1389 2256 1436; x_wconf 67' lang='lat' dir='ltr'><strong>aeterna.</strong></span> <span class='ocrx_word' id='word_1_212' title='bbox 2287 1383 2552 1440; x_wconf 75' lang='lat' dir='ltr'><strong>Caeterum</strong></span> <span class='ocrx_word' id='word_1_213' title='bbox 2579 1389 2668 1456; x_wconf 93' lang='lat' dir='ltr'><strong>qui</strong></span> <span class='ocrx_word' id='word_1_214' title='bbox 2692 1389 2854 1444; x_wconf 90' lang='lat' dir='ltr'><strong>futuri</strong></span> <span class='ocrx_word' id='word_1_215' title='bbox 2879 1392 2984 1444; x_wconf 91' lang='lat' dir='ltr'><strong>sint</strong></span> <span class='ocrx_word' id='word_1_216' title='bbox 3010 1393 3315 1460; x_wconf 88' lang='lat' dir='ltr'><strong>promeritis</strong></span> <span class='ocrx_word' id='word_1_217' title='bbox 3355 1408 3498 1462; x_wconf 69' lang='lat' dir='ltr'><strong>prat-</strong></span> 
     </span>
    </p>
   </div>
   <div class='ocr_carea' id='block_1_29' title="bbox 1913 1467 3488 1551">
    <p class='ocr_par' dir='ltr' id='par_1_29' title="bbox 1913 1467 3488 1551">
     <span class='ocr_line' id='line_1_29' title="bbox 1913 1467 3488 1551; baseline 0.008 -30"><span class='ocrx_word' id='word_1_218' title='bbox 1913 1467 2166 1534; x_wconf 89' lang='lat' dir='ltr'><strong>miorum,</strong></span> <span class='ocrx_word' id='word_1_219' title='bbox 2221 1471 2380 1527; x_wconf 88' lang='lat' dir='ltr'><strong>etiam</strong></span> <span class='ocrx_word' id='word_1_220' title='bbox 2426 1476 2622 1540; x_wconf 85' lang='lat' dir='ltr'><strong>gradus</strong></span> <span class='ocrx_word' id='word_1_221' title='bbox 2666 1477 2928 1532; x_wconf 90' lang='lat' dir='ltr'><strong>honorum</strong></span> <span class='ocrx_word' id='word_1_222' title='bbox 2975 1490 3134 1549; x_wconf 90' lang='lat' dir='ltr'><strong>atque</strong></span> <span class='ocrx_word' id='word_1_223' title='bbox 3172 1482 3488 1551; x_wconf 90' lang='lat' dir='ltr'><strong>gloriarum,</strong></span> 
     </span>
    </p>
   </div>
   <div class='ocr_carea' id='block_1_30' title="bbox 1912 1558 3486 1641">
    <p class='ocr_par' dir='ltr' id='par_1_30' title="bbox 1912 1558 3486 1641">
     <span class='ocr_line' id='line_1_30' title="bbox 1912 1558 3486 1641; baseline 0.011 -32"><span class='ocrx_word' id='word_1_224' title='bbox 1912 1558 2031 1626; x_wconf 84' lang='lat' dir='ltr'><strong>quis</strong></span> <span class='ocrx_word' id='word_1_225' title='bbox 2049 1567 2134 1613; x_wconf 79' lang='lat' dir='ltr'><strong>est</strong></span> <span class='ocrx_word' id='word_1_226' title='bbox 2161 1559 2384 1616; x_wconf 76' lang='lat' dir='ltr'><strong>ideneus</strong></span> <span class='ocrx_word' id='word_1_227' title='bbox 2405 1565 2658 1632; x_wconf 89' lang='lat' dir='ltr'><strong>cogitare,</strong></span> <span class='ocrx_word' id='word_1_228' title='bbox 2685 1579 2883 1636; x_wconf 85' lang='lat' dir='ltr'><strong>quanto</strong></span> <span class='ocrx_word' id='word_1_229' title='bbox 2909 1570 3077 1641; x_wconf 88' lang='lat' dir='ltr'><strong>magis</strong></span> <span class='ocrx_word' id='word_1_230' title='bbox 3099 1570 3314 1626; x_wconf 84' lang='lat' dir='ltr'><strong>dicere?</strong></span> <span class='ocrx_word' id='word_1_231' title='bbox 3336 1572 3486 1637; x_wconf 83' lang='lat' dir='ltr'><strong>Quod</strong></span> 
     </span>
    </p>
   </div>
   <div class='ocr_carea' id='block_1_31' title="bbox 1911 1647 3484 1730">
    <p class='ocr_par' dir='ltr' id='par_1_31' title="bbox 1911 1647 3484 1730">
     <span class='ocr_line' id='line_1_31' title="bbox 1911 1647 3484 1730; baseline 0.01 -31"><span class='ocrx_word' id='word_1_232' title='bbox 1911 1654 2088 1703; x_wconf 84' lang='lat' dir='ltr'><strong>tamen</strong></span> <span class='ocrx_word' id='word_1_233' title='bbox 2109 1647 2270 1704; x_wconf 89' lang='lat' dir='ltr'><strong>futuri</strong></span> <span class='ocrx_word' id='word_1_234' title='bbox 2299 1653 2408 1706; x_wconf 89' lang='lat' dir='ltr'><strong>sint</strong></span> <span class='ocrx_word' id='word_1_235' title='bbox 2425 1670 2528 1708; x_wconf 92' lang='lat' dir='ltr'><strong>non</strong></span> <span class='ocrx_word' id='word_1_236' title='bbox 2552 1665 2631 1709; x_wconf 90' lang='lat' dir='ltr'><strong>est</strong></span> <span class='ocrx_word' id='word_1_237' title='bbox 2653 1658 3051 1728; x_wconf 79' lang='lat' dir='ltr'><strong>ambigendum,</strong></span> <span class='ocrx_word' id='word_1_238' title='bbox 3074 1670 3233 1730; x_wconf 89' lang='lat' dir='ltr'><strong>atque</strong></span> <span class='ocrx_word' id='word_1_239' title='bbox 3249 1661 3300 1717; x_wconf 92' lang='lat' dir='ltr'><strong>id</strong></span> <span class='ocrx_word' id='word_1_240' title='bbox 3324 1663 3484 1718; x_wconf 89' lang='lat' dir='ltr'><strong>etiam</strong></span> 
     </span>
    </p>
   </div>
   <div class='ocr_carea' id='block_1_32' title="bbox 1911 1735 3482 1822">
    <p class='ocr_par' dir='ltr' id='par_1_32' title="bbox 1911 1735 3482 1822">
     <span class='ocr_line' id='line_1_32' title="bbox 1911 1735 3482 1822; baseline 0.011 -32"><span class='ocrx_word' id='word_1_241' title='bbox 1911 1735 2062 1792; x_wconf 87' lang='lat' dir='ltr'><strong>beata</strong></span> <span class='ocrx_word' id='word_1_242' title='bbox 2087 1738 2176 1791; x_wconf 91' lang='lat' dir='ltr'><strong>illa</strong></span> <span class='ocrx_word' id='word_1_243' title='bbox 2204 1740 2390 1794; x_wconf 88' lang='lat' dir='ltr'><strong>civitas</strong></span> <span class='ocrx_word' id='word_1_244' title='bbox 2419 1758 2668 1813; x_wconf 84' lang='lat' dir='ltr'><strong>magnum</strong></span> <span class='ocrx_word' id='word_1_245' title='bbox 2695 1746 2745 1800; x_wconf 93' lang='lat' dir='ltr'><strong>in</strong></span> <span class='ocrx_word' id='word_1_246' title='bbox 2777 1764 2838 1805; x_wconf 89' lang='lat' dir='ltr'><strong>se</strong></span> <span class='ocrx_word' id='word_1_247' title='bbox 2864 1749 3060 1806; x_wconf 91' lang='lat' dir='ltr'><strong>bonum</strong></span> <span class='ocrx_word' id='word_1_248' title='bbox 3091 1751 3317 1819; x_wconf 87' lang='lat' dir='ltr'><strong>videbit,</strong></span> <span class='ocrx_word' id='word_1_249' title='bbox 3342 1755 3482 1822; x_wconf 91' lang='lat' dir='ltr'><strong>quod</strong></span> 
     </span>
    </p>
   </div>
   <div class='ocr_carea' id='block_1_33' title="bbox 229 1827 3483 1912">
    <p class='ocr_par' dir='ltr' id='par_1_33' title="bbox 229 1827 3483 1912">
     <span class='ocr_line' id='line_1_33' title="bbox 229 1827 3483 1912; baseline 0.013 -57"><span class='ocrx_word' id='word_1_250' title='bbox 229 1843 572 1898; x_wconf 64' lang='lat' dir='ltr'><strong>quocumque</strong></span> <span class='ocrx_word' id='word_1_251' title='bbox 601 1830 796 1886; x_wconf 58' lang='lat' dir='ltr'><strong>fuerim</strong></span> <span class='ocrx_word' id='word_1_252' title='bbox 825 1837 1080 1900; x_wconf 52' lang='lat' dir='ltr'><strong>spiritalis</strong></span> <span class='ocrx_word' id='word_1_253' title='bbox 1113 1840 1354 1908; x_wconf 59' lang='lat' dir='ltr'><strong>corporis</strong></span> <span class='ocrx_word' id='word_1_254' title='bbox 1377 1842 1516 1896; x_wconf 69' lang='lat' dir='ltr'><strong>oculi</strong></span> <span class='ocrx_word' id='word_1_255' title='bbox 1546 1844 1662 1898; x_wconf 66' lang='lat' dir='ltr'><strong>acie</strong></span> <span class='ocrx_word' id='word_1_256' title='bbox 1688 1858 1806 1912; x_wconf 61' lang='lat' dir='ltr'><strong>per-</strong></span> <span class='ocrx_word' id='word_1_257' title='bbox 1841 1840 1888 1900; x_wconf 74' lang='grc' dir='ltr'><strong><em>Β</em></strong></span> <span class='ocrx_word' id='word_1_258' title='bbox 1913 1827 2041 1882; x_wconf 90' lang='lat' dir='ltr'><strong>nulli</strong></span> <span class='ocrx_word' id='word_1_259' title='bbox 2077 1831 2338 1898; x_wconf 89' lang='lat' dir='ltr'><strong>superiori</strong></span> <span class='ocrx_word' id='word_1_260' title='bbox 2382 1833 2519 1888; x_wconf 90' lang='lat' dir='ltr'><strong>ullus</strong></span> <span class='ocrx_word' id='word_1_261' title='bbox 2566 1835 2787 1891; x_wconf 88' lang='lat' dir='ltr'><strong>inferior</strong></span> <span class='ocrx_word' id='word_1_262' title='bbox 2827 1840 3116 1907; x_wconf 83' lang='lat' dir='ltr'><strong>invidebit,</strong></span> <span class='ocrx_word' id='word_1_263' title='bbox 3161 1843 3299 1897; x_wconf 91' lang='lat' dir='ltr'><strong>sicut</strong></span> <span class='ocrx_word' id='word_1_264' title='bbox 3341 1859 3483 1898; x_wconf 91' lang='lat' dir='ltr'><strong>nunc</strong></span> 
     </span>
    </p>
   </div>
   <div class='ocr_carea' id='block_1_34' title="bbox 228 1923 1806 2002">
    <p class='ocr_par' dir='ltr' id='par_1_34' title="bbox 228 1923 1806 2002">
     <span class='ocr_line' id='line_1_34' title="bbox 228 1923 1806 2002; baseline 0.012 -29"><span class='ocrx_word' id='word_1_265' title='bbox 228 1923 483 1977; x_wconf 80' lang='lat' dir='ltr'><strong>veniente</strong></span> <span class='ocrx_word' id='word_1_266' title='bbox 505 1925 715 1980; x_wconf 72' lang='lat' dir='ltr'><strong>direcri.</strong></span> <span class='ocrx_word' id='word_1_267' title='bbox 744 1928 1006 1983; x_wconf 87' lang='lat' dir='ltr'><strong>Patebunt</strong></span> <span class='ocrx_word' id='word_1_268' title='bbox 1041 1932 1202 1985; x_wconf 88' lang='lat' dir='ltr'><strong>etiam</strong></span> <span class='ocrx_word' id='word_1_269' title='bbox 1225 1933 1579 2002; x_wconf 84' lang='lat' dir='ltr'><strong>cogitationes</strong></span> <span class='ocrx_word' id='word_1_270' title='bbox 1609 1947 1806 1992; x_wconf 72' lang='lat' dir='ltr'><strong>nostra:</strong></span> 
     </span>
    </p>
   </div>
   <div class='ocr_carea' id='block_1_35' title="bbox 228 2013 1806 2094">
    <p class='ocr_par' dir='ltr' id='par_1_35' title="bbox 228 2013 1806 2094">
     <span class='ocr_line' id='line_1_35' title="bbox 228 2013 1806 2094; baseline 0.012 -31"><span class='ocrx_word' id='word_1_271' title='bbox 228 2013 463 2066; x_wconf 82' lang='lat' dir='ltr'><strong>invicem</strong></span> <span class='ocrx_word' id='word_1_272' title='bbox 487 2015 639 2069; x_wconf 89' lang='lat' dir='ltr'><strong>nobis</strong></span> <span class='ocrx_word' id='word_1_273' title='bbox 669 2031 683 2066; x_wconf 86' lang='lat'><strong>:</strong></span> <span class='ocrx_word' id='word_1_274' title='bbox 717 2025 840 2071; x_wconf 91' lang='lat' dir='ltr'><strong>tunc</strong></span> <span class='ocrx_word' id='word_1_275' title='bbox 865 2019 1006 2073; x_wconf 86' lang='lat' dir='ltr'><strong>enim</strong></span> <span class='ocrx_word' id='word_1_276' title='bbox 1032 2020 1332 2090; x_wconf 88' lang='lat' dir='ltr'><strong>implebitur</strong></span> <span class='ocrx_word' id='word_1_277' title='bbox 1355 2025 1496 2092; x_wconf 90' lang='lat' dir='ltr'><strong>quod</strong></span> <span class='ocrx_word' id='word_1_278' title='bbox 1518 2027 1806 2094; x_wconf 81' lang='lat' dir='ltr'><strong>Apostolus</strong></span> 
     </span>
    </p>
   </div>
   <div class='ocr_carea' id='block_1_36' title="bbox 227 2103 1800 2186">
    <p class='ocr_par' dir='ltr' id='par_1_36' title="bbox 227 2103 1800 2186">
     <span class='ocr_line' id='line_1_36' title="bbox 227 2103 1800 2186; baseline 0.012 -31"><span class='ocrx_word' id='word_1_279' title='bbox 227 2118 353 2156; x_wconf 88' lang='lat' dir='ltr'><strong>cum</strong></span> <span class='ocrx_word' id='word_1_280' title='bbox 373 2103 593 2158; x_wconf 80' lang='lat' dir='ltr'><strong>dixisset</strong></span> <span class='ocrx_word' id='word_1_281' title='bbox 617 2123 628 2157; x_wconf 87' lang='lat'><strong>:</strong></span> <span class='ocrx_word' id='word_1_282' title='bbox 653 2106 825 2161; x_wconf 83' lang='lat' dir='ltr'><strong>Nolite</strong></span> <span class='ocrx_word' id='word_1_283' title='bbox 841 2117 966 2164; x_wconf 86' lang='lat' dir='ltr'><strong>ante</strong></span> <span class='ocrx_word' id='word_1_284' title='bbox 990 2119 1198 2180; x_wconf 90' lang='lat' dir='ltr'><strong>tempus</strong></span> <span class='ocrx_word' id='word_1_285' title='bbox 1221 2112 1510 2184; x_wconf 91' lang='lat' dir='ltr'><strong>quidquam</strong></span> <span class='ocrx_word' id='word_1_286' title='bbox 1529 2115 1800 2186; x_wconf 87' lang='lat' dir='ltr'><strong>judicare;</strong></span> 
     </span>
    </p>
   </div>
   <div class='ocr_carea' id='block_1_37' title="bbox 227 2195 1807 2267">
    <p class='ocr_par' dir='ltr' id='par_1_37' title="bbox 227 2195 1807 2267">
     <span class='ocr_line' id='line_1_37' title="bbox 227 2195 1807 2267; baseline 0.014 -22"><span class='ocrx_word' id='word_1_287' title='bbox 227 2209 353 2246; x_wconf 89' lang='lat' dir='ltr'><strong>mox</strong></span> <span class='ocrx_word' id='word_1_288' title='bbox 400 2195 603 2250; x_wconf 88' lang='lat' dir='ltr'><strong>addidit</strong></span> <span class='ocrx_word' id='word_1_289' title='bbox 645 2215 656 2248; x_wconf 91' lang='lat'><strong>:</strong></span> <span class='ocrx_word' id='word_1_290' title='bbox 712 2199 887 2255; x_wconf 89' lang='lat' dir='ltr'><strong>Donec</strong></span> <span class='ocrx_word' id='word_1_291' title='bbox 924 2203 1102 2257; x_wconf 80' lang='lat' dir='ltr'><strong>veniat</strong></span> <span class='ocrx_word' id='word_1_292' title='bbox 1145 2204 1402 2261; x_wconf 85' lang='lat' dir='ltr'><strong>Dominus</strong></span> <span class='ocrx_word' id='word_1_293' title='bbox 1443 2219 1497 2263; x_wconf 91' lang='lat' dir='ltr'><strong>et</strong></span> <span class='ocrx_word' id='word_1_294' title='bbox 1542 2210 1807 2267; x_wconf 91' lang='lat' dir='ltr'><strong>illuminet</strong></span> 
     </span>
    </p>
   </div>
   <div class='ocr_carea' id='block_1_38' title="bbox 227 2282 1806 2369">
    <p class='ocr_par' dir='ltr' id='par_1_38' title="bbox 227 2282 1806 2369">
     <span class='ocr_line' id='line_1_38' title="bbox 227 2282 1806 2369; baseline 0.016 -36"><span class='ocrx_word' id='word_1_295' title='bbox 227 2282 544 2339; x_wconf 88' lang='lat' dir='ltr'><strong>abscondita</strong></span> <span class='ocrx_word' id='word_1_296' title='bbox 577 2287 945 2356; x_wconf 90' lang='lat' dir='ltr'><strong>tenebrarum,</strong></span> <span class='ocrx_word' id='word_1_297' title='bbox 987 2305 1034 2345; x_wconf 91' lang='lat' dir='ltr'><strong>et</strong></span> <span class='ocrx_word' id='word_1_298' title='bbox 1068 2296 1428 2350; x_wconf 89' lang='lat' dir='ltr'><strong>manifestabit</strong></span> <span class='ocrx_word' id='word_1_299' title='bbox 1454 2301 1806 2369; x_wconf 85' lang='lat' dir='ltr'><strong>cogitationes</strong></span> 
     </span>
    </p>
   </div>
   <div class='ocr_carea' id='block_1_39' title="bbox 225 2375 1473 2455">
    <p class='ocr_par' dir='ltr' id='par_1_39' title="bbox 225 2375 1473 2455">
     <span class='ocr_line' id='line_1_39' title="bbox 225 2375 1473 2455; baseline 0.014 -27"><span class='ocrx_word' id='word_1_300' title='bbox 225 2375 433 2443; x_wconf 85' lang='lat' dir='ltr'><strong>cordis,</strong></span> <span class='ocrx_word' id='word_1_301' title='bbox 470 2387 518 2432; x_wconf 92' lang='lat' dir='ltr'><strong>et</strong></span> <span class='ocrx_word' id='word_1_302' title='bbox 561 2389 682 2433; x_wconf 90' lang='lat' dir='ltr'><strong>tunc</strong></span> <span class='ocrx_word' id='word_1_303' title='bbox 713 2382 827 2434; x_wconf 88' lang='lat' dir='ltr'><strong>laus</strong></span> <span class='ocrx_word' id='word_1_304' title='bbox 850 2383 950 2437; x_wconf 89' lang='lat' dir='ltr'><strong>erit</strong></span> <span class='ocrx_word' id='word_1_305' title='bbox 980 2386 1264 2455; x_wconf 87' lang='lat' dir='ltr'><strong>unicuique</strong></span> <span class='ocrx_word' id='word_1_306' title='bbox 1286 2403 1314 2441; x_wconf 93' lang='lat' dir='ltr'><strong>a</strong></span> <span class='ocrx_word' id='word_1_307' title='bbox 1343 2389 1473 2445; x_wconf 91' lang='lat' dir='ltr'><strong>Deo.</strong></span> 
     </span>
    </p>
   </div>
   <div class='ocr_carea' id='block_1_40' title="bbox 767 2503 1273 2562">
    <p class='ocr_par' dir='ltr' id='par_1_40' title="bbox 767 2503 1273 2562">
     <span class='ocr_line' id='line_1_40' title="bbox 767 2503 1273 2562; baseline 0.012 -6"><span class='ocrx_word' id='word_1_308' title='bbox 767 2503 989 2559; x_wconf 81' lang='lat' dir='ltr'><strong>CAPUT</strong></span> <span class='ocrx_word' id='word_1_309' title='bbox 1045 2506 1273 2562; x_wconf 83' lang='lat' dir='ltr'><strong>CLXVI.</strong></span> 
     </span>
    </p>
   </div>
   <div class='ocr_carea' id='block_1_41' title="bbox 225 2603 1804 2693">
    <p class='ocr_par' dir='ltr' id='par_1_41' title="bbox 225 2603 1804 2693">
     <span class='ocr_line' id='line_1_41' title="bbox 225 2603 1804 2693; baseline 0.015 -36"><span class='ocrx_word' id='word_1_310' title='bbox 225 2603 300 2658; x_wconf 75' lang='lat' dir='ltr'><strong>De</strong></span> <span class='ocrx_word' id='word_1_311' title='bbox 347 2616 539 2660; x_wconf 64' lang='lat' dir='ltr'><strong>aeterna</strong></span> <span class='ocrx_word' id='word_1_312' title='bbox 576 2611 822 2693; x_wconf 60' lang='lat' dir='ltr'><strong>felicitate.</strong></span> <span class='ocrx_word' id='word_1_313' title='bbox 853 2615 1081 2693; x_wconf 64' lang='lat' dir='ltr'><strong>Civitatis</strong></span> <span class='ocrx_word' id='word_1_314' title='bbox 1111 2615 1225 2693; x_wconf 65' lang='lat' dir='ltr'><strong>Dei,</strong></span> <span class='ocrx_word' id='word_1_315' title='bbox 1259 2620 1587 2693; x_wconf 72' lang='lat' dir='ltr'><strong>§abbatoque</strong></span> <span class='ocrx_word' id='word_1_316' title='bbox 1627 2641 1804 2693; x_wconf 78' lang='lat' dir='ltr'><strong>perpe-</strong></span> 
     </span>
    </p>
   </div>
   <div class='ocr_carea' id='block_1_42' title="bbox 433 2683 1604 2747">
    <p class='ocr_par' dir='ltr' id='par_1_42' title="bbox 433 2683 1604 2747">
     <span class='ocr_line' id='line_1_42' title="bbox 433 2683 1604 2747; baseline 0.015 -19"><span class='ocrx_word' id='word_1_317' title='bbox 433 2689 546 2741; x_wconf 81' lang='lat' dir='ltr'><strong>tua,</strong></span> <span class='ocrx_word' id='word_1_318' title='bbox 578 2698 638 2733; x_wconf 82' lang='lat' dir='ltr'><strong>ex</strong></span> <span class='ocrx_word' id='word_1_319' title='bbox 659 2683 834 2736; x_wconf 81' lang='lat' dir='ltr'><strong>eodem</strong></span> <span class='ocrx_word' id='word_1_320' title='bbox 857 2687 984 2738; x_wconf 82' lang='lat' dir='ltr'><strong>libro</strong></span> <span class='ocrx_word' id='word_1_321' title='bbox 1017 2703 1124 2741; x_wconf 84' lang='lat' dir='ltr'><strong>xxtt</strong></span> <span class='ocrx_word' id='word_1_322' title='bbox 1155 2691 1217 2742; x_wconf 87' lang='lat' dir='ltr'><strong>de</strong></span> <span class='ocrx_word' id='word_1_323' title='bbox 1246 2689 1460 2745; x_wconf 84' lang='lat' dir='ltr'><strong>Civilate</strong></span> <span class='ocrx_word' id='word_1_324' title='bbox 1493 2683 1604 2747; x_wconf 76' lang='lat' dir='ltr'><strong>Dei.</strong></span> 
     </span>
    </p>
   </div>
   <div class='ocr_carea' id='block_1_43' title="bbox 292 2789 1802 2876">
    <p class='ocr_par' dir='ltr' id='par_1_43' title="bbox 292 2789 1802 2876">
     <span class='ocr_line' id='line_1_43' title="bbox 292 2789 1802 2876; baseline 0.019 -41"><span class='ocrx_word' id='word_1_325' title='bbox 292 2789 510 2852; x_wconf 87' lang='lat' dir='ltr'><strong>Quanta</strong></span> <span class='ocrx_word' id='word_1_326' title='bbox 539 2793 642 2845; x_wconf 88' lang='lat' dir='ltr'><strong>erit</strong></span> <span class='ocrx_word' id='word_1_327' title='bbox 674 2793 759 2846; x_wconf 89' lang='lat' dir='ltr'><strong>illa</strong></span> <span class='ocrx_word' id='word_1_328' title='bbox 791 2795 1043 2865; x_wconf 89' lang='lat' dir='ltr'><strong>felicitas,</strong></span> <span class='ocrx_word' id='word_1_329' title='bbox 1092 2800 1179 2854; x_wconf 90' lang='lat' dir='ltr'><strong>ubi</strong></span> <span class='ocrx_word' id='word_1_330' title='bbox 1212 2802 1415 2857; x_wconf 93' lang='lat' dir='ltr'><strong>nullum</strong></span> <span class='ocrx_word' id='word_1_331' title='bbox 1449 2806 1552 2860; x_wconf 90' lang='lat' dir='ltr'><strong>erit</strong></span> <span class='ocrx_word' id='word_1_332' title='bbox 1582 2809 1802 2876; x_wconf 90' lang='lat' dir='ltr'><strong>malum,</strong></span> 
     </span>
    </p>
   </div>
   <div class='ocr_carea' id='block_1_44' title="bbox 222 2879 1803 2966">
    <p class='ocr_par' dir='ltr' id='par_1_44' title="bbox 222 2879 1803 2966">
     <span class='ocr_line' id='line_1_44' title="bbox 222 2879 1803 2966; baseline 0.015 -36"><span class='ocrx_word' id='word_1_333' title='bbox 222 2879 432 2931; x_wconf 88' lang='lat' dir='ltr'><strong>nullum</strong></span> <span class='ocrx_word' id='word_1_334' title='bbox 481 2881 663 2935; x_wconf 86' lang='lat' dir='ltr'><strong>latebit</strong></span> <span class='ocrx_word' id='word_1_335' title='bbox 705 2883 936 2950; x_wconf 89' lang='lat' dir='ltr'><strong>bonum,</strong></span> <span class='ocrx_word' id='word_1_336' title='bbox 988 2890 1262 2944; x_wconf 90' lang='lat' dir='ltr'><strong>vacabitur</strong></span> <span class='ocrx_word' id='word_1_337' title='bbox 1307 2893 1402 2948; x_wconf 91' lang='lat' dir='ltr'><strong>Dei</strong></span> <span class='ocrx_word' id='word_1_338' title='bbox 1443 2894 1689 2952; x_wconf 88' lang='lat' dir='ltr'><strong>laudibus</strong></span> <span class='ocrx_word' id='word_1_339' title='bbox 1715 2902 1803 2966; x_wconf 89' lang='lat' dir='ltr'><strong>qui</strong></span> 
     </span>
    </p>
   </div>
   <div class='ocr_carea' id='block_1_45' title="bbox 222 2969 1803 3056">
    <p class='ocr_par' dir='ltr' id='par_1_45' title="bbox 222 2969 1803 3056">
     <span class='ocr_line' id='line_1_45' title="bbox 222 2969 1803 3056; baseline 0.015 -36"><span class='ocrx_word' id='word_1_340' title='bbox 222 2969 325 3022; x_wconf 90' lang='lat' dir='ltr'><strong>erit</strong></span> <span class='ocrx_word' id='word_1_341' title='bbox 355 2972 532 3023; x_wconf 89' lang='lat' dir='ltr'><strong>omnia</strong></span> <span class='ocrx_word' id='word_1_342' title='bbox 567 2972 616 3025; x_wconf 94' lang='lat' dir='ltr'><strong>iu</strong></span> <span class='ocrx_word' id='word_1_343' title='bbox 649 2975 928 3030; x_wconf 86' lang='lat' dir='ltr'><strong>omnibus!</strong></span> <span class='ocrx_word' id='word_1_344' title='bbox 963 2978 1094 3033; x_wconf 84' lang='lat' dir='ltr'><strong>Nam</strong></span> <span class='ocrx_word' id='word_1_345' title='bbox 1134 2980 1259 3048; x_wconf 90' lang='lat' dir='ltr'><strong>quid</strong></span> <span class='ocrx_word' id='word_1_346' title='bbox 1292 2984 1436 3038; x_wconf 91' lang='lat' dir='ltr'><strong>aliud</strong></span> <span class='ocrx_word' id='word_1_347' title='bbox 1479 2995 1688 3056; x_wconf 89' lang='lat' dir='ltr'><strong>agatur,</strong></span> <span class='ocrx_word' id='word_1_348' title='bbox 1718 2990 1803 3044; x_wconf 91' lang='lat' dir='ltr'><strong>ubi</strong></span> 
     </span>
    </p>
   </div>
   <div class='ocr_carea' id='block_1_46' title="bbox 223 3060 1804 3146">
    <p class='ocr_par' dir='ltr' id='par_1_46' title="bbox 223 3060 1804 3146">
     <span class='ocr_line' id='line_1_46' title="bbox 223 3060 1804 3146; baseline 0.016 -38"><span class='ocrx_word' id='word_1_349' title='bbox 223 3072 402 3126; x_wconf 85' lang='lat' dir='ltr'><strong>neque</strong></span> <span class='ocrx_word' id='word_1_350' title='bbox 450 3061 555 3112; x_wconf 87' lang='lat' dir='ltr'><strong>ulla</strong></span> <span class='ocrx_word' id='word_1_351' title='bbox 597 3060 797 3116; x_wconf 86' lang='lat' dir='ltr'><strong>desidia</strong></span> <span class='ocrx_word' id='word_1_352' title='bbox 828 3067 1128 3121; x_wconf 90' lang='lat' dir='ltr'><strong>cessabitur</strong></span> <span class='ocrx_word' id='word_1_353' title='bbox 1158 3086 1332 3139; x_wconf 88' lang='lat' dir='ltr'><strong>neque</strong></span> <span class='ocrx_word' id='word_1_354' title='bbox 1363 3074 1470 3127; x_wconf 89' lang='lat' dir='ltr'><strong>ulla</strong></span> <span class='ocrx_word' id='word_1_355' title='bbox 1517 3076 1804 3146; x_wconf 86' lang='lat' dir='ltr'><strong>indigentia</strong></span> 
     </span>
    </p>
   </div>
   <div class='ocr_carea' id='block_1_47' title="bbox 225 3147 1800 3223">
    <p class='ocr_par' dir='ltr' id='par_1_47' title="bbox 225 3147 1800 3223">
     <span class='ocr_line' id='line_1_47' title="bbox 225 3147 1800 3223; baseline 0.016 -24"><span class='ocrx_word' id='word_1_356' title='bbox 225 3147 585 3216; x_wconf 88' lang='lat' dir='ltr'><strong>laborabitur,</strong></span> <span class='ocrx_word' id='word_1_357' title='bbox 637 3154 818 3207; x_wconf 86' lang='lat' dir='ltr'><strong>nescio</strong></span> <span class='ocrx_word' id='word_1_358' title='bbox 852 3172 862 3204; x_wconf 96' lang='lat'>:</span> <span class='ocrx_word' id='word_1_359' title='bbox 893 3156 1185 3213; x_wconf 89' lang='lat' dir='ltr'><strong>admoneor</strong></span> <span class='ocrx_word' id='word_1_360' title='bbox 1235 3163 1394 3216; x_wconf 89' lang='lat' dir='ltr'><strong>etiam</strong></span> <span class='ocrx_word' id='word_1_361' title='bbox 1437 3178 1623 3220; x_wconf 91' lang='lat' dir='ltr'><strong>sancto</strong></span> <span class='ocrx_word' id='word_1_362' title='bbox 1659 3169 1800 3223; x_wconf 84' lang='lat' dir='ltr'><strong>Can-</strong></span> 
     </span>
    </p>
   </div>
   <div class='ocr_carea' id='block_1_48' title="bbox 225 3237 1798 3321">
    <p class='ocr_par' dir='ltr' id='par_1_48' title="bbox 225 3237 1798 3321">
     <span class='ocr_line' id='line_1_48' title="bbox 225 3237 1798 3321; baseline 0.015 -29"><span class='ocrx_word' id='word_1_363' title='bbox 225 3237 356 3305; x_wconf 88' lang='lat' dir='ltr'><strong>tico,</strong></span> <span class='ocrx_word' id='word_1_364' title='bbox 387 3241 472 3293; x_wconf 93' lang='lat' dir='ltr'><strong>ubi</strong></span> <span class='ocrx_word' id='word_1_365' title='bbox 504 3241 623 3310; x_wconf 83' lang='lat' dir='ltr'><strong>lego</strong></span> <span class='ocrx_word' id='word_1_366' title='bbox 653 3245 734 3297; x_wconf 68' lang='grc' dir='ltr'><strong>νυι</strong></span> <span class='ocrx_word' id='word_1_367' title='bbox 765 3246 922 3300; x_wconf 87' lang='lat' dir='ltr'><strong>audio</strong></span> <span class='ocrx_word' id='word_1_368' title='bbox 954 3265 966 3300; x_wconf 87' lang='lat'><strong>:</strong></span> <span class='ocrx_word' id='word_1_369' title='bbox 997 3249 1140 3305; x_wconf 89' lang='lat' dir='ltr'><strong>Beati</strong></span> <span class='ocrx_word' id='word_1_370' title='bbox 1164 3257 1252 3321; x_wconf 83' lang='lat' dir='ltr'><strong>qui</strong></span> <span class='ocrx_word' id='word_1_371' title='bbox 1284 3255 1523 3311; x_wconf 88' lang='lat' dir='ltr'><strong>habitant</strong></span> <span class='ocrx_word' id='word_1_372' title='bbox 1554 3258 1606 3311; x_wconf 91' lang='lat' dir='ltr'><strong>in</strong></span> <span class='ocrx_word' id='word_1_373' title='bbox 1638 3260 1798 3316; x_wconf 90' lang='lat' dir='ltr'><strong>domo</strong></span> 
     </span>
    </p>
   </div>
   <div class='ocr_carea' id='block_1_49' title="bbox 224 3328 1798 3406">
    <p class='ocr_par' dir='ltr' id='par_1_49' title="bbox 224 3328 1798 3406">
     <span class='ocr_line' id='line_1_49' title="bbox 224 3328 1798 3406; baseline 0.018 -29"><span class='ocrx_word' id='word_1_374' title='bbox 224 3338 308 3379; x_wconf 88' lang='lat' dir='ltr'><strong>tua</strong></span> <span class='ocrx_word' id='word_1_375' title='bbox 353 3328 656 3401; x_wconf 82' lang='lat' dir='ltr'><strong>[Domine];</strong></span> <span class='ocrx_word' id='word_1_376' title='bbox 702 3332 752 3386; x_wconf 91' lang='lat' dir='ltr'><strong>in</strong></span> <span class='ocrx_word' id='word_1_377' title='bbox 794 3339 987 3390; x_wconf 67' lang='lat' dir='ltr'><strong>sarcula</strong></span> <span class='ocrx_word' id='word_1_378' title='bbox 1041 3341 1354 3397; x_wconf 69' lang='lat' dir='ltr'><strong>smculorum</strong></span> <span class='ocrx_word' id='word_1_379' title='bbox 1401 3347 1688 3402; x_wconf 84' lang='lat' dir='ltr'><strong>laudabunt</strong></span> <span class='ocrx_word' id='word_1_380' title='bbox 1726 3361 1798 3406; x_wconf 91' lang='lat' dir='ltr'><strong>te.</strong></span> 
     </span>
    </p>
   </div>
   <div class='ocr_carea' id='block_1_50' title="bbox 221 3416 1794 3508">
    <p class='ocr_par' dir='ltr' id='par_1_50' title="bbox 221 3416 1794 3508">
     <span class='ocr_line' id='line_1_50' title="bbox 221 3416 1794 3508; baseline 0.018 -40"><span class='ocrx_word' id='word_1_381' title='bbox 221 3416 413 3470; x_wconf 87' lang='lat' dir='ltr'><strong>Omnia</strong></span> <span class='ocrx_word' id='word_1_382' title='bbox 443 3422 680 3475; x_wconf 86' lang='lat' dir='ltr'><strong>membra</strong></span> <span class='ocrx_word' id='word_1_383' title='bbox 724 3433 778 3476; x_wconf 93' lang='lat' dir='ltr'><strong>et</strong></span> <span class='ocrx_word' id='word_1_384' title='bbox 823 3426 1022 3481; x_wconf 81' lang='lat' dir='ltr'><strong>viscera</strong></span> <span class='ocrx_word' id='word_1_385' title='bbox 1053 3429 1468 3500; x_wconf 89' lang='lat' dir='ltr'><strong>incorruptibilis</strong></span> <span class='ocrx_word' id='word_1_386' title='bbox 1516 3442 1756 3508; x_wconf 91' lang='lat' dir='ltr'><strong>corporis</strong></span> <span class='ocrx_word' id='word_1_387' title='bbox 1781 3486 1794 3506; x_wconf 93' lang='lat'><strong>,</strong></span> 
     </span>
    </p>
   </div>
   <div class='ocr_carea' id='block_1_51' title="bbox 220 3515 1799 3588">
    <p class='ocr_par' dir='ltr' id='par_1_51' title="bbox 220 3515 1799 3588">
     <span class='ocr_line' id='line_1_51' title="bbox 220 3515 1799 3588; baseline 0.016 -25"><span class='ocrx_word' id='word_1_388' title='bbox 220 3527 339 3578; x_wconf 62' lang='lat' dir='ltr'><strong>qua</strong></span> <span class='ocrx_word' id='word_1_389' title='bbox 362 3529 503 3567; x_wconf 90' lang='lat' dir='ltr'><strong>nunc</strong></span> <span class='ocrx_word' id='word_1_390' title='bbox 523 3515 760 3570; x_wconf 81' lang='lat' dir='ltr'><strong>videmus</strong></span> <span class='ocrx_word' id='word_1_391' title='bbox 787 3534 877 3585; x_wconf 91' lang='lat' dir='ltr'><strong>per</strong></span> <span class='ocrx_word' id='word_1_392' title='bbox 896 3535 1022 3574; x_wconf 90' lang='lat' dir='ltr'><strong>usus</strong></span> <span class='ocrx_word' id='word_1_393' title='bbox 1047 3525 1387 3580; x_wconf 82' lang='lat' dir='ltr'><strong>necessitatis</strong></span> <span class='ocrx_word' id='word_1_394' title='bbox 1420 3531 1596 3586; x_wconf 89' lang='lat' dir='ltr'><strong>varios</strong></span> <span class='ocrx_word' id='word_1_395' title='bbox 1619 3532 1799 3588; x_wconf 84' lang='lat' dir='ltr'><strong>distri-</strong></span> 
     </span>
    </p>
   </div>
   <div class='ocr_carea' id='block_1_52' title="bbox 222 3603 1794 3690">
    <p class='ocr_par' dir='ltr' id='par_1_52' title="bbox 222 3603 1794 3690">
     <span class='ocr_line' id='line_1_52' title="bbox 222 3603 1794 3690; baseline 0.018 -37"><span class='ocrx_word' id='word_1_396' title='bbox 222 3603 368 3666; x_wconf 87' lang='lat' dir='ltr'><strong>buta,</strong></span> <span class='ocrx_word' id='word_1_397' title='bbox 421 3606 670 3673; x_wconf 91' lang='lat' dir='ltr'><strong>quoniam</strong></span> <span class='ocrx_word' id='word_1_398' title='bbox 719 3617 844 3664; x_wconf 94' lang='lat' dir='ltr'><strong>tunc</strong></span> <span class='ocrx_word' id='word_1_399' title='bbox 889 3627 996 3665; x_wconf 94' lang='lat' dir='ltr'><strong>non</strong></span> <span class='ocrx_word' id='word_1_400' title='bbox 1043 3616 1146 3668; x_wconf 88' lang='lat' dir='ltr'><strong>erit</strong></span> <span class='ocrx_word' id='word_1_401' title='bbox 1189 3616 1299 3685; x_wconf 88' lang='lat' dir='ltr'><strong>ipsa</strong></span> <span class='ocrx_word' id='word_1_402' title='bbox 1350 3623 1660 3690; x_wconf 81' lang='lat' dir='ltr'><strong>necessitas,</strong></span> <span class='ocrx_word' id='word_1_403' title='bbox 1702 3627 1794 3681; x_wconf 89' lang='lat' dir='ltr'><strong>sed</strong></span> 
     </span>
    </p>
   </div>
   <div class='ocr_carea' id='block_1_53' title="bbox 223 3696 1797 3788">
    <p class='ocr_par' dir='ltr' id='par_1_53' title="bbox 223 3696 1797 3788">
     <span class='ocr_line' id='line_1_53' title="bbox 223 3696 1797 3788; baseline 0.017 -41"><span class='ocrx_word' id='word_1_404' title='bbox 223 3696 375 3760; x_wconf 88' lang='lat' dir='ltr'><strong>plena</strong></span> <span class='ocrx_word' id='word_1_405' title='bbox 401 3709 552 3752; x_wconf 90' lang='lat' dir='ltr'><strong>certe</strong></span> <span class='ocrx_word' id='word_1_406' title='bbox 579 3703 836 3756; x_wconf 88' lang='lat' dir='ltr'><strong>securitas</strong></span> <span class='ocrx_word' id='word_1_407' title='bbox 861 3702 974 3774; x_wconf 89' lang='lat' dir='ltr'><strong>[sed</strong></span> <span class='ocrx_word' id='word_1_408' title='bbox 1007 3708 1182 3777; x_wconf 91' lang='lat' dir='ltr'><strong>plena,</strong></span> <span class='ocrx_word' id='word_1_409' title='bbox 1215 3721 1382 3778; x_wconf 88' lang='lat' dir='ltr'><strong>certa,</strong></span> <span class='ocrx_word' id='word_1_410' title='bbox 1407 3717 1638 3788; x_wconf 88' lang='lat' dir='ltr'><strong>secura,]</strong></span> <span class='ocrx_word' id='word_1_411' title='bbox 1662 3734 1797 3773; x_wconf 91' lang='lat' dir='ltr'><strong>sem-</strong></span> 
     </span>
    </p>
   </div>
   <div class='ocr_carea' id='block_1_54' title="bbox 221 3786 1795 3863">
    <p class='ocr_par' dir='ltr' id='par_1_54' title="bbox 221 3786 1795 3863">
     <span class='ocr_line' id='line_1_54' title="bbox 221 3786 1795 3863; baseline 0.018 -28"><span class='ocrx_word' id='word_1_412' title='bbox 221 3786 434 3852; x_wconf 88' lang='lat' dir='ltr'><strong>piterna</strong></span> <span class='ocrx_word' id='word_1_413' title='bbox 483 3787 754 3844; x_wconf 89' lang='lat' dir='ltr'><strong>felicitas:</strong></span> <span class='ocrx_word' id='word_1_414' title='bbox 791 3795 1073 3860; x_wconf 80' lang='lat' dir='ltr'><strong>proﬁcient</strong></span> <span class='ocrx_word' id='word_1_415' title='bbox 1125 3799 1369 3855; x_wconf 88' lang='lat' dir='ltr'><strong>laudibus</strong></span> <span class='ocrx_word' id='word_1_416' title='bbox 1425 3804 1540 3858; x_wconf 91' lang='lat' dir='ltr'><strong>Dei.</strong></span> <span class='ocrx_word' id='word_1_417' title='bbox 1597 3786 1795 3863; x_wconf 81' lang='lat' dir='ltr'><strong>Omnes</strong></span> 
     </span>
    </p>
   </div>
   <div class='ocr_carea' id='block_1_55' title="bbox 220 3875 1795 3960">
    <p class='ocr_par' dir='ltr' id='par_1_55' title="bbox 220 3875 1795 3960">
     <span class='ocr_line' id='line_1_55' title="bbox 220 3875 1795 3960; baseline 0.017 -35"><span class='ocrx_word' id='word_1_418' title='bbox 220 3875 421 3943; x_wconf 78' lang='lat' dir='ltr'><strong>quippe</strong></span> <span class='ocrx_word' id='word_1_419' title='bbox 453 3877 529 3929; x_wconf 90' lang='lat' dir='ltr'><strong>illi</strong></span> <span class='ocrx_word' id='word_1_420' title='bbox 554 3877 621 3932; x_wconf 88' lang='lat' dir='ltr'><strong>de</strong></span> <span class='ocrx_word' id='word_1_421' title='bbox 655 3881 846 3948; x_wconf 89' lang='lat' dir='ltr'><strong>quibus</strong></span> <span class='ocrx_word' id='word_1_422' title='bbox 869 3881 982 3951; x_wconf 88' lang='lat' dir='ltr'><strong>jam</strong></span> <span class='ocrx_word' id='word_1_423' title='bbox 1013 3899 1126 3938; x_wconf 89' lang='lat' dir='ltr'><strong>sum</strong></span> <span class='ocrx_word' id='word_1_424' title='bbox 1161 3887 1391 3957; x_wconf 88' lang='lat' dir='ltr'><strong>locutus,</strong></span> <span class='ocrx_word' id='word_1_425' title='bbox 1439 3894 1526 3960; x_wconf 89' lang='lat' dir='ltr'><strong>qui</strong></span> <span class='ocrx_word' id='word_1_426' title='bbox 1559 3910 1697 3950; x_wconf 91' lang='lat' dir='ltr'><strong>nunc</strong></span> <span class='ocrx_word' id='word_1_427' title='bbox 1720 3898 1795 3950; x_wconf 90' lang='lat' dir='ltr'><strong>la-</strong></span> 
     </span>
    </p>
   </div>
   <div class='ocr_carea' id='block_1_56' title="bbox 221 3968 1791 4052">
    <p class='ocr_par' dir='ltr' id='par_1_56' title="bbox 221 3968 1791 4052">
     <span class='ocr_line' id='line_1_56' title="bbox 221 3968 1791 4052; baseline 0.014 -33"><span class='ocrx_word' id='word_1_428' title='bbox 221 3975 331 4020; x_wconf 87' lang='lat' dir='ltr'><strong>tent</strong></span> <span class='ocrx_word' id='word_1_429' title='bbox 365 3968 657 4024; x_wconf 67' lang='lat' dir='ltr'><strong>harmoniae</strong></span> <span class='ocrx_word' id='word_1_430' title='bbox 694 3975 990 4039; x_wconf 89' lang='lat' dir='ltr'><strong>corporalis</strong></span> <span class='ocrx_word' id='word_1_431' title='bbox 1021 3981 1224 4033; x_wconf 88' lang='lat' dir='ltr'><strong>numeri</strong></span> <span class='ocrx_word' id='word_1_432' title='bbox 1262 3997 1366 4035; x_wconf 92' lang='lat' dir='ltr'><strong>non</strong></span> <span class='ocrx_word' id='word_1_433' title='bbox 1411 3985 1672 4052; x_wconf 89' lang='lat' dir='ltr'><strong>latebunt,</strong></span> <span class='ocrx_word' id='word_1_434' title='bbox 1708 3989 1791 4041; x_wconf 90' lang='lat' dir='ltr'><strong>iu-</strong></span> 
     </span>
    </p>
   </div>
   <div class='ocr_carea' id='block_1_57' title="bbox 220 4059 1794 4145">
    <p class='ocr_par' dir='ltr' id='par_1_57' title="bbox 220 4059 1794 4145">
     <span class='ocr_line' id='line_1_57' title="bbox 220 4059 1794 4145; baseline 0.016 -36"><span class='ocrx_word' id='word_1_435' title='bbox 220 4059 490 4112; x_wconf 88' lang='lat' dir='ltr'><strong>trinsecus</strong></span> <span class='ocrx_word' id='word_1_436' title='bbox 521 4070 571 4112; x_wconf 91' lang='lat' dir='ltr'><strong>et</strong></span> <span class='ocrx_word' id='word_1_437' title='bbox 599 4063 933 4120; x_wconf 79' lang='lat' dir='ltr'><strong>extrinsecus</strong></span> <span class='ocrx_word' id='word_1_438' title='bbox 983 4083 1079 4136; x_wconf 90' lang='lat' dir='ltr'><strong>per</strong></span> <span class='ocrx_word' id='word_1_439' title='bbox 1120 4073 1361 4139; x_wconf 91' lang='lat' dir='ltr'><strong>corporis</strong></span> <span class='ocrx_word' id='word_1_440' title='bbox 1391 4086 1581 4130; x_wconf 86' lang='lat' dir='ltr'><strong>cuncta</strong></span> <span class='ocrx_word' id='word_1_441' title='bbox 1612 4078 1794 4145; x_wconf 84' lang='lat' dir='ltr'><strong>dispo-</strong></span> 
     </span>
    </p>
   </div>
   <div class='ocr_carea' id='block_1_58' title="bbox 217 4150 1786 4238">
    <p class='ocr_par' dir='ltr' id='par_1_58' title="bbox 217 4150 1786 4238">
     <span class='ocr_line' id='line_1_58' title="bbox 217 4150 1786 4238; baseline 0.017 -39"><span class='ocrx_word' id='word_1_442' title='bbox 217 4150 323 4209; x_wconf 86' lang='lat' dir='ltr'><strong>siti,</strong></span> <span class='ocrx_word' id='word_1_443' title='bbox 354 4161 408 4202; x_wconf 91' lang='lat' dir='ltr'><strong>et</strong></span> <span class='ocrx_word' id='word_1_444' title='bbox 439 4166 558 4204; x_wconf 89' lang='lat' dir='ltr'><strong>cum</strong></span> <span class='ocrx_word' id='word_1_445' title='bbox 591 4156 802 4208; x_wconf 86' lang='lat' dir='ltr'><strong>c:rteris</strong></span> <span class='ocrx_word' id='word_1_446' title='bbox 835 4158 995 4213; x_wconf 91' lang='lat' dir='ltr'><strong>rebus</strong></span> <span class='ocrx_word' id='word_1_447' title='bbox 1017 4176 1134 4229; x_wconf 73' lang='lat' dir='ltr'><strong>qua:</strong></span> <span class='ocrx_word' id='word_1_448' title='bbox 1167 4163 1235 4217; x_wconf 93' lang='lat' dir='ltr'><strong>ibi</strong></span> <span class='ocrx_word' id='word_1_449' title='bbox 1269 4181 1472 4236; x_wconf 75' lang='lat' dir='ltr'><strong>magna:</strong></span> <span class='ocrx_word' id='word_1_450' title='bbox 1501 4179 1659 4238; x_wconf 90' lang='lat' dir='ltr'><strong>atque</strong></span> <span class='ocrx_word' id='word_1_451' title='bbox 1687 4174 1786 4226; x_wconf 89' lang='lat' dir='ltr'><strong>mi-</strong></span> 
     </span>
    </p>
   </div>
   <div class='ocr_carea' id='block_1_59' title="bbox 218 4241 1792 4318">
    <p class='ocr_par' dir='ltr' id='par_1_59' title="bbox 218 4241 1792 4318">
     <span class='ocr_line' id='line_1_59' title="bbox 218 4241 1792 4318; baseline 0.017 -26"><span class='ocrx_word' id='word_1_452' title='bbox 218 4241 418 4296; x_wconf 86' lang='lat' dir='ltr'><strong>rabiles</strong></span> <span class='ocrx_word' id='word_1_453' title='bbox 443 4243 780 4314; x_wconf 86' lang='lat' dir='ltr'><strong>videbuntur,</strong></span> <span class='ocrx_word' id='word_1_454' title='bbox 801 4250 1091 4305; x_wconf 88' lang='lat' dir='ltr'><strong>rationales</strong></span> <span class='ocrx_word' id='word_1_455' title='bbox 1120 4265 1326 4309; x_wconf 91' lang='lat' dir='ltr'><strong>mentes</strong></span> <span class='ocrx_word' id='word_1_456' title='bbox 1347 4257 1398 4310; x_wconf 93' lang='lat' dir='ltr'><strong>in</strong></span> <span class='ocrx_word' id='word_1_457' title='bbox 1425 4261 1554 4313; x_wconf 90' lang='lat' dir='ltr'><strong>tanti</strong></span> <span class='ocrx_word' id='word_1_458' title='bbox 1577 4264 1792 4318; x_wconf 83' lang='lat' dir='ltr'><strong>artiﬁcis</strong></span> 
     </span>
    </p>
   </div>
   <div class='ocr_carea' id='block_1_60' title="bbox 217 4329 1793 4407">
    <p class='ocr_par' dir='ltr' id='par_1_60' title="bbox 217 4329 1793 4407">
     <span class='ocr_line' id='line_1_60' title="bbox 217 4329 1793 4407; baseline 0.018 -28"><span class='ocrx_word' id='word_1_459' title='bbox 217 4329 454 4394; x_wconf 89' lang='lat' dir='ltr'><strong>laudem,</strong></span> <span class='ocrx_word' id='word_1_460' title='bbox 485 4333 816 4388; x_wconf 90' lang='lat' dir='ltr'><strong>rationabilis</strong></span> <span class='ocrx_word' id='word_1_461' title='bbox 847 4337 1262 4406; x_wconf 89' lang='lat' dir='ltr'><strong>pulchritudinis</strong></span> <span class='ocrx_word' id='word_1_462' title='bbox 1287 4344 1642 4404; x_wconf 80' lang='lat' dir='ltr'><strong>deleCtatioue</strong></span> <span class='ocrx_word' id='word_1_463' title='bbox 1671 4367 1793 4407; x_wconf 90' lang='lat' dir='ltr'><strong>suc-</strong></span> 
     </span>
    </p>
   </div>
   <div class='ocr_carea' id='block_1_61' title="bbox 213 4422 1790 4512">
    <p class='ocr_par' dir='ltr' id='par_1_61' title="bbox 213 4422 1790 4512">
     <span class='ocr_line' id='line_1_61' title="bbox 213 4422 1790 4512; baseline 0.016 -38"><span class='ocrx_word' id='word_1_464' title='bbox 213 4424 450 4476; x_wconf 89' lang='lat' dir='ltr'><strong>cendent</strong></span> <span class='ocrx_word' id='word_1_465' title='bbox 481 4422 830 4498; x_wconf 86' lang='lat' dir='ltr'><strong>[succedent].</strong></span> <span class='ocrx_word' id='word_1_466' title='bbox 865 4431 962 4497; x_wconf 90' lang='lat' dir='ltr'><strong>Qui</strong></span> <span class='ocrx_word' id='word_1_467' title='bbox 1001 4442 1175 4488; x_wconf 90' lang='lat' dir='ltr'><strong>motus</strong></span> <span class='ocrx_word' id='word_1_468' title='bbox 1218 4435 1326 4490; x_wconf 91' lang='lat' dir='ltr'><strong>illic</strong></span> <span class='ocrx_word' id='word_1_469' title='bbox 1373 4441 1557 4494; x_wconf 91' lang='lat' dir='ltr'><strong>talium</strong></span> <span class='ocrx_word' id='word_1_470' title='bbox 1599 4459 1790 4512; x_wconf 88' lang='lat' dir='ltr'><strong>corpo-</strong></span> 
     </span>
    </p>
   </div>
   <div class='ocr_carea' id='block_1_62' title="bbox 214 4513 1788 4598">
    <p class='ocr_par' dir='ltr' id='par_1_62' title="bbox 214 4513 1788 4598">
     <span class='ocr_line' id='line_1_62' title="bbox 214 4513 1788 4598; baseline 0.014 -33"><span class='ocrx_word' id='word_1_471' title='bbox 214 4529 331 4565; x_wconf 90' lang='lat' dir='ltr'><strong>rum</strong></span> <span class='ocrx_word' id='word_1_472' title='bbox 367 4513 472 4567; x_wconf 86' lang='lat' dir='ltr'><strong>sint</strong></span> <span class='ocrx_word' id='word_1_473' title='bbox 496 4515 656 4568; x_wconf 89' lang='lat' dir='ltr'><strong>futuri</strong></span> <span class='ocrx_word' id='word_1_474' title='bbox 689 4526 888 4574; x_wconf 89' lang='lat' dir='ltr'><strong>temere</strong></span> <span class='ocrx_word' id='word_1_475' title='bbox 918 4521 1142 4577; x_wconf 88' lang='lat' dir='ltr'><strong>definire</strong></span> <span class='ocrx_word' id='word_1_476' title='bbox 1173 4539 1276 4578; x_wconf 93' lang='lat' dir='ltr'><strong>non</strong></span> <span class='ocrx_word' id='word_1_477' title='bbox 1303 4527 1494 4591; x_wconf 81' lang='lat' dir='ltr'><strong>audeo,</strong></span> <span class='ocrx_word' id='word_1_478' title='bbox 1526 4533 1664 4598; x_wconf 91' lang='lat' dir='ltr'><strong>quod</strong></span> <span class='ocrx_word' id='word_1_479' title='bbox 1696 4549 1788 4586; x_wconf 80' lang='lat' dir='ltr'><strong>ex-</strong></span> 
     </span>
    </p>
   </div>
   <div class='ocr_carea' id='block_1_63' title="bbox 212 4604 1787 4688">
    <p class='ocr_par' dir='ltr' id='par_1_63' title="bbox 212 4604 1787 4688">
     <span class='ocr_line' id='line_1_63' title="bbox 212 4604 1787 4688; baseline 0.016 -34"><span class='ocrx_word' id='word_1_480' title='bbox 212 4604 455 4673; x_wconf 77' lang='lat' dir='ltr'><strong>cOgitare</strong></span> <span class='ocrx_word' id='word_1_481' title='bbox 482 4622 583 4658; x_wconf 92' lang='lat' dir='ltr'><strong>non</strong></span> <span class='ocrx_word' id='word_1_482' title='bbox 615 4607 784 4662; x_wconf 87' lang='lat' dir='ltr'><strong>valeo.</strong></span> <span class='ocrx_word' id='word_1_483' title='bbox 815 4609 1014 4666; x_wconf 85' lang='lat' dir='ltr'><strong>Tamen</strong></span> <span class='ocrx_word' id='word_1_484' title='bbox 1043 4624 1096 4668; x_wconf 92' lang='lat' dir='ltr'><strong>et</strong></span> <span class='ocrx_word' id='word_1_485' title='bbox 1128 4625 1320 4684; x_wconf 88' lang='lat' dir='ltr'><strong>motus,</strong></span> <span class='ocrx_word' id='word_1_486' title='bbox 1349 4629 1404 4672; x_wconf 90' lang='lat' dir='ltr'><strong>et</strong></span> <span class='ocrx_word' id='word_1_487' title='bbox 1434 4629 1622 4688; x_wconf 87' lang='lat' dir='ltr'><strong>status,</strong></span> <span class='ocrx_word' id='word_1_488' title='bbox 1650 4625 1787 4679; x_wconf 89' lang='lat' dir='ltr'><strong>sicut</strong></span> 
     </span>
    </p>
   </div>
   <div class='ocr_carea' id='block_1_64' title="bbox 211 4695 1783 4784">
    <p class='ocr_par' dir='ltr' id='par_1_64' title="bbox 211 4695 1783 4784">
     <span class='ocr_line' id='line_1_64' title="bbox 211 4695 1783 4784; baseline 0.015 -37"><span class='ocrx_word' id='word_1_489' title='bbox 211 4695 326 4762; x_wconf 88' lang='lat' dir='ltr'><strong>ipsa</strong></span> <span class='ocrx_word' id='word_1_490' title='bbox 377 4698 583 4764; x_wconf 84' lang='lat' dir='ltr'><strong>species</strong></span> <span class='ocrx_word' id='word_1_491' title='bbox 620 4701 816 4754; x_wconf 90' lang='lat' dir='ltr'><strong>decens</strong></span> <span class='ocrx_word' id='word_1_492' title='bbox 861 4705 963 4757; x_wconf 90' lang='lat' dir='ltr'><strong>erit</strong></span> <span class='ocrx_word' id='word_1_493' title='bbox 1007 4707 1325 4778; x_wconf 89' lang='lat' dir='ltr'><strong>quicumque</strong></span> <span class='ocrx_word' id='word_1_494' title='bbox 1368 4710 1468 4764; x_wconf 89' lang='lat' dir='ltr'><strong>erit</strong></span> <span class='ocrx_word' id='word_1_495' title='bbox 1520 4714 1606 4768; x_wconf 93' lang='lat' dir='ltr'><strong>ubi</strong></span> <span class='ocrx_word' id='word_1_496' title='bbox 1645 4718 1783 4784; x_wconf 91' lang='lat' dir='ltr'><strong>quod</strong></span> 
     </span>
    </p>
   </div>
   <div class='ocr_carea' id='block_1_65' title="bbox 210 4785 1784 4871">
    <p class='ocr_par' dir='ltr' id='par_1_65' title="bbox 210 4785 1784 4871">
     <span class='ocr_line' id='line_1_65' title="bbox 210 4785 1784 4871; baseline 0.018 -38"><span class='ocrx_word' id='word_1_497' title='bbox 210 4799 318 4834; x_wconf 91' lang='lat' dir='ltr'><strong>non</strong></span> <span class='ocrx_word' id='word_1_498' title='bbox 369 4785 580 4840; x_wconf 89' lang='lat' dir='ltr'><strong>decebit</strong></span> <span class='ocrx_word' id='word_1_499' title='bbox 628 4805 730 4842; x_wconf 91' lang='lat' dir='ltr'><strong>nun</strong></span> <span class='ocrx_word' id='word_1_500' title='bbox 772 4791 894 4844; x_wconf 89' lang='lat' dir='ltr'><strong>erit.</strong></span> <span class='ocrx_word' id='word_1_501' title='bbox 936 4791 1094 4849; x_wconf 89' lang='lat' dir='ltr'><strong>Certe</strong></span> <span class='ocrx_word' id='word_1_502' title='bbox 1135 4797 1220 4850; x_wconf 92' lang='lat' dir='ltr'><strong>ubi</strong></span> <span class='ocrx_word' id='word_1_503' title='bbox 1260 4800 1400 4854; x_wconf 90' lang='lat' dir='ltr'><strong>volet</strong></span> <span class='ocrx_word' id='word_1_504' title='bbox 1444 4804 1682 4871; x_wconf 89' lang='lat' dir='ltr'><strong>spiritus,</strong></span> <span class='ocrx_word' id='word_1_505' title='bbox 1715 4808 1784 4860; x_wconf 92' lang='lat' dir='ltr'><strong>ibi</strong></span> 
     </span>
    </p>
   </div>
   <div class='ocr_carea' id='block_1_66' title="bbox 208 4873 1785 4965">
    <p class='ocr_par' dir='ltr' id='par_1_66' title="bbox 208 4873 1785 4965">
     <span class='ocr_line' id='line_1_66' title="bbox 208 4873 1785 4965; baseline 0.018 -40"><span class='ocrx_word' id='word_1_506' title='bbox 208 4873 310 4925; x_wconf 91' lang='lat' dir='ltr'><strong>erit</strong></span> <span class='ocrx_word' id='word_1_507' title='bbox 350 4877 595 4941; x_wconf 78' lang='lat' dir='ltr'><strong>protinus</strong></span> <span class='ocrx_word' id='word_1_508' title='bbox 622 4893 837 4947; x_wconf 89' lang='lat' dir='ltr'><strong>corpus,</strong></span> <span class='ocrx_word' id='word_1_509' title='bbox 866 4897 964 4937; x_wconf 90' lang='lat' dir='ltr'><strong>nec</strong></span> <span class='ocrx_word' id='word_1_510' title='bbox 991 4885 1134 4940; x_wconf 88' lang='lat' dir='ltr'><strong>volet</strong></span> <span class='ocrx_word' id='word_1_511' title='bbox 1160 4888 1362 4958; x_wconf 90' lang='lat' dir='ltr'><strong>aliquid</strong></span> <span class='ocrx_word' id='word_1_512' title='bbox 1401 4893 1620 4962; x_wconf 88' lang='lat' dir='ltr'><strong>spiritus</strong></span> <span class='ocrx_word' id='word_1_513' title='bbox 1646 4899 1785 4965; x_wconf 91' lang='lat' dir='ltr'><strong>quod</strong></span> 
     </span>
    </p>
   </div>
   <div class='ocr_carea' id='block_1_67' title="bbox 208 4963 1784 5053">
    <p class='ocr_par' dir='ltr' id='par_1_67' title="bbox 208 4963 1784 5053">
     <span class='ocr_line' id='line_1_67' title="bbox 208 4963 1784 5053; baseline 0.022 -42"><span class='ocrx_word' id='word_1_514' title='bbox 208 4976 311 5013; x_wconf 88' lang='lat' dir='ltr'><strong>nec</strong></span> <span class='ocrx_word' id='word_1_515' title='bbox 341 4963 585 5028; x_wconf 85' lang='lat' dir='ltr'><strong>spiritum</strong></span> <span class='ocrx_word' id='word_1_516' title='bbox 617 4968 784 5033; x_wconf 90' lang='lat' dir='ltr'><strong>possit</strong></span> <span class='ocrx_word' id='word_1_517' title='bbox 811 4970 1103 5029; x_wconf 90' lang='lat' dir='ltr'><strong>decernere</strong></span> <span class='ocrx_word' id='word_1_518' title='bbox 1132 4976 1367 5050; x_wconf 82' lang='lat' dir='ltr'><strong>[decere]</strong></span> <span class='ocrx_word' id='word_1_519' title='bbox 1398 4997 1614 5053; x_wconf 92' lang='lat' dir='ltr'><strong>corpus.</strong></span> <span class='ocrx_word' id='word_1_520' title='bbox 1647 4963 1784 5044; x_wconf 72' lang='lat' dir='ltr'><strong>\lera</strong></span> 
     </span>
    </p>
   </div>
   <div class='ocr_carea' id='block_1_68' title="bbox 207 5049 1785 5143">
    <p class='ocr_par' dir='ltr' id='par_1_68' title="bbox 207 5049 1785 5143">
     <span class='ocr_line' id='line_1_68' title="bbox 207 5049 1785 5143; baseline 0.02 -42"><span class='ocrx_word' id='word_1_521' title='bbox 207 5049 278 5101; x_wconf 90' lang='lat' dir='ltr'><strong>ibi</strong></span> <span class='ocrx_word' id='word_1_522' title='bbox 311 5050 481 5118; x_wconf 88' lang='lat' dir='ltr'><strong>gloria</strong></span> <span class='ocrx_word' id='word_1_523' title='bbox 509 5054 611 5105; x_wconf 89' lang='lat' dir='ltr'><strong>erit</strong></span> <span class='ocrx_word' id='word_1_524' title='bbox 635 5056 720 5108; x_wconf 90' lang='lat' dir='ltr'><strong>ubi</strong></span> <span class='ocrx_word' id='word_1_525' title='bbox 768 5058 1030 5114; x_wconf 89' lang='lat' dir='ltr'><strong>laudantis</strong></span> <span class='ocrx_word' id='word_1_526' title='bbox 1061 5078 1160 5118; x_wconf 88' lang='lat' dir='ltr'><strong>nec</strong></span> <span class='ocrx_word' id='word_1_527' title='bbox 1198 5049 1380 5122; x_wconf 85' lang='lat' dir='ltr'><strong>errore</strong></span> <span class='ocrx_word' id='word_1_528' title='bbox 1419 5049 1646 5143; x_wconf 82' lang='lat' dir='ltr'><strong>quisque</strong></span> <span class='ocrx_word' id='word_1_529' title='bbox 1688 5093 1785 5132; x_wconf 89' lang='lat' dir='ltr'><strong>nec</strong></span> 
     </span>
    </p>
   </div>
   <div class='ocr_carea' id='block_1_69' title="bbox 205 5139 1785 5237">
    <p class='ocr_par' dir='ltr' id='par_1_69' title="bbox 205 5139 1785 5237">
     <span class='ocr_line' id='line_1_69' title="bbox 205 5139 1785 5237; baseline 0.022 -49"><span class='ocrx_word' id='word_1_530' title='bbox 205 5139 517 5195; x_wconf 87' lang='lat' dir='ltr'><strong>adulatione</strong></span> <span class='ocrx_word' id='word_1_531' title='bbox 557 5143 880 5202; x_wconf 86' lang='lat' dir='ltr'><strong>laudabitur.</strong></span> <span class='ocrx_word' id='word_1_532' title='bbox 914 5150 1082 5208; x_wconf 83' lang='lat' dir='ltr'><strong>Verus</strong></span> <span class='ocrx_word' id='word_1_533' title='bbox 1116 5155 1306 5221; x_wconf 88' lang='lat' dir='ltr'><strong>honor,</strong></span> <span class='ocrx_word' id='word_1_534' title='bbox 1348 5163 1434 5229; x_wconf 93' lang='lat' dir='ltr'><strong>qui</strong></span> <span class='ocrx_word' id='word_1_535' title='bbox 1466 5166 1591 5218; x_wconf 90' lang='lat' dir='ltr'><strong>nulli</strong></span> <span class='ocrx_word' id='word_1_536' title='bbox 1625 5183 1785 5237; x_wconf 79' lang='lat' dir='ltr'><strong>nega-</strong></span> 
     </span>
    </p>
   </div>
   <div class='ocr_carea' id='block_1_70' title="bbox 206 5229 1778 5318">
    <p class='ocr_par' dir='ltr' id='par_1_70' title="bbox 206 5229 1778 5318">
     <span class='ocr_line' id='line_1_70' title="bbox 206 5229 1778 5318; baseline 0.024 -39"><span class='ocrx_word' id='word_1_537' title='bbox 206 5229 353 5284; x_wconf 89' lang='lat' dir='ltr'><strong>bitur</strong></span> <span class='ocrx_word' id='word_1_538' title='bbox 382 5233 558 5302; x_wconf 88' lang='lat' dir='ltr'><strong>digno,</strong></span> <span class='ocrx_word' id='word_1_539' title='bbox 587 5239 714 5292; x_wconf 91' lang='lat' dir='ltr'><strong>nulli</strong></span> <span class='ocrx_word' id='word_1_540' title='bbox 748 5240 1019 5298; x_wconf 85' lang='lat' dir='ltr'><strong>deferetur</strong></span> <span class='ocrx_word' id='word_1_541' title='bbox 1047 5248 1282 5318; x_wconf 90' lang='lat' dir='ltr'><strong>indigno,</strong></span> <span class='ocrx_word' id='word_1_542' title='bbox 1310 5255 1400 5306; x_wconf 91' lang='lat' dir='ltr'><strong>sed</strong></span> <span class='ocrx_word' id='word_1_543' title='bbox 1436 5272 1534 5312; x_wconf 92' lang='lat' dir='ltr'><strong>nec</strong></span> <span class='ocrx_word' id='word_1_544' title='bbox 1568 5261 1632 5312; x_wconf 87' lang='lat' dir='ltr'><strong>ad</strong></span> <span class='ocrx_word' id='word_1_545' title='bbox 1659 5229 1778 5316; x_wconf 71' lang='lat' dir='ltr'><strong>eum</strong></span> 
     </span>
    </p>
   </div>
   <div class='ocr_carea' id='block_1_71' title="bbox 203 5321 1748 5417">
    <p class='ocr_par' dir='ltr' id='par_1_71' title="bbox 203 5321 1748 5417">
     <span class='ocr_line' id='line_1_71' title="bbox 203 5321 1748 5417; baseline 0.022 -46"><span class='ocrx_word' id='word_1_546' title='bbox 203 5321 410 5376; x_wconf 87' lang='lat' dir='ltr'><strong>ambiet</strong></span> <span class='ocrx_word' id='word_1_547' title='bbox 437 5324 717 5399; x_wconf 86' lang='lat' dir='ltr'><strong>[ambiget]</strong></span> <span class='ocrx_word' id='word_1_548' title='bbox 756 5334 893 5388; x_wconf 89' lang='lat' dir='ltr'><strong>ullus</strong></span> <span class='ocrx_word' id='word_1_549' title='bbox 926 5337 1190 5406; x_wconf 88' lang='lat' dir='ltr'><strong>indignus,</strong></span> <span class='ocrx_word' id='word_1_550' title='bbox 1228 5343 1316 5398; x_wconf 90' lang='lat' dir='ltr'><strong>ubi</strong></span> <span class='ocrx_word' id='word_1_551' title='bbox 1348 5347 1523 5401; x_wconf 88' lang='lat' dir='ltr'><strong>nullus</strong></span> <span class='ocrx_word' id='word_1_552' title='bbox 1557 5354 1748 5417; x_wconf 88' lang='lat' dir='ltr'><strong>permit</strong></span> 
     </span>
    </p>
   </div>
   <div class='ocr_carea' id='block_1_72' title="bbox 205 5418 1772 5507">
    <p class='ocr_par' dir='ltr' id='par_1_72' title="bbox 205 5418 1772 5507">
     <span class='ocr_line' id='line_1_72' title="bbox 205 5418 1772 5507; baseline 0.024 -48"><span class='ocrx_word' id='word_1_553' title='bbox 205 5418 351 5463; x_wconf 86' lang='lat' dir='ltr'><strong>tetur</strong></span> <span class='ocrx_word' id='word_1_554' title='bbox 381 5427 500 5468; x_wconf 86' lang='lat' dir='ltr'><strong>esse</strong></span> <span class='ocrx_word' id='word_1_555' title='bbox 543 5418 645 5472; x_wconf 91' lang='lat' dir='ltr'><strong>nisi</strong></span> <span class='ocrx_word' id='word_1_556' title='bbox 676 5420 885 5489; x_wconf 88' lang='lat' dir='ltr'><strong>dignus.</strong></span> <span class='ocrx_word' id='word_1_557' title='bbox 917 5427 1052 5482; x_wconf 79' lang='lat' dir='ltr'><strong>Vera</strong></span> <span class='ocrx_word' id='word_1_558' title='bbox 1088 5445 1205 5497; x_wconf 87' lang='lat' dir='ltr'><strong>pax,</strong></span> <span class='ocrx_word' id='word_1_559' title='bbox 1255 5435 1340 5488; x_wconf 90' lang='lat' dir='ltr'><strong>ubi</strong></span> <span class='ocrx_word' id='word_1_560' title='bbox 1383 5438 1510 5491; x_wconf 92' lang='lat' dir='ltr'><strong>uihil</strong></span> <span class='ocrx_word' id='word_1_561' title='bbox 1543 5441 1772 5507; x_wconf 89' lang='lat' dir='ltr'><strong>adversi,</strong></span> 
     </span>
    </p>
   </div>
   <div class='ocr_carea' id='block_1_73' title="bbox 204 5507 1772 5602">
    <p class='ocr_par' dir='ltr' id='par_1_73' title="bbox 204 5507 1772 5602">
     <span class='ocr_line' id='line_1_73' title="bbox 204 5507 1772 5602; baseline 0.025 -51"><span class='ocrx_word' id='word_1_562' title='bbox 204 5516 304 5553; x_wconf 87' lang='lat' dir='ltr'><strong>nec</strong></span> <span class='ocrx_word' id='word_1_563' title='bbox 344 5519 371 5555; x_wconf 88' lang='lat' dir='ltr'><strong>a</strong></span> <span class='ocrx_word' id='word_1_564' title='bbox 412 5507 609 5573; x_wconf 85' lang='lat' dir='ltr'><strong>seipso,</strong></span> <span class='ocrx_word' id='word_1_565' title='bbox 668 5527 767 5567; x_wconf 90' lang='lat' dir='ltr'><strong>nec</strong></span> <span class='ocrx_word' id='word_1_566' title='bbox 807 5517 872 5570; x_wconf 92' lang='lat' dir='ltr'><strong>ab</strong></span> <span class='ocrx_word' id='word_1_567' title='bbox 923 5520 1029 5572; x_wconf 91' lang='lat' dir='ltr'><strong>alio</strong></span> <span class='ocrx_word' id='word_1_568' title='bbox 1070 5523 1293 5592; x_wconf 85' lang='lat' dir='ltr'><strong>quisque</strong></span> <span class='ocrx_word' id='word_1_569' title='bbox 1341 5530 1569 5596; x_wconf 72' lang='lat' dir='ltr'><strong>patietur</strong></span> <span class='ocrx_word' id='word_1_570' title='bbox 1598 5551 1609 5584; x_wconf 90' lang='lat'><strong>:</strong></span> <span class='ocrx_word' id='word_1_571' title='bbox 1637 5551 1772 5602; x_wconf 73' lang='lat' dir='ltr'><strong>pra:-</strong></span> 
     </span>
    </p>
   </div>
   <div class='ocr_carea' id='block_1_74' title="bbox 202 5592 1777 5695">
    <p class='ocr_par' dir='ltr' id='par_1_74' title="bbox 202 5592 1777 5695">
     <span class='ocr_line' id='line_1_74' title="bbox 202 5592 1777 5695; baseline 0.025 -54"><span class='ocrx_word' id='word_1_572' title='bbox 202 5592 370 5646; x_wconf 90' lang='lat' dir='ltr'><strong>mium</strong></span> <span class='ocrx_word' id='word_1_573' title='bbox 417 5595 622 5654; x_wconf 87' lang='lat' dir='ltr'><strong>virtutis</strong></span> <span class='ocrx_word' id='word_1_574' title='bbox 677 5605 779 5656; x_wconf 90' lang='lat' dir='ltr'><strong>erit</strong></span> <span class='ocrx_word' id='word_1_575' title='bbox 827 5607 940 5675; x_wconf 83' lang='lat' dir='ltr'><strong>ipse</strong></span> <span class='ocrx_word' id='word_1_576' title='bbox 983 5614 1071 5679; x_wconf 91' lang='lat' dir='ltr'><strong>qui</strong></span> <span class='ocrx_word' id='word_1_577' title='bbox 1123 5592 1374 5673; x_wconf 82' lang='lat' dir='ltr'><strong>virtutem</strong></span> <span class='ocrx_word' id='word_1_578' title='bbox 1429 5623 1574 5676; x_wconf 84' lang='lat' dir='ltr'><strong>dedit</strong></span> <span class='ocrx_word' id='word_1_579' title='bbox 1622 5592 1777 5695; x_wconf 76' lang='lat' dir='ltr'><strong>eique</strong></span> 
     </span>
    </p>
   </div>
   <div class='ocr_carea' id='block_1_75' title="bbox 202 5683 1776 5782">
    <p class='ocr_par' dir='ltr' id='par_1_75' title="bbox 202 5683 1776 5782">
     <span class='ocr_line' id='line_1_75' title="bbox 202 5683 1776 5782; baseline 0.024 -50"><span class='ocrx_word' id='word_1_580' title='bbox 202 5683 465 5749; x_wconf 85' lang='lat' dir='ltr'><strong>seipsuin,</strong></span> <span class='ocrx_word' id='word_1_581' title='bbox 501 5703 608 5754; x_wconf 87' lang='lat' dir='ltr'><strong>quo</strong></span> <span class='ocrx_word' id='word_1_582' title='bbox 650 5694 837 5750; x_wconf 89' lang='lat' dir='ltr'><strong>melius</strong></span> <span class='ocrx_word' id='word_1_583' title='bbox 867 5707 921 5752; x_wconf 89' lang='lat' dir='ltr'><strong>et</strong></span> <span class='ocrx_word' id='word_1_584' title='bbox 952 5700 1122 5769; x_wconf 89' lang='lat' dir='ltr'><strong>majus</strong></span> <span class='ocrx_word' id='word_1_585' title='bbox 1151 5706 1280 5760; x_wconf 82' lang='lat' dir='ltr'><strong>nihil</strong></span> <span class='ocrx_word' id='word_1_586' title='bbox 1315 5712 1479 5777; x_wconf 89' lang='lat' dir='ltr'><strong>possit</strong></span> <span class='ocrx_word' id='word_1_587' title='bbox 1505 5729 1624 5768; x_wconf 51' lang='lat' dir='ltr'><strong>esse</strong></span> <span class='ocrx_word' id='word_1_588' title='bbox 1655 5731 1776 5782; x_wconf 92' lang='lat' dir='ltr'><strong>pro-</strong></span> 
     </span>
    </p>
   </div>
   <div class='ocr_carea' id='block_1_76' title="bbox 205 5773 1769 5874">
    <p class='ocr_par' dir='ltr' id='par_1_76' title="bbox 205 5773 1769 5874">
     <span class='ocr_line' id='line_1_76' title="bbox 205 5773 1769 5874; baseline 0.028 -54"><span class='ocrx_word' id='word_1_589' title='bbox 205 5773 374 5829; x_wconf 77' lang='lat' dir='ltr'><strong>misit.</strong></span> <span class='ocrx_word' id='word_1_590' title='bbox 397 5778 530 5843; x_wconf 74' lang='lat' dir='ltr'><strong>Quid</strong></span> <span class='ocrx_word' id='word_1_591' title='bbox 554 5792 635 5837; x_wconf 69' lang='lat'><strong>8:1</strong></span> <span class='ocrx_word' id='word_1_592' title='bbox 657 5784 796 5839; x_wconf 87' lang='lat' dir='ltr'><strong>enim</strong></span> <span class='ocrx_word' id='word_1_593' title='bbox 820 5788 959 5844; x_wconf 86' lang='lat' dir='ltr'><strong>aliud</strong></span> <span class='ocrx_word' id='word_1_594' title='bbox 983 5795 1121 5862; x_wconf 86' lang='lat' dir='ltr'><strong>quod</strong></span> <span class='ocrx_word' id='word_1_595' title='bbox 1150 5811 1243 5864; x_wconf 85' lang='lat' dir='ltr'><strong>per</strong></span> <span class='ocrx_word' id='word_1_596' title='bbox 1265 5773 1580 5871; x_wconf 81' lang='lat' dir='ltr'><strong>PrOphetam</strong></span> <span class='ocrx_word' id='word_1_597' title='bbox 1605 5773 1736 5862; x_wconf 62' lang='lat' dir='ltr'><strong>dixit</strong></span> <span class='ocrx_word' id='word_1_598' title='bbox 1757 5851 1769 5874; x_wconf 91' lang='lat'><strong>,</strong></span> 
     </span>
    </p>
   </div>
   <div class='ocr_carea' id='block_1_77' title="bbox 1910 1917 3484 1999">
    <p class='ocr_par' dir='ltr' id='par_1_77' title="bbox 1910 1917 3484 1999">
     <span class='ocr_line' id='line_1_77' title="bbox 1910 1917 3484 1999; baseline 0.01 -28"><span class='ocrx_word' id='word_1_599' title='bbox 1910 1933 2014 1972; x_wconf 91' lang='lat' dir='ltr'><strong>non</strong></span> <span class='ocrx_word' id='word_1_600' title='bbox 2045 1917 2279 1975; x_wconf 87' lang='lat' dir='ltr'><strong>invident</strong></span> <span class='ocrx_word' id='word_1_601' title='bbox 2305 1921 2648 1993; x_wconf 87' lang='lat' dir='ltr'><strong>archangelis</strong></span> <span class='ocrx_word' id='word_1_602' title='bbox 2678 1928 2854 1996; x_wconf 86' lang='lat' dir='ltr'><strong>angeli</strong></span> <span class='ocrx_word' id='word_1_603' title='bbox 2883 1931 3083 1995; x_wconf 67' lang='lat' dir='ltr'><strong>catteri,</strong></span> <span class='ocrx_word' id='word_1_604' title='bbox 3111 1940 3358 1999; x_wconf 89' lang='lat' dir='ltr'><strong>tanquam</strong></span> <span class='ocrx_word' id='word_1_605' title='bbox 3389 1948 3484 1986; x_wconf 93' lang='lat' dir='ltr'><strong>no-</strong></span> 
     </span>
    </p>
   </div>
   <div class='ocr_carea' id='block_1_78' title="bbox 1911 2007 3488 2088">
    <p class='ocr_par' dir='ltr' id='par_1_78' title="bbox 1911 2007 3488 2088">
     <span class='ocr_line' id='line_1_78' title="bbox 1911 2007 3488 2088; baseline 0.01 -27"><span class='ocrx_word' id='word_1_606' title='bbox 1911 2007 1968 2062; x_wconf 90' lang='lat' dir='ltr'><strong>lit</strong></span> <span class='ocrx_word' id='word_1_607' title='bbox 1997 2024 2116 2064; x_wconf 89' lang='lat' dir='ltr'><strong>esse</strong></span> <span class='ocrx_word' id='word_1_608' title='bbox 2145 2013 2506 2082; x_wconf 86' lang='lat' dir='ltr'><strong>unusquisque</strong></span> <span class='ocrx_word' id='word_1_609' title='bbox 2538 2016 2677 2084; x_wconf 92' lang='lat' dir='ltr'><strong>quod</strong></span> <span class='ocrx_word' id='word_1_610' title='bbox 2721 2034 2826 2072; x_wconf 87' lang='lat' dir='ltr'><strong>non</strong></span> <span class='ocrx_word' id='word_1_611' title='bbox 2864 2021 3091 2087; x_wconf 77' lang='lat' dir='ltr'><strong>accepit,</strong></span> <span class='ocrx_word' id='word_1_612' title='bbox 3140 2024 3386 2088; x_wconf 87' lang='lat' dir='ltr'><strong>quamvis</strong></span> <span class='ocrx_word' id='word_1_613' title='bbox 3415 2025 3488 2077; x_wconf 91' lang='lat' dir='ltr'><strong>sit</strong></span> 
     </span>
    </p>
   </div>
   <div class='ocr_carea' id='block_1_79' title="bbox 1910 2100 3488 2179">
    <p class='ocr_par' dir='ltr' id='par_1_79' title="bbox 1910 2100 3488 2179">
     <span class='ocr_line' id='line_1_79' title="bbox 1910 2100 3488 2179; baseline 0.01 -28"><span class='ocrx_word' id='word_1_614' title='bbox 1910 2100 2254 2167; x_wconf 87' lang='lat' dir='ltr'><strong>pacatissimo</strong></span> <span class='ocrx_word' id='word_1_615' title='bbox 2277 2104 2577 2159; x_wconf 73' lang='lat' dir='ltr'><strong>concordia:</strong></span> <span class='ocrx_word' id='word_1_616' title='bbox 2600 2106 2809 2161; x_wconf 88' lang='lat' dir='ltr'><strong>vinculo</strong></span> <span class='ocrx_word' id='word_1_617' title='bbox 2839 2107 2910 2175; x_wconf 93' lang='lat' dir='ltr'><strong>ei,</strong></span> <span class='ocrx_word' id='word_1_618' title='bbox 2955 2111 3043 2177; x_wconf 88' lang='lat' dir='ltr'><strong>qui</strong></span> <span class='ocrx_word' id='word_1_619' title='bbox 3067 2112 3272 2179; x_wconf 91' lang='lat' dir='ltr'><strong>accepit</strong></span> <span class='ocrx_word' id='word_1_620' title='bbox 3291 2111 3488 2168; x_wconf 86' lang='lat' dir='ltr'><strong>obstri-</strong></span> 
     </span>
    </p>
   </div>
   <div class='ocr_carea' id='block_1_80' title="bbox 1909 2195 3483 2271">
    <p class='ocr_par' dir='ltr' id='par_1_80' title="bbox 1909 2195 3483 2271">
     <span class='ocr_line' id='line_1_80' title="bbox 1909 2195 3483 2271; baseline 0.008 -28"><span class='ocrx_word' id='word_1_621' title='bbox 1909 2199 2042 2256; x_wconf 88' lang='lat' dir='ltr'><strong>ctus,</strong></span> <span class='ocrx_word' id='word_1_622' title='bbox 2072 2207 2230 2261; x_wconf 90' lang='lat' dir='ltr'><strong>quam</strong></span> <span class='ocrx_word' id='word_1_623' title='bbox 2273 2208 2371 2249; x_wconf 89' lang='lat' dir='ltr'><strong>nec</strong></span> <span class='ocrx_word' id='word_1_624' title='bbox 2411 2195 2461 2248; x_wconf 94' lang='lat' dir='ltr'><strong>in</strong></span> <span class='ocrx_word' id='word_1_625' title='bbox 2501 2211 2728 2266; x_wconf 90' lang='lat' dir='ltr'><strong>corpore</strong></span> <span class='ocrx_word' id='word_1_626' title='bbox 2758 2199 2869 2253; x_wconf 90' lang='lat' dir='ltr'><strong>vult</strong></span> <span class='ocrx_word' id='word_1_627' title='bbox 2912 2201 3102 2256; x_wconf 89' lang='lat' dir='ltr'><strong>oculus</strong></span> <span class='ocrx_word' id='word_1_628' title='bbox 3130 2217 3254 2258; x_wconf 88' lang='lat' dir='ltr'><strong>esse</strong></span> <span class='ocrx_word' id='word_1_629' title='bbox 3280 2203 3371 2271; x_wconf 91' lang='lat' dir='ltr'><strong>qui</strong></span> <span class='ocrx_word' id='word_1_630' title='bbox 3399 2213 3483 2258; x_wconf 89' lang='lat' dir='ltr'><strong>est</strong></span> 
     </span>
    </p>
   </div>
   <div class='ocr_carea' id='block_1_81' title="bbox 1909 2282 3486 2360">
    <p class='ocr_par' dir='ltr' id='par_1_81' title="bbox 1909 2282 3486 2360">
     <span class='ocr_line' id='line_1_81' title="bbox 1909 2282 3486 2360; baseline 0.008 -24"><span class='ocrx_word' id='word_1_631' title='bbox 1909 2282 2121 2350; x_wconf 84' lang='lat' dir='ltr'><strong>digitus,</strong></span> <span class='ocrx_word' id='word_1_632' title='bbox 2166 2299 2284 2338; x_wconf 91' lang='lat' dir='ltr'><strong>cum</strong></span> <span class='ocrx_word' id='word_1_633' title='bbox 2328 2289 2626 2342; x_wconf 83' lang='lat' dir='ltr'><strong>membrum</strong></span> <span class='ocrx_word' id='word_1_634' title='bbox 2673 2301 2958 2360; x_wconf 90' lang='lat' dir='ltr'><strong>utrumque</strong></span> <span class='ocrx_word' id='word_1_635' title='bbox 3000 2295 3274 2350; x_wconf 87' lang='lat' dir='ltr'><strong>contineat</strong></span> <span class='ocrx_word' id='word_1_636' title='bbox 3324 2297 3486 2349; x_wconf 89' lang='lat' dir='ltr'><strong>totius</strong></span> 
     </span>
    </p>
   </div>
   <div class='ocr_carea' id='block_1_82' title="bbox 1911 2373 3482 2452">
    <p class='ocr_par' dir='ltr' id='par_1_82' title="bbox 1911 2373 3482 2452">
     <span class='ocr_line' id='line_1_82' title="bbox 1911 2373 3482 2452; baseline 0.01 -28"><span class='ocrx_word' id='word_1_637' title='bbox 1911 2373 2087 2427; x_wconf 83' lang='lat' dir='ltr'><strong>carnis</strong></span> <span class='ocrx_word' id='word_1_638' title='bbox 2135 2385 2316 2442; x_wconf 90' lang='lat' dir='ltr'><strong>pacata</strong></span> <span class='ocrx_word' id='word_1_639' title='bbox 2362 2392 2642 2448; x_wconf 86' lang='lat' dir='ltr'><strong>compago.</strong></span> <span class='ocrx_word' id='word_1_640' title='bbox 2674 2380 2764 2434; x_wconf 86' lang='lat' dir='ltr'><strong>Sic</strong></span> <span class='ocrx_word' id='word_1_641' title='bbox 2805 2381 2984 2452; x_wconf 87' lang='lat' dir='ltr'><strong>itaque</strong></span> <span class='ocrx_word' id='word_1_642' title='bbox 3032 2385 3248 2441; x_wconf 88' lang='lat' dir='ltr'><strong>habebit</strong></span> <span class='ocrx_word' id='word_1_643' title='bbox 3284 2386 3482 2440; x_wconf 89' lang='lat' dir='ltr'><strong>donum</strong></span> 
     </span>
    </p>
   </div>
   <div class='ocr_carea' id='block_1_83' title="bbox 1912 2465 3484 2541">
    <p class='ocr_par' dir='ltr' id='par_1_83' title="bbox 1912 2465 3484 2541">
     <span class='ocr_line' id='line_1_83' title="bbox 1912 2465 3484 2541; baseline 0.01 -24"><span class='ocrx_word' id='word_1_644' title='bbox 1912 2465 2044 2518; x_wconf 91' lang='lat' dir='ltr'><strong>alius</strong></span> <span class='ocrx_word' id='word_1_645' title='bbox 2089 2466 2194 2520; x_wconf 90' lang='lat' dir='ltr'><strong>alio</strong></span> <span class='ocrx_word' id='word_1_646' title='bbox 2224 2468 2422 2532; x_wconf 91' lang='lat' dir='ltr'><strong>minus,</strong></span> <span class='ocrx_word' id='word_1_647' title='bbox 2468 2479 2525 2523; x_wconf 92' lang='lat' dir='ltr'><strong>ut</strong></span> <span class='ocrx_word' id='word_1_648' title='bbox 2567 2470 2666 2526; x_wconf 89' lang='lat' dir='ltr'><strong>hoc</strong></span> <span class='ocrx_word' id='word_1_649' title='bbox 2692 2487 2903 2541; x_wconf 90' lang='lat' dir='ltr'><strong>quoque</strong></span> <span class='ocrx_word' id='word_1_650' title='bbox 2941 2474 3136 2528; x_wconf 88' lang='lat' dir='ltr'><strong>donum</strong></span> <span class='ocrx_word' id='word_1_651' title='bbox 3184 2476 3377 2531; x_wconf 88' lang='lat' dir='ltr'><strong>habeat</strong></span> <span class='ocrx_word' id='word_1_652' title='bbox 3415 2494 3484 2532; x_wconf 85' lang='lat' dir='ltr'><strong>ne</strong></span> 
     </span>
    </p>
   </div>
   <div class='ocr_carea' id='block_1_84' title="bbox 1911 2555 3483 2625">
    <p class='ocr_par' dir='ltr' id='par_1_84' title="bbox 1911 2555 3483 2625">
     <span class='ocr_line' id='line_1_84' title="bbox 1911 2555 3483 2625; baseline 0.009 -18"><span class='ocrx_word' id='word_1_653' title='bbox 1911 2555 2038 2608; x_wconf 85' lang='lat' dir='ltr'><strong>velit</strong></span> <span class='ocrx_word' id='word_1_654' title='bbox 2067 2556 2319 2625; x_wconf 73' lang='lat' dir='ltr'><strong>amplius,</strong></span> <span class='ocrx_word' id='word_1_655' title='bbox 2355 2575 2452 2614; x_wconf 90' lang='lat' dir='ltr'><strong>nec</strong></span> <span class='ocrx_word' id='word_1_656' title='bbox 2476 2559 2596 2615; x_wconf 90' lang='lat' dir='ltr'><strong>ideo</strong></span> <span class='ocrx_word' id='word_1_657' title='bbox 2622 2562 2843 2616; x_wconf 91' lang='lat' dir='ltr'><strong>liberum</strong></span> <span class='ocrx_word' id='word_1_658' title='bbox 2874 2563 3154 2618; x_wconf 88' lang='lat' dir='ltr'><strong>arbitrium</strong></span> <span class='ocrx_word' id='word_1_659' title='bbox 3187 2582 3292 2620; x_wconf 92' lang='lat' dir='ltr'><strong>non</strong></span> <span class='ocrx_word' id='word_1_660' title='bbox 3319 2566 3483 2621; x_wconf 89' lang='lat' dir='ltr'><strong>habe-</strong></span> 
     </span>
    </p>
   </div>
   <div class='ocr_carea' id='block_1_85' title="bbox 1915 2646 3481 2724">
    <p class='ocr_par' dir='ltr' id='par_1_85' title="bbox 1915 2646 3481 2724">
     <span class='ocr_line' id='line_1_85' title="bbox 1915 2646 3481 2724; baseline 0.006 -25"><span class='ocrx_word' id='word_1_661' title='bbox 1915 2646 2067 2710; x_wconf 87' lang='lat' dir='ltr'><strong>bunt,</strong></span> <span class='ocrx_word' id='word_1_662' title='bbox 2098 2649 2221 2716; x_wconf 90' lang='lat' dir='ltr'><strong>quia</strong></span> <span class='ocrx_word' id='word_1_663' title='bbox 2255 2664 2333 2717; x_wconf 72' lang='lat' dir='ltr'><strong>pe:</strong></span> <span class='ocrx_word' id='word_1_664' title='bbox 2355 2658 2475 2704; x_wconf 89' lang='lat' dir='ltr'><strong>cata</strong></span> <span class='ocrx_word' id='word_1_665' title='bbox 2501 2667 2595 2706; x_wconf 91' lang='lat' dir='ltr'><strong>eos</strong></span> <span class='ocrx_word' id='word_1_666' title='bbox 2622 2654 2889 2709; x_wconf 89' lang='lat' dir='ltr'><strong>delectare</strong></span> <span class='ocrx_word' id='word_1_667' title='bbox 2919 2670 3022 2709; x_wconf 92' lang='lat' dir='ltr'><strong>non</strong></span> <span class='ocrx_word' id='word_1_668' title='bbox 3053 2664 3321 2724; x_wconf 92' lang='lat' dir='ltr'><strong>poterunt,</strong></span> <span class='ocrx_word' id='word_1_669' title='bbox 3369 2672 3481 2709; x_wconf 84' lang='lat' dir='ltr'><strong>ma-</strong></span> 
     </span>
    </p>
   </div>
   <div class='ocr_carea' id='block_1_86' title="bbox 1909 2735 3480 2815">
    <p class='ocr_par' dir='ltr' id='par_1_86' title="bbox 1909 2735 3480 2815">
     <span class='ocr_line' id='line_1_86' title="bbox 1909 2735 3480 2815; baseline 0.004 -25"><span class='ocrx_word' id='word_1_670' title='bbox 1909 2735 1989 2804; x_wconf 86' lang='lat' dir='ltr'><strong>gis</strong></span> <span class='ocrx_word' id='word_1_671' title='bbox 2017 2738 2213 2806; x_wconf 88' lang='lat' dir='ltr'><strong>quippe</strong></span> <span class='ocrx_word' id='word_1_672' title='bbox 2245 2739 2347 2792; x_wconf 90' lang='lat' dir='ltr'><strong>erit</strong></span> <span class='ocrx_word' id='word_1_673' title='bbox 2385 2741 2608 2796; x_wconf 91' lang='lat' dir='ltr'><strong>liberum</strong></span> <span class='ocrx_word' id='word_1_674' title='bbox 2641 2759 2670 2797; x_wconf 92' lang='lat' dir='ltr'><strong>a</strong></span> <span class='ocrx_word' id='word_1_675' title='bbox 2697 2743 3050 2799; x_wconf 88' lang='lat' dir='ltr'><strong>delectatione</strong></span> <span class='ocrx_word' id='word_1_676' title='bbox 3081 2746 3358 2815; x_wconf 87' lang='lat' dir='ltr'><strong>peccandi,</strong></span> <span class='ocrx_word' id='word_1_677' title='bbox 3394 2761 3480 2798; x_wconf 63' lang='lat' dir='ltr'><strong>us-</strong></span> 
     </span>
    </p>
   </div>
   <div class='ocr_carea' id='block_1_87' title="bbox 1910 2827 3480 2903">
    <p class='ocr_par' dir='ltr' id='par_1_87' title="bbox 1910 2827 3480 2903">
     <span class='ocr_line' id='line_1_87' title="bbox 1910 2827 3480 2903; baseline 0.006 -23"><span class='ocrx_word' id='word_1_678' title='bbox 1910 2842 2012 2892; x_wconf 90' lang='lat' dir='ltr'><strong>que</strong></span> <span class='ocrx_word' id='word_1_679' title='bbox 2053 2827 2119 2881; x_wconf 90' lang='lat' dir='ltr'><strong>ad</strong></span> <span class='ocrx_word' id='word_1_680' title='bbox 2163 2828 2579 2888; x_wconf 81' lang='lat' dir='ltr'><strong>delectationem</strong></span> <span class='ocrx_word' id='word_1_681' title='bbox 2621 2851 2724 2888; x_wconf 93' lang='lat' dir='ltr'><strong>non</strong></span> <span class='ocrx_word' id='word_1_682' title='bbox 2769 2837 3023 2903; x_wconf 87' lang='lat' dir='ltr'><strong>peccandi</strong></span> <span class='ocrx_word' id='word_1_683' title='bbox 3053 2837 3480 2893; x_wconf 88' lang='lat' dir='ltr'><strong>indeclinabilem</strong></span> 
     </span>
    </p>
   </div>
   <div class='ocr_carea' id='block_1_88' title="bbox 1912 2916 3482 2996">
    <p class='ocr_par' dir='ltr' id='par_1_88' title="bbox 1912 2916 3482 2996">
     <span class='ocr_line' id='line_1_88' title="bbox 1912 2916 3482 2996; baseline 0.008 -27"><span class='ocrx_word' id='word_1_684' title='bbox 1912 2916 2211 2973; x_wconf 84' lang='lat' dir='ltr'><strong>liberatum.</strong></span> <span class='ocrx_word' id='word_1_685' title='bbox 2269 2919 2400 2974; x_wconf 86' lang='lat' dir='ltr'><strong>Nam</strong></span> <span class='ocrx_word' id='word_1_686' title='bbox 2453 2924 2680 2990; x_wconf 89' lang='lat' dir='ltr'><strong>primum</strong></span> <span class='ocrx_word' id='word_1_687' title='bbox 2723 2925 2946 2980; x_wconf 87' lang='lat' dir='ltr'><strong>liberum</strong></span> <span class='ocrx_word' id='word_1_688' title='bbox 2994 2927 3296 2994; x_wconf 88' lang='lat' dir='ltr'><strong>arbitrium,</strong></span> <span class='ocrx_word' id='word_1_689' title='bbox 3339 2929 3482 2996; x_wconf 86' lang='lat' dir='ltr'><strong>quod</strong></span> 
     </span>
    </p>
   </div>
   <div class='ocr_carea' id='block_1_89' title="bbox 1911 3007 3482 3085">
    <p class='ocr_par' dir='ltr' id='par_1_89' title="bbox 1911 3007 3482 3085">
     <span class='ocr_line' id='line_1_89' title="bbox 1911 3007 3482 3085; baseline 0.007 -24"><span class='ocrx_word' id='word_1_690' title='bbox 1911 3007 2110 3062; x_wconf 89' lang='lat' dir='ltr'><strong>homini</strong></span> <span class='ocrx_word' id='word_1_691' title='bbox 2138 3009 2318 3065; x_wconf 86' lang='lat' dir='ltr'><strong>datum</strong></span> <span class='ocrx_word' id='word_1_692' title='bbox 2337 3021 2439 3080; x_wconf 90' lang='lat' dir='ltr'><strong>est,</strong></span> <span class='ocrx_word' id='word_1_693' title='bbox 2457 3014 2670 3084; x_wconf 90' lang='lat' dir='ltr'><strong>quando</strong></span> <span class='ocrx_word' id='word_1_694' title='bbox 2701 3017 2924 3085; x_wconf 90' lang='lat' dir='ltr'><strong>primum</strong></span> <span class='ocrx_word' id='word_1_695' title='bbox 2945 3028 3154 3073; x_wconf 90' lang='lat' dir='ltr'><strong>creatus</strong></span> <span class='ocrx_word' id='word_1_696' title='bbox 3173 3028 3253 3074; x_wconf 90' lang='lat' dir='ltr'><strong>est</strong></span> <span class='ocrx_word' id='word_1_697' title='bbox 3281 3031 3482 3082; x_wconf 75' lang='lat' dir='ltr'><strong>rectus,</strong></span> 
     </span>
    </p>
   </div>
   <div class='ocr_carea' id='block_1_90' title="bbox 1911 3097 3478 3177">
    <p class='ocr_par' dir='ltr' id='par_1_90' title="bbox 1911 3097 3478 3177">
     <span class='ocr_line' id='line_1_90' title="bbox 1911 3097 3478 3177; baseline 0.01 -29"><span class='ocrx_word' id='word_1_698' title='bbox 1911 3097 2078 3166; x_wconf 84' lang='lat' dir='ltr'><strong>potuit</strong></span> <span class='ocrx_word' id='word_1_699' title='bbox 2111 3115 2215 3154; x_wconf 91' lang='lat' dir='ltr'><strong>non</strong></span> <span class='ocrx_word' id='word_1_700' title='bbox 2259 3116 2500 3168; x_wconf 88' lang='lat' dir='ltr'><strong>peccare,</strong></span> <span class='ocrx_word' id='word_1_701' title='bbox 2534 3106 2626 3160; x_wconf 92' lang='lat' dir='ltr'><strong>sed</strong></span> <span class='ocrx_word' id='word_1_702' title='bbox 2661 3109 2829 3174; x_wconf 91' lang='lat' dir='ltr'><strong>potuit</strong></span> <span class='ocrx_word' id='word_1_703' title='bbox 2860 3120 2909 3161; x_wconf 91' lang='lat' dir='ltr'><strong>et</strong></span> <span class='ocrx_word' id='word_1_704' title='bbox 2944 3126 3185 3177; x_wconf 88' lang='lat' dir='ltr'><strong>peccare.</strong></span> <span class='ocrx_word' id='word_1_705' title='bbox 3232 3111 3343 3166; x_wconf 86' lang='lat' dir='ltr'><strong>[loc</strong></span> <span class='ocrx_word' id='word_1_706' title='bbox 3382 3125 3478 3164; x_wconf 85' lang='lat' dir='ltr'><strong>au-</strong></span> 
     </span>
    </p>
   </div>
   <div class='ocr_carea' id='block_1_91' title="bbox 1830 3193 3475 3275">
    <p class='ocr_par' dir='ltr' id='par_1_91' title="bbox 1830 3193 3475 3275">
     <span class='ocr_line' id='line_1_91' title="bbox 1830 3193 3475 3275; baseline 0.01 -34"><span class='ocrx_word' id='word_1_707' title='bbox 1830 3214 1874 3275; x_wconf 76' lang='lat' dir='ltr'>c</span> <span class='ocrx_word' id='word_1_708' title='bbox 1913 3198 2015 3243; x_wconf 86' lang='lat' dir='ltr'><strong>tein</strong></span> <span class='ocrx_word' id='word_1_709' title='bbox 2048 3193 2396 3247; x_wconf 79' lang='lat' dir='ltr'><strong>novissimum</strong></span> <span class='ocrx_word' id='word_1_710' title='bbox 2422 3210 2486 3248; x_wconf 89' lang='lat' dir='ltr'><strong>eo</strong></span> <span class='ocrx_word' id='word_1_711' title='bbox 2525 3199 2794 3265; x_wconf 90' lang='lat' dir='ltr'><strong>potentius</strong></span> <span class='ocrx_word' id='word_1_712' title='bbox 2821 3200 2942 3264; x_wconf 91' lang='lat' dir='ltr'><strong>erit,</strong></span> <span class='ocrx_word' id='word_1_713' title='bbox 2986 3217 3092 3271; x_wconf 85' lang='lat' dir='ltr'><strong>quo</strong></span> <span class='ocrx_word' id='word_1_714' title='bbox 3119 3218 3340 3271; x_wconf 88' lang='lat' dir='ltr'><strong>peccare</strong></span> <span class='ocrx_word' id='word_1_715' title='bbox 3371 3219 3475 3259; x_wconf 92' lang='lat' dir='ltr'><strong>non</strong></span> 
     </span>
    </p>
   </div>
   <div class='ocr_carea' id='block_1_92' title="bbox 1904 3283 3477 3367">
    <p class='ocr_par' dir='ltr' id='par_1_92' title="bbox 1904 3283 3477 3367">
     <span class='ocr_line' id='line_1_92' title="bbox 1904 3283 3477 3367; baseline 0.013 -36"><span class='ocrx_word' id='word_1_716' title='bbox 1904 3283 2117 3350; x_wconf 90' lang='lat' dir='ltr'><strong>poterit.</strong></span> <span class='ocrx_word' id='word_1_717' title='bbox 2146 3283 2342 3338; x_wconf 88' lang='lat' dir='ltr'><strong>Verum</strong></span> <span class='ocrx_word' id='word_1_718' title='bbox 2373 3287 2474 3340; x_wconf 88' lang='lat' dir='ltr'><strong>hoc</strong></span> <span class='ocrx_word' id='word_1_719' title='bbox 2495 3304 2706 3358; x_wconf 88' lang='lat' dir='ltr'><strong>quoque</strong></span> <span class='ocrx_word' id='word_1_720' title='bbox 2737 3291 2828 3346; x_wconf 90' lang='lat' dir='ltr'><strong>Dei</strong></span> <span class='ocrx_word' id='word_1_721' title='bbox 2853 3309 3074 3349; x_wconf 88' lang='lat' dir='ltr'><strong>munere</strong></span> <span class='ocrx_word' id='word_1_722' title='bbox 3098 3310 3202 3350; x_wconf 89' lang='lat' dir='ltr'><strong>non</strong></span> <span class='ocrx_word' id='word_1_723' title='bbox 3225 3311 3334 3350; x_wconf 67' lang='lat' dir='ltr'><strong>suae</strong></span> <span class='ocrx_word' id='word_1_724' title='bbox 3360 3312 3477 3367; x_wconf 84' lang='lat' dir='ltr'><strong>pos-</strong></span> 
     </span>
    </p>
   </div>
   <div class='ocr_carea' id='block_1_93' title="bbox 1900 3373 3478 3454">
    <p class='ocr_par' dir='ltr' id='par_1_93' title="bbox 1900 3373 3478 3454">
     <span class='ocr_line' id='line_1_93' title="bbox 1900 3373 3478 3454; baseline 0.013 -31"><span class='ocrx_word' id='word_1_725' title='bbox 1900 3373 2150 3428; x_wconf 89' lang='lat' dir='ltr'><strong>sibilitate</strong></span> <span class='ocrx_word' id='word_1_726' title='bbox 2181 3386 2385 3429; x_wconf 84' lang='lat' dir='ltr'><strong>naturae</strong></span> <span class='ocrx_word' id='word_1_727' title='bbox 2419 3397 2430 3431; x_wconf 90' lang='lat'>:</span> <span class='ocrx_word' id='word_1_728' title='bbox 2458 3380 2598 3433; x_wconf 85' lang='lat' dir='ltr'><strong>aliud</strong></span> <span class='ocrx_word' id='word_1_729' title='bbox 2629 3389 2714 3435; x_wconf 85' lang='lat' dir='ltr'><strong>est</strong></span> <span class='ocrx_word' id='word_1_730' title='bbox 2755 3385 2898 3437; x_wconf 76' lang='lat' dir='ltr'><strong>enim</strong></span> <span class='ocrx_word' id='word_1_731' title='bbox 2945 3400 3067 3440; x_wconf 90' lang='lat' dir='ltr'><strong>esse</strong></span> <span class='ocrx_word' id='word_1_732' title='bbox 3104 3387 3303 3454; x_wconf 83' lang='lat' dir='ltr'><strong>Deum,</strong></span> <span class='ocrx_word' id='word_1_733' title='bbox 3334 3389 3478 3444; x_wconf 90' lang='lat' dir='ltr'><strong>aliud</strong></span> 
     </span>
    </p>
   </div>
   <div class='ocr_carea' id='block_1_94' title="bbox 1900 3460 3496 3549">
    <p class='ocr_par' dir='ltr' id='par_1_94' title="bbox 1900 3460 3496 3549">
     <span class='ocr_line' id='line_1_94' title="bbox 1900 3460 3496 3549; baseline 0.015 -38"><span class='ocrx_word' id='word_1_734' title='bbox 1900 3460 2210 3529; x_wconf 88' lang='lat' dir='ltr'><strong>participem</strong></span> <span class='ocrx_word' id='word_1_735' title='bbox 2263 3463 2388 3530; x_wconf 80' lang='lat' dir='ltr'><strong>Dei;</strong></span> <span class='ocrx_word' id='word_1_736' title='bbox 2439 3467 2578 3522; x_wconf 90' lang='lat' dir='ltr'><strong>Dens</strong></span> <span class='ocrx_word' id='word_1_737' title='bbox 2622 3481 2809 3525; x_wconf 89' lang='lat' dir='ltr'><strong>natura</strong></span> <span class='ocrx_word' id='word_1_738' title='bbox 2853 3489 3076 3543; x_wconf 90' lang='lat' dir='ltr'><strong>peccare</strong></span> <span class='ocrx_word' id='word_1_739' title='bbox 3129 3494 3232 3531; x_wconf 91' lang='lat' dir='ltr'><strong>non</strong></span> <span class='ocrx_word' id='word_1_740' title='bbox 3280 3487 3496 3549; x_wconf 85' lang='lat' dir='ltr'><strong>potest,</strong></span> 
     </span>
    </p>
   </div>
   <div class='ocr_carea' id='block_1_95' title="bbox 1899 3553 3476 3639">
    <p class='ocr_par' dir='ltr' id='par_1_95' title="bbox 1899 3553 3476 3639">
     <span class='ocr_line' id='line_1_95' title="bbox 1899 3553 3476 3639; baseline 0.015 -38"><span class='ocrx_word' id='word_1_741' title='bbox 1899 3553 2165 3620; x_wconf 90' lang='lat' dir='ltr'><strong>particeps</strong></span> <span class='ocrx_word' id='word_1_742' title='bbox 2191 3569 2316 3609; x_wconf 90' lang='lat' dir='ltr'><strong>vero</strong></span> <span class='ocrx_word' id='word_1_743' title='bbox 2349 3556 2438 3612; x_wconf 93' lang='lat' dir='ltr'><strong>Dei</strong></span> <span class='ocrx_word' id='word_1_744' title='bbox 2468 3559 2536 3613; x_wconf 88' lang='lat' dir='ltr'><strong>ab</strong></span> <span class='ocrx_word' id='word_1_745' title='bbox 2568 3560 2658 3615; x_wconf 91' lang='lat' dir='ltr'><strong>illo</strong></span> <span class='ocrx_word' id='word_1_746' title='bbox 2680 3563 2875 3632; x_wconf 89' lang='lat' dir='ltr'><strong>accipit</strong></span> <span class='ocrx_word' id='word_1_747' title='bbox 2897 3575 2952 3618; x_wconf 94' lang='lat' dir='ltr'><strong>ut</strong></span> <span class='ocrx_word' id='word_1_748' title='bbox 2977 3581 3197 3634; x_wconf 90' lang='lat' dir='ltr'><strong>peccare</strong></span> <span class='ocrx_word' id='word_1_749' title='bbox 3227 3583 3330 3624; x_wconf 94' lang='lat' dir='ltr'><strong>non</strong></span> <span class='ocrx_word' id='word_1_750' title='bbox 3355 3585 3476 3639; x_wconf 85' lang='lat' dir='ltr'><strong>pos-</strong></span> 
     </span>
    </p>
   </div>
   <div class='ocr_carea' id='block_1_96' title="bbox 1897 3643 3483 3724">
    <p class='ocr_par' dir='ltr' id='par_1_96' title="bbox 1897 3643 3483 3724">
     <span class='ocr_line' id='line_1_96' title="bbox 1897 3643 3483 3724; baseline 0.014 -29"><span class='ocrx_word' id='word_1_751' title='bbox 1897 3643 1986 3697; x_wconf 91' lang='lat' dir='ltr'><strong>sit.</strong></span> <span class='ocrx_word' id='word_1_752' title='bbox 2020 3644 2285 3700; x_wconf 89' lang='lat' dir='ltr'><strong>Servandi</strong></span> <span class='ocrx_word' id='word_1_753' title='bbox 2323 3657 2500 3703; x_wconf 90' lang='lat' dir='ltr'><strong>autem</strong></span> <span class='ocrx_word' id='word_1_754' title='bbox 2530 3653 2724 3720; x_wconf 86' lang='lat' dir='ltr'><strong>gradus</strong></span> <span class='ocrx_word' id='word_1_755' title='bbox 2762 3665 2915 3709; x_wconf 88' lang='lat' dir='ltr'><strong>erant</strong></span> <span class='ocrx_word' id='word_1_756' title='bbox 2941 3656 3102 3712; x_wconf 86' lang='lat' dir='ltr'><strong>divini</strong></span> <span class='ocrx_word' id='word_1_757' title='bbox 3133 3660 3392 3724; x_wconf 85' lang='lat' dir='ltr'><strong>muneris,</strong></span> <span class='ocrx_word' id='word_1_758' title='bbox 3424 3669 3483 3718; x_wconf 84' lang='lat' dir='ltr'><strong>ut</strong></span> 
     </span>
    </p>
   </div>
   <div class='ocr_carea' id='block_1_97' title="bbox 1899 3734 3475 3817">
    <p class='ocr_par' dir='ltr' id='par_1_97' title="bbox 1899 3734 3475 3817">
     <span class='ocr_line' id='line_1_97' title="bbox 1899 3734 3475 3817; baseline 0.013 -32"><span class='ocrx_word' id='word_1_759' title='bbox 1899 3734 2126 3797; x_wconf 90' lang='lat' dir='ltr'><strong>primum</strong></span> <span class='ocrx_word' id='word_1_760' title='bbox 2154 3737 2373 3792; x_wconf 90' lang='lat' dir='ltr'><strong>daretur</strong></span> <span class='ocrx_word' id='word_1_761' title='bbox 2399 3740 2623 3794; x_wconf 91' lang='lat' dir='ltr'><strong>liberum</strong></span> <span class='ocrx_word' id='word_1_762' title='bbox 2657 3744 2959 3811; x_wconf 88' lang='lat' dir='ltr'><strong>arbitrium,</strong></span> <span class='ocrx_word' id='word_1_763' title='bbox 2989 3764 3093 3815; x_wconf 92' lang='lat' dir='ltr'><strong>quo</strong></span> <span class='ocrx_word' id='word_1_764' title='bbox 3123 3763 3226 3802; x_wconf 93' lang='lat' dir='ltr'><strong>non</strong></span> <span class='ocrx_word' id='word_1_765' title='bbox 3257 3765 3475 3817; x_wconf 89' lang='lat' dir='ltr'><strong>peccare</strong></span> 
     </span>
    </p>
   </div>
   <div class='ocr_carea' id='block_1_98' title="bbox 1901 3824 3476 3905">
    <p class='ocr_par' dir='ltr' id='par_1_98' title="bbox 1901 3824 3476 3905">
     <span class='ocr_line' id='line_1_98' title="bbox 1901 3824 3476 3905; baseline 0.012 -31"><span class='ocrx_word' id='word_1_766' title='bbox 1901 3824 2059 3877; x_wconf 91' lang='lat' dir='ltr'><strong>homo</strong></span> <span class='ocrx_word' id='word_1_767' title='bbox 2082 3837 2278 3893; x_wconf 88' lang='lat' dir='ltr'><strong>posset,</strong></span> <span class='ocrx_word' id='word_1_768' title='bbox 2311 3830 2662 3884; x_wconf 89' lang='lat' dir='ltr'><strong>novissimum</strong></span> <span class='ocrx_word' id='word_1_769' title='bbox 2705 3849 2809 3901; x_wconf 88' lang='lat' dir='ltr'><strong>quo</strong></span> <span class='ocrx_word' id='word_1_770' title='bbox 2841 3850 3062 3901; x_wconf 84' lang='lat' dir='ltr'><strong>peccare</strong></span> <span class='ocrx_word' id='word_1_771' title='bbox 3100 3853 3205 3890; x_wconf 91' lang='lat' dir='ltr'><strong>non</strong></span> <span class='ocrx_word' id='word_1_772' title='bbox 3251 3849 3431 3905; x_wconf 88' lang='lat' dir='ltr'><strong>posset</strong></span> <span class='ocrx_word' id='word_1_773' title='bbox 3458 3857 3476 3903; x_wconf 86' lang='lat'><strong>;</strong></span> 
     </span>
    </p>
   </div>
   <div class='ocr_carea' id='block_1_99' title="bbox 1894 3913 3470 3988">
    <p class='ocr_par' dir='ltr' id='par_1_99' title="bbox 1894 3913 3470 3988">
     <span class='ocr_line' id='line_1_99' title="bbox 1894 3913 3470 3988; baseline 0.015 -26"><span class='ocrx_word' id='word_1_774' title='bbox 1894 3919 2053 3977; x_wconf 89' lang='lat' dir='ltr'><strong>atque</strong></span> <span class='ocrx_word' id='word_1_775' title='bbox 2082 3913 2209 3967; x_wconf 87' lang='lat' dir='ltr'><strong>illud</strong></span> <span class='ocrx_word' id='word_1_776' title='bbox 2238 3915 2302 3968; x_wconf 90' lang='lat' dir='ltr'><strong>ad</strong></span> <span class='ocrx_word' id='word_1_777' title='bbox 2331 3920 2745 3985; x_wconf 89' lang='lat' dir='ltr'><strong>comparandum</strong></span> <span class='ocrx_word' id='word_1_778' title='bbox 2789 3927 3078 3988; x_wconf 86' lang='lat' dir='ltr'><strong>meritum,</strong></span> <span class='ocrx_word' id='word_1_779' title='bbox 3112 3927 3214 3980; x_wconf 92' lang='lat' dir='ltr'><strong>hoc</strong></span> <span class='ocrx_word' id='word_1_780' title='bbox 3241 3928 3308 3982; x_wconf 89' lang='lat' dir='ltr'><strong>ad</strong></span> <span class='ocrx_word' id='word_1_781' title='bbox 3339 3932 3470 3984; x_wconf 87' lang='lat' dir='ltr'><strong>reci-</strong></span> 
     </span>
    </p>
   </div>
   <div class='ocr_carea' id='block_1_100' title="bbox 1897 3999 3474 4084">
    <p class='ocr_par' dir='ltr' id='par_1_100' title="bbox 1897 3999 3474 4084">
     <span class='ocr_line' id='line_1_100' title="bbox 1897 3999 3474 4084; baseline 0.014 -32"><span class='ocrx_word' id='word_1_782' title='bbox 1897 3999 2145 4069; x_wconf 91' lang='lat' dir='ltr'><strong>piendum</strong></span> <span class='ocrx_word' id='word_1_783' title='bbox 2175 4006 2450 4072; x_wconf 70' lang='lat' dir='ltr'><strong>praamium</strong></span> <span class='ocrx_word' id='word_1_784' title='bbox 2474 4009 2798 4078; x_wconf 85' lang='lat' dir='ltr'><strong>pertineret;</strong></span> <span class='ocrx_word' id='word_1_785' title='bbox 2825 4013 2916 4067; x_wconf 91' lang='lat' dir='ltr'><strong>sed</strong></span> <span class='ocrx_word' id='word_1_786' title='bbox 2944 4016 3064 4082; x_wconf 89' lang='lat' dir='ltr'><strong>quia</strong></span> <span class='ocrx_word' id='word_1_787' title='bbox 3106 4019 3344 4084; x_wconf 88' lang='lat' dir='ltr'><strong>peccavit</strong></span> <span class='ocrx_word' id='word_1_788' title='bbox 3375 4019 3474 4076; x_wconf 84' lang='lat' dir='ltr'><strong>ista</strong></span> 
     </span>
    </p>
   </div>
   <div class='ocr_carea' id='block_1_101' title="bbox 1897 4101 3484 4178">
    <p class='ocr_par' dir='ltr' id='par_1_101' title="bbox 1897 4101 3484 4178">
     <span class='ocr_line' id='line_1_101' title="bbox 1897 4101 3484 4178; baseline 0.014 -34"><span class='ocrx_word' id='word_1_789' title='bbox 1897 4101 2080 4146; x_wconf 88' lang='lat' dir='ltr'><strong>natura</strong></span> <span class='ocrx_word' id='word_1_790' title='bbox 2109 4108 2228 4148; x_wconf 93' lang='lat' dir='ltr'><strong>cum</strong></span> <span class='ocrx_word' id='word_1_791' title='bbox 2262 4110 2482 4163; x_wconf 89' lang='lat' dir='ltr'><strong>peccare</strong></span> <span class='ocrx_word' id='word_1_792' title='bbox 2514 4102 2699 4168; x_wconf 88' lang='lat' dir='ltr'><strong>potuit,</strong></span> <span class='ocrx_word' id='word_1_793' title='bbox 2730 4102 2957 4173; x_wconf 84' lang='lat' dir='ltr'><strong>largiore</strong></span> <span class='ocrx_word' id='word_1_794' title='bbox 2986 4108 3154 4174; x_wconf 90' lang='lat' dir='ltr'><strong>gratia</strong></span> <span class='ocrx_word' id='word_1_795' title='bbox 3195 4107 3484 4178; x_wconf 52' lang='lat' dir='ltr'><strong>liberatur,</strong></span> 
     </span>
    </p>
   </div>
   <div class='ocr_carea' id='block_1_102' title="bbox 1895 4183 3471 4271">
    <p class='ocr_par' dir='ltr' id='par_1_102' title="bbox 1895 4183 3471 4271">
     <span class='ocr_line' id='line_1_102' title="bbox 1895 4183 3471 4271; baseline 0.016 -37"><span class='ocrx_word' id='word_1_796' title='bbox 1895 4192 1953 4235; x_wconf 91' lang='lat' dir='ltr'><strong>ut</strong></span> <span class='ocrx_word' id='word_1_797' title='bbox 1990 4183 2056 4236; x_wconf 90' lang='lat' dir='ltr'><strong>ad</strong></span> <span class='ocrx_word' id='word_1_798' title='bbox 2097 4200 2213 4238; x_wconf 88' lang='lat' dir='ltr'><strong>eam</strong></span> <span class='ocrx_word' id='word_1_799' title='bbox 2268 4189 2594 4254; x_wconf 88' lang='lat' dir='ltr'><strong>perducatur</strong></span> <span class='ocrx_word' id='word_1_800' title='bbox 2639 4193 2963 4263; x_wconf 89' lang='lat' dir='ltr'><strong>libertatem,</strong></span> <span class='ocrx_word' id='word_1_801' title='bbox 3004 4198 3055 4252; x_wconf 94' lang='lat' dir='ltr'><strong>in</strong></span> <span class='ocrx_word' id='word_1_802' title='bbox 3101 4215 3204 4268; x_wconf 90' lang='lat' dir='ltr'><strong>qua</strong></span> <span class='ocrx_word' id='word_1_803' title='bbox 3249 4217 3471 4271; x_wconf 85' lang='lat' dir='ltr'><strong>peccare</strong></span> 
     </span>
    </p>
   </div>
   <div class='ocr_carea' id='block_1_103' title="bbox 1895 4278 3452 4353">
    <p class='ocr_par' dir='ltr' id='par_1_103' title="bbox 1895 4278 3452 4353">
     <span class='ocr_line' id='line_1_103' title="bbox 1895 4278 3452 4353; baseline 0.018 -29"><span class='ocrx_word' id='word_1_804' title='bbox 1895 4289 1998 4328; x_wconf 89' lang='lat' dir='ltr'><strong>non</strong></span> <span class='ocrx_word' id='word_1_805' title='bbox 2055 4278 2240 4343; x_wconf 80' lang='lat' dir='ltr'><strong>possit.</strong></span> <span class='ocrx_word' id='word_1_806' title='bbox 2301 4281 2450 4335; x_wconf 85' lang='lat' dir='ltr'><strong>Sicut</strong></span> <span class='ocrx_word' id='word_1_807' title='bbox 2503 4284 2647 4339; x_wconf 89' lang='lat' dir='ltr'><strong>enim</strong></span> <span class='ocrx_word' id='word_1_808' title='bbox 2707 4288 2876 4353; x_wconf 90' lang='lat' dir='ltr'><strong>prima</strong></span> <span class='ocrx_word' id='word_1_809' title='bbox 2929 4291 3304 4350; x_wconf 78' lang='lat' dir='ltr'><strong>immortalitas</strong></span> <span class='ocrx_word' id='word_1_810' title='bbox 3351 4298 3452 4351; x_wconf 89' lang='lat' dir='ltr'><strong>fuit</strong></span> 
     </span>
    </p>
   </div>
   <div class='ocr_carea' id='block_1_104' title="bbox 1891 4369 3468 4453">
    <p class='ocr_par' dir='ltr' id='par_1_104' title="bbox 1891 4369 3468 4453">
     <span class='ocr_line' id='line_1_104' title="bbox 1891 4369 3468 4453; baseline 0.018 -37"><span class='ocrx_word' id='word_1_811' title='bbox 1891 4378 2051 4432; x_wconf 90' lang='lat' dir='ltr'><strong>quam</strong></span> <span class='ocrx_word' id='word_1_812' title='bbox 2087 4369 2359 4435; x_wconf 90' lang='lat' dir='ltr'><strong>peccando</strong></span> <span class='ocrx_word' id='word_1_813' title='bbox 2387 4373 2556 4428; x_wconf 88' lang='lat' dir='ltr'><strong>Adam</strong></span> <span class='ocrx_word' id='word_1_814' title='bbox 2584 4378 2836 4447; x_wconf 83' lang='lat' dir='ltr'><strong>perdidit,</strong></span> <span class='ocrx_word' id='word_1_815' title='bbox 2870 4396 3024 4446; x_wconf 86' lang='lat' dir='ltr'><strong>posse</strong></span> <span class='ocrx_word' id='word_1_816' title='bbox 3052 4400 3156 4438; x_wconf 87' lang='lat' dir='ltr'><strong>non</strong></span> <span class='ocrx_word' id='word_1_817' title='bbox 3186 4388 3340 4453; x_wconf 91' lang='lat' dir='ltr'><strong>mori,</strong></span> <span class='ocrx_word' id='word_1_818' title='bbox 3368 4405 3468 4443; x_wconf 55' lang='lat' dir='ltr'><strong>no.</strong></span> 
     </span>
    </p>
   </div>
   <div class='ocr_carea' id='block_1_105' title="bbox 1893 4455 3478 4540">
    <p class='ocr_par' dir='ltr' id='par_1_105' title="bbox 1893 4455 3478 4540">
     <span class='ocr_line' id='line_1_105' title="bbox 1893 4455 3478 4540; baseline 0.018 -34"><span class='ocrx_word' id='word_1_819' title='bbox 1893 4455 2110 4509; x_wconf 90' lang='lat' dir='ltr'><strong>vissima</strong></span> <span class='ocrx_word' id='word_1_820' title='bbox 2154 4459 2276 4523; x_wconf 91' lang='lat' dir='ltr'><strong>erit,</strong></span> <span class='ocrx_word' id='word_1_821' title='bbox 2324 4476 2429 4516; x_wconf 91' lang='lat' dir='ltr'><strong>non</strong></span> <span class='ocrx_word' id='word_1_822' title='bbox 2461 4478 2618 4533; x_wconf 90' lang='lat' dir='ltr'><strong>posse</strong></span> <span class='ocrx_word' id='word_1_823' title='bbox 2649 4469 2782 4522; x_wconf 92' lang='lat' dir='ltr'><strong>mori</strong></span> <span class='ocrx_word' id='word_1_824' title='bbox 2815 4471 2924 4526; x_wconf 85' lang='lat' dir='ltr'><strong>:ita</strong></span> <span class='ocrx_word' id='word_1_825' title='bbox 2967 4474 3192 4540; x_wconf 85' lang='lat' dir='ltr'><strong>primum</strong></span> <span class='ocrx_word' id='word_1_826' title='bbox 3241 4478 3478 4534; x_wconf 87' lang='lat' dir='ltr'><strong>liberum.</strong></span> 
     </span>
    </p>
   </div>
   <div class='ocr_carea' id='block_1_106' title="bbox 1891 4544 3478 4636">
    <p class='ocr_par' dir='ltr' id='par_1_106' title="bbox 1891 4544 3478 4636">
     <span class='ocr_line' id='line_1_106' title="bbox 1891 4544 3478 4636; baseline 0.02 -41"><span class='ocrx_word' id='word_1_827' title='bbox 1891 4544 2166 4600; x_wconf 89' lang='lat' dir='ltr'><strong>arbitrium</strong></span> <span class='ocrx_word' id='word_1_828' title='bbox 2198 4564 2354 4617; x_wconf 90' lang='lat' dir='ltr'><strong>posse</strong></span> <span class='ocrx_word' id='word_1_829' title='bbox 2378 4568 2480 4606; x_wconf 90' lang='lat' dir='ltr'><strong>non</strong></span> <span class='ocrx_word' id='word_1_830' title='bbox 2509 4570 2751 4625; x_wconf 91' lang='lat' dir='ltr'><strong>peccare,</strong></span> <span class='ocrx_word' id='word_1_831' title='bbox 2798 4564 3145 4617; x_wconf 88' lang='lat' dir='ltr'><strong>novissimum</strong></span> <span class='ocrx_word' id='word_1_832' title='bbox 3177 4582 3280 4620; x_wconf 90' lang='lat' dir='ltr'><strong>non</strong></span> <span class='ocrx_word' id='word_1_833' title='bbox 3308 4585 3478 4636; x_wconf 82' lang='lat' dir='ltr'><strong>posse-</strong></span> 
     </span>
    </p>
   </div>
   <div class='ocr_carea' id='block_1_107' title="bbox 1893 4638 3467 4726">
    <p class='ocr_par' dir='ltr' id='par_1_107' title="bbox 1893 4638 3467 4726">
     <span class='ocr_line' id='line_1_107' title="bbox 1893 4638 3467 4726; baseline 0.018 -39"><span class='ocrx_word' id='word_1_834' title='bbox 1893 4649 2134 4702; x_wconf 90' lang='lat' dir='ltr'><strong>peccare.</strong></span> <span class='ocrx_word' id='word_1_835' title='bbox 2164 4638 2252 4692; x_wconf 92' lang='lat' dir='ltr'><strong>Sic</strong></span> <span class='ocrx_word' id='word_1_836' title='bbox 2282 4642 2422 4696; x_wconf 91' lang='lat' dir='ltr'><strong>enim</strong></span> <span class='ocrx_word' id='word_1_837' title='bbox 2455 4646 2561 4698; x_wconf 91' lang='lat' dir='ltr'><strong>erit</strong></span> <span class='ocrx_word' id='word_1_838' title='bbox 2592 4649 2952 4706; x_wconf 88' lang='lat' dir='ltr'><strong>inamissibilis</strong></span> <span class='ocrx_word' id='word_1_839' title='bbox 2982 4655 3225 4712; x_wconf 89' lang='lat' dir='ltr'><strong>voluntas</strong></span> <span class='ocrx_word' id='word_1_840' title='bbox 3257 4660 3467 4726; x_wconf 91' lang='lat' dir='ltr'><strong>pietatis</strong></span> 
     </span>
    </p>
   </div>
   <div class='ocr_carea' id='block_1_108' title="bbox 1889 4730 3467 4824">
    <p class='ocr_par' dir='ltr' id='par_1_108' title="bbox 1889 4730 3467 4824">
     <span class='ocr_line' id='line_1_108' title="bbox 1889 4730 3467 4824; baseline 0.021 -46"><span class='ocrx_word' id='word_1_841' title='bbox 1889 4735 1942 4779; x_wconf 91' lang='lat' dir='ltr'><strong>ct</strong></span> <span class='ocrx_word' id='word_1_842' title='bbox 1986 4730 2273 4797; x_wconf 64' lang='lat' dir='ltr'><strong>aequitatis,</strong></span> <span class='ocrx_word' id='word_1_843' title='bbox 2325 4737 2590 4801; x_wconf 91' lang='lat' dir='ltr'><strong>quomodo</strong></span> <span class='ocrx_word' id='word_1_844' title='bbox 2635 4750 2716 4794; x_wconf 86' lang='lat' dir='ltr'><strong>est</strong></span> <span class='ocrx_word' id='word_1_845' title='bbox 2763 4743 3051 4800; x_wconf 88' lang='lat' dir='ltr'><strong>felicitatis.</strong></span> <span class='ocrx_word' id='word_1_846' title='bbox 3109 4749 3239 4804; x_wconf 81' lang='lat' dir='ltr'><strong>Nam</strong></span> <span class='ocrx_word' id='word_1_847' title='bbox 3284 4755 3467 4824; x_wconf 86' lang='lat' dir='ltr'><strong>utique</strong></span> 
     </span>
    </p>
   </div>
   <div class='ocr_carea' id='block_1_109' title="bbox 1887 4822 3458 4915">
    <p class='ocr_par' dir='ltr' id='par_1_109' title="bbox 1887 4822 3458 4915">
     <span class='ocr_line' id='line_1_109' title="bbox 1887 4822 3458 4915; baseline 0.02 -43"><span class='ocrx_word' id='word_1_848' title='bbox 1887 4822 2180 4888; x_wconf 88' lang='lat' dir='ltr'><strong>peccando,</strong></span> <span class='ocrx_word' id='word_1_849' title='bbox 2223 4840 2320 4878; x_wconf 82' lang='lat' dir='ltr'><strong>nec</strong></span> <span class='ocrx_word' id='word_1_850' title='bbox 2365 4829 2632 4895; x_wconf 88' lang='lat' dir='ltr'><strong>pietatem.</strong></span> <span class='ocrx_word' id='word_1_851' title='bbox 2676 4847 2773 4887; x_wconf 89' lang='lat' dir='ltr'><strong>nec</strong></span> <span class='ocrx_word' id='word_1_852' title='bbox 2811 4834 3121 4894; x_wconf 80' lang='lat' dir='ltr'><strong>felicitatem</strong></span> <span class='ocrx_word' id='word_1_853' title='bbox 3168 4822 3458 4915; x_wconf 81' lang='lat' dir='ltr'><strong>tenuimus,</strong></span> 
     </span>
    </p>
   </div>
   <div class='ocr_carea' id='block_1_110' title="bbox 1890 4911 3465 5006">
    <p class='ocr_par' dir='ltr' id='par_1_110' title="bbox 1890 4911 3465 5006">
     <span class='ocr_line' id='line_1_110' title="bbox 1890 4911 3465 5006; baseline 0.021 -45"><span class='ocrx_word' id='word_1_854' title='bbox 1890 4911 2216 4967; x_wconf 87' lang='lat' dir='ltr'><strong>voluntatem</strong></span> <span class='ocrx_word' id='word_1_855' title='bbox 2240 4930 2367 4969; x_wconf 90' lang='lat' dir='ltr'><strong>vero</strong></span> <span class='ocrx_word' id='word_1_856' title='bbox 2400 4918 2667 4974; x_wconf 83' lang='lat' dir='ltr'><strong>felicitatis</strong></span> <span class='ocrx_word' id='word_1_857' title='bbox 2698 4939 2795 4977; x_wconf 90' lang='lat' dir='ltr'><strong>nec</strong></span> <span class='ocrx_word' id='word_1_858' title='bbox 2825 4928 3026 4994; x_wconf 90' lang='lat' dir='ltr'><strong>perdita</strong></span> <span class='ocrx_word' id='word_1_859' title='bbox 3057 4931 3310 4990; x_wconf 85' lang='lat' dir='ltr'><strong>felicitate</strong></span> <span class='ocrx_word' id='word_1_860' title='bbox 3342 4911 3465 5006; x_wconf 73' lang='lat' dir='ltr'><strong>per-</strong></span> 
     </span>
    </p>
   </div>
   <div class='ocr_carea' id='block_1_111' title="bbox 1888 5000 3462 5097">
    <p class='ocr_par' dir='ltr' id='par_1_111' title="bbox 1888 5000 3462 5097">
     <span class='ocr_line' id='line_1_111' title="bbox 1888 5000 3462 5097; baseline 0.018 -45"><span class='ocrx_word' id='word_1_861' title='bbox 1888 5000 2139 5055; x_wconf 82' lang='lat' dir='ltr'><strong>didimus.</strong></span> <span class='ocrx_word' id='word_1_862' title='bbox 2186 5004 2345 5059; x_wconf 91' lang='lat' dir='ltr'><strong>Certe</strong></span> <span class='ocrx_word' id='word_1_863' title='bbox 2378 5005 2514 5062; x_wconf 90' lang='lat' dir='ltr'><strong>Deus</strong></span> <span class='ocrx_word' id='word_1_864' title='bbox 2556 5011 2670 5078; x_wconf 91' lang='lat' dir='ltr'><strong>ipse</strong></span> <span class='ocrx_word' id='word_1_865' title='bbox 2715 5015 2950 5083; x_wconf 91' lang='lat' dir='ltr'><strong>nunquid</strong></span> <span class='ocrx_word' id='word_1_866' title='bbox 2997 5023 3247 5086; x_wconf 88' lang='lat' dir='ltr'><strong>quoniam</strong></span> <span class='ocrx_word' id='word_1_867' title='bbox 3295 5000 3462 5097; x_wconf 72' lang='lat' dir='ltr'><strong>[quia]</strong></span> 
     </span>
    </p>
   </div>
   <div class='ocr_carea' id='block_1_112' title="bbox 1893 5099 3460 5169">
    <p class='ocr_par' dir='ltr' id='par_1_112' title="bbox 1893 5099 3460 5169">
     <span class='ocr_line' id='line_1_112' title="bbox 1893 5099 3460 5169; baseline 0.017 -26"><span class='ocrx_word' id='word_1_868' title='bbox 1893 5106 2116 5158; x_wconf 89' lang='lat' dir='ltr'><strong>peccare</strong></span> <span class='ocrx_word' id='word_1_869' title='bbox 2145 5110 2250 5148; x_wconf 93' lang='lat' dir='ltr'><strong>non</strong></span> <span class='ocrx_word' id='word_1_870' title='bbox 2291 5106 2481 5163; x_wconf 91' lang='lat' dir='ltr'><strong>potest,</strong></span> <span class='ocrx_word' id='word_1_871' title='bbox 2530 5099 2651 5155; x_wconf 92' lang='lat' dir='ltr'><strong>ideo</strong></span> <span class='ocrx_word' id='word_1_872' title='bbox 2683 5102 2905 5158; x_wconf 88' lang='lat' dir='ltr'><strong>liberum</strong></span> <span class='ocrx_word' id='word_1_873' title='bbox 2938 5109 3213 5164; x_wconf 83' lang='lat' dir='ltr'><strong>arbitrium</strong></span> <span class='ocrx_word' id='word_1_874' title='bbox 3263 5113 3460 5169; x_wconf 89' lang='lat' dir='ltr'><strong>habere</strong></span> 
     </span>
    </p>
   </div>
   <div class='ocr_carea' id='block_1_113' title="bbox 1888 5183 3456 5264">
    <p class='ocr_par' dir='ltr' id='par_1_113' title="bbox 1888 5183 3456 5264">
     <span class='ocr_line' id='line_1_113' title="bbox 1888 5183 3456 5264; baseline 0.017 -31"><span class='ocrx_word' id='word_1_875' title='bbox 1888 5183 2161 5250; x_wconf 82' lang='lat' dir='ltr'><strong>negandus</strong></span> <span class='ocrx_word' id='word_1_876' title='bbox 2202 5186 2318 5240; x_wconf 84' lang='lat' dir='ltr'><strong>est?</strong></span> <span class='ocrx_word' id='word_1_877' title='bbox 2371 5188 2482 5242; x_wconf 79' lang='lat' dir='ltr'><strong>Erit</strong></span> <span class='ocrx_word' id='word_1_878' title='bbox 2528 5206 2654 5260; x_wconf 88' lang='lat' dir='ltr'><strong>ergo</strong></span> <span class='ocrx_word' id='word_1_879' title='bbox 2692 5193 2836 5250; x_wconf 89' lang='lat' dir='ltr'><strong>illius</strong></span> <span class='ocrx_word' id='word_1_880' title='bbox 2879 5200 3125 5264; x_wconf 77' lang='lat' dir='ltr'><strong>civitats,</strong></span> <span class='ocrx_word' id='word_1_881' title='bbox 3166 5214 3220 5258; x_wconf 90' lang='lat' dir='ltr'><strong>et</strong></span> <span class='ocrx_word' id='word_1_882' title='bbox 3256 5220 3358 5258; x_wconf 88' lang='lat' dir='ltr'><strong>ttna</strong></span> <span class='ocrx_word' id='word_1_883' title='bbox 3404 5207 3456 5260; x_wconf 92' lang='lat' dir='ltr'><strong>in</strong></span> 
     </span>
    </p>
   </div>
   <div class='ocr_carea' id='block_1_114' title="bbox 1883 5273 3456 5360">
    <p class='ocr_par' dir='ltr' id='par_1_114' title="bbox 1883 5273 3456 5360">
     <span class='ocr_line' id='line_1_114' title="bbox 1883 5273 3456 5360; baseline 0.017 -37"><span class='ocrx_word' id='word_1_884' title='bbox 1883 5273 2154 5339; x_wconf 86' lang='lat' dir='ltr'><strong>omnibus,</strong></span> <span class='ocrx_word' id='word_1_885' title='bbox 2187 5285 2241 5330; x_wconf 89' lang='lat' dir='ltr'><strong>et</strong></span> <span class='ocrx_word' id='word_1_886' title='bbox 2273 5277 2649 5347; x_wconf 89' lang='lat' dir='ltr'><strong>inseparabilis</strong></span> <span class='ocrx_word' id='word_1_887' title='bbox 2677 5286 2729 5338; x_wconf 93' lang='lat' dir='ltr'><strong>in</strong></span> <span class='ocrx_word' id='word_1_888' title='bbox 2753 5287 2976 5358; x_wconf 85' lang='lat' dir='ltr'><strong>singulis</strong></span> <span class='ocrx_word' id='word_1_889' title='bbox 3003 5294 3242 5348; x_wconf 87' lang='lat' dir='ltr'><strong>voluntas</strong></span> <span class='ocrx_word' id='word_1_890' title='bbox 3265 5294 3456 5360; x_wconf 90' lang='lat' dir='ltr'><strong>libera,</strong></span> 
     </span>
    </p>
   </div>
   <div class='ocr_carea' id='block_1_115' title="bbox 1881 5363 3454 5445">
    <p class='ocr_par' dir='ltr' id='par_1_115' title="bbox 1881 5363 3454 5445">
     <span class='ocr_line' id='line_1_115' title="bbox 1881 5363 3454 5445; baseline 0.017 -31"><span class='ocrx_word' id='word_1_891' title='bbox 1881 5363 1948 5417; x_wconf 90' lang='lat' dir='ltr'><strong>ab</strong></span> <span class='ocrx_word' id='word_1_892' title='bbox 1973 5368 2116 5418; x_wconf 90' lang='lat' dir='ltr'><strong>omni</strong></span> <span class='ocrx_word' id='word_1_893' title='bbox 2143 5368 2281 5421; x_wconf 83' lang='lat' dir='ltr'><strong>malo</strong></span> <span class='ocrx_word' id='word_1_894' title='bbox 2309 5370 2547 5439; x_wconf 88' lang='lat' dir='ltr'><strong>liberata,</strong></span> <span class='ocrx_word' id='word_1_895' title='bbox 2584 5383 2637 5428; x_wconf 92' lang='lat' dir='ltr'><strong>et</strong></span> <span class='ocrx_word' id='word_1_896' title='bbox 2659 5375 2875 5445; x_wconf 89' lang='lat' dir='ltr'><strong>impleta</strong></span> <span class='ocrx_word' id='word_1_897' title='bbox 2906 5381 3048 5434; x_wconf 90' lang='lat' dir='ltr'><strong>omni</strong></span> <span class='ocrx_word' id='word_1_898' title='bbox 3080 5381 3238 5445; x_wconf 87' lang='lat' dir='ltr'><strong>bono,</strong></span> <span class='ocrx_word' id='word_1_899' title='bbox 3271 5383 3454 5440; x_wconf 86' lang='lat' dir='ltr'><strong>fruens</strong></span> 
     </span>
    </p>
   </div>
   <div class='ocr_carea' id='block_1_116' title="bbox 1881 5454 3451 5542">
    <p class='ocr_par' dir='ltr' id='par_1_116' title="bbox 1881 5454 3451 5542">
     <span class='ocr_line' id='line_1_116' title="bbox 1881 5454 3451 5542; baseline 0.013 -36"><span class='ocrx_word' id='word_1_900' title='bbox 1881 5454 2254 5513; x_wconf 89' lang='lat' dir='ltr'><strong>indelicienter</strong></span> <span class='ocrx_word' id='word_1_901' title='bbox 2323 5471 2646 5519; x_wconf 69' lang='lat' dir='ltr'><strong>mteruorum</strong></span> <span class='ocrx_word' id='word_1_902' title='bbox 2708 5469 3035 5536; x_wconf 87' lang='lat' dir='ltr'><strong>jucunditate</strong></span> <span class='ocrx_word' id='word_1_903' title='bbox 3096 5474 3451 5542; x_wconf 87' lang='lat' dir='ltr'><strong>gaudiorum,</strong></span> 
     </span>
    </p>
   </div>
   <div class='ocr_carea' id='block_1_117' title="bbox 1880 5545 3451 5625">
    <p class='ocr_par' dir='ltr' id='par_1_117' title="bbox 1880 5545 3451 5625">
     <span class='ocr_line' id='line_1_117' title="bbox 1880 5545 3451 5625; baseline 0.02 -31"><span class='ocrx_word' id='word_1_904' title='bbox 1880 5545 2042 5598; x_wconf 88' lang='lat' dir='ltr'><strong>oblita</strong></span> <span class='ocrx_word' id='word_1_905' title='bbox 2095 5549 2394 5618; x_wconf 90' lang='lat' dir='ltr'><strong>culparum,</strong></span> <span class='ocrx_word' id='word_1_906' title='bbox 2448 5555 2612 5608; x_wconf 89' lang='lat' dir='ltr'><strong>oblita</strong></span> <span class='ocrx_word' id='word_1_907' title='bbox 2645 5573 2940 5625; x_wconf 65' lang='lat' dir='ltr'><strong>pinnarum,</strong></span> <span class='ocrx_word' id='word_1_908' title='bbox 2988 5578 3086 5616; x_wconf 90' lang='lat' dir='ltr'><strong>nec</strong></span> <span class='ocrx_word' id='word_1_909' title='bbox 3127 5566 3246 5619; x_wconf 92' lang='lat' dir='ltr'><strong>ideo</strong></span> <span class='ocrx_word' id='word_1_910' title='bbox 3277 5579 3451 5624; x_wconf 85' lang='lat' dir='ltr'><strong>tamen</strong></span> 
     </span>
    </p>
   </div>
   <div class='ocr_carea' id='block_1_118' title="bbox 1878 5637 3464 5718">
    <p class='ocr_par' dir='ltr' id='par_1_118' title="bbox 1878 5637 3464 5718">
     <span class='ocr_line' id='line_1_118' title="bbox 1878 5637 3464 5718; baseline 0.02 -33"><span class='ocrx_word' id='word_1_911' title='bbox 1878 5649 1991 5688; x_wconf 87' lang='lat' dir='ltr'><strong>suae</strong></span> <span class='ocrx_word' id='word_1_912' title='bbox 2049 5637 2378 5695; x_wconf 82' lang='lat' dir='ltr'><strong>liberationis</strong></span> <span class='ocrx_word' id='word_1_913' title='bbox 2431 5644 2614 5710; x_wconf 89' lang='lat' dir='ltr'><strong>oblita,</strong></span> <span class='ocrx_word' id='word_1_914' title='bbox 2674 5658 2731 5700; x_wconf 89' lang='lat' dir='ltr'><strong>ut</strong></span> <span class='ocrx_word' id='word_1_915' title='bbox 2771 5650 3036 5705; x_wconf 89' lang='lat' dir='ltr'><strong>liberatori</strong></span> <span class='ocrx_word' id='word_1_916' title='bbox 3077 5669 3176 5709; x_wconf 89' lang='lat' dir='ltr'><strong>suo</strong></span> <span class='ocrx_word' id='word_1_917' title='bbox 3229 5674 3333 5712; x_wconf 87' lang='lat' dir='ltr'><strong>non</strong></span> <span class='ocrx_word' id='word_1_918' title='bbox 3385 5661 3464 5718; x_wconf 87' lang='lat' dir='ltr'><strong>sit.</strong></span> 
     </span>
    </p>
   </div>
   <div class='ocr_carea' id='block_1_119' title="bbox 1877 5727 3452 5814">
    <p class='ocr_par' dir='ltr' id='par_1_119' title="bbox 1877 5727 3452 5814">
     <span class='ocr_line' id='line_1_119' title="bbox 1877 5727 3452 5814; baseline 0.022 -39"><span class='ocrx_word' id='word_1_919' title='bbox 1877 5735 2048 5792; x_wconf 78' lang='lat' dir='ltr'><strong>grata.</strong></span> <span class='ocrx_word' id='word_1_920' title='bbox 2105 5727 2371 5794; x_wconf 89' lang='lat' dir='ltr'><strong>Quantum</strong></span> <span class='ocrx_word' id='word_1_921' title='bbox 2404 5749 2532 5802; x_wconf 90' lang='lat' dir='ltr'><strong>ergo</strong></span> <span class='ocrx_word' id='word_1_922' title='bbox 2558 5736 2745 5791; x_wconf 87' lang='lat' dir='ltr'><strong>attinet</strong></span> <span class='ocrx_word' id='word_1_923' title='bbox 2779 5742 2844 5793; x_wconf 88' lang='lat' dir='ltr'><strong>ad</strong></span> <span class='ocrx_word' id='word_1_924' title='bbox 2885 5743 3162 5814; x_wconf 87' lang='lat' dir='ltr'><strong>scientiam</strong></span> <span class='ocrx_word' id='word_1_925' title='bbox 3215 5751 3452 5809; x_wconf 79' lang='lat' dir='ltr'><strong>rationa-</strong></span> 
     </span>
    </p>
   </div>
   <div class='ocr_carea' id='block_1_120' title="bbox 1881 5815 3448 5915">
    <p class='ocr_par' dir='ltr' id='par_1_120' title="bbox 1881 5815 3448 5915">
     <span class='ocr_line' id='line_1_120' title="bbox 1881 5815 3448 5915; baseline 0.021 -49"><span class='ocrx_word' id='word_1_926' title='bbox 1881 5815 2006 5881; x_wconf 86' lang='lat' dir='ltr'><strong>lem,</strong></span> <span class='ocrx_word' id='word_1_927' title='bbox 2061 5834 2266 5876; x_wconf 77' lang='lat' dir='ltr'><strong>nientor</strong></span> <span class='ocrx_word' id='word_1_928' title='bbox 2294 5825 2681 5892; x_wconf 67' lang='lat' dir='ltr'><strong>prieteritorum</strong></span> <span class='ocrx_word' id='word_1_929' title='bbox 2711 5830 2869 5887; x_wconf 86' lang='lat' dir='ltr'><strong>etiam</strong></span> <span class='ocrx_word' id='word_1_930' title='bbox 2902 5836 3163 5894; x_wconf 81' lang='lat' dir='ltr'><strong>malorum</strong></span> <span class='ocrx_word' id='word_1_931' title='bbox 3209 5858 3448 5915; x_wconf 76' lang='lat' dir='ltr'><strong>suorum,</strong></span> 
     </span>
    </p>
   </div>
  </div>
