3990 6180
488 345 590 402 819

1565 349 1626 404 D.
1672 344 1987 406 EL'GYPPII
2032 343 2316 399 ABBATIS
2357 342 2676 398 AFRICANI
3626 340 3719 393 θέω

487 495 741 552 quantum
770 494 943 541 autem
975 490 1039 541 ad
1069 489 1402 557 experientis
1432 503 1670 554 sensum,
1705 502 1924 558 prorsus
1954 484 2054 538 im-
2089 489 2135 541 A
2165 496 2312 536 mero
2342 484 2769 552 generationum.
2804 480 2979 536 Denas
3009 481 3204 550 quippe
3244 481 3444 536 habere
3473 486 3733 550 reperiun-

491 593 716 633 mcmor.
771 579 899 633 Nam
956 590 1008 634 et
1054 581 1407 648 peritissimus
1451 581 1709 643 medicus,
1759 580 1895 632 sicut
1944 589 2058 633 arte

489 669 747 733 sciuntur,
781 684 965 723 omnis
1005 670 1116 724 fere
1161 671 1378 725 morbos
1418 670 1658 740 corporis
1701 669 1876 733 novit,
1921 671 2063 723 sicut

488 771 664 814 autem
709 775 937 829 corpore
987 762 1328 826 sentiuntur,
1377 762 1636 831 plurimos
1683 759 1874 824 nescit,
1927 774 2061 826 quos

491 851 606 918 ipse
636 866 737 905 non
763 866 949 920 passus
975 863 1077 906 est.
1112 852 1178 907 Ut
1213 867 1342 922 ergo
1371 852 1612 906 scientia:
1648 850 1909 906 malorum
1940 851 2061 903 dum:

489 952 633 1005 sunt,
680 956 781 995 una
812 957 914 1012 qua
963 944 1250 1010 potentiam
1284 943 1479 998 mentis
1522 957 1626 997 non
1657 943 1853 1009 latent,
1894 943 2061 996 altera

491 1045 596 1100 qua
639 1033 967 1100 expeslentis
1021 1033 1267 1089 sensibus
1320 1035 1582 1089 inhaerent
1622 1033 1814 1104 (aliter
1867 1035 2062 1104 quippe

491 1122 732 1174 sciuntur
756 1123 882 1176 vitia
913 1124 1090 1177 omnia
1136 1139 1231 1193 per
1262 1124 1538 1193 sapientia.-
1567 1123 1884 1187 doctrinam,
1909 1122 2064 1176 aliter

495 1227 590 1280 per
633 1212 930 1281 insipientis
975 1213 1258 1281 pessimam
1301 1215 1519 1284 vitam);
1564 1214 1632 1268 ita
1683 1223 1737 1269 et
1767 1214 2064 1268 obliviones

493 1302 754 1356 malorum
802 1303 921 1356 duae
968 1312 1092 1358 sunt
1139 1305 1318 1371 (aliter
1365 1319 1428 1360 ea
1461 1319 1690 1373 namque
1731 1303 2066 1358 obliviscitur

494 1393 734 1448 eruditus
763 1403 815 1449 et
841 1395 1050 1459 doctus,
1079 1397 1235 1450 aliter
1264 1407 1518 1466 expertus
1546 1406 1597 1450 et
1630 1397 1869 1465 passus);
1903 1395 1992 1450 ille
2021 1397 2064 1449 si

494 1485 736 1552 peritiam
776 1487 1027 1555 negligat,
1063 1490 1163 1542 iste
1192 1488 1236 1543 si
1265 1489 1476 1543 miseria
1518 1497 1718 1543 careat.
1763 1488 2065 1544 Secundum

496 1579 632 1630 hanc
674 1576 996 1632 oblivionem
1038 1594 1194 1648 quam
1244 1582 1540 1648 posteriore
1582 1580 1699 1634 loco
1736 1581 1909 1650 posui,
1963 1596 2068 1634 non

495 1677 650 1721 erunt
682 1683 947 1723 memores
975 1671 1143 1725 sancti
1179 1671 1570 1739 praeteritorum
1605 1672 1862 1725 malorum
1886 1689 1897 1724 :
1919 1684 2069 1725 care-

495 1760 629 1814 bant
657 1757 796 1815 enim
826 1762 1072 1817 omnibus
1120 1762 1340 1836 [melis],
1375 1764 1442 1818 ita
1477 1773 1531 1816 ut
1560 1765 1770 1833 penitus
1793 1763 2071 1818 deleantur

2165 581 2266 638 tur,
2328 572 2450 626 hinc.
2479 576 2586 639 jam
2627 571 2764 626 sicut
2805 571 3141 639 Evangelista
3183 570 3467 625 Matthzeus
3495 571 3736 625 determi-

2164 670 2274 728 nat,
2310 671 2418 716 tres
2463 671 2646 716 a-tates
2691 677 2859 729 usque
2898 662 2962 715 ad
2995 661 3192 717 Christi
3221 663 3614 731 subsequuntur
3641 664 3729 717 ad-

2167 757 2402 816 ventum,
2425 763 2542 817 quae
2569 750 2788 819 six-gula:
2817 749 2968 802 denis
2995 757 3048 803 et
3069 750 3343 818 quaternis
3375 753 3727 818 generationi-

2165 838 2263 892 bus
2291 840 2642 907 explicantur,
2690 839 2756 892 ab
2789 838 3056 892 Abraham
3099 854 3264 907 usque
3303 839 3369 892 ad
3403 839 3564 894 David
3597 856 3730 905 una,

2164 929 2328 983 altera
2369 928 2494 983 inde
2530 943 2698 998 usque
2743 927 2806 981 ad
2850 928 3373 996 transmigrationem
3429 929 3481 982 in
3524 929 3743 998 Babylo-

2167 1019 2328 1083 niam,
2381 1021 2538 1074 tertia
2572 1019 2696 1073 inde
2737 1032 2904 1087 usque
2931 1020 2997 1072 ad
3029 1017 3301 1095 carnalem
3331 1017 3530 1071 Christi
3563 1019 3747 1073 nativi-

2170 1118 2357 1165 tatem.
2385 1109 2546 1164 Fiunt
2573 1109 2749 1178 itaque
2777 1121 2964 1162 omnes
2983 1108 3218 1176 quinque
3249 1124 3262 1158 :
3290 1106 3451 1162 Sexta
3485 1122 3626 1161 nunc
3649 1107 3749 1176 agi-

2173 1209 2276 1265 tur,
2331 1201 2476 1253 nullo
2514 1199 2916 1269 generationum
2962 1210 3185 1250 numero
3224 1196 3491 1249 metienda
3535 1207 3749 1264 propter

2169 1287 2221 1342 id
2247 1289 2386 1357 quod
2417 1288 2616 1342 dietum
2647 1295 2729 1340 est
2759 1303 2773 1339 :
2801 1285 2913 1339 Non
2944 1293 3026 1338 est
3058 1294 3291 1336 vestrum
3320 1285 3461 1338 scire
3489 1293 3746 1352 tempora,

2168 1393 2288 1447 qua:
2316 1378 2471 1432 Pater
2497 1378 2673 1445 posuit
2695 1377 2746 1430 in
2779 1389 2872 1430 sua
2895 1383 3176 1444 patestate.
3204 1374 3327 1428 Post
3344 1374 3481 1428 hanc
3505 1386 3748 1444 tanquam

2170 1467 2222 1520 in
2251 1468 2337 1522 die
2383 1469 2611 1535 septimo
2641 1466 2941 1534 requiescet
2971 1467 3142 1528 Deus,
3183 1479 3304 1518 cum
3331 1465 3578 1520 eumdem
3612 1467 3749 1518 diem

2170 1557 2476 1627 septimum,
2529 1557 2671 1626 quod
2703 1570 2799 1611 nos
2821 1556 3025 1610 erimus
3070 1552 3220 1626 [Post
3249 1557 3382 1610 hanc
3412 1565 3661 1619 tanquam
3705 1557 3751 1611 in

2175 1649 2262 1703 die
2308 1649 2536 1716 septimo
2589 1647 2890 1714 requiescet
2946 1645 3088 1700 Deus
3134 1661 3251 1700 cum
3311 1645 3560 1699 eumdem
3613 1645 3750 1699 diem

2177 1737 2458 1806 septimum
2485 1736 2626 1804 quod
2643 1751 2748 1790 nos
2776 1732 3020 1808 erimus].
3047 1735 3098 1788 in
3122 1750 3180 1790 se
3209 1738 3322 1805 ipso
3348 1736 3454 1788 Deo
3480 1734 3638 1788 faciet
3665 1750 3743 1787 re-

497 1851 564 1905 de
587 1849 837 1906 sensibus
864 1867 1070 1907 eorum.
1119 1853 1192 1908 ι..
1225 1862 1400 1908 tamen
1427 1853 1662 1922 potentia
1693 1855 1928 1909 scientia:
1953 1870 2070 1924 qua:

2184 1827 2466 1895 quiescere.
2499 1826 2573 1880 De
2605 1825 2724 1879 istis
2764 1839 2927 1894 porro
2969 1826 3213 1880 aetatibus
3241 1825 3464 1895 singulis
3492 1839 3632 1879 nunc
3660 1825 3736 1878 di-

499 1954 688 1998 mama
734 1941 786 1993 in
818 1942 896 1995 eis
941 1943 1065 2005 erit,
1108 1957 1211 1996 non
1257 1943 1428 1997 solum
1477 1955 1571 1996 sua
1621 1943 1926 2010 praeterita,
1975 1943 2070 1997 sed

501 2030 660 2083 etiam
692 2029 1065 2085 damnatorum
1094 2047 1188 2086 eos
1217 2031 1541 2101 sempiterna
1574 2033 1787 2087 mi~eria
1818 2047 1919 2088 non
1947 2033 2073 2087 late-

502 2121 595 2176 bit.
621 2121 868 2192 Alioquin
891 2125 933 2177 sl
959 2139 1016 2177 se
1043 2122 1206 2178 fuisse
1236 2125 1464 2179 miseros
1497 2125 1747 2179 nescitnri
1775 2132 1919 2189 sunt,
1945 2139 2077 2194 quo-

502 2213 685 2278 modo,
734 2215 876 2268 sicut
912 2213 985 2268 ait
1024 2215 1280 2284 psalmus,
1331 2215 1722 2270 Misericordias
1772 2216 1980 2270 Domini
2021 2215 2072 2270 in

502 2316 759 2363 mternum
787 2309 1113 2364 cantabunt?
1153 2310 1270 2378 Quo
1297 2310 1506 2365 cantico
1545 2310 1600 2364 in
1637 2311 1858 2380 gloriam
1890 2311 2075 2380 gratia:

502 2399 724 2462 Christi,
752 2401 903 2472 cujus
933 2399 1412 2468 sanguineliberati
1437 2415 1642 2463 sumus,
1673 2399 1802 2452 nihil
1824 2400 1924 2454 erit
1950 2414 2072 2468 pro-

505 2491 644 2544 fecto
673 2488 744 2542 illi
773 2489 1057 2557 jucundius
1101 2489 1322 2544 civitati.
1362 2489 1438 2544 lbi
1484 2489 1824 2562 perﬁcietur:
1859 2489 2070 2552 Vacate,

503 2592 557 2635 et
589 2580 798 2644 Videte,
848 2582 1100 2648 quonfam
1139 2595 1237 2650 ego
1278 2594 1394 2634 sum
1442 2581 1601 2644 Deus,
1634 2580 1774 2648 quod
1817 2579 1920 2634 erit
1951 2594 2076 2633 vere

506 2671 796 2726 maximum
839 2669 1132 2724 Sabbatum
1181 2684 1284 2723 non
1335 2669 1535 2724 habens
1577 2684 1896 2740 vesperam,
1938 2669 2075 2738 quod

506 2762 778 2816 mandavit
819 2759 1255 2833 [commendavit]
1304 2762 1556 2816 Dominus
1590 2762 1641 2816 in
1682 2761 1866 2830 primis
1896 2763 2074 2831 operi—

509 2857 605 2910 bus
630 2856 830 2919 mundi,
865 2854 955 2910 ubi
996 2855 1224 2924 legitur:
1261 2854 1325 2909 Et
1357 2853 1619 2924 requievit
1659 2853 1798 2908 Deus
1837 2854 1924 2908 die
1961 2869 2080 2923 sep-

509 2948 636 3002 timo
673 2949 741 3002 ab
769 2948 1018 3002 omnibus
1049 2947 1299 3016 operibus
1339 2948 1450 3001 suis
1479 2963 1599 3018 qua:
1640 2946 1789 3011 fecit,
1832 2959 1883 3003 et
1914 2947 2080 3002 bene-

509 3039 649 3094 dixit
691 3039 831 3094 Deus
875 3040 1015 3094 diem
1055 3039 1378 3108 septimum,
1428 3049 1480 3092 et
1527 3039 1877 3093 sanctiﬁcavit
1923 3053 2079 3104 eum,

510 3131 631 3198 quia
660 3130 712 3184 in
740 3145 806 3184 eo
845 3131 1106 3198 requievit
1133 3129 1201 3182 ab
1239 3127 1487 3183 omnibus
1513 3127 1764 3196 operibus
1788 3128 1923 3194 suis,
1963 3143 2081 3197 quae

2179 1920 2403 1984 ligenter
2453 1918 2669 1986 longum
2699 1925 2783 1972 est
2820 1917 3120 1985 disputare,
3174 1919 3287 1971 lnec
3320 1927 3499 1971 tamen
3531 1918 3753 1984 septima

2175 2009 2277 2063 erit
2322 2008 2613 2062 Sabbatum
2642 2017 2882 2062 nostrum
2911 2005 3060 2076 cujus
3090 2008 3210 2061 ﬁnis
3243 2022 3344 2061 non
3376 2007 3478 2060 erit
3510 2022 3749 2077 vespera,

2175 2101 2266 2155 sed
2313 2099 2621 2153 Dominicus
2673 2098 2819 2161 dies,
2882 2097 3027 2151 velut
3077 2105 3298 2151 octavus
3354 2107 3594 2150 aeternus
3652 2098 3736 2165 qui

2177 2188 2370 2242 Christi
2401 2188 2792 2242 resurrectione
2832 2192 3072 2240 sacratus
3099 2193 3200 2248 est,
3238 2192 3498 2239 aeternam
3530 2200 3632 2237 non
3664 2199 3742 2237 so-

2179 2279 2284 2333 lum
2306 2277 2547 2345 spiritus,
2575 2291 2761 2329 verum
2787 2273 2946 2330 etiam
2977 2274 3217 2341 corporis
3243 2273 3486 2343 requiem
3513 2274 3749 2342 praeﬁgu-

2179 2384 2323 2423 rans.
2357 2369 2437 2423 lbi
2467 2366 2776 2422 vacabimus
2799 2375 2853 2419 et
2878 2366 3195 2432 videbimus,
3222 2365 3525 2420 videbimus
3555 2374 3611 2418 et
3631 2380 3752 2417 ama

2179 2460 2378 2525 bimus,
2413 2459 2712 2513 amabimus
2743 2467 2798 2513 et
2828 2457 3193 2523 laudabimus;
3245 2473 3372 2513 ecce
3412 2459 3553 2528 quod
3583 2460 3682 2511 erit
3709 2460 3753 2508 in

2181 2551 2304 2618 ﬁne,
2332 2553 2445 2605 sine
2473 2551 2598 2606 ﬁne.
2647 2550 2774 2604 Nam
2803 2551 2920 2620 quis
2956 2551 3094 2605 alitts
3135 2559 3314 2604 noster
3351 2561 3434 2604 est
3475 2550 3621 2615 ﬁnis,
3662 2551 3754 2604 nisi

2182 2644 2456 2714 pervenire
2482 2643 2546 2698 ad
2578 2658 2798 2714 regnum
2827 2641 2979 2712 cujus
3005 2641 3178 2696 nullus
3207 2649 3290 2695 est
3321 2639 3478 2694 ﬁnis?

2613 2778 2770 2849 109
2805 2774 3032 2831 CAPUT
3068 2773 3319 2829 ccxvu.

2186 2891 2452 2958 Quomodo
2482 2891 2624 2943 dicnf'
2655 2887 2930 2940 dlat‘hwus
2971 2886 3349 2958 Centurionemg
3375 2885 3445 2936 ad
3483 2883 3744 2938 Dominum

2251 2962 2520 3014 accessisse
2537 2977 2628 3027 pro
2654 2975 2808 3019 puero
2835 2974 2946 3019 suo,
2971 2974 3081 3008 cum
3105 2955 3434 3027 Lucrts__dicat
3461 2957 3601 3022 quod
3628 2959 3746 3006 arni-

2254 3047 2339 3084 cos
2360 3031 2427 3084 ad
2455 3024 2569 3083 eum
2603 3030 2814 3094 miserit,
2839 3044 2904 3082 ea;
2941 3029 3070 3080 libro
3101 3041 3134 3079 tt
3165 3026 3230 3078 de
3259 3024 3522 3080 Consensu
3551 3041 3749 3097 cvange-

2256 3103 2515 3169 listarum,
2549 3099 2697 3151 titulo
2726 3114 2816 3150 xx.

512 3219 781 3275 inchoavit
809 3220 946 3275 Deus
972 3220 1163 3276 facere.
1198 3219 1319 3274 Dies
1344 3220 1485 3273 enim
1515 3218 1772 3287 septimus
1794 3219 1952 3273 etiam
1985 3236 2082 3272 nos
2111 3202 2157 3264 Ο
2264 3213 2548 3267 Videamus
2588 3219 2762 3264 utrum
2809 3206 2909 3262 sibi
2957 3206 3023 3260 de
3053 3219 3208 3261 servo
3255 3204 3600 3259 Centurionis
3626 3203 3748 3256 Mat-

512 3310 611 3379 ipsi
638 3311 860 3377 erimus,
907 3310 1120 3381 quando
1164 3310 1280 3379 ejus
1320 3309 1578 3364 fuerimus
1624 3309 1994 3364 benedictione
2031 3319 2086 3365 et

513 3401 936 3455 sanctiﬁcatione
981 3401 1120 3470 pleni
1150 3412 1310 3472 atque
1343 3402 1558 3470 perfecti
1596 3400 1850 3472 [refecti],
1894 3402 1963 3455 ibi
1997 3417 2085 3454 va-

513 3499 697 3545 cantes
724 3491 1022 3544 videbimus
1049 3492 1297 3558 quoniam
1330 3492 1443 3560 ipse
1464 3499 1546 3544 est
1574 3491 1734 3553 Deus,
1758 3489 1899 3558 quod
1931 3491 2085 3543 nob's

516 3599 614 3639 nos
635 3585 733 3651 ipsi
765 3598 885 3638 esse
909 3584 1170 3638 voluimus
1197 3583 1412 3654 quando
1442 3583 1509 3636 ab
1535 3582 1626 3636 illo
1655 3583 1965 3647 cecidimus,
1993 3597 2085 3635 au-

516 3677 723 3731 dientes
744 3691 772 3729 a
805 3675 1090 3730 seductore
1115 3693 1128 3730 :
1153 3675 1320 3730 Eritis
1347 3675 1485 3729 sicut
1512 3673 1616 3738 dii;
1651 3681 1703 3727 et
1730 3673 2084 3727 recedentesa

516 3784 645 3823 veru
679 3768 807 3832 Deo,
857 3782 963 3836 quo
1006 3767 1232 3822 faciente
1263 3765 1335 3819 dii
1376 3779 1616 3819 essemus
1656 3764 1771 3831 ejus
1806 3763 2088 3832 participa-

517 3861 684 3928 tione,
711 3873 816 3912 nou
855 3858 1178 3912 desertione.
1221 3855 1357 3923 Quid
1389 3856 1532 3910 enim
1572 3854 1688 3909 sine
1728 3853 1818 3907 illo
1846 3853 2085 3918 fecimus,

519 3951 618 4006 nisi
655 3952 792 4020 quod
825 3950 876 4004 in
904 3951 978 4004 ira
1010 3949 1124 4018 ejus
1147 3949 1464 4012 defecimus,
1495 3963 1523 4000 a
1548 3963 1653 4015 quo
1674 3947 1854 4003 refecti
1885 3956 1938 4000 et
1963 3962 2077 4015 gra-

519 4045 590 4099 tia
624 4043 824 4114 majore
855 4040 1100 4112 perfecti,
1133 4040 1442 4094 vacabimus
1471 4038 1522 4091 in
1554 4037 2087 4104 :eternum,videntes

517 4137 638 4207 quia
666 4138 780 4206 ipse
801 4143 885 4189 est
909 4135 1064 4194 Deus.
1093 4146 1199 4201 quo
1222 4131 1360 4200 pleni
1388 4131 1587 4183 erimus
1615 4127 1824 4196 quando
1851 4127 1964 4196 ipse
1986 4127 2089 4180 erit

518 4229 694 4282 omnia
736 4228 787 4281 in
816 4223 1086 4280 omnibus.
1134 4223 1261 4277 Nam
1295 4231 1349 4275 et
1379 4221 1491 4288 ipsa
1520 4235 1679 4288 opera
1719 4218 1852 4272 bona
1883 4227 2085 4283 nostra,

521 4318 736 4389 quando
767 4318 932 4384 ipsius
966 4315 1140 4384 potius
1168 4313 1538 4382 intelliguntur
1558 4325 1674 4365 esse
1703 4326 1855 4377 quam
1886 4318 2086 4373 nostra,

521 4423 646 4467 tunc
675 4413 824 4466 nobis
848 4411 912 4464 ad
946 4410 1046 4463 hoc
1076 4408 1365 4462 Sabbatum
1391 4403 1788 4474 adipiscendum
1821 4404 2084 4470 imputan-

522 4517 626 4568 tur,
651 4504 770 4572 quia
794 4503 836 4556 si
871 4501 1023 4555 nobis
1047 4514 1108 4553 ea
1141 4497 1482 4552 tribuerimus
1517 4494 1724 4550 servilia
1756 4503 1933 4558 erunt,
1967 4508 2087 4552 cum

521 4595 588 4646 de
630 4592 858 4647 Sabbato
881 4591 1123 4644 dicatur:
1158 4588 1326 4643 Omne
1350 4601 1484 4655 opus
1515 4585 1710 4640 servile
1741 4600 1844 4638 non
1886 4583 2094 4638 facietis

523 4687 574 4738 in
603 4699 688 4739 eo.
717 4684 941 4752 Propter
966 4681 1104 4751 quod
1131 4695 1224 4750 per
1251 4678 1586 4734 Ezechieiem
1619 4676 1930 4746 prophetam
1960 4676 2094 4730 dici-

525 4787 648 4829 tur:
678 4775 742 4828 Et
767 4775 994 4829 Sabbata
1026 4788 1143 4828 mea
1174 4770 1297 4826 dedi
1328 4770 1404 4824 eis
1436 4769 1485 4823 in
1521 4768 1729 4839 signum
1765 4769 1904 4822 inter
1933 4783 2018 4822 me
2043 4775 2096 4821 et

524 4870 664 4924 inter
688 4881 800 4931 eos,
835 4875 893 4924 ut
930 4868 1148 4929 scirent,
1174 4865 1299 4932 quia
1325 4877 1426 4932 ego
1459 4861 1715 4916 Dominus
1742 4859 1831 4930 qui
1863 4857 2097 4915 sanctiﬁ-

525 4973 589 5012 co
612 4971 704 5009 eos
728 4951 954 5024 [refecti]
982 4972 995 5008 :
1025 4955 1126 5009 hoc
1165 4953 1396 5022 perfecte
1425 4950 1748 5016 vacabimus,
1783 4959 1837 5004 et
1866 4950 2099 5018 perfecte

523 5047 822 5101 videbimus
847 5045 966 5112 quia
1000 5045 1111 5112 ipse
1134 5053 1216 5098 est
1240 5042 1377 5097 Deus
1401 5041 1523 5115 [ltoc
1552 5043 1783 5110 perfecte
1807 5049 1930 5096 tunc
1961 5040 2098 5094 scie-

527 5153 643 5193 mus
672 5137 882 5207 quando
912 5135 1142 5202 perfecte
1173 5133 1495 5197 vacabitnus,
1529 5143 1583 5187 et
1613 5130 1848 5201 perfecte
1890 5131 2096 5185 videbi-

527 5246 662 5294 mus,
697 5229 816 5298 quia
847 5227 961 5296 ipse
991 5235 1074 5279 est
1116 5221 1303 5292 Deus].
1337 5225 1453 5290 Ipse
1481 5224 1640 5276 etiam
1682 5237 1934 5276 nmnerus
1965 5232 2094 5276 teta-

527 5336 638 5378 tum
664 5321 822 5376 veluti
848 5321 1075 5384 dierum,
1109 5317 1152 5370 si
1175 5316 1464 5370 secundum
1493 5330 1585 5370 eos
1609 5317 1861 5370 articulos
1892 5323 2099 5380 tempo-

526 5419 599 5471 ris
639 5423 979 5483 computetur
1023 5410 1114 5479 qui
1143 5411 1192 5462 in
1223 5407 1500 5472 scripturis
1530 5407 1779 5460 videntur
1824 5405 2096 5474 expressi,

530 5508 629 5560 iste
659 5504 1014 5559 sabbatismus
1039 5497 1340 5555 evidentius
1370 5498 1664 5564 apparebit,
1693 5495 1941 5566 quoniam
1972 5509 2096 5562 sep-

528 5601 688 5650 timus
714 5596 982 5650 invenitur
1014 5604 1069 5645 ut
1100 5593 1267 5660 prima
1299 5600 1450 5652 tetas,
1478 5597 1725 5654 tanquam
1753 5588 1952 5656 primus
1983 5587 2096 5638 dies

530 5688 592 5739 sit
625 5687 691 5738 ab
729 5687 919 5751 Adam,
963 5699 1128 5753 usque
1158 5683 1220 5735 ad
1253 5682 1530 5736 diluvium.
1577 5677 1816 5733 Secunda
1849 5676 1970 5731 inde
2004 5690 2092 5728 ns-

532 5790 632 5841 que
663 5778 726 5830 ad
751 5778 1015 5830 Alraham
1048 5792 1151 5829 non
1177 5773 1479 5846 aequalitate
1523 5780 1838 5842 temporum,
1869 5768 1961 5823 sed
1995 5783 2094 5821 nu-

2188 3301 2357 3356 thams
2387 3301 2665 3369 Lucasque
2709 3297 3066 3352 consentiant.
3093 3295 3374 3349 Mattheus
3403 3296 3552 3350 enim
3592 3293 3751 3358 dicit,

2187 3396 2426 3451 Accessit
2455 3393 2521 3446 ad
2561 3406 2682 3446 eum
2725 3389 2964 3446 centurio
2990 3429 3006 3455 ,
3043 3402 3237 3456 rogans
3267 3401 3390 3442 eum
3430 3397 3488 3441 et
3537 3386 3715 3442 dicens
3737 3426 3750 3446 ,

2187 3487 2325 3541 Puer
2351 3498 2503 3539 meus
2544 3482 2690 3552 jacet
2735 3484 2787 3536 in
2837 3481 2997 3534 domo
3027 3478 3384 3548 paralyticus;
3431 3477 3522 3531 cui
3563 3477 3752 3529 videtur

2189 3589 2488 3644 repugnare
2520 3572 2659 3639 quod
2707 3572 2783 3625 ait
2817 3570 2986 3625 Lucas
3021 3587 3033 3621 :
3078 3568 3142 3621 Et
3169 3582 3289 3620 cum
3317 3567 3553 3620 audisset
3578 3567 3641 3619 de
3678 3566 3753 3618 Je-

2187 3679 2271 3728 su,
2307 3663 2451 3717 misit
2478 3661 2543 3715 ad
2573 3676 2694 3716 eum
2719 3660 2958 3714 seniores
2979 3657 3309 3720 Judzeorum,
3335 3669 3543 3724 rogans
3572 3670 3686 3708 eum
3707 3662 3752 3704 ut

2189 3755 2398 3810 veniret
2427 3762 2502 3810 et:
2521 3759 2738 3807 sanaret
2777 3765 2988 3805 servum
3020 3748 3156 3816 ejus.
3187 3747 3254 3801 At
3293 3747 3390 3810 illi,
3424 3761 3547 3800 cum
3596 3743 3753 3798 venis-

2187 3855 2306 3902 sent
2329 3846 2395 3900 ad
2422 3845 2627 3909 desum,
2656 3842 2917 3912 rogabant
2953 3856 3073 3895 eum
3102 3839 3334 3894 sollicite
3353 3881 3368 3906 ,
3397 3837 3634 3893 dicentes
3674 3835 3751 3889 ei:

2187 3937 2324 4004 Quia
2354 3937 2548 4006 dignus
2575 3945 2658 3988 est
2685 3944 2742 3988 ut
2782 3934 2884 3987 hoc
2913 3932 2960 3987 ei
2993 3929 3108 4002 [illi]
3151 3937 3394 4000 praestes,
3426 3927 3600 3997 diligit
3623 3925 3750 3981 enim

2189 4032 2415 4087 Gentem
2447 4038 2684 4084 nostram
2712 4071 2729 4093 ,
2757 4037 2810 4079 et
2836 4024 3172 4094 Syuagugam
3219 4021 3335 4090 ipse
3362 4019 3646 4074 aediﬁcavit
3671 4030 3756 4070 no-

2191 4123 2272 4177 bis
2303 4139 2316 4176 :
2349 4121 2505 4177 Jesus
2545 4127 2722 4173 autem
2754 4115 2864 4170 ibat
2894 4113 3196 4191 cum__,,illis.
3235 4111 3301 4165 Et
3348 4126 3470 4164 cum
3513 4109 3621 4179 jam
3664 4123 3758 4161 non

2192 4214 2348 4283 longe
2375 4220 2516 4267 esset
2544 4225 2572 4264 a
2601 4209 2780 4274 domo,
2827 4187 2981 4261 misit‘
3015 4189 3080 4258 ad
3111 4218 3232 4259 eum
3262 4202 3508 4258 centurio
3552 4202 3758 4263 amicos,

2191 4305 2374 4359 dicens
2415 4320 2428 4355 :
2461 4300 2714 4366 Domine,
2750 4299 2856 4352 noli
2891 4296 3092 4357 vexari,
3124 4309 3230 4348 non
3255 4292 3398 4347 enim
3431 4305 3556 4343 sum
3586 4290 3759 4356 dignus

2194 4403 2251 4447 ut
2273 4395 2373 4448 sub
2395 4405 2588 4446 teetum
2609 4404 2784 4445 meum
2809 4387 2996 4441 intres.
3017 4384 3239 4450 Propter
3261 4380 3402 4450 quod
3425 4388 3480 4434 et
3502 4394 3586 4433 me
3604 4381 3757 4446 ipsum

2199 4500 2303 4539 non
2353 4498 2468 4537 sum
2502 4482 2694 4551 dignus
2722 4478 3010 4535 arbitratus
3043 4483 3101 4535 ut
3146 4475 3385 4528 venirem
3433 4471 3499 4524 ad
3552 4480 3631 4533 te;
3673 4465 3758 4520 sed

2129 4560 2174 4622 Β
2204 4576 2290 4629 dic
2319 4575 2483 4629 verbo
2511 4612 2525 4638 ,
2555 4582 2609 4626 et
2641 4568 2914 4624 sanabitur
2954 4581 3085 4634 puer
3110 4577 3283 4616 meus.
3314 4561 3371 4615 Si
3401 4561 3542 4615 enim
3572 4560 3642 4612 ita
3670 4557 3757 4609 hoc

2202 4677 2406 4738 gestum
2449 4673 2552 4728 est,
2601 4660 2868 4732 quomodo
2915 4658 3016 4712 erit
3063 4670 3246 4710 verum
3297 4653 3440 4724 quod
3494 4651 3754 4706 Mattltzcus

2205 4754 2430 4810 narrat?
2459 4751 2701 4809 Accessit
2727 4749 2792 4802 ad
2825 4764 2944 4802 eum
2968 4747 3180 4815 quidam
3204 4744 3483 4811 Centurio,
3515 4757 3630 4797 cum
3657 4741 3754 4807 ipse

2206 4863 2310 4901 non
2339 4843 2644 4906 accesserit,
2689 4839 2780 4895 sed
2818 4839 3022 4893 amicos
3069 4835 3318 4889 miserit?
3367 4835 3469 4888 nisi
3499 4833 3757 4900 diligenter

2206 4939 2543 4991 advertentes
2571 4930 2946 4998 intelligamus,
2991 4927 3299 4980 Matthaeum
3329 4939 3437 4977 non
3474 4918 3759 4976 omnimodo

2206 5027 2503 5082 deseruisse
2543 5025 2790 5077 usitatum
2849 5034 3052 5072 morem
3101 5016 3380 5084 loquendi.
3443 5013 3556 5068 Non
3601 5011 3755 5066 solum

2201 5123 2340 5174 enim
2370 5118 2548 5171 dicere
2568 5114 2800 5169 solemus
2824 5111 3117 5164 accessisse
3147 5106 3405 5174 aliquem,
3436 5105 3595 5158 etiam
3628 5109 3758 5152 ante-

2205 5224 2362 5278 quam
2411 5205 2692 5276 perveniat
2739 5203 2862 5256 illuc
2888 5242 2901 5265 ,
2935 5215 3040 5269 quo
3069 5198 3264 5252 dicitur
3291 5196 3600 5250 accessisse.
3626 5189 3756 5245 Unde

2205 5305 2363 5356 etiam
2397 5299 2628 5354 dicimus
2653 5337 2670 5364 ,
2700 5296 2890 5350 Parum
2924 5290 3168 5355 accessit,
3198 5289 3280 5343 vel
3335 5289 3558 5342 multum
3599 5296 3756 5338 acces-

2200 5396 2288 5460 sit,
2308 5408 2373 5448 eo
2397 5405 2501 5461 quo
2528 5390 2730 5458 appetit
2747 5385 3025 5456 pervenire
3042 5401 3053 5434 :
3073 5397 3257 5436 verum
3280 5381 3441 5433 etiam
3470 5381 3629 5448 ipsam
3653 5388 3756 5442 per-

2201 5486 2528 5547 vcntizlnem,
2557 5480 2710 5548 cujus
2755 5476 3110 5545 adipiscenda:
3140 5487 3296 5528 causa
3330 5472 3612 5532 acceditur,
3642 5465 3754 5519 dici—

2204 5597 2322 5635 mus
2373 5581 2688 5649 plerumque
2720 5576 2932 5637 factum,
2967 5573 3068 5626 etsi
3097 5587 3219 5626 eum
3251 5569 3314 5622 ad
3344 5584 3500 5634 quem
3544 5562 3757 5635 pervenit

2207 5687 2309 5727 non
2338 5670 2514 5722 videat
2559 5666 2656 5750 ille.
2692 5665 2778 5733 qui
2808 5663 3047 5733 pervenit
3067 5703 3079 5726 ,
3128 5677 3245 5714 cum
3276 5674 3370 5726 per
3401 5659 3622 5710 amicum
3653 5666 3755 5718 per:

2214 5765 2363 5820 venit
2413 5760 2478 5815 ad
2521 5758 2785 5826 aliquem,
2843 5755 2992 5822 cujus
3041 5753 3089 5807 ei
3137 5751 3280 5806 favor
3320 5758 3403 5803 est
3450 5757 3772 5803 necessarius.
