3986 6190
268 299 360 354 821

1435 290 1862 349 TIIESAURUS.
1903 289 2056 345 CAP.
2094 291 2370 349 CLXVIII.

3423 291 3528 347 89.3

268 410 416 479 Quod
449 414 517 463 ita
549 409 721 464 tenuit
747 407 1103 476 consuetudo,
1129 417 1188 462 ut
1213 406 1375 462 etiam
1401 406 1512 476 jam
1543 407 1703 477 vulgo
1730 420 1850 473 per-
1879 404 1923 463 Α
1955 405 2193 474 quinque
2222 405 2410 462 millia.
2462 405 2681 474 Accepit
2726 420 2854 477 ergo
2901 420 3070 477 panes
3097 407 3255 463 Iesus
3280 448 3295 470 ,
3326 414 3381 461 et
3408 421 3532 462 cum

269 508 517 555 ventores
570 498 949 566 appellentur,
1005 499 1095 566 qui
1139 497 1437 567 potentium
1485 495 1859 567 quorumlibet

271 603 517 660 tanquam
571 589 968 643 inaccessibiles
996 590 1245 654 animos,
1295 602 1390 657 per
1416 586 1853 643 convenientium

270 696 614 753 personarum
660 681 1123 749 interpositionem
1153 680 1461 737 ambitionis
1489 690 1607 735 arte
1652 679 1854 748 pertin-

271 790 417 849 gunt.
467 782 525 837 Si
582 795 714 848 ergo
759 780 876 851 ipsa
928 780 1208 849 perventio
1264 781 1463 834 usitate
1511 777 1709 831 dicitur
1760 789 1857 844 per

272 872 408 925 alios
430 872 566 936 ﬁeri,
598 880 802 941 quanto
830 872 998 940 magis
1036 885 1286 925 accessus
1315 883 1409 938 per
1443 868 1583 923 alios
1614 865 1727 920 ﬁeri
1760 879 1855 934 pos

274 974 417 1031 test,
450 966 537 1034 qui
576 964 895 1033 plerumque
944 963 1079 1018 infra
1128 963 1529 1031 perventionem
1577 966 1856 1023 remanet,

275 1056 489 1124 quando
521 1054 995 1125 potueritquisque
1023 1053 1308 1122 plurimum
1330 1050 1547 1119 quidem
1576 1047 1857 1111 accedere,

276 1147 371 1202 sed
396 1159 571 1201 tamen
595 1162 701 1201 non
732 1146 961 1214 potuerit
993 1142 1312 1212 pervenire?
1341 1141 1453 1196 Non
1474 1154 1604 1207 ergo
1630 1138 1862 1192 absurde

279 1239 588 1303 Mattlneus,
637 1239 799 1293 etiam
846 1237 986 1307 quod
1040 1235 1198 1305 vulgo
1249 1244 1433 1305 posset
1488 1231 1733 1301 intelligi,
1764 1244 1863 1299 per

279 1330 412 1384 alios
442 1330 582 1385 facto
609 1345 829 1385 accessu
876 1328 1211 1384 centurionis
1241 1328 1307 1381 ad
1352 1326 1632 1380 Dominum
1656 1365 1672 1389 ,
1709 1338 1861 1377 com-

283 1421 479 1490 pendio
526 1421 705 1476 dicere
760 1422 962 1488 voluit,
1010 1419 1256 1475 Accessit
1304 1419 1370 1472 ad
1425 1432 1547 1472 eum
1597 1415 1859 1472 centurio.

283 1513 662 1569 Verumtamen
718 1531 823 1568 non
876 1515 1207 1585 negligenter
1258 1510 1510 1565 intuenda
1561 1517 1646 1565 est
1700 1508 1863 1563 etiam

280 1606 452 1661 sancti
486 1606 827 1675 evangelistae
856 1605 1084 1659 attitude
1129 1602 1367 1675 mystica:
1399 1598 1684 1657 locutionis
1709 1640 1726 1663 ,
1773 1611 1864 1652 se-

283 1697 517 1751 cundum
561 1697 702 1766 quod
732 1696 989 1766 scriptum
1037 1704 1121 1751 est
1146 1696 1199 1749 in
1230 1694 1435 1765 psalmo
1465 1709 1481 1747 :
1516 1691 1772 1748 Accedite
1798 1689 1864 1744 ad

1920 518 1933 523 ~
1956 496 2154 565 gratias
2192 499 2392 565 egisset
2410 540 2427 561 ,
2456 498 2731 554 distribuit
2760 501 3263 563 discumbentibus;
3292 500 3535 557 similiter

1957 594 2013 641 et
2062 602 2127 642 ex
2152 587 2385 656 piscibus
2424 598 2683 658 quantum
2712 590 2985 645 volebant.
3018 591 3082 646 Ut
3115 600 3295 644 autem
3325 587 3531 658 impleti

1957 685 2114 744 sunt,
2146 679 2279 733 dixit
2305 681 2583 748 discipulis
2625 682 2738 736 suis
2770 696 2785 736 :
2814 681 3063 751 Colligite
3096 696 3218 751 qua:
3247 694 3542 750 superave-

1958 780 2084 823 runt
2113 768 2408 839 fragmenta
2435 785 2504 825 ne
2536 783 2776 840 pereant.
2817 771 3165 842 Collegerunt
3193 786 3322 840 ergo
3357 780 3413 825 et
3442 770 3539 824 im-

1961 859 2241 928 pleverunt
2304 860 2584 915 duodecim
2658 862 2925 930 cephinos
2998 862 3419 930 fragmentorum
3471 872 3540 913 ex

1960 950 2195 1020 quinque
2241 951 2468 1020 panibus
2524 952 2836 1008 hordeaceis
2888 968 3008 1023 qua:
3037 952 3417 1023 superfuerunt
3459 950 3544 1005 his

1960 1041 2053 1109 qui
2077 1040 2558 1096 manducaverunt.
2588 1043 2705 1097 Non
2719 1044 2805 1099 hic
2832 1044 3089 1114 quaeritur
3112 1044 3252 1113 quod
3275 1042 3542 1107 istcdixit,

1961 1132 2259 1201 cuiusmodi
2281 1142 2465 1189 essent
2496 1150 2691 1205 panes,
2724 1134 3054 1190 hordeaceus
3082 1137 3224 1190 enim
3253 1135 3417 1191 fuisse
3438 1150 3546 1190 non

1962 1224 2166 1288 tacuit,
2213 1225 2356 1294 quod
2388 1226 2570 1280 caeteri
2602 1236 2907 1281 tacuerunt.
2938 1225 3120 1296 Neque
3150 1227 3251 1281 hoc
3290 1228 3547 1296 quaeritur

1962 1316 2104 1382 quod
2138 1316 2238 1371 iste
2265 1331 2371 1371 non
2398 1318 2557 1384 dixit,
2590 1318 2755 1374 fuisse
2786 1318 2857 1373 ibi
2890 1317 3051 1373 etiam
3096 1326 3288 1386 praeter
3316 1316 3549 1385 quinque

1967 1406 2134 1461 millia
2155 1408 2393 1463 virorum
2440 1410 2695 1466 mulieres
2724 1418 2780 1465 et
2805 1409 3074 1479 parvulos,
3098 1408 3241 1479 quod
3264 1408 3394 1464 dicit
3416 1409 3549 1463 Mat-

1966 1498 2171 1566 tbteus,
2216 1508 2271 1554 et
2298 1501 2518 1555 omnino
2540 1502 2651 1571 jam
2678 1509 2885 1556 certum
2914 1514 3034 1555 esse
3074 1498 3239 1554 debet
3263 1499 3552 1568 etregula-

1968 1588 2099 1644 riter
2117 1591 2285 1646 teneri
2314 1591 2366 1644 in
2395 1591 2589 1645 talibus
2605 1592 3020 1661 quaemanibus,
3050 1582 3324 1645 neminem
3349 1589 3552 1643 moveri

1966 1691 2215 1751 oportere
2245 1699 2366 1738 cum
2408 1685 2475 1740 ab
2501 1686 2605 1738 alio
2634 1684 2829 1739 dicitur
2852 1725 2867 1747 ,
2912 1682 3056 1753 quod
3082 1683 3151 1738 ab
3179 1682 3289 1737 alio
3332 1692 3553 1750 praJter-

280 1804 408 1842 eum
448 1799 503 1843 et
532 1786 923 1842 illuminamini.
958 1786 1190 1842 Proinde
1231 1787 1354 1855 quia
1399 1784 1554 1839 ﬁdem
1599 1782 1869 1838 renturio-
1901 1771 1943 1830 Β
1971 1774 2219 1829 mittitur.
2253 1773 2357 1829 Sed
2402 1778 2658 1844 quaeritur
2700 1772 2970 1843 quomodo
3021 1788 3087 1828 ea
3133 1787 3256 1841 quas
3304 1772 3555 1825 dixerunt

282 1878 395 1943 nis,
439 1892 541 1947 qua
571 1892 696 1933 vere
726 1877 999 1932 acceditur
1023 1876 1089 1932 ad
1117 1876 1325 1942 Jesum,
1361 1876 1478 1946 ipse
1526 1874 1600 1929 ita
1632 1872 1872 1928 laudavit

282 1983 337 2025 ut
360 1971 563 2027 diceret
594 1990 606 2025 :
634 1971 747 2027 Non
791 1972 972 2028 inveni
1018 1981 1220 2027 tantam
1269 1971 1426 2026 Iidem
1474 1971 1526 2024 in
1562 1969 1755 2035 Israél;
1787 1970 1870 2038 ip-

280 2079 405 2118 sum
436 2065 609 2134 potius
637 2064 935 2121 accessisse
952 2064 1016 2118 ad
1048 2064 1317 2119 Christum
1346 2063 1525 2118 dicere
1556 2062 1719 2116 voluit
1745 2076 1871 2129 pru-

282 2154 421 2210 dens
450 2154 807 2225 Evangelista,
840 2170 1002 2223 quam
1032 2156 1152 2209 illos
1180 2169 1274 2224 per
1300 2168 1433 2223 quos
1458 2152 1619 2208 verba
1650 2168 1743 2206 sua
1769 2151 1872 2205 mi-

283 2254 450 2299 serat.
477 2247 641 2300 Porru
662 2256 841 2300 autem
873 2245 1043 2299 Lucas
1071 2245 1192 2301 ideo
1223 2253 1390 2300 totum
1418 2242 1870 2313 quemadmodum

283 2346 493 2401 gestum
524 2345 667 2389 esset
689 2336 896 2404 aperuit
922 2376 937 2401 ,
969 2345 1026 2389 ut
1054 2350 1121 2391 ex
1162 2336 1262 2390 hoc
1301 2336 1602 2403 intelligere
1648 2348 1874 2404 cogere-

287 2441 429 2490 mur,
454 2426 905 2493 quemadmodum
923 2441 1045 2482 eum
1064 2425 1357 2481 accessisse
1377 2425 1576 2481 dixerit
1596 2425 1758 2486 alius.
1779 2424 1870 2493 qui

287 2519 508 2572 mentiri
541 2532 647 2572 non
673 2521 863 2587 potuit.
907 2518 998 2573 Sic
1019 2518 1164 2573 enim
1190 2518 1275 2571 illa
1306 2517 1503 2572 mulier
1527 2531 1646 2586 qua:
1668 2516 1871 2570 ﬂuxum

286 2609 566 2679 sanguinis
594 2609 900 2677 patiebatur
926 2652 939 2674 ,
989 2608 1233 2676 quamvis
1264 2609 1530 2664 ﬁmbriam
1563 2624 1646 2662 ve-
1662 2607 1874 2663 timenti

287 2701 406 2770 ejus
449 2702 702 2766 tenuerit,
754 2704 922 2771 magis
970 2711 1147 2758 tamen
1180 2703 1351 2773 tetigit
1381 2702 1668 2756 Dominum
1699 2717 1861 2773 quam

289 2795 396 2849 illae
424 2794 614 2862 turbae,
657 2809 687 2848 a
717 2795 909 2864 quibus
941 2797 1301 2863 premebatur.
1341 2796 1413 2851 Ut
1443 2795 1589 2850 enim
1618 2796 1735 2849 hzec
1764 2809 1873 2865 quo

290 2887 465 2956 magis
489 2886 752 2951 credidit,
783 2902 850 2941 eo
894 2888 1062 2956 magis
1111 2888 1284 2960 tetigit
1332 2888 1620 2943 Dominum
1665 2903 1679 2940 :
1721 2887 1790 2941 ita
1817 2895 1875 2941 et

291 2978 560 3042 centurio,
591 2993 697 3047 quo
728 2978 896 3047 magis
940 2978 1205 3042 credidit,
1255 2993 1321 3033 eo
1349 2978 1519 3047 magis
1548 2976 1777 3034 accessit
1803 2976 1871 3030 ad

294 3067 599 3122 Dominum.
632 3068 749 3123 Jam
792 3078 986 3123 caetera
1028 3069 1080 3123 in
1114 3070 1215 3123 hoc
1256 3069 1490 3138 capitulo
1515 3109 1528 3133 ,
1576 3083 1694 3137 quas
1732 3068 1871 3122 alter

1974 1875 2099 1919 vera
2125 1864 2233 1919 sint
2278 1865 2494 1928 omnia,
2540 1879 2610 1920 ne
2654 1866 3017 1918 narrationem
3062 1864 3285 1919 alterius
3334 1877 3555 1916 narrans

1970 1956 2139 2023 aliud,
2176 1957 2313 2012 alter
2340 1958 2611 2012 excludat.
2648 1957 2706 2012 Si
2745 1957 2889 2011 enim
2934 1955 3225 2021 Dominus,
3260 1956 3554 2009 secundum

1972 2047 2332 2102 narrationem
2371 2047 2614 2114 Joannis,
2648 2048 2949 2119 perspectis
2995 2049 3187 2114 turliis,
3237 2046 3484 2116 qumsivit
3526 2062 3556 2100 a

1974 2134 2255 2207 Philippo,
2286 2146 2502 2193 tentans
2522 2153 2669 2204 cum,
2699 2139 2842 2193 unde
2871 2139 2975 2193 iliis
3004 2154 3144 2193 esca:
3168 2138 3282 2192 dari
3316 2146 3555 2206 possent,

1976 2236 2154 2297 potest
2202 2233 2406 2286 moveri
2444 2230 2716 2298 quomodo
2744 2230 2811 2284 sit
2842 2245 3022 2285 verum
3073 2230 3215 2300 quod
3254 2230 3342 2285 alii
3376 2244 3560 2285 narra-

1976 2328 2186 2385 Verunt,
2220 2321 2366 2390 prius
2395 2321 2596 2377 dixisse
2627 2322 2859 2377 Domino
2885 2322 3202 2392 discipulos,
3233 2332 3294 2378 ut
3322 2323 3561 2379 dimitte-

1974 2425 2055 2469 ret
2084 2414 2289 2479 turbas,
2313 2430 2420 2485 quo
2440 2423 2657 2484 possent
2697 2415 2798 2470 sibi
2829 2417 3080 2470 alimenta
3109 2432 3291 2473 emere
3331 2417 3397 2473 de
3438 2433 3561 2486 pro-

1974 2507 2134 2562 ximis
2186 2507 2352 2573 locis;
2401 2508 2593 2577 quibus
2644 2507 2737 2564 ille
2786 2509 3064 2577 reSpondit
3107 2509 3401 2564 secundum
3433 2508 3561 2563 Mat-

1975 2599 2213 2654 thzeum:
2246 2599 2361 2653 Non
2394 2599 2593 2654 habent
2631 2615 2850 2655 necesse
2879 2601 2982 2666 ire,
3013 2600 3139 2654 date
3168 2602 3247 2654 eis
3273 2614 3369 2653 vos
3402 2615 3553 2652 man-

1974 2691 2191 2745 ducare.
2220 2689 2319 2745 Cui
2344 2691 2501 2745 etiam
2532 2691 2736 2746 Marcus
2760 2691 3033 2760 Lucasque
3060 2690 3422 2753 consentiunt,
3448 2697 3562 2742 tan-

1979 2792 2088 2835 tum
2123 2782 2222 2835 hoc
2252 2781 2728 2851 przctermittentes
2756 2782 2896 2850 quod
2924 2783 3000 2836 ait
3033 2800 3046 2835 :
3091 2783 3205 2836 Non
3238 2780 3433 2834 habent
3464 2795 3558 2833 ne-

1974 2885 2126 2927 ce~sc
2151 2871 2251 2925 ire.
2282 2870 2600 2937 Intelligitur
2620 2886 2749 2938 ergo
2778 2881 2897 2938 post
2926 2872 3039 2926 lucc
3072 2872 3237 2926 verba
3271 2870 3556 2924 Dominum

1974 2960 2274 3029 inspexisse
2322 2960 2741 3028 multitudinem,
2774 2971 2830 3016 ct
2877 2960 3077 3015 dixisse
3109 2961 3376 3029 Philippo,
3415 2958 3558 3029 quod

1976 3052 2210 3108 Joannes
2239 3062 2669 3116 commemorat,
2723 3053 2807 3107 isti
2850 3062 3026 3107 autem
3079 3054 3558 3121 praetermiserunt.

294 3158 447 3221 dicit,
480 3167 534 3211 et
557 3159 695 3212 alter
724 3159 1107 3226 prsetermittit,
1139 3135 1410 3227 superﬂuo
1458 3135 1875 3227 pertractantur,
1904 3135 1947 3194 C
1983 3142 2186 3197 Deinde
2214 3142 2353 3210 «ιιιοά
2386 3142 2663 3211 Philippus
2684 3142 2823 3211 apud
2839 3140 3097 3196 Joanllem
3132 3140 3434 3210 τεεβοηάίίν
3465 3141 3569 3196 hoc

295 3262 417 3302 cum
447 3264 510 3304 ex
535 3249 621 3303 illa
654 3252 833 3319 regula
868 3250 1111 3317 primitus
1142 3250 1517 3305 commendata
1549 3248 1681 3303 nihil
1726 3249 1876 3303 inve-

297 3339 512 3393 niantur
539 3338 737 3394 habere
764 3342 1113 3394 centrarium.

816 3430 1045 3486 CAPUT
1084 3431 1365 3487 CLXVIII.

299 3520 365 3574 In
400 3522 651 3576 miraculo
671 3523 736 3577 de
760 3524 982 3593 quinque
1008 3524 1226 3592 panibus
1255 3566 1268 3588 ,
1293 3524 1722 3592 quemadmodum
1751 3523 1883 3576 inter

477 3609 531 3646 se
552 3609 723 3647 omnes
750 3606 967 3662 quatuor
990 3596 1314 3665 evangelista:
1357 3595 1699 3647 consentiant.

374 3682 488 3738 Hoc
514 3699 644 3753 ergo
666 3686 979 3741 miraculum
1009 3686 1151 3756 quod
1184 3702 1372 3741 omnes
1395 3697 1629 3755 quatuor
1654 3700 1884 3755 evange-

300 3775 440 3829 lista:
480 3788 940 3851 commemorant,
993 3788 1048 3834 et
1078 3788 1334 3847 putantur
1382 3780 1522 3833 inter
1553 3791 1613 3833 se
1640 3777 1885 3849 [aliquid]

298 3869 615 3937 discrepare
636 3871 1080 3927 considerandum
1119 3882 1279 3941 atque
1312 3871 1647 3927 tractandum
1678 3882 1798 3933 est;
1830 3879 1889 3925 ut

300 3976 369 4014 cx
416 3962 522 4015 hoc
561 3961 719 4016 etiam
747 3963 813 4015 ad
844 3973 1040 4018 caetera
1086 3964 1283 4019 similia
1326 3963 1524 4033 regulae
1554 3962 1886 4018 locutionum

301 4053 617 4119 discantur,
668 4056 862 4122 quibus
900 4066 1007 4109 tam
1061 4057 1290 4112 diversis
1334 4058 1522 4111 eadem
1557 4065 1733 4110 tamen
1777 4069 1891 4109 sen-

304 4146 472 4199 tentia
502 4146 793 4211 retinetur,
824 4158 879 4201 et
906 4148 1094 4202 eadem
1120 4163 1298 4201 rerum
1331 4149 1531 4204 veritas
1563 4148 1889 4204 custoditur.

304 4234 376 4289 Et
423 4236 721 4290 inchoanda
750 4238 966 4307 quidem
997 4246 1081 4293 est
1108 4239 1475 4295 consideratio
1495 4282 1510 4306 ,
1549 4256 1654 4295 non
1686 4255 1716 4293 a
1760 4240 1895 4295 Mat-

304 4328 452 4381 tliaao
463 4328 754 4383 secundum
779 4328 1021 4384 ordinem
1035 4330 1507 4399 evangelistarum,
1523 4333 1616 4387 sed
1634 4347 1663 4386 a
1688 4331 1895 4387 Joanne

308 4421 503 4486 potius,
526 4435 556 4474 a
582 4436 688 4488 quo
716 4420 785 4473 ita
817 4436 1070 4490 expressa
1106 4431 1188 4476 est
1218 4423 1317 4477 ista
1342 4424 1615 4488 narratio,
1650 4431 1705 4476 ut
1734 4425 1893 4477 etiam

1979 3232 2185 3288 Murcus
2214 3248 2244 3286 a
2293 3231 2574 3301 discipulis
2627 3247 2944 3302 responsum
2993 3247 3117 3288 esse
3160 3241 3570 3295 commemorat,

1984 3325 2175 3379 volens
2210 3324 2462 3393 intelligi,
2495 3325 2596 3378 hoc
2617 3335 2674 3378 et
2702 3332 3022 3379 czetcrorum
3055 3324 3180 3396 [hoc
3206 3340 3269 3379 ex
3293 3339 3388 3379 ore
3411 3332 3572 3377 επιε-

1983 3412 2187 3485 rerum]
2220 3415 2524 3484 Philippum
2575 3414 2920 3482 respondisse
2965 3430 3270 3484 quanquam
3306 3426 3359 3468 et
3389 3415 3573 3484 plura-

1985 3507 2088 3561 lem
2129 3522 2411 3561 numerum
2443 3522 2538 3575 pro
2576 3506 2832 3577 singulari
2878 3507 3229 3563 usitatissime
3257 3521 3453 3577 ponere
3481 3522 3576 3576 po-

1989 3608 2222 3652 tuerunt.
2249 3598 2385 3665 Quid
2414 3613 2544 3667 ergo
2571 3598 2647 3652 ait
2669 3598 2971 3667 Philippus,
3020 3598 3380 3653 Ducentorum
3412 3597 3577 3652 dena-

1988 3690 2189 3744 riorum
2222 3702 2386 3757 panes
2414 3703 2519 3742 non
2545 3688 2821 3742 sufﬁciunt
2850 3688 2948 3751 eis,
2980 3697 3039 3744 ut
3072 3703 3436 3758 unusquisque
3463 3704 3578 3743 mo-

1988 3782 2167 3836 dicum
2188 3780 2315 3850 qudi
2342 3780 2598 3848 accipiat;
2619 3780 2723 3835 hoc
2755 3788 2840 3834 est
2865 3781 3047 3835 dicere
3067 3781 3210 3851 quod
3237 3783 3311 3835 ait
3330 3782 3577 3838 Marcus:

1992 3871 2191 3925 Euntes
2219 3884 2461 3924 ememus
2490 3868 2739 3925 ducentis
2779 3869 3017 3924 denariis
3059 3886 3226 3941 panes
3253 3880 3307 3927 et
3333 3872 3579 3929 dabimus

1993 3960 2337 4015 manducare.
2370 3958 2520 4024 Quod
2549 3968 2726 4014 autem
2752 3971 3141 4017 commemorat
3171 3962 3311 4017 idem
3344 3963 3575 4030 Marcus,

1994 4050 2196 4107 dixisse
2227 4049 2510 4105 Dominum
2557 4067 2570 4103 :
2604 4050 2746 4115 Quot
2773 4066 2943 4120 panes
2992 4052 3240 4108 habetis?
3272 4053 3580 4108 Praetermi-

1994 4152 2180 4196 serunt
2223 4140 2429 4197 caeteri.
2480 4141 2633 4209 Quod
2664 4152 2842 4197 autem
2875 4141 3119 4199 Andreas
3146 4143 3288 4213 apud
3315 4143 3579 4199 Joannem

1995 4234 2064 4289 de
2084 4231 2319 4303 quinque
2345 4234 2573 4303 panibus
2601 4235 2757 4304 110
2783 4245 2837 4289 et
2862 4234 3071 4290 duobus
3099 4236 3334 4306 piscibus
3358 4251 3579 4306 sugges-

1997 4329 2102 4393 sit,
2136 4327 2238 4382 huc
2258 4328 2440 4383 caueri
2472 4328 2730 4396 pluralem
2763 4343 3065 4393 numerum,
3093 4345 3189 4397 pro
3210 4329 3466 4398 singulari
3489 4345 3582 4398 po-

2001 4430 2312 4486 nentes,'ex
2345 4418 2730 4486 discipulorum
2760 4434 2988 4489 persona
3017 4422 3319 4477 retulerunt
3346 4439 3358 4474 :
3386 4431 3440 4476 et
3475 4421 3581 4476 Lu-

309 4511 525 4565 nomina
548 4512 935 4580 discipulorum
973 4512 1211 4580 diceret,
1243 4530 1365 4569 cum
1392 4515 1586 4584 quibus
1617 4514 1685 4569 de
1709 4514 1807 4568 hac
1831 4529 1889 4569 re
1920 4504 1973 4564 D
1998 4526 2088 4568 cas
2118 4512 2335 4582 quidem
2366 4512 2773 4579 responsionem
2804 4512 3056 4583 Philippi,
3087 4523 3144 4569 et
3173 4515 3582 4582 responsionum

311 4600 519 4656 locutus
548 4612 633 4656 est
685 4603 963 4657 Dominus.
1012 4604 1087 4658 Ita
1127 4605 1267 4658 enim
1306 4605 1435 4659 dicit
1486 4621 1501 4659 :
1545 4605 1678 4660 Cum
1706 4604 1892 4659 suble-

310 4701 487 4746 vasset
512 4708 644 4762 ergo
673 4695 856 4749 oculos
885 4694 1072 4763 Jesus,
1105 4704 1160 4749 et
1187 4696 1407 4750 vidisset
1448 4697 1573 4764 quia
1603 4695 1892 4751 multitudo

312 4785 544 4837 maxima
579 4784 726 4839 venit
771 4786 836 4839 ad
865 4801 1021 4851 eum,
1067 4786 1206 4842 dixit
1234 4788 1299 4841 ad
1344 4788 1649 4857 Philippum
1690 4807 1702 4841 :
1741 4788 1893 4845 Unde

312 4889 558 4931 ememus
585 4891 749 4945 panes
777 4887 835 4932 ut
862 4879 1187 4935 manducent
1222 4881 1307 4935 bi?
1338 4881 1451 4936 Hoc
1477 4892 1656 4936 autem
1682 4881 1893 4940 dicebat

316 4976 529 5020 tentans
555 4982 711 5030 eum;
745 4969 857 5036 ipse
885 4969 1029 5025 enim
1057 4972 1261 5026 sciebat
1291 4972 1417 5041 quid
1456 4984 1602 5029 esset
1633 4973 1891 5029 tacturus.

315 5057 614 5126 Respondit
658 5058 707 5112 ei
756 5058 1033 5129 Philippus
1079 5079 1094 5115 :
1142 5063 1503 5118 Ducentorum
1549 5064 1895 5120 denariorum

316 5163 481 5215 panes
527 5164 633 5203 non
678 5150 951 5205 sufﬁciunt
992 5154 1104 5219 eis,
1138 5164 1194 5208 ut
1233 5156 1596 5225 unusquisque
1626 5157 1896 5212 modicum

315 5240 442 5307 quid
474 5240 721 5309 accipiat.
765 5242 903 5296 Dicit
927 5243 976 5298 ei
1008 5260 1144 5299 unus
1193 5260 1262 5298 ex
1306 5246 1581 5315 discipulis
1608 5247 1745 5315 ejus,
1798 5250 1901 5301 An-

316 5330 506 5394 dreas,
536 5330 698 5386 frater
723 5332 962 5387 Simonis
994 5334 1133 5389 Petri
1164 5351 1180 5390 :
1217 5336 1307 5389 Est
1337 5351 1468 5404 puer
1492 5350 1626 5390 unus
1658 5338 1762 5403 hic,
1807 5338 1901 5407 qui

320 5424 483 5478 habet
508 5426 742 5494 quinque
768 5442 933 5495 panes
959 5428 1313 5493 hordeaceos,
1345 5440 1398 5485 et
1417 5432 1552 5485 duos
1576 5431 1782 5499 pisces;
1807 5434 1901 5488 sed

322 5512 440 5567 haec
482 5515 608 5584 quid
651 5527 775 5571 sunt
822 5520 960 5574 inter
988 5519 1201 5574 tantos?
1244 5520 1387 5575 Dixit
1422 5536 1551 5592 ergo
1578 5521 1734 5578 Jcsus
1766 5542 1778 5578 :
1813 5526 1907 5580 Fa-

319 5604 433 5659 cite
460 5606 702 5663 homines
747 5609 1088 5666 discumbere
1143 5612 1282 5682 (erat
1332 5622 1509 5666 autem
1560 5614 1740 5669 fenum
1770 5618 1905 5672 mul-

323 5713 414 5752 um
443 5699 498 5754 in
526 5700 688 5771 loco).
714 5710 715 5713 ‘
740 5702 1132 5760 Discubucrunt
1163 5718 1298 5775 ergo
1329 5702 1425 5761 viri
1453 5746 1468 5771 ,
1502 5720 1725 5765 numero
1754 5710 1905 5779 quasi

2002 4606 2230 4661 Andreae
2261 4644 2277 4670 ,
2326 4605 2376 4659 in
2434 4620 2591 4660 unam
2643 4605 2967 4661 sententiam
3024 4607 3368 4662 constrinxit.
3427 4606 3584 4674 Quod

2000 4696 2142 4750 enim
2167 4696 2242 4749 ait
2272 4714 2284 4748 :
2316 4695 2431 4750 Non
2460 4709 2581 4751 sunt
2615 4698 2771 4752 nobis
2800 4698 2918 4767 plus
2965 4714 3125 4766 quam
3157 4700 3392 4769 quinque
3421 4714 3586 4770 panes

1999 4796 2053 4842 et
2079 4787 2184 4841 duo
2213 4786 2421 4856 pisces;
2465 4789 2694 4842 Andreae
2726 4788 2904 4843 retulit
2952 4791 3359 4856 reSpunsionem
3389 4802 3407 4845 :
3437 4788 3581 4859 quod

2000 4895 2125 4935 vero
2154 4878 2399 4949 adjunxit
2431 4895 2443 4931 :
2476 4878 2587 4934 Nisi
2618 4878 2755 4934 forte
2797 4894 2896 4934 nos
2938 4894 3126 4935 eamus
3167 4891 3224 4936 et
3256 4896 3501 4935 emamus
3532 4883 3584 4935 in

2002 4986 2217 5027 omnem
2265 4969 2405 5026 hanc
2432 4972 2640 5027 turbam
2671 4986 2822 5026 escas
2857 4986 2869 5022 :
2931 4972 3143 5027 videtur
3177 4973 3243 5027 ad
3278 4974 3590 5040 responsio-

2005 5078 2128 5117 nem
2161 5062 2393 5131 Philippi
2426 5064 2711 5132 pertinere,
2743 5061 2847 5118 nisi
2875 5063 3018 5133 quod
3061 5063 3129 5118 de
3157 5063 3405 5119 ducentis
3431 5064 3591 5117 dena-

2008 5158 2099 5209 riis
2128 5156 2314 5222 tacuit,
2348 5171 2651 5225 quanquam
2683 5166 2735 5209 ct
2767 5156 2821 5210 in
2853 5156 3018 5225 ipsius
3050 5157 3279 5210 Andrere
3322 5152 3591 5208 sententia

2008 5256 2184 5317 potest
2215 5248 2318 5304 hoc
2362 5249 2608 5320 intelligi.
2652 5250 2783 5304 Cum
2835 5249 2974 5304 enim
3007 5249 3235 5301 dixisset
3279 5264 3293 5300 :
3326 5247 3420 5300 Est
3458 5258 3594 5314 puer

2011 5355 2146 5395 unus
2200 5338 2285 5394 hic
2336 5339 2425 5407 qui
2477 5340 2635 5394 habet
2679 5341 2916 5409 quinque
2965 5349 3131 5407 panes
3157 5335 3489 5389 hordeaceus
3539 5340 3596 5390 et

2008 5430 2143 5484 duos
2174 5429 2378 5496 pisces;
2412 5427 2657 5498 adiunxit
2686 5429 2847 5483 etiam
2880 5428 2994 5494 ipse
3025 5444 3039 5481 :
3072 5424 3178 5479 Sed
3199 5424 3311 5479 haec
3329 5423 3453 5492 quid
3471 5432 3596 5479 sunt

2012 5523 2151 5576 inter
2181 5523 2390 5575 tantos?
2427 5522 2539 5576 IIoc
2567 5532 2648 5577 est
2675 5522 2876 5585 dicere,
2908 5518 3009 5572 nisi
3056 5519 3191 5572 forte
3214 5533 3313 5572 nns
3335 5532 3523 5572 eamus
3543 5526 3599 5571 et

2011 5629 2255 5670 emamus
2292 5617 2344 5668 iu
2372 5630 2585 5669 omnem
2620 5613 2756 5666 hanc
2785 5611 2993 5666 turbam
3025 5624 3197 5664 escas.
3228 5610 3307 5665 Ex
3336 5623 3442 5680 qua
3473 5608 3595 5664 uni-

2014 5726 2169 5767 versa
2201 5711 2457 5767 varietate
2472 5708 2971 5775 verborum,rerum
2994 5712 3169 5760 autem
3193 5703 3596 5762 sententiarum
