3986 6190
459 260 558 315 823

1517 275 1579 330 D.
1624 276 1938 331 EL'GYH’II
1979 279 2268 338 ABBATIS
2307 283 2628 340 AFRICANI

3593 290 3692 344 8³25

450 373 858 468 que-concordia
907 378 1036 434 satis
1065 389 1323 449 apparet,
1363 382 1647 438 salubriter
1682 401 1778 439 nos
1817 386 2017 451 doceri,
2053 397 2096 449 Α
2127 390 2341 446 Galatas
2372 413 2385 448 :
2419 395 2646 450 Invicem
2697 411 2860 452 onera
2891 408 3067 452 VI‘Sll'a
3096 407 3326 468 portate,
3368 408 3422 456 et
3445 402 3522 457 sic
3591 407 3690 458 im-

451 463 581 516 uibil
610 467 950 532 quierendum
984 470 1036 524 in
1069 472 1245 526 verbis
1289 473 1389 527 nisi
1431 475 1751 543 loquentium
1782 478 2019 531 volunta-

451 562 597 618 tezn,
646 555 731 609 cui
786 555 1220 614 demonstranda:
1269 561 1540 631 invigilare
1585 565 1780 618 debent
1834 580 2020 620 omnes

447 643 679 698 veredici
711 645 974 719 [veridici]
1005 662 1309 707 narratores
1337 670 1457 708 cum
1482 656 1547 709 de
1579 655 1814 722 homine,
1847 658 1930 712 vel
1953 658 2018 712 de

449 737 656 803 angelo,
693 737 776 790 vel
800 738 866 791 de
899 740 1006 791 Deo
1034 741 1230 810 aliquid
1264 757 1500 800 narrant.
1533 747 1731 801 Horum
1760 750 1898 802 enim
1925 764 2018 802 vo-

449 828 620 880 luntas
658 830 832 882 verbis
865 833 1034 898 promi
1067 843 1258 901 potest,
1293 853 1358 891 ne
1379 839 1444 892 de
1486 841 1598 907 ipsa
1649 840 1846 909 aliquid
1878 842 2017 895 inter

447 935 504 972 se
548 919 870 990 discrepent.
905 922 1046 978 Sane
1086 930 1493 994 przetermittere
1540 947 1644 986 non
1675 940 1885 1002 Oportet
1914 935 2015 988 hoc

446 1009 579 1071 loco,
615 1009 876 1065 intentum
907 1024 959 1067 et
988 1016 1053 1067 ad
1085 1029 1276 1071 eaatera
1308 1035 1426 1088 qua:
1455 1023 1574 1075 talia
1606 1023 1742 1076 forte
1771 1038 2016 1078 occurre-

443 1101 547 1155 rint
576 1101 750 1159 facere
788 1105 1067 1172 lectorem,
1099 1110 1217 1176 quia
1251 1112 1420 1169 Lucas
1448 1115 1586 1169 dixit
1611 1117 2013 1185 quinquagenos

442 1192 618 1259 jussos
646 1210 768 1250 esse
791 1196 1128 1254 discumbere
1156 1220 1169 1264 ;
1202 1203 1408 1259 Marcus
1439 1222 1567 1261 vero
1609 1217 1662 1261 et
1687 1209 2010 1277 quinquage-

442 1300 539 1338 nos
589 1285 670 1357 [et
720 1293 1022 1366 centenos],
1057 1296 1195 1362 quod
1228 1297 1313 1349 hic
1344 1296 1465 1351 ideo
1511 1314 1614 1352 non
1661 1309 1856 1364 movet,
1888 1300 2011 1368 quia

447 1390 576 1431 unus
628 1393 829 1446 partem
877 1385 1043 1452 dixit,
1084 1389 1221 1442 alter
1250 1397 1439 1443 totum.
1471 1387 1570 1454 Qui
1600 1390 1740 1442 enim
1784 1389 1851 1443 de
1877 1403 2010 1443 cen-

443 1468 580 1521 tenis
607 1474 818 1538 retulit,
854 1476 955 1530 hoc
984 1478 1166 1532 retulit
1193 1480 1332 1548 quod
1362 1479 1449 1534 ille
1479 1481 1840 1548 praetermisit.
1870 1479 2008 1534 Nihil

444 1561 619 1628 itaque
644 1567 971 1621 contrarium
997 1579 1098 1622 est.
1133 1568 1506 1624 Verumtamen
1529 1571 1572 1624 si
1598 1571 1734 1625 alius
1761 1572 1828 1628 de
1858 1572 2011 1640 quin-

439 1655 695 1720 qttagenis
742 1667 942 1711 tantum
995 1672 1470 1726 commemoraret,
1510 1661 1648 1716 alius
1691 1673 1896 1718 tantum
1940 1666 2008 1720 de

2123 481 2336 548 plebitis
2367 484 2536 552 legem
2564 487 2781 540 Christi.
2806 487 2906 553 Qui
2930 489 3070 543 enim
3097 499 3244 558 putat
3273 505 3331 545 se
3355 492 3552 562 aliquid
3574 509 3693 550 esse

2121 588 2241 628 cmn
2286 577 2413 631 nihil
2445 579 2534 646 sit,
2584 580 2816 648 seipsum
2859 582 3112 636 seducit:
3161 598 3296 651 opus
3325 594 3497 638 autem
3533 602 3692 640 suum

2122 667 2309 731 probet
2338 672 2722 737 unusquisque,
2749 682 2802 725 et
2829 672 2905 725 sic
2932 671 3099 744 [tunc]
3132 673 3182 726 iu
3211 675 3498 742 semetipso
3523 677 3692 746 habe-

2118 756 2193 808 bit
2219 757 2440 825 gloriam
2467 769 2520 811 et
2549 775 2653 812 non
2686 761 2734 813 in
2763 761 2969 826 altero;
2999 763 3360 831 unusquisque
3388 765 3528 817 enim
3557 780 3694 819 onus

2120 848 2393 913 prOprium
2429 850 2677 914 portabit.
2723 850 2834 904 Nisi
2875 852 3057 905 oneris
3098 868 3291 905 nomen
3335 855 3432 907 sub
3461 854 3693 909 diversis

2115 937 2591 1005 significationibus
2639 943 2937 1009 acceperis,
3015 943 3364 1011 proculdubio
3437 947 3690 1015 putabis,

2116 1030 2361 1084 eumdem
2393 1032 2492 1085 sibi
2525 1033 2578 1086 in
2611 1033 2874 1103 loquendo
2907 1048 3026 1089 esse
3054 1037 3402 1098 contrarium,
3434 1047 3486 1091 et
3511 1037 3615 1090 hoc
3640 1040 3692 1091 in

2118 1133 2216 1171 una
2257 1120 2520 1174 sententia
2555 1162 2570 1185 ,
2611 1131 2715 1175 tam
2758 1122 2932 1177 vicine
2979 1124 3168 1193 positis
3199 1125 3404 1189 verbis,
3431 1129 3518 1195 qui
3566 1142 3690 1181 cum

2115 1209 2280 1274 paulo
2300 1222 2425 1263 ante
2473 1211 2674 1266 diteret
2727 1228 2741 1266 :
2792 1213 2944 1267 Alter
2989 1215 3211 1268 alterius
3257 1231 3417 1270 onera
3452 1227 3688 1285 portate,

2115 1309 2296 1368 postea
2329 1300 2459 1355 dixit
2493 1319 2508 1356 :
2543 1302 2914 1374 Unusquisque
2965 1304 3235 1373 proprium
3264 1323 3400 1360 onus
3428 1311 3689 1376 portabit.

2114 1391 2219 1446 Sed
2247 1392 2346 1445 alia
2391 1405 2515 1446 sunt
2560 1409 2721 1447 onera
2771 1396 3149 1464 participanda:
3199 1397 3547 1463 infirmitatis,
3583 1401 3690 1452 alia

2116 1482 2401 1536 reddendae
2424 1485 2645 1538 rationis
2676 1485 2785 1539 Deo
2805 1486 2870 1539 de
2882 1485 3180 1540 actionibus
3202 1488 3422 1542 nostris.
3447 1488 3540 1542 Illa
3565 1503 3690 1542 cum

2113 1571 2366 1627 fratribus
2396 1575 2741 1628 sustentanda
2790 1576 3280 1641 communicantur,
3335 1577 3446 1631 hac
3473 1579 3692 1646 propria

2114 1667 2181 1720 ab
2211 1682 2530 1738 unoquoque
2574 1678 2898 1738 portantur:
2948 1669 3020 1724 ita
3071 1680 3125 1725 et
3173 1672 3318 1740 virga
3368 1672 3695 1741 intelligitur

437 1746 697 1811 centenis,
722 1747 878 1802 valde
904 1750 1170 1805 videretur
1198 1766 1318 1806 esse
1338 1755 1661 1806 contrarium
1681 1794 1696 1819 ,
1728 1771 1825 1809 nec
1852 1755 2008 1812 facile
2042 1745 2086 1804 Β
2115 1758 2448 1825 spiritaliter,
2480 1759 2548 1814 de
2589 1776 2691 1829 qua
2717 1760 2929 1815 dicebat
2959 1761 3265 1830 Apostolus,
3321 1761 3375 1815 lu
3407 1764 3560 1831 virga
3596 1779 3690 1814 ve-

437 1835 861 1901 dignOsceretur,
894 1851 1179 1911 utrumque
1208 1843 1408 1897 dictum
1453 1860 1574 1898 esse
1595 1887 1608 1906 ,
1643 1862 1801 1900 unum
1832 1858 2006 1904 autem

433 1927 500 1978 ab
553 1927 743 1991 altero,
777 1930 1002 1984 alterum
1036 1931 1339 2004 [utrumque
1369 1934 1568 1988 dictum
1625 1951 1746 1991 esse
1803 1953 1962 1992 unum
1989 1983 2003 2008 ,

434 2029 522 2070 aut
553 2021 620 2072 ab
659 2022 830 2074 altero
868 2022 1119 2093 alterum]
1149 2024 1216 2077 ab
1243 2025 1413 2079 altero
1445 2040 1566 2079 esse
1615 2042 2006 2083 commemora-

436 2117 566 2170 tum,
600 2117 653 2162 et
684 2117 859 2164 tamen
906 2113 1157 2166 attentius
1187 2114 1606 2179 consideratum,
1644 2117 1866 2172 inveniri
1913 2118 2007 2172 de-

435 2200 612 2254 buisse
643 2201 760 2267 quis
791 2217 895 2255 nou
941 2202 1210 2257 fateatur?
1254 2204 1367 2258 lloc
1397 2204 1519 2259 ideo
1545 2204 1677 2269 dixi,
1710 2208 1830 2274 quia
1862 2207 2009 2262 cxis-

435 2300 549 2343 tunt
577 2306 720 2360 saepe
741 2293 916 2361 aliqua
944 2293 1361 2363 ejusmodi,qu:e
1393 2310 1576 2364 parum
1609 2296 2006 2353 intendentibus

433 2392 483 2433 et.
503 2383 1072 2452 temerejudicantibus
1086 2386 1348 2440 contraria
1369 2387 1666 2453 videantur,
1690 2400 1742 2442 et
1756 2403 1860 2443 non
1874 2389 2000 2444 sint.

991 2477 1215 2533 CAPUT
1255 2477 1434 2532 CLIX.

435 2565 697 2641 Quomodo
730 2565 1001 2641 Matt/imus
1035 2567 1211 2622 Marco
1241 2580 1489 2641 congruat
1529 2571 1593 2622 de
1639 2572 1779 2640 virga
1803 2613 1819 2638 ,
1850 2590 2003 2641 quam

500 2637 777 2710 secundum
806 2637 1103 2710 Muli/uvam
1144 2641 1262 2691 dicit
1295 2637 1544 2693 Dominus
1566 2658 1664 2693 non
1702 2637 2000 2710 ferendam;

498 2708 777 2779 secuitduut
846 2708 1081 2760 Marcum
1135 2720 1300 2762 autem
1365 2713 1526 2762 solam
1580 2708 1884 2779 ferendam;
1939 2730 2003 2767 ea;

499 2775 674 2828 eorlent
701 2777 830 2830 libro
857 2779 918 2829 dc
940 2779 1201 2832 Conseusu
1223 2775 1645 2849 evangelium-um
1667 2796 1724 2835 tt.

497 2868 644 2922 Solet
690 2868 814 2923 item
862 2872 1063 2940 quaeri,
1093 2873 1360 2942 quomodo
1402 2874 1684 2929 Mattlunus
1725 2885 1779 2929 et
1833 2875 2000 2931 Lucas

429 2971 980 3015 commemoraverunt
1020 2963 1219 3018 dixisse
1268 2963 1544 3018 Dominum
1587 2964 1892 3034 discipulis,
1944 2977 1999 3022 ut

429 3065 526 3104 nec
556 3050 754 3120 virgam
787 3051 1008 3117 ferrent,
1043 3069 1161 3107 cum
1192 3055 1332 3107 dicat
1363 3054 1567 3108 Marcus
1595 3070 1610 3109 :
1645 3057 1710 3108 Et
1747 3058 2000 3124 prmcepit

426 3141 504 3194 eis
538 3157 602 3195 ne
631 3142 754 3212 quid
787 3143 1033 3198 tollerent
1074 3145 1123 3198 in
1155 3145 1257 3208 via,
1290 3143 1390 3198 nisi
1423 3145 1621 3214 virgam
1663 3155 1898 3213 tantum;
1943 3157 1996 3202 et

420 3243 678 3302 sequatur
703 3237 862 3288 etiam
897 3237 1010 3304 ipse
1057 3251 1160 3289 non
1210 3251 1411 3303 peram,
1445 3253 1549 3291 non
1579 3252 1792 3305 panem,
1824 3255 1999 3307 neque

429 3324 478 3374 iu
512 3337 640 3376 zona
670 3338 776 3377 ws:
808 3335 862 3377 ut
883 3326 1130 3379 ostendat
1151 3326 1200 3378 in
1226 3325 1411 3379 eodem
1437 3327 1554 3379 loco
1585 3328 1784 3380 versari
1809 3342 1995 3382 narra-

428 3412 624 3465 tionem
657 3426 829 3475 suam,
854 3414 905 3466 iu
929 3429 1032 3482 quo
1053 3423 1107 3468 et
1136 3415 1347 3467 illorum
1375 3414 1463 3481 qui
1490 3415 1738 3468 dixerunt
1767 3430 1864 3468 nec
1891 3416 1997 3468 vir-

426 3516 543 3569 gam
570 3502 862 3554 ferendam.
895 3503 1045 3566 Quod
1071 3503 1139 3554 ita
1183 3503 1410 3555 solvitur
1438 3513 1490 3555 ut
1515 3504 1868 3572 intelligamus
1899 3505 1996 3558 sub

425 3590 526 3643 alia
573 3589 958 3660 significatione
1002 3591 1197 3645 diotam
1247 3593 1445 3659 virgam
1475 3632 1490 3658 ,
1539 3609 1658 3662 quae
1704 3595 1993 3649 secundum

426 3683 658 3735 Marcum
688 3683 902 3737 ferenda
931 3695 1031 3748 est,
1059 3695 1107 3738 rt
1127 3685 1227 3739 sub
1268 3686 1369 3737 alia
1395 3686 1537 3738 illam
1566 3702 1680 3754 que
1703 3686 1995 3741 secundum

425 3773 729 3827 Matthzeum
751 3782 804 3828 et
851 3774 1043 3829 Lucam
1073 3791 1176 3828 non
1199 3785 1279 3830 est
1320 3776 1534 3830 ferenda
1563 3817 1577 3841 ,
1608 3777 1742 3830 sicut
1767 3778 1865 3830 sub
1895 3779 1996 3831 alia

424 3864 814 3932 significatione
863 3866 1185 3935 intelligitur
1224 3867 1478 3928 tentatio,
1533 3866 1600 3921 de
1649 3882 1750 3937 qua
1796 3867 1994 3922 dictum

424 3967 504 4012 est
535 3972 550 4012 :
586 3957 721 4012 Deus
750 3959 1016 4012 neminem
1065 3967 1264 4023 tentat;
1298 3968 1353 4013 et
1380 3958 1480 4012 sub
1507 3958 1609 4013 alia
1648 3973 1753 4027 qua
1796 3959 1995 4013 dictum

422 4059 502 4103 est
532 4064 546 4100 :
579 4049 771 4103 Tentat
793 4063 886 4103 vos
907 4049 1164 4104 Dominus
1197 4049 1335 4103 Deus
1363 4058 1566 4115 vester,
1599 4060 1654 4104 ut
1677 4049 1874 4105 sciatsi
1905 4050 1998 4104 di-

425 4139 586 4209 ligitis
611 4154 767 4205 eum;
795 4141 881 4194 illa
913 4140 1239 4195 seductionis
1264 4148 1367 4206 est,
1402 4141 1517 4196 haec
1538 4141 1887 4210 probationis.
1917 4141 2001 4196 Si-

423 4241 512 4284 cut
529 4230 788 4298 judicium
816 4231 974 4286 aliter
993 4231 1275 4300 accipitur,
1299 4230 1370 4285 de
1400 4245 1505 4299 quo
1526 4229 1724 4285 dictum
1751 4241 1835 4286 est
1861 4247 1876 4285 :
1900 4229 2000 4299 Qui

422 4326 559 4379 bene
584 4323 822 4378 fecerunt
842 4324 895 4378 in
925 4325 1371 4378 resurrectionem
1416 4323 1559 4388 vitae,
1589 4323 1678 4392 qui
1704 4323 1844 4379 male
1865 4323 2001 4380 fece-

423 4425 544 4470 runt
566 4415 618 4468 in
643 4415 1088 4470 resurrectionem
1114 4413 1300 4484 judicii
1328 4430 1342 4478 ;
1371 4422 1425 4469 et
1450 4414 1624 4478 aliter,
1648 4413 1716 4469 de
1742 4429 1849 4482 quo
1883 4414 1996 4469 dic-

2115 1849 2255 1902 niam
2297 1850 2361 1904 ad
2397 1865 2523 1915 vos;
2556 1863 2609 1905 et
2639 1851 2988 1920 corporaliter
3032 1868 3136 1921 qua
3186 1853 3386 1906 utimur
3414 1893 3429 1918 ,
3475 1855 3596 1906 sive
3627 1855 3692 1907 ad

2113 1955 2345 2008 equum,
2376 1943 2490 1996 sive
2520 1941 2585 1994 ad
2615 1941 2814 2010 aliquid
2843 1941 2983 1995 aliud
3011 1957 3146 2010 opus
3173 1942 3362 2006 fuerit,
3396 1953 3449 1996 ut
3471 1945 3690 1997 interim

2111 2033 2353 2086 omittam
2393 2043 2447 2088 et
2487 2035 2620 2088 alias
2649 2034 2805 2104 hujus
2853 2037 3081 2089 nominis
3134 2034 3386 2105 ﬁguratas
3415 2037 3691 2103 signiﬁca-

2111 2127 2304 2180 tiones.
2347 2127 2642 2195 Utrumque
2682 2144 2809 2196 ergo
2838 2129 3201 2198 accipiendum
3249 2139 3332 2183 est
3375 2145 3403 2181 a
3458 2129 3690 2183 Domino

2110 2219 2383 2286 Apostolis
2409 2219 2606 2273 dietum
2628 2261 2642 2286 ,
2670 2233 2720 2274 et
2752 2229 2807 2274 ut
2837 2235 2934 2275 nec
2958 2221 3156 2290 virgam
3189 2221 3472 2284 ferrent,et
3501 2232 3559 2274 ut
3584 2238 3688 2275 non

2111 2309 2211 2361 nisi
2239 2310 2438 2377 virgam
2473 2309 2692 2363 ferrent.
2725 2308 2857 2363 Cum
2885 2310 3028 2364 enim
3051 2309 3344 2376 secundum
3375 2311 3685 2364 Matthamm

2107 2401 2307 2454 diceret
2335 2402 2412 2455 eis
2445 2418 2456 2453 :
2486 2400 2660 2455 Nolite
2700 2403 2976 2470 possidere
3017 2418 3227 2469 aurum,
3275 2417 3448 2470 neque
3492 2418 3687 2470 argen-

2109 2501 2250 2556 tum,
2285 2510 2454 2562 neque
2486 2495 2765 2563 pecuniam
2791 2494 2841 2548 in
2868 2495 3017 2549 zonis
3035 2496 3259 2559 vestris;
3285 2510 3387 2548 non
3418 2509 3605 2560 peram
3632 2493 3684 2548 in

2108 2584 2211 2648 via,
2245 2600 2417 2654 neque
2462 2585 2595 2638 duas
2628 2586 2832 2638 tunicas
2860 2625 2875 2650 ,
2914 2600 3084 2654 neque
3108 2584 3473 2646 calciamenta,
3509 2601 3684 2653 neque

2107 2675 2328 2742 virgam,
2359 2673 2612 2728 continuo
2654 2674 2882 2741 subjecit
2912 2691 2925 2725 :
2970 2671 3167 2744 Dignus
3197 2683 3280 2728 est
3315 2674 3456 2726 enim
3485 2688 3683 2742 opera-

2105 2768 2217 2822 rius
2241 2766 2359 2821 cibo
2389 2782 2506 2821 suo.
2536 2766 2686 2821 Unde
2706 2764 2834 2820 satis
2861 2767 3094 2819 ostendit
3117 2781 3214 2819 cur
3239 2780 3334 2819 eos
3361 2765 3474 2818 haec
3508 2765 3682 2833 possi-

2104 2858 2234 2914 dere
2261 2873 2322 2914 ac
2353 2858 2490 2913 ferre
2513 2858 2763 2922 noluerit,
2795 2872 2897 2912 non
2923 2857 3063 2926 quod
3112 2857 3408 2911 necessaria
3433 2871 3542 2910 non
3575 2859 3681 2910 sint

2103 2949 2474 3004 sustentationi
2505 2949 2661 3018 hujus
2710 2951 2831 3002 vita:
2852 2989 2866 3011 ,
2893 2948 2988 3003 sed
3028 2948 3148 3017 quia
3180 2947 3259 3002 sic
3287 2961 3378 3002 eos
3409 2947 3678 3010 mittebat,

2105 3046 2163 3092 ut
2188 3039 2264 3094 eis
2296 3039 2409 3092 haec
2439 3039 2622 3092 deberi
2668 3038 3060 3091 demonstraret
3088 3037 3155 3090 ab
3207 3036 3309 3089 illis
3353 3035 3484 3104 ipsis
3511 3079 3528 3103 ,
3562 3035 3682 3104 qui-

2107 3129 2206 3182 bus
2238 3129 2582 3198 Evaugelium
2613 3127 2958 3183 credentibus
2987 3127 3391 3192 annuntiarent,
3419 3135 3676 3196 tanquam

2100 3223 2363 3289 stipendia
2439 3221 2828 3283 militantibus,
2902 3230 3151 3290 tanquam
3219 3219 3445 3273 fructum
3504 3220 3678 3273 vinea:

2101 3314 2518 3382 plantatoribus,
2552 3323 2803 3381 tauquam
2851 3313 2929 3367 lac
2951 3313 3131 3383 gregis
3174 3311 3492 3380 pastoribus.
3525 3311 3678 3366 Unde

2101 3405 2295 3459 Paulus
2323 3405 2490 3458 dicit:
2531 3404 2660 3471 Quis
2689 3404 2882 3457 militat
2921 3405 3030 3456 suis
3079 3401 3356 3471 stipendiis
3399 3403 3679 3471 unquam?

2099 3498 2229 3564 Quis
2273 3497 2474 3566 plantat
2522 3497 2765 3563 vineam,
2811 3507 2861 3551 et
2915 3496 2982 3550 de
3031 3495 3201 3548 fructu
3231 3493 3347 3562 ejus
3394 3509 3500 3547 non
3535 3494 3680 3547 edit?

2099 3589 2230 3655 Quis
2264 3590 2431 3658 pascit
2451 3603 2688 3657 gregem,
2718 3598 2771 3640 et
2801 3587 2868 3640 de
2898 3586 3035 3640 lacte
3073 3584 3248 3654 gregis
3276 3599 3378 3637 non
3412 3583 3679 3652 percipit?

2102 3680 2236 3733 lliuc
2278 3678 2422 3733 enim
2473 3678 2786 3746 loquebatur
2830 3676 2898 3730 de
2945 3676 3026 3729 his
3055 3690 3173 3744 qua:
3202 3673 3500 3728 necersaria
3555 3682 3676 3726 sunt

2101 3771 2534 3841 praedicatoribus
2580 3768 2871 3839 Evangelii.
2905 3768 3056 3824 Unde
3084 3767 3239 3836 paulo
3270 3775 3387 3833 post
3411 3763 3587 3820 dicit:
3619 3767 3672 3819 Si

2101 3876 2199 3916 nos
2245 3861 2397 3916 vobis
2438 3859 2697 3928 spiritalia
2752 3859 3167 3923 seminavimus,
3200 3870 3449 3925 magnum
3499 3865 3586 3909 est
3633 3855 3676 3908 si

2101 3961 2276 4007 vestra
2324 3951 2553 4005 carnalia
2603 3950 2901 4004 metamus?
2949 3949 3006 4003 Si
3053 3948 3144 4002 alii
3199 3949 3440 4014 potestati
3486 3959 3679 4001 vestrae

2103 4043 2439 4113 participant,
2473 4058 2576 4095 non
2607 4041 2774 4110 magis
2818 4041 2949 4094 nos?
2993 4040 3089 4095 sed
3116 4054 3218 4092 non
3248 4038 3328 4092 usi
3360 4053 3548 4092 sumus
3581 4039 3678 4091 hac

2102 4142 2383 4205 potestate.
2415 4132 2566 4188 Unde
2601 4142 2818 4201 apparet
2851 4133 2963 4185 haec
2991 4145 3097 4184 non
3129 4131 3199 4183 ita
3231 4127 3555 4198 praecepisse
3578 4128 3680 4182 Do-

2102 4224 2327 4289 minum,
2359 4233 2607 4291 tanquam
2638 4221 2981 4289 evangelista:
3008 4220 3187 4274 vivere
3211 4218 3425 4272 aliunde
3451 4232 3561 4272 non
3583 4218 3678 4271 de-

2103 4315 2302 4378 beant,
2354 4329 2513 4382 quam
2565 4313 2646 4366 eis
2701 4311 3065 4380 przebeutibus
3118 4309 3312 4378 quibus
3353 4308 3678 4361 annuntiant

2104 4406 2445 4476 Evangelium
2495 4422 2508 4458 :
2559 4403 2793 4473 alioquin
2825 4413 3013 4458 contra
3059 4402 3161 4455 hoc
3189 4409 3513 4471 praeceptum
3546 4399 3677 4454 fecit

419 4521 527 4564 tum
543 4518 626 4563 est
657 4526 672 4564 :
700 4507 885 4563 iudica
908 4522 1017 4573 me,
1046 4477 1209 4574 De'us,
1235 4515 1289 4560 et
1314 4506 1562 4561 discerne
1586 4520 1988 4560 causammeam
2026 4477 2072 4535 θ
2099 4499 2237 4553 idem
2268 4497 2573 4566 Apostolus,
2605 4495 2694 4564 qui
2726 4494 2920 4548 victum
2955 4492 3023 4546 de
3054 4506 3305 4546 manuum
3351 4505 3574 4544 suarum
3605 4489 3678 4542 la-

417 4605 484 4658 de
510 4613 670 4674 gente
689 4619 792 4659 non
823 4612 1029 4658 sancta.
1070 4601 1205 4656 Illud
1245 4599 1388 4654 enim
1407 4600 1663 4668 judicium
1693 4600 1992 4654 damnatio-

417 4698 502 4751 nis
529 4706 630 4761 est,
666 4698 767 4751 hoc
833 4694 1193 4752 discretionis.
1233 4694 1300 4748 Et
1328 4693 1490 4748 multa
1533 4693 1634 4746 alia
1660 4702 1784 4747 sunt
1827 4694 1987 4746 verba

418 4804 536 4854 qua:
558 4803 662 4842 non
708 4789 901 4843 habent
942 4804 1099 4843 unam
1127 4787 1606 4858 significationem;
1637 4786 1732 4839 sed
1760 4785 1988 4840 diversis

416 4883 548 4936 locis
573 4891 930 4950 congruenter
958 4883 1148 4951 posita,
1173 4881 1389 4936 diverso
1419 4881 1577 4934 modo
1599 4878 1984 4947 intelliguntur,

417 4986 472 5030 et
493 4974 778 5044 aliquando
798 4988 918 5028 cum
951 4975 1287 5042 expositione
1317 4975 1589 5038 dicuntur,
1616 4981 1675 5026 ut
1701 4979 1786 5025 est
1812 4969 1940 5024 illud
1973 4988 1983 5022 :

415 5069 612 5137 Nolite,
669 5067 862 5138 pueri,
907 5066 1046 5122 effici
1091 5067 1335 5122 sensibus
1361 5107 1378 5132 ,
1419 5066 1512 5121 sed
1552 5064 1752 5120 malitia
1784 5063 1989 5132 parvuli

412 5171 604 5224 estote,
637 5170 692 5214 ut
737 5158 981 5213 sensibus
1033 5159 1251 5228 perfecti
1292 5159 1429 5212 sitis.
1482 5156 1594 5211 Hoc
1626 5155 1769 5210 enim
1815 5154 1988 5210 brevi-

414 5265 494 5306 ter
523 5253 701 5308 clausa
734 5256 995 5307 sententia
1018 5251 1122 5307 dici
1148 5251 1334 5318 potuit.
1365 5250 1537 5304 Nolite
1561 5263 1680 5303 esse
1696 5247 1868 5316 pueri,
1894 5247 1985 5300 sed

411 5355 583 5399 estote
616 5345 796 5413 pueri;
827 5353 880 5399 et
921 5343 1050 5397 illud
1083 5359 1097 5397 :
1146 5343 1200 5398 Si
1250 5343 1369 5411 quis
1414 5351 1561 5410 putat
1604 5355 1663 5394 se
1692 5339 1986 5408 sapientem

410 5452 530 5491 esse
563 5438 614 5490 in
663 5438 834 5501 vobis,
870 5435 921 5489 in
953 5437 1053 5489 hoc
1094 5433 1327 5501 saeculo,
1381 5431 1573 5487 Stultus
1605 5432 1695 5486 fiat
1723 5441 1778 5484 ut
1807 5431 1877 5483 sit
1906 5445 1989 5483 sa-

413 5529 586 5594 piens.
620 5527 756 5594 Quid
803 5527 948 5581 enim
978 5525 1129 5579 aliud
1153 5523 1308 5590 dixit,
1334 5539 1514 5592 quam,
1549 5537 1652 5576 non
1685 5524 1755 5576 sit
1780 5520 1991 5589 sapiens

411 5628 466 5670 ut
495 5619 564 5670 sit
593 5619 848 5684 sapiens?
897 5617 1198 5687 Aliquando
1242 5624 1418 5670 autem
1465 5615 1656 5670 clausae
1689 5612 1758 5666 ita
1804 5613 1989 5666 dicun-

411 5720 511 5772 tur,
563 5717 618 5760 ιιι
648 5720 934 5765 exerceant
978 5710 1375 5779 inquirentem;
1423 5717 1478 5764 ut
1525 5715 1606 5764 est
1635 5706 1775 5776 quod
1822 5705 1893 5759 ait
1921 5703 1983 5756 ad

2098 4594 2314 4648 boribus
2361 4589 2711 4659 transigebat,
2755 4604 2822 4641 ne
2868 4587 3115 4653 cuiquam
3155 4582 3334 4652 gravis
3360 4592 3542 4636 esset:
3580 4581 3675 4635 sed

2097 4697 2413 4758 potestatem
2444 4684 2658 4737 dedisse
2689 4683 2740 4734 in
2790 4696 2892 4749 qua
2924 4677 3126 4733 scirent
3171 4676 3271 4730 sibi
3315 4676 3411 4728 ista
3460 4672 3677 4727 deberi.

2094 4780 2226 4833 Cum
2258 4792 2435 4831 autem
2483 4790 2510 4827 a
2556 4773 2783 4827 Domino
2827 4770 3024 4839 aliquid
3074 4769 3402 4835 imperatur,
3436 4764 3540 4817 nisi
3587 4765 3677 4817 fiat

2095 4869 2470 4926 inobedientite
2498 4866 2652 4933 culpa
2697 4873 2793 4918 est.
2827 4861 2961 4916 Cum
3008 4869 3183 4914 autem
3219 4865 3450 4927 potestas
3494 4854 3672 4917 datur,

2093 4964 2217 5018 licet
2243 4963 2437 5030 cuique
2476 4974 2582 5012 non
2627 4958 2732 5021 uti,
2767 4957 2926 5010 etiam
2955 4967 3111 5022 quam
3154 4951 3220 5004 de
3259 4965 3356 5004 suo
3379 4948 3500 5011 jure
3529 4946 3677 5017 [licet

2091 5055 2282 5122 cuique
2311 5065 2416 5106 non
2460 5049 2534 5104 uti
2569 5057 2625 5102 et
2654 5056 2901 5113 tanquam
2929 5044 2994 5097 de
3021 5059 3116 5097 suo
3139 5038 3283 5109 jure]
3310 5036 3521 5091 cedere.
3549 5037 3677 5088 Ha-c

2090 5160 2218 5213 ergo
2246 5144 2466 5212 loquens
2500 5137 2752 5193 Dominus
2777 5134 3079 5202 discipulis,
3105 5131 3156 5183 id
3179 5128 3370 5198 agebat
3391 5126 3529 5195 quod
3559 5125 3676 5188 ipse

2095 5234 2381 5302 Apostolus
2406 5230 2566 5298 paulo
2610 5236 2731 5295 post
2772 5225 3008 5293 apertius
3039 5223 3108 5274 ita
3137 5220 3409 5287 explicat:
3441 5216 3674 5270 Nescitis

2093 5323 2342 5394 queuiam
2360 5322 2447 5390 qui
2473 5320 2526 5374 in
2546 5319 2742 5385 templo
2769 5323 3081 5382 operantur,
3098 5327 3215 5378 quae
3236 5310 3305 5363 de
3323 5309 3520 5375 templo
3547 5315 3670 5358 sunt

2095 5415 2293 5478 edunt;
2326 5412 2414 5479 qui
2441 5410 2596 5464 altari
2622 5407 2953 5470 deserviunt,
2997 5403 3152 5457 altari
3201 5397 3669 5467 compartiuntur?

2094 5508 2182 5562 Sic
2213 5515 2266 5559 et
2298 5503 2551 5559 Dominus
2598 5500 2866 5554 ordinavit
2917 5497 3000 5551 his
3050 5496 3137 5565 qui
3188 5493 3532 5561 Evangelium
3571 5504 3668 5540 au-

2096 5601 2356 5664 nuntiant,
2388 5597 2454 5651 de
2486 5593 2776 5662 Ei'angelio
2797 5594 3010 5654 vivere;
3037 5604 3137 5659 ego
3159 5597 3338 5641 autem
3370 5587 3558 5639 horum
3586 5581 3666 5633 ni-

2097 5694 2166 5747 hil
2199 5708 2322 5750 usus
2362 5704 2499 5745 sum.
2531 5688 2662 5742 Cum
2711 5684 2890 5753 itaque
2920 5682 3045 5735 dicit
3067 5721 3081 5747 ,
3114 5680 3184 5733 ita
3213 5679 3495 5733 Dominum
3526 5671 3667 5727 ordiv
