3990 6180
300 280 402 334 8‘35

1491 293 1927 354 THESAURUS.
1971 301 2122 359 CAP.
2163 306 2389 363 CLXXI.

3443 326 3544 378 8:26

294 408 479 506 nasse,
523 409 583 449 se
636 404 812 451 autem
866 412 1016 506 usum
1068 415 1173 454 nou
1219 417 1368 470 esse,
1402 408 1585 477 tttique
1628 413 1863 465 ostendit
1893 419 1940 474 Α
1969 418 2138 472 multa
2167 421 2410 488 iterosse,
2443 439 2559 492 qua:
2589 425 2715 480 alibi
2742 427 2853 496 jam
2885 429 3114 498 dixerat,
3147 449 3212 489 ue
3242 436 3376 489 forte
3407 439 3541 506 ipso.

292 487 471 538 utendi
503 497 815 554 potestatcm
855 490 1072 555 datam,
1103 509 1207 546 non
1253 496 1555 565 impositam
1597 505 1864 557 serviendi

291 577 686 630 necessitatem.
721 579 831 633 Hoc
853 597 980 650 ergo
1008 584 1265 640 ordinans
1300 589 1553 646 Dominus
1575 594 1714 662 quod
1739 609 1861 648 eum

287 665 566 720 ordinasse
596 668 726 721 dicit
773 672 1058 737 Apostolus
1082 715 1097 738 ,
1127 678 1214 745 qui
1263 678 1605 747 Evangelium
1657 700 1864 738 annuu-

286 757 418 809 tiant
446 757 513 809 de
547 757 836 826 Evangelia
871 763 1064 827 vivere,
1099 768 1184 820 illa
1217 772 1490 836 Apostolis
1521 774 1858 843 loquebatur,

287 853 347 895 ut
397 845 570 898 securi
623 862 729 900 non
781 852 1141 920 possiderent,
1196 872 1367 924 neque
1417 870 1688 927 portarent
1738 867 1859 920 huic

289 933 415 986 vita:
441 938 762 996 necessaria,
783 954 881 991 nec
905 956 1094 1010 magna
1125 959 1221 998 uec
1237 947 1476 1001 minima.
1507 950 1630 1004 Ideo
1659 955 1854 1020 posuit,

281 1035 383 1114 nec
411 1024 610 1091 virgam
639 1043 651 1076 :
686 1029 971 1083 ostendens
1002 1046 1031 1084 a
1065 1033 1310 1089 ﬁdelibus
1338 1038 1468 1100 suis,
1493 1041 1669 1094 omnia
1701 1046 1854 1114 ιιι

280 1109 465 1166 deberi
497 1114 753 1170 ministris
779 1121 889 1172 suis
937 1122 1081 1175 nulla
1130 1127 1398 1192 superﬂua
1429 1109 1855 1197 requirentibus:

280 1215 344 1253 ac
378 1217 467 1269 per
497 1203 594 1258 hoc
616 1206 860 1260 addendo
890 1226 901 1260 :
937 1211 1132 1278 Dignus
1163 1225 1246 1267 est
1267 1217 1408 1268 enim
1439 1219 1713 1285 operarius
1739 1221 1858 1274 cibo

280 1305 415 1353 suo,
472 1308 688 1360 prorsus
733 1300 944 1365 aperuit
987 1310 1038 1353 et
1070 1299 1386 1369 illustravit,
1420 1307 1560 1362 unde
1600 1318 1654 1362 et
1693 1326 1857 1378 quare

282 1382 398 1436 ltzec
426 1387 600 1438 omnia
635 1388 963 1455 loqueretur.
1025 1392 1174 1446 Hanc
1203 1409 1330 1462 ergo
1362 1407 1673 1464 potestatem
1696 1401 1857 1470 virga:

277 1475 497 1526 nomine
544 1475 885 1543 signiﬁcavit,
940 1495 1059 1532 cum
1090 1481 1243 1547 dixit,
1277 1499 1342 1537 nc
1370 1488 1494 1553 quid
1528 1489 1775 1543 tollerent
1804 1492 1854 1545 in

274 1563 384 1624 via,
418 1563 519 1616 nisi
569 1567 768 1633 virgam
800 1576 1024 1632 tantum,
1060 1575 1226 1637 potuit
1249 1573 1395 1626 cnim
1427 1577 1586 1630 etiam
1629 1580 1708 1632 sic
1735 1580 1856 1634 bre-

273 1654 415 1707 viter
442 1653 565 1716 dici,
603 1657 744 1710 Nihil
769 1661 1189 1715 necessariorum
1219 1665 1492 1722 vobiscum
1523 1669 1723 1736 feratis,
1757 1687 1854 1725 nec

1967 523 2082 561 rum
2114 511 2348 566 locorum
2373 515 2524 580 ordo,
2561 532 2678 570 cum
2703 519 2830 590 [vel]
2864 537 2925 576 ex
2949 524 3056 577 alio
3080 527 3401 594 evangelista
3433 545 3537 581 non

1963 603 2295 668 convenerit,
2322 602 2476 656 alicui
2503 620 2684 660 eorum
2711 607 2835 662 hinc
2870 623 3014 678 putet
3042 629 3162 668 esse
3185 620 3532 678 contrarium.

1962 701 2081 740 cum
2133 691 2428 760 intelligere
2473 695 2663 750 debeat
2707 698 2895 753 iterum
2946 703 3069 756 alibi
3100 704 3228 769 dici,
3263 709 3401 774 quod
3430 709 3539 776 jam

1960 781 2088 833 alibi
2120 781 2321 836 dictum
2351 795 2486 851 erat,
2515 803 2612 840 nec
2644 797 2845 844 tantum
2885 792 2953 846 de
2973 793 3148 858 dictis,
3186 801 3534 851 verunietiam

1960 872 2028 926 de
2056 872 2208 926 factis
2237 875 2514 930 observari
2542 879 2758 935 debere.
2806 882 2948 936 Nihil
2988 885 3128 938 enim
3164 887 3410 951 prohibet
3435 889 3535 941 hoc

1961 962 2099 1016 idem
2128 964 2318 1016 iterum
2344 965 2534 1019 factum
2563 969 2804 1036 credere,
2831 971 3141 1026 calumniari
3165 985 3339 1028 autem
3362 977 3534 1028 Evan-

1959 1054 2122 1121 gelio;
2137 1054 2262 1108 dum
2286 1070 2389 1109 non
2402 1057 2591 1120 credit,
2613 1059 2802 1113 iterum
2820 1062 3034 1127 fat-tum,
3049 1065 3191 1133 quod
3206 1066 3395 1121 iterum
3415 1069 3530 1123 ﬁeri

1959 1158 2064 1198 non
2092 1146 2326 1212 potuisse
2351 1162 2510 1201 nemo
2531 1152 2818 1214 convincit,
2846 1154 3117 1222 sacrilch
3147 1157 3394 1212 vanitatis
3425 1169 3527 1212 est.

2504 1247 2731 1302 CAPUT
2771 1249 2979 1303 CLXX.

1960 1333 2038 1387 De
2059 1352 2113 1386 eo
2143 1337 2280 1404 quod
2304 1337 2580 1390 Matt/turus
2604 1351 2651 1391 et
2678 1339 2732 1390 Μ
2736 1357 2882 1392 arcus
2912 1343 3088 1394 dicunt
3117 1361 3134 1395 :
3171 1345 3290 1396 Post
3315 1362 3401 1398 sex
3421 1350 3528 1399 dies

2031 1406 2254 1476 (rictum;
2283 1407 2444 1476 Lttcua
2473 1410 2617 1472 dicit,
2650 1422 2759 1473 post
2782 1425 2930 1476 octo;
2955 1429 3018 1464 ea:
3039 1414 3214 1466 eodem
3242 1417 3370 1468 libro
3400 1432 3438 1468 tt
3468 1420 3528 1468 de

2029 1474 2288 1528 Consensu
2317 1474 2776 1547 Evangelistarum.

2031 1565 2280 1633 Sequitur
2320 1567 2596 1622 Matthaaus
2625 1587 2636 1619 :
2664 1570 2831 1624 Amen
2873 1572 2995 1626 dico
3040 1574 3210 1639 vobis,
3256 1585 3380 1628 sunt
3409 1578 3527 1644 qui-

1959 1656 2078 1708 dam
2101 1657 2167 1710 dc
2195 1659 2278 1710 hic
2307 1660 2590 1726 stantibus,
2622 1663 2712 1729 qui
2732 1677 2836 1716 non
2867 1668 3155 1732 gustabunt
3187 1678 3410 1721 mortem
3431 1669 3524 1721 do-

272 1743 476 1811 virgam
511 1753 710 1798 tantum
743 1745 863 1816 [nec
895 1749 1116 1817 virgam,
1146 1753 1245 1806 nisi
1273 1754 1472 1823 virgam
1500 1758 1723 1821 ιεηιηηι]
1751 1777 1766 1811 ε
1801 1769 1850 1814 ul
1892 1766 1931 1823 Β
1961 1749 2056 1802 nec
2079 1749 2293 1802 videant
2315 1750 2505 1804 Filium
2535 1752 2763 1806 hominis
2791 1757 3090 1810 venientem
3123 1758 3175 1811 in
3208 1773 3370 1826 regno
3403 1775 3520 1811 suo.

270 1832 400 1886 illud
449 1835 586 1900 quod
617 1836 816 1890 dictum
857 1848 958 1901 est,
992 1854 1089 1894 nec
1117 1842 1339 1910 virgam,
1376 1845 1718 1914 intelligatur,
1753 1865 1851 1902 nrc

269 1923 525 1976 minimas
555 1925 769 1993 quidem
801 1942 886 1980 res
917 1946 930 1980 :
963 1931 1101 1997 quod
1135 1947 1261 1985 vero
1292 1934 1600 2000 adjunctum
1627 1948 1726 2002 est,
1751 1939 1851 1992 nisi

269 2011 476 2079 virgam
531 2022 760 2079 tantum,
812 2017 1158 2087 intelligatur,
1189 2021 1310 2089 quia
1341 2037 1435 2090 per
1481 2034 1792 2092 potestatem
1821 2043 1849 2079 a

268 2100 505 2154 Dom'no
533 2112 826 2172 acceptam,
857 2121 975 2174 quae
1001 2109 1160 2178 virga:
1188 2111 1405 2165 nomine
1430 2114 1720 2182 signiﬁcata
1745 2127 1848 2180 est,

268 2191 433 2244 etiam
481 2207 602 2260 qua
652 2209 754 2247 non
790 2205 1067 2265 portantur
1106 2214 1210 2253 non
1259 2200 1504 2256 deerunt.
1560 2204 1852 2274 Utrumque

267 2293 397 2347 ergo
444 2280 698 2336 Dominus
743 2285 1012 2352 dixit,sed
1060 2289 1182 2357 quia
1237 2304 1340 2343 non
1394 2301 1677 2362 utrumque
1717 2310 1851 2348 unus

265 2375 597 2441 evangelista
627 2381 1067 2432 commemoravit
1107 2422 1122 2445 ,
1147 2391 1362 2448 putatur
1394 2383 1482 2438 ille
1530 2386 1617 2453 qui
1649 2387 1849 2453 virgam

264 2459 365 2513 sub
391 2462 495 2514 alia
527 2463 914 2532 signiﬁcatione
937 2467 1165 2536 positam
1191 2471 1477 2525 tollendam
1501 2475 1652 2538 dixit,
1685 2476 1733 2527 ei
1758 2476 1848 2543 qui

264 2551 471 2619 virgam
509 2569 696 2607 rursus
724 2555 866 2609 aliud
899 2557 1284 2626 signiﬁcantem
1319 2575 1420 2614 non
1455 2563 1738 2616 tollendam
1771 2566 1850 2617 di-

265 2641 375 2704 xit,
435 2657 554 2696 esse
600 2646 930 2712 contrarius;
971 2647 1065 2702 sed
1108 2647 1221 2718 jam
1270 2651 1475 2705 ratione
1505 2653 1707 2707 reddita
1742 2670 1846 2708 non

262 2739 501 2798 putetur.
555 2733 643 2788 Sic
666 2745 719 2790 et
746 2737 1116 2806 calciamenta,
1141 2755 1261 2794 cum
1291 2741 1423 2796 dicit
1446 2744 1725 2798 Matthanus
1747 2787 1760 2810 ,
1796 2746 1846 2799 in

262 2823 348 2876 via
381 2840 489 2878 non
523 2841 640 2882 esse
688 2829 948 2896 portanda
977 2876 990 2899 ,
1040 2847 1220 2887 curam
1254 2834 1535 2901 prohibet,
1577 2852 1680 2904 qua
1729 2838 1847 2892 ideo

263 2915 532 2982 portanda
580 2919 878 2984 cogitantur
905 2935 970 2973 ne
1012 2921 1187 2976 desint
1240 2923 1450 2994 [utnon
1479 2925 1695 2994 desint].
1737 2928 1846 2981 lioc

260 3015 316 3058 ct
341 3005 409 3058 de
441 3004 648 3060 duabus
677 3008 868 3062 tunicis
901 3008 1302 3080 intelligendum
1353 3024 1454 3076 est.
1487 3031 1553 3068 ne
1607 3018 1846 3086 quisquis

1959 1840 2021 1892 Et
2048 1848 2166 1906 post
2207 1839 2322 1893 dies
2363 1856 2484 1905 sex,
2517 1848 2806 1910 assumpsit
2840 1845 2996 1899 Jesus
3030 1847 3263 1912 Petrmn,
3295 1859 3346 1903 et
3372 1850 3524 1903 Jaco-

1955 1928 2100 1992 bnm,
2130 1938 2184 1982 et
2205 1929 2464 1982 Joannem
2497 1930 2714 1984 fratrem
2744 1934 2880 2001 ejus,
2909 1945 2962 1988 et
2982 1936 3130 1989 duxit
3155 1938 3274 1990 illos
3302 1940 3350 1990 in
3375 1955 3524 1990 mon-

1954 2025 2059 2070 tem
2092 2019 2363 2071 excrlsum
2391 2035 2656 2085 seorsum,
2683 2033 2812 2087 etc.,
2841 2039 3007 2093 usque
3037 2027 3101 2078 ad
3131 2028 3281 2091 illud,
3313 2030 3399 2082 ubi
3423 2031 3521 2081 ait:

1955 2106 2161 2160 Nemini
2192 2107 2432 2162 dixeritis
2481 2110 2768 2179 visionem,
2811 2111 2980 2166 donec
3030 2113 3194 2167 Filius
3225 2115 3455 2170 hominis
3493 2134 3522 2170 a

1954 2197 2177 2250 mortuis
2211 2208 2474 2265 resurgat.
2511 2199 2632 2252 Haec
2662 2201 2798 2252 visio
2833 2202 3039 2256 Domini
3072 2205 3122 2268 in
3153 2219 3332 2258 monte
3361 2223 3522 2260 orau-

1955 2287 2094 2339 tibus
2131 2285 2309 2355 Petro,
2340 2287 2539 2340 Jacobo
2583 2298 2635 2340 et
2665 2288 2892 2354 Joanne,
2934 2292 3022 2344 ubi
3053 2293 3214 2346 etiam
3257 2294 3322 2348 de
3360 2296 3518 2356 ClBIO,

1953 2375 2037 2428 isﬁ
2065 2375 2182 2446 [illi]
2229 2376 2591 2430 testimonium
2625 2389 2858 2444 paterna:
2890 2382 3033 2433 vocis
3065 2383 3387 2448 perbibitum
3418 2396 3519 2448 est,

1951 2478 1978 2515 a
2005 2464 2174 2517 tribus
2201 2465 2541 2530 evangelistis
2585 2466 2773 2520 eodem
2799 2468 2985 2521 ordine
3007 2481 3350 2534 memoratur,
3379 2481 3433 2525 et
3453 2474 3519 2529 ad

1951 2555 2166 2607 easdem
2191 2555 2408 2609 omnino
2429 2557 2720 2610 sententias
2745 2576 2757 2609 :
2783 2558 2874 2612 sed
2893 2570 3089 2614 caetera
3117 2565 3404 2615 secundum
3423 2580 3518 2630 ge-

1953 2661 2078 2698 nera
2097 2647 2418 2699 locutionum
2436 2648 2644 2700 diversa
2657 2689 2669 2710 ,
2687 2649 2803 2702 sine
2819 2650 2918 2702 ulla
2934 2652 3320 2704 sententiarum
3343 2653 3517 2706 diver-

1952 2734 2128 2796 sitate,
2149 2751 2265 2801 qua:
2289 2735 2468 2787 multis
2491 2735 2621 2788 locis
2643 2739 2887 2804 superius
2907 2739 3409 2805 demonstravimus,
3435 2741 3515 2793 vi-

1951 2825 2064 2878 deri
2095 2841 2124 2876 a
2151 2825 2450 2890 legentibus
2479 2837 2717 2893 possunt.
2752 2827 2902 2892 Quod
2932 2840 3105 2882 autem
3153 2830 3360 2883 Marcus
3400 2841 3517 2898 post

1949 2929 2040 2967 sex
2073 2914 2188 2966 dies
2217 2913 2409 2966 fat-tum
2441 2915 2585 2978 dicit,
2615 2915 2752 2968 sicut
2784 2915 3084 2982 Matthzeus,
3128 2917 3295 2970 Lucas
3339 2929 3516 2972 autem

1953 3015 2070 3074 post
2092 3017 2233 3070 octo,
2261 3022 2362 3058 non
2393 3007 2767 3060 contemnendi
2797 3017 2938 3072 sunt,
2970 3009 3011 3060 si
3039 3025 3172 3077 quos
3201 3022 3396 3075 movet,
3422 3013 3514 3065 sed

260 3110 450 3148 eorum
484 3107 676 3164 praue.-
704 3113 818 3151 eam
848 3115 1007 3168 quam
1037 3101 1186 3173 [qua]
1239 3114 1383 3158 esse;
1411 3106 1648 3168 indutus,
1682 3107 1842 3159 alia“,
1871 3128 1915 3187 C
1951 3098 2158 3151 ratione
2188 3097 2391 3150 reddita
2423 3098 2744 3150 instruendi.
2780 3099 2902 3151 Dies
2932 3100 3077 3153 enim
3108 3101 3318 3163 quando
3347 3117 3515 3154 enun-

260 3186 582 3253 portandam
640 3197 850 3255 putaret
893 3191 1190 3257 sollicitus,
1243 3209 1310 3248 ne
1361 3211 1493 3263 opus
1541 3206 1684 3250 esset
1722 3212 1842 3251 eum

261 3279 355 3331 illa
372 3295 436 3334 ex
455 3291 717 3349 poteSIate
755 3299 908 3350 posse
925 3285 1166 3354 accipere
1197 3286 1373 3357 [aliam
1407 3288 1716 3356 portandam
1744 3304 1844 3357 pu-

241 3379 439 3444 taret,
469 3371 729 3426 sollicitus
756 3390 820 3426 ue
851 3390 987 3442 opus
1012 3386 1158 3430 esset
1186 3393 1305 3431 cum
1339 3393 1402 3431 ex
1451 3378 1536 3431 illa
1585 3387 1844 3446 potestate

261 3470 442 3526 posset
466 3462 754 3532 accipere].
796 3464 1026 3520 Proinde
1057 3467 1306 3530 Marcus,
1355 3467 1584 3522 dicendo
1627 3470 1840 3523 calciari

239 3538 353 3604 eos
384 3553 639 3607 sandaliis
681 3554 764 3608 vel
794 3556 953 3608 Soleis
979 3597 993 3619 ,
1047 3556 1245 3626 aliquid
1287 3557 1387 3612 hoc
1436 3558 1838 3612 calciamentum

259 3644 503 3712 mystica:
532 3645 932 3716 signiﬁcationis
965 3649 1161 3703 habere
1209 3650 1460 3704 admonet
1487 3691 1500 3714 ,
1547 3661 1602 3704 ut
1630 3667 1723 3719 pes
1755 3669 1843 3706 ne-

256 3749 359 3801 que
393 3744 566 3788 tectus
611 3734 703 3800 sit,
749 3752 918 3804 neque
966 3738 1136 3790 nudus
1164 3738 1228 3791 ad
1280 3748 1497 3804 terram,
1533 3741 1582 3792 id
1631 3750 1714 3794 est
1771 3757 1839 3794 ne

254 3825 556 3878 occultetur
583 3825 955 3894 Evangelium,
988 3843 1086 3882 nec
1130 3829 1357 3882 terrenis
1383 3830 1679 3884 commodis
1703 3831 1838 3883 inni-

257 3925 422 3969 tatur.
456 3917 519 3970 Et
548 3917 685 3983 quod
717 3935 820 3970 non
854 3921 1074 3984 portari,
1107 3920 1188 3973 vel
1222 3921 1406 3974 haberi
1435 3921 1564 3974 duas
1597 3921 1832 3985 tunicas;

252 4009 346 4062 sed
375 4008 680 4076 expressius
703 4010 844 4062 indui
878 4011 1151 4078 prohibet,
1197 4011 1403 4078 dicens,
1465 4013 1530 4065 Et
1560 4027 1624 4065 ne
1651 4011 1837 4064 indue-

253 4107 440 4151 rentur
465 4097 670 4152 duabus
703 4101 893 4154 tunicis
918 4117 932 4165 ;
960 4100 1084 4170 quid
1116 4116 1208 4155 eos
1236 4112 1439 4166 mooet,
1471 4102 1570 4155 nisi
1617 4117 1720 4154 non
1745 4103 1836 4154 du-

255 4189 506 4255 pliciter,
554 4189 647 4242 sed
694 4191 1006 4257 simpliciter
1054 4191 1372 4244 ambulare?
1423 4193 1493 4243 Ita
1548 4191 1830 4244 Dominum

255 4277 484 4348 [omnia]
508 4280 703 4333 dixisse
734 4281 881 4335 nullo
911 4281 1070 4335 modo
1097 4281 1444 4335 dubitandum
1488 4291 1603 4349 est,
1637 4283 1830 4336 partim

253 4370 473 4434 proprie
495 4411 508 4433 ,
545 4385 626 4437 pat
643 4370 732 4423 tim
750 4370 1004 4439 ﬁgurate;
1034 4371 1127 4425 sed
1151 4373 1504 4441 evangelistas
1521 4375 1621 4432 alia
1651 4375 1810 4426 istum

1949 3189 2141 3242 tiamus
2167 3189 2424 3252 dicentes,
2466 3190 2590 3243 Post
2621 3199 2697 3243 tot
2724 3190 2868 3253 dies;
2899 3191 3184 3259 aliquando
3212 3207 3312 3245 nou
3344 3208 3514 3244 annu-

1947 3295 2215 3334 meranius
2234 3295 2352 3334 eum
2385 3283 2436 3335 in
2469 3297 2574 3349 quo
2602 3283 2889 3349 loquimur,
2922 3291 2975 3336 et
2998 3297 3116 3335 eum
3148 3297 3250 3352 quo
3287 3297 3373 3336 rc-s
3404 3283 3513 3349 ipsa

1944 3374 2117 3424 futura
2146 3382 2229 3424 est
2269 3389 2426 3439 quam
2467 3375 2884 3442 praanuntiamus
2926 3375 3003 3428 vel
3038 3375 3382 3442 pollicemur;
3421 3377 3514 3427 sed

1943 3461 2147 3515 medios
2181 3472 2298 3530 post
2323 3478 2457 3530 quos
2489 3478 2674 3516 revera
2703 3463 2888 3530 plenos
2911 3473 3070 3531 atque
3102 3464 3356 3532 integros,
3386 3463 3514 3515 illud

1942 3552 2176 3607 futurum
2205 3567 2305 3608 est.
2341 3555 2450 3609 Hoc
2474 3555 2597 3608 fecit
2630 3555 2909 3608 Mattharus
2950 3565 3001 3608 et
3033 3556 3260 3619 Marcus,
3288 3565 3515 3622 excepta

1941 3658 2006 3696 eo
2035 3644 2119 3696 die
2150 3659 2252 3712 quo
2294 3644 2408 3698 hinc
2451 3645 2766 3714 loquebatur
2797 3643 2990 3716 [Jesu],
3024 3655 3075 3699 et
3109 3645 3199 3699 illo
3227 3661 3334 3713 quo
3363 3645 3513 3698 exhi-

1943 3735 2056 3788 buit
2087 3748 2438 3788 memoratam
2465 3737 2514 3788 in
2547 3744 2728 3789 monte
2757 3737 3036 3796 visionem,
3071 3736 3274 3788 medios
3301 3736 3414 3787 dies
3438 3737 3512 3788 in-

1941 3837 2148 3880 tuentes
2177 3827 2460 3878 dixerunt:
2492 3825 2616 3878 Post
2645 3841 2738 3878 sex
2771 3825 2907 3889 dies,
2949 3827 3088 3889 quod
3126 3826 3214 3877 ille
3256 3840 3511 3878 annume-

1939 3915 2066 3967 ratis
2111 3914 2378 3975 ﬁnalibus,
2411 3913 2462 3966 id
2509 3922 2610 3975 est,
2663 3913 2833 3979 primo
2881 3922 3038 3980 atque
3087 3912 3296 3972 ultimo,
3333 3912 3509 3976 dixit,

1939 4005 2064 4058 Post
2089 4014 2211 4057 octo
2240 4004 2374 4068 dies,
2407 4018 2472 4057 eo
2497 4003 2745 4071 loquendi
2780 4002 2958 4064 modo,
3001 4017 3105 4070 quo
3137 4018 3257 4070 pars
3283 4017 3376 4068 pro
3398 4011 3509 4054 toto

1936 4103 2414 4148 commemoratur.
2455 4092 2586 4147 Item
2629 4093 2768 4162 quod
2813 4092 2981 4145 Lucas
3028 4093 3102 4144 ait
3129 4092 3195 4145 de
3228 4093 3410 4161 Moyse
3455 4102 3508 4146 et

1937 4185 2051 4238 Elia
2086 4202 2098 4236 :
2129 4182 2344 4238 Factum
2368 4192 2450 4237 est
2476 4199 2596 4236 cum
2620 4183 2960 4236 discederent
2991 4184 3056 4234 ab
3081 4183 3188 4242 illo,
3224 4183 3291 4234 ait
3322 4183 3507 4236 Petrus

1935 4275 1998 4328 ad
2025 4276 2207 4328 .lesum
2234 4291 2248 4329 :
2274 4275 2599 4344 Przeceptor,
2628 4275 2822 4328 bonum
2846 4284 2926 4328 est
2949 4275 3102 4326 nobis
3133 4275 3217 4326 hic
3239 4290 3377 4335 esse,
3397 4284 3504 4327 etc.

1938 4363 2050 4420 Non
2082 4365 2240 4420 debet
2262 4366 2432 4434 putari
2456 4367 2780 4419 contrarium
2813 4366 2881 4426 ei,
2912 4367 3049 4430 quod
3079 4365 3354 4418 Matthteus
3379 4365 3511 4417 Mar.

253 4458 356 4511 alia
408 4459 553 4512 illum
601 4461 890 4516 inseruisse
952 4463 1166 4530 scriptis
1210 4465 1354 4527 suis,
1412 4465 1653 4533 quaedam
1705 4479 1830 4517 vero
1861 4472 2134 4540 ocuSque
2177 4458 2248 4510 ita
2296 4457 2689 4524 coniunxerunt
2742 4458 2953 4510 Petrum
3005 4458 3106 4509 hoc
3149 4457 3499 4526 suggessisse,

250 4549 459 4613 eadem,
492 4552 743 4616 velduos,
778 4554 857 4606 vel
884 4561 989 4607 tres
1015 4569 1198 4607 eorum
1221 4554 1509 4621 quoslibet,
1530 4556 1614 4608 vel
1635 4569 1823 4609 omnes

249 4653 476 4707 quatuor
520 4643 789 4708 posuisse;
856 4656 952 4697 nec
999 4641 1077 4696 sic
1129 4652 1303 4696 tamen
1343 4643 1519 4697 omnia
1561 4658 1678 4697 esse
1707 4659 1825 4696 con-

247 4732 466 4798 scripta,
501 4747 618 4798 qua:
661 4732 728 4785 ab
760 4732 850 4786 illo
878 4745 973 4786 seu
1007 4733 1180 4795 dicta,
1213 4746 1306 4786 seu
1339 4731 1471 4785 facta
1499 4741 1640 4786 sunt.
1668 4733 1825 4798 Quis-

247 4823 367 4889 quis
418 4829 592 4874 autem
646 4830 793 4888 putat
845 4836 949 4875 non
1000 4822 1241 4890 potuisse
1294 4823 1573 4876 Dominum
1624 4823 1673 4876 in
1718 4839 1824 4876 uno

246 4927 499 4965 sermone
529 4913 768 4979 quaedam
801 4913 1050 4981 ﬁgurate,
1088 4912 1330 4981 quredam
1364 4913 1574 4981 proprie
1627 4928 1823 4980 ponere

244 5004 487 5072 eloquia,
528 5014 721 5057 caetera
789 5002 903 5071 ejus
970 5005 1229 5070 inspectet
1285 5003 1595 5073 {inspiciatL
1628 5005 1824 5058 videbit

244 5110 403 5162 quam
451 5094 550 5148 hoc
584 5105 783 5148 temere
810 5106 971 5164 atque
1013 5095 1275 5148 inerudite
1302 5095 1609 5149 arbitretur.
1644 5096 1824 5150 Potest

243 5187 388 5237 enim
418 5186 539 5248 iste,
575 5196 630 5238 ut
661 5201 821 5238 unum
865 5186 1062 5254 aliquid
1102 5186 1274 5239 dicam
1312 5186 1453 5253 quod
1483 5188 1660 5240 animo
1686 5189 1820 5242 inte-

245 5273 346 5325 rim
376 5275 607 5327 occurrit
636 5315 648 5335 ,
690 5273 940 5342 quoniam
989 5285 1168 5328 mouet
1195 5283 1251 5327 ttt
1278 5289 1382 5327 non
1424 5276 1557 5327 sciat
1597 5277 1816 5329 sinistra

241 5362 364 5429 quid
391 5363 546 5415 iaciat
574 5363 783 5425 dextra,
817 5376 868 5416 et
893 5365 1031 5430 ipsas
1053 5364 1441 5432 eleemosyuas,
1475 5375 1526 5418 et
1558 5365 1816 5434 quidquid

244 5455 348 5508 illic
407 5455 547 5507 aliud
609 5454 845 5522 praecipit
914 5455 1134 5524 ﬁgurate
1187 5455 1552 5521 accipiendum
1612 5468 1817 5524 putare.

241 5547 378 5599 Sane
397 5560 585 5599 rursus
611 5546 874 5599 admoneo
906 5547 1042 5614 quod
1080 5555 1290 5613 Oportet
1315 5547 1622 5600 meminisse
1657 5547 1820 5602 let-to-

244 5648 374 5696 rcm,
409 5649 477 5686 ne
521 5633 611 5686 tali
658 5632 1018 5688 admonitione
1053 5634 1346 5700 saepissime
1395 5635 1646 5703 indigeat,
1702 5637 1820 5690 aliis

248 5734 398 5793 atque
477 5725 594 5776 aliis
664 5739 972 5778 sermonum
1043 5740 1258 5779 suorum
1335 5725 1463 5778 locis
1541 5725 1819 5782 Dominum

1931 4551 2080 4618 quasi
2108 4549 2282 4602 adhuc
2315 4550 2524 4618 Moyses
2553 4560 2607 4604 et
2636 4551 2776 4602 Elias
2817 4565 2938 4602 cum
2972 4549 3194 4602 Domino
3226 4549 3504 4616 loqueren-

1935 4646 2038 4690 tur.
2078 4637 2192 4691 Non
2223 4638 2365 4692 enim
2408 4649 2787 4706 expresserunt
2815 4639 2953 4705 quod
2997 4646 3139 4700 tunc,
3174 4637 3266 4690 sed
3318 4645 3502 4690 tacue-

1933 4737 2054 4782 ruttt
2093 4729 2286 4797 potius,
2341 4729 2482 4798 quod
2516 4730 2615 4782 iste
2646 4729 2873 4790 addidit,
2928 4728 3034 4780 illis
3080 4727 3518 4791 discedentibus,-

1931 4821 2032 4874 ltoc
2069 4821 2281 4874 Petrum
2311 4822 2376 4874 de
2409 4823 2576 4875 tribus
2601 4821 2957 4875 tabernaculis
2992 4821 3245 4874 faciendis
3276 4819 3501 4872 Domino

1929 4914 2278 4980 suggessisse.
2326 4913 2542 4966 Addidit
2587 4913 2745 4965 etiam
2788 4911 2984 4976 Lucas,
3028 4911 3353 4965 intrantibus
3398 4911 3501 4966 illis

1929 5001 1980 5053 in
2005 5003 2195 5054 nubem
2227 5001 2418 5054 iactam
2446 5017 2567 5056 esse
2597 5016 2781 5055 vocem
2813 5002 2880 5056 de
2922 5002 3085 5069 nube,
3112 5002 3255 5072 quod
3288 5003 3362 5056 illi
3394 5018 3496 5056 non

1928 5092 2196 5155 dixerunt,
2219 5093 2310 5146 sed
2344 5108 2442 5148 nec
2466 5093 2927 5148 contradixerunt.

2462 5201 2688 5256 CAPUT
2719 5202 2951 5274 CLXXI.

1932 5310 2004 5362 De
2033 5310 2287 5382 alabastro
2306 5315 2597 5382 unguenti;
2634 5314 2888 5374 quomodo
2933 5329 3030 5364 non
3062 5320 3304 5382 repugnet
3348 5309 3488 5382 Μαίη

2001 5382 2131 5433 tinea
2180 5393 2222 5433 et
2266 5378 2444 5434 Marco
2481 5385 2797 5435 dicentibus:
2825 5387 2949 5433 Ante
2993 5382 3199 5431 biduum
3245 5378 3489 5440 Pace/tte;

1996 5448 2220 5502 Joannes
2241 5455 2326 5517 qui
2353 5453 2472 5504 dicit
2498 5469 2515 5504 :
2539 5458 2665 5504 Ante
2701 5469 2787 5504 sea:
2825 5454 2962 5512 dies;
2995 5465 3056 5501 ex
3081 5449 3253 5499 eodem
3291 5450 3418 5501 libro
3451 5463 3489 5500 ιι

1999 5524 2060 5572 de
2084 5520 2341 5574 Consensu
2369 5522 2827 5592 Evangelistarum.

1998 5630 2130 5686 Cum
2179 5642 2322 5687 esset
2367 5634 2522 5688 Jesus
2567 5635 2614 5686 in
2663 5632 2936 5694 Bethania,
2979 5631 3029 5680 iu
3071 5628 3232 5681 domo
3261 5629 3495 5683 Simonis

1931 5725 2174 5795 chrosi,
2199 5725 2425 5780 accessit
2466 5726 2528 5779 ad
2558 5740 2678 5778 eum
2712 5722 2901 5776 mulier
2929 5719 3130 5776 habens
3170 5721 3498 5780 alabastrum
