3990 6180
516 280 617 334 827

1575 281 1636 335 Ι).
1679 270 1997 334 EUGYPPII
2038 272 2330 329 ABBATIS
2368 273 2690 329 AFRICANI
3618 279 3705 333 893

513 388 764 455 unguenti
805 387 1043 454 pretiosi,
1074 393 1128 440 et
1155 385 1342 441 eﬂudit
1378 400 1539 455 super
1576 394 1736 453 caput
1775 384 1942 452 ipsius
1986 395 2074 435 re-
2107 384 2151 438 Δ
2180 380 2324 435 disse
2366 382 2669 446 mulierem,
2723 382 2824 436 nisi
2855 382 3008 446 forte,
3039 384 3290 453 quoniam
3335 384 3533 440 Marcus
3560 385 3706 440 incus

514 476 834 542 cumbcntis,
868 489 999 540 etc.,
1045 494 1213 547 usque
1247 478 1312 531 ad
1342 476 1491 541 illud,
1520 475 1607 529 ubi
1646 477 1757 528 ait:
1788 474 1999 527 Dicetur
2027 478 2083 525 et

513 568 656 634 quod
681 569 792 621 hare
816 566 940 622 fecit
968 567 1020 621 in
1049 567 1359 622 memoriam
1385 565 1524 634 ejus.
1568 564 1717 620 Nunc
1734 563 1844 631 jatn
1873 564 1939 616 de
1964 576 2081 615 mu-

516 658 648 711 luere
700 670 857 726 atque
905 666 1173 726 unguento
1219 658 1493 725 pretioso,
1534 655 1675 725 quod
1725 656 1775 709 in
1828 652 2081 708 Bethania

514 757 720 813 gestum
771 758 853 801 est
894 746 1315 803 consideremus.
1356 745 1527 801 Lucas
1546 746 1711 811 enim,
1744 743 1983 809 quamvis
2009 741 2082 796 si-

519 837 643 889 tnile
674 838 865 889 factum
896 845 1296 901 commemoret,
1330 849 1628 903 nomenque
1657 833 1941 888 conveniat
1966 832 2081 901 ejus

518 924 656 992 apud
682 940 837 991 quem
860 924 1242 978 eonvivabatur
1271 925 1526 980 Dominus
1549 926 1697 989 (nam
1721 934 1773 977 ct
1803 924 1972 989 ipsum
1999 922 2082 975 Si-

518 1028 728 1067 monem
758 1013 947 1082 dicit);
973 1025 1144 1069 tamen
1174 1014 1337 1086 [quia]
1370 1031 1473 1069 non
1509 1024 1794 1071 estcomm
1839 1023 2080 1068 naturam

519 1102 602 1155 vel
625 1112 802 1155 contra
829 1118 1027 1157 morem
1055 1104 1357 1167 hominum,
1404 1114 1482 1168 ut,
1502 1104 1549 1158 si
1574 1114 1743 1171 potest
1770 1119 1902 1157 unus
1922 1103 2082 1156 homo

520 1189 719 1243 habere
751 1194 961 1244 nomina
993 1192 1118 1258 duo,
1155 1209 1203 1244 in
1231 1193 1322 1244 ιὶιο
1364 1192 1531 1262 magis
1561 1194 1788 1259 possint,
1837 1202 1889 1244 et
1920 1207 2080 1246 unum

520 1294 711 1332 nomen
758 1279 953 1334 habere
995 1281 1234 1334 homines
1282 1280 1408 1333 duo.
1462 1280 1641 1334 Potius
1692 1280 1948 1334 credibile
2001 1288 2084 1334 est

518 1368 679 1420 alium
711 1366 872 1423 fuisse
899 1370 1043 1423 illum
1075 1369 1371 1431 Simonem,
1402 1384 1504 1423 non
1536 1370 1828 1436 leprosum,
1856 1372 1907 1423 in
1929 1368 2081 1436 cujus

520 1457 698 1519 domo,
726 1456 824 1509 hoc
849 1458 900 1509 in
949 1456 1202 1510 Bethania
1241 1457 1545 1525 gerebatur.
1586 1456 1716 1510 Nam
1746 1472 1844 1510 nec
1883 1458 2078 1526 Lucas,

520 1545 572 1597 in
600 1544 849 1598 Bethania
882 1560 993 1599 rem
1020 1553 1222 1614 gestam
1246 1544 1375 1599 dicit
1401 1558 1557 1611 quam
1585 1554 1798 1609 narrat;
1822 1552 1876 1598 et
1897 1559 2080 1612 qnam-

522 1633 602 1686 vis
648 1647 752 1688 non
804 1643 1187 1688 commemoret
1236 1634 1505 1689 civiutcm
1542 1641 1634 1687 aut
1675 1633 1949 1687 castellum
1992 1633 2080 1687 ubi

2179 460 2455 526 alabastro
2472 473 2740 539 perfusum
2767 482 2928 542 caput
2952 486 3352 538 commemorat,
3373 486 3475 529 tam
3502 478 3702 545 quisque

2182 560 2448 616 absurdus
2478 572 2533 616 et
2557 563 2916 617 calutnniosus
2945 574 3048 629 est,
3077 574 3135 621 ut
3160 565 3355 634 aliquid
3386 566 3436 619 in
3472 579 3589 619 vase
3612 566 3704 618 ira.

2179 660 2267 705 cto
2296 662 2451 720 neget
2475 668 2753 708 remanere
2782 652 3036 721 potuisse,
3068 655 3211 710 unde
3246 657 3404 710 etiam
3432 655 3580 721 pedes
3600 669 3703 722 per-

2182 740 2445 797 funderet.
2485 741 2589 796 Sed
2644 756 2765 796 cum
2797 740 2942 812 [iste]
2985 745 3316 799 contenderit
3360 744 3437 797 sic
3476 757 3588 799 esse
3612 743 3704 797 ira-

2180 839 2341 893 ctum,
2376 839 2433 883 ut
2460 830 2589 885 nihil
2618 831 2687 883 ibi
2718 831 2915 886 residui
2942 840 3262 898 remaneret,
3291 832 3462 886 nitens
3479 831 3707 886 adversus

2182 917 2458 973 veritatem
2501 918 2811 987 Evangelii,
2866 930 3066 986 quanto
3117 919 3306 973 melius
3339 929 3393 974 et
3436 918 3710 985 religiosius

2181 1010 2457 1063 contendit
2485 1010 2621 1063 alius
2644 1049 2660 1074 ,
2703 1024 2810 1063 non
2840 1024 2961 1063 esse
2991 1012 3059 1063 ita
3092 1010 3336 1072 fractum,
3370 1018 3426 1063 ut
3464 1018 3618 1063 totum
3643 1010 3711 1063 ei-

2180 1095 2427 1152 fnnderet
2468 1098 2642 1153 nitens
2674 1113 2770 1165 pro
2809 1100 3032 1154 veritate
3072 1100 3381 1166 Evangelii;
3428 1100 3515 1154 ille
3557 1109 3709 1152 autem

2182 1186 2534 1240 calumniator
2560 1187 2604 1240 si
2640 1196 2744 1240 tam
2780 1176 3119 1253 pertinaciter
3139 1204 3315 1243 czecus
3356 1197 3461 1253 est,
3487 1198 3540 1242 ιιι
3566 1203 3711 1243 evan-

2181 1276 2487 1343 gelistarum
2518 1276 2860 1331 concordiam
2888 1276 2956 1331 de
3005 1278 3272 1332 alabastro
3302 1278 3467 1332 fracto
3495 1277 3711 1345 frangere

2182 1373 2437 1427 conetur;
2491 1365 2637 1431 prius
2685 1364 2908 1432 accipiat
2956 1366 3196 1434 perfusos
3234 1366 3415 1434 pedes,
3456 1376 3712 1434 antequam

2181 1454 2310 1509 illud
2343 1455 2566 1509 fractum
2615 1463 2778 1519 esset,
2821 1465 2878 1508 ut
2922 1456 2974 1508 in
3004 1456 3210 1525 integro
3238 1464 3563 1519 remaneret;
3592 1454 3714 1508 unde

2183 1546 2343 1598 etiam
2390 1554 2548 1613 caput
2579 1544 3007 1613 perfunderetur,
3053 1544 3142 1598 ubi
3192 1544 3426 1600 fractura
3452 1543 3537 1598 illa
3564 1552 3713 1598 totum

2183 1634 2503 1690 effunderet.
2535 1637 2577 1689 A
2605 1635 2779 1703 capite
2815 1636 3016 1705 quippe
3057 1636 3213 1691 nobis
3252 1635 3495 1691 ordinate
3533 1634 3715 1689 consuli

522 1722 714 1779 factum
742 1722 831 1788 sit,
860 1731 1035 1777 tamen
1066 1739 1171 1777 non
1195 1722 1406 1778 videtur
1435 1724 1486 1777 in
1514 1723 1701 1777 eodem
1735 1723 1852 1776 loco
1876 1724 2073 1778 versari
2109 1721 2149 1778 Β
2177 1728 2537 1795 agnoscimus,
2589 1727 2684 1783 sed
2734 1727 2979 1783 ordinate
3023 1729 3185 1784 etiam
3229 1741 3326 1781 nos
3372 1742 3405 1780 a
3431 1726 3635 1795 pedibus
3660 1724 3715 1776 ad

522 1810 641 1879 ejus
671 1812 919 1866 narratio.
950 1812 1088 1867 Nihil
1118 1814 1294 1880 itaque
1331 1811 1473 1865 aliud
1510 1811 1906 1880 intelligendum
1936 1811 2081 1866 arbi-

520 1913 655 1970 tror,
701 1902 799 1957 nisi
842 1918 946 1956 non
977 1903 1188 1972 quidem
1236 1904 1393 1957 aliam
1440 1902 1605 1957 fuisse
1633 1903 1933 1966 mulierem,
1963 1917 2082 1971 qua“:

525 1991 789 2056 peccatrix
820 1999 946 2045 tunc.
992 1992 1218 2045 accc-sit
1260 1990 1323 2045 ad
1365 1991 1530 2058 pedes
1556 1992 1707 2055 Jesu,
1751 2000 1807 2045 et
1848 1992 2081 2045 osculata

524 2092 629 2140 est.
661 2090 716 2135 et
764 2083 890 2135 lavit
918 2082 1187 2152 Iacrymis,
1231 2091 1284 2137 et
1316 2082 1465 2136 tersit
1491 2082 1717 2150 capillis,
1748 2092 1801 2136 et
1827 2084 2084 2136 unxitun-

524 2180 749 2237 guento;
773 2169 925 2239 cujus
948 2170 1225 2235 Dominus,
1244 2170 1479 2224 adhibita
1501 2172 1848 2227 similitudine
1874 2174 1940 2227 de
1963 2172 2086 2226 duo.

525 2260 623 2314 bus
673 2259 1024 2325 debitoribus,
1078 2262 1153 2314 ait
1207 2260 1426 2315 dimissa
1470 2275 1589 2316 esse
1632 2272 1846 2330 peccata
1898 2264 2083 2330 multa,

526 2354 773 2420 quoniam
806 2356 992 2410 dilexit
1038 2355 1295 2419 multum;
1345 2354 1441 2410 sed
1487 2355 1727 2410 eamdem
1760 2357 1976 2410 Mariam
2004 2356 2087 2410 bis

531 2446 634 2497 huc
684 2444 899 2509 fecisse,
941 2444 1108 2498 semel
1153 2445 1375 2509 scilicet,
1423 2446 1565 2512 quod
1614 2446 1785 2500 Lucas
1826 2447 2081 2512 narravit,

532 2548 654 2585 cum
689 2534 859 2599 primo
896 2535 1158 2588 accedens
1185 2550 1305 2589 cum
1350 2535 1435 2589 illa
1485 2536 1783 2590 humilitate
1817 2546 1871 2590 et
1918 2537 2089 2607 Iaery-

529 2623 630 2676 mis
659 2626 853 2677 meruit
888 2636 1225 2693 peccatorum
1256 2626 1648 2681 remissionem.
1672 2627 1801 2681 Nam
1844 2637 1895 2682 et
1922 2627 2085 2683 Joan-

530 2727 628 2766 nes
653 2715 892 2781 quamvis
918 2730 1020 2769 non
1050 2715 1186 2769 sicut
1216 2715 1385 2770 Lucas
1424 2717 1869 2786 quemadmodum
1895 2718 2087 2772 factum

527 2812 670 2855 esset
701 2804 1014 2869 narraverit,
1046 2815 1218 2859 tamen
1247 2805 1417 2873 ipsam
1452 2808 1667 2861 Mariam
1709 2809 2088 2863 commendans

528 2895 983 2959 commemoravit,
1016 2909 1133 2948 cum
1177 2894 1327 2965 [jam]
1375 2895 1441 2950 de
1487 2895 1687 2950 Lazaro
1726 2896 2089 2952 resuscitando

530 2983 781 3050 ccepisset
818 2984 981 3052 loqui,
1029 2993 1308 3053 antequam
1356 2984 1565 3038 veniret
1609 2988 1766 3055 112
1810 2986 1863 3039 in
1897 2986 2089 3041 Betha-

2182 1826 2340 1885 caput
2374 1817 2729 1874 ascendimus.
2768 1815 2973 1872 Cretera
3019 1819 3138 1871 lacti
3177 1817 3332 1885 hujus
3378 1817 3567 1871 nullam
3592 1812 3703 1866 mihi

2181 1910 2436 1964 videntur
2463 1909 2659 1963 habere
2688 1909 3055 1979 quaestionem.
3083 1908 3233 1973 Quod
3261 1907 3405 1961 enim
3440 1906 3526 1959 alii
3552 1905 3719 1958 dicunt

2181 1997 2470 2065 discipulos
2520 2011 2904 2061 murmurasse,
2935 1996 3002 2050 de
3033 1996 3287 2063 unguenti
3328 1993 3584 2049 eﬂ’usioue
3612 2007 3714 2059 pre-

2183 2089 2336 2154 tiosi,
2366 2089 2599 2143 Joannes
2644 2096 2822 2142 autem
2850 2087 3037 2142 Judam
3081 2096 3484 2147 commemorat,
3528 2093 3581 2137 et
3613 2082 3714 2134 ideo

2183 2178 2304 2246 quia
2333 2176 2418 2233 fur
2468 2187 2605 2243 erat,
2656 2177 2992 2232 manifestum
3024 2186 3148 2244 puto
3193 2190 3315 2229 esse
3359 2174 3712 2242 discipulorqu

2185 2271 2401 2324 nomine
2422 2268 2667 2323 eumdem
2696 2268 2883 2323 Judam
2915 2268 3281 2336 signiﬁcatum,
3327 2264 3589 2319 locutione
3623 2261 3714 2323 illa,

2185 2376 2343 2431 quam
2373 2360 2441 2415 de
2462 2359 2706 2429 Philippo
2731 2360 2784 2413 itt
2814 2358 3045 2429 quinque
3075 2357 3296 2426 panibus
3335 2354 3714 2413 insinuavimus,

2189 2451 2374 2519 plurali
2406 2466 2627 2504 numero
2655 2464 2750 2517 pro
2773 2449 3029 2517 singulari
3055 2456 3327 2515 usurpato.
3364 2445 3543 2499 Putest
3578 2442 3716 2496 etiam

2190 2540 2430 2609 in'elligi,
2461 2539 2601 2608 quod
2631 2548 2685 2593 et
2707 2537 2795 2591 alii
2824 2536 3065 2603 discipuli
3093 2544 3185 2589 aut
3209 2533 3479 2589 senserint
3506 2530 3617 2589 hoc.
3642 2537 3719 2580 aut

2188 2628 2442 2692 dixerint,
2487 2640 2577 2681 aut
2604 2628 2686 2682 eis
2714 2625 2848 2681 Juda
2877 2624 3085 2686 dicente
3113 2637 3429 2693 persuasum
3459 2621 3556 2683 sit,
3583 2627 3721 2683 atque

2189 2719 2426 2773 omnium
2456 2718 2781 2773 voluntatem
2816 2715 3098 2770 lilattbaeus
3132 2725 3187 2770 et
3218 2715 3434 2769 Marcus
3459 2712 3610 2769 etiam
3629 2724 3721 2762 vcr-

2189 2805 2274 2861 bis
2301 2808 2694 2874 expresserim;
2727 2804 2867 2876 [sed]
2886 2805 3050 2860 Judas
3079 2813 3354 2873 propterea
3383 2802 3589 2863 dixerit,
3616 2797 3718 2866 quia

2192 2897 2274 2949 iur
2311 2905 2459 2960 erat,
2516 2896 2693 2950 caeteri
2750 2908 2876 2950 vero
2930 2903 3145 2964 propter
3198 2909 3484 2962 pauperum
3528 2903 3717 2950 curam;

2190 2987 2444 3043 Joannem
2476 2984 2696 3059 [autem]
2723 2987 2791 3042 de
2837 2988 2952 3042 solo
2981 2986 3074 3042 illo
3111 2986 3161 3040 id
3188 2997 3602 3041 commemorare
3632 2994 3709 3031 vo-

532 3073 697 3135 niam,
739 3072 881 3140 quod
929 3073 1068 3127 idem
1112 3073 1181 3127 ibi
1225 3074 1294 3127 ita
1338 3082 1519 3129 narrat
1545 3090 1561 3129 :
1587 3074 1717 3128 Erat
1755 3083 1935 3130 autem
1970 3076 2084 3143 qui-
2118 3080 2163 3142 C
2198 3079 2379 3145 luisse,
2429 3078 2579 3144 cujus
2622 3092 2690 3131 ex
2724 3077 2821 3131 hac
2850 3078 3130 3133 occasione
3157 3074 3365 3131 iurandi
3417 3067 3722 3132 consuetith

531 3160 677 3220 datu,
719 3160 906 3228 inquit,
962 3161 1215 3229 languens
1258 3162 1489 3216 Lazarus
1537 3176 1565 3215 a
1599 3162 1869 3227 Bethania,
1898 3163 1967 3218 de
2001 3178 2091 3218 ca-

534 3249 695 3300 sti-llo
726 3250 901 3302 Μαι-ιω
942 3259 997 3302 et
1025 3250 1263 3316 Marthae,
1304 3253 1504 3306 sororis
1530 3252 1645 3320 ejus
1675 3270 1689 3317 ;
1721 3253 1883 3306 Maria
1912 3262 2087 3308 autem

535 3345 647 3386 erat
678 3350 795 3402 qua:
845 3335 993 3389 unxit
1023 3336 1303 3390 Dominum
1334 3348 1628 3406 unguento,
1667 3347 1723 3394 et
1748 3341 1902 3395 tersit
1928 3341 2090 3410 pedes

539 3425 657 3488 ejus
684 3425 889 3492 capillis
919 3425 1053 3493 suis,
1083 3426 1235 3495 cujus
1262 3427 1426 3483 frater
1453 3428 1681 3483 Lazarus
1703 3430 2088 3486 inﬁrmabatur.

537 3515 645 3567 lloc
691 3514 874 3567 dicens
902 3515 1135 3570 Joannes
1179 3526 1458 3572 attestatur
1505 3518 1689 3584 Luca,
1731 3521 1820 3590 qui
1854 3520 1995 3592 [hoc]
2038 3522 2089 3576 in

536 3604 696 3656 domo
724 3603 975 3657 Phariszei
999 3604 1273 3672 cujusdam
1298 3605 1530 3663 Simonis
1554 3608 1746 3663 factum
1767 3623 1885 3664 esse
1908 3625 2092 3664 narra-

536 3696 629 3747 vit.
670 3693 786 3748 Jam
833 3694 993 3749 Maria
1023 3695 1200 3765 itaque
1248 3696 1349 3751 hoc
1377 3697 1593 3754 fecerat.
1634 3699 1786 3766 Quod
1832 3709 2008 3755 autem
2040 3702 2090 3756 in

536 3784 787 3837 Bethania
819 3800 1001 3839 rursus
1028 3784 1153 3840 fecit
1177 3785 1318 3840 aliud
1347 3798 1451 3851 est,
1482 3787 1621 3857 quod
1669 3789 1732 3843 ad
1768 3788 1922 3844 Lucae
1966 3806 2091 3843 nar-

536 3874 792 3928 rationem
822 3889 926 3929 non
958 3875 1207 3944 pertinet,
1237 3877 1329 3932 sed
1356 3880 1554 3948 pariter
1574 3889 1819 3935 narratur
1846 3895 1876 3935 a
1902 3881 2088 3946 tribus,

535 3964 738 4018 Joanne
760 3965 981 4029 scilicet,
1002 3966 1268 4033 Mattltaao,
1287 3968 1486 4023 Marco.
1505 3969 1646 4024 Inter
1663 3970 1792 4025 istos
1813 3971 2093 4039 igiturtres

537 4053 859 4121 Matthzeum,
892 4055 1122 4110 Marcum
1147 4065 1202 4110 et
1221 4058 1479 4112 Joannem
1514 4059 1961 4127 quemadmt-dum
1993 4062 2094 4117 hoc

532 4145 819 4197 conveniat
846 4143 1200 4209 attendamus,
1238 4146 1307 4200 de
1332 4146 1521 4214 quibus
1566 4162 1669 4201 non
1694 4146 1816 4218 [est]
1850 4148 2089 4214 dubium,

537 4235 674 4301 quod
698 4238 938 4289 eamdem
968 4251 1079 4290 rem
1111 4246 1327 4291 narrant
1359 4248 1558 4307 gestam
1596 4237 1647 4291 in
1685 4237 1960 4304 Bethania,
2004 4240 2092 4293 ubi

538 4326 694 4375 etiam
751 4323 1032 4390 discipuli,
1079 4324 1220 4392 quod
1263 4338 1449 4377 omnes
1514 4332 1622 4378 tres
1673 4335 2096 4381 commemorant

540 4422 1000 4467 murmuraverunt
1052 4414 1308 4468 adversus
1354 4416 1673 4480 mulierem,
1728 4425 1974 4485 tanquam
2020 4419 2089 4473 de
2117 4441 2167 4501 ι)

539 4502 837 4570 perditione
884 4503 1253 4569 pretiosiSsiini
1295 4506 1570 4572 unguenti.
1607 4504 1755 4569 Quod
1798 4519 1925 4574 ergo
1954 4506 2088 4560 Mat-

539 4594 710 4648 tltaeus
733 4604 785 4647 et
826 4595 1052 4660 Marcus,
1084 4606 1241 4660 caput
1273 4595 1483 4648 Domini
1514 4604 1781 4662 unguento
1819 4595 2091 4662 perfusum

536 4683 736 4749 dicunt,
762 4684 992 4739 Joannes
1016 4696 1190 4739 autem
1221 4684 1402 4752 pedes,
1450 4685 1628 4752 regula
1658 4684 1750 4738 illa
1793 4685 2092 4740 ostenditur

538 4786 643 4823 non
666 4787 783 4825 esse
802 4775 1146 4838 contrarium,
1172 4790 1329 4840 quam
1359 4774 1863 4839 demoostravimus,
1886 4790 2006 4830 cum
2026 4775 2095 4830 de

537 4859 771 4927 quinque
800 4862 1016 4928 panibus
1043 4873 1286 4930 pasceret
1312 4864 1513 4917 turbas.
1552 4863 1623 4917 lbi
1663 4865 1804 4917 enim
1835 4865 1956 4932 quia
1987 4880 2091 4919 non

536 4947 702 5002 defuit
740 4951 909 5017 quiet
947 4950 1344 5022 quinquagenos
1383 4962 1437 5006 et
1473 4960 1732 5007 centenos
1760 4953 2094 5008 discubuisse

536 5052 1001 5107 commetnmaret,
1030 5058 1147 5096 cum
1170 5045 1305 5098 alius
1328 5046 1724 5115 quinquagenos
1745 5046 1958 5109 dixerit,
1986 5061 2090 5101 non

537 5130 708 5193 potuit
736 5130 903 5184 videri
948 5134 1305 5200 contrarium;
1340 5137 1598 5203 putuisset
1635 5146 1834 5199 autem,
1880 5138 1923 5189 si
1954 5138 2089 5190 alius

534 5228 792 5274 centenos
813 5230 1012 5275 tantum
1038 5226 1321 5291 posuisset,
1346 5225 1483 5277 sicut
1510 5227 1646 5279 alius
1665 5228 2085 5295 quinquagenos,

537 5317 590 5359 et
619 5317 790 5364 tamen
813 5312 993 5365 debuit
1028 5313 1247 5367 inveniri
1282 5322 1564 5381 utrumque
1591 5317 1782 5368 factum
1818 5331 1957 5370 esse.
1979 5318 2093 5384 Quo

534 5400 938 5471 exemp‘ojnos]
983 5402 1255 5455 informari
1294 5404 1554 5470 oportuit,
1584 5407 1724 5459 sicut
1760 5406 1869 5459 illic
1912 5408 2093 5459 adma.

537 5487 652 5549 nui,
693 5489 848 5543 etiam
904 5492 991 5543 ubi
1051 5490 1241 5559 singuli
1288 5493 1627 5560 evangelista
1675 5506 2091 5549 commemorant

540 5583 819 5644 utrumque
842 5578 1034 5634 factum
1067 5582 1382 5651 intelligere.
1414 5583 1647 5639 Proinde
1683 5594 1734 5640 et
1767 5586 1853 5639 hic
1876 5603 1979 5640 non
2005 5601 2090 5639 so-

540 5661 649 5718 lum
676 5678 853 5737 caput,
890 5672 982 5727 scd
1026 5680 1081 5726 et
1110 5674 1270 5742 pedes
1317 5675 1522 5730 Domini
1562 5678 1880 5746 accipiemus
1911 5677 2088 5747 perfu-

2192 3184 2311 3224 ttem
2338 3168 2561 3224 credidit
2592 3166 2960 3221 intimandam.

2714 3277 2936 3333 CAPUT
2968 3277 3215 3332 CLXXII.

2191 3368 2268 3423 De
2294 3368 2419 3421 liora
2453 3367 2736 3421 Dominiraz
2766 3368 3033 3434 passionis,
3054 3367 3481 3434 quemadmodum
3503 3364 3735 3434 "sitinter

2261 3456 2313 3491 se
2350 3439 2646 3491 dissentiant
2676 3431 2879 3488 Marcus
2901 3437 2987 3507 qui
3014 3431 3154 3499 dicit,
3180 3436 3305 3489 liora
3331 3438 3504 3507 tertia,
3524 3445 3564 3489 et
3585 3431 3721 3507 Joan-

2262 3524 2347 3561 nes
2373 3511 2458 3575 qui
2491 3509 2557 3558 di:
2576 3508 2637 3569 it,
2668 3508 2793 3558 hora
2823 3506 2965 3574 quasi
3003 3515 3162 3575 sexta,
3204 3522 3266 3559 ex
3296 3506 3427 3558 libro
3460 3521 3510 3559 ιιι
3536 3506 3593 3556 de
3612 3506 3722 3554 tunc

2261 3574 2409 3629 sensu
2432 3577 2871 3643 evangelistarum,
2910 3574 3057 3626 titulo
3084 3590 3197 3627 χιιι.

2259 3687 2314 3739 Si
2347 3686 2503 3755 igitur
2530 3685 2658 3737 hora
2692 3685 2841 3754 quasi
2870 3694 3042 3748 sexta,
3075 3683 3245 3737 Pilato
3274 3683 3496 3739 sedente
3524 3696 3610 3751 pro
3645 3678 3721 3731 Iri-

2192 3777 2393 3840 bunali,
2431 3774 2655 3828 traditus
2685 3783 2764 3828 est
2809 3771 3201 3841 cruciﬁgendus
3238 3771 3462 3838 Judmis,
3491 3767 3722 3841 quomodo

2193 3867 2321 3922 hora
2352 3867 2509 3921 tertia
2529 3864 2818 3919 cruciﬁxus
2845 3872 2947 3928 est,
2977 3864 3114 3916 sicut
3153 3863 3311 3917 verba
3352 3862 3511 3916 Marci
3536 3858 3719 3929 quidam

2192 3974 2299 4013 non
2329 3958 2692 4027 intelligentes
2718 3957 3069 4026 putaverunt?
3117 3956 3266 4009 Prius
3305 3957 3452 4009 enim
3479 3969 3566 4023 qua
3604 3951 3717 4003 hora

2192 4048 2428 4118 cruciﬁgi
2464 4048 2699 4115 potuerit
2734 4045 3043 4108 videamus;
3092 4044 3286 4099 deinde
3329 4045 3610 4099 videbimus
3639 4052 3722 4091 cur

2193 4138 2320 4192 hora
2346 4137 2502 4192 tertia
2525 4136 2836 4191 cruciﬁxum
2864 4134 3004 4189 dixit
3026 4135 3233 4189 Marcus
3262 4151 3277 4187 :
3309 4132 3451 4187 liora
3473 4142 3577 4187 erat
3596 4126 3725 4196 quasi

2191 4237 2362 4293 sexta,
2386 4242 2506 4282 cum
2540 4227 2765 4280 traditus
2791 4234 2876 4280 est
2902 4224 3310 4295 cruciﬁgendus,
3342 4224 3514 4279 Pilato
3535 4219 3729 4277 sedente

2194 4326 2272 4394 (ut
2301 4324 2499 4379 dictum
2528 4324 2634 4392 est)
2666 4339 2761 4392 pro
2795 4323 3065 4378 tribunali.
3098 4322 3213 4377 Non
3243 4324 3382 4379 enim
3414 4321 3561 4389 plena
3598 4323 3728 4370 sexta

2192 4421 2328 4478 erat,
2361 4413 2453 4468 sed
2485 4414 2633 4483 quasi
2659 4423 2835 4476 sexta,
2870 4413 2922 4467 id
2954 4422 3036 4468 est
3068 4420 3277 4481 peracta
3319 4412 3523 4480 quinta,
3552 4417 3604 4462 et
3643 4405 3728 4456 ali-

2190 4506 2312 4574 quid
2344 4505 2500 4558 etiam
2531 4505 2596 4557 de
2632 4516 2779 4559 sexta
2810 4518 2929 4557 esse
2969 4511 3231 4570 cleperat.
3264 4499 3540 4569 Nunquam
3571 4505 3727 4550 autem

2193 4596 2278 4648 isti
2310 4594 2551 4648 dicerent
2594 4594 2777 4663 quinta
2807 4601 2861 4648 et
2888 4594 3175 4661 quadrans,
3204 4602 3295 4646 aut
3323 4592 3504 4659 quinta
3547 4588 3732 4641 trienna

2194 4686 2269 4755 [et
2296 4682 2503 4754 triens],
2526 4693 2616 4739 aut
2637 4684 2817 4753 quinta
2833 4695 2887 4739 et
2902 4685 3086 4748 semis,
3109 4695 3195 4736 aut
3216 4681 3409 4752 aliquid
3428 4676 3731 4748 hujusmodi.

2198 4777 2405 4831 llabent
2430 4777 2570 4831 enim
2598 4776 2755 4832 istum
2782 4790 2985 4831 morem
3015 4776 3319 4844 Scripturae,
3352 4782 3408 4826 ut
3436 4788 3465 4825 a
3502 4779 3646 4840 parte
3666 4778 3735 4820 to-

2199 4876 2305 4919 tum
2337 4875 2557 4931 ponant,
2589 4866 2816 4919 maxime
2843 4866 2893 4919 in
2922 4865 3267 4932 temporibus,
3292 4862 3429 4915 sicut
3447 4861 3514 4915 de
3540 4867 3654 4913 octo
3676 4857 3734 4909 il-

2202 4956 2266 5010 lis
2295 4956 2479 5009 diebus
2511 4964 2627 5023 post
2657 4968 2791 5022 quos
2816 4970 2935 5008 eum
2960 4954 3142 5007 dicunt
3170 4952 3475 5005 ascendisse
3513 4951 3562 5001 in
3598 4959 3736 4999 mon-

2200 5053 2328 5109 tem,
2359 5059 2580 5111 quorutn
2630 5043 2837 5096 medios
2888 5043 3098 5095 intuens
3136 5041 3409 5093 Matthmus
3449 5050 3506 5093 et
3547 5037 3734 5090 Marcus

2197 5138 2445 5190 dixerunt
2489 5143 2605 5202 post
2650 5147 2745 5187 sex
2785 5132 2919 5196 dies,
2953 5131 3244 5198 praesertim
3274 5129 3394 5199 quia
3425 5138 3529 5181 tam
3568 5125 3733 5177 mode-

2198 5236 2315 5280 rate
2336 5225 2474 5279 idem
2506 5224 2739 5279 Joannes
2767 5226 2976 5277 locutus
3005 5232 3106 5285 est,
3131 5231 3189 5274 ut
3218 5235 3321 5274 non
3358 5222 3560 5275 diceret
3580 5225 3733 5276 sexta,

2199 5317 2290 5371 sed
2335 5317 2483 5385 quasi
2513 5324 2685 5369 sexta.
2714 5314 2866 5381 Quod
2916 5313 2958 5365 si
3009 5313 3080 5365 ita
3112 5327 3214 5364 non
3260 5311 3479 5373 diceret,
3512 5308 3604 5363 sed
3637 5314 3734 5357 tan-

2199 5405 2471 5458 tummodo
2515 5412 2718 5459 sextam
2750 5403 2968 5463 diceret,
3001 5415 3275 5468 possemus
3304 5414 3401 5452 nos
3429 5397 3733 5465 intelligere,
3786 5394 3791 5399 ’

2194 5497 2641 5565 quemadmodum
2673 5496 2810 5562 loqui
2835 5493 3125 5561 Scriptum
3162 5490 3338 5545 solent
3360 5490 3523 5560 (sicut
3552 5486 3678 5555 dixi)
3707 5498 3732 5535 a

2198 5597 2347 5657 parte
2379 5596 2567 5652 totum,
2620 5596 2677 5641 ut
2706 5595 2918 5655 peracta
2974 5586 3176 5650 quinia,
3215 5594 3266 5639 et
3296 5583 3536 5638 inchoata
3575 5588 3734 5641 sexta,

2193 5688 2502 5747 gererentur
2531 5677 2642 5733 ltzsc
2670 5691 2787 5747 qua:
2833 5680 3139 5740 narrantur,
3174 5672 3228 5728 itt
3274 5671 3615 5728 crucilixioue
3646 5668 3736 5721 Do-
