3986 6190
256 319 360 376 ευ

1415 305 1849 365 τηιςεΑυηυς.
1889 305 2043 363 CAP.
2083 306 2314 363 CLXXII

3394 316 3498 371 83!)

258 434 387 489 mini
415 431 604 495 nostri,
629 428 799 484 donec
822 424 1085 496 completa
1117 430 1284 481 sexta.
1318 421 1407 475 illo
1436 420 1700 487 pendente
1732 417 1825 471 fie—
1853 426 1905 480 Α
1932 420 2069 474 latus
2099 437 2193 490 pro
2224 421 2497 487 tribunali,
2527 428 2583 475 ut
2629 422 2815 478 eadem
2850 422 3003 478 tertia
3034 423 3294 493 completa
3323 426 3501 480 vides.

260 533 382 580 rent
430 524 683 585 tenebrae,
731 516 921 587 quibus
964 526 1073 569 tres
1113 511 1459 582 evangelista:
1501 516 1824 563 attestantur

259 615 558 679 Mattheus,
595 611 803 666 Marcus
830 617 885 661 et
927 606 1119 661 Lucas.
1157 604 1471 670 Quaeramus
1498 601 1606 670 jam
1639 615 1831 655 conse-

259 715 485 777 quenter
521 718 614 756 cur
659 700 854 755 dixerit
899 698 1131 763 Marcus,
1184 708 1305 748 cum
1356 699 1834 747 commemorasset

259 796 401 865 quod
433 792 805 858 eruciligentes
834 802 977 849 eum,
1020 784 1318 839 diviserunt
1349 782 1664 835 vestimenta
1694 780 1830 846 ejus.

261 890 532 941 mittentes
574 889 774 936 sortem
804 875 1023 949 [sortes]
1048 889 1211 944 super
1241 874 1342 938 eis,
1367 871 1485 941 quis
1514 870 1640 940 quid
1675 868 1833 923 tolle-

261 986 367 1040 ret,
397 984 453 1030 et
487 980 704 1027 secutus
746 966 1087 1036 adjunxerit:
1119 964 1243 1019 Erat
1287 972 1463 1017 autem
1492 961 1622 1016 hora
1652 961 1829 1027 tertia,

261 1076 315 1122 et
338 1064 727 1120 crucifixernnt
755 1072 899 1113 eum.
932 1056 1050 1109 .lam
1079 1064 1228 1109 certe
1254 1053 1465 1107 dixerat
1489 1067 1505 1107 :
1528 1050 1593 1104 Et
1628 1049 1837 1106 cruciﬁ-

264 1168 451 1226 gentes
480 1168 623 1215 eum,
656 1151 952 1205 diviserunt
1002 1144 1314 1200 vestimenta
1355 1143 1505 1213 ejus,
1556 1142 1636 1195 sic
1676 1140 1836 1194 etiam

266 1245 448 1301 eteteri
494 1247 835 1305 attestantur,
886 1236 1054 1306 quod,
1111 1251 1177 1290 eo
1214 1234 1492 1297 crueilixo,
1522 1230 1836 1286 vestimenta

269 1339 439 1394 divisa
466 1341 609 1389 sunt.
640 1332 699 1386 Si
730 1326 901 1401 [etgo]
954 1327 1071 1396 ejus
1120 1326 1195 1382 rei
1226 1333 1391 1395 gestas
1439 1334 1647 1391 tempus
1673 1320 1838 1374 voluit

269 1437 696 1484 commemorare
720 1420 948 1485 Marcus,
971 1418 1244 1471 sufficeret
1263 1414 1443 1469 dicere
1468 1429 1480 1465 :
1512 1412 1638 1465 Erat
1662 1417 1838 1463 autem

271 1522 402 1575 hora
433 1518 619 1580 tertia;
651 1511 833 1582 utquid
861 1508 1140 1578 adjunxit:
1172 1508 1237 1561 Et
1278 1505 1658 1561 crucifixerunt
1687 1516 1837 1565 eum;

272 1613 375 1665 nisi
420 1609 541 1677 quia
591 1606 753 1659 voluit
800 1602 997 1670 aliquid
1040 1596 1449 1667 recapitulando
1501 1594 1838 1664 significare,

270 1702 415 1772 quod
460 1698 714 1769 quaeritur
764 1687 1090 1765 [quaesitum]
1138 1686 1489 1749 inveniretur,
1532 1698 1655 1739 cum
1705 1681 1837 1736 scri-

1935 522 2041 573 tur.
2073 516 2283 582 quando
2322 514 2607 569 cruciﬁxus
2633 524 2735 577 est.
2774 527 2934 585 atque
2980 515 3071 570 illo
3090 515 3201 585 jam
3235 516 3501 586 pendente

1933 604 1984 657 in
2014 604 2175 671 ligno,
2206 605 2323 659 alia:
2354 614 2464 660 tres
2504 606 2651 660 hora:
2678 616 2908 672 peractas
2948 609 3076 673 sint,
3117 618 3173 663 et
3221 608 3501 664 tradiderit

1932 693 2185 760 Spiritum
2218 702 2275 747 ut
2302 695 2369 749 ab
2416 710 2478 749 ea
2526 700 2653 749 hora
2695 712 2795 764 qua
2847 695 3129 751 defunctus
3160 707 3263 764 est,
3305 699 3357 751 id
3397 708 3501 763 est,

1933 785 2037 838 diei
2062 794 2230 850 sexta,
2264 781 2498 841 tenebas
2528 787 2714 841 fierent
2744 803 2910 854 usque
2950 788 3016 841 ad
3048 788 3233 842 horam
3283 806 3499 843 nonam.

1938 874 2126 929 Dicunt
2153 878 2318 939 enim,
2349 877 2435 931 die
2458 878 2670 947 quidem
2699 878 2814 943 illo,
2847 894 3003 947 quem
3035 881 3148 935 dies
3186 881 3390 935 sabbati
3422 897 3507 937 se-

1935 964 2215 1032 quebatur,
2246 965 2572 1021 Parasceven
2596 966 2757 1020 fuisse
2784 967 2993 1035 paschae
3010 966 3340 1034 .ludtcorum,
3365 971 3505 1039 quod

1935 1055 2005 1109 ab
2032 1056 2221 1111 eodem
2256 1056 2478 1111 sabbato
2506 1056 2801 1126 inciperent
2830 1072 3040 1128 azyma,
3069 1060 3163 1114 sed
3210 1070 3385 1114 tamen
3416 1077 3508 1114 ve-

1938 1165 2053 1203 rum
2102 1149 2299 1218 pascha
2331 1150 2471 1218 quod
2506 1150 2615 1218 jam
2660 1150 2712 1203 in
2763 1151 3011 1217 passione
3041 1151 3249 1204 Domini
3288 1154 3510 1223 gereba-

1941 1248 2047 1304 tur,
2072 1255 2175 1293 non
2198 1238 2528 1303 Judaeorum,
2553 1239 2647 1293 sed
2670 1238 3095 1293 Christianorum
3125 1241 3351 1309 cupisse
3377 1257 3511 1310 prae-

1942 1332 2137 1402 parari,
2161 1331 2215 1386 id
2237 1341 2340 1399 est,
2370 1345 2697 1399 parasceVen
2721 1331 2919 1386 habere
2942 1330 3074 1385 hora
3098 1347 3236 1385 nona
3268 1332 3356 1402 [ab
3382 1333 3512 1385 hora

1940 1422 2112 1475 noctis
2136 1419 2327 1490 nona],
2359 1420 2412 1474 in
2439 1435 2505 1475 eo
2533 1421 2673 1489 quod
2704 1420 2959 1474 Dominus
2983 1434 3013 1474 a
3039 1418 3237 1475 Iudaeis
3267 1420 3513 1475 occiden-

1941 1512 2042 1567 dus
2091 1512 2505 1580 praeparabatur.
2557 1511 2848 1566 Parasceve
2892 1512 3093 1581 quippe
3134 1512 3514 1581 interpretatur

1942 1600 2281 1671 praeparatio.
2313 1602 2394 1653 Ab
2424 1601 2513 1654 illa
2545 1616 2674 1670 ergo
2698 1615 2835 1655 nona
2871 1601 3000 1655 hora
3036 1602 3228 1663 noctis,
3261 1615 3426 1669 usque
3449 1602 3513 1654 ad

1945 1691 2059 1760 ejus
2106 1692 2530 1755 crucifixionem,
2563 1693 2793 1746 occurrit
2847 1692 2981 1746 hora
3015 1706 3301 1760 parasceve
3342 1702 3514 1761 sexta,

273 1790 562 1863 Ριυηίβεδ
589 1787 692 1842 ῖιιίε
715 1782 1039 1852 ιειηιιυτίυυε
1066 1782 1354 1851 ιθεετειυτ.
1382 1775 1577 1846 (ιίίίιυδ
1593 1773 1853 1829 “Diversa?
1884 1767 1931 1825 Β
1959 1782 2251 1837 secundum
2299 1782 2580 1845 Joatmem,
2626 1792 2683 1837 et
2724 1786 2851 1836 hora
2887 1782 2993 1837 diei
3036 1784 3189 1837 tertia
3224 1783 3517 1837 secundum

274 1882 531 1937 Ecclesia:
549 1886 730 1932 nutum
754 1882 887 1936 erat,
907 1887 1008 1941 qua
1032 1871 1164 1926 hora
1182 1868 1436 1924 Dominus
1455 1866 1597 1934 ligno
1617 1877 1846 1931 suspen-

273 1987 370 2026 sus
399 1972 499 2034 sit,
550 1967 692 2022 unde
734 1972 912 2034 posset
963 1958 1264 2029 hujusmodi
1306 1970 1460 2013 error
1504 1951 1719 2021 corrigi,
1762 1949 1846 2003 vel

274 2062 609 2118 mendacium
634 2057 870 2112 refutari.
894 2053 998 2109 Sed
1024 2052 1145 2121 quia
1169 2048 1370 2105 sciebat
1393 2061 1421 2100 a
1450 2044 1709 2101 militibus
1732 2055 1850 2095 sus-

278 2170 501 2225 pensum
555 2150 857 2211 Dominum,
912 2160 1017 2199 non
1065 2158 1095 2197 a
1152 2140 1388 2204 ludatis,
1442 2136 1581 2193 sicut
1620 2133 1852 2189 Joannes

278 2244 624 2315 apertissime
664 2240 817 2305 dicit,
866 2234 1075 2291 occulte
1112 2230 1397 2287 ostendere
1424 2227 1595 2282 voluit
1619 2238 1715 2278 eos
1743 2236 1851 2275 ma-

278 2338 362 2407 gis
393 2333 754 2395 crucifixisse,
793 2328 882 2398 qui
927 2327 1294 2381 clamaverunt
1342 2326 1401 2374 ut
1429 2316 1852 2385 crucifigeretur,

280 2406 439 2498 quam
479 2426 602 2481 illus
632 2423 722 2492 qui
770 2417 1123 2476 ministerium
1163 2411 1387 2483 principi
1427 2423 1525 2465 suo
1563 2406 1854 2463 secundum

282 2495 439 2575 suum
478 2516 715 2571 officium
764 2510 1126 2578 prtbueruut.
1165 2503 1486 2571 lutelligitur
1525 2511 1654 2566 ergo
1694 2495 1859 2549 fuisse

283 2610 417 2664 hora
471 2605 623 2660 tertia
678 2616 800 2657 cum
849 2599 1224 2652 elamaverunt
1260 2590 1449 2655 Judaei,
1501 2596 1560 2641 ut
1603 2586 1859 2640 Dominus

282 2699 714 2768 crucifigeretur,
770 2701 824 2747 et
872 2687 1220 2744 veracissime
1265 2682 1683 2740 demonstratur,
1739 2684 1863 2729 tune

284 2807 383 2849 eos
408 2766 769 2849 erdeilixisse,
805 2779 1018 2851 quando
1047 2778 1129 2832 cla
1142 2781 1449 2838 maverunl,
1482 2768 1711 2824 maxime
1738 2766 1859 2834 quia

291 2882 550 2938 nolebant
577 2875 748 2931 videri
777 2888 835 2927 se
861 2872 963 2926 hoc
985 2868 1208 2929 fecisse;
1236 2872 1518 2933 propterea
1548 2874 1668 2912 eum
1695 2856 1864 2911 Pilato

287 2970 649 3032 tradiderant,
680 2963 818 3035 quod
849 2975 1036 3017 eorum
1071 2958 1233 3011 verba
1258 2954 1388 3008 satis
1417 2950 1654 3005 indicant
1675 2961 1867 3001 aeeuu-

288 3066 416 3119 dum
446 3062 727 3116 Joannem.
758 3055 891 3109 Cum
920 3052 1064 3107 enim
1093 3048 1317 3103 dixisset
1344 3045 1423 3099 eis
1447 3042 1647 3097 Pilatus
1666 3039 1862 3104 :Quam

1950 1873 2220 1936 Marcum,
2270 1882 2328 1926 ut
2373 1887 2477 1933 non
2508 1872 2721 1927 Marcus
2768 1872 2914 1925 illam
2964 1872 3152 1926 horam
3189 1873 3519 1926 recordatum

1952 1961 2355 2033 recapitulando
2411 1962 2958 2025 eommemoraverit,
3009 1978 3113 2031 qua
3160 1963 3522 2018 elamaverunt

1950 2055 2142 2120 Judaai,
2188 2054 2472 2125 Crueilige,
2502 2053 2779 2123 erucifige,
2809 2053 2903 2108 sed
2934 2068 3054 2108 eam
3088 2069 3306 2118 prorsus
3338 2054 3522 2108 horam

1955 2143 2162 2197 tertiam
2190 2141 2409 2203 dixerit,
2434 2155 2537 2209 qua
2566 2140 2820 2195 Dominus
2846 2148 2932 2195 est
2959 2141 3249 2196 crucifixus
3276 2142 3327 2195 in
3358 2141 3521 2211 ligno.

1955 2233 2083 2301 Quis
2114 2231 2286 2286 fidelis
2316 2246 2420 2287 non
2451 2230 2574 2285 huic
2605 2230 2780 2285 faveat
2821 2230 3073 2285 solutioni
3113 2232 3444 2299 quaestionis,
3475 2232 3519 2285 si

1956 2322 2117 2377 modo
2149 2322 2317 2390 possit
2360 2321 2553 2389 aliquis
2581 2320 2834 2375 articulus
2863 2321 3058 2389 conjici
3102 2323 3169 2376 ab
3209 2322 3338 2376 hora
3389 2338 3525 2376 nona

1959 2417 2128 2470 noctis
2161 2413 2300 2468 unde
2326 2413 2556 2481 empisse
2586 2426 2918 2481 parasceven
2951 2411 3163 2480 pascha:
3208 2423 3427 2479 nostrae,
3476 2414 3527 2470 id

1958 2515 2061 2571 est,
2090 2505 2539 2575 praeparationem
2574 2501 2763 2556 mortis
2808 2500 3006 2556 Christi
3054 2509 3413 2569 congruenter
3443 2502 3527 2555 in-

1964 2594 2310 2665 telligamus?
2339 2592 2396 2647 Si
2427 2592 2571 2650 enim
2603 2591 2843 2647 dicamus
2867 2606 2985 2647 eam
3015 2591 3245 2659 coepisse
3269 2593 3479 2660 quando
3499 2607 3529 2646 a

1961 2684 2160 2740 Judaais
2188 2687 2553 2753 apprehensus
2582 2691 2664 2736 est
2697 2681 2973 2745 Dominus,
3005 2680 3178 2734 adlmc
3208 2680 3379 2735 noctis
3421 2681 3530 2748 pri-

1964 2791 2063 2853 ma:
2085 2783 2262 2841 partes
2290 2782 2441 2827 erant
2463 2789 2477 2826 :
2503 2773 2545 2827 si
2568 2771 2781 2842 quando
2807 2770 2872 2824 ad
2896 2769 3111 2826 domum
3138 2769 3424 2838 perductus
3450 2780 3533 2825 est

1963 2866 2134 2919 soceri
2164 2862 2399 2933 Caiphae,
2433 2863 2520 2917 ubi
2553 2870 2606 2915 et
2634 2860 2848 2914 auditus
2898 2866 2985 2915 est
3025 2872 3054 2911 a
3089 2858 3414 2926 principibus
3441 2873 3531 2911 sa-

1965 2954 2261 3019 cerdotum,
2309 2952 2483 3006 adhuc
2525 2950 2699 3018 gallus
2751 2962 2855 3002 non
2903 2955 3233 3009 cantaverat,
3280 2944 3420 3013 quod
3465 2960 3530 2999 ex

1969 3044 2109 3098 Petri
2140 3041 2423 3109 negatione
2449 3039 2775 3107 colligimus,
2819 3052 2940 3103 quas
2980 3050 3100 3091 cum
3122 3035 3230 3104 jam
3266 3034 3536 3089 audiretur

290 3152 690 3210 accusationem
720 3145 922 3201 alIertis
958 3142 1217 3196 adversus
1248 3137 1517 3191 hominem
1553 3132 1731 3188 hunc?
1754 3130 1862 3184 [ιθ-
1896 3115 1939 3176 C
1971 3134 2107 3189 faeta
2131 3142 2253 3189 est:
2284 3132 2327 3187 si
2358 3138 2537 3186 autem
2567 3127 2779 3198 quando
2808 3126 2978 3182 Pilato
3024 3124 3248 3178 traditus
3295 3132 3396 3186 est,
3423 3122 3534 3191 jam

291 3247 629 3315 sponderunt
656 3250 712 3296 et
744 3239 993 3293 dixerunt
1021 3234 1070 3289 ei
1096 3250 1111 3286 :
1140 3232 1195 3286 Si
1223 3245 1327 3284 non
1359 3236 1502 3283 esset
1529 3226 1613 3280 hic
1646 3222 1866 3279 malefa-

291 3314 432 3404 ctor,
457 3352 562 3391 non
589 3336 683 3388 tibi
721 3330 1124 3387 tradidissemus
1161 3338 1303 3377 eum.
1340 3320 1488 3374 Dixit
1516 3331 1643 3385 ergo
1668 3316 1746 3371 eis
1778 3314 1866 3369 Pi-

294 3433 474 3486 latus:
506 3425 745 3493 Accipite
793 3436 914 3477 eum
963 3434 1079 3484 vos,
1123 3425 1179 3470 et
1224 3412 1514 3468 secundum
1566 3408 1734 3477 legem
1778 3421 1870 3459 vc-

294 3532 462 3581 stiam
488 3520 725 3589 judicate
749 3530 895 3569 eum.
925 3512 1190 3567 Dixerunt
1210 3504 1401 3572 Judaei,
1426 3502 1589 3557 Nobis
1612 3515 1716 3554 non
1750 3498 1873 3552 licet

296 3586 604 3669 interﬁcere
632 3619 973 3677 quemquam.
1003 3598 1156 3667 Quod
1185 3611 1313 3666 ergo
1345 3592 1573 3649 maxime
1603 3588 1769 3644 videri
1795 3586 1872 3639 fe-

296 3710 443 3763 cisse
483 3701 759 3763 nolebant,
812 3696 912 3750 hoc
961 3708 1056 3749 eos
1089 3693 1216 3745 hora
1248 3687 1401 3743 tertia
1432 3684 1621 3739 fecisse
1668 3680 1874 3733 Marcus

298 3794 573 3855 ostendit,
622 3787 898 3845 vetissime
944 3783 1185 3839 indicans
1235 3777 1402 3846 magis
1447 3774 1610 3829 fuisse
1663 3768 1872 3826 Domini

300 3885 631 3944 necatricem
662 3879 893 3944 linguam
923 3872 1249 3935 Judatorum,
1297 3880 1456 3937 quam
1488 3862 1718 3918 militum
1762 3872 1877 3915 ma-

301 3996 427 4037 nus.
464 3973 641 4030 Facile
665 3982 843 4026 autem
882 3964 1085 4021 videbit
1112 3961 1201 4031 qui
1226 3959 1343 4014 sine
1368 3954 1657 4024 impietatis
1684 3948 1876 4005 duritia

303 4066 540 4123 voluerit
566 4059 840 4117 attendere
870 4069 1032 4125 quam
1068 4059 1365 4120 opportuno
1396 4045 1514 4100 loco
1536 4042 1740 4096 Marcus
1777 4037 1879 4090 hoc

306 4160 374 4213 de
405 4154 566 4211 tertia
604 4151 732 4205 hora
766 4144 1027 4218 posuerit,
1052 4149 1109 4197 ut
1135 4140 1358 4209 quisque
1382 4135 1455 4189 ibi
1483 4132 1875 4193 recordaretur,

308 4264 421 4317 qua
472 4246 600 4299 hora
642 4241 810 4297 Judaei
859 4235 1236 4292 cruciﬁxerant
1281 4225 1585 4289 Dominum,
1612 4220 1701 4293 qui
1739 4218 1880 4273 vole-

310 4314 443 4393 haut
471 4338 524 4391 in
566 4336 854 4393 Romanos,
903 4326 987 4381 vel
1017 4322 1307 4393 principes,
1337 4318 1418 4373 vel
1459 4314 1677 4381 milites,
1707 4320 1886 4365 trans-

316 4430 463 4485 ferre
492 4429 663 4495 ipsum
708 4421 933 4482 facinus,
980 4414 1073 4472 ubi
1105 4415 1298 4469 factum
1342 4409 1704 4465 ministrorum
1746 4405 1883 4459 mili-

316 4533 432 4577 tum
463 4524 937 4575 eommemoratum
967 4520 1069 4565 est.
1097 4508 1182 4563 Ait
1213 4506 1355 4561 enim
1382 4521 1397 4557 :
1424 4503 1485 4556 Et
1517 4498 1887 4565 crucifigentes

318 4628 445 4668 eum
471 4610 763 4664 diviserunt
789 4603 943 4674 113
968 4600 1281 4655 vestimenta
1303 4593 1439 4664 ejus,
1467 4592 1740 4645 mittentes
1769 4602 1886 4643 sor.

322 4712 405 4757 tes
431 4715 595 4769 super
618 4698 717 4761 eis,
739 4696 856 4763 quis
877 4691 1005 4763 quid
1024 4690 1252 4745 tolleret.
1278 4684 1379 4753 Qui
1402 4685 1523 4745 hoc,
1551 4682 1646 4735 nisi
1671 4680 1890 4743 milites,

322 4794 465 4848 sicut
492 4789 726 4845 Joannes
748 4781 1083 4839 manifestat?
1114 4779 1273 4847 Ergo,
1303 4790 1368 4830 ne
1396 4772 1670 4842 quisquam
1697 4770 1897 4838 cogita-

323 4884 530 4939 tionem
560 4879 691 4933 tanti
734 4875 975 4931 criminis
1006 4885 1225 4926 aversus
1253 4884 1281 4921 a
1320 4864 1542 4929 Judtcis,
1594 4862 1646 4916 in
1700 4860 1896 4915 milites

322 4975 447 5045 illos
474 4978 848 5027 converteret:
881 4966 1009 5020 Erat
1037 4972 1235 5026 autem,
1267 4957 1457 5025 inquit,
1492 4955 1618 5010 hora
1646 4954 1821 5019 tertia,
1844 4962 1899 5007 et

324 5064 710 5118 crucifixerunt
738 5072 898 5123 eum;
927 5066 983 5109 ut
1014 5053 1091 5107 illi
1115 5067 1235 5112 eum
1269 5048 1443 5116 potius
1471 5043 1798 5100 crucifixisse
1820 5045 1898 5097 in-

325 5156 634 5216 vcniantur,
664 5164 801 5220 quos
831 5148 960 5203 hora
1010 5145 1190 5208 tertia,
1245 5152 1299 5197 ut
1329 5138 1754 5208 crucifigeretur,
1793 5136 1900 5189 ela-

329 5264 479 5302 mare
512 5246 744 5314 potuisse
771 5240 995 5308 diligens
1042 5233 1321 5303 inquisitor
1350 5229 1586 5283 inveniet
1628 5241 1750 5280 eum
1804 5223 1899 5277 ad-

330 5336 553 5393 \‘erlerit
584 5334 687 5387 huc
716 5329 859 5401 quod
882 5345 910 5383 a
942 5326 1193 5381 militibus
1225 5323 1418 5377 factum
1452 5327 1556 5383 est,
1585 5318 1711 5372 hora
1744 5326 1898 5370 sexta

334 5429 527 5483 factum
581 5431 666 5481 est
703 5420 890 5497 [esse],
918 5432 1221 5491 quanquam
1254 5429 1359 5469 non
1402 5412 1580 5467 desint
1604 5410 1695 5478 qui
1744 5408 1902 5463 Para-

332 5532 490 5571 sceve
535 5531 693 5582 quam
740 5513 975 5567 Joannes
1023 5504 1481 5564 commemoravit,
1527 5500 1731 5565 dicens,
1779 5498 1902 5552 Erat

334 5616 515 5661 autem
562 5604 859 5658 Purasceve
905 5600 1033 5653 hora
1065 5597 1211 5666 quasi
1256 5602 1431 5655 sexta,
1480 5592 1607 5644 hora
1653 5587 1755 5644 diei
1788 5587 1906 5658 [lio-

336 5715 451 5754 ram
479 5698 583 5753 dici
614 5691 848 5763 tertiam]
879 5690 1029 5747 tertia
1060 5689 1224 5744 velint
1254 5683 1495 5752 intelligi,
1529 5698 1631 5749 qua
1661 5680 1794 5735 sedit
1823 5676 1907 5731 Pi-

1970 3238 2124 3279 mane
2152 3222 2317 3276 fuisse
2361 3218 2700 3289 apertissime
2739 3216 2995 3284 scriptum
3041 3223 3143 3267 est.
3194 3211 3376 3266 Restat
3412 3225 3540 3277 ergo

1970 3326 2027 3371 ut
2057 3316 2438 3384 intelligamus,
2473 3320 2601 3364 tunc
2629 3308 2861 3377 coepisse
2894 3307 3047 3361 istam
3081 3318 3402 3370 patasceven
3447 3316 3539 3371 pa-

1971 3406 2136 3471 schm,
2167 3405 2219 3461 id
2250 3413 2356 3472 est,
2392 3400 2835 3472 praeparationem
2859 3397 3044 3451 mortis
3070 3394 3301 3459 Domini,
3329 3393 3541 3462 quando

1971 3497 2365 3567 responderunt
2405 3504 2595 3548 omnes
2654 3488 2922 3560 principes
2967 3485 3352 3546 sacerdotum,
3403 3482 3541 3550 apud

1973 3601 2106 3656 quos
2138 3585 2312 3655 primo
2341 3582 2670 3644 audiebatur,
2699 3589 2752 3634 et
2782 3577 3055 3641 dixerunt,
3105 3575 3249 3631 Reus
3293 3582 3377 3629 est
3404 3588 3545 3626 mor-

1976 3678 2065 3741 tis,
2097 3677 2239 3747 quod
2280 3674 2417 3743 apud
2451 3672 2755 3727 Matthatum
2788 3676 2843 3724 et
2874 3667 3107 3721 Marcum
3158 3664 3444 3727 invenitur,
3488 3670 3547 3717 ut

1975 3764 2377 3836 recapitulando
2422 3762 2789 3829 intelligantur
2815 3757 2883 3813 de
2914 3757 3054 3811 Petri
3101 3756 3403 3825 cognitione
3433 3752 3525 3825 [ne

1976 3854 2232 3928 gatione],
2278 3862 2459 3923 postea
2505 3851 2728 3911 dixisse.
2776 3846 2917 3917 quod
2968 3856 3124 3900 antea
3171 3845 3367 3898 factum
3408 3854 3545 3897 erat.

1979 3950 2094 4004 Non
2146 3946 2290 4002 enim
2340 3942 2570 3998 absurde
2616 3938 2901 4009 conjicitur
2940 3951 3006 3991 eo
3044 3945 3305 4004 tempore,
3338 3934 3549 4002 quando

1982 4048 2064 4112 tut
2083 4038 2216 4106 dixi)
2239 4050 2388 4091 reum
2413 4033 2599 4087 mortis
2621 4028 3119 4099 pronuntiaverunt,
3144 4039 3338 4079 nonam
3363 4024 3549 4078 horam

1981 4131 2155 4186 noctis
2185 4143 2304 4182 esse
2341 4125 2601 4194 potuisse.
2633 4121 2707 4175 Ex
2733 4134 2838 4189 qua
2878 4118 3007 4171 hora
3051 4129 3217 4184 usque
3260 4113 3327 4169 ad
3368 4116 3551 4169 horam

1983 4235 2085 4291 qua
2107 4218 2242 4275 sedit
2265 4215 2467 4270 Pilatus
2497 4226 2591 4283 pro
2620 4209 2895 4273 tribunali,
2920 4205 3069 4276 quasi
3095 4211 3242 4258 sexta
3271 4202 3399 4257 hora
3432 4203 3551 4269 fuit,

1987 4328 2090 4366 non
2113 4311 2239 4374 diei,
2264 4307 2357 4362 sed
2381 4317 2714 4377 parasceves,
2738 4300 2792 4354 id
2809 4309 2911 4366 est,
2936 4294 3347 4368 praeparationis
3367 4294 3555 4349 immo-

1989 4404 2198 4457 lationis
2232 4398 2473 4463 Domini,
2512 4394 2653 4463 quod
2684 4406 2867 4447 verum
2916 4387 3117 4443 Pascha
3158 4395 3263 4444 est.
3314 4393 3369 4439 ut
3401 4384 3556 4454 plena

1921 4477 1967 4534 ο
1991 4501 2139 4547 sexta
2161 4489 2397 4559 ejusdem
2419 4497 2750 4555 parasceves,
2766 4496 2884 4550 qua:
2903 4478 3056 4548 plena
3073 4476 3173 4530 diei
3189 4474 3341 4529 tertia
3364 4489 3557 4527 occur-

1996 4582 2168 4646 rebat,
2194 4577 2445 4632 Dominus
2465 4572 2877 4643 suspenderetur
2901 4570 2954 4622 in
2976 4568 3140 4636 ligno.
3166 4564 3290 4619 Sive
3311 4578 3438 4633 ergo
3458 4563 3561 4618 hoc

1999 4674 2172 4743 potius
2218 4666 2620 4736 intelligendum
2670 4663 2917 4731 eligatur,
2962 4662 3077 4712 sive
3116 4656 3323 4710 Marcus
3353 4655 3563 4708 tertiam

2000 4765 2186 4817 horam
2218 4758 2525 4823 recoluerit,
2555 4767 2778 4823 eamque
2807 4749 3037 4804 maxime
3058 4748 3124 4800 ad
3153 4744 3563 4800 condemnatio-

2001 4871 2122 4911 nem
2153 4855 2460 4909 .ludaaorutn
2506 4851 2559 4903 in
2592 4845 2801 4900 Dumini
2850 4839 3197 4897 crucifixione
3242 4851 3566 4891 commemo-

2004 4962 2127 5003 rare
2157 4944 2383 4999 voluerit
2409 4956 2511 5011 qua
2560 4938 2928 5005 intelliguntur
2968 4932 3201 4985 clamare
3235 4929 3467 4998 potuisse
3515 4937 3570 4981 nt

2004 5037 2425 5106 crucifigeretur,
2458 5042 2514 5085 ut
2541 5031 2686 5098 ipsos
2729 5026 2905 5096 potius
2932 5022 3263 5078 crucifixisse
3303 5020 3569 5085 accipere-

2008 5146 2155 5195 mus,
2184 5142 2341 5197 quam
2370 5139 2463 5179 eos
2496 5135 2719 5192 quorum
2761 5117 3003 5172 manibus
3033 5127 3322 5183 suspensus
3350 5111 3400 5164 in
3431 5110 3574 5177 ligno

2006 5237 2119 5289 est,
2148 5225 2287 5278 sicut
2317 5222 2405 5275 ille
2430 5217 2671 5274 centurio
2701 5214 2868 5283 magis
2906 5210 3130 5267 accessit
3177 5207 3241 5259 ad
3295 5204 3577 5256 Dominum

2008 5332 2165 5389 quam
2196 5315 2268 5369 illi
2302 5311 2455 5366 amici
2485 5324 2618 5379 quos
2646 5308 2829 5363 misit:
2864 5299 3207 5373 proculdubio
3237 5292 3460 5363 qumstio
3484 5306 3583 5345 so-

2012 5383 2120 5463 luta
2146 5413 2231 5461 est
2250 5403 2317 5457 de
2339 5403 2466 5455 hora
2489 5397 2769 5453 dominicae
2792 5391 3078 5463 passionis,
3101 5402 3215 5455 qua:
3241 5383 3467 5435 maxime
3490 5394 3579 5434 sos

2014 5501 2085 5555 let
2105 5507 2159 5553 et
2187 5494 2638 5551 contentiosorum
2684 5486 2951 5543 concitare
2980 5476 3380 5550 impudentiam,
3414 5481 3468 5527 et
3492 5472 3583 5528 im

2015 5592 2286 5649 (iratorum
2319 5584 2634 5656 imperitiam
2663 5574 2995 5651 perturbare.
