  <div class='ocr_page' id='page_1' title='image "/cluster/home/n/w/nwhite01/storage/ocr_20150623/62/hvd.32044054758693/421.png"; bbox 0 0 4016 6184; ppageno 0'>
   <div class='ocr_carea' id='block_1_1' title="bbox 1525 204 3680 280">
    <p class='ocr_par' dir='ltr' id='par_1_1' title="bbox 1525 204 3680 280">
     <span class='ocr_line' id='line_1_1' title="bbox 1525 204 3680 280; baseline -0.012 -1"><span class='ocrx_word' id='word_1_1' title='bbox 1525 224 1587 279; x_wconf 85' lang='lat' dir='ltr'><strong>D.</strong></span> <span class='ocrx_word' id='word_1_2' title='bbox 1632 218 1953 279; x_wconf 79' lang='lat' dir='ltr'><strong>EUGYPPII</strong></span> <span class='ocrx_word' id='word_1_3' title='bbox 1991 216 2283 273; x_wconf 77' lang='lat' dir='ltr'><strong>ABBA&#39;I‘IS</strong></span> <span class='ocrx_word' id='word_1_4' title='bbox 2323 204 2637 272; x_wconf 76' lang='lat' dir='ltr'><strong>AFRICANI</strong></span> <span class='ocrx_word' id='word_1_5' title='bbox 3591 221 3680 280; x_wconf 56' lang='lat'><strong>839</strong></span> 
     </span>
    </p>
   </div>
   <div class='ocr_carea' id='block_1_2' title="bbox 2064 325 3682 404">
    <p class='ocr_par' dir='ltr' id='par_1_2' title="bbox 2064 325 3682 404">
     <span class='ocr_line' id='line_1_2' title="bbox 2064 325 3682 404; baseline 0.007 -25"><span class='ocrx_word' id='word_1_6' title='bbox 2064 329 2111 386; x_wconf 77' lang='grc' dir='ltr'><strong>Α</strong></span> <span class='ocrx_word' id='word_1_7' title='bbox 2144 343 2246 380; x_wconf 88' lang='lat' dir='ltr'><strong>non</strong></span> <span class='ocrx_word' id='word_1_8' title='bbox 2262 328 2656 393; x_wconf 86' lang='lat' dir='ltr'><strong>erat‘l‘homas;</strong></span> <span class='ocrx_word' id='word_1_9' title='bbox 2679 334 2854 392; x_wconf 86' lang='lat' dir='ltr'><strong>sexto,</strong></span> <span class='ocrx_word' id='word_1_10' title='bbox 2881 325 2969 380; x_wconf 86' lang='lat' dir='ltr'><strong>ubi</strong></span> <span class='ocrx_word' id='word_1_11' title='bbox 2992 326 3257 383; x_wconf 89' lang='lat' dir='ltr'><strong>viditeum</strong></span> <span class='ocrx_word' id='word_1_12' title='bbox 3276 329 3528 397; x_wconf 74' lang='lat' dir='ltr'><strong>Thomas;</strong></span> <span class='ocrx_word' id='word_1_13' title='bbox 3549 341 3682 404; x_wconf 80' lang='lat' dir='ltr'><strong>septi-</strong></span> 
     </span>
    </p>
   </div>
   <div class='ocr_carea' id='block_1_3' title="bbox 2143 417 3683 483">
    <p class='ocr_par' dir='ltr' id='par_1_3' title="bbox 2143 417 3683 483">
     <span class='ocr_line' id='line_1_3' title="bbox 2143 417 3683 483; baseline 0.006 -13"><span class='ocrx_word' id='word_1_14' title='bbox 2143 434 2250 480; x_wconf 84' lang='lat' dir='ltr'><strong>mo,</strong></span> <span class='ocrx_word' id='word_1_15' title='bbox 2276 417 2338 471; x_wconf 92' lang='lat' dir='ltr'><strong>ad</strong></span> <span class='ocrx_word' id='word_1_16' title='bbox 2366 433 2511 472; x_wconf 90' lang='lat' dir='ltr'><strong>mare</strong></span> <span class='ocrx_word' id='word_1_17' title='bbox 2525 420 2568 471; x_wconf 85' lang='grc' dir='ltr'>Τ</span> <span class='ocrx_word' id='word_1_18' title='bbox 2574 418 2854 481; x_wconf 89' lang='lat' dir='ltr'><strong>iberiadis;</strong></span> <span class='ocrx_word' id='word_1_19' title='bbox 2878 427 3089 483; x_wconf 87' lang='lat' dir='ltr'><strong>octavo,</strong></span> <span class='ocrx_word' id='word_1_20' title='bbox 3115 420 3165 472; x_wconf 93' lang='lat' dir='ltr'><strong>in</strong></span> <span class='ocrx_word' id='word_1_21' title='bbox 3190 430 3374 474; x_wconf 88' lang='lat' dir='ltr'><strong>monte</strong></span> <span class='ocrx_word' id='word_1_22' title='bbox 3388 421 3683 480; x_wconf 62' lang='lat' dir='ltr'><strong>Galilaeam-</strong></span> 
     </span>
    </p>
   </div>
   <div class='ocr_carea' id='block_1_4' title="bbox 2137 508 3682 576">
    <p class='ocr_par' dir='ltr' id='par_1_4' title="bbox 2137 508 3682 576">
     <span class='ocr_line' id='line_1_4' title="bbox 2137 508 3682 576; baseline 0.005 -14"><span class='ocrx_word' id='word_1_23' title='bbox 2137 509 2365 562; x_wconf 88' lang='lat' dir='ltr'><strong>cundum</strong></span> <span class='ocrx_word' id='word_1_24' title='bbox 2382 508 2702 572; x_wconf 73' lang='lat' dir='ltr'><strong>Matthteum;</strong></span> <span class='ocrx_word' id='word_1_25' title='bbox 2720 522 2885 573; x_wconf 89' lang='lat' dir='ltr'><strong>nono,</strong></span> <span class='ocrx_word' id='word_1_26' title='bbox 2899 508 3037 576; x_wconf 89' lang='lat' dir='ltr'><strong>quod</strong></span> <span class='ocrx_word' id='word_1_27' title='bbox 3050 508 3175 564; x_wconf 80' lang='lat' dir='ltr'><strong>dicit</strong></span> <span class='ocrx_word' id='word_1_28' title='bbox 3185 510 3412 575; x_wconf 69' lang='lat' dir='ltr'><strong>Marcus,</strong></span> <span class='ocrx_word' id='word_1_29' title='bbox 3428 515 3682 570; x_wconf 72' lang='lat' dir='ltr'><strong>novissime</strong></span> 
     </span>
    </p>
   </div>
   <div class='ocr_carea' id='block_1_5' title="bbox 2140 597 3685 667">
    <p class='ocr_par' dir='ltr' id='par_1_5' title="bbox 2140 597 3685 667">
     <span class='ocr_line' id='line_1_5' title="bbox 2140 597 3685 667; baseline 0.007 -17"><span class='ocrx_word' id='word_1_30' title='bbox 2140 597 2837 667; x_wconf 70' lang='lat' dir='ltr'><strong>recumbentibus,quiajam</strong></span> <span class='ocrx_word' id='word_1_31' title='bbox 2854 613 2959 651; x_wconf 93' lang='lat' dir='ltr'><strong>non</strong></span> <span class='ocrx_word' id='word_1_32' title='bbox 2973 608 3123 652; x_wconf 89' lang='lat' dir='ltr'><strong>erant</strong></span> <span class='ocrx_word' id='word_1_33' title='bbox 3135 599 3188 653; x_wconf 89' lang='lat' dir='ltr'><strong>itt</strong></span> <span class='ocrx_word' id='word_1_34' title='bbox 3206 610 3348 654; x_wconf 85' lang='lat' dir='ltr'><strong>terra</strong></span> <span class='ocrx_word' id='word_1_35' title='bbox 3362 617 3478 655; x_wconf 90' lang='lat' dir='ltr'><strong>cum</strong></span> <span class='ocrx_word' id='word_1_36' title='bbox 3491 603 3685 661; x_wconf 88' lang='lat' dir='ltr'><strong>illocon-</strong></span> 
     </span>
    </p>
   </div>
   <div class='ocr_carea' id='block_1_6' title="bbox 2138 688 3687 762">
    <p class='ocr_par' dir='ltr' id='par_1_6' title="bbox 2138 688 3687 762">
     <span class='ocr_line' id='line_1_6' title="bbox 2138 688 3687 762; baseline 0.005 -21"><span class='ocrx_word' id='word_1_37' title='bbox 2138 688 2637 755; x_wconf 83' lang='lat' dir='ltr'><strong>vivaturi;decimo,</strong></span> <span class='ocrx_word' id='word_1_38' title='bbox 2654 689 2704 742; x_wconf 92' lang='lat' dir='ltr'><strong>in</strong></span> <span class='ocrx_word' id='word_1_39' title='bbox 2724 692 2841 759; x_wconf 90' lang='lat' dir='ltr'><strong>ipso</strong></span> <span class='ocrx_word' id='word_1_40' title='bbox 2863 689 2970 755; x_wconf 90' lang='lat' dir='ltr'><strong>die,</strong></span> <span class='ocrx_word' id='word_1_41' title='bbox 2990 704 3091 743; x_wconf 92' lang='lat' dir='ltr'><strong>non</strong></span> <span class='ocrx_word' id='word_1_42' title='bbox 3118 691 3169 744; x_wconf 93' lang='lat' dir='ltr'><strong>in</strong></span> <span class='ocrx_word' id='word_1_43' title='bbox 3192 698 3334 746; x_wconf 86' lang='lat' dir='ltr'><strong>terra</strong></span> <span class='ocrx_word' id='word_1_44' title='bbox 3350 693 3480 762; x_wconf 86' lang='lat' dir='ltr'><strong>jam,</strong></span> <span class='ocrx_word' id='word_1_45' title='bbox 3496 696 3580 750; x_wconf 83' lang='lat' dir='ltr'><strong>sed</strong></span> <span class='ocrx_word' id='word_1_46' title='bbox 3593 697 3687 753; x_wconf 76' lang='lat' dir='ltr'><strong>ele-</strong></span> 
     </span>
    </p>
   </div>
   <div class='ocr_carea' id='block_1_7' title="bbox 2138 782 3687 852">
    <p class='ocr_par' dir='ltr' id='par_1_7' title="bbox 2138 782 3687 852">
     <span class='ocr_line' id='line_1_7' title="bbox 2138 782 3687 852; baseline 0.005 -18"><span class='ocrx_word' id='word_1_47' title='bbox 2138 791 2315 835; x_wconf 78' lang='lat' dir='ltr'><strong>vatum</strong></span> <span class='ocrx_word' id='word_1_48' title='bbox 2334 783 2383 836; x_wconf 90' lang='lat' dir='ltr'><strong>in</strong></span> <span class='ocrx_word' id='word_1_49' title='bbox 2408 784 2565 845; x_wconf 90' lang='lat' dir='ltr'><strong>nube,</strong></span> <span class='ocrx_word' id='word_1_50' title='bbox 2597 797 2717 836; x_wconf 88' lang='lat' dir='ltr'><strong>cum</strong></span> <span class='ocrx_word' id='word_1_51' title='bbox 2746 784 2797 835; x_wconf 93' lang='lat' dir='ltr'><strong>iu</strong></span> <span class='ocrx_word' id='word_1_52' title='bbox 2827 782 3022 836; x_wconf 67' lang='lat' dir='ltr'><strong>coelum</strong></span> <span class='ocrx_word' id='word_1_53' title='bbox 3053 784 3554 852; x_wconf 80' lang='lat' dir='ltr'><strong>ascenderetzquod</strong></span> <span class='ocrx_word' id='word_1_54' title='bbox 3570 789 3687 842; x_wconf 78' lang='lat' dir='ltr'><strong>Mar-</strong></span> 
     </span>
    </p>
   </div>
   <div class='ocr_carea' id='block_1_8' title="bbox 2137 872 3684 944">
    <p class='ocr_par' dir='ltr' id='par_1_8' title="bbox 2137 872 3684 944">
     <span class='ocr_line' id='line_1_8' title="bbox 2137 872 3684 944; baseline 0.004 -18"><span class='ocrx_word' id='word_1_55' title='bbox 2137 887 2231 927; x_wconf 90' lang='lat' dir='ltr'><strong>cus</strong></span> <span class='ocrx_word' id='word_1_56' title='bbox 2253 883 2304 926; x_wconf 89' lang='lat' dir='ltr'><strong>et</strong></span> <span class='ocrx_word' id='word_1_57' title='bbox 2323 872 2492 926; x_wconf 85' lang='lat' dir='ltr'><strong>Lucas</strong></span> <span class='ocrx_word' id='word_1_58' title='bbox 2516 883 2932 927; x_wconf 89' lang='lat' dir='ltr'><strong>commemorant</strong></span> <span class='ocrx_word' id='word_1_59' title='bbox 2947 890 2963 937; x_wconf 86' lang='lat'><strong>;</strong></span> <span class='ocrx_word' id='word_1_60' title='bbox 2981 872 3189 927; x_wconf 80' lang='lat' dir='ltr'><strong>Marcus</strong></span> <span class='ocrx_word' id='word_1_61' title='bbox 3211 874 3426 942; x_wconf 78' lang='lat' dir='ltr'><strong>quidem</strong></span> <span class='ocrx_word' id='word_1_62' title='bbox 3446 889 3555 944; x_wconf 91' lang='lat' dir='ltr'><strong>post</strong></span> <span class='ocrx_word' id='word_1_63' title='bbox 3571 877 3684 933; x_wconf 89' lang='lat' dir='ltr'><strong>illud</strong></span> 
     </span>
    </p>
   </div>
   <div class='ocr_carea' id='block_1_9' title="bbox 2136 962 3687 1032">
    <p class='ocr_par' dir='ltr' id='par_1_9' title="bbox 2136 962 3687 1032">
     <span class='ocr_line' id='line_1_9' title="bbox 2136 962 3687 1032; baseline 0.006 -19"><span class='ocrx_word' id='word_1_64' title='bbox 2136 962 2276 1032; x_wconf 89' lang='lat' dir='ltr'><strong>quod</strong></span> <span class='ocrx_word' id='word_1_65' title='bbox 2294 962 2371 1016; x_wconf 91' lang='lat' dir='ltr'><strong>eis</strong></span> <span class='ocrx_word' id='word_1_66' title='bbox 2390 962 2846 1016; x_wconf 85' lang='lat' dir='ltr'><strong>discnmbentibus</strong></span> <span class='ocrx_word' id='word_1_67' title='bbox 2861 963 3123 1032; x_wconf 90' lang='lat' dir='ltr'><strong>apparuit,</strong></span> <span class='ocrx_word' id='word_1_68' title='bbox 3142 965 3214 1018; x_wconf 91' lang='lat' dir='ltr'><strong>ita</strong></span> <span class='ocrx_word' id='word_1_69' title='bbox 3227 965 3540 1019; x_wconf 90' lang='lat' dir='ltr'><strong>continuans</strong></span> <span class='ocrx_word' id='word_1_70' title='bbox 3551 978 3600 1022; x_wconf 94' lang='lat' dir='ltr'><strong>ut</strong></span> <span class='ocrx_word' id='word_1_71' title='bbox 3618 969 3687 1021; x_wconf 88' lang='lat' dir='ltr'><strong>di-</strong></span> 
     </span>
    </p>
   </div>
   <div class='ocr_carea' id='block_1_10' title="bbox 2138 1042 3683 1122">
    <p class='ocr_par' dir='ltr' id='par_1_10' title="bbox 2138 1042 3683 1122">
     <span class='ocr_line' id='line_1_10' title="bbox 2138 1042 3683 1122; baseline 0.003 -17"><span class='ocrx_word' id='word_1_72' title='bbox 2138 1062 2316 1107; x_wconf 89' lang='lat' dir='ltr'><strong>ceret:</strong></span> <span class='ocrx_word' id='word_1_73' title='bbox 2342 1052 2409 1105; x_wconf 81' lang='lat' dir='ltr'><strong>Et</strong></span> <span class='ocrx_word' id='word_1_74' title='bbox 2434 1054 2688 1107; x_wconf 89' lang='lat' dir='ltr'><strong>Dominus</strong></span> <span class='ocrx_word' id='word_1_75' title='bbox 2710 1052 2947 1121; x_wconf 80' lang='lat' dir='ltr'><strong>quidem,</strong></span> <span class='ocrx_word' id='word_1_76' title='bbox 2973 1065 3254 1122; x_wconf 77' lang='lat' dir='ltr'><strong>postquam</strong></span> <span class='ocrx_word' id='word_1_77' title='bbox 3282 1042 3485 1109; x_wconf 73' lang='lat' dir='ltr'><strong>locutus</strong></span> <span class='ocrx_word' id='word_1_78' title='bbox 3510 1059 3683 1121; x_wconf 88' lang='lat' dir='ltr'><strong>esteis,</strong></span> 
     </span>
    </p>
   </div>
   <div class='ocr_carea' id='block_1_11' title="bbox 2138 1142 3683 1213">
    <p class='ocr_par' dir='ltr' id='par_1_11' title="bbox 2138 1142 3683 1213">
     <span class='ocr_line' id='line_1_11' title="bbox 2138 1142 3683 1213; baseline 0.003 -19"><span class='ocrx_word' id='word_1_79' title='bbox 2138 1151 2439 1210; x_wconf 56' lang='lat' dir='ltr'><strong>assumptus</strong></span> <span class='ocrx_word' id='word_1_80' title='bbox 2464 1149 2548 1195; x_wconf 88' lang='lat' dir='ltr'><strong>est</strong></span> <span class='ocrx_word' id='word_1_81' title='bbox 2595 1142 2645 1195; x_wconf 92' lang='lat' dir='ltr'><strong>in</strong></span> <span class='ocrx_word' id='word_1_82' title='bbox 2675 1142 2900 1207; x_wconf 76' lang='lat' dir='ltr'><strong>cmlum;</strong></span> <span class='ocrx_word' id='word_1_83' title='bbox 2935 1143 3103 1196; x_wconf 86' lang='lat' dir='ltr'><strong>Lucas</strong></span> <span class='ocrx_word' id='word_1_84' title='bbox 3124 1153 3304 1197; x_wconf 89' lang='lat' dir='ltr'><strong>autem</strong></span> <span class='ocrx_word' id='word_1_85' title='bbox 3337 1146 3683 1213; x_wconf 69' lang='lat' dir='ltr'><strong>praetermissis</strong></span> 
     </span>
    </p>
   </div>
   <div class='ocr_carea' id='block_1_12' title="bbox 2137 1232 3688 1303">
    <p class='ocr_par' dir='ltr' id='par_1_12' title="bbox 2137 1232 3688 1303">
     <span class='ocr_line' id='line_1_12' title="bbox 2137 1232 3688 1303; baseline 0.003 -18"><span class='ocrx_word' id='word_1_86' title='bbox 2137 1233 2382 1286; x_wconf 88' lang='lat' dir='ltr'><strong>omnibus</strong></span> <span class='ocrx_word' id='word_1_87' title='bbox 2406 1248 2500 1301; x_wconf 88' lang='lat' dir='ltr'><strong>per</strong></span> <span class='ocrx_word' id='word_1_88' title='bbox 2533 1232 2886 1302; x_wconf 74' lang='lat' dir='ltr'><strong>quadraginta</strong></span> <span class='ocrx_word' id='word_1_89' title='bbox 2913 1234 3027 1287; x_wconf 90' lang='lat' dir='ltr'><strong>dies</strong></span> <span class='ocrx_word' id='word_1_90' title='bbox 3054 1236 3135 1303; x_wconf 88' lang='lat' dir='ltr'><strong>agi</strong></span> <span class='ocrx_word' id='word_1_91' title='bbox 3167 1234 3237 1288; x_wconf 90' lang='lat' dir='ltr'><strong>ab</strong></span> <span class='ocrx_word' id='word_1_92' title='bbox 3268 1235 3362 1289; x_wconf 91' lang='lat' dir='ltr'><strong>illo</strong></span> <span class='ocrx_word' id='word_1_93' title='bbox 3404 1251 3517 1289; x_wconf 85' lang='lat' dir='ltr'><strong>cum</strong></span> <span class='ocrx_word' id='word_1_94' title='bbox 3546 1236 3688 1290; x_wconf 73' lang='lat' dir='ltr'><strong>dist-i-</strong></span> 
     </span>
    </p>
   </div>
   <div class='ocr_carea' id='block_1_13' title="bbox 461 233 559 293">
    <p class='ocr_par' dir='ltr' id='par_1_13' title="bbox 461 233 559 293">
     <span class='ocr_line' id='line_1_13' title="bbox 461 233 559 293; baseline 0.02 -3"><span class='ocrx_word' id='word_1_95' title='bbox 461 233 559 293; x_wconf 77' lang='grc'><strong>831</strong></span> 
     </span>
    </p>
   </div>
   <div class='ocr_carea' id='block_1_14' title="bbox 977 334 1516 395">
    <p class='ocr_par' dir='ltr' id='par_1_14' title="bbox 977 334 1516 395">
     <span class='ocr_line' id='line_1_14' title="bbox 977 334 1516 395; baseline -0.013 0"><span class='ocrx_word' id='word_1_96' title='bbox 977 337 1200 395; x_wconf 78' lang='lat' dir='ltr'><strong>CAPUT</strong></span> <span class='ocrx_word' id='word_1_97' title='bbox 1236 334 1516 391; x_wconf 83' lang='lat' dir='ltr'><strong>CLXXIII.</strong></span> 
     </span>
    </p>
   </div>
   <div class='ocr_carea' id='block_1_15' title="bbox 461 440 2036 511">
    <p class='ocr_par' dir='ltr' id='par_1_15' title="bbox 461 440 2036 511">
     <span class='ocr_line' id='line_1_15' title="bbox 461 440 2036 511; baseline -0.008 -6"><span class='ocrx_word' id='word_1_98' title='bbox 461 452 538 504; x_wconf 76' lang='lat' dir='ltr'><strong>De</strong></span> <span class='ocrx_word' id='word_1_99' title='bbox 556 450 755 505; x_wconf 77' lang='lat' dir='ltr'><strong>duobus</strong></span> <span class='ocrx_word' id='word_1_100' title='bbox 782 449 1064 503; x_wconf 79' lang='lat' dir='ltr'><strong>latronibus</strong></span> <span class='ocrx_word' id='word_1_101' title='bbox 1078 446 1331 511; x_wconf 84' lang='lat' dir='ltr'><strong>quomodo</strong></span> <span class='ocrx_word' id='word_1_102' title='bbox 1353 444 1543 510; x_wconf 76' lang='lat' dir='ltr'><strong>impari</strong></span> <span class='ocrx_word' id='word_1_103' title='bbox 1562 443 1731 496; x_wconf 82' lang='lat' dir='ltr'><strong>relatu</strong></span> <span class='ocrx_word' id='word_1_104' title='bbox 1758 440 2036 494; x_wconf 71' lang='lat' dir='ltr'><strong>Muttinem</strong></span> 
     </span>
    </p>
   </div>
   <div class='ocr_carea' id='block_1_16' title="bbox 530 511 2037 583">
    <p class='ocr_par' dir='ltr' id='par_1_16' title="bbox 530 511 2037 583">
     <span class='ocr_line' id='line_1_16' title="bbox 530 511 2037 583; baseline -0.006 -11"><span class='ocrx_word' id='word_1_105' title='bbox 530 537 592 572; x_wconf 85' lang='lat' dir='ltr'><strong>ac</strong></span> <span class='ocrx_word' id='word_1_106' title='bbox 635 520 840 572; x_wconf 84' lang='lat' dir='ltr'><strong>.llarcus</strong></span> <span class='ocrx_word' id='word_1_107' title='bbox 875 519 1122 572; x_wconf 79' lang='lat' dir='ltr'><strong>sententia</strong></span> <span class='ocrx_word' id='word_1_108' title='bbox 1156 532 1259 569; x_wconf 83' lang='lat' dir='ltr'><strong>non</strong></span> <span class='ocrx_word' id='word_1_109' title='bbox 1309 517 1641 583; x_wconf 81' lang='lat' dir='ltr'><strong>discrepant,</strong></span> <span class='ocrx_word' id='word_1_110' title='bbox 1680 514 1742 566; x_wconf 86' lang='lat' dir='ltr'><strong>de</strong></span> <span class='ocrx_word' id='word_1_111' title='bbox 1776 511 2037 565; x_wconf 70' lang='lat' dir='ltr'><strong>Comensis</strong></span> 
     </span>
    </p>
   </div>
   <div class='ocr_carea' id='block_1_17' title="bbox 534 586 1207 657">
    <p class='ocr_par' dir='ltr' id='par_1_17' title="bbox 534 586 1207 657">
     <span class='ocr_line' id='line_1_17' title="bbox 534 586 1207 657; baseline -0.004 -16"><span class='ocrx_word' id='word_1_112' title='bbox 534 588 977 657; x_wconf 74' lang='lat' dir='ltr'><strong>Evangelislarum</strong></span> <span class='ocrx_word' id='word_1_113' title='bbox 1008 586 1093 639; x_wconf 85' lang='lat' dir='ltr'><strong>lib.</strong></span> <span class='ocrx_word' id='word_1_114' title='bbox 1128 601 1207 639; x_wconf 85' lang='grc' dir='ltr'><strong>ιιι.</strong></span> 
     </span>
    </p>
   </div>
   <div class='ocr_carea' id='block_1_18' title="bbox 534 690 2035 769">
    <p class='ocr_par' dir='ltr' id='par_1_18' title="bbox 534 690 2035 769">
     <span class='ocr_line' id='line_1_18' title="bbox 534 690 2035 769; baseline -0.009 -14"><span class='ocrx_word' id='word_1_115' title='bbox 534 702 782 769; x_wconf 90' lang='lat' dir='ltr'><strong>Sequitur</strong></span> <span class='ocrx_word' id='word_1_116' title='bbox 808 698 1089 754; x_wconf 80' lang='lat' dir='ltr'><strong>Matthaeus</strong></span> <span class='ocrx_word' id='word_1_117' title='bbox 1118 706 1170 749; x_wconf 90' lang='lat' dir='ltr'><strong>et</strong></span> <span class='ocrx_word' id='word_1_118' title='bbox 1198 695 1328 748; x_wconf 79' lang='lat' dir='ltr'><strong>dicit</strong></span> <span class='ocrx_word' id='word_1_119' title='bbox 1356 713 1367 747; x_wconf 93' lang='lat'>:</span> <span class='ocrx_word' id='word_1_120' title='bbox 1399 694 1630 763; x_wconf 87' lang='lat' dir='ltr'><strong>ldipsnm</strong></span> <span class='ocrx_word' id='word_1_121' title='bbox 1673 700 1850 745; x_wconf 89' lang='lat' dir='ltr'><strong>autem</strong></span> <span class='ocrx_word' id='word_1_122' title='bbox 1873 701 1927 743; x_wconf 89' lang='lat' dir='ltr'><strong>et</strong></span> <span class='ocrx_word' id='word_1_123' title='bbox 1955 690 2035 743; x_wconf 82' lang='lat' dir='ltr'><strong>la-</strong></span> 
     </span>
    </p>
   </div>
   <div class='ocr_carea' id='block_1_19' title="bbox 464 783 2038 858">
    <p class='ocr_par' dir='ltr' id='par_1_19' title="bbox 464 783 2038 858">
     <span class='ocr_line' id='line_1_19' title="bbox 464 783 2038 858; baseline -0.006 -15"><span class='ocrx_word' id='word_1_124' title='bbox 464 802 645 844; x_wconf 85' lang='lat' dir='ltr'><strong>trones</strong></span> <span class='ocrx_word' id='word_1_125' title='bbox 672 790 759 858; x_wconf 92' lang='lat' dir='ltr'><strong>qui</strong></span> <span class='ocrx_word' id='word_1_126' title='bbox 789 788 874 841; x_wconf 81' lang='lat' dir='ltr'><strong>fixi</strong></span> <span class='ocrx_word' id='word_1_127' title='bbox 898 797 1051 840; x_wconf 88' lang='lat' dir='ltr'><strong>erant</strong></span> <span class='ocrx_word' id='word_1_128' title='bbox 1093 784 1381 857; x_wconf 82' lang='lat' dir='ltr'><strong>[cruciﬁxi]</strong></span> <span class='ocrx_word' id='word_1_129' title='bbox 1429 800 1549 840; x_wconf 91' lang='lat' dir='ltr'><strong>cum</strong></span> <span class='ocrx_word' id='word_1_130' title='bbox 1596 798 1662 838; x_wconf 91' lang='lat' dir='ltr'><strong>eo</strong></span> <span class='ocrx_word' id='word_1_131' title='bbox 1707 783 2038 850; x_wconf 76' lang='lat' dir='ltr'><strong>impropera-</strong></span> 
     </span>
    </p>
   </div>
   <div class='ocr_carea' id='block_1_20' title="bbox 464 870 2038 951">
    <p class='ocr_par' dir='ltr' id='par_1_20' title="bbox 464 870 2038 951">
     <span class='ocr_line' id='line_1_20' title="bbox 464 870 2038 951; baseline -0.009 -13"><span class='ocrx_word' id='word_1_132' title='bbox 464 885 584 938; x_wconf 89' lang='lat' dir='ltr'><strong>banl</strong></span> <span class='ocrx_word' id='word_1_133' title='bbox 618 884 688 938; x_wconf 90' lang='lat' dir='ltr'><strong>ei.</strong></span> <span class='ocrx_word' id='word_1_134' title='bbox 722 881 853 937; x_wconf 76' lang='lat' dir='ltr'><strong>Nam</strong></span> <span class='ocrx_word' id='word_1_135' title='bbox 898 876 1048 951; x_wconf 84' lang='lat' dir='ltr'><strong>[Nec]</strong></span> <span class='ocrx_word' id='word_1_136' title='bbox 1079 880 1283 933; x_wconf 82' lang='lat' dir='ltr'><strong>Marcus</strong></span> <span class='ocrx_word' id='word_1_137' title='bbox 1320 877 1621 945; x_wconf 76' lang='lat' dir='ltr'><strong>discrepat,</strong></span> <span class='ocrx_word' id='word_1_138' title='bbox 1646 875 1748 928; x_wconf 90' lang='lat' dir='ltr'><strong>hoc</strong></span> <span class='ocrx_word' id='word_1_139' title='bbox 1794 873 1933 927; x_wconf 88' lang='lat' dir='ltr'><strong>idem</strong></span> <span class='ocrx_word' id='word_1_140' title='bbox 1956 870 2038 925; x_wconf 85' lang='lat' dir='ltr'><strong>di-</strong></span> 
     </span>
    </p>
   </div>
   <div class='ocr_carea' id='block_1_21' title="bbox 461 965 2038 1035">
    <p class='ocr_par' dir='ltr' id='par_1_21' title="bbox 461 965 2038 1035">
     <span class='ocr_line' id='line_1_21' title="bbox 461 965 2038 1035; baseline -0.007 -9"><span class='ocrx_word' id='word_1_141' title='bbox 461 989 591 1028; x_wconf 89' lang='lat' dir='ltr'><strong>cens</strong></span> <span class='ocrx_word' id='word_1_142' title='bbox 612 973 728 1027; x_wconf 89' lang='lat' dir='ltr'><strong>aliis</strong></span> <span class='ocrx_word' id='word_1_143' title='bbox 749 971 951 1034; x_wconf 83' lang='lat' dir='ltr'><strong>verbis,</strong></span> <span class='ocrx_word' id='word_1_144' title='bbox 981 971 1154 1024; x_wconf 85' lang='lat' dir='ltr'><strong>Lucas</strong></span> <span class='ocrx_word' id='word_1_145' title='bbox 1173 979 1353 1023; x_wconf 91' lang='lat' dir='ltr'><strong>autem</strong></span> <span class='ocrx_word' id='word_1_146' title='bbox 1380 975 1557 1035; x_wconf 90' lang='lat' dir='ltr'><strong>potest</strong></span> <span class='ocrx_word' id='word_1_147' title='bbox 1576 965 1749 1035; x_wconf 90' lang='lat' dir='ltr'><strong>putari</strong></span> <span class='ocrx_word' id='word_1_148' title='bbox 1773 976 2038 1032; x_wconf 85' lang='lat' dir='ltr'><strong>repugna-</strong></span> 
     </span>
    </p>
   </div>
   <div class='ocr_carea' id='block_1_22' title="bbox 463 1056 2037 1133">
    <p class='ocr_par' dir='ltr' id='par_1_22' title="bbox 463 1056 2037 1133">
     <span class='ocr_line' id='line_1_22' title="bbox 463 1056 2037 1133; baseline -0.007 -13"><span class='ocrx_word' id='word_1_149' title='bbox 463 1081 542 1131; x_wconf 90' lang='lat' dir='ltr'><strong>re,</strong></span> <span class='ocrx_word' id='word_1_150' title='bbox 570 1064 670 1119; x_wconf 88' lang='lat' dir='ltr'><strong>nisi</strong></span> <span class='ocrx_word' id='word_1_151' title='bbox 711 1079 881 1133; x_wconf 87' lang='lat' dir='ltr'><strong>genus</strong></span> <span class='ocrx_word' id='word_1_152' title='bbox 918 1060 1199 1116; x_wconf 87' lang='lat' dir='ltr'><strong>locutionis</strong></span> <span class='ocrx_word' id='word_1_153' title='bbox 1226 1061 1355 1115; x_wconf 90' lang='lat' dir='ltr'><strong>satis</strong></span> <span class='ocrx_word' id='word_1_154' title='bbox 1393 1061 1644 1115; x_wconf 89' lang='lat' dir='ltr'><strong>usitatum</strong></span> <span class='ocrx_word' id='word_1_155' title='bbox 1687 1072 1790 1111; x_wconf 90' lang='lat' dir='ltr'><strong>non</strong></span> <span class='ocrx_word' id='word_1_156' title='bbox 1839 1056 2037 1110; x_wconf 85' lang='lat' dir='ltr'><strong>oblivi-</strong></span> 
     </span>
    </p>
   </div>
   <div class='ocr_carea' id='block_1_23' title="bbox 461 1146 2037 1218">
    <p class='ocr_par' dir='ltr' id='par_1_23' title="bbox 461 1146 2037 1218">
     <span class='ocr_line' id='line_1_23' title="bbox 461 1146 2037 1218; baseline -0.006 -7"><span class='ocrx_word' id='word_1_157' title='bbox 461 1172 696 1211; x_wconf 90' lang='lat' dir='ltr'><strong>scamur.</strong></span> <span class='ocrx_word' id='word_1_158' title='bbox 740 1156 829 1210; x_wconf 85' lang='lat' dir='ltr'><strong>Ait</strong></span> <span class='ocrx_word' id='word_1_159' title='bbox 858 1155 1068 1209; x_wconf 84' lang='lat' dir='ltr'><strong>Lucas:</strong></span> <span class='ocrx_word' id='word_1_160' title='bbox 1106 1154 1254 1209; x_wconf 86' lang='lat' dir='ltr'><strong>Unus</strong></span> <span class='ocrx_word' id='word_1_161' title='bbox 1284 1160 1461 1207; x_wconf 89' lang='lat' dir='ltr'><strong>autem</strong></span> <span class='ocrx_word' id='word_1_162' title='bbox 1490 1150 1558 1205; x_wconf 93' lang='lat' dir='ltr'><strong>de</strong></span> <span class='ocrx_word' id='word_1_163' title='bbox 1599 1150 1681 1203; x_wconf 85' lang='lat' dir='ltr'><strong>bis</strong></span> <span class='ocrx_word' id='word_1_164' title='bbox 1709 1148 1797 1218; x_wconf 91' lang='lat' dir='ltr'><strong>qui</strong></span> <span class='ocrx_word' id='word_1_165' title='bbox 1838 1146 2037 1215; x_wconf 89' lang='lat' dir='ltr'><strong>pende-</strong></span> 
     </span>
    </p>
   </div>
   <div class='ocr_carea' id='block_1_24' title="bbox 464 1236 2037 1311">
    <p class='ocr_par' dir='ltr' id='par_1_24' title="bbox 464 1236 2037 1311">
     <span class='ocr_line' id='line_1_24' title="bbox 464 1236 2037 1311; baseline -0.008 -10"><span class='ocrx_word' id='word_1_166' title='bbox 464 1249 592 1301; x_wconf 88' lang='lat' dir='ltr'><strong>bant</strong></span> <span class='ocrx_word' id='word_1_167' title='bbox 620 1246 935 1309; x_wconf 89' lang='lat' dir='ltr'><strong>latronibus,</strong></span> <span class='ocrx_word' id='word_1_168' title='bbox 972 1242 1374 1311; x_wconf 88' lang='lat' dir='ltr'><strong>blasphemabat</strong></span> <span class='ocrx_word' id='word_1_169' title='bbox 1401 1255 1522 1295; x_wconf 91' lang='lat' dir='ltr'><strong>eum</strong></span> <span class='ocrx_word' id='word_1_170' title='bbox 1553 1239 1760 1305; x_wconf 87' lang='lat' dir='ltr'><strong>dicens,</strong></span> <span class='ocrx_word' id='word_1_171' title='bbox 1803 1236 1859 1291; x_wconf 86' lang='lat' dir='ltr'><strong>Si</strong></span> <span class='ocrx_word' id='word_1_172' title='bbox 1892 1244 1946 1289; x_wconf 87' lang='lat' dir='ltr'><strong>tu</strong></span> <span class='ocrx_word' id='word_1_173' title='bbox 1976 1249 2037 1289; x_wconf 87' lang='lat' dir='ltr'><strong>es</strong></span> 
     </span>
    </p>
   </div>
   <div class='ocr_carea' id='block_1_25' title="bbox 460 1318 3683 1401">
    <p class='ocr_par' dir='ltr' id='par_1_25' title="bbox 460 1318 3683 1401">
     <span class='ocr_line' id='line_1_25' title="bbox 460 1318 3683 1401; baseline -0.001 -17"><span class='ocrx_word' id='word_1_174' title='bbox 460 1338 731 1401; x_wconf 80' lang='lat' dir='ltr'><strong>Christus,</strong></span> <span class='ocrx_word' id='word_1_175' title='bbox 761 1336 963 1390; x_wconf 82' lang='lat' dir='ltr'><strong>salvum</strong></span> <span class='ocrx_word' id='word_1_176' title='bbox 996 1334 1079 1388; x_wconf 86' lang='lat' dir='ltr'><strong>fac</strong></span> <span class='ocrx_word' id='word_1_177' title='bbox 1108 1333 1446 1399; x_wconf 65' lang='lat' dir='ltr'><strong>temmipsum</strong></span> <span class='ocrx_word' id='word_1_178' title='bbox 1476 1340 1531 1385; x_wconf 92' lang='lat' dir='ltr'><strong>et</strong></span> <span class='ocrx_word' id='word_1_179' title='bbox 1553 1345 1680 1395; x_wconf 89' lang='lat' dir='ltr'><strong>nos;</strong></span> <span class='ocrx_word' id='word_1_180' title='bbox 1711 1336 1766 1384; x_wconf 90' lang='lat' dir='ltr'><strong>et</strong></span> <span class='ocrx_word' id='word_1_181' title='bbox 1798 1318 2039 1397; x_wconf 74' lang='lat' dir='ltr'><strong>sequitur</strong></span> <span class='ocrx_word' id='word_1_182' title='bbox 2140 1320 2278 1389; x_wconf 90' lang='lat' dir='ltr'><strong>pulis</strong></span> <span class='ocrx_word' id='word_1_183' title='bbox 2315 1329 2631 1389; x_wconf 83' lang='lat' dir='ltr'><strong>potuerunt,</strong></span> <span class='ocrx_word' id='word_1_184' title='bbox 2663 1321 2735 1375; x_wconf 84' lang='lat' dir='ltr'><strong>illi</strong></span> <span class='ocrx_word' id='word_1_185' title='bbox 2764 1323 2935 1389; x_wconf 90' lang='lat' dir='ltr'><strong>primo</strong></span> <span class='ocrx_word' id='word_1_186' title='bbox 2976 1322 3083 1376; x_wconf 89' lang='lat' dir='ltr'><strong>diei</strong></span> <span class='ocrx_word' id='word_1_187' title='bbox 3117 1325 3519 1378; x_wconf 78' lang='lat' dir='ltr'><strong>resurrectionis</strong></span> <span class='ocrx_word' id='word_1_188' title='bbox 3541 1326 3646 1393; x_wconf 84' lang='lat' dir='ltr'><strong>ejus</strong></span> <span class='ocrx_word' id='word_1_189' title='bbox 3668 1366 3683 1391; x_wconf 91' lang='lat'><strong>,</strong></span> 
     </span>
    </p>
   </div>
   <div class='ocr_carea' id='block_1_26' title="bbox 459 1410 3685 1495">
    <p class='ocr_par' dir='ltr' id='par_1_26' title="bbox 459 1410 3685 1495">
     <span class='ocr_line' id='line_1_26' title="bbox 459 1410 3685 1495; baseline -0.007 -15"><span class='ocrx_word' id='word_1_190' title='bbox 459 1428 603 1480; x_wconf 87' lang='lat' dir='ltr'><strong>idem</strong></span> <span class='ocrx_word' id='word_1_191' title='bbox 628 1428 739 1493; x_wconf 88' lang='lat' dir='ltr'><strong>ipse</strong></span> <span class='ocrx_word' id='word_1_192' title='bbox 771 1434 929 1495; x_wconf 89' lang='lat' dir='ltr'><strong>atque</strong></span> <span class='ocrx_word' id='word_1_193' title='bbox 964 1425 1033 1478; x_wconf 88' lang='lat' dir='ltr'><strong>ita</strong></span> <span class='ocrx_word' id='word_1_194' title='bbox 1063 1423 1300 1478; x_wconf 89' lang='lat' dir='ltr'><strong>contexit</strong></span> <span class='ocrx_word' id='word_1_195' title='bbox 1330 1438 1343 1475; x_wconf 92' lang='lat'>:</span> <span class='ocrx_word' id='word_1_196' title='bbox 1371 1420 1722 1490; x_wconf 79' lang='lat' dir='ltr'><strong>Respondeas</strong></span> <span class='ocrx_word' id='word_1_197' title='bbox 1750 1429 1928 1472; x_wconf 91' lang='lat' dir='ltr'><strong>autem</strong></span> <span class='ocrx_word' id='word_1_198' title='bbox 1956 1416 2037 1469; x_wconf 86' lang='lat' dir='ltr'><strong>al-</strong></span> <span class='ocrx_word' id='word_1_199' title='bbox 2138 1411 2351 1476; x_wconf 83' lang='lat' dir='ltr'><strong>quando</strong></span> <span class='ocrx_word' id='word_1_200' title='bbox 2374 1412 2423 1464; x_wconf 93' lang='lat' dir='ltr'><strong>in</strong></span> <span class='ocrx_word' id='word_1_201' title='bbox 2455 1410 2785 1466; x_wconf 85' lang='lat' dir='ltr'><strong>Hierusalem</strong></span> <span class='ocrx_word' id='word_1_202' title='bbox 2821 1411 2979 1483; x_wconf 65' lang='grc' dir='ltr'><strong>ιιά,</strong></span> <span class='ocrx_word' id='word_1_203' title='bbox 3003 1412 3243 1481; x_wconf 80' lang='lat' dir='ltr'><strong>pluribus</strong></span> <span class='ocrx_word' id='word_1_204' title='bbox 3265 1415 3540 1483; x_wconf 71' lang='lat' dir='ltr'><strong>apparuit,</strong></span> <span class='ocrx_word' id='word_1_205' title='bbox 3570 1431 3685 1469; x_wconf 74' lang='lat' dir='ltr'><strong>con.</strong></span> 
     </span>
    </p>
   </div>
   <div class='ocr_carea' id='block_1_27' title="bbox 462 1502 3683 1587">
    <p class='ocr_par' dir='ltr' id='par_1_27' title="bbox 462 1502 3683 1587">
     <span class='ocr_line' id='line_1_27' title="bbox 462 1502 3683 1587; baseline -0.002 -17"><span class='ocrx_word' id='word_1_206' title='bbox 462 1529 542 1573; x_wconf 92' lang='lat' dir='ltr'><strong>ter</strong></span> <span class='ocrx_word' id='word_1_207' title='bbox 565 1517 874 1587; x_wconf 87' lang='lat' dir='ltr'><strong>increpabat</strong></span> <span class='ocrx_word' id='word_1_208' title='bbox 900 1531 1023 1571; x_wconf 90' lang='lat' dir='ltr'><strong>eum</strong></span> <span class='ocrx_word' id='word_1_209' title='bbox 1045 1557 1061 1581; x_wconf 95' lang='lat'><strong>,</strong></span> <span class='ocrx_word' id='word_1_210' title='bbox 1086 1516 1272 1569; x_wconf 88' lang='lat' dir='ltr'><strong>dicens</strong></span> <span class='ocrx_word' id='word_1_211' title='bbox 1302 1530 1317 1568; x_wconf 88' lang='lat'><strong>:</strong></span> <span class='ocrx_word' id='word_1_212' title='bbox 1352 1513 1534 1583; x_wconf 77' lang='lat' dir='ltr'><strong>Neque</strong></span> <span class='ocrx_word' id='word_1_213' title='bbox 1562 1522 1616 1566; x_wconf 89' lang='lat' dir='ltr'><strong>tu</strong></span> <span class='ocrx_word' id='word_1_214' title='bbox 1650 1513 1805 1566; x_wconf 85' lang='lat' dir='ltr'><strong>times</strong></span> <span class='ocrx_word' id='word_1_215' title='bbox 1829 1510 1993 1565; x_wconf 86' lang='lat' dir='ltr'><strong>Deum</strong></span> <span class='ocrx_word' id='word_1_216' title='bbox 2015 1550 2035 1576; x_wconf 85' lang='lat'><strong>,</strong></span> <span class='ocrx_word' id='word_1_217' title='bbox 2134 1502 2307 1571; x_wconf 75' lang='lat' dir='ltr'><strong>iungit</strong></span> <span class='ocrx_word' id='word_1_218' title='bbox 2341 1504 2501 1557; x_wconf 78' lang='lat' dir='ltr'><strong>lacile</strong></span> <span class='ocrx_word' id='word_1_219' title='bbox 2532 1504 2878 1557; x_wconf 75' lang='lat' dir='ltr'><strong>noviS~imum</strong></span> <span class='ocrx_word' id='word_1_220' title='bbox 2921 1503 3061 1559; x_wconf 83' lang='lat' dir='ltr'><strong>diem</strong></span> <span class='ocrx_word' id='word_1_221' title='bbox 3104 1520 3212 1573; x_wconf 76' lang='lat' dir='ltr'><strong>Quo</strong></span> <span class='ocrx_word' id='word_1_222' title='bbox 3249 1507 3484 1561; x_wconf 76' lang='lat' dir='ltr'><strong>ascendit</strong></span> <span class='ocrx_word' id='word_1_223' title='bbox 3512 1508 3559 1560; x_wconf 90' lang='lat' dir='ltr'><strong>in</strong></span> <span class='ocrx_word' id='word_1_224' title='bbox 3584 1522 3683 1564; x_wconf 67' lang='lat' dir='ltr'><strong>caeo</strong></span> 
     </span>
    </p>
   </div>
   <div class='ocr_carea' id='block_1_28' title="bbox 457 1601 2034 1678">
    <p class='ocr_par' dir='ltr' id='par_1_28' title="bbox 457 1601 2034 1678">
     <span class='ocr_line' id='line_1_28' title="bbox 457 1601 2034 1678; baseline -0.006 -16"><span class='ocrx_word' id='word_1_225' title='bbox 457 1608 596 1678; x_wconf 93' lang='lat' dir='ltr'><strong>quod</strong></span> <span class='ocrx_word' id='word_1_226' title='bbox 627 1608 680 1662; x_wconf 92' lang='lat' dir='ltr'><strong>in</strong></span> <span class='ocrx_word' id='word_1_227' title='bbox 709 1608 894 1661; x_wconf 88' lang='lat' dir='ltr'><strong>eadem</strong></span> <span class='ocrx_word' id='word_1_228' title='bbox 932 1607 1275 1661; x_wconf 82' lang='lat' dir='ltr'><strong>damnatione</strong></span> <span class='ocrx_word' id='word_1_229' title='bbox 1304 1620 1364 1660; x_wconf 91' lang='lat' dir='ltr'><strong>es</strong></span> <span class='ocrx_word' id='word_1_230' title='bbox 1390 1606 1412 1658; x_wconf 72' lang='grc' dir='ltr'><em>ἲ</em></span> <span class='ocrx_word' id='word_1_231' title='bbox 1438 1614 1494 1659; x_wconf 91' lang='lat' dir='ltr'><strong>et</strong></span> <span class='ocrx_word' id='word_1_232' title='bbox 1526 1618 1623 1658; x_wconf 87' lang='lat' dir='ltr'><strong>nos</strong></span> <span class='ocrx_word' id='word_1_233' title='bbox 1650 1603 1863 1673; x_wconf 79' lang='lat' dir='ltr'><strong>quidem</strong></span> <span class='ocrx_word' id='word_1_234' title='bbox 1893 1601 2034 1667; x_wconf 74' lang='lat' dir='ltr'><strong>iuste</strong></span> 
     </span>
    </p>
   </div>
   <div class='ocr_carea' id='block_1_29' title="bbox 2140 1593 3685 1660">
    <p class='ocr_par' dir='ltr' id='par_1_29' title="bbox 2140 1593 3685 1660">
     <span class='ocr_line' id='line_1_29' title="bbox 2140 1593 3685 1660; baseline 0.005 -15"><span class='ocrx_word' id='word_1_235' title='bbox 2140 1593 2271 1660; x_wconf 81' lang='lat' dir='ltr'><strong>Iunt,</strong></span> <span class='ocrx_word' id='word_1_236' title='bbox 2303 1595 2372 1647; x_wconf 88' lang='lat' dir='ltr'><strong>ita</strong></span> <span class='ocrx_word' id='word_1_237' title='bbox 2402 1609 2662 1649; x_wconf 90' lang='lat' dir='ltr'><strong>narrans:</strong></span> <span class='ocrx_word' id='word_1_238' title='bbox 2693 1593 2887 1648; x_wconf 80' lang='lat' dir='ltr'><strong>Eduxit</strong></span> <span class='ocrx_word' id='word_1_239' title='bbox 2910 1604 3088 1649; x_wconf 87' lang='lat' dir='ltr'><strong>autem</strong></span> <span class='ocrx_word' id='word_1_240' title='bbox 3120 1596 3243 1651; x_wconf 91' lang='lat' dir='ltr'><strong>illos</strong></span> <span class='ocrx_word' id='word_1_241' title='bbox 3274 1597 3413 1652; x_wconf 87' lang='lat' dir='ltr'><strong>foras</strong></span> <span class='ocrx_word' id='word_1_242' title='bbox 3438 1598 3489 1652; x_wconf 91' lang='lat' dir='ltr'><strong>in</strong></span> <span class='ocrx_word' id='word_1_243' title='bbox 3518 1599 3685 1653; x_wconf 80' lang='lat' dir='ltr'><strong>Betha-</strong></span> 
     </span>
    </p>
   </div>
   <div class='ocr_carea' id='block_1_30' title="bbox 458 1685 3682 1766">
    <p class='ocr_par' dir='ltr' id='par_1_30' title="bbox 458 1685 3682 1766">
     <span class='ocr_line' id='line_1_30' title="bbox 458 1685 3682 1766; baseline -0.004 -17"><span class='ocrx_word' id='word_1_244' title='bbox 458 1698 605 1766; x_wconf 80' lang='lat' dir='ltr'><strong>(nam</strong></span> <span class='ocrx_word' id='word_1_245' title='bbox 632 1697 789 1765; x_wconf 89' lang='lat' dir='ltr'><strong>digna</strong></span> <span class='ocrx_word' id='word_1_246' title='bbox 807 1695 960 1750; x_wconf 86' lang='lat' dir='ltr'><strong>factis</strong></span> <span class='ocrx_word' id='word_1_247' title='bbox 978 1694 1315 1763; x_wconf 91' lang='lat' dir='ltr'><strong>recipimus),</strong></span> <span class='ocrx_word' id='word_1_248' title='bbox 1339 1694 1424 1748; x_wconf 87' lang='lat' dir='ltr'><strong>hic</strong></span> <span class='ocrx_word' id='word_1_249' title='bbox 1449 1708 1578 1747; x_wconf 90' lang='lat' dir='ltr'><strong>vero</strong></span> <span class='ocrx_word' id='word_1_250' title='bbox 1601 1693 1731 1746; x_wconf 85' lang='lat' dir='ltr'><strong>nihil</strong></span> <span class='ocrx_word' id='word_1_251' title='bbox 1754 1692 1875 1745; x_wconf 89' lang='lat' dir='ltr'><strong>mali</strong></span> <span class='ocrx_word' id='word_1_252' title='bbox 1901 1705 2030 1760; x_wconf 89' lang='lat' dir='ltr'><strong>ges-</strong></span> <span class='ocrx_word' id='word_1_253' title='bbox 2062 1685 2108 1744; x_wconf 86' lang='lat' dir='ltr'><strong>B</strong></span> <span class='ocrx_word' id='word_1_254' title='bbox 2136 1687 2277 1738; x_wconf 58' lang='lat' dir='ltr'><strong>niam</strong></span> <span class='ocrx_word' id='word_1_255' title='bbox 2305 1726 2321 1752; x_wconf 96' lang='lat'><strong>,</strong></span> <span class='ocrx_word' id='word_1_256' title='bbox 2366 1694 2420 1739; x_wconf 87' lang='lat' dir='ltr'><strong>el</strong></span> <span class='ocrx_word' id='word_1_257' title='bbox 2450 1685 2681 1739; x_wconf 84' lang='lat' dir='ltr'><strong>elevatis</strong></span> <span class='ocrx_word' id='word_1_258' title='bbox 2710 1685 2956 1740; x_wconf 87' lang='lat' dir='ltr'><strong>manibus</strong></span> <span class='ocrx_word' id='word_1_259' title='bbox 2987 1685 3099 1741; x_wconf 85' lang='lat' dir='ltr'><strong>suis</strong></span> <span class='ocrx_word' id='word_1_260' title='bbox 3129 1726 3144 1749; x_wconf 87' lang='lat'><strong>,</strong></span> <span class='ocrx_word' id='word_1_261' title='bbox 3196 1688 3467 1743; x_wconf 76' lang='lat' dir='ltr'><strong>benedixit</strong></span> <span class='ocrx_word' id='word_1_262' title='bbox 3503 1688 3577 1745; x_wconf 73' lang='lat' dir='ltr'><strong>eis</strong></span> <span class='ocrx_word' id='word_1_263' title='bbox 3600 1734 3613 1758; x_wconf 67' lang='grc'><em>,</em></span> <span class='ocrx_word' id='word_1_264' title='bbox 3636 1698 3682 1744; x_wconf 74' lang='grc' dir='ltr'><strong><em>οι</em></strong></span> 
     </span>
    </p>
   </div>
   <div class='ocr_carea' id='block_1_31' title="bbox 460 1784 2032 1852">
    <p class='ocr_par' dir='ltr' id='par_1_31' title="bbox 460 1784 2032 1852">
     <span class='ocr_line' id='line_1_31' title="bbox 460 1784 2032 1852; baseline -0.003 -9"><span class='ocrx_word' id='word_1_265' title='bbox 460 1789 573 1843; x_wconf 88' lang='lat' dir='ltr'><strong>sit:</strong></span> <span class='ocrx_word' id='word_1_266' title='bbox 602 1797 657 1843; x_wconf 91' lang='lat' dir='ltr'><strong>et</strong></span> <span class='ocrx_word' id='word_1_267' title='bbox 695 1789 905 1843; x_wconf 89' lang='lat' dir='ltr'><strong>dicebat</strong></span> <span class='ocrx_word' id='word_1_268' title='bbox 944 1787 1011 1840; x_wconf 91' lang='lat' dir='ltr'><strong>ad</strong></span> <span class='ocrx_word' id='word_1_269' title='bbox 1050 1787 1230 1842; x_wconf 81' lang='lat' dir='ltr'><strong>Jesum</strong></span> <span class='ocrx_word' id='word_1_270' title='bbox 1262 1805 1274 1838; x_wconf 92' lang='lat'>:</span> <span class='ocrx_word' id='word_1_271' title='bbox 1312 1786 1535 1840; x_wconf 86' lang='lat' dir='ltr'><strong>Domine</strong></span> <span class='ocrx_word' id='word_1_272' title='bbox 1561 1828 1575 1852; x_wconf 94' lang='lat'><strong>,</strong></span> <span class='ocrx_word' id='word_1_273' title='bbox 1617 1793 1888 1840; x_wconf 81' lang='lat' dir='ltr'><strong>memento</strong></span> <span class='ocrx_word' id='word_1_274' title='bbox 1929 1784 2032 1838; x_wconf 91' lang='lat' dir='ltr'><strong>mei</strong></span> 
     </span>
    </p>
   </div>
   <div class='ocr_carea' id='block_1_32' title="bbox 456 1872 2026 1948">
    <p class='ocr_par' dir='ltr' id='par_1_32' title="bbox 456 1872 2026 1948">
     <span class='ocr_line' id='line_1_32' title="bbox 456 1872 2026 1948; baseline -0.006 -14"><span class='ocrx_word' id='word_1_275' title='bbox 456 1896 578 1934; x_wconf 85' lang='lat' dir='ltr'><strong>eum</strong></span> <span class='ocrx_word' id='word_1_276' title='bbox 607 1882 832 1934; x_wconf 88' lang='lat' dir='ltr'><strong>.veneris</strong></span> <span class='ocrx_word' id='word_1_277' title='bbox 876 1880 926 1932; x_wconf 92' lang='lat' dir='ltr'><strong>in</strong></span> <span class='ocrx_word' id='word_1_278' title='bbox 958 1893 1183 1948; x_wconf 87' lang='lat' dir='ltr'><strong>regnum</strong></span> <span class='ocrx_word' id='word_1_279' title='bbox 1214 1887 1386 1930; x_wconf 90' lang='lat' dir='ltr'><strong>tuum.</strong></span> <span class='ocrx_word' id='word_1_280' title='bbox 1434 1875 1502 1929; x_wconf 90' lang='lat' dir='ltr'><strong>Et</strong></span> <span class='ocrx_word' id='word_1_281' title='bbox 1532 1876 1661 1929; x_wconf 90' lang='lat' dir='ltr'><strong>dicit</strong></span> <span class='ocrx_word' id='word_1_282' title='bbox 1704 1874 1776 1927; x_wconf 89' lang='lat' dir='ltr'><strong>illi</strong></span> <span class='ocrx_word' id='word_1_283' title='bbox 1823 1872 1980 1928; x_wconf 82' lang='lat' dir='ltr'><strong>Jesus</strong></span> <span class='ocrx_word' id='word_1_284' title='bbox 2013 1889 2026 1925; x_wconf 91' lang='lat'><strong>:</strong></span> 
     </span>
    </p>
   </div>
   <div class='ocr_carea' id='block_1_33' title="bbox 460 1962 2033 2033">
    <p class='ocr_par' dir='ltr' id='par_1_33' title="bbox 460 1962 2033 2033">
     <span class='ocr_line' id='line_1_33' title="bbox 460 1962 2033 2033; baseline -0.004 -12"><span class='ocrx_word' id='word_1_285' title='bbox 460 1971 633 2022; x_wconf 79' lang='lat' dir='ltr'><strong>Amen</strong></span> <span class='ocrx_word' id='word_1_286' title='bbox 660 1967 781 2021; x_wconf 90' lang='lat' dir='ltr'><strong>dico</strong></span> <span class='ocrx_word' id='word_1_287' title='bbox 814 1967 930 2033; x_wconf 88' lang='lat' dir='ltr'><strong>tibi,</strong></span> <span class='ocrx_word' id='word_1_288' title='bbox 960 1966 1117 2020; x_wconf 86' lang='lat' dir='ltr'><strong>hodie</strong></span> <span class='ocrx_word' id='word_1_289' title='bbox 1143 1980 1350 2020; x_wconf 89' lang='lat' dir='ltr'><strong>mecum</strong></span> <span class='ocrx_word' id='word_1_290' title='bbox 1381 1965 1489 2020; x_wconf 88' lang='lat' dir='ltr'><strong>eris</strong></span> <span class='ocrx_word' id='word_1_291' title='bbox 1510 1965 1561 2019; x_wconf 92' lang='lat' dir='ltr'><strong>in</strong></span> <span class='ocrx_word' id='word_1_292' title='bbox 1594 1963 1862 2033; x_wconf 87' lang='lat' dir='ltr'><strong>paradiso.</strong></span> <span class='ocrx_word' id='word_1_293' title='bbox 1890 1962 2033 2029; x_wconf 87' lang='lat' dir='ltr'><strong>Quo-</strong></span> 
     </span>
    </p>
   </div>
   <div class='ocr_carea' id='block_1_34' title="bbox 457 2054 2031 2127">
    <p class='ocr_par' dir='ltr' id='par_1_34' title="bbox 457 2054 2031 2127">
     <span class='ocr_line' id='line_1_34' title="bbox 457 2054 2031 2127; baseline -0.004 -14"><span class='ocrx_word' id='word_1_294' title='bbox 457 2058 617 2113; x_wconf 89' lang='lat' dir='ltr'><strong>modo</strong></span> <span class='ocrx_word' id='word_1_295' title='bbox 636 2073 785 2127; x_wconf 87' lang='lat' dir='ltr'><strong>ergo,</strong></span> <span class='ocrx_word' id='word_1_296' title='bbox 818 2059 956 2112; x_wconf 84' lang='lat' dir='ltr'><strong>sicut</strong></span> <span class='ocrx_word' id='word_1_297' title='bbox 978 2057 1255 2111; x_wconf 68' lang='lat' dir='ltr'><strong>Mattbaaus</strong></span> <span class='ocrx_word' id='word_1_298' title='bbox 1281 2057 1414 2111; x_wconf 91' lang='lat' dir='ltr'><strong>dixit</strong></span> <span class='ocrx_word' id='word_1_299' title='bbox 1442 2054 1638 2126; x_wconf 76' lang='lat' dir='ltr'><strong>ldieitl,</strong></span> <span class='ocrx_word' id='word_1_300' title='bbox 1663 2054 1922 2108; x_wconf 85' lang='lat' dir='ltr'><strong>Latrones</strong></span> <span class='ocrx_word' id='word_1_301' title='bbox 1942 2057 2031 2122; x_wconf 89' lang='lat' dir='ltr'><strong>qui</strong></span> 
     </span>
    </p>
   </div>
   <div class='ocr_carea' id='block_1_35' title="bbox 459 2145 2033 2220">
    <p class='ocr_par' dir='ltr' id='par_1_35' title="bbox 459 2145 2033 2220">
     <span class='ocr_line' id='line_1_35' title="bbox 459 2145 2033 2220; baseline -0.002 -19"><span class='ocrx_word' id='word_1_302' title='bbox 459 2149 550 2203; x_wconf 84' lang='lat' dir='ltr'><strong>fixi</strong></span> <span class='ocrx_word' id='word_1_303' title='bbox 592 2160 745 2203; x_wconf 89' lang='lat' dir='ltr'><strong>erant</strong></span> <span class='ocrx_word' id='word_1_304' title='bbox 784 2145 1067 2220; x_wconf 84' lang='lat' dir='ltr'><strong>[crucifixi]</strong></span> <span class='ocrx_word' id='word_1_305' title='bbox 1104 2162 1224 2201; x_wconf 91' lang='lat' dir='ltr'><strong>cum</strong></span> <span class='ocrx_word' id='word_1_306' title='bbox 1265 2161 1332 2201; x_wconf 91' lang='lat' dir='ltr'><strong>eo</strong></span> <span class='ocrx_word' id='word_1_307' title='bbox 1373 2146 1805 2216; x_wconf 89' lang='lat' dir='ltr'><strong>improperabant</strong></span> <span class='ocrx_word' id='word_1_308' title='bbox 1831 2145 1916 2211; x_wconf 90' lang='lat' dir='ltr'><strong>ei;</strong></span> <span class='ocrx_word' id='word_1_309' title='bbox 1948 2145 2033 2198; x_wconf 85' lang='lat' dir='ltr'><strong>vel</strong></span> 
     </span>
    </p>
   </div>
   <div class='ocr_carea' id='block_1_36' title="bbox 456 2234 2033 2305">
    <p class='ocr_par' dir='ltr' id='par_1_36' title="bbox 456 2234 2033 2305">
     <span class='ocr_line' id='line_1_36' title="bbox 456 2234 2033 2305; baseline -0.004 -12"><span class='ocrx_word' id='word_1_310' title='bbox 456 2239 595 2294; x_wconf 90' lang='lat' dir='ltr'><strong>sicut</strong></span> <span class='ocrx_word' id='word_1_311' title='bbox 643 2239 853 2293; x_wconf 80' lang='lat' dir='ltr'><strong>Marcus</strong></span> <span class='ocrx_word' id='word_1_312' title='bbox 904 2237 1077 2291; x_wconf 89' lang='lat' dir='ltr'><strong>dicit:</strong></span> <span class='ocrx_word' id='word_1_313' title='bbox 1112 2237 1176 2291; x_wconf 88' lang='lat' dir='ltr'><strong>Et</strong></span> <span class='ocrx_word' id='word_1_314' title='bbox 1202 2237 1290 2305; x_wconf 90' lang='lat' dir='ltr'><strong>qui</strong></span> <span class='ocrx_word' id='word_1_315' title='bbox 1319 2251 1440 2291; x_wconf 91' lang='lat' dir='ltr'><strong>cum</strong></span> <span class='ocrx_word' id='word_1_316' title='bbox 1483 2251 1550 2290; x_wconf 91' lang='lat' dir='ltr'><strong>eo</strong></span> <span class='ocrx_word' id='word_1_317' title='bbox 1597 2234 1837 2290; x_wconf 81' lang='lat' dir='ltr'><strong>cruciﬁxi</strong></span> <span class='ocrx_word' id='word_1_318' title='bbox 1878 2242 2033 2289; x_wconf 89' lang='lat' dir='ltr'><strong>erant</strong></span> 
     </span>
    </p>
   </div>
   <div class='ocr_carea' id='block_1_37' title="bbox 455 2327 2030 2396">
    <p class='ocr_par' dir='ltr' id='par_1_37' title="bbox 455 2327 2030 2396">
     <span class='ocr_line' id='line_1_37' title="bbox 455 2327 2030 2396; baseline -0.001 -15"><span class='ocrx_word' id='word_1_319' title='bbox 455 2329 891 2383; x_wconf 89' lang='lat' dir='ltr'><strong>conviciabantur</strong></span> <span class='ocrx_word' id='word_1_320' title='bbox 931 2328 1014 2381; x_wconf 72' lang='lat' dir='ltr'><strong>ei?</strong></span> <span class='ocrx_word' id='word_1_321' title='bbox 1044 2327 1473 2396; x_wconf 89' lang='lat' dir='ltr'><strong>quandoquidem</strong></span> <span class='ocrx_word' id='word_1_322' title='bbox 1505 2341 1640 2380; x_wconf 88' lang='lat' dir='ltr'><strong>unus</strong></span> <span class='ocrx_word' id='word_1_323' title='bbox 1681 2340 1865 2380; x_wconf 91' lang='lat' dir='ltr'><strong>eorum</strong></span> <span class='ocrx_word' id='word_1_324' title='bbox 1895 2339 2030 2381; x_wconf 91' lang='lat' dir='ltr'><strong>con-</strong></span> 
     </span>
    </p>
   </div>
   <div class='ocr_carea' id='block_1_38' title="bbox 454 2416 2031 2481">
    <p class='ocr_par' dir='ltr' id='par_1_38' title="bbox 454 2416 2031 2481">
     <span class='ocr_line' id='line_1_38' title="bbox 454 2416 2031 2481; baseline -0.001 -10"><span class='ocrx_word' id='word_1_325' title='bbox 454 2420 679 2472; x_wconf 88' lang='lat' dir='ltr'><strong>viciatns</strong></span> <span class='ocrx_word' id='word_1_326' title='bbox 695 2428 777 2472; x_wconf 91' lang='lat' dir='ltr'><strong>est</strong></span> <span class='ocrx_word' id='word_1_327' title='bbox 810 2417 1101 2472; x_wconf 89' lang='lat' dir='ltr'><strong>secundum</strong></span> <span class='ocrx_word' id='word_1_328' title='bbox 1125 2416 1284 2471; x_wconf 71' lang='lat' dir='ltr'><strong>Luca:</strong></span> <span class='ocrx_word' id='word_1_329' title='bbox 1308 2417 1689 2481; x_wconf 90' lang='lat' dir='ltr'><strong>testimonium,</strong></span> <span class='ocrx_word' id='word_1_330' title='bbox 1715 2416 1852 2470; x_wconf 86' lang='lat' dir='ltr'><strong>alter</strong></span> <span class='ocrx_word' id='word_1_331' title='bbox 1888 2429 2031 2470; x_wconf 90' lang='lat' dir='ltr'><strong>com-</strong></span> 
     </span>
    </p>
   </div>
   <div class='ocr_carea' id='block_1_39' title="bbox 454 2506 2030 2577">
    <p class='ocr_par' dir='ltr' id='par_1_39' title="bbox 454 2506 2030 2577">
     <span class='ocr_line' id='line_1_39' title="bbox 454 2506 2030 2577; baseline -0.003 -14"><span class='ocrx_word' id='word_1_332' title='bbox 454 2509 659 2577; x_wconf 80' lang='lat' dir='ltr'><strong>pescuit</strong></span> <span class='ocrx_word' id='word_1_333' title='bbox 685 2524 837 2575; x_wconf 89' lang='lat' dir='ltr'><strong>eum,</strong></span> <span class='ocrx_word' id='word_1_334' title='bbox 864 2516 918 2562; x_wconf 91' lang='lat' dir='ltr'><strong>et</strong></span> <span class='ocrx_word' id='word_1_335' title='bbox 949 2511 998 2561; x_wconf 88' lang='lat' dir='ltr'><strong>in</strong></span> <span class='ocrx_word' id='word_1_336' title='bbox 1031 2508 1196 2561; x_wconf 90' lang='lat' dir='ltr'><strong>Deum</strong></span> <span class='ocrx_word' id='word_1_337' title='bbox 1241 2507 1470 2562; x_wconf 86' lang='lat' dir='ltr'><strong>credidit</strong></span> <span class='ocrx_word' id='word_1_338' title='bbox 1501 2547 1516 2572; x_wconf 90' lang='lat'><strong>,</strong></span> <span class='ocrx_word' id='word_1_339' title='bbox 1548 2506 1647 2560; x_wconf 87' lang='lat' dir='ltr'><strong>nisi</strong></span> <span class='ocrx_word' id='word_1_340' title='bbox 1677 2506 2030 2575; x_wconf 87' lang='lat' dir='ltr'><strong>intelligamus</strong></span> 
     </span>
    </p>
   </div>
   <div class='ocr_carea' id='block_1_40' title="bbox 456 2596 2029 2667">
    <p class='ocr_par' dir='ltr' id='par_1_40' title="bbox 456 2596 2029 2667">
     <span class='ocr_line' id='line_1_40' title="bbox 456 2596 2029 2667; baseline -0.001 -16"><span class='ocrx_word' id='word_1_341' title='bbox 456 2598 760 2652; x_wconf 78' lang='lat' dir='ltr'><strong>Mattlneum</strong></span> <span class='ocrx_word' id='word_1_342' title='bbox 790 2608 845 2652; x_wconf 86' lang='lat' dir='ltr'><strong>et</strong></span> <span class='ocrx_word' id='word_1_343' title='bbox 880 2597 1113 2653; x_wconf 82' lang='lat' dir='ltr'><strong>Marcum</strong></span> <span class='ocrx_word' id='word_1_344' title='bbox 1152 2597 1389 2653; x_wconf 84' lang='lat' dir='ltr'><strong>breviter</strong></span> <span class='ocrx_word' id='word_1_345' title='bbox 1427 2598 1848 2667; x_wconf 87' lang='lat' dir='ltr'><strong>perstringentes</strong></span> <span class='ocrx_word' id='word_1_346' title='bbox 1889 2596 2029 2650; x_wconf 90' lang='lat' dir='ltr'><strong>hunc</strong></span> 
     </span>
    </p>
   </div>
   <div class='ocr_carea' id='block_1_41' title="bbox 456 2687 2025 2760">
    <p class='ocr_par' dir='ltr' id='par_1_41' title="bbox 456 2687 2025 2760">
     <span class='ocr_line' id='line_1_41' title="bbox 456 2687 2025 2760; baseline 0.001 -19"><span class='ocrx_word' id='word_1_347' title='bbox 456 2690 627 2743; x_wconf 88' lang='lat' dir='ltr'><strong>locum</strong></span> <span class='ocrx_word' id='word_1_348' title='bbox 654 2731 667 2755; x_wconf 93' lang='lat'><strong>,</strong></span> <span class='ocrx_word' id='word_1_349' title='bbox 700 2689 958 2760; x_wconf 86' lang='lat' dir='ltr'><strong>pluralem</strong></span> <span class='ocrx_word' id='word_1_350' title='bbox 998 2704 1277 2744; x_wconf 86' lang='lat' dir='ltr'><strong>numerum</strong></span> <span class='ocrx_word' id='word_1_351' title='bbox 1320 2704 1417 2758; x_wconf 93' lang='lat' dir='ltr'><strong>pro</strong></span> <span class='ocrx_word' id='word_1_352' title='bbox 1455 2688 1712 2758; x_wconf 84' lang='lat' dir='ltr'><strong>singulari</strong></span> <span class='ocrx_word' id='word_1_353' title='bbox 1743 2687 1985 2757; x_wconf 87' lang='lat' dir='ltr'><strong>posuisse</strong></span> <span class='ocrx_word' id='word_1_354' title='bbox 2009 2726 2025 2753; x_wconf 92' lang='lat'><strong>,</strong></span> 
     </span>
    </p>
   </div>
   <div class='ocr_carea' id='block_1_42' title="bbox 453 2778 2033 2850">
    <p class='ocr_par' dir='ltr' id='par_1_42' title="bbox 453 2778 2033 2850">
     <span class='ocr_line' id='line_1_42' title="bbox 453 2778 2033 2850; baseline 0 -17"><span class='ocrx_word' id='word_1_355' title='bbox 453 2780 590 2833; x_wconf 82' lang='lat' dir='ltr'><strong>sicut</strong></span> <span class='ocrx_word' id='word_1_356' title='bbox 631 2778 724 2850; x_wconf 78' lang='lat' dir='ltr'><strong>[et]</strong></span> <span class='ocrx_word' id='word_1_357' title='bbox 756 2781 809 2833; x_wconf 92' lang='lat' dir='ltr'><strong>in</strong></span> <span class='ocrx_word' id='word_1_358' title='bbox 840 2780 1075 2848; x_wconf 77' lang='lat' dir='ltr'><strong>Epistula</strong></span> <span class='ocrx_word' id='word_1_359' title='bbox 1104 2780 1170 2834; x_wconf 89' lang='lat' dir='ltr'><strong>ad</strong></span> <span class='ocrx_word' id='word_1_360' title='bbox 1202 2779 1459 2836; x_wconf 68' lang='lat' dir='ltr'><strong>Hebraeos</strong></span> <span class='ocrx_word' id='word_1_361' title='bbox 1500 2780 1726 2849; x_wconf 89' lang='lat' dir='ltr'><strong>legimus</strong></span> <span class='ocrx_word' id='word_1_362' title='bbox 1755 2779 2033 2848; x_wconf 88' lang='lat' dir='ltr'><strong>pluraliter</strong></span> 
     </span>
    </p>
   </div>
   <div class='ocr_carea' id='block_1_43' title="bbox 454 2869 2027 2937">
    <p class='ocr_par' dir='ltr' id='par_1_43' title="bbox 454 2869 2027 2937">
     <span class='ocr_line' id='line_1_43' title="bbox 454 2869 2027 2937; baseline 0 -14"><span class='ocrx_word' id='word_1_363' title='bbox 454 2870 674 2934; x_wconf 91' lang='lat' dir='ltr'><strong>dictum,</strong></span> <span class='ocrx_word' id='word_1_364' title='bbox 711 2871 1033 2926; x_wconf 87' lang='lat' dir='ltr'><strong>Clausernnt</strong></span> <span class='ocrx_word' id='word_1_365' title='bbox 1069 2886 1160 2926; x_wconf 83' lang='lat' dir='ltr'><strong>ora</strong></span> <span class='ocrx_word' id='word_1_366' title='bbox 1191 2870 1403 2926; x_wconf 89' lang='lat' dir='ltr'><strong>leonum</strong></span> <span class='ocrx_word' id='word_1_367' title='bbox 1430 2912 1446 2937; x_wconf 89' lang='lat'><strong>,</strong></span> <span class='ocrx_word' id='word_1_368' title='bbox 1492 2885 1613 2925; x_wconf 92' lang='lat' dir='ltr'><strong>cum</strong></span> <span class='ocrx_word' id='word_1_369' title='bbox 1658 2869 1804 2925; x_wconf 88' lang='lat' dir='ltr'><strong>solus</strong></span> <span class='ocrx_word' id='word_1_370' title='bbox 1846 2870 2027 2924; x_wconf 86' lang='lat' dir='ltr'><strong>Daniel</strong></span> 
     </span>
    </p>
   </div>
   <div class='ocr_carea' id='block_1_44' title="bbox 454 2962 2025 3034">
    <p class='ocr_par' dir='ltr' id='par_1_44' title="bbox 454 2962 2025 3034">
     <span class='ocr_line' id='line_1_44' title="bbox 454 2962 2025 3034; baseline -0.001 -17"><span class='ocrx_word' id='word_1_371' title='bbox 454 2962 739 3031; x_wconf 84' lang='lat' dir='ltr'><strong>significari</strong></span> <span class='ocrx_word' id='word_1_372' title='bbox 778 2963 1138 3034; x_wconf 85' lang='lat' dir='ltr'><strong>intelligatur,</strong></span> <span class='ocrx_word' id='word_1_373' title='bbox 1182 2972 1237 3018; x_wconf 91' lang='lat' dir='ltr'><strong>et</strong></span> <span class='ocrx_word' id='word_1_374' title='bbox 1283 2963 1562 3033; x_wconf 88' lang='lat' dir='ltr'><strong>pluraliter</strong></span> <span class='ocrx_word' id='word_1_375' title='bbox 1610 2963 1835 3028; x_wconf 91' lang='lat' dir='ltr'><strong>dictum,</strong></span> <span class='ocrx_word' id='word_1_376' title='bbox 1882 2962 2025 3016; x_wconf 85' lang='lat' dir='ltr'><strong>Secti</strong></span> 
     </span>
    </p>
   </div>
   <div class='ocr_carea' id='block_1_45' title="bbox 2135 1776 3682 1841">
    <p class='ocr_par' dir='ltr' id='par_1_45' title="bbox 2135 1776 3682 1841">
     <span class='ocr_line' id='line_1_45' title="bbox 2135 1776 3682 1841; baseline 0.004 -11"><span class='ocrx_word' id='word_1_377' title='bbox 2135 1776 2328 1831; x_wconf 89' lang='lat' dir='ltr'><strong>factum</strong></span> <span class='ocrx_word' id='word_1_378' title='bbox 2359 1787 2445 1831; x_wconf 89' lang='lat' dir='ltr'><strong>est</strong></span> <span class='ocrx_word' id='word_1_379' title='bbox 2470 1792 2589 1832; x_wconf 91' lang='lat' dir='ltr'><strong>cum</strong></span> <span class='ocrx_word' id='word_1_380' title='bbox 2635 1778 2977 1832; x_wconf 90' lang='lat' dir='ltr'><strong>benediceret</strong></span> <span class='ocrx_word' id='word_1_381' title='bbox 3007 1779 3086 1833; x_wconf 88' lang='lat' dir='ltr'><strong>eis</strong></span> <span class='ocrx_word' id='word_1_382' title='bbox 3111 1819 3125 1841; x_wconf 92' lang='lat'><strong>,</strong></span> <span class='ocrx_word' id='word_1_383' title='bbox 3163 1777 3485 1834; x_wconf 81' lang='lat' dir='ltr'><strong>eﬂerebatur</strong></span> <span class='ocrx_word' id='word_1_384' title='bbox 3511 1785 3557 1835; x_wconf 92' lang='lat' dir='ltr'><strong>in</strong></span> <span class='ocrx_word' id='word_1_385' title='bbox 3584 1796 3682 1836; x_wconf 76' lang='lat' dir='ltr'><strong>cte-</strong></span> 
     </span>
    </p>
   </div>
   <div class='ocr_carea' id='block_1_46' title="bbox 2136 1867 3680 1940">
    <p class='ocr_par' dir='ltr' id='par_1_46' title="bbox 2136 1867 3680 1940">
     <span class='ocr_line' id='line_1_46' title="bbox 2136 1867 3680 1940; baseline 0.003 -19"><span class='ocrx_word' id='word_1_386' title='bbox 2136 1868 2240 1921; x_wconf 91' lang='lat' dir='ltr'><strong>lum</strong></span> <span class='ocrx_word' id='word_1_387' title='bbox 2273 1868 2516 1939; x_wconf 87' lang='lat' dir='ltr'><strong>[recessit</strong></span> <span class='ocrx_word' id='word_1_388' title='bbox 2536 1868 2605 1921; x_wconf 90' lang='lat' dir='ltr'><strong>ab</strong></span> <span class='ocrx_word' id='word_1_389' title='bbox 2628 1869 2708 1923; x_wconf 90' lang='lat' dir='ltr'><strong>eis</strong></span> <span class='ocrx_word' id='word_1_390' title='bbox 2736 1882 2787 1922; x_wconf 90' lang='lat' dir='ltr'><strong>et</strong></span> <span class='ocrx_word' id='word_1_391' title='bbox 2815 1867 3086 1923; x_wconf 79' lang='lat' dir='ltr'><strong>ferebatur</strong></span> <span class='ocrx_word' id='word_1_392' title='bbox 3105 1868 3157 1922; x_wconf 92' lang='lat' dir='ltr'><strong>in</strong></span> <span class='ocrx_word' id='word_1_393' title='bbox 3190 1869 3430 1940; x_wconf 80' lang='lat' dir='ltr'><strong>ctelum].</strong></span> <span class='ocrx_word' id='word_1_394' title='bbox 3459 1870 3680 1926; x_wconf 83' lang='lat' dir='ltr'><strong>Viderunt</strong></span> 
     </span>
    </p>
   </div>
   <div class='ocr_carea' id='block_1_47' title="bbox 2133 1959 3679 2028">
    <p class='ocr_par' dir='ltr' id='par_1_47' title="bbox 2133 1959 3679 2028">
     <span class='ocr_line' id='line_1_47' title="bbox 2133 1959 3679 2028; baseline 0.003 -17"><span class='ocrx_word' id='word_1_395' title='bbox 2133 1974 2261 2028; x_wconf 88' lang='lat' dir='ltr'><strong>ergo</strong></span> <span class='ocrx_word' id='word_1_396' title='bbox 2286 1974 2409 2013; x_wconf 91' lang='lat' dir='ltr'><strong>eum</strong></span> <span class='ocrx_word' id='word_1_397' title='bbox 2435 1972 2628 2028; x_wconf 67' lang='lat' dir='ltr'><strong>praeter</strong></span> <span class='ocrx_word' id='word_1_398' title='bbox 2667 1959 2807 2028; x_wconf 86' lang='lat' dir='ltr'><strong>quod</strong></span> <span class='ocrx_word' id='word_1_399' title='bbox 2839 1959 2891 2013; x_wconf 91' lang='lat' dir='ltr'><strong>in</strong></span> <span class='ocrx_word' id='word_1_400' title='bbox 2937 1971 3078 2014; x_wconf 89' lang='lat' dir='ltr'><strong>terra</strong></span> <span class='ocrx_word' id='word_1_401' title='bbox 3102 1960 3385 2024; x_wconf 89' lang='lat' dir='ltr'><strong>viderant,</strong></span> <span class='ocrx_word' id='word_1_402' title='bbox 3418 1962 3679 2016; x_wconf 85' lang='lat' dir='ltr'><strong>etiamdum</strong></span> 
     </span>
    </p>
   </div>
   <div class='ocr_carea' id='block_1_48' title="bbox 2136 2047 3679 2120">
    <p class='ocr_par' dir='ltr' id='par_1_48' title="bbox 2136 2047 3679 2120">
     <span class='ocr_line' id='line_1_48' title="bbox 2136 2047 3679 2120; baseline 0.005 -22"><span class='ocrx_word' id='word_1_403' title='bbox 2136 2047 2366 2101; x_wconf 90' lang='lat' dir='ltr'><strong>ferretur</strong></span> <span class='ocrx_word' id='word_1_404' title='bbox 2403 2047 2453 2100; x_wconf 92' lang='lat' dir='ltr'><strong>in</strong></span> <span class='ocrx_word' id='word_1_405' title='bbox 2502 2048 2717 2102; x_wconf 66' lang='lat' dir='ltr'><strong>caelum.</strong></span> <span class='ocrx_word' id='word_1_406' title='bbox 2765 2048 2984 2103; x_wconf 85' lang='lat' dir='ltr'><strong>Totiens</strong></span> <span class='ocrx_word' id='word_1_407' title='bbox 3012 2064 3139 2120; x_wconf 84' lang='lat' dir='ltr'><strong>ergo</strong></span> <span class='ocrx_word' id='word_1_408' title='bbox 3189 2050 3242 2103; x_wconf 93' lang='lat' dir='ltr'><strong>in</strong></span> <span class='ocrx_word' id='word_1_409' title='bbox 3277 2051 3591 2120; x_wconf 83' lang='lat' dir='ltr'><strong>Evangelicis</strong></span> <span class='ocrx_word' id='word_1_410' title='bbox 3626 2051 3679 2105; x_wconf 90' lang='lat' dir='ltr'><strong>li-</strong></span> 
     </span>
    </p>
   </div>
   <div class='ocr_carea' id='block_1_49' title="bbox 2135 2137 3677 2211">
    <p class='ocr_par' dir='ltr' id='par_1_49' title="bbox 2135 2137 3677 2211">
     <span class='ocr_line' id='line_1_49' title="bbox 2135 2137 3677 2211; baseline 0.003 -21"><span class='ocrx_word' id='word_1_411' title='bbox 2135 2137 2243 2190; x_wconf 91' lang='lat' dir='ltr'><strong>bris</strong></span> <span class='ocrx_word' id='word_1_412' title='bbox 2259 2147 2711 2192; x_wconf 89' lang='lat' dir='ltr'><strong>commemoratur</strong></span> <span class='ocrx_word' id='word_1_413' title='bbox 2731 2139 2797 2192; x_wconf 90' lang='lat' dir='ltr'><strong>ah</strong></span> <span class='ocrx_word' id='word_1_414' title='bbox 2811 2139 3058 2193; x_wconf 90' lang='lat' dir='ltr'><strong>omnibus</strong></span> <span class='ocrx_word' id='word_1_415' title='bbox 3081 2141 3231 2195; x_wconf 87' lang='lat' dir='ltr'><strong>visus</strong></span> <span class='ocrx_word' id='word_1_416' title='bbox 3243 2152 3516 2211; x_wconf 86' lang='lat' dir='ltr'><strong>antequam</strong></span> <span class='ocrx_word' id='word_1_417' title='bbox 3527 2155 3677 2195; x_wconf 87' lang='lat' dir='ltr'><strong>ascen-</strong></span> 
     </span>
    </p>
   </div>
   <div class='ocr_carea' id='block_1_50' title="bbox 2133 2229 3678 2301">
    <p class='ocr_par' dir='ltr' id='par_1_50' title="bbox 2133 2229 3678 2301">
     <span class='ocr_line' id='line_1_50' title="bbox 2133 2229 3678 2301; baseline 0.003 -16"><span class='ocrx_word' id='word_1_418' title='bbox 2133 2233 2303 2285; x_wconf 89' lang='lat' dir='ltr'><strong>disset</strong></span> <span class='ocrx_word' id='word_1_419' title='bbox 2331 2229 2383 2284; x_wconf 90' lang='lat' dir='ltr'><strong>in</strong></span> <span class='ocrx_word' id='word_1_420' title='bbox 2410 2232 2636 2297; x_wconf 64' lang='lat' dir='ltr'><strong>cadum;</strong></span> <span class='ocrx_word' id='word_1_421' title='bbox 2667 2235 2719 2286; x_wconf 91' lang='lat' dir='ltr'><strong>in</strong></span> <span class='ocrx_word' id='word_1_422' title='bbox 2750 2241 2889 2287; x_wconf 88' lang='lat' dir='ltr'><strong>terra</strong></span> <span class='ocrx_word' id='word_1_423' title='bbox 2925 2233 3132 2287; x_wconf 88' lang='lat' dir='ltr'><strong>scilicet</strong></span> <span class='ocrx_word' id='word_1_424' title='bbox 3155 2235 3346 2288; x_wconf 78' lang='lat' dir='ltr'><strong>novies</strong></span> <span class='ocrx_word' id='word_1_425' title='bbox 3366 2275 3383 2301; x_wconf 87' lang='lat'><strong>,</strong></span> <span class='ocrx_word' id='word_1_426' title='bbox 3428 2234 3550 2290; x_wconf 89' lang='lat' dir='ltr'><strong>etin</strong></span> <span class='ocrx_word' id='word_1_427' title='bbox 3572 2248 3678 2289; x_wconf 78' lang='lat' dir='ltr'><strong>acre</strong></span> 
     </span>
    </p>
   </div>
   <div class='ocr_carea' id='block_1_51' title="bbox 2131 2322 3677 2395">
    <p class='ocr_par' dir='ltr' id='par_1_51' title="bbox 2131 2322 3677 2395">
     <span class='ocr_line' id='line_1_51' title="bbox 2131 2322 3677 2395; baseline 0.003 -19"><span class='ocrx_word' id='word_1_428' title='bbox 2131 2322 2296 2376; x_wconf 87' lang='lat' dir='ltr'><strong>semel</strong></span> <span class='ocrx_word' id='word_1_429' title='bbox 2320 2323 2638 2377; x_wconf 86' lang='lat' dir='ltr'><strong>ascendens.</strong></span> <span class='ocrx_word' id='word_1_430' title='bbox 2675 2324 2779 2379; x_wconf 90' lang='lat' dir='ltr'><strong>Sed</strong></span> <span class='ocrx_word' id='word_1_431' title='bbox 2812 2340 2916 2378; x_wconf 91' lang='lat' dir='ltr'><strong>non</strong></span> <span class='ocrx_word' id='word_1_432' title='bbox 2944 2325 3121 2379; x_wconf 88' lang='lat' dir='ltr'><strong>omnia</strong></span> <span class='ocrx_word' id='word_1_433' title='bbox 3159 2328 3364 2395; x_wconf 84' lang='lat' dir='ltr'><strong>scripta</strong></span> <span class='ocrx_word' id='word_1_434' title='bbox 3385 2338 3529 2392; x_wconf 78' lang='lat' dir='ltr'><strong>sunt,</strong></span> <span class='ocrx_word' id='word_1_435' title='bbox 3558 2329 3677 2382; x_wconf 87' lang='lat' dir='ltr'><strong>sicut</strong></span> 
     </span>
    </p>
   </div>
   <div class='ocr_carea' id='block_1_52' title="bbox 2130 2413 3673 2486">
    <p class='ocr_par' dir='ltr' id='par_1_52' title="bbox 2130 2413 3673 2486">
     <span class='ocr_line' id='line_1_52' title="bbox 2130 2413 3673 2486; baseline 0.003 -19"><span class='ocrx_word' id='word_1_436' title='bbox 2130 2413 2363 2467; x_wconf 81' lang='lat' dir='ltr'><strong>Joannes</strong></span> <span class='ocrx_word' id='word_1_437' title='bbox 2385 2415 2598 2467; x_wconf 89' lang='lat' dir='ltr'><strong>fatetur.</strong></span> <span class='ocrx_word' id='word_1_438' title='bbox 2622 2414 2820 2469; x_wconf 86' lang='lat' dir='ltr'><strong>Crebra</strong></span> <span class='ocrx_word' id='word_1_439' title='bbox 2847 2415 2989 2469; x_wconf 89' lang='lat' dir='ltr'><strong>enim</strong></span> <span class='ocrx_word' id='word_1_440' title='bbox 3020 2426 3135 2470; x_wconf 88' lang='lat' dir='ltr'><strong>erat</strong></span> <span class='ocrx_word' id='word_1_441' title='bbox 3155 2416 3281 2486; x_wconf 84' lang='lat' dir='ltr'><strong>ejus</strong></span> <span class='ocrx_word' id='word_1_442' title='bbox 3308 2432 3425 2472; x_wconf 90' lang='lat' dir='ltr'><strong>cum</strong></span> <span class='ocrx_word' id='word_1_443' title='bbox 3452 2417 3546 2471; x_wconf 90' lang='lat' dir='ltr'><strong>illis</strong></span> <span class='ocrx_word' id='word_1_444' title='bbox 3564 2431 3673 2471; x_wconf 87' lang='lat' dir='ltr'><strong>con-</strong></span> 
     </span>
    </p>
   </div>
   <div class='ocr_carea' id='block_1_53' title="bbox 2130 2504 3671 2577">
    <p class='ocr_par' dir='ltr' id='par_1_53' title="bbox 2130 2504 3671 2577">
     <span class='ocr_line' id='line_1_53' title="bbox 2130 2504 3671 2577; baseline 0.002 -19"><span class='ocrx_word' id='word_1_445' title='bbox 2130 2506 2367 2559; x_wconf 87' lang='lat' dir='ltr'><strong>versatio</strong></span> <span class='ocrx_word' id='word_1_446' title='bbox 2394 2520 2488 2574; x_wconf 87' lang='lat' dir='ltr'><strong>per</strong></span> <span class='ocrx_word' id='word_1_447' title='bbox 2516 2504 2629 2559; x_wconf 85' lang='lat' dir='ltr'><strong>dies</strong></span> <span class='ocrx_word' id='word_1_448' title='bbox 2669 2506 3019 2575; x_wconf 82' lang='lat' dir='ltr'><strong>quadraginta</strong></span> <span class='ocrx_word' id='word_1_449' title='bbox 3043 2507 3353 2577; x_wconf 89' lang='lat' dir='ltr'><strong>priusquam</strong></span> <span class='ocrx_word' id='word_1_450' title='bbox 3377 2509 3671 2563; x_wconf 87' lang='lat' dir='ltr'><strong>ascendisset</strong></span> 
     </span>
    </p>
   </div>
   <div class='ocr_carea' id='block_1_54' title="bbox 2131 2596 3673 2669">
    <p class='ocr_par' dir='ltr' id='par_1_54' title="bbox 2131 2596 3673 2669">
     <span class='ocr_line' id='line_1_54' title="bbox 2131 2596 3673 2669; baseline 0.001 -20"><span class='ocrx_word' id='word_1_451' title='bbox 2131 2596 2184 2649; x_wconf 90' lang='lat' dir='ltr'><strong>in</strong></span> <span class='ocrx_word' id='word_1_452' title='bbox 2210 2596 2427 2661; x_wconf 74' lang='lat' dir='ltr'><strong>ctelum,</strong></span> <span class='ocrx_word' id='word_1_453' title='bbox 2454 2611 2556 2649; x_wconf 93' lang='lat' dir='ltr'><strong>non</strong></span> <span class='ocrx_word' id='word_1_454' title='bbox 2584 2606 2758 2649; x_wconf 88' lang='lat' dir='ltr'><strong>tamen</strong></span> <span class='ocrx_word' id='word_1_455' title='bbox 2782 2596 2860 2650; x_wconf 80' lang='lat' dir='ltr'><strong>eis</strong></span> <span class='ocrx_word' id='word_1_456' title='bbox 2889 2611 2981 2665; x_wconf 89' lang='lat' dir='ltr'><strong>per</strong></span> <span class='ocrx_word' id='word_1_457' title='bbox 3005 2611 3201 2651; x_wconf 88' lang='lat' dir='ltr'><strong>omnes</strong></span> <span class='ocrx_word' id='word_1_458' title='bbox 3228 2598 3555 2669; x_wconf 85' lang='lat' dir='ltr'><strong>quadraginta</strong></span> <span class='ocrx_word' id='word_1_459' title='bbox 3577 2598 3673 2651; x_wconf 83' lang='lat' dir='ltr'><strong>dies</strong></span> 
     </span>
    </p>
   </div>
   <div class='ocr_carea' id='block_1_55' title="bbox 2130 2688 3670 2760">
    <p class='ocr_par' dir='ltr' id='par_1_55' title="bbox 2130 2688 3670 2760">
     <span class='ocr_line' id='line_1_55' title="bbox 2130 2688 3670 2760; baseline 0.001 -18"><span class='ocrx_word' id='word_1_460' title='bbox 2130 2688 2395 2743; x_wconf 91' lang='lat' dir='ltr'><strong>continuis</strong></span> <span class='ocrx_word' id='word_1_461' title='bbox 2408 2698 2748 2759; x_wconf 80' lang='lat' dir='ltr'><strong>apparuerat.</strong></span> <span class='ocrx_word' id='word_1_462' title='bbox 2769 2688 2895 2742; x_wconf 77' lang='lat' dir='ltr'><strong>Nam</strong></span> <span class='ocrx_word' id='word_1_463' title='bbox 2912 2700 3027 2757; x_wconf 90' lang='lat' dir='ltr'><strong>post</strong></span> <span class='ocrx_word' id='word_1_464' title='bbox 3043 2690 3186 2745; x_wconf 90' lang='lat' dir='ltr'><strong>diem</strong></span> <span class='ocrx_word' id='word_1_465' title='bbox 3213 2693 3434 2760; x_wconf 91' lang='lat' dir='ltr'><strong>primum</strong></span> <span class='ocrx_word' id='word_1_466' title='bbox 3450 2705 3670 2745; x_wconf 48' lang='lat' dir='ltr'><strong>resurrec.</strong></span> 
     </span>
    </p>
   </div>
   <div class='ocr_carea' id='block_1_56' title="bbox 2132 2780 3666 2849">
    <p class='ocr_par' dir='ltr' id='par_1_56' title="bbox 2132 2780 3666 2849">
     <span class='ocr_line' id='line_1_56' title="bbox 2132 2780 3666 2849; baseline 0.001 -16"><span class='ocrx_word' id='word_1_467' title='bbox 2132 2780 2291 2833; x_wconf 87' lang='lat' dir='ltr'><strong>tionis</strong></span> <span class='ocrx_word' id='word_1_468' title='bbox 2308 2782 2422 2849; x_wconf 87' lang='lat' dir='ltr'><strong>ejus</strong></span> <span class='ocrx_word' id='word_1_469' title='bbox 2447 2821 2463 2847; x_wconf 94' lang='lat'><strong>,</strong></span> <span class='ocrx_word' id='word_1_470' title='bbox 2487 2781 2619 2834; x_wconf 88' lang='lat' dir='ltr'><strong>alios</strong></span> <span class='ocrx_word' id='word_1_471' title='bbox 2646 2790 2768 2835; x_wconf 89' lang='lat' dir='ltr'><strong>octo</strong></span> <span class='ocrx_word' id='word_1_472' title='bbox 2792 2780 2908 2835; x_wconf 91' lang='lat' dir='ltr'><strong>dies</strong></span> <span class='ocrx_word' id='word_1_473' title='bbox 2925 2781 3285 2836; x_wconf 84' lang='lat' dir='ltr'><strong>intervenisse</strong></span> <span class='ocrx_word' id='word_1_474' title='bbox 3308 2783 3666 2844; x_wconf 79' lang='lat' dir='ltr'><strong>dicitluannes,</strong></span> 
     </span>
    </p>
   </div>
   <div class='ocr_carea' id='block_1_57' title="bbox 2134 2873 3668 2942">
    <p class='ocr_par' dir='ltr' id='par_1_57' title="bbox 2134 2873 3668 2942">
     <span class='ocr_line' id='line_1_57' title="bbox 2134 2873 3668 2942; baseline 0.001 -19"><span class='ocrx_word' id='word_1_475' title='bbox 2134 2882 2253 2938; x_wconf 87' lang='lat' dir='ltr'><strong>post</strong></span> <span class='ocrx_word' id='word_1_476' title='bbox 2282 2886 2419 2942; x_wconf 90' lang='lat' dir='ltr'><strong>quos</strong></span> <span class='ocrx_word' id='word_1_477' title='bbox 2446 2873 2525 2928; x_wconf 89' lang='lat' dir='ltr'><strong>eis</strong></span> <span class='ocrx_word' id='word_1_478' title='bbox 2554 2888 2739 2927; x_wconf 89' lang='lat' dir='ltr'><strong>rursus</strong></span> <span class='ocrx_word' id='word_1_479' title='bbox 2768 2874 3033 2942; x_wconf 76' lang='lat' dir='ltr'><strong>apparuit,</strong></span> <span class='ocrx_word' id='word_1_480' title='bbox 3067 2874 3235 2928; x_wconf 91' lang='lat' dir='ltr'><strong>tertio</strong></span> <span class='ocrx_word' id='word_1_481' title='bbox 3264 2885 3433 2928; x_wconf 87' lang='lat' dir='ltr'><strong>autem</strong></span> <span class='ocrx_word' id='word_1_482' title='bbox 3463 2873 3520 2927; x_wconf 89' lang='lat' dir='ltr'><strong>ad</strong></span> <span class='ocrx_word' id='word_1_483' title='bbox 3548 2886 3668 2926; x_wconf 80' lang='lat' dir='ltr'><strong>mare</strong></span> 
     </span>
    </p>
   </div>
   <div class='ocr_carea' id='block_1_58' title="bbox 2130 2961 3667 3033">
    <p class='ocr_par' dir='ltr' id='par_1_58' title="bbox 2130 2961 3667 3033">
     <span class='ocr_line' id='line_1_58' title="bbox 2130 2961 3667 3033; baseline -0.001 -18"><span class='ocrx_word' id='word_1_484' title='bbox 2130 2961 2430 3016; x_wconf 74' lang='lat' dir='ltr'><strong>&#39;l‘ibvriadis</strong></span> <span class='ocrx_word' id='word_1_485' title='bbox 2457 3004 2471 3026; x_wconf 85' lang='lat'><strong>,</strong></span> <span class='ocrx_word' id='word_1_486' title='bbox 2512 2961 2751 3017; x_wconf 80' lang='lat' dir='ltr'><strong>fortassis</strong></span> <span class='ocrx_word' id='word_1_487' title='bbox 2789 2963 3044 3018; x_wconf 89' lang='lat' dir='ltr'><strong>continuo</strong></span> <span class='ocrx_word' id='word_1_488' title='bbox 3083 2964 3436 3033; x_wconf 83' lang='lat' dir='ltr'><strong>consequenti</strong></span> <span class='ocrx_word' id='word_1_489' title='bbox 3463 2963 3559 3017; x_wconf 88' lang='lat' dir='ltr'><strong>die.</strong></span> <span class='ocrx_word' id='word_1_490' title='bbox 3595 2961 3667 3015; x_wconf 83' lang='lat' dir='ltr'><strong>Ni-</strong></span> 
     </span>
    </p>
   </div>
   <div class='ocr_carea' id='block_1_59' title="bbox 455 3039 3665 3124">
    <p class='ocr_par' dir='ltr' id='par_1_59' title="bbox 455 3039 3665 3124">
     <span class='ocr_line' id='line_1_59' title="bbox 455 3039 3665 3124; baseline 0 -20"><span class='ocrx_word' id='word_1_491' title='bbox 455 3058 619 3118; x_wconf 89' lang='lat' dir='ltr'><strong>sunt,</strong></span> <span class='ocrx_word' id='word_1_492' title='bbox 670 3068 789 3106; x_wconf 88' lang='lat' dir='ltr'><strong>cum</strong></span> <span class='ocrx_word' id='word_1_493' title='bbox 831 3053 947 3106; x_wconf 91' lang='lat' dir='ltr'><strong>solo</strong></span> <span class='ocrx_word' id='word_1_494' title='bbox 984 3052 1139 3107; x_wconf 80' lang='lat' dir='ltr'><strong>Esaia</strong></span> <span class='ocrx_word' id='word_1_495' title='bbox 1188 3054 1426 3107; x_wconf 88' lang='lat' dir='ltr'><strong>tradatur</strong></span> <span class='ocrx_word' id='word_1_496' title='bbox 1465 3051 1606 3124; x_wconf 83' lang='lat' dir='ltr'><strong>[cum</strong></span> <span class='ocrx_word' id='word_1_497' title='bbox 1634 3052 1702 3108; x_wconf 89' lang='lat' dir='ltr'><strong>de</strong></span> <span class='ocrx_word' id='word_1_498' title='bbox 1722 3053 1840 3107; x_wconf 90' lang='lat' dir='ltr'><strong>solo</strong></span> <span class='ocrx_word' id='word_1_499' title='bbox 1871 3053 2025 3107; x_wconf 89' lang='lat' dir='ltr'><strong>Esaia</strong></span> <span class='ocrx_word' id='word_1_500' title='bbox 2052 3039 2097 3097; x_wconf 72' lang='grc' dir='ltr'>-Ο</span> <span class='ocrx_word' id='word_1_501' title='bbox 2132 3052 2204 3106; x_wconf 87' lang='lat' dir='ltr'><strong>hil</strong></span> <span class='ocrx_word' id='word_1_502' title='bbox 2233 3054 2375 3107; x_wconf 91' lang='lat' dir='ltr'><strong>enim</strong></span> <span class='ocrx_word' id='word_1_503' title='bbox 2407 3062 2693 3124; x_wconf 85' lang='lat' dir='ltr'><strong>repugnat.</strong></span> <span class='ocrx_word' id='word_1_504' title='bbox 2724 3062 2779 3108; x_wconf 90' lang='lat' dir='ltr'><strong>et</strong></span> <span class='ocrx_word' id='word_1_505' title='bbox 2808 3053 2999 3108; x_wconf 87' lang='lat' dir='ltr'><strong>deinde</strong></span> <span class='ocrx_word' id='word_1_506' title='bbox 3029 3055 3253 3122; x_wconf 90' lang='lat' dir='ltr'><strong>quando</strong></span> <span class='ocrx_word' id='word_1_507' title='bbox 3284 3054 3470 3116; x_wconf 88' lang='lat' dir='ltr'><strong>voluit,</strong></span> <span class='ocrx_word' id='word_1_508' title='bbox 3501 3052 3665 3106; x_wconf 84' lang='lat' dir='ltr'><strong>consti-</strong></span> 
     </span>
    </p>
   </div>
   <div class='ocr_carea' id='block_1_60' title="bbox 455 3138 2028 3211">
    <p class='ocr_par' dir='ltr' id='par_1_60' title="bbox 455 3138 2028 3211">
     <span class='ocr_line' id='line_1_60' title="bbox 455 3138 2028 3211; baseline 0.004 -19"><span class='ocrx_word' id='word_1_509' title='bbox 455 3138 735 3211; x_wconf 91' lang='lat' dir='ltr'><strong>tradatur].</strong></span> <span class='ocrx_word' id='word_1_510' title='bbox 766 3139 819 3193; x_wconf 91' lang='lat' dir='ltr'><strong><em>In</em></strong></span> <span class='ocrx_word' id='word_1_511' title='bbox 852 3142 1059 3210; x_wconf 91' lang='lat' dir='ltr'><strong>psalmo</strong></span> <span class='ocrx_word' id='word_1_512' title='bbox 1081 3143 1241 3195; x_wconf 77' lang='lat' dir='ltr'><strong>etiam</strong></span> <span class='ocrx_word' id='word_1_513' title='bbox 1272 3142 1413 3210; x_wconf 87' lang='lat' dir='ltr'><strong>quod</strong></span> <span class='ocrx_word' id='word_1_514' title='bbox 1440 3141 1638 3195; x_wconf 88' lang='lat' dir='ltr'><strong>dictum</strong></span> <span class='ocrx_word' id='word_1_515' title='bbox 1669 3150 1753 3196; x_wconf 91' lang='lat' dir='ltr'><strong>est</strong></span> <span class='ocrx_word' id='word_1_516' title='bbox 1782 3160 1795 3195; x_wconf 93' lang='lat'>:</span> <span class='ocrx_word' id='word_1_517' title='bbox 1830 3144 2028 3198; x_wconf 85' lang='lat' dir='ltr'><strong>Astite-</strong></span> 
     </span>
    </p>
   </div>
   <div class='ocr_carea' id='block_1_61' title="bbox 454 3233 2027 3301">
    <p class='ocr_par' dir='ltr' id='par_1_61' title="bbox 454 3233 2027 3301">
     <span class='ocr_line' id='line_1_61' title="bbox 454 3233 2027 3301; baseline 0.003 -20"><span class='ocrx_word' id='word_1_518' title='bbox 454 3237 579 3282; x_wconf 88' lang='lat' dir='ltr'><strong>runt</strong></span> <span class='ocrx_word' id='word_1_519' title='bbox 600 3245 749 3297; x_wconf 86' lang='lat' dir='ltr'><strong>reges</strong></span> <span class='ocrx_word' id='word_1_520' title='bbox 777 3241 953 3291; x_wconf 66' lang='lat' dir='ltr'><strong>terrae,</strong></span> <span class='ocrx_word' id='word_1_521' title='bbox 986 3243 1037 3285; x_wconf 91' lang='lat' dir='ltr'><strong>et</strong></span> <span class='ocrx_word' id='word_1_522' title='bbox 1064 3233 1332 3301; x_wconf 71' lang='lat' dir='ltr'><strong>principes</strong></span> <span class='ocrx_word' id='word_1_523' title='bbox 1354 3242 1719 3287; x_wconf 77' lang='lat' dir='ltr'><strong>convener-unt</strong></span> <span class='ocrx_word' id='word_1_524' title='bbox 1741 3233 1795 3286; x_wconf 91' lang='lat' dir='ltr'><strong>in</strong></span> <span class='ocrx_word' id='word_1_525' title='bbox 1824 3249 1986 3287; x_wconf 91' lang='lat' dir='ltr'><strong>unum</strong></span> <span class='ocrx_word' id='word_1_526' title='bbox 2009 3248 2027 3286; x_wconf 89' lang='lat'><strong><em>:</em></strong></span> 
     </span>
    </p>
   </div>
   <div class='ocr_carea' id='block_1_62' title="bbox 455 3318 2023 3391">
    <p class='ocr_par' dir='ltr' id='par_1_62' title="bbox 455 3318 2023 3391">
     <span class='ocr_line' id='line_1_62' title="bbox 455 3318 2023 3391; baseline 0.008 -24"><span class='ocrx_word' id='word_1_527' title='bbox 455 3318 710 3386; x_wconf 85' lang='lat' dir='ltr'><strong>pluralem</strong></span> <span class='ocrx_word' id='word_1_528' title='bbox 741 3336 1013 3374; x_wconf 85' lang='lat' dir='ltr'><strong>numerum</strong></span> <span class='ocrx_word' id='word_1_529' title='bbox 1040 3336 1136 3388; x_wconf 92' lang='lat' dir='ltr'><strong>pro</strong></span> <span class='ocrx_word' id='word_1_530' title='bbox 1163 3321 1420 3390; x_wconf 84' lang='lat' dir='ltr'><strong>singulari</strong></span> <span class='ocrx_word' id='word_1_531' title='bbox 1440 3324 1690 3391; x_wconf 88' lang='lat' dir='ltr'><strong>positum,</strong></span> <span class='ocrx_word' id='word_1_532' title='bbox 1726 3325 1777 3377; x_wconf 94' lang='lat' dir='ltr'><strong>in</strong></span> <span class='ocrx_word' id='word_1_533' title='bbox 1804 3325 2023 3379; x_wconf 80' lang='lat' dir='ltr'><strong>Actibus</strong></span> 
     </span>
    </p>
   </div>
   <div class='ocr_carea' id='block_1_63' title="bbox 452 3409 2019 3482">
    <p class='ocr_par' dir='ltr' id='par_1_63' title="bbox 452 3409 2019 3482">
     <span class='ocr_line' id='line_1_63' title="bbox 452 3409 2019 3482; baseline 0.006 -22"><span class='ocrx_word' id='word_1_534' title='bbox 452 3409 813 3479; x_wconf 79' lang='lat' dir='ltr'><strong>apostolorum</strong></span> <span class='ocrx_word' id='word_1_535' title='bbox 836 3413 1140 3478; x_wconf 81' lang='lat' dir='ltr'><strong>exponitur.</strong></span> <span class='ocrx_word' id='word_1_536' title='bbox 1165 3412 1295 3464; x_wconf 84' lang='lat' dir='ltr'><strong>Nam</strong></span> <span class='ocrx_word' id='word_1_537' title='bbox 1320 3428 1471 3481; x_wconf 84' lang='lat' dir='ltr'><strong>reges</strong></span> <span class='ocrx_word' id='word_1_538' title='bbox 1496 3423 1711 3482; x_wconf 87' lang='lat' dir='ltr'><strong>propter</strong></span> <span class='ocrx_word' id='word_1_539' title='bbox 1734 3415 2019 3479; x_wconf 83' lang='lat' dir='ltr'><strong>Herodem,</strong></span> 
     </span>
    </p>
   </div>
   <div class='ocr_carea' id='block_1_64' title="bbox 456 3499 2023 3574">
    <p class='ocr_par' dir='ltr' id='par_1_64' title="bbox 456 3499 2023 3574">
     <span class='ocr_line' id='line_1_64' title="bbox 456 3499 2023 3574; baseline 0.006 -24"><span class='ocrx_word' id='word_1_540' title='bbox 456 3499 722 3567; x_wconf 79' lang='lat' dir='ltr'><strong>principes</strong></span> <span class='ocrx_word' id='word_1_541' title='bbox 773 3510 989 3568; x_wconf 88' lang='lat' dir='ltr'><strong>propter</strong></span> <span class='ocrx_word' id='word_1_542' title='bbox 1020 3502 1245 3555; x_wconf 86' lang='lat' dir='ltr'><strong>Pilatum</strong></span> <span class='ocrx_word' id='word_1_543' title='bbox 1291 3503 1710 3568; x_wconf 75' lang='lat' dir='ltr'><strong>intellexerunt,</strong></span> <span class='ocrx_word' id='word_1_544' title='bbox 1742 3506 1830 3574; x_wconf 92' lang='lat' dir='ltr'><strong>qui</strong></span> <span class='ocrx_word' id='word_1_545' title='bbox 1875 3507 2023 3560; x_wconf 86' lang='lat' dir='ltr'><strong>testi-</strong></span> 
     </span>
    </p>
   </div>
   <div class='ocr_carea' id='block_1_65' title="bbox 453 3590 2019 3666">
    <p class='ocr_par' dir='ltr' id='par_1_65' title="bbox 453 3590 2019 3666">
     <span class='ocr_line' id='line_1_65' title="bbox 453 3590 2019 3666; baseline 0.003 -20"><span class='ocrx_word' id='word_1_546' title='bbox 453 3590 690 3646; x_wconf 90' lang='lat' dir='ltr'><strong>monium</strong></span> <span class='ocrx_word' id='word_1_547' title='bbox 719 3591 836 3660; x_wconf 84' lang='lat' dir='ltr'><strong>ejus</strong></span> <span class='ocrx_word' id='word_1_548' title='bbox 862 3593 1045 3660; x_wconf 88' lang='lat' dir='ltr'><strong>psalmi</strong></span> <span class='ocrx_word' id='word_1_549' title='bbox 1076 3593 1450 3648; x_wconf 90' lang='lat' dir='ltr'><strong>adhibuerunt.</strong></span> <span class='ocrx_word' id='word_1_550' title='bbox 1470 3595 1575 3649; x_wconf 89' lang='lat' dir='ltr'><strong>Sed</strong></span> <span class='ocrx_word' id='word_1_551' title='bbox 1595 3598 1715 3663; x_wconf 91' lang='lat' dir='ltr'><strong>quia</strong></span> <span class='ocrx_word' id='word_1_552' title='bbox 1747 3604 1800 3649; x_wconf 88' lang='lat' dir='ltr'><strong>et</strong></span> <span class='ocrx_word' id='word_1_553' title='bbox 1830 3599 2019 3666; x_wconf 87' lang='lat' dir='ltr'><strong>pagani</strong></span> 
     </span>
    </p>
   </div>
   <div class='ocr_carea' id='block_1_66' title="bbox 451 3683 2022 3757">
    <p class='ocr_par' dir='ltr' id='par_1_66' title="bbox 451 3683 2022 3757">
     <span class='ocr_line' id='line_1_66' title="bbox 451 3683 2022 3757; baseline 0.004 -20"><span class='ocrx_word' id='word_1_554' title='bbox 451 3684 627 3737; x_wconf 82' lang='lat' dir='ltr'><strong>Sulelll.</strong></span> <span class='ocrx_word' id='word_1_555' title='bbox 653 3683 965 3737; x_wconf 76' lang='lat' dir='ltr'><strong>(alumniari</strong></span> <span class='ocrx_word' id='word_1_556' title='bbox 1006 3684 1351 3754; x_wconf 84' lang='lat' dir='ltr'><strong>Evangelium</strong></span> <span class='ocrx_word' id='word_1_557' title='bbox 1380 3728 1391 3747; x_wconf 85' lang='lat'><strong>,</strong></span> <span class='ocrx_word' id='word_1_558' title='bbox 1433 3687 1646 3741; x_wconf 87' lang='lat' dir='ltr'><strong>videant</strong></span> <span class='ocrx_word' id='word_1_559' title='bbox 1676 3689 2022 3757; x_wconf 86' lang='lat' dir='ltr'><strong>quemadmo-</strong></span> 
     </span>
    </p>
   </div>
   <div class='ocr_carea' id='block_1_67' title="bbox 451 3774 2015 3844">
    <p class='ocr_par' dir='ltr' id='par_1_67' title="bbox 451 3774 2015 3844">
     <span class='ocr_line' id='line_1_67' title="bbox 451 3774 2015 3844; baseline 0.004 -17"><span class='ocrx_word' id='word_1_560' title='bbox 451 3777 577 3827; x_wconf 90' lang='lat' dir='ltr'><strong>dum</strong></span> <span class='ocrx_word' id='word_1_561' title='bbox 610 3774 769 3827; x_wconf 83' lang='lat' dir='ltr'><strong>locuti</strong></span> <span class='ocrx_word' id='word_1_562' title='bbox 798 3785 922 3828; x_wconf 91' lang='lat' dir='ltr'><strong>sunt</strong></span> <span class='ocrx_word' id='word_1_563' title='bbox 957 3785 1204 3829; x_wconf 87' lang='lat' dir='ltr'><strong>auctores</strong></span> <span class='ocrx_word' id='word_1_564' title='bbox 1230 3791 1412 3830; x_wconf 89' lang='lat' dir='ltr'><strong>eorum</strong></span> <span class='ocrx_word' id='word_1_565' title='bbox 1448 3777 1699 3831; x_wconf 80' lang='lat' dir='ltr'><strong>Phacdras</strong></span> <span class='ocrx_word' id='word_1_566' title='bbox 1724 3820 1737 3843; x_wconf 93' lang='lat'><strong>,</strong></span> <span class='ocrx_word' id='word_1_567' title='bbox 1768 3779 1978 3833; x_wconf 79' lang='lat' dir='ltr'><strong>Medeas</strong></span> <span class='ocrx_word' id='word_1_568' title='bbox 1999 3820 2015 3844; x_wconf 94' lang='lat'><strong>,</strong></span> 
     </span>
    </p>
   </div>
   <div class='ocr_carea' id='block_1_68' title="bbox 449 3866 2020 3937">
    <p class='ocr_par' dir='ltr' id='par_1_68' title="bbox 449 3866 2020 3937">
     <span class='ocr_line' id='line_1_68' title="bbox 449 3866 2020 3937; baseline 0.006 -19"><span class='ocrx_word' id='word_1_569' title='bbox 449 3866 887 3932; x_wconf 79' lang='lat' dir='ltr'><strong>Clytemnestras,</strong></span> <span class='ocrx_word' id='word_1_570' title='bbox 918 3882 1038 3920; x_wconf 88' lang='lat' dir='ltr'><strong>cum</strong></span> <span class='ocrx_word' id='word_1_571' title='bbox 1061 3868 1281 3937; x_wconf 85' lang='lat' dir='ltr'><strong>singqu</strong></span> <span class='ocrx_word' id='word_1_572' title='bbox 1307 3867 1520 3923; x_wconf 84' lang='lat' dir='ltr'><strong>fuerint.</strong></span> <span class='ocrx_word' id='word_1_573' title='bbox 1545 3870 1680 3937; x_wconf 86' lang='lat' dir='ltr'><strong>Quid</strong></span> <span class='ocrx_word' id='word_1_574' title='bbox 1704 3882 1881 3926; x_wconf 88' lang='lat' dir='ltr'><strong>autem</strong></span> <span class='ocrx_word' id='word_1_575' title='bbox 1908 3875 2020 3928; x_wconf 86' lang='lat' dir='ltr'><strong>usi-</strong></span> 
     </span>
    </p>
   </div>
   <div class='ocr_carea' id='block_1_69' title="bbox 451 3958 2017 4031">
    <p class='ocr_par' dir='ltr' id='par_1_69' title="bbox 451 3958 2017 4031">
     <span class='ocr_line' id='line_1_69' title="bbox 451 3958 2017 4031; baseline 0.01 -25"><span class='ocrx_word' id='word_1_576' title='bbox 451 3958 632 4021; x_wconf 89' lang='lat' dir='ltr'><strong>tatius,</strong></span> <span class='ocrx_word' id='word_1_577' title='bbox 661 3958 809 4011; x_wconf 89' lang='lat' dir='ltr'><strong>verbi</strong></span> <span class='ocrx_word' id='word_1_578' title='bbox 837 3958 1028 4025; x_wconf 89' lang='lat' dir='ltr'><strong>gratia,</strong></span> <span class='ocrx_word' id='word_1_579' title='bbox 1055 3973 1211 4028; x_wconf 89' lang='lat' dir='ltr'><strong>quam</strong></span> <span class='ocrx_word' id='word_1_580' title='bbox 1242 3969 1296 4014; x_wconf 90' lang='lat' dir='ltr'><strong>ut</strong></span> <span class='ocrx_word' id='word_1_581' title='bbox 1326 3960 1468 4015; x_wconf 87' lang='lat' dir='ltr'><strong>dicat</strong></span> <span class='ocrx_word' id='word_1_582' title='bbox 1496 3964 1707 4031; x_wconf 88' lang='lat' dir='ltr'><strong>aliquis,</strong></span> <span class='ocrx_word' id='word_1_583' title='bbox 1740 3966 1807 4019; x_wconf 85' lang='lat' dir='ltr'><strong>Et</strong></span> <span class='ocrx_word' id='word_1_584' title='bbox 1836 3967 2017 4021; x_wconf 88' lang='lat' dir='ltr'><strong>rustici</strong></span> 
     </span>
    </p>
   </div>
   <div class='ocr_carea' id='block_1_70' title="bbox 450 4047 2018 4114">
    <p class='ocr_par' dir='ltr' id='par_1_70' title="bbox 450 4047 2018 4114">
     <span class='ocr_line' id='line_1_70' title="bbox 450 4047 2018 4114; baseline 0.004 -10"><span class='ocrx_word' id='word_1_585' title='bbox 450 4047 579 4104; x_wconf 91' lang='lat' dir='ltr'><strong>mibi</strong></span> <span class='ocrx_word' id='word_1_586' title='bbox 608 4049 883 4114; x_wconf 78' lang='lat' dir='ltr'><strong>insultant,</strong></span> <span class='ocrx_word' id='word_1_587' title='bbox 913 4047 1075 4103; x_wconf 84' lang='lat' dir='ltr'><strong>etiam</strong></span> <span class='ocrx_word' id='word_1_588' title='bbox 1103 4049 1149 4103; x_wconf 91' lang='lat' dir='ltr'><strong>si</strong></span> <span class='ocrx_word' id='word_1_589' title='bbox 1179 4065 1315 4104; x_wconf 92' lang='lat' dir='ltr'><strong>unus</strong></span> <span class='ocrx_word' id='word_1_590' title='bbox 1336 4052 1572 4107; x_wconf 87' lang='lat' dir='ltr'><strong>insultet.</strong></span> <span class='ocrx_word' id='word_1_591' title='bbox 1599 4054 1748 4108; x_wconf 90' lang='lat' dir='ltr'><strong>Tunc</strong></span> <span class='ocrx_word' id='word_1_592' title='bbox 1768 4055 1908 4109; x_wconf 90' lang='lat' dir='ltr'><strong>enim</strong></span> <span class='ocrx_word' id='word_1_593' title='bbox 1932 4073 2018 4111; x_wconf 86' lang='lat' dir='ltr'><strong>es-</strong></span> 
     </span>
    </p>
   </div>
   <div class='ocr_carea' id='block_1_71' title="bbox 451 4139 2020 4211">
    <p class='ocr_par' dir='ltr' id='par_1_71' title="bbox 451 4139 2020 4211">
     <span class='ocr_line' id='line_1_71' title="bbox 451 4139 2020 4211; baseline 0.006 -17"><span class='ocrx_word' id='word_1_594' title='bbox 451 4151 532 4194; x_wconf 88' lang='lat' dir='ltr'><strong>set</strong></span> <span class='ocrx_word' id='word_1_595' title='bbox 555 4139 879 4193; x_wconf 78' lang='lat' dir='ltr'><strong>coatrarium</strong></span> <span class='ocrx_word' id='word_1_596' title='bbox 902 4141 1045 4209; x_wconf 93' lang='lat' dir='ltr'><strong>quod</strong></span> <span class='ocrx_word' id='word_1_597' title='bbox 1078 4141 1249 4196; x_wconf 87' lang='lat' dir='ltr'><strong>Lucas</strong></span> <span class='ocrx_word' id='word_1_598' title='bbox 1275 4142 1452 4197; x_wconf 86' lang='lat' dir='ltr'><strong>denuo</strong></span> <span class='ocrx_word' id='word_1_599' title='bbox 1474 4144 1851 4211; x_wconf 72' lang='lat' dir='ltr'><strong>manifestavit,</strong></span> <span class='ocrx_word' id='word_1_600' title='bbox 1876 4148 1918 4201; x_wconf 90' lang='lat' dir='ltr'><strong>si</strong></span> <span class='ocrx_word' id='word_1_601' title='bbox 1942 4149 2020 4204; x_wconf 88' lang='lat' dir='ltr'><strong>illi</strong></span> 
     </span>
    </p>
   </div>
   <div class='ocr_carea' id='block_1_72' title="bbox 449 4233 2019 4304">
    <p class='ocr_par' dir='ltr' id='par_1_72' title="bbox 449 4233 2019 4304">
     <span class='ocr_line' id='line_1_72' title="bbox 449 4233 2019 4304; baseline 0.004 -17"><span class='ocrx_word' id='word_1_602' title='bbox 449 4234 710 4287; x_wconf 79' lang='lat' dir='ltr'><strong>dixissent</strong></span> <span class='ocrx_word' id='word_1_603' title='bbox 756 4233 942 4287; x_wconf 88' lang='lat' dir='ltr'><strong>ambos</strong></span> <span class='ocrx_word' id='word_1_604' title='bbox 982 4233 1221 4289; x_wconf 86' lang='lat' dir='ltr'><strong>latrones</strong></span> <span class='ocrx_word' id='word_1_605' title='bbox 1271 4236 1597 4290; x_wconf 84' lang='lat' dir='ltr'><strong>conviciatos</strong></span> <span class='ocrx_word' id='word_1_606' title='bbox 1645 4238 1901 4304; x_wconf 87' lang='lat' dir='ltr'><strong>Domino;</strong></span> <span class='ocrx_word' id='word_1_607' title='bbox 1950 4242 2019 4294; x_wconf 89' lang='lat' dir='ltr'><strong>ita</strong></span> 
     </span>
    </p>
   </div>
   <div class='ocr_carea' id='block_1_73' title="bbox 449 4326 2016 4401">
    <p class='ocr_par' dir='ltr' id='par_1_73' title="bbox 449 4326 2016 4401">
     <span class='ocr_line' id='line_1_73' title="bbox 449 4326 2016 4401; baseline 0.003 -20"><span class='ocrx_word' id='word_1_608' title='bbox 449 4328 591 4381; x_wconf 89' lang='lat' dir='ltr'><strong>enim</strong></span> <span class='ocrx_word' id='word_1_609' title='bbox 638 4341 741 4379; x_wconf 93' lang='lat' dir='ltr'><strong>non</strong></span> <span class='ocrx_word' id='word_1_610' title='bbox 783 4335 961 4393; x_wconf 90' lang='lat' dir='ltr'><strong>posset</strong></span> <span class='ocrx_word' id='word_1_611' title='bbox 990 4326 1088 4380; x_wconf 91' lang='lat' dir='ltr'><strong>sub</strong></span> <span class='ocrx_word' id='word_1_612' title='bbox 1118 4342 1337 4382; x_wconf 90' lang='lat' dir='ltr'><strong>numero</strong></span> <span class='ocrx_word' id='word_1_613' title='bbox 1369 4328 1558 4397; x_wconf 83' lang='lat' dir='ltr'><strong>plurali</strong></span> <span class='ocrx_word' id='word_1_614' title='bbox 1611 4344 1747 4383; x_wconf 91' lang='lat' dir='ltr'><strong>unus</strong></span> <span class='ocrx_word' id='word_1_615' title='bbox 1776 4331 2016 4401; x_wconf 89' lang='lat' dir='ltr'><strong>intelligi.</strong></span> 
     </span>
    </p>
   </div>
   <div class='ocr_carea' id='block_1_74' title="bbox 2132 3142 3665 3213">
    <p class='ocr_par' dir='ltr' id='par_1_74' title="bbox 2132 3142 3665 3213">
     <span class='ocr_line' id='line_1_74' title="bbox 2132 3142 3665 3213; baseline -0.001 -17"><span class='ocrx_word' id='word_1_616' title='bbox 2132 3153 2287 3200; x_wconf 90' lang='lat' dir='ltr'><strong>tuens</strong></span> <span class='ocrx_word' id='word_1_617' title='bbox 2331 3144 2408 3200; x_wconf 89' lang='lat' dir='ltr'><strong>eis</strong></span> <span class='ocrx_word' id='word_1_618' title='bbox 2447 3146 2589 3213; x_wconf 92' lang='lat' dir='ltr'><strong>quod</strong></span> <span class='ocrx_word' id='word_1_619' title='bbox 2637 3154 2692 3198; x_wconf 91' lang='lat' dir='ltr'><strong>et</strong></span> <span class='ocrx_word' id='word_1_620' title='bbox 2729 3152 2856 3198; x_wconf 85' lang='lat' dir='ltr'><strong>ante</strong></span> <span class='ocrx_word' id='word_1_621' title='bbox 2889 3145 3219 3212; x_wconf 72' lang='lat' dir='ltr'><strong>pra-dixerat</strong></span> <span class='ocrx_word' id='word_1_622' title='bbox 3265 3160 3358 3199; x_wconf 90' lang='lat' dir='ltr'><strong>eos</strong></span> <span class='ocrx_word' id='word_1_623' title='bbox 3394 3145 3443 3198; x_wconf 92' lang='lat' dir='ltr'><strong>in</strong></span> <span class='ocrx_word' id='word_1_624' title='bbox 3469 3142 3665 3198; x_wconf 65' lang='lat' dir='ltr'><strong>Galilreze</strong></span> 
     </span>
    </p>
   </div>
   <div class='ocr_carea' id='block_1_75' title="bbox 2131 3235 3666 3308">
    <p class='ocr_par' dir='ltr' id='par_1_75' title="bbox 2131 3235 3666 3308">
     <span class='ocr_line' id='line_1_75' title="bbox 2131 3235 3666 3308; baseline -0.001 -19"><span class='ocrx_word' id='word_1_625' title='bbox 2131 3245 2364 3290; x_wconf 87' lang='lat' dir='ltr'><strong>montem</strong></span> <span class='ocrx_word' id='word_1_626' title='bbox 2388 3236 2690 3306; x_wconf 73' lang='lat' dir='ltr'><strong>praecedere</strong></span> <span class='ocrx_word' id='word_1_627' title='bbox 2706 3235 2785 3308; x_wconf 92' lang='lat' dir='ltr'><strong>[ut</strong></span> <span class='ocrx_word' id='word_1_628' title='bbox 2801 3251 2894 3291; x_wconf 88' lang='lat' dir='ltr'><strong>eos</strong></span> <span class='ocrx_word' id='word_1_629' title='bbox 2918 3238 2970 3289; x_wconf 94' lang='lat' dir='ltr'><strong>in</strong></span> <span class='ocrx_word' id='word_1_630' title='bbox 2989 3237 3237 3291; x_wconf 68' lang='lat' dir='ltr'><strong>Galilmm</strong></span> <span class='ocrx_word' id='word_1_631' title='bbox 3254 3246 3479 3291; x_wconf 89' lang='lat' dir='ltr'><strong>montem</strong></span> <span class='ocrx_word' id='word_1_632' title='bbox 3500 3249 3666 3303; x_wconf 68' lang='lat' dir='ltr'><strong>prece-</strong></span> 
     </span>
    </p>
   </div>
   <div class='ocr_carea' id='block_1_76' title="bbox 2132 3326 3664 3397">
    <p class='ocr_par' dir='ltr' id='par_1_76' title="bbox 2132 3326 3664 3397">
     <span class='ocr_line' id='line_1_76' title="bbox 2132 3326 3664 3397; baseline -0.002 -17"><span class='ocrx_word' id='word_1_633' title='bbox 2132 3326 2328 3397; x_wconf 86' lang='lat' dir='ltr'><strong>deret],</strong></span> <span class='ocrx_word' id='word_1_634' title='bbox 2360 3338 2518 3396; x_wconf 88' lang='lat' dir='ltr'><strong>atque</strong></span> <span class='ocrx_word' id='word_1_635' title='bbox 2543 3330 2759 3382; x_wconf 90' lang='lat' dir='ltr'><strong>omnino</strong></span> <span class='ocrx_word' id='word_1_636' title='bbox 2781 3342 2873 3395; x_wconf 91' lang='lat' dir='ltr'><strong>per</strong></span> <span class='ocrx_word' id='word_1_637' title='bbox 2903 3328 3029 3384; x_wconf 88' lang='lat' dir='ltr'><strong>illos</strong></span> <span class='ocrx_word' id='word_1_638' title='bbox 3061 3328 3413 3397; x_wconf 83' lang='lat' dir='ltr'><strong>quadraginta</strong></span> <span class='ocrx_word' id='word_1_639' title='bbox 3436 3327 3540 3381; x_wconf 89' lang='lat' dir='ltr'><strong>dies</strong></span> <span class='ocrx_word' id='word_1_640' title='bbox 3556 3338 3664 3393; x_wconf 91' lang='lat' dir='ltr'><strong>quo-</strong></span> 
     </span>
    </p>
   </div>
   <div class='ocr_carea' id='block_1_77' title="bbox 2132 3413 3661 3486">
    <p class='ocr_par' dir='ltr' id='par_1_77' title="bbox 2132 3413 3661 3486">
     <span class='ocr_line' id='line_1_77' title="bbox 2132 3413 3661 3486; baseline -0.004 -16"><span class='ocrx_word' id='word_1_641' title='bbox 2132 3416 2271 3470; x_wconf 89' lang='lat' dir='ltr'><strong>tiens</strong></span> <span class='ocrx_word' id='word_1_642' title='bbox 2302 3417 2496 3481; x_wconf 91' lang='lat' dir='ltr'><strong>voluit,</strong></span> <span class='ocrx_word' id='word_1_643' title='bbox 2538 3416 2730 3484; x_wconf 87' lang='lat' dir='ltr'><strong>quibus</strong></span> <span class='ocrx_word' id='word_1_644' title='bbox 2759 3416 2963 3482; x_wconf 89' lang='lat' dir='ltr'><strong>voluit,</strong></span> <span class='ocrx_word' id='word_1_645' title='bbox 2997 3416 3447 3486; x_wconf 87' lang='lat' dir='ltr'><strong>quemadmodum</strong></span> <span class='ocrx_word' id='word_1_646' title='bbox 3484 3413 3624 3467; x_wconf 87' lang='lat' dir='ltr'><strong>voluit</strong></span> <span class='ocrx_word' id='word_1_647' title='bbox 3647 3450 3661 3476; x_wconf 92' lang='lat'><strong>,</strong></span> 
     </span>
    </p>
   </div>
   <div class='ocr_carea' id='block_1_78' title="bbox 2129 3502 3663 3575">
    <p class='ocr_par' dir='ltr' id='par_1_78' title="bbox 2129 3502 3663 3575">
     <span class='ocr_line' id='line_1_78' title="bbox 2129 3502 3663 3575; baseline -0.002 -17"><span class='ocrx_word' id='word_1_648' title='bbox 2129 3505 2264 3558; x_wconf 89' lang='lat' dir='ltr'><strong>sicut</strong></span> <span class='ocrx_word' id='word_1_649' title='bbox 2313 3504 2503 3560; x_wconf 82' lang='lat' dir='ltr'><strong>Petrus</strong></span> <span class='ocrx_word' id='word_1_650' title='bbox 2544 3504 2675 3559; x_wconf 90' lang='lat' dir='ltr'><strong>dicit</strong></span> <span class='ocrx_word' id='word_1_651' title='bbox 2722 3506 2934 3575; x_wconf 86' lang='lat' dir='ltr'><strong>quando</strong></span> <span class='ocrx_word' id='word_1_652' title='bbox 2971 3522 3092 3561; x_wconf 92' lang='lat' dir='ltr'><strong>eum</strong></span> <span class='ocrx_word' id='word_1_653' title='bbox 3130 3508 3384 3562; x_wconf 90' lang='lat' dir='ltr'><strong>Cornelio</strong></span> <span class='ocrx_word' id='word_1_654' title='bbox 3414 3518 3463 3561; x_wconf 86' lang='lat' dir='ltr'><strong>et</strong></span> <span class='ocrx_word' id='word_1_655' title='bbox 3496 3504 3566 3558; x_wconf 90' lang='lat' dir='ltr'><strong>his</strong></span> <span class='ocrx_word' id='word_1_656' title='bbox 3590 3502 3663 3571; x_wconf 90' lang='lat' dir='ltr'><strong>qui</strong></span> 
     </span>
    </p>
   </div>
   <div class='ocr_carea' id='block_1_79' title="bbox 2129 3597 3662 3668">
    <p class='ocr_par' dir='ltr' id='par_1_79' title="bbox 2129 3597 3662 3668">
     <span class='ocr_line' id='line_1_79' title="bbox 2129 3597 3662 3668; baseline -0.003 -17"><span class='ocrx_word' id='word_1_657' title='bbox 2129 3613 2248 3651; x_wconf 90' lang='lat' dir='ltr'><strong>cum</strong></span> <span class='ocrx_word' id='word_1_658' title='bbox 2271 3597 2364 3651; x_wconf 92' lang='lat' dir='ltr'><strong>illo</strong></span> <span class='ocrx_word' id='word_1_659' title='bbox 2387 3598 2594 3652; x_wconf 87' lang='lat' dir='ltr'><strong>fuerant</strong></span> <span class='ocrx_word' id='word_1_660' title='bbox 2619 3598 2960 3666; x_wconf 68' lang='lat' dir='ltr'><strong>prtedicabat.</strong></span> <span class='ocrx_word' id='word_1_661' title='bbox 2984 3598 3083 3668; x_wconf 89' lang='lat' dir='ltr'><strong>Qui</strong></span> <span class='ocrx_word' id='word_1_662' title='bbox 3111 3599 3279 3653; x_wconf 86' lang='lat' dir='ltr'><strong>simul</strong></span> <span class='ocrx_word' id='word_1_663' title='bbox 3304 3642 3319 3666; x_wconf 90' lang='lat'><strong>,</strong></span> <span class='ocrx_word' id='word_1_664' title='bbox 3350 3598 3527 3667; x_wconf 90' lang='lat' dir='ltr'><strong>inquit,</strong></span> <span class='ocrx_word' id='word_1_665' title='bbox 3552 3609 3662 3648; x_wconf 84' lang='lat' dir='ltr'><strong>man-</strong></span> 
     </span>
    </p>
   </div>
   <div class='ocr_carea' id='block_1_80' title="bbox 2129 3688 3660 3757">
    <p class='ocr_par' dir='ltr' id='par_1_80' title="bbox 2129 3688 3660 3757">
     <span class='ocr_line' id='line_1_80' title="bbox 2129 3688 3660 3757; baseline -0.004 -16"><span class='ocrx_word' id='word_1_666' title='bbox 2129 3688 2443 3743; x_wconf 90' lang='lat' dir='ltr'><strong>ducavimus</strong></span> <span class='ocrx_word' id='word_1_667' title='bbox 2473 3697 2527 3742; x_wconf 89' lang='lat' dir='ltr'><strong>et</strong></span> <span class='ocrx_word' id='word_1_668' title='bbox 2572 3688 2803 3743; x_wconf 89' lang='lat' dir='ltr'><strong>bibimus</strong></span> <span class='ocrx_word' id='word_1_669' title='bbox 2843 3704 2964 3743; x_wconf 91' lang='lat' dir='ltr'><strong>cum</strong></span> <span class='ocrx_word' id='word_1_670' title='bbox 3006 3689 3095 3741; x_wconf 92' lang='lat' dir='ltr'><strong>illo</strong></span> <span class='ocrx_word' id='word_1_671' title='bbox 3129 3699 3469 3757; x_wconf 86' lang='lat' dir='ltr'><strong>posteaquam</strong></span> <span class='ocrx_word' id='word_1_672' title='bbox 3511 3699 3660 3740; x_wconf 86' lang='lat' dir='ltr'><strong>resur-</strong></span> 
     </span>
    </p>
   </div>
   <div class='ocr_carea' id='block_1_81' title="bbox 2130 3779 3660 3851">
    <p class='ocr_par' dir='ltr' id='par_1_81' title="bbox 2130 3779 3660 3851">
     <span class='ocr_line' id='line_1_81' title="bbox 2130 3779 3660 3851; baseline -0.005 -16"><span class='ocrx_word' id='word_1_673' title='bbox 2130 3783 2271 3836; x_wconf 82' lang='lat' dir='ltr'><strong>rexit</strong></span> <span class='ocrx_word' id='word_1_674' title='bbox 2292 3798 2321 3835; x_wconf 92' lang='lat' dir='ltr'><strong>a</strong></span> <span class='ocrx_word' id='word_1_675' title='bbox 2346 3782 2569 3836; x_wconf 88' lang='lat' dir='ltr'><strong>mortuis</strong></span> <span class='ocrx_word' id='word_1_676' title='bbox 2594 3797 2689 3851; x_wconf 90' lang='lat' dir='ltr'><strong>per</strong></span> <span class='ocrx_word' id='word_1_677' title='bbox 2714 3781 2828 3836; x_wconf 90' lang='lat' dir='ltr'><strong>dies</strong></span> <span class='ocrx_word' id='word_1_678' title='bbox 2859 3781 3231 3851; x_wconf 83' lang='lat' dir='ltr'><strong>quadraginta.</strong></span> <span class='ocrx_word' id='word_1_679' title='bbox 3262 3783 3374 3835; x_wconf 87' lang='lat' dir='ltr'><strong>Non</strong></span> <span class='ocrx_word' id='word_1_680' title='bbox 3401 3779 3529 3849; x_wconf 90' lang='lat' dir='ltr'><strong>quod</strong></span> <span class='ocrx_word' id='word_1_681' title='bbox 3553 3792 3660 3847; x_wconf 90' lang='lat' dir='ltr'><strong>quo-</strong></span> 
     </span>
    </p>
   </div>
   <div class='ocr_carea' id='block_1_82' title="bbox 2133 3871 3658 3943">
    <p class='ocr_par' dir='ltr' id='par_1_82' title="bbox 2133 3871 3658 3943">
     <span class='ocr_line' id='line_1_82' title="bbox 2133 3871 3658 3943; baseline -0.004 -18"><span class='ocrx_word' id='word_1_682' title='bbox 2133 3873 2258 3927; x_wconf 90' lang='lat' dir='ltr'><strong>tidie</strong></span> <span class='ocrx_word' id='word_1_683' title='bbox 2288 3888 2384 3940; x_wconf 89' lang='lat' dir='ltr'><strong>per</strong></span> <span class='ocrx_word' id='word_1_684' title='bbox 2406 3873 2524 3927; x_wconf 91' lang='lat' dir='ltr'><strong>dies</strong></span> <span class='ocrx_word' id='word_1_685' title='bbox 2560 3872 2907 3943; x_wconf 80' lang='lat' dir='ltr'><strong>quadraginta</strong></span> <span class='ocrx_word' id='word_1_686' title='bbox 2937 3887 3057 3925; x_wconf 89' lang='lat' dir='ltr'><strong>cum</strong></span> <span class='ocrx_word' id='word_1_687' title='bbox 3090 3872 3187 3925; x_wconf 84' lang='lat' dir='ltr'><strong>illo</strong></span> <span class='ocrx_word' id='word_1_688' title='bbox 3215 3871 3599 3926; x_wconf 84' lang='lat' dir='ltr'><strong>manducassent</strong></span> <span class='ocrx_word' id='word_1_689' title='bbox 3618 3875 3658 3920; x_wconf 85' lang='lat' dir='ltr'><strong>et</strong></span> 
     </span>
    </p>
   </div>
   <div class='ocr_carea' id='block_1_83' title="bbox 2134 3958 3658 4031">
    <p class='ocr_par' dir='ltr' id='par_1_83' title="bbox 2134 3958 3658 4031">
     <span class='ocr_line' id='line_1_83' title="bbox 2134 3958 3658 4031; baseline -0.005 -15"><span class='ocrx_word' id='word_1_690' title='bbox 2134 3962 2428 4017; x_wconf 86' lang='lat' dir='ltr'><strong>bibissent:</strong></span> <span class='ocrx_word' id='word_1_691' title='bbox 2459 3977 2580 4016; x_wconf 90' lang='lat' dir='ltr'><strong>nam</strong></span> <span class='ocrx_word' id='word_1_692' title='bbox 2609 3962 2711 4017; x_wconf 89' lang='lat' dir='ltr'><strong>erit</strong></span> <span class='ocrx_word' id='word_1_693' title='bbox 2738 3962 3065 4017; x_wconf 88' lang='lat' dir='ltr'><strong>contrarium</strong></span> <span class='ocrx_word' id='word_1_694' title='bbox 3092 3961 3284 4017; x_wconf 84' lang='lat' dir='ltr'><strong>Joanni</strong></span> <span class='ocrx_word' id='word_1_695' title='bbox 3321 3963 3409 4031; x_wconf 91' lang='lat' dir='ltr'><strong>qui</strong></span> <span class='ocrx_word' id='word_1_696' title='bbox 3433 3970 3544 4017; x_wconf 89' lang='lat' dir='ltr'><strong>octo</strong></span> <span class='ocrx_word' id='word_1_697' title='bbox 3565 3958 3658 4013; x_wconf 87' lang='lat' dir='ltr'><strong>illos</strong></span> 
     </span>
    </p>
   </div>
   <div class='ocr_carea' id='block_1_84' title="bbox 2129 4048 3661 4123">
    <p class='ocr_par' dir='ltr' id='par_1_84' title="bbox 2129 4048 3661 4123">
     <span class='ocr_line' id='line_1_84' title="bbox 2129 4048 3661 4123; baseline -0.005 -15"><span class='ocrx_word' id='word_1_698' title='bbox 2129 4054 2241 4108; x_wconf 88' lang='lat' dir='ltr'><strong>dies</strong></span> <span class='ocrx_word' id='word_1_699' title='bbox 2270 4054 2626 4123; x_wconf 76' lang='lat' dir='ltr'><strong>interposuit,</strong></span> <span class='ocrx_word' id='word_1_700' title='bbox 2657 4054 2849 4123; x_wconf 89' lang='lat' dir='ltr'><strong>quibus</strong></span> <span class='ocrx_word' id='word_1_701' title='bbox 2876 4054 2955 4109; x_wconf 88' lang='lat' dir='ltr'><strong>eis</strong></span> <span class='ocrx_word' id='word_1_702' title='bbox 2988 4054 3131 4108; x_wconf 81' lang='lat' dir='ltr'><strong>visus</strong></span> <span class='ocrx_word' id='word_1_703' title='bbox 3161 4069 3269 4108; x_wconf 89' lang='lat' dir='ltr'><strong>non</strong></span> <span class='ocrx_word' id='word_1_704' title='bbox 3312 4062 3419 4117; x_wconf 89' lang='lat' dir='ltr'><strong>est,</strong></span> <span class='ocrx_word' id='word_1_705' title='bbox 3446 4060 3498 4106; x_wconf 92' lang='lat' dir='ltr'><strong>ut</strong></span> <span class='ocrx_word' id='word_1_706' title='bbox 3531 4048 3661 4103; x_wconf 82' lang='lat' dir='ltr'><strong>tertio</strong></span> 
     </span>
    </p>
   </div>
   <div class='ocr_carea' id='block_1_85' title="bbox 2129 4140 3657 4212">
    <p class='ocr_par' dir='ltr' id='par_1_85' title="bbox 2129 4140 3657 4212">
     <span class='ocr_line' id='line_1_85' title="bbox 2129 4140 3657 4212; baseline -0.006 -14"><span class='ocrx_word' id='word_1_707' title='bbox 2129 4143 2559 4199; x_wconf 78' lang='lat' dir='ltr'><strong>manifesmretur</strong></span> <span class='ocrx_word' id='word_1_708' title='bbox 2606 4144 2673 4198; x_wconf 90' lang='lat' dir='ltr'><strong>ad</strong></span> <span class='ocrx_word' id='word_1_709' title='bbox 2720 4158 2867 4198; x_wconf 90' lang='lat' dir='ltr'><strong>mare</strong></span> <span class='ocrx_word' id='word_1_710' title='bbox 2893 4144 3215 4199; x_wconf 74' lang='lat' dir='ltr'><strong>Tiberiadis.</strong></span> <span class='ocrx_word' id='word_1_711' title='bbox 3245 4145 3371 4199; x_wconf 89' lang='lat' dir='ltr'><strong>Inde</strong></span> <span class='ocrx_word' id='word_1_712' title='bbox 3391 4142 3496 4212; x_wconf 91' lang='lat' dir='ltr'><strong>jam</strong></span> <span class='ocrx_word' id='word_1_713' title='bbox 3525 4140 3657 4195; x_wconf 80' lang='lat' dir='ltr'><strong>etiam</strong></span> 
     </span>
    </p>
   </div>
   <div class='ocr_carea' id='block_1_86' title="bbox 2128 4227 3658 4304">
    <p class='ocr_par' dir='ltr' id='par_1_86' title="bbox 2128 4227 3658 4304">
     <span class='ocr_line' id='line_1_86' title="bbox 2128 4227 3658 4304; baseline -0.004 -16"><span class='ocrx_word' id='word_1_714' title='bbox 2128 4234 2171 4288; x_wconf 90' lang='lat' dir='ltr'><strong>si</strong></span> <span class='ocrx_word' id='word_1_715' title='bbox 2201 4234 2437 4304; x_wconf 90' lang='lat' dir='ltr'><strong>quotidie</strong></span> <span class='ocrx_word' id='word_1_716' title='bbox 2465 4235 2569 4290; x_wconf 90' lang='lat' dir='ltr'><strong>illis</strong></span> <span class='ocrx_word' id='word_1_717' title='bbox 2596 4235 2744 4289; x_wconf 91' lang='lat' dir='ltr'><strong>visus</strong></span> <span class='ocrx_word' id='word_1_718' title='bbox 2781 4244 2836 4289; x_wconf 92' lang='lat' dir='ltr'><strong>et</strong></span> <span class='ocrx_word' id='word_1_719' title='bbox 2862 4250 2983 4289; x_wconf 92' lang='lat' dir='ltr'><strong>cum</strong></span> <span class='ocrx_word' id='word_1_720' title='bbox 3008 4235 3110 4289; x_wconf 91' lang='lat' dir='ltr'><strong>illis</strong></span> <span class='ocrx_word' id='word_1_721' title='bbox 3139 4237 3449 4290; x_wconf 87' lang='lat' dir='ltr'><strong>convivatus</strong></span> <span class='ocrx_word' id='word_1_722' title='bbox 3477 4238 3570 4297; x_wconf 88' lang='lat' dir='ltr'><strong>est,</strong></span> <span class='ocrx_word' id='word_1_723' title='bbox 3596 4227 3658 4282; x_wconf 85' lang='lat' dir='ltr'><strong>ni-</strong></span> 
     </span>
    </p>
   </div>
   <div class='ocr_carea' id='block_1_87' title="bbox 2131 4326 3661 4397">
    <p class='ocr_par' dir='ltr' id='par_1_87' title="bbox 2131 4326 3661 4397">
     <span class='ocr_line' id='line_1_87' title="bbox 2131 4326 3661 4397; baseline -0.004 -17"><span class='ocrx_word' id='word_1_724' title='bbox 2131 4328 2203 4381; x_wconf 90' lang='lat' dir='ltr'><strong>hil</strong></span> <span class='ocrx_word' id='word_1_725' title='bbox 2241 4335 2538 4397; x_wconf 86' lang='lat' dir='ltr'><strong>repugnat,</strong></span> <span class='ocrx_word' id='word_1_726' title='bbox 2583 4334 2639 4381; x_wconf 89' lang='lat' dir='ltr'><strong>et</strong></span> <span class='ocrx_word' id='word_1_727' title='bbox 2678 4327 2904 4382; x_wconf 83' lang='lat' dir='ltr'><strong>fortasse</strong></span> <span class='ocrx_word' id='word_1_728' title='bbox 2938 4326 3057 4382; x_wconf 89' lang='lat' dir='ltr'><strong>ideo</strong></span> <span class='ocrx_word' id='word_1_729' title='bbox 3077 4326 3278 4382; x_wconf 90' lang='lat' dir='ltr'><strong>dictum</strong></span> <span class='ocrx_word' id='word_1_730' title='bbox 3318 4335 3398 4381; x_wconf 90' lang='lat' dir='ltr'><strong>est</strong></span> <span class='ocrx_word' id='word_1_731' title='bbox 3431 4338 3519 4394; x_wconf 83' lang='lat' dir='ltr'><strong>per</strong></span> <span class='ocrx_word' id='word_1_732' title='bbox 3551 4332 3661 4389; x_wconf 86' lang='lat' dir='ltr'><strong>qua-</strong></span> 
     </span>
    </p>
   </div>
   <div class='ocr_carea' id='block_1_88' title="bbox 449 4404 3661 4490">
    <p class='ocr_par' dir='ltr' id='par_1_88' title="bbox 449 4404 3661 4490">
     <span class='ocr_line' id='line_1_88' title="bbox 449 4404 3661 4490; baseline -0.001 -19"><span class='ocrx_word' id='word_1_733' title='bbox 449 4417 581 4472; x_wconf 89' lang='lat' dir='ltr'><strong>Cum</strong></span> <span class='ocrx_word' id='word_1_734' title='bbox 606 4434 732 4473; x_wconf 91' lang='lat' dir='ltr'><strong>vero</strong></span> <span class='ocrx_word' id='word_1_735' title='bbox 761 4418 961 4473; x_wconf 90' lang='lat' dir='ltr'><strong>dictum</strong></span> <span class='ocrx_word' id='word_1_736' title='bbox 984 4429 1061 4472; x_wconf 89' lang='lat' dir='ltr'><strong>est</strong></span> <span class='ocrx_word' id='word_1_737' title='bbox 1095 4418 1327 4473; x_wconf 84' lang='lat' dir='ltr'><strong>latrones</strong></span> <span class='ocrx_word' id='word_1_738' title='bbox 1345 4460 1359 4484; x_wconf 96' lang='lat'><strong>,</strong></span> <span class='ocrx_word' id='word_1_739' title='bbox 1381 4420 1469 4474; x_wconf 91' lang='lat' dir='ltr'><strong>vel</strong></span> <span class='ocrx_word' id='word_1_740' title='bbox 1495 4421 1584 4490; x_wconf 92' lang='lat' dir='ltr'><strong>qui</strong></span> <span class='ocrx_word' id='word_1_741' title='bbox 1612 4435 1733 4475; x_wconf 89' lang='lat' dir='ltr'><strong>cum</strong></span> <span class='ocrx_word' id='word_1_742' title='bbox 1755 4436 1820 4476; x_wconf 91' lang='lat' dir='ltr'><strong>eo</strong></span> <span class='ocrx_word' id='word_1_743' title='bbox 1849 4425 2020 4478; x_wconf 85' lang='lat' dir='ltr'><strong>cruci-</strong></span> <span class='ocrx_word' id='word_1_744' title='bbox 2052 4404 2103 4462; x_wconf 79' lang='grc' dir='ltr'>Ῑ)</span> <span class='ocrx_word' id='word_1_745' title='bbox 2128 4418 2371 4489; x_wconf 78' lang='lat' dir='ltr'><strong>draginta</strong></span> <span class='ocrx_word' id='word_1_746' title='bbox 2399 4418 2537 4472; x_wconf 91' lang='lat' dir='ltr'><strong>dies.</strong></span> <span class='ocrx_word' id='word_1_747' title='bbox 2564 4417 2666 4484; x_wconf 89' lang='lat' dir='ltr'><strong>Qui</strong></span> <span class='ocrx_word' id='word_1_748' title='bbox 2696 4428 2886 4486; x_wconf 91' lang='lat' dir='ltr'><strong>quater</strong></span> <span class='ocrx_word' id='word_1_749' title='bbox 2910 4418 3033 4473; x_wconf 91' lang='lat' dir='ltr'><strong>deni</strong></span> <span class='ocrx_word' id='word_1_750' title='bbox 3064 4427 3190 4473; x_wconf 88' lang='lat' dir='ltr'><strong>sunt</strong></span> <span class='ocrx_word' id='word_1_751' title='bbox 3217 4421 3269 4473; x_wconf 92' lang='lat' dir='ltr'><strong>in</strong></span> <span class='ocrx_word' id='word_1_752' title='bbox 3293 4414 3565 4488; x_wconf 84' lang='lat' dir='ltr'><strong>mysterio,</strong></span> <span class='ocrx_word' id='word_1_753' title='bbox 3592 4407 3661 4462; x_wconf 76' lang='lat' dir='ltr'><strong>vel</strong></span> 
     </span>
    </p>
   </div>
   <div class='ocr_carea' id='block_1_89' title="bbox 451 4507 2021 4573">
    <p class='ocr_par' dir='ltr' id='par_1_89' title="bbox 451 4507 2021 4573">
     <span class='ocr_line' id='line_1_89' title="bbox 451 4507 2021 4573; baseline 0.004 -11"><span class='ocrx_word' id='word_1_754' title='bbox 451 4511 541 4563; x_wconf 80' lang='lat' dir='ltr'><strong>lixi</strong></span> <span class='ocrx_word' id='word_1_755' title='bbox 565 4518 734 4573; x_wconf 85' lang='lat' dir='ltr'><strong>erant,</strong></span> <span class='ocrx_word' id='word_1_756' title='bbox 760 4524 859 4562; x_wconf 91' lang='lat' dir='ltr'><strong>nec</strong></span> <span class='ocrx_word' id='word_1_757' title='bbox 877 4507 1111 4562; x_wconf 89' lang='lat' dir='ltr'><strong>additum</strong></span> <span class='ocrx_word' id='word_1_758' title='bbox 1140 4518 1221 4563; x_wconf 89' lang='lat' dir='ltr'><strong>est</strong></span> <span class='ocrx_word' id='word_1_759' title='bbox 1244 4510 1430 4563; x_wconf 89' lang='lat' dir='ltr'><strong>ambo:</strong></span> <span class='ocrx_word' id='word_1_760' title='bbox 1458 4526 1562 4565; x_wconf 81' lang='lat' dir='ltr'><strong>non</strong></span> <span class='ocrx_word' id='word_1_761' title='bbox 1590 4512 1763 4566; x_wconf 90' lang='lat' dir='ltr'><strong>solum</strong></span> <span class='ocrx_word' id='word_1_762' title='bbox 1792 4514 1836 4566; x_wconf 91' lang='lat' dir='ltr'><strong>si</strong></span> <span class='ocrx_word' id='word_1_763' title='bbox 1865 4519 2021 4568; x_wconf 83' lang='lat' dir='ltr'><strong>ambo</strong></span> 
     </span>
    </p>
   </div>
   <div class='ocr_carea' id='block_1_90' title="bbox 454 4601 2024 4671">
    <p class='ocr_par' dir='ltr' id='par_1_90' title="bbox 454 4601 2024 4671">
     <span class='ocr_line' id='line_1_90' title="bbox 454 4601 2024 4671; baseline 0.004 -16"><span class='ocrx_word' id='word_1_764' title='bbox 454 4603 732 4667; x_wconf 84' lang='lat' dir='ltr'><strong>fecissent,</strong></span> <span class='ocrx_word' id='word_1_765' title='bbox 764 4612 941 4670; x_wconf 90' lang='lat' dir='ltr'><strong>posset</strong></span> <span class='ocrx_word' id='word_1_766' title='bbox 968 4601 1069 4656; x_wconf 90' lang='lat' dir='ltr'><strong>hoc</strong></span> <span class='ocrx_word' id='word_1_767' title='bbox 1097 4601 1201 4656; x_wconf 92' lang='lat' dir='ltr'><strong>dici</strong></span> <span class='ocrx_word' id='word_1_768' title='bbox 1223 4645 1237 4668; x_wconf 88' lang='lat'><strong>,</strong></span> <span class='ocrx_word' id='word_1_769' title='bbox 1283 4603 1378 4656; x_wconf 90' lang='lat' dir='ltr'><strong>sed</strong></span> <span class='ocrx_word' id='word_1_770' title='bbox 1408 4602 1566 4656; x_wconf 92' lang='lat' dir='ltr'><strong>etiam</strong></span> <span class='ocrx_word' id='word_1_771' title='bbox 1609 4603 1731 4671; x_wconf 87' lang='lat' dir='ltr'><strong>quia</strong></span> <span class='ocrx_word' id='word_1_772' title='bbox 1762 4620 1899 4659; x_wconf 88' lang='lat' dir='ltr'><strong>unus</strong></span> <span class='ocrx_word' id='word_1_773' title='bbox 1923 4605 2024 4661; x_wconf 90' lang='lat' dir='ltr'><strong>hoc</strong></span> 
     </span>
    </p>
   </div>
   <div class='ocr_carea' id='block_1_91' title="bbox 451 4693 2019 4765">
    <p class='ocr_par' dir='ltr' id='par_1_91' title="bbox 451 4693 2019 4765">
     <span class='ocr_line' id='line_1_91' title="bbox 451 4693 2019 4765; baseline 0.001 -15"><span class='ocrx_word' id='word_1_774' title='bbox 451 4695 575 4749; x_wconf 89' lang='lat' dir='ltr'><strong>fecit</strong></span> <span class='ocrx_word' id='word_1_775' title='bbox 600 4738 614 4758; x_wconf 87' lang='lat'><strong>,</strong></span> <span class='ocrx_word' id='word_1_776' title='bbox 660 4694 828 4761; x_wconf 87' lang='lat' dir='ltr'><strong>potuit</strong></span> <span class='ocrx_word' id='word_1_777' title='bbox 858 4694 1051 4748; x_wconf 88' lang='lat' dir='ltr'><strong>usitato</strong></span> <span class='ocrx_word' id='word_1_778' title='bbox 1094 4693 1382 4748; x_wconf 89' lang='lat' dir='ltr'><strong>locutionis</strong></span> <span class='ocrx_word' id='word_1_779' title='bbox 1435 4694 1595 4748; x_wconf 91' lang='lat' dir='ltr'><strong>modo</strong></span> <span class='ocrx_word' id='word_1_780' title='bbox 1636 4709 1731 4763; x_wconf 91' lang='lat' dir='ltr'><strong>per</strong></span> <span class='ocrx_word' id='word_1_781' title='bbox 1758 4695 2019 4765; x_wconf 88' lang='lat' dir='ltr'><strong>pluralem</strong></span> 
     </span>
    </p>
   </div>
   <div class='ocr_carea' id='block_1_92' title="bbox 451 4782 1441 4854">
    <p class='ocr_par' dir='ltr' id='par_1_92' title="bbox 451 4782 1441 4854">
     <span class='ocr_line' id='line_1_92' title="bbox 451 4782 1441 4854; baseline 0 -17"><span class='ocrx_word' id='word_1_782' title='bbox 451 4798 729 4838; x_wconf 90' lang='lat' dir='ltr'><strong>numerum</strong></span> <span class='ocrx_word' id='word_1_783' title='bbox 762 4782 1094 4853; x_wconf 59' lang='lat' dir='ltr'><strong>{singularis}</strong></span> <span class='ocrx_word' id='word_1_784' title='bbox 1133 4785 1441 4854; x_wconf 77' lang='lat' dir='ltr'><strong>significari.</strong></span> 
     </span>
    </p>
   </div>
   <div class='ocr_carea' id='block_1_93' title="bbox 970 4898 1507 4955">
    <p class='ocr_par' dir='ltr' id='par_1_93' title="bbox 970 4898 1507 4955">
     <span class='ocr_line' id='line_1_93' title="bbox 970 4898 1507 4955; baseline 0.006 -4"><span class='ocrx_word' id='word_1_785' title='bbox 970 4899 1195 4953; x_wconf 81' lang='lat' dir='ltr'><strong>CAPUT</strong></span> <span class='ocrx_word' id='word_1_786' title='bbox 1234 4898 1507 4955; x_wconf 79' lang='lat' dir='ltr'><strong>CLXXIV.</strong></span> 
     </span>
    </p>
   </div>
   <div class='ocr_carea' id='block_1_94' title="bbox 451 4987 2020 5060">
    <p class='ocr_par' dir='ltr' id='par_1_94' title="bbox 451 4987 2020 5060">
     <span class='ocr_line' id='line_1_94' title="bbox 451 4987 2020 5060; baseline 0.004 -18"><span class='ocrx_word' id='word_1_787' title='bbox 451 4989 627 5043; x_wconf 65' lang='lat' dir='ltr'><strong>Decies</strong></span> <span class='ocrx_word' id='word_1_788' title='bbox 656 4987 931 5060; x_wconf 82' lang='lat' dir='ltr'><strong>Dominum</strong></span> <span class='ocrx_word' id='word_1_789' title='bbox 958 4993 1255 5060; x_wconf 78' lang='lat' dir='ltr'><strong>apparuisse</strong></span> <span class='ocrx_word' id='word_1_790' title='bbox 1277 5003 1388 5058; x_wconf 78' lang='lat' dir='ltr'><strong>post</strong></span> <span class='ocrx_word' id='word_1_791' title='bbox 1413 4994 1835 5047; x_wconf 72' lang='lat' dir='ltr'><strong>resurrectionem</strong></span> <span class='ocrx_word' id='word_1_792' title='bbox 1865 5011 2020 5050; x_wconf 85' lang='lat' dir='ltr'><strong>evan-</strong></span> 
     </span>
    </p>
   </div>
   <div class='ocr_carea' id='block_1_95' title="bbox 775 5059 1678 5128">
    <p class='ocr_par' dir='ltr' id='par_1_95' title="bbox 775 5059 1678 5128">
     <span class='ocr_line' id='line_1_95' title="bbox 775 5059 1678 5128; baseline 0.006 -17"><span class='ocrx_word' id='word_1_793' title='bbox 775 5059 966 5128; x_wconf 74' lang='lat' dir='ltr'><strong>gelista:</strong></span> <span class='ocrx_word' id='word_1_794' title='bbox 987 5059 1222 5128; x_wconf 80' lang='lat' dir='ltr'><strong>tradunt,</strong></span> <span class='ocrx_word' id='word_1_795' title='bbox 1251 5077 1315 5114; x_wconf 81' lang='lat' dir='ltr'><strong>ea:</strong></span> <span class='ocrx_word' id='word_1_796' title='bbox 1334 5062 1507 5115; x_wconf 81' lang='lat' dir='ltr'><strong>eodem</strong></span> <span class='ocrx_word' id='word_1_797' title='bbox 1529 5064 1678 5116; x_wconf 77' lang='lat' dir='ltr'><strong>libro.</strong></span> 
     </span>
    </p>
   </div>
   <div class='ocr_carea' id='block_1_96' title="bbox 522 5152 2018 5223">
    <p class='ocr_par' dir='ltr' id='par_1_96' title="bbox 522 5152 2018 5223">
     <span class='ocr_line' id='line_1_96' title="bbox 522 5152 2018 5223; baseline 0.004 -16"><span class='ocrx_word' id='word_1_798' title='bbox 522 5153 825 5207; x_wconf 90' lang='lat' dir='ltr'><strong>Invenimus</strong></span> <span class='ocrx_word' id='word_1_799' title='bbox 850 5154 1026 5220; x_wconf 88' lang='lat' dir='ltr'><strong>itaque</strong></span> <span class='ocrx_word' id='word_1_800' title='bbox 1048 5152 1186 5217; x_wconf 90' lang='lat' dir='ltr'><strong>apud</strong></span> <span class='ocrx_word' id='word_1_801' title='bbox 1217 5162 1444 5222; x_wconf 87' lang='lat' dir='ltr'><strong>quatuor</strong></span> <span class='ocrx_word' id='word_1_802' title='bbox 1460 5157 1818 5223; x_wconf 86' lang='lat' dir='ltr'><strong>evangelistas</strong></span> <span class='ocrx_word' id='word_1_803' title='bbox 1840 5157 2018 5213; x_wconf 89' lang='lat' dir='ltr'><strong>decies</strong></span> 
     </span>
    </p>
   </div>
   <div class='ocr_carea' id='block_1_97' title="bbox 448 5236 2041 5301">
    <p class='ocr_par' dir='ltr' id='par_1_97' title="bbox 448 5236 2041 5301">
     <span class='ocr_line' id='line_1_97' title="bbox 448 5236 2041 5301; baseline 0 0"><span class='ocrx_word' id='word_1_804' title='bbox 448 5257 917 5301; x_wconf 74' lang='lat' dir='ltr'><strong>commemoratum</strong></span> <span class='ocrx_word' id='word_1_805' title='bbox 951 5244 1229 5299; x_wconf 92' lang='lat' dir='ltr'><strong>Dominum</strong></span> <span class='ocrx_word' id='word_1_806' title='bbox 1264 5246 1430 5299; x_wconf 91' lang='lat' dir='ltr'><strong>visum</strong></span> <span class='ocrx_word' id='word_1_807' title='bbox 1467 5259 1585 5300; x_wconf 87' lang='lat' dir='ltr'><strong>esse</strong></span> <span class='ocrx_word' id='word_1_808' title='bbox 1622 5247 1687 5299; x_wconf 91' lang='lat' dir='ltr'><strong>ab</strong></span> <span class='ocrx_word' id='word_1_809' title='bbox 1719 5236 2041 5301; x_wconf 84' lang='lat' dir='ltr'><strong>hominibus</strong></span> 
     </span>
    </p>
   </div>
   <div class='ocr_carea' id='block_1_98' title="bbox 450 5337 2017 5408">
    <p class='ocr_par' dir='ltr' id='par_1_98' title="bbox 450 5337 2017 5408">
     <span class='ocr_line' id='line_1_98' title="bbox 450 5337 2017 5408; baseline 0.002 -17"><span class='ocrx_word' id='word_1_810' title='bbox 450 5350 567 5408; x_wconf 82' lang='lat' dir='ltr'><strong>post</strong></span> <span class='ocrx_word' id='word_1_811' title='bbox 600 5339 1039 5393; x_wconf 86' lang='lat' dir='ltr'><strong>resurrectionem</strong></span> <span class='ocrx_word' id='word_1_812' title='bbox 1076 5357 1089 5391; x_wconf 93' lang='lat'><strong>:</strong></span> <span class='ocrx_word' id='word_1_813' title='bbox 1121 5339 1285 5393; x_wconf 89' lang='lat' dir='ltr'><strong>semel</strong></span> <span class='ocrx_word' id='word_1_814' title='bbox 1314 5380 1329 5405; x_wconf 93' lang='lat'><strong>,</strong></span> <span class='ocrx_word' id='word_1_815' title='bbox 1360 5337 1427 5392; x_wconf 92' lang='lat' dir='ltr'><strong>ad</strong></span> <span class='ocrx_word' id='word_1_816' title='bbox 1458 5350 1859 5394; x_wconf 89' lang='lat' dir='ltr'><strong>monumentum</strong></span> <span class='ocrx_word' id='word_1_817' title='bbox 1902 5355 2017 5394; x_wconf 90' lang='lat' dir='ltr'><strong>mu-</strong></span> 
     </span>
    </p>
   </div>
   <div class='ocr_carea' id='block_1_99' title="bbox 451 5428 2019 5501">
    <p class='ocr_par' dir='ltr' id='par_1_99' title="bbox 451 5428 2019 5501">
     <span class='ocr_line' id='line_1_99' title="bbox 451 5428 2019 5501; baseline 0.004 -22"><span class='ocrx_word' id='word_1_818' title='bbox 451 5428 667 5483; x_wconf 89' lang='lat' dir='ltr'><strong>lieribus</strong></span> <span class='ocrx_word' id='word_1_819' title='bbox 693 5446 706 5494; x_wconf 92' lang='lat'><strong>;</strong></span> <span class='ocrx_word' id='word_1_820' title='bbox 741 5430 953 5493; x_wconf 88' lang='lat' dir='ltr'><strong>iterum,</strong></span> <span class='ocrx_word' id='word_1_821' title='bbox 977 5429 1173 5484; x_wconf 87' lang='lat' dir='ltr'><strong>eisdem</strong></span> <span class='ocrx_word' id='word_1_822' title='bbox 1205 5429 1631 5501; x_wconf 87' lang='lat' dir='ltr'><strong>regredientibus</strong></span> <span class='ocrx_word' id='word_1_823' title='bbox 1652 5448 1679 5483; x_wconf 89' lang='lat' dir='ltr'><strong>a</strong></span> <span class='ocrx_word' id='word_1_824' title='bbox 1700 5446 2019 5485; x_wconf 85' lang='lat' dir='ltr'><strong>monumen-</strong></span> 
     </span>
    </p>
   </div>
   <div class='ocr_carea' id='block_1_100' title="bbox 452 5518 2019 5591">
    <p class='ocr_par' dir='ltr' id='par_1_100' title="bbox 452 5518 2019 5591">
     <span class='ocr_line' id='line_1_100' title="bbox 452 5518 2019 5591; baseline 0.005 -25"><span class='ocrx_word' id='word_1_825' title='bbox 452 5528 505 5567; x_wconf 91' lang='lat' dir='ltr'><strong>to</strong></span> <span class='ocrx_word' id='word_1_826' title='bbox 529 5518 577 5568; x_wconf 92' lang='lat' dir='ltr'><strong>in</strong></span> <span class='ocrx_word' id='word_1_827' title='bbox 607 5520 827 5583; x_wconf 84' lang='lat' dir='ltr'><strong>itinere;</strong></span> <span class='ocrx_word' id='word_1_828' title='bbox 866 5522 1045 5585; x_wconf 82' lang='lat' dir='ltr'><strong>tertio,</strong></span> <span class='ocrx_word' id='word_1_829' title='bbox 1078 5521 1268 5587; x_wconf 84' lang='lat' dir='ltr'><strong>Petro;</strong></span> <span class='ocrx_word' id='word_1_830' title='bbox 1295 5530 1508 5591; x_wconf 87' lang='lat' dir='ltr'><strong>quarto,</strong></span> <span class='ocrx_word' id='word_1_831' title='bbox 1532 5521 1739 5574; x_wconf 89' lang='lat' dir='ltr'><strong>duobus</strong></span> <span class='ocrx_word' id='word_1_832' title='bbox 1772 5521 2019 5574; x_wconf 86' lang='lat' dir='ltr'><strong>euntibus</strong></span> 
     </span>
    </p>
   </div>
   <div class='ocr_carea' id='block_1_101' title="bbox 456 5592 2019 5679">
    <p class='ocr_par' dir='ltr' id='par_1_101' title="bbox 456 5592 2019 5679">
     <span class='ocr_line' id='line_1_101' title="bbox 456 5592 2019 5679; baseline 0.006 -23"><span class='ocrx_word' id='word_1_833' title='bbox 456 5592 511 5645; x_wconf 75' lang='grc' dir='ltr'><strong><em>ίιι</em></strong></span> <span class='ocrx_word' id='word_1_834' title='bbox 547 5607 864 5673; x_wconf 85' lang='lat' dir='ltr'><strong>castellum;</strong></span> <span class='ocrx_word' id='word_1_835' title='bbox 908 5611 1112 5677; x_wconf 86' lang='lat' dir='ltr'><strong>quinto,</strong></span> <span class='ocrx_word' id='word_1_836' title='bbox 1155 5614 1391 5679; x_wconf 89' lang='lat' dir='ltr'><strong>pluribus</strong></span> <span class='ocrx_word' id='word_1_837' title='bbox 1439 5612 1491 5667; x_wconf 87' lang='lat' dir='ltr'><strong>in</strong></span> <span class='ocrx_word' id='word_1_838' title='bbox 1542 5611 1896 5676; x_wconf 69' lang='lat' dir='ltr'><strong>Hierusalem,</strong></span> <span class='ocrx_word' id='word_1_839' title='bbox 1930 5611 2019 5665; x_wconf 85' lang='lat' dir='ltr'><strong>ubi</strong></span> 
     </span>
    </p>
   </div>
   <div class='ocr_carea' id='block_1_102' title="bbox 2132 4504 3661 4578">
    <p class='ocr_par' dir='ltr' id='par_1_102' title="bbox 2132 4504 3661 4578">
     <span class='ocr_line' id='line_1_102' title="bbox 2132 4504 3661 4578; baseline -0.009 -13"><span class='ocrx_word' id='word_1_840' title='bbox 2132 4512 2291 4567; x_wconf 88' lang='lat' dir='ltr'><strong>totius</strong></span> <span class='ocrx_word' id='word_1_841' title='bbox 2320 4510 2502 4565; x_wconf 92' lang='lat' dir='ltr'><strong>mundi</strong></span> <span class='ocrx_word' id='word_1_842' title='bbox 2530 4551 2542 4574; x_wconf 91' lang='lat'><strong>,</strong></span> <span class='ocrx_word' id='word_1_843' title='bbox 2570 4510 2652 4563; x_wconf 87' lang='lat' dir='ltr'><strong>vel</strong></span> <span class='ocrx_word' id='word_1_844' title='bbox 2696 4510 2858 4563; x_wconf 89' lang='lat' dir='ltr'><strong>totius</strong></span> <span class='ocrx_word' id='word_1_845' title='bbox 2885 4511 3196 4578; x_wconf 88' lang='lat' dir='ltr'><strong>temporalis</strong></span> <span class='ocrx_word' id='word_1_846' title='bbox 3234 4508 3441 4569; x_wconf 56' lang='lat' dir='ltr'><strong>saeculi,</strong></span> <span class='ocrx_word' id='word_1_847' title='bbox 3471 4504 3580 4573; x_wconf 85' lang='lat' dir='ltr'><strong>quia</strong></span> <span class='ocrx_word' id='word_1_848' title='bbox 3618 4507 3661 4553; x_wconf 90' lang='lat' dir='ltr'><strong>et</strong></span> 
     </span>
    </p>
   </div>
   <div class='ocr_carea' id='block_1_103' title="bbox 2132 4596 3658 4674">
    <p class='ocr_par' dir='ltr' id='par_1_103' title="bbox 2132 4596 3658 4674">
     <span class='ocr_line' id='line_1_103' title="bbox 2132 4596 3658 4674; baseline -0.006 -18"><span class='ocrx_word' id='word_1_849' title='bbox 2132 4605 2206 4658; x_wconf 91' lang='lat' dir='ltr'><strong>illi</strong></span> <span class='ocrx_word' id='word_1_850' title='bbox 2231 4604 2386 4674; x_wconf 89' lang='lat' dir='ltr'><strong>primi</strong></span> <span class='ocrx_word' id='word_1_851' title='bbox 2415 4604 2601 4658; x_wconf 89' lang='lat' dir='ltr'><strong>decem</strong></span> <span class='ocrx_word' id='word_1_852' title='bbox 2627 4602 2765 4670; x_wconf 88' lang='lat' dir='ltr'><strong>dies,</strong></span> <span class='ocrx_word' id='word_1_853' title='bbox 2789 4604 2839 4655; x_wconf 93' lang='lat' dir='ltr'><strong>in</strong></span> <span class='ocrx_word' id='word_1_854' title='bbox 2862 4602 3053 4671; x_wconf 90' lang='lat' dir='ltr'><strong>quibus</strong></span> <span class='ocrx_word' id='word_1_855' title='bbox 3078 4610 3234 4658; x_wconf 88' lang='lat' dir='ltr'><strong>erant</strong></span> <span class='ocrx_word' id='word_1_856' title='bbox 3253 4602 3329 4657; x_wconf 92' lang='lat' dir='ltr'><strong>illi</strong></span> <span class='ocrx_word' id='word_1_857' title='bbox 3357 4609 3470 4653; x_wconf 89' lang='lat' dir='ltr'><strong>octo</strong></span> <span class='ocrx_word' id='word_1_858' title='bbox 3489 4596 3609 4654; x_wconf 86' lang='lat' dir='ltr'><strong>dies.</strong></span> <span class='ocrx_word' id='word_1_859' title='bbox 3633 4606 3658 4643; x_wconf 68' lang='grc' dir='ltr'><strong>ι</strong></span> 
     </span>
    </p>
   </div>
   <div class='ocr_carea' id='block_1_104' title="bbox 2131 4683 3660 4764">
    <p class='ocr_par' dir='ltr' id='par_1_104' title="bbox 2131 4683 3660 4764">
     <span class='ocr_line' id='line_1_104' title="bbox 2131 4683 3660 4764; baseline -0.009 -17"><span class='ocrx_word' id='word_1_860' title='bbox 2131 4706 2279 4764; x_wconf 90' lang='lat' dir='ltr'><strong>parte</strong></span> <span class='ocrx_word' id='word_1_861' title='bbox 2328 4703 2494 4749; x_wconf 89' lang='lat' dir='ltr'><strong>totum</strong></span> <span class='ocrx_word' id='word_1_862' title='bbox 2544 4702 2764 4763; x_wconf 89' lang='lat' dir='ltr'><strong>possunt</strong></span> <span class='ocrx_word' id='word_1_863' title='bbox 2809 4707 2958 4747; x_wconf 87' lang='lat' dir='ltr'><strong>more</strong></span> <span class='ocrx_word' id='word_1_864' title='bbox 2999 4692 3392 4761; x_wconf 80' lang='lat' dir='ltr'><strong>Scripturarum</strong></span> <span class='ocrx_word' id='word_1_865' title='bbox 3432 4702 3530 4742; x_wconf 90' lang='lat' dir='ltr'><strong>non</strong></span> <span class='ocrx_word' id='word_1_866' title='bbox 3567 4683 3660 4736; x_wconf 81' lang='lat' dir='ltr'><strong>dis-</strong></span> 
     </span>
    </p>
   </div>
   <div class='ocr_carea' id='block_1_105' title="bbox 2128 4781 3654 4852">
    <p class='ocr_par' dir='ltr' id='par_1_105' title="bbox 2128 4781 3654 4852">
     <span class='ocr_line' id='line_1_105' title="bbox 2128 4781 3654 4852; baseline -0.009 -13"><span class='ocrx_word' id='word_1_867' title='bbox 2128 4801 2259 4839; x_wconf 85' lang='lat' dir='ltr'><strong>sone</strong></span> <span class='ocrx_word' id='word_1_868' title='bbox 2287 4787 2606 4850; x_wconf 85' lang='lat' dir='ltr'><strong>computari.</strong></span> <span class='ocrx_word' id='word_1_869' title='bbox 2633 4782 2951 4838; x_wconf 88' lang='lat' dir='ltr'><strong>Conferatur</strong></span> <span class='ocrx_word' id='word_1_870' title='bbox 2975 4797 3104 4852; x_wconf 86' lang='lat' dir='ltr'><strong>ergo</strong></span> <span class='ocrx_word' id='word_1_871' title='bbox 3131 4792 3187 4836; x_wconf 88' lang='lat' dir='ltr'><strong>et</strong></span> <span class='ocrx_word' id='word_1_872' title='bbox 3206 4783 3344 4852; x_wconf 87' lang='lat' dir='ltr'><strong>quod</strong></span> <span class='ocrx_word' id='word_1_873' title='bbox 3366 4781 3435 4832; x_wconf 89' lang='lat' dir='ltr'><strong>ait</strong></span> <span class='ocrx_word' id='word_1_874' title='bbox 3465 4788 3654 4844; x_wconf 75' lang='lat' dir='ltr'><strong>aposto-</strong></span> 
     </span>
    </p>
   </div>
   <div class='ocr_carea' id='block_1_106' title="bbox 2128 4864 3654 4939">
    <p class='ocr_par' dir='ltr' id='par_1_106' title="bbox 2128 4864 3654 4939">
     <span class='ocr_line' id='line_1_106' title="bbox 2128 4864 3654 4939; baseline -0.003 -10"><span class='ocrx_word' id='word_1_875' title='bbox 2128 4876 2208 4929; x_wconf 89' lang='lat' dir='ltr'><strong>lus</strong></span> <span class='ocrx_word' id='word_1_876' title='bbox 2229 4876 2441 4939; x_wconf 89' lang='lat' dir='ltr'><strong>Paulus,</strong></span> <span class='ocrx_word' id='word_1_877' title='bbox 2467 4883 2641 4929; x_wconf 91' lang='lat' dir='ltr'><strong>utrum</strong></span> <span class='ocrx_word' id='word_1_878' title='bbox 2658 4872 2787 4927; x_wconf 91' lang='lat' dir='ltr'><strong>nihil</strong></span> <span class='ocrx_word' id='word_1_879' title='bbox 2805 4872 2991 4929; x_wconf 79' lang='lat' dir='ltr'><strong>aﬁ&#39;erat</strong></span> <span class='ocrx_word' id='word_1_880' title='bbox 3006 4873 3313 4939; x_wconf 64' lang='lat' dir='ltr'><strong>quaestionis</strong></span> <span class='ocrx_word' id='word_1_881' title='bbox 3328 4887 3341 4923; x_wconf 90' lang='lat'>:</span> <span class='ocrx_word' id='word_1_882' title='bbox 3359 4864 3654 4924; x_wconf 76' lang='lat' dir='ltr'><strong>Resurrexit.</strong></span> 
     </span>
    </p>
   </div>
   <div class='ocr_carea' id='block_1_107' title="bbox 2124 4949 3656 5036">
    <p class='ocr_par' dir='ltr' id='par_1_107' title="bbox 2124 4949 3656 5036">
     <span class='ocr_line' id='line_1_107' title="bbox 2124 4949 3656 5036; baseline -0.012 -16"><span class='ocrx_word' id='word_1_883' title='bbox 2124 4968 2332 5036; x_wconf 89' lang='lat' dir='ltr'><strong>inquit,</strong></span> <span class='ocrx_word' id='word_1_884' title='bbox 2364 4965 2522 5019; x_wconf 90' lang='lat' dir='ltr'><strong>tertio</strong></span> <span class='ocrx_word' id='word_1_885' title='bbox 2546 4963 2635 5019; x_wconf 91' lang='lat' dir='ltr'><strong>die</strong></span> <span class='ocrx_word' id='word_1_886' title='bbox 2680 4964 2974 5019; x_wconf 86' lang='lat' dir='ltr'><strong>secundum</strong></span> <span class='ocrx_word' id='word_1_887' title='bbox 3006 4962 3341 5032; x_wconf 87' lang='lat' dir='ltr'><strong>Scripturas,</strong></span> <span class='ocrx_word' id='word_1_888' title='bbox 3369 4969 3418 5013; x_wconf 89' lang='lat' dir='ltr'><strong>et</strong></span> <span class='ocrx_word' id='word_1_889' title='bbox 3444 4949 3656 5024; x_wconf 80' lang='lat' dir='ltr'><strong>apparuit</strong></span> 
     </span>
    </p>
   </div>
   <div class='ocr_carea' id='block_1_108' title="bbox 2124 5045 3654 5126">
    <p class='ocr_par' dir='ltr' id='par_1_108' title="bbox 2124 5045 3654 5126">
     <span class='ocr_line' id='line_1_108' title="bbox 2124 5045 3654 5126; baseline -0.013 -13"><span class='ocrx_word' id='word_1_890' title='bbox 2124 5059 2339 5126; x_wconf 79' lang='lat' dir='ltr'><strong>Cephte.</strong></span> <span class='ocrx_word' id='word_1_891' title='bbox 2358 5057 2472 5111; x_wconf 77' lang='lat' dir='ltr'><strong>Non</strong></span> <span class='ocrx_word' id='word_1_892' title='bbox 2500 5058 2655 5119; x_wconf 88' lang='lat' dir='ltr'><strong>dixit,</strong></span> <span class='ocrx_word' id='word_1_893' title='bbox 2682 5055 2853 5124; x_wconf 89' lang='lat' dir='ltr'><strong>primo</strong></span> <span class='ocrx_word' id='word_1_894' title='bbox 2881 5056 3126 5123; x_wconf 87' lang='lat' dir='ltr'><strong>apparuit</strong></span> <span class='ocrx_word' id='word_1_895' title='bbox 3149 5052 3373 5121; x_wconf 70' lang='lat' dir='ltr'><strong>Cephte;</strong></span> <span class='ocrx_word' id='word_1_896' title='bbox 3402 5060 3513 5101; x_wconf 86' lang='lat' dir='ltr'><strong>nam</strong></span> <span class='ocrx_word' id='word_1_897' title='bbox 3531 5045 3654 5096; x_wconf 78' lang='lat' dir='ltr'><strong>esset</strong></span> 
     </span>
    </p>
   </div>
   <div class='ocr_carea' id='block_1_109' title="bbox 2123 5127 3650 5217">
    <p class='ocr_par' dir='ltr' id='par_1_109' title="bbox 2123 5127 3650 5217">
     <span class='ocr_line' id='line_1_109' title="bbox 2123 5127 3650 5217; baseline -0.013 -12"><span class='ocrx_word' id='word_1_898' title='bbox 2123 5150 2449 5205; x_wconf 87' lang='lat' dir='ltr'><strong>contrarium</strong></span> <span class='ocrx_word' id='word_1_899' title='bbox 2500 5149 2640 5217; x_wconf 88' lang='lat' dir='ltr'><strong>quod</strong></span> <span class='ocrx_word' id='word_1_900' title='bbox 2700 5149 2873 5215; x_wconf 91' lang='lat' dir='ltr'><strong>primo</strong></span> <span class='ocrx_word' id='word_1_901' title='bbox 2915 5144 3226 5199; x_wconf 85' lang='lat' dir='ltr'><strong>mulieribus</strong></span> <span class='ocrx_word' id='word_1_902' title='bbox 3272 5136 3564 5209; x_wconf 87' lang='lat' dir='ltr'><strong>apparuisse</strong></span> <span class='ocrx_word' id='word_1_903' title='bbox 3607 5127 3650 5179; x_wconf 86' lang='lat' dir='ltr'><strong>in</strong></span> 
     </span>
    </p>
   </div>
   <div class='ocr_carea' id='block_1_110' title="bbox 2126 5227 3647 5312">
    <p class='ocr_par' dir='ltr' id='par_1_110' title="bbox 2126 5227 3647 5312">
     <span class='ocr_line' id='line_1_110' title="bbox 2126 5227 3647 5312; baseline -0.014 -16"><span class='ocrx_word' id='word_1_904' title='bbox 2126 5244 2409 5312; x_wconf 85' lang='lat' dir='ltr'><strong>Evangelio</strong></span> <span class='ocrx_word' id='word_1_905' title='bbox 2433 5241 2871 5311; x_wconf 86' lang='lat' dir='ltr'><strong>legitur.Postea,</strong></span> <span class='ocrx_word' id='word_1_906' title='bbox 2896 5241 3085 5308; x_wconf 87' lang='lat' dir='ltr'><strong>inquit,</strong></span> <span class='ocrx_word' id='word_1_907' title='bbox 3110 5237 3383 5293; x_wconf 89' lang='lat' dir='ltr'><strong>duodecim</strong></span> <span class='ocrx_word' id='word_1_908' title='bbox 3411 5250 3424 5285; x_wconf 90' lang='lat'><strong>:</strong></span> <span class='ocrx_word' id='word_1_909' title='bbox 3458 5227 3647 5296; x_wconf 71' lang='lat' dir='ltr'><strong>quibit:-</strong></span> 
     </span>
    </p>
   </div>
   <div class='ocr_carea' id='block_1_111' title="bbox 2121 5316 3642 5401">
    <p class='ocr_par' dir='ltr' id='par_1_111' title="bbox 2121 5316 3642 5401">
     <span class='ocr_line' id='line_1_111' title="bbox 2121 5316 3642 5401; baseline -0.014 -13"><span class='ocrx_word' id='word_1_910' title='bbox 2121 5335 2270 5398; x_wconf 90' lang='lat' dir='ltr'><strong>libet,</strong></span> <span class='ocrx_word' id='word_1_911' title='bbox 2299 5349 2405 5398; x_wconf 88' lang='lat' dir='ltr'><strong>qua</strong></span> <span class='ocrx_word' id='word_1_912' title='bbox 2434 5333 2566 5387; x_wconf 89' lang='lat' dir='ltr'><strong>hora</strong></span> <span class='ocrx_word' id='word_1_913' title='bbox 2594 5332 2743 5398; x_wconf 84' lang='lat' dir='ltr'><strong>libet,</strong></span> <span class='ocrx_word' id='word_1_914' title='bbox 2777 5333 2892 5401; x_wconf 91' lang='lat' dir='ltr'><strong>ipso</strong></span> <span class='ocrx_word' id='word_1_915' title='bbox 2923 5339 3100 5386; x_wconf 90' lang='lat' dir='ltr'><strong>tamen</strong></span> <span class='ocrx_word' id='word_1_916' title='bbox 3129 5321 3519 5383; x_wconf 76' lang='lat' dir='ltr'><strong>resurreCtionis</strong></span> <span class='ocrx_word' id='word_1_917' title='bbox 3541 5316 3617 5401; x_wconf 86' lang='lat' dir='ltr'><strong>die</strong></span> <span class='ocrx_word' id='word_1_918' title='bbox 3628 5327 3642 5377; x_wconf 86' lang='lat'><strong>;</strong></span> 
     </span>
    </p>
   </div>
   <div class='ocr_carea' id='block_1_112' title="bbox 2121 5400 3640 5492">
    <p class='ocr_par' dir='ltr' id='par_1_112' title="bbox 2121 5400 3640 5492">
     <span class='ocr_line' id='line_1_112' title="bbox 2121 5400 3640 5492; baseline -0.009 -15"><span class='ocrx_word' id='word_1_919' title='bbox 2121 5424 2313 5480; x_wconf 89' lang='lat' dir='ltr'><strong>deinde</strong></span> <span class='ocrx_word' id='word_1_920' title='bbox 2341 5424 2585 5492; x_wconf 89' lang='lat' dir='ltr'><strong>apparuit</strong></span> <span class='ocrx_word' id='word_1_921' title='bbox 2607 5400 2881 5492; x_wconf 85' lang='lat' dir='ltr'><strong>plusquam</strong></span> <span class='ocrx_word' id='word_1_922' title='bbox 2906 5422 3211 5492; x_wconf 86' lang='lat' dir='ltr'><strong>quingentis</strong></span> <span class='ocrx_word' id='word_1_923' title='bbox 3229 5416 3463 5472; x_wconf 82' lang='lat' dir='ltr'><strong>fratribus</strong></span> <span class='ocrx_word' id='word_1_924' title='bbox 3486 5400 3640 5463; x_wconf 75' lang='lat' dir='ltr'><strong>simul.</strong></span> 
     </span>
    </p>
   </div>
   <div class='ocr_carea' id='block_1_113' title="bbox 2121 5498 3639 5583">
    <p class='ocr_par' dir='ltr' id='par_1_113' title="bbox 2121 5498 3639 5583">
     <span class='ocr_line' id='line_1_113' title="bbox 2121 5498 3639 5583; baseline -0.001 -9"><span class='ocrx_word' id='word_1_925' title='bbox 2121 5525 2230 5574; x_wconf 88' lang='lat' dir='ltr'><strong>sive</strong></span> <span class='ocrx_word' id='word_1_926' title='bbox 2258 5520 2343 5573; x_wconf 88' lang='lat' dir='ltr'><strong>isti</strong></span> <span class='ocrx_word' id='word_1_927' title='bbox 2374 5532 2492 5572; x_wconf 91' lang='lat' dir='ltr'><strong>cum</strong></span> <span class='ocrx_word' id='word_1_928' title='bbox 2527 5519 2630 5571; x_wconf 93' lang='lat' dir='ltr'><strong>illis</strong></span> <span class='ocrx_word' id='word_1_929' title='bbox 2667 5516 2908 5571; x_wconf 86' lang='lat' dir='ltr'><strong>undecim</strong></span> <span class='ocrx_word' id='word_1_930' title='bbox 2938 5525 3092 5569; x_wconf 87' lang='lat' dir='ltr'><strong>erant</strong></span> <span class='ocrx_word' id='word_1_931' title='bbox 3120 5512 3410 5583; x_wconf 81' lang='lat' dir='ltr'><strong>congregati</strong></span> <span class='ocrx_word' id='word_1_932' title='bbox 3432 5548 3446 5573; x_wconf 75' lang='grc' dir='ltr'><strong>ν</strong></span> <span class='ocrx_word' id='word_1_933' title='bbox 3475 5498 3639 5557; x_wconf 57' lang='lat' dir='ltr'><strong>“lamis</strong></span> 
     </span>
    </p>
   </div>
   <div class='ocr_carea' id='block_1_114' title="bbox 2121 5591 3639 5681">
    <p class='ocr_par' dir='ltr' id='par_1_114' title="bbox 2121 5591 3639 5681">
     <span class='ocr_line' id='line_1_114' title="bbox 2121 5591 3639 5681; baseline -0.009 -16"><span class='ocrx_word' id='word_1_934' title='bbox 2121 5613 2270 5666; x_wconf 85' lang='lat' dir='ltr'><strong>ostiis</strong></span> <span class='ocrx_word' id='word_1_935' title='bbox 2294 5619 2510 5681; x_wconf 82' lang='lat' dir='ltr'><strong>propter</strong></span> <span class='ocrx_word' id='word_1_936' title='bbox 2542 5617 2740 5664; x_wconf 84' lang='lat' dir='ltr'><strong>metunt</strong></span> <span class='ocrx_word' id='word_1_937' title='bbox 2774 5606 3101 5674; x_wconf 58' lang='lat' dir='ltr'><strong>ludarcrum,</strong></span> <span class='ocrx_word' id='word_1_938' title='bbox 3138 5606 3275 5663; x_wconf 86' lang='lat' dir='ltr'><strong>unde</strong></span> <span class='ocrx_word' id='word_1_939' title='bbox 3302 5616 3412 5658; x_wconf 82' lang='lat' dir='ltr'><strong>cum</strong></span> <span class='ocrx_word' id='word_1_940' title='bbox 3446 5591 3639 5653; x_wconf 61' lang='lat' dir='ltr'><strong>exim“</strong></span> 
     </span>
    </p>
   </div>
  </div>
