4016 6184
381 343 496 398 833

1568 339 1997 397 TllESAURUS.
2039 340 2193 395 CAP.
2234 339 2365 395 CLX
2381 341 2491 397 XV.

3547 345 3651 398 83⁸

379 453 644 517 Thomas,
673 453 818 507 venit
839 451 903 505 ad
934 465 1028 506 eos
1055 452 1244 515 Jesus,
1275 453 1386 506 sixe
1413 461 1530 520 post
1555 463 1676 508 octo
1704 454 1822 507 illos
1849 454 1966 508 dies
1994 461 2043 518 Α
2073 468 2255 506 verum
2304 454 2465 507 Deum
2495 495 2510 517 ,
2548 463 2600 507 et
2642 469 2798 522 quem
2857 454 3044 508 misisti
3095 455 3272 509 Jesnm
3331 454 3600 509 Christum
3634 499 3649 523 ,

378 543 769 612 qnandolibet;
804 542 930 595 nihil
953 542 1123 594 habet
1149 541 1374 594 adversi.
1415 543 1622 606 Postea,
1656 542 1844 610 inquit,
1871 557 1966 611 ap-

382 635 565 702 paruit
601 633 796 688 lacobo
823 651 834 683 :
869 647 974 686 non
1005 643 1129 686 tunc
1158 641 1333 687 autem
1365 637 1591 700 primum
1623 635 1864 702 accipere
1886 634 1972 687 de-

381 725 576 777 bemus
605 722 774 775 visum
808 736 927 775 esse
957 721 1192 787 Jacobo,
1226 721 1319 775 sed
1353 722 1524 790 aliqua
1555 723 1764 790 propria
1798 721 1970 774 mani-

381 814 672 868 lestatione
719 813 1088 880 singulariter.
1134 813 1332 866 Deinde
1377 813 1631 882 apostolis
1673 812 1921 865 omnibus
1953 853 1968 876 ,

379 921 489 959 nec
520 905 626 958 illis
657 913 782 957 tunc
824 904 1053 971 primum
1082 943 1098 966 ,
1129 903 1222 958 sed
1250 904 1359 972 jam
1394 915 1446 956 ut
1489 903 1801 958 familiarius
1844 919 1971 958 con-

381 1004 693 1048 versaretur
714 1008 837 1046 cum
869 993 948 1045 ris
987 1006 1154 1060 usque
1195 993 1260 1045 ad
1292 994 1433 1046 diem
1473 994 1804 1047 ascensionis
1833 1009 1967 1046 sum.

383 1086 688 1140 NoviSsime
733 1093 911 1138 autem
961 1083 1228 1146 omnium,
1271 1083 1479 1150 inquit,
1536 1082 1684 1150 quasi
1727 1085 1970 1138 avortivo

382 1175 681 1248 [abortivo]
722 1174 970 1243 apparuit
1010 1184 1062 1226 et
1101 1174 1230 1226 mihi
1259 1215 1273 1238 ,
1316 1173 1408 1226 sed
1457 1174 1555 1225 hoc
1578 1173 1686 1240 jam
1728 1173 1794 1226 de
1833 1175 1970 1226 cmlo

384 1277 515 1338 post
542 1283 645 1322 non
681 1281 899 1336 parvqu
934 1274 1145 1333 tempus
1176 1267 1506 1318 ascensionis
1531 1282 1662 1317 sua}.
1695 1266 1968 1332 Nuncjam

384 1361 662 1414 videamus
708 1358 849 1426 quod
891 1357 1265 1410 distuleramus
1289 1398 1303 1418 ,
1337 1356 1487 1424 cujus
1518 1355 1757 1424 mysterii
1805 1357 1968 1423 gratia

383 1452 682 1507 secundum
718 1450 1026 1504 Matthzcum
1058 1459 1112 1502 et
1143 1449 1376 1502 Marcum
1411 1463 1694 1516 resurgens
1717 1448 1785 1499 ita
1819 1462 1970 1499 man-

383 1543 599 1596 daverit
623 1560 634 1592 :
657 1541 960 1594 l‘rmcedam
984 1554 1077 1592 vos
1097 1540 1146 1592 in
1171 1539 1466 1603 Galilazam,
1492 1538 1560 1591 ibi
1580 1554 1665 1592 me
1685 1538 1965 1590 videbitis:

386 1637 536 1704 quod
563 1645 615 1688 et
643 1635 719 1688 sic
747 1633 1073 1702 completum
1099 1640 1180 1684 est
1202 1672 1216 1695 ,
1247 1642 1425 1685 tamen
1470 1640 1586 1700 post
1629 1631 1792 1683 multa
1818 1643 1966 1682 eoin-

385 1728 593 1797 pletum
616 1735 696 1779 est
723 1767 737 1788 ,
767 1741 887 1778 cum
915 1725 993 1777 sic
1024 1723 1331 1776 mandatum
1386 1722 1478 1789 sit,
1511 1735 1811 1790 quanquam
1853 1721 1969 1771 sine

2077 545 2215 598 sicut
2247 544 2297 597 in
2329 546 2416 598 illa
2446 549 2743 598 a-ternitate
2772 555 3148 612 cognoscetur,
3183 561 3289 614 quo
3314 560 3496 599 servos
3526 563 3648 612 per-

2076 634 2231 688 ducet
2256 650 2349 701 per
2380 635 2597 689 formam
2628 636 2790 703 servi,
2829 645 2884 689 ιιι
2910 637 3060 690 liberi
3091 638 3517 705 contemplemur
3547 638 3651 691 for-

2077 740 2216 776 tnam
2254 725 2483 778 Domini.

2599 834 2823 888 CAPUT
2864 834 3116 887 CLXXV.

2079 945 2229 1008 Quod
2258 947 2307 996 in
2326 947 2481 1019 tribus
2503 949 2690 1008 actium,
2720 949 2771 1000 in
2786 947 3002 1001 Joannis
3024 959 3189 1002 autem
3214 949 3487 1019 Evangelia
3514 954 3650 1004 dona

2143 1018 2544 1090 eontempluliva‘
2571 1020 2766 1069 virtutis
2792 1022 3010 1070 eluceant
3054 1020 3246 1072 idoneis
3286 1018 3594 1090 dignoscere!
3631 1063 3646 1084 ,

2143 1088 2386 1153 quianon
2419 1090 2654 1154 perferte,
2686 1091 2772 1138 sed
2804 1103 2865 1138 ea:
2905 1099 3048 1153 parte
3077 1091 3161 1149 sit,
3187 1090 3298 1140 ideo
3330 1088 3400 1141 sic
3429 1093 3649 1142 manebit

2151 1158 2302 1206 donec
2327 1159 2487 1208 veniat
2505 1201 2517 1222 ,
2551 1173 2614 1209 ex
2644 1159 2772 1209 libro
2816 1158 2879 1208 de
2908 1158 3166 1210 Conseum
3193 1159 3483 1228 evangelist.
3517 1176 3588 1213 Iv.

2147 1265 2595 1332 Discipulisetiam
2617 1267 2932 1319 insufﬂando
2948 1267 3092 1320 dedit
3107 1267 3362 1334 Spiritum
3382 1278 3646 1334 sanctum,

2074 1370 2138 1406 ne
2166 1357 2277 1421 ipse
2305 1356 2534 1424 Spiritus
2561 1357 2650 1424 qui
2669 1355 2912 1409 Trinitati
2943 1357 3404 1409 consubstantialis
3433 1366 3484 1409 ct
3508 1372 3648 1410 core-

2074 1453 2257 1497 ternus
2279 1455 2398 1508 est,
2430 1446 2798 1498 tantummodo
2827 1446 2994 1498 Patris
3031 1460 3152 1498 esse
3199 1462 3302 1499 non
3343 1447 3500 1498 etiam
3528 1445 3647 1499 Filii

2072 1535 2300 1602 Spiritus
2325 1545 2621 1604 putaretur.
2655 1537 2932 1589 Postremo
2959 1551 3079 1590 suas
3102 1550 3230 1590 oves
3275 1537 3430 1589 Petro
3451 1538 3650 1588 amanti

2073 1623 2175 1696 [se]
2199 1666 2214 1690 ,
2245 1643 2474 1694 rumque
2503 1641 2739 1680 amorem
2767 1635 2845 1678 ter
2871 1625 3146 1679 conﬁtenti
3173 1626 3552 1679 commendans
3573 1626 3648 1677 di-

2070 1715 2143 1767 cit
2167 1755 2180 1777 ,
2209 1716 2455 1768 eumdem
2485 1714 2742 1768 Joannem
2764 1715 2839 1769 sic
2869 1730 2930 1768 se
2953 1715 3088 1769 velle
3114 1730 3330 1768 manere
3359 1714 3531 1767 donec
3560 1729 3650 1768 ve-

389 1816 706 1886 pra-judicio
749 1814 1110 1880 necessitatis,
1145 1825 1198 1864 ut
1230 1822 1319 1864 aut
1362 1811 1461 1864 hoc
1482 1811 1654 1863 solum
1682 1849 1698 1875 ,
1733 1819 1823 1862 aut
1868 1811 1969 1861 hoc
2003 1823 2044 1882 Β
2076 1805 2218 1870 niat,
2246 1807 2334 1859 ubi
2373 1809 2533 1860 etiam
2569 1807 2698 1858 mihi
2729 1807 2938 1859 videtur
2976 1808 3081 1860 alto
3119 1807 3362 1861 docuisse
3395 1807 3653 1876 mysterio

390 1907 626 1975 primum
675 1913 1074 1973 exspectaretur
1131 1903 1241 1955 licri
1293 1901 1560 1955 debuisse.
1610 1897 1964 1953 Proculdubio

387 2013 528 2068 ergo
548 1999 794 2066 quoniam
818 2011 920 2050 vox
941 2004 1022 2050 est
1045 1995 1140 2048 ista
1169 2008 1270 2047 non
1303 1992 1652 2061 Evangelista:
1677 1989 1964 2054 narrantis,

389 2087 540 2156 quod
572 2087 641 2139 ita
671 2085 865 2139 factum
890 2085 960 2138 sit
985 2125 999 2146 .
1029 2083 1123 2137 sed
1147 2082 1318 2150 angeli
1347 2096 1412 2135 ex
1445 2080 1694 2134 mandato
1723 2079 1965 2142 Domini,

390 2189 454 2232 et
475 2179 637 2247 ipsius
662 2187 842 2245 postea
869 2175 1096 2238 DOuiini,
1136 2173 1490 2241 Evangelista:
1520 2180 1697 2225 autem
1742 2185 1968 2224 narran-

391 2271 488 2334 tis,
511 2270 602 2322 sed
633 2267 774 2336 quod
803 2268 872 2320 ita
911 2266 978 2319 ab
1003 2265 1195 2333 angelo
1221 2308 1236 2331 ,
1262 2274 1313 2317 et
1342 2279 1371 2316 a
1407 2263 1629 2316 Domino
1665 2262 1862 2314 dictum
1905 2260 1973 2312 sit

395 2358 709 2426 prophetice
723 2357 921 2410 dictum
953 2355 1316 2422 accipiendum
1347 2361 1468 2418 est;
1493 2352 1710 2405 Galilzea
1743 2363 1971 2415 namque

395 2451 803 2517 interpretatur,
839 2446 921 2499 vel
951 2445 1366 2512 transmigratio,
1396 2443 1479 2496 vel
1519 2442 1792 2495 revelatio.
1824 2440 1974 2492 P.ius

399 2542 582 2605 itaque
637 2537 927 2591 secundum
956 2533 1442 2601 transmigrationis
1484 2530 1930 2598 signiﬁcationem
1959 2569 1975 2592 ,

392 2627 532 2693 quid
561 2626 698 2678 aliud
737 2625 970 2678 occurrit
1001 2621 1438 2690 intelligendum,
1493 2619 1747 2672 Prmcedit
1786 2632 1882 2670 vos
1923 2619 1976 2670 in

394 2717 700 2783 Galilaeam,
731 2716 799 2769 ibi
827 2730 944 2767 cum
976 2713 1254 2777 videbitis;
1287 2712 1387 2764 nisi
1433 2710 1555 2779 quia
1585 2708 1781 2762 Christi
1812 2707 1978 2775 gratia

397 2809 474 2862 de
508 2809 702 2876 populo
755 2807 919 2862 lsraél
965 2806 1408 2873 transmigratura
1459 2811 1574 2855 erat
1619 2801 1684 2854 ad
1740 2799 1980 2853 Gentes?

397 2897 602 2967 quibus
622 2896 847 2964 apostoli
879 2897 1229 2965 prted;cantes
1261 2893 1605 2962 Evangelium
1639 2892 1785 2944 nullo
1819 2890 1982 2942 modo

400 2989 759 3044 crederentur
783 3032 798 3056 ,
832 2988 933 3042 nisi
964 2988 1041 3042 eis
1068 2989 1180 3055 ipse
1215 2987 1465 3039 Dominus
1493 2985 1629 3037 viain
1661 2983 1711 3035 in
1733 2981 1984 3036 cordibus

404 3082 681 3134 hominum
722 3089 1046 3149 praepararet
1070 3119 1084 3141 ,
1116 3093 1166 3133 et
1195 3079 1294 3132 hoc
1329 3077 1662 3143 intelligitur,
1711 3072 1986 3126 Prmcedct

2072 1896 2224 1949 istam
2243 1898 2407 1965 ipsam
2431 1897 2651 1951 Joannis
2675 1899 3030 1966 evangelicatn
3055 1899 3526 1965 dispensationem,
3547 1915 3651 1968 qua

2068 1986 2122 2039 in
2155 1987 2327 2040 lucem
2362 1987 2768 2054 liquidissimam
2813 1989 2962 2040 Verbi
3005 1987 3304 2042 sublimiter
3336 1989 3521 2052 l‘ertur,
3558 1990 3645 2042 ubi

2070 2077 2346 2132 Trinitatis
2389 2079 2664 2147 :equalitas
2705 2088 2757 2132 et
2799 2079 3306 2133 incommutabilitas
3354 2082 3523 2134 videri
3565 2096 3654 2148 po-

2073 2177 2195 2232 test,
2227 2179 2395 2237 etqua
2421 2171 2652 2222 maxime
2688 2171 3008 2239 proprietate
3031 2171 3237 2226 disteta
3267 2172 3474 2226 cmtcris
3493 2175 3652 2224 homo

2072 2263 2224 2331 cujus
2239 2267 2581 2332 susceptione
2597 2265 2830 2319 Verbum
2854 2281 2981 2319 caro
3005 2265 3202 2319 factum
3227 2276 3306 2320 est
3328 2309 3341 2332 ,
3373 2268 3649 2336 perSpicuc

2074 2356 2218 2407 cerni
2247 2358 2605 2424 cognoscique
2629 2372 2734 2409 non
2763 2372 2952 2424 posse,
2981 2359 3082 2412 nisi
3110 2375 3227 2412 cum
3256 2360 3368 2427 ipse
3397 2361 3652 2412 Dominus

2077 2448 2303 2514 venerit,
2340 2449 2460 2502 ideo
2493 2448 2568 2501 sic
2605 2449 2842 2502 manebit
2869 2449 3039 2503 donec
3070 2450 3264 2502 veniat.
3300 2450 3527 2504 Manebit
3556 2467 3652 2503 au-

2078 2543 2184 2588 tem
2210 2552 2349 2590 nunc
2372 2538 2422 2591 in
2447 2537 2550 2592 lide
2568 2537 2925 2601 credentium,
2952 2547 3078 2592 tunc
3110 2548 3287 2590 autem
3319 2537 3452 2592 facie
3483 2541 3545 2591 ad
3575 2538 3653 2590 fa—

2078 2626 2216 2678 ciem
2243 2626 2709 2694 contemplandum
2728 2628 2830 2680 erit
2851 2641 2972 2680 cum
2996 2635 3298 2694 apparuerit
3324 2625 3425 2678 vita
3446 2635 3622 2678 nostra
3637 2666 3652 2689 ,

2080 2726 2132 2768 et
2158 2730 2254 2769 nos
2283 2731 2402 2770 cum
2438 2717 2554 2784 ipso
2584 2717 2958 2784 apparebimus
2987 2716 3035 2768 in
3065 2717 3252 2784 gloria.
3282 2716 3532 2784 Quisquis
3559 2732 3652 2767 au-

2082 2819 2188 2864 tem
2212 2810 2500 2863 arbitratur
2531 2809 2732 2863 homini
2762 2811 2921 2862 vitam
2964 2810 3118 2862 istam
3158 2808 3433 2861 mortalem
3480 2808 3652 2860 adhuc

2084 2901 2256 2969 agenti
2291 2915 2445 2968 posse
2493 2904 2801 2968 contingere
2829 2941 2844 2963 ,
2882 2907 2939 2952 ut
2965 2899 3166 2951 dimoto
3214 2907 3372 2967 atque
3412 2899 3654 2954 discusso

2085 2992 2228 3043 omni
2262 2991 2441 3044 nubilo
2472 2990 2872 3059 phantasiarum
2897 2989 3248 3057 corporalium
3287 2998 3444 3054 atque
3466 3004 3655 3042 carna-

2086 3082 2212 3135 lium
2235 3122 2249 3143 ,
2287 3080 2622 3134 serenissima
2668 3079 3113 3134 incommutabilis
3145 3079 3380 3133 veritatis
3412 3080 3526 3133 luce
3563 3095 3656 3147 po-

403 3187 505 3224 vos
537 3173 586 3225 in
617 3171 912 3225 Galilaeam.
945 3170 1094 3236 Quod
1117 3178 1294 3221 autem
1326 3167 1618 3236 gaudentes
1643 3165 1978 3225 mirarentur,

2088 3172 2250 3224 tiatur
2272 3213 2284 3234 ,
2308 3179 2362 3224 et
2391 3183 2568 3225 mente
2599 3171 2807 3240 penitus
2850 3186 2879 3224 a
2923 3170 3313 3224 consuetudine
3343 3173 3462 3224 vita:
3501 3171 3655 3239 hujus

403 3262 659 3331 disruptis
694 3271 747 3317 et
767 3263 956 3316 evict's
999 3260 1401 3314 difficultatibus
1431 3256 1625 3323 aperiri
1659 3253 1758 3307 sibi
1783 3255 2005 3312 ostium,

405 3359 460 3410 in
486 3355 710 3408 Domino
733 3369 827 3420 per
853 3353 1294 3407 illuminationein
1322 3350 1577 3412 lidelium,
1604 3347 1704 3400 hoc
1730 3344 1982 3412 intelligi-

407 3456 518 3510 tur,
569 3444 639 3499 lbi
674 3460 794 3498 eum
830 3444 1099 3510 videbitis,
1141 3443 1193 3496 id
1235 3451 1346 3504 est,
1378 3439 1450 3493 ibi
1485 3439 1724 3492 membra
1753 3436 1870 3503 ejus
1902 3437 1983 3487 in-

405 3537 653 3601 venietis,
683 3537 750 3588 ibi
783 3537 956 3588 vivum
987 3549 1181 3602 corpus
1213 3532 1330 3600 ejus
1371 3531 1424 3584 in
1459 3531 1541 3583 his
1567 3543 1700 3598 quos
1731 3527 1839 3596 [qui
1871 3525 1986 3596 vos]

405 3627 1068 3696 susceperintagnoscetis;
1093 3625 1381 3679 secundum
1397 3623 1522 3678 iand
1537 3633 1709 3676 autem
1727 3621 1864 3689 quod
1886 3618 1988 3671 Ca-

412 3723 552 3776 lilxa
579 3723 958 3787 interpretatur
985 3720 1256 3782 revelatio,
1291 3733 1395 3771 non
1421 3718 1530 3785 jam
1561 3717 1612 3770 in
1649 3716 1812 3768 forma
1845 3714 1986 3766 servi

410 3813 812 3882 intelligendum
839 3819 959 3874 est,
997 3809 1089 3862 sed
1117 3809 1166 3861 in
1196 3808 1280 3860 illa
1326 3808 1378 3860 in
1410 3823 1510 3876 qua
1535 3806 1753 3874 mqualis
1785 3813 1867 3858 est
1892 3803 1990 3855 Pa-

409 3904 479 3958 tri
526 3919 684 3972 quam
731 3901 976 3971 promisit
1019 3899 1156 3966 apud
1185 3898 1443 3952 Joannem
1482 3895 1828 3950 dilectoribus
1875 3893 1990 3946 suis

411 4011 533 4050 cum
561 3993 798 4056 diceret;
841 3991 907 4044 Et
933 4005 1032 4058 ego
1057 3990 1272 4059 diligam
1319 4001 1440 4040 eum
1479 3995 1531 4040 et
1563 3983 1838 4038 ostendam
1879 3997 1992 4036 me-

412 4087 585 4156 ipsum
611 4085 704 4138 illi.
725 4082 839 4137 Non
859 4082 1040 4149 utique
1055 4081 1346 4134 secundum
1365 4078 1414 4130 id
1437 4077 1574 4145 quod
1595 4075 1702 4142 jam
1719 4072 1990 4136 videbant,

414 4187 466 4234 et
492 4177 632 4246 quod
662 4177 821 4230 etiam
845 4188 1128 4243 resurgens
1150 4187 1267 4226 cum
1298 4169 1656 4230 cicatricibus,
1688 4181 1791 4220 non
1821 4165 1990 4219 solum

415 4273 734 4332 videndum,
765 4267 856 4321 sed
891 4268 1052 4320 etiam
1087 4262 1408 4331 tangendutn
1449 4259 1784 4327 postmodum
1813 4265 1994 4310 osten-

413 4361 512 4420 dit,
553 4358 646 4411 sed
683 4355 971 4409 secundum
1002 4354 1146 4407 illam
1185 4350 1500 4404 ineilabilem
1535 4349 1703 4400 lucem
1735 4359 1834 4414 qua
1876 4346 1996 4397 illu-

414 4451 585 4504 minat
607 4461 817 4501 omnem
846 4445 1112 4498 hominem
1139 4442 1440 4496 venientem
1469 4443 1519 4492 in
1551 4439 1688 4491 hunc
1712 4436 1989 4498 mundum,

2087 3265 2314 3316 alienata
2342 3307 2355 3329 ,
2405 3263 2482 3317 illi
2511 3271 2818 3317 constanter
2847 3273 2901 3316 et
2938 3261 3384 3315 indeclinabiliter
3432 3262 3654 3326 luerent,

2086 3369 2184 3407 nec
2231 3355 2353 3422 quid
2407 3366 2609 3424 qumrat
2667 3369 2767 3407 nec
2807 3355 2924 3422 quis
2962 3363 3168 3421 quaerat
3209 3353 3473 3421 intelligit.
3520 3351 3652 3406 Cre-

2086 3446 2176 3498 dat
2257 3460 2384 3512 ergo
2426 3445 2623 3512 potius
2683 3443 2896 3497 sublimi
2964 3443 3267 3496 auctoritati
3337 3443 3658 3511 minimeque

2093 3538 2248 3608 115
2281 3536 2473 3598 l'allaci,
2505 3537 2735 3604 quandiu
2767 3551 2950 3589 sumus
2984 3537 3033 3588 in
3065 3550 3291 3603 corpore
3334 3533 3657 3602 peregrinari

2090 3647 2187 3683 nos
2215 3648 2242 3681 a
2289 3629 2513 3682 Domino
2557 3636 2610 3681 et
2640 3628 2910 3680 ambulare
2939 3641 3031 3693 per
3074 3626 3262 3688 fidem,
3307 3625 3538 3678 umidum
3569 3638 3661 3692 per

2089 3720 2320 3789 speciem
2341 3764 2354 3786 ,
2401 3735 2462 3771 ac
2489 3719 2566 3771 sic
2595 3726 2999 3786 perseveranter
3039 3717 3274 3768 retinens
3303 3726 3460 3782 atque
3486 3724 3663 3768 custo-

2090 3812 2241 3866 diens
2274 3811 2452 3872 iidem,
2494 3823 2640 3875 Spem
2672 3815 2726 3860 et
2755 3806 3083 3868 charitatem,
3121 3805 3356 3857 intendat
3403 3805 3454 3857 in
3483 3805 3662 3871 specie

2089 3917 2155 3956 ex
2179 3901 2399 3970 pignore
2441 3899 2581 3966 quod
2612 3895 2784 3950 sancti
2813 3893 3040 3963 Spiritus
3072 3893 3374 3961 accepimus
3398 3935 3411 3955 ,
3445 3894 3533 3961 qui
3565 3909 3662 3947 nos

2092 3993 2301 4048 docebit
2352 3987 2551 4062 [docet]
2599 4001 2813 4042 onmem
2864 3985 3169 4048 veritatem,
3212 3999 3333 4038 cum
3386 3983 3522 4037 Deus
3569 3986 3660 4052 qui

2094 4083 2367 4140 suscitavit
2407 4082 2588 4136 Jesum
2625 4079 2896 4133 Christum
2941 4092 2970 4130 a
3017 4078 3238 4131 mortuis
3279 4075 3566 4129 viviﬁcabit
3605 4087 3659 4130 et

2097 4173 2338 4227 mortalia
2368 4185 2595 4236 corpora
2630 4177 2807 4220 nostra
2839 4182 2932 4234 per
2977 4164 3359 4218 inhabitantem
3405 4165 3659 4231 Spiritum

2096 4265 2212 4334 ejus
2235 4264 2288 4317 in
2321 4263 2492 4316 nobis.
2525 4261 2678 4314 Prius
2706 4272 2880 4313 autem
2905 4272 3060 4326 quam
3088 4256 3379 4310 vivilicetur
3403 4257 3499 4308 hor.
3520 4257 3662 4325 quod

2099 4365 2364 4409 mortuum
2412 4361 2529 4418 est,
2580 4360 2795 4420 propter
2840 4358 3111 4417 peccatum
3158 4347 3503 4415 proculdubio
3547 4362 3663 4401 cor.

2100 4445 2350 4513 rnptibile
2373 4453 2476 4505 est,
2509 4450 2560 4493 et
2582 4437 3072 4507 aggravataniuunn
3093 4452 3108 4500 ;
3131 4445 3184 4488 et
3204 4437 3247 4488 si
3271 4436 3480 4503 quando
3508 4453 3536 4488 a
3561 4437 3663 4489 vita

418 4539 710 4592 secundum
750 4551 906 4605 quam
943 4536 1084 4588 lucet
1117 4538 1168 4587 in
1213 4533 1481 4598 tenebris,
1519 4541 1572 4584 et
1608 4529 1840 4584 tenebrae
1867 4542 1986 4580 eum
2019 4525 2070 4583 D
2097 4536 2307 4590 excedit
2337 4533 2470 4585 hanc
2517 4531 2762 4584 nebulam
2807 4543 2908 4597 qua
2957 4527 3148 4594 tegitur
3194 4526 3369 4578 omnis
3399 4537 3560 4593 terra,
3609 4527 3660 4579 id

417 4645 525 4683 non
573 4627 1112 4696 comprehenderunt.
1163 4623 1294 4677 llluc
1338 4623 1611 4691 pirecessit
1648 4619 1797 4688 [Illuc
1834 4615 1985 4686 nos],

418 4721 564 4776 unde
592 4721 656 4773 ad
699 4734 798 4772 nos
824 4718 1047 4772 veniens
1086 4731 1188 4769 non
1221 4714 1464 4778 reces~it,
1497 4721 1550 4766 et
1579 4726 1683 4778 quo
1721 4723 1818 4763 nos
1858 4724 1993 4775 prte-

419 4813 619 4867 cedens
665 4824 770 4864 non
823 4807 1103 4861 deseruit:
1143 4804 1228 4857 illa
1285 4804 1388 4858 erit
1438 4801 1698 4856 revelatio
1741 4807 1990 4865 tanquam

420 4917 548 4957 vera
574 4902 791 4956 Galilaea
821 4915 836 4963 ;
861 4913 980 4952 cum
1014 4898 1216 4950 similes
1247 4897 1294 4949 ei
1325 4896 1546 4956 erimus,
1579 4891 1651 4945 ibi
1675 4905 1798 4945 eum
1845 4890 1994 4943 vide-

423 4995 600 5049 bimus
629 4993 780 5046 sicuti
812 4998 914 5045 est.
945 4990 1058 5054 Ipsa
1091 4990 1194 5042 erit
1231 4989 1389 5040 etiam
1421 4987 1625 5039 beatior
1655 4983 1998 5051 transmigra-

423 5091 499 5141 tio
526 5102 590 5141 ex
617 5087 718 5138 isto
751 5083 950 5138 saeculo
974 5083 1025 5135 in
1060 5082 1203 5134 illam
1235 5081 1614 5140 aeternitatem,
1647 5078 1691 5130 si
1720 5077 1834 5144 ejus
1865 5091 2001 5141 prie-

423 5185 574 5244 cepta
607 5175 684 5228 sic
715 5173 1099 5241 amplectamur
1129 5179 1185 5222 nt
1214 5171 1277 5222 ad
1310 5169 1428 5238 ejus
1458 5169 1701 5223 dextram
1734 5165 1999 5234 segregari

425 5279 748 5323 mereamur.
771 5263 921 5316 Tunc
936 5261 1076 5314 enim
1101 5260 1249 5313 ibunt
1271 5259 1472 5313 sinistri
1498 5259 1548 5311 in
1571 5261 1996 5311 combustionem

425 5370 711 5421 aeternam,
741 5353 870 5422 justi
901 5361 1075 5404 autem
1101 5353 1154 5403 in
1185 5350 1344 5403 vitam
1390 5357 1666 5402 aeternam.
1701 5348 1834 5401 llinc
1873 5347 1997 5400 illuc

427 5445 912 5515 transmigrabunt,
941 5452 994 5496 et
1029 5457 1149 5497 eum
1181 5443 1434 5496 videbunt
1469 5441 1736 5511 quomodo
1781 5454 1884 5493 non
1923 5441 1997 5493 vi-

426 5543 558 5596 dent
587 5537 758 5606 impii.
789 5534 1027 5589 Tolletur
1065 5536 1204 5587 enim
1234 5535 1426 5602 impius
1463 5544 1518 5586 ut
1543 5550 1647 5586 non
1686 5533 1863 5587 videat
1892 5532 2000 5585 cla-

429 5637 642 5690 ritatem
667 5628 897 5690 Domini.
925 5637 978 5681 et
1008 5628 1155 5694 impii
1193 5627 1372 5680 lumen
1404 5643 1508 5680 non
1561 5627 1836 5679 videbunt.
1878 5625 2001 5678 llmc

430 5735 511 5782 est
531 5733 731 5787 autem,
760 5719 962 5786 inquit,
985 5717 1093 5772 vita
1117 5730 1332 5783 :rterna,
1353 5728 1408 5772 ut
1427 5725 1748 5786 Cognoscant
1772 5727 1820 5769 te
1837 5732 1998 5769 unmn

2097 4638 2200 4692 est,
2231 4628 2365 4678 hanc
2387 4622 2653 4676 carnalem
2680 4620 2979 4688 caliginem,
3012 4633 3109 4686 qua
3139 4617 3331 4685 tegitur
3354 4618 3529 4670 omnis
3559 4619 3664 4670 vita

2100 4729 2331 4783 terrena,
2363 4727 2611 4782 tanquam
2640 4712 2820 4780 rapida
2849 4709 3215 4763 coruscatione
3262 4709 3664 4777 perstringitur,

2099 4818 2154 4864 et
2183 4810 2233 4862 in
2264 4822 2414 4861 suam
2440 4805 2802 4859 infirmitatem
2835 4800 2990 4866 redit,
3023 4801 3237 4852 vivente
3270 4797 3537 4852 desiderio
3562 4815 3670 4868 quo

2103 4917 2286 4956 rursus
2308 4902 2562 4968 erigatur,
2595 4911 2694 4950 nec
2724 4893 3023 4949 sufﬁciente
3052 4890 3304 4945 munditia
3324 4906 3426 4959 qua
3459 4894 3671 4959 ligatur,

2103 5001 2157 5046 ct
2185 5001 2384 5060 quanto
2404 4989 2627 5058 quisque
2657 4987 2756 5039 hoc
2789 4983 2954 5052 magis
2972 4991 3164 5051 potest,
3199 4991 3343 5034 tanto
3373 4983 3544 5050 major
3568 4991 3668 5043 est;

2103 5093 2302 5152 quanto
2331 5091 2506 5134 autem
2539 5079 2743 5142 minus,
2794 5085 2940 5127 tanto
2993 5073 3186 5128 minor.
3235 5073 3290 5127 Si
3329 5083 3505 5127 autem
3543 5071 3669 5123 nihil

2103 5173 2276 5226 adhuc
2309 5171 2411 5222 tale
2440 5183 2591 5222 mens
2621 5165 2850 5220 hominis
2879 5173 3100 5232 experta
3131 5174 3213 5216 est
3241 5204 3255 5225 ,
3288 5163 3339 5214 in
3369 5178 3468 5229 qua
3497 5171 3669 5212 tamen

2107 5265 2304 5318 habitat
2333 5262 2580 5316 Christus
2603 5275 2697 5328 per
2738 5257 2894 5310 [idem
2914 5298 2926 5315 ,
2953 5256 3152 5309 instare
3194 5253 3346 5304 di-bet
3374 5249 3672 5303 minuendis

2107 5355 2455 5422 ﬁniendisque
2485 5349 2866 5420 cupiditatibus
2911 5347 3068 5411 hujus
3098 5343 3278 5396 SJBCUll
3326 5339 3538 5391 moralis
3569 5339 3674 5390 vir-

2106 5448 2234 5501 tutis
2273 5446 2521 5508 actione,
2567 5451 2815 5510 tanquam
2866 5438 2918 5491 in
2963 5436 3212 5489 comitatu
3259 5431 3414 5485 trium
3463 5429 3671 5482 illorum

2104 5535 2549 5607 evangelistarum
2580 5547 2699 5587 cum
2749 5527 3044 5583 mediatore
3096 5521 3311 5575 Christo
3356 5519 3672 5584 ambulans;

2105 5642 2330 5696 eumque
2353 5627 2438 5693 qui
2471 5624 2636 5677 Filius
2664 5621 2754 5674 Dei
2785 5630 2997 5684 semper
3023 5622 3126 5674 est,
3153 5620 3368 5678 pr0pter
3388 5623 3484 5662 nos
3509 5609 3674 5662 lilium

2107 5719 2336 5771 hominis
2370 5715 2586 5778 facturn,
2617 5721 2675 5764 ut
2715 5709 3034 5774 sempiterna
3069 5704 3235 5754 virtus
3264 5699 3381 5765 eius
3414 5711 3464 5755 et
3489 5700 3675 5754 divini-
