3986 6190
525 306 589 362 35
1543 311 1603 365 D.
1648 309 1956 366 EUCYPPII
1999 311 2286 368 ABBATIS
2326 315 2642 372 AFIll-CslNl
3619 327 3718 378 83’3

487 424 562 471 tas
610 425 804 471 nostras
860 417 1147 472 infirmitati
1179 428 1234 474 et
1282 419 1593 476 mortalitati
1636 432 2037 491 contemperata
2073 427 2111 482 Α

488 508 552 562 de
583 520 766 563 nostro
796 510 952 564 nobis
975 510 1026 563 in
1056 525 1112 564 se
1137 523 1294 580 atque
1323 514 1385 567 ad
1418 530 1475 571 se
1504 515 1702 568 faceret
1731 515 1890 578 viam,
1926 529 2045 567 cmn

483 614 685 667 magna:
733 601 845 668 spei
890 600 1066 654 laetitia
1123 602 1351 656 lideliter
1386 614 1582 658 teneat.
1629 605 1705 658 Ne
1754 615 1968 674 peccet,
2018 620 2048 658 a

482 706 606 757 rege
633 690 844 744 Christo
872 704 1084 760 regatur
1111 709 1123 755 ;
1167 694 1210 746 si
1257 694 1391 747 forte
1420 697 1735 760 peccaverit,
1766 697 1833 750 ab
1859 699 2046 751 eodem

481 780 758 833 sacerdote
788 779 1000 834 Christo
1031 782 1293 848 expietur.
1318 787 1554 851 atqucita
1588 787 1637 837 in
1661 787 1866 840 actione
1894 787 2046 841 bona:

481 872 903 925 conversationis
926 881 979 926 et
1005 875 1124 926 vita:
1156 885 1370 928 nutrttis
1402 878 1608 942 pennis,
1642 879 1863 947 geminas
1890 879 2048 931 dilec-

481 961 662 1025 tionis,
697 970 942 1029 tanquam
986 962 1189 1016 duabus
1221 966 1316 1017 alis
1344 965 1527 1018 validis
1555 979 1769 1022 evectus
1812 984 1840 1021 a
1865 969 2039 1032 terris,

477 1052 540 1102 ab
562 1052 747 1105 eodem
773 1052 888 1120 ipso
910 1050 1123 1106 Christo
1139 1055 1312 1108 Verbo
1331 1057 1674 1123 illuminetur,
1707 1060 1880 1113 Verbo
1903 1062 2043 1130 quod

478 1141 531 1192 In
565 1142 823 1210 principio
853 1153 1002 1208 erat,
1058 1154 1111 1198 et
1158 1146 1387 1199 Verbum
1420 1148 1555 1215 apud
1607 1152 1768 1204 Deum
1814 1161 1948 1218 erat,
1991 1160 2045 1204 ct

479 1229 708 1284 Verbum
755 1231 892 1284 Deus
943 1244 1082 1295 erat;
1118 1235 1214 1286 etsi
1265 1250 1356 1301 per
1384 1237 1658 1302 speculum
1696 1250 1749 1292 et
1791 1239 1841 1291 in
1888 1240 2048 1308 aenig-

476 1325 642 1382 mate,
672 1319 824 1386 longe
871 1329 1044 1374 tamen
1093 1322 1368 1376 sublimius
1398 1325 1463 1378 ab
1503 1329 1644 1378 omni
1693 1328 2043 1385 similitudine

473 1410 758 1474 corporali.
791 1410 1122 1480 Quapropter
1152 1416 1392 1480 quamvis
1423 1417 1475 1470 in
1513 1417 1618 1471 illis
1642 1420 1808 1475 tribus
1831 1424 2038 1488 activtn,

472 1495 522 1547 in
551 1495 775 1551 Joannis
804 1511 980 1553 autem
1018 1501 1308 1570 Evangelio
1329 1505 1465 1558 dona
1489 1510 1907 1577 contemplativa:
1931 1514 2041 1566 vir-

473 1589 598 1640 tutis
625 1589 868 1643 eluceant
895 1591 971 1644 eis
997 1592 1085 1660 qui
1119 1593 1232 1647 hzee
1263 1593 1407 1666 [hoc]
1432 1597 1745 1667 dignoscere
1774 1611 1898 1656 sunt
1926 1603 2040 1656 ido-

469 1676 574 1739 nei,
603 1687 779 1732 tamen
822 1687 876 1733 et
919 1681 1019 1735 hoe
1057 1681 1305 1748 Joannis,
1335 1688 1584 1752 quoniam
1631 1703 1694 1744 ex
1741 1701 1889 1758 parte
1920 1701 2032 1756 est,

466 1765 542 1819 sic
571 1768 804 1822 manebit
824 1769 993 1823 donec
1019 1772 1195 1825 veniat
1215 1774 1356 1842 quod
1385 1776 1673 1843 perfectum
1713 1790 1815 1833 est.
1851 1782 1918 1838 Et
1943 1783 2031 1837 alii
2065 1773 2108 1832 Β

464 1855 682 1923 quidem
721 1857 877 1911 datur
918 1874 1012 1926 per
1057 1860 1312 1927 Spiritum
1363 1879 1541 1920 sermo
1579 1870 1852 1937 sapientia:
1885 1914 1899 1936 ,
1944 1874 2035 1927 alii

464 1959 644 1999 sermo
689 1948 930 2002 scientias
967 1952 1261 2008 secundum
1310 1957 1554 2012 eumdem
1582 1959 1869 2028 Spiritum;
1903 1965 2036 2020 alius

464 2034 602 2088 diem
637 2036 861 2090 Domino
890 2039 1066 2106 sapit,
1099 2042 1230 2096 alius
1281 2045 1348 2099 de
1396 2057 1611 2114 pectore
1644 2051 1851 2108 Domini
1883 2055 2036 2124 liqui-

462 2123 584 2178 dius
628 2126 826 2194 aliquid
859 2127 1030 2192 bibit,
1063 2131 1199 2186 alius
1231 2133 1433 2190 levatus
1481 2152 1647 2208 usque
1697 2143 1762 2196 ad
1819 2123 2032 2202 tertium

461 2214 652 2268 cmlum
678 2215 958 2272 ineffabilia
988 2222 1146 2275 verba
1172 2225 1317 2279 audit
1351 2244 1364 2278 :
1389 2241 1576 2284 omnes
1605 2239 1779 2288 tamen
1799 2239 2031 2303 quandiu

464 2311 590 2356 sunt
619 2303 673 2357 in
699 2320 930 2371 corpore
954 2311 1360 2378 peregrinantur
1381 2331 1410 2369 a
1432 2317 1676 2389 Domino,
1704 2330 1755 2376 et
1786 2326 2032 2380 omnibus

464 2389 619 2444 homo
669 2395 780 2460 spei
815 2395 1059 2450 fidelibus
1105 2398 1158 2452 in
1209 2401 1344 2456 libro
1391 2405 1510 2460 vita:
1551 2410 1761 2479 scriptis
1790 2423 2033 2470 servatur

462 2482 602 2546 quod
633 2482 832 2539 diatnm
860 2499 936 2540 est
973 2505 987 2542 :
1019 2489 1083 2544 Et
1127 2507 1226 2561 ego
1256 2494 1469 2566 diligam
1499 2513 1643 2566 eum,
1675 2512 1729 2557 et
1753 2506 2028 2561 ostendam

456 2574 716 2642 mcipsum
748 2577 844 2631 illi.
892 2579 1268 2639 Verumtamen
1314 2587 1367 2643 in
1419 2589 1518 2644 hac
1565 2595 2027 2664 peregrinatione,

455 2675 710 2730 quantum
740 2666 791 2718 in
818 2669 893 2721 rei
915 2669 1071 2740 hujus
1095 2672 1443 2744 intelligentia
1466 2682 1693 2752 quisque
1716 2686 2024 2755 profecerit,

453 2762 600 2807 tanto
632 2759 799 2826 magis
837 2770 1026 2815 caveat
1051 2764 1311 2820 diabolica
1344 2772 1492 2836 vitia,
1537 2777 1843 2842 superbiam
1874 2789 1926 2833 et
1949 2780 2028 2835 in-

456 2842 774 2912 videntiam;
808 2851 1110 2906 meminerit
1158 2855 1256 2910 hoc
1288 2857 1460 2926 ipsum
1501 2863 1836 2933 Evangelium
1866 2869 2028 2923 Joan-

455 2932 560 2996 nis,
591 2949 749 3002 quam
794 2939 960 2993 multo
987 2943 1212 3009 amplius
1240 2948 1397 3018 erigit
1432 2952 1497 3004 ad
1522 2932 2022 3026 contemplationem

449 3024 710 3089 veritatis,
739 3034 844 3080 tam
876 3030 1044 3085 multo
1072 3035 1300 3102 amplius
1327 3041 1612 3109 praecipere
1639 3044 1708 3100 de
1739 3024 2024 3104 dulcedine

451 3111 749 3172 charitatis.
798 3116 864 3170 Et
916 3121 1036 3188 quia
1087 3120 1259 3195 [illud]
1314 3140 1632 3198 praeceptum
1682 3136 2014 3192 verissimum
2047 3128 2093 3190 ε

447 3210 510 3251 ac
535 3201 939 3259 saluberrimum
970 3217 1052 3261 est
1103 3225 1116 3260 :
1150 3211 1357 3276 Quanto
1387 3231 1607 3287 magnus
1634 3235 1712 3284 es,
1743 3231 1886 3278 tanto
1917 3225 2011 3278 hu-

446 3290 588 3343 milia
621 3301 671 3345 te
700 3292 752 3346 in
782 3297 1065 3362 omnibus;
1095 3303 1181 3368 qui
1208 3307 1528 3375 evangelista
1559 3309 1828 3366 Christum
1857 3315 2012 3385 longe

445 3381 650 3450 castoris
681 3382 840 3436 altius
862 3389 1221 3456 commendat,
1250 3395 1386 3460 apud
1415 3411 1536 3451 eum
1553 3399 1824 3469 discipulis
1849 3381 2012 3473 pedes

443 3467 603 3523 lavat.

953 3567 1176 3624 CAPUT
1215 3571 1492 3630 CLXXVI.

443 3666 520 3722 De
546 3686 604 3724 eo
629 3673 764 3740 quod
795 3674 880 3759 Ιςιιὶι
912 3690 931 3728 :
969 3676 1134 3759 IV‘cmo
1169 3682 1305 3759 novit
1333 3680 1530 3759 Filium
1582 3689 1677 3742 nisi
1721 3689 1902 3759 Pater,
1945 3711 2008 3748 ea:

788 3742 915 3797 libro
947 3761 961 3798 t
993 3745 1341 3811 Quaestionum
1365 3753 1654 3826 Evangelii.

504 3872 636 3929 Cum
663 3874 886 3941 diceret,
918 3879 1085 3935 Nemo
1131 3886 1278 3940 novit
1323 3888 1514 3946 Filium
1547 3895 1648 3949 nisi
1680 3895 1855 3963 Pater,
1899 3916 2001 3956 non

437 3966 590 4030 dixit,
638 3967 704 4021 Et.
725 3970 811 4023 eui
825 3972 1062 4028 voluerit
1087 3975 1240 4031 Pater
1262 3983 1496 4036 revelare
1518 4026 1532 4048 ,
1557 3991 2002 4053 quemadmodum

434 4071 554 4110 cum
583 4057 809 4126 diceret,
869 4061 1034 4116 Nemo
1066 4069 1208 4120 novit
1251 4068 1458 4125 Patrem
1491 4076 1590 4128 nisi
1619 4078 1779 4132 Filius
1807 4121 1820 4144 ,
1851 4084 2003 4137 addi-

436 4145 535 4209 dit,
593 4146 660 4200 Et
703 4150 785 4202 cui
833 4151 1059 4207 voluerit
1106 4154 1273 4211 Filius
1321 4163 1580 4218 revelare.
1611 4168 1760 4233 Quod
1793 4187 1897 4225 non
1929 4175 1999 4227 ita

430 4237 834 4308 intelligendum
865 4248 1130 4314 est,quasi
1152 4248 1316 4305 Filius
1334 4265 1364 4304 a
1395 4255 1542 4308 nullo
1566 4260 1731 4325 possit
1750 4266 1997 4331 cognosci

431 4328 529 4382 nisi
561 4344 592 4382 a
624 4330 778 4386 Patre
799 4335 936 4398 solo,
958 4339 1111 4392 Pater
1133 4349 1309 4395 autem
1341 4359 1444 4399 non
1471 4347 1640 4402 solum
1670 4365 1697 4402 a
1719 4328 1870 4418 Filio,
1905 4357 1996 4410 sed

424 4419 586 4471 etiam
618 4419 684 4472 ab
710 4423 790 4476 eis
819 4426 1011 4490 quibus
1050 4431 1367 4486 revelaverit
1399 4434 1596 4498 Filius;
1632 4441 1709 4494 sic
1735 4443 1876 4497 enim
1902 4461 1995 4512 po-

424 4506 527 4559 tius
557 4507 752 4564 dictum
779 4522 887 4576 est,
917 4525 971 4569 ut
997 4516 1354 4588 intelligamus
1382 4535 1436 4578 et
1468 4524 1701 4597 Patrem,
1734 4543 1790 4586 et
1818 4506 1988 4603 ipsum

423 4598 613 4656 Filium
670 4620 762 4670 per
813 4606 1004 4663 Filium
1055 4615 1309 4677 revelari,
1363 4619 1487 4687 quia
1540 4623 1653 4692 ipse
1692 4637 1775 4680 est
1827 4634 1989 4687 menti

421 4698 616 4744 nostra:
649 4694 846 4762 lumen,
879 4708 935 4753 ut
961 4703 1100 4769 qttod
1134 4714 1311 4770 postea
1345 4708 1546 4779 intulit,
1601 4715 1665 4768 Et
1693 4718 1778 4771 cui
1809 4722 1990 4778 volue-

420 4777 490 4830 rit
524 4779 686 4836 Filius
716 4788 988 4852 revelare,
1046 4807 1149 4846 non
1193 4795 1403 4851 Patrem
1436 4806 1668 4870 tantum,
1701 4808 1792 4860 sed
1822 4812 1983 4865 etiam

419 4863 609 4922 Filium
650 4872 898 4942 accipias.
943 4879 1022 4932 Ad
1066 4888 1230 4937 totum
1259 4887 1400 4941 enim
1444 4892 1583 4957 quod
1612 4863 1745 4948 dixit
1778 4863 1983 4956 illatum

416 4967 516 5020 est,
554 4959 726 5014 Verbo
771 4966 912 5020 enim
943 4983 1042 5022 suo
1072 4985 1132 5026 se
1164 4973 1320 5030 Pater
1367 4979 1604 5036 declarat
1638 4984 1776 5055 [ipse
1826 4989 1983 5046 Pater

412 5047 754 5152 declaratur].
791 5056 1016 5114 Verbum
1048 5074 1224 5119 autem
1251 5108 1267 5133 ,
1300 5085 1404 5124 non
1435 5075 1604 5128 solum
1717 5081 1854 5147 quod
1887 5099 1980 5152 per

411 5135 642 5195 Verbum
666 5142 988 5217 declaratur,
1018 5154 1111 5208 sed
1143 5157 1301 5212 etiam
1332 5163 1565 5232 seipsum
1586 5135 1850 5226 declarat.

896 5274 1124 5332 CAPUT
1181 5279 1481 5340 CLXXVII.

404 5373 480 5428 De
505 5383 674 5459 pueris
694 5385 979 5463 sedentibus
1028 5391 1080 5443 in
1113 5398 1224 5458 foro
1252 5435 1264 5456 ,
1293 5406 1337 5448 et
1365 5401 1698 5458 clamantibus
1742 5409 1810 5460 ad
1850 5410 1966 5463 illos

469 5455 1120 5548 quin“,huntil‘iarilcnm'
1141 5463 1341 5545 Joanne
1364 5485 1454 5520 nec
1474 5487 1585 5548 cum
1614 5455 1816 5529 Christo
1842 5497 1964 5548 gau-

467 5516 588 5569 dere
616 5523 901 5591 voluerunt,
933 5529 1016 5582 ubi
1057 5548 1169 5600 quae
1195 5535 1259 5587 sit
1307 5552 1420 5589 vera
1449 5542 1677 5595 ciborum
1707 5516 1962 5610 perdiu;-

466 5642 541 5712 (ι)
565 5646 707 5704 llauc
726 5659 1044 5714 sententiam
1063 5663 1221 5718 etiam
1241 5663 1456 5720 refricat
1471 5665 1521 5720 in
1541 5681 1658 5738 cap.
1678 5667 1746 5724 27
1764 5676 1804 5742 ι,
1829 5691 1862 5731 t.
1891 5681 1953 5738 lI.

2217 427 2300 478 nia
2331 430 2668 491 pulcherrime
2689 434 2854 497 (locet,
2883 434 3089 487 exlibro
3115 449 3148 487 ll
3171 433 3519 499 anstionum
3559 437 3720 490 Eran-

2228 498 2372 565 gelii.

2224 626 2297 679 De
2323 631 2497 694 pueris
2536 632 2841 686 scientibus
2885 635 2935 686 in
2977 636 3090 687 foro
3136 647 3189 689 et
3235 637 3300 689 ad
3352 638 3574 692 invicem
3617 643 3720 693 cla-

2151 719 2745 782 mantilms,-com'erso
2772 726 2958 779 ordine
3000 725 3065 780 ad
3115 731 3381 798 proposita
3418 735 3648 798 respond
3681 744 3716 788 t.

2148 807 2278 859 Nam
2310 809 2446 874 quod
2481 811 2582 874 ait,
2643 813 3074 872 Latnentavimus
3104 830 3153 872 et
3196 837 3298 874 non
3333 823 3584 890 plorastis
3611 869 3625 889 ,
3657 828 3717 878 ad

2147 900 2404 954 Joannem
2439 905 2696 970 pertinet,
2749 906 2899 971 cujus
2926 907 3244 963 abstinentia
3287 927 3314 963 a
3346 913 3475 964 cibis
3506 923 3562 968 et
3595 929 3718 982 potu

2149 988 2348 1044 luctum
2395 996 2720 1060 ptenitentize
2775 997 3126 1064 significabat.
3171 1001 3320 1065 Quod
3375 1013 3551 1056 autem
3605 1008 3716 1071 ait,

2145 1079 2640 1135 Cantavimustibiis
2666 1093 2718 1136 et
2745 1100 2848 1137 non
2873 1087 3126 1153 saltastis,
3152 1090 3215 1141 ad
3241 1092 3410 1157 ipsum
3443 1095 3719 1150 Dominum

2147 1170 2442 1240 [pertinet],
2477 1171 2564 1238 qui
2598 1175 2792 1227 utendo
2827 1191 2945 1229 cum
2984 1180 3192 1232 exteris
3233 1182 3355 1234 cibo
3385 1196 3430 1237 et
3467 1196 3594 1251 potu
3635 1187 3721 1240 lte-

2147 1258 2309 1312 titiam
2365 1262 2513 1330 regni
2567 1262 2847 1331 figurabat.
2896 1268 2966 1320 At
3017 1269 3088 1322 illi
3134 1285 3232 1324 nec
3283 1272 3548 1328 humiliari
3597 1292 3717 1331 cum

2142 1350 2346 1406 Joanne
2369 1393 2383 1418 ,
2416 1369 2514 1409 nec
2541 1371 2658 1409 cum
2689 1357 2902 1413 Christo
2932 1362 3162 1428 gaudere
3194 1365 3508 1431 voluerunt,
3540 1369 3718 1425 dicen-

2143 1451 2222 1495 tes
2246 1443 2391 1498 illum
2423 1446 2742 1502 daemonium
2763 1450 2980 1517 habere,
3005 1456 3161 1507 istum
3189 1472 3434 1513 voracem
3462 1471 3516 1513 et
3545 1462 3717 1515 ebrio-

2148 1549 2284 1595 sum,
2318 1545 2370 1589 et
2398 1539 2626 1592 amicum
2659 1540 3057 1608 publicanorum
3087 1555 3139 1598 et
3169 1557 3530 1615 peccatorum.
3567 1551 3713 1621 Quod

2157 1633 2334 1678 autem
2390 1628 2700 1698 subjungit,
2756 1632 2820 1685 Et
2866 1633 3151 1701 jnstilicata
3209 1647 3292 1692 est
3334 1641 3596 1708 sapientia
3650 1643 3714 1695 ab

2149 1717 2398 1771 omnibus
2439 1719 2558 1773 filiis
2598 1722 2732 1786 suis,
2770 1724 3006 1778 ostendit
3057 1726 3192 1782 lillos
3235 1730 3510 1796 sapientia:
3564 1731 3712 1787 intel-

2143 1805 2322 1874 ligere,
2356 1823 2453 1862 nec
2483 1809 2534 1862 in
2564 1811 2912 1877 abstinendo,
2962 1830 3060 1869 nec
3093 1817 3143 1869 in
3188 1819 3566 1875 manducando
3595 1837 3711 1876 esse

2133 1894 2416 1964 justitiam,
2452 1899 2546 1952 sed
2573 1900 2625 1953 in
2656 1904 3056 1970 mquanimitate
3087 1906 3347 1961 tolerandi
3394 1910 3629 1977 inopiam
3660 1921 3709 1964 et

2139 1989 2540 2053 temperantiam
2569 2003 2663 2057 per
2689 1990 3088 2060 abundantiam,
3117 2012 3218 2049 non
3250 2011 3309 2052 se
3329 2002 3706 2068 corrumpendi

2134 2083 2294 2143 atque
2336 2087 2634 2146 Opportune
2663 2083 2909 2137 sumendi
2943 2085 3024 2138 vel
3072 2101 3175 2139 non
3208 2088 3452 2142 sumendi
3485 2104 3548 2142 ea
3575 2105 3706 2159 quo-

2135 2180 2250 2218 rmu
2281 2182 2383 2219 non
2414 2183 2543 2222 usus
2573 2170 2670 2223 sed
2689 2174 3114 2239 concupiscentia
3138 2177 3584 2244 reprehendenda
3607 2190 3702 2235 est.

2135 2253 2248 2307 Non
2280 2256 2420 2309 enim
2447 2257 2668 2313 interest
2696 2262 2917 2317 omnino
2943 2263 3068 2332 quid
3099 2265 3467 2321 alimentorum
3501 2285 3701 2335 sumas,

2135 2352 2189 2394 ut
2216 2357 2492 2398 succurras
2511 2349 2811 2404 necessitati
2829 2352 3087 2419 corporis,
3117 2353 3406 2408 dummodo
3433 2371 3702 2426 congruas

2133 2432 2183 2485 in
2214 2435 2497 2502 generibus
2526 2437 2901 2495 alimentorum
2932 2441 3012 2495 bis
3041 2457 3159 2497 cum
3185 2445 3377 2512 quibus
3406 2447 3496 2501 tibi
3527 2449 3700 2502 viven-

2129 2523 2381 2580 dumest.
2435 2527 2619 2599 Neque
2648 2543 2902 2600 quantum
2953 2549 3133 2590 sumas
3182 2539 3407 2594 multum
3455 2541 3697 2607 interest,

2129 2630 2249 2669 cum
2283 2616 2556 2674 videamus
2583 2621 2805 2677 aliorum
2836 2626 3167 2680 stomachum
3216 2629 3373 2683 citius
3402 2632 3612 2698 satiari,
3652 2643 3698 2687 et

2131 2723 2224 2762 eos
2250 2718 2424 2765 tamen
2457 2711 2533 2767 illi
2576 2713 2678 2781 ipsi
2721 2730 2886 2784 parvo
2930 2733 3033 2786 quo
3079 2723 3339 2774 satiantur
3367 2722 3624 2778 ardenter
3650 2733 3698 2779 et

2129 2799 2553 2869 intolerabiliter,
2585 2815 2636 2859 et
2671 2807 2890 2861 omnino
2920 2810 3145 2878 turpiter
3169 2811 3404 2876 inhiare;
3438 2813 3578 2868 alios
3606 2830 3695 2867 au-

2129 2899 2232 2944 tem
2267 2893 2508 2960 plusculo
2537 2895 2751 2964 quidem
2803 2898 3016 2964 satiari,
3068 2900 3160 2954 sed
3213 2901 3543 2954 tolerabilius
3591 2903 3696 2956 ino-

2127 2982 2265 3049 piam
2297 2986 2520 3052 perpeti,
2548 2996 2601 3040 et
2630 2988 2710 3041 vel
2734 2999 2857 3043 ante
2886 2991 3069 3043 horam
3099 2992 3299 3060 positas
3327 2993 3539 3061 epulas,
3572 2995 3614 3048 si
3647 2994 3693 3047 id

2127 3071 2176 3123 in
2207 3080 2446 3141 tempore
2475 3085 2567 3129 aut
2595 3092 2728 3144 Opus
2768 3079 2857 3144 sit,
2890 3089 2980 3133 aut
3009 3095 3228 3136 necesse
3252 3082 3321 3136 sit
3346 3123 3359 3145 ,
3385 3099 3505 3137 cum
3557 3096 3692 3138 tran-

2123 3161 2383 3228 quillitate
2411 3163 2647 3232 aspicere
2671 3207 2686 3232 ,
2720 3181 2890 3233 neque
2933 3178 3169 3236 tangere.
3204 3171 3366 3240 Magis
3395 3186 3527 3241 ergo
3562 3173 3690 3229 inte«

2114 3257 2244 3313 rest,
2294 3265 2397 3305 non
2429 3253 2552 3318 quid
2603 3257 2683 3308 vel
2731 3265 2984 3325 quantum
3023 3258 3396 3314 alimentorum
3433 3277 3534 3330 pro
3565 3279 3686 3316 con-

2124 3341 2365 3405 gruentia
2399 3340 2671 3396 b0niinum
2704 3353 2862 3413 atque
2911 3359 3152 3414 persona:
3181 3361 3325 3413 suae,
3367 3358 3422 3402 et
3454 3365 3554 3416 pro
3584 3366 3687 3405 suae

2117 3428 2442 3484 valetudinis
2472 3433 2821 3504 necessitate,
2854 3437 2972 3503 quis
3003 3437 3197 3504 capiat,
3229 3438 3324 3492 sed
3353 3448 3555 3508 quanta
3585 3441 3687 3494 feli-

2110 3518 2274 3572 citate
2304 3530 2359 3574 et
2401 3524 2691 3578 serenitate
2720 3528 2883 3579 animi
2924 3536 3125 3592 careat,
3157 3543 3277 3582 cum
3309 3530 3391 3583 his
3421 3532 3501 3585 vel
3530 3547 3685 3601 opor-

2111 3617 2234 3670 teat,
2262 3611 2342 3666 vel
2371 3613 2530 3666 etiam
2563 3630 2784 3670 necesse
2830 3625 2913 3672 est
2947 3631 3150 3682 carere,
3183 3629 3237 3673 ut
3261 3619 3388 3674 illud
3422 3621 3473 3674 in
3503 3623 3684 3676 animo

2107 3697 2396 3754 Christiani
2427 3704 2761 3771 compleatur
2783 3706 3093 3777 [compleat]
3119 3709 3258 3778 quod
3289 3709 3580 3777 Apostolus
3607 3714 3683 3765 di-

2107 3801 2180 3844 ctt
2212 3809 2225 3844 :
2256 3792 2378 3848 Scio
2406 3805 2458 3849 et
2488 3797 2664 3852 minus
2693 3798 2917 3864 habere,
2948 3801 3059 3854 scio
3086 3810 3140 3855 et
3163 3803 3454 3863 abundare,
3486 3807 3681 3873 ubique

2107 3882 2161 3936 in
2215 3887 2460 3942 omnibus
2509 3890 2583 3963 [in
2637 3893 2882 3947 omnibus
2927 3905 2979 3948 et
3021 3894 3072 3949 in
3121 3895 3390 3965 omnibus]
3444 3898 3678 3952 imbutus

2104 3988 2245 4038 sum,
2272 3984 2325 4030 et
2353 3980 2553 4044 satiari,
2582 3991 2635 4035 et
2664 3982 2901 4048 esurire,
2920 3992 2974 4037 et
2998 3985 3285 4048 abundare,
3318 3996 3372 4040 et
3401 3991 3674 4055 penuriam

2106 4065 2236 4132 pati,
2268 4069 2446 4123 omnia
2477 4085 2691 4138 possum
2711 4075 2762 4127 in
2785 4089 2851 4128 eo
2879 4076 2968 4143 qui
3002 4091 3086 4130 me
3115 4076 3407 4140 confortat;
3439 4090 3492 4132 et
3513 4081 3671 4139 illud:

2103 4154 2283 4226 Neque
2329 4161 2373 4212 si
2423 4163 2913 4220 manducaverimus
2958 4167 3366 4232 abundabimus,
3409 4186 3586 4240 neque
3629 4174 3670 4225 si

2103 4259 2210 4299 non
2264 4249 2762 4306 mandocaverimus
2800 4255 3105 4324 egebimus;
3154 4269 3206 4312 et
3234 4259 3360 4313 illud
3395 4277 3408 4313 :
3441 4261 3557 4315 Non
3590 4272 3671 4316 est

2105 4336 2249 4390 enim
2292 4353 2511 4407 regnum
2546 4343 2639 4397 Dei
2666 4359 2785 4398 esca
2813 4356 2863 4399 et
2897 4355 3080 4415 potus,
3109 4349 3202 4402 sed
3231 4349 3436 4417 justitia
3465 4362 3519 4406 et
3547 4371 3667 4421 pax,

2103 4435 2158 4480 et
2187 4427 2459 4496 gaudium.
2492 4433 2692 4501 thuia
2719 4436 2894 4490 solent
2919 4437 3158 4492 homines
3180 4440 3401 4492 multum
3434 4445 3670 4508 gaudere

2098 4517 2166 4571 de
2216 4521 2515 4575 carnalibus
2564 4524 2771 4592 epulis,
2825 4525 3046 4594 addidit,
3103 4527 3155 4581 in
3205 4529 3403 4596 Spiritu
3455 4545 3662 4586 sancto.

2097 4605 2427 4664 Justilicatur
2458 4614 2612 4682 116
2640 4629 2766 4684 ergo
2789 4616 2993 4688 [etiam]
3025 4619 3284 4686 sapientia
3311 4622 3379 4675 ab
3419 4627 3667 4678 omnibus

2097 4697 2218 4751 filiis
2247 4701 2360 4755 suis
2385 4743 2400 4766 ,
2442 4705 2532 4771 qui
2564 4705 2862 4773 intelligunt
2898 4709 3111 4763 utendis
3143 4713 3370 4766 terrenis
3422 4722 3663 4781 tempora

2094 4799 2388 4856 opportuna
2411 4807 2531 4848 esse
2559 4795 2757 4850 debere
2780 4837 2796 4861 ,
2837 4797 3146 4854 facilitatem
3172 4817 3302 4855 vero
3331 4805 3547 4858 carendi
3581 4815 3662 4858 ta-

2093 4877 2258 4946 libus,
2286 4891 2338 4934 et
2363 4896 2599 4937 amorem
2632 4885 2841 4940 fruendi
2867 4890 3084 4943 teternis
3106 4931 3119 4952 ,
3151 4905 3254 4944 non
3280 4893 3472 4948 variari
3503 4908 3662 4963 Opor-

2087 4977 2198 5025 tere
2223 4987 2315 5040 per
2345 4983 2615 5044 tempora,
2649 4978 2742 5031 sed
2777 4988 3032 5048 perpetuo
3061 4983 3302 5037 retineri.

2575 5096 2800 5155 CAPUT
2829 5101 3154 5156 CLXXVIII.

2085 5201 2158 5254 De
2186 5205 2478 5275 voracitate,
2509 5209 2662 5281 etiam
2693 5212 2746 5262 in
2779 5212 3033 5267 vilissimis
3064 5214 3211 5281 cibis,
3244 5231 3306 5269 ea:
3336 5218 3463 5270 libro
3491 5235 3544 5273 ιιι
3589 5221 3652 5274 de

2575 5279 2817 5333 Doctrina
2840 5281 3151 5338 Christiana.

2146 5365 2395 5452 Quisquis
2439 5396 2615 5440 autent
2669 5390 2830 5442 rebus
2859 5395 3303 5459 prmtereuntibus
3351 5400 3644 5456 restrictius

2075 5475 2235 5527 utitur
2274 5491 2428 5544 quam
2465 5493 2586 5531 sese
2617 5480 2814 5534 habent
2850 5497 3026 5537 mores
3068 5500 3253 5540 eorum
3303 5503 3421 5542 cuin
3453 5492 3642 5559 quibus

2069 5566 2217 5632 vivit,
2241 5575 2332 5620 aut
2353 5576 2674 5638 temperans,
2703 5579 2792 5624 aut
2821 5573 3224 5641 superstitiosus
3250 5587 3332 5634 est
3353 5579 3450 5650 (α).
3486 5583 3637 5647 Quis-
