4016 6184
332 354 442 413 8'57

328 556 597 611 bonorum
650 555 792 608 inter
822 567 956 622 quos
997 561 1244 607 versatur
1283 552 1527 629 excedat,
1580 561 1671 604 aut
1714 548 1913 619 aliquid

326 648 619 717 signiﬁcat,
650 654 743 699 aut
780 644 1079 712 ﬂagitiosus
1109 652 1221 708 est;
1255 644 1309 698 in
1335 643 1586 697 omnibus
1624 641 1769 697 enim
1800 641 1919 695 tali—

328 740 434 793 bus
464 753 569 793 non
602 750 733 791 usus
761 751 943 791 rerum
964 777 980 801 ,
1033 736 1127 790 sed
1160 736 1326 789 libido
1372 730 1620 806 [utentis]
1666 734 1717 787 in
1763 732 1915 800 culpa

323 840 437 884 est.
468 829 604 896 Quid
631 828 795 899 igitur
821 826 955 880 locis
976 869 988 890 ,
1021 834 1075 879 et
1102 826 1332 894 tempori
1357 864 1373 891 ,
1401 833 1457 878 et
1483 838 1608 894 pars
1639 821 1917 895 [tempori-

326 922 434 975 bus
474 918 847 990 personisque]
894 920 1179 973 conveniat
1219 918 1502 989 diligenter
1531 912 1915 971 attendendum

325 1021 438 1076 est,
481 1027 547 1066 ne
594 1021 796 1065 temere
825 1009 1021 1079 ﬂagitia
1064 1009 1541 1079 reprehendamus.
1587 1006 1726 1061 Fieri
1773 1008 1921 1060 enim

328 1111 511 1171 potest
540 1110 597 1155 ut
622 1103 741 1155 sine
772 1100 952 1168 aliquo
993 1100 1127 1154 vitio
1171 1098 1417 1168 cupediae
1470 1097 1778 1170 [cupidinis]
1832 1097 1916 1150 vel

328 1191 648 1245 voracitatis
679 1188 1076 1258 pretiosissima
1102 1190 1226 1243 cibo
1274 1191 1488 1256 sapiens
1536 1198 1749 1253 utatur,
1788 1189 1919 1241 insi-

328 1281 489 1350 piens
517 1289 693 1334 autem
723 1277 1076 1333 inimdissima
1107 1281 1243 1349 gula:
1273 1280 1484 1333 ﬂamma
1516 1280 1568 1334 in
1598 1279 1916 1333 vilissimum

328 1373 582 1426 ardescat
604 1414 617 1432 .
648 1382 701 1425 et
741 1372 924 1424 sanius
953 1371 1181 1440 quisque
1212 1362 1460 1426 maluerit
1511 1385 1661 1425 more
1708 1369 1917 1424 Domini

327 1462 483 1529 pisce
524 1462 706 1525 vesci,
771 1475 931 1531 quam
988 1461 1240 1515 lenticula
1311 1476 1461 1516 more
1515 1461 1652 1515 Esau
1710 1460 1917 1529 nepotis

328 1554 630 1620 Abraham,
656 1563 748 1608 aut
782 1553 985 1608 hordeo
1028 1568 1179 1608 more
1206 1554 1591 1622 juutentorum.
1634 1552 1751 1606 Non
1773 1554 1915 1607 enim

327 1655 621 1715 propterea
664 1643 1093 1699 continentiores
1124 1644 1281 1699 nobis
1310 1652 1436 1698 sunt
1475 1644 1748 1713 pleraeque
1794 1642 1918 1697 bes-

331 1737 455 1801 tiae,
485 1736 607 1806 quia
637 1736 917 1791 vilioribus
947 1746 1168 1790 utuntur
1208 1737 1349 1790 escis
1369 1776 1384 1801 ,
1417 1750 1538 1790 nam
1584 1735 1635 1789 in
1667 1734 1915 1789 omnibus

328 1828 708 1900 hujuscemodi
730 1829 912 1894 rebus,
940 1843 1046 1883 non
1062 1844 1127 1882 ex
1154 1842 1338 1883 earum
1369 1842 1548 1882 rerum
1571 1834 1760 1880 natura
1789 1825 1907 1895 qui-
1944 1823 1991 1882 B

327 1922 438 1974 bus
467 1922 691 1983 utimur,
717 1918 810 1974 sed
841 1934 904 1974 es
928 1934 1091 1975 causa
1116 1918 1298 1974 utendi
1330 1930 1384 1974 et
1414 1917 1575 1972 modo
1600 1917 1911 1986 appetendi,

325 2014 422 2070 vel
449 2012 777 2084 probandum
796 2021 898 2081 est,
925 2013 1007 2067 vel
1038 2011 1450 2082 improhandum
1477 2010 1621 2081 quod
1662 2009 1910 2066 facimus.

848 2147 1074 2203 CAPUT
1112 2147 1393 2203 CLXXIX.

324 2279 419 2336 De
444 2279 849 2349 impossibilitate
867 2281 1145 2351 jejunandi
1174 2281 1269 2333 sub
1298 2279 1568 2348 prmentia
1597 2280 1795 2349 sponsi,
1829 2279 1916 2351 ubi

410 2353 515 2403 duo
550 2352 759 2422 jejunio
809 2349 1008 2422 probat,
1061 2366 1220 2422 unu_m
1269 2350 1612 2403 tribulationis
1671 2360 1719 2403 et
1771 2349 1918 2404 aliud

408 2418 580 2491 gaudii
601 2418 618 2473 Ξ
640 2436 704 2474 ea:
730 2418 819 2473 lib.
854 2435 889 2474 tt
923 2419 1115 2487 Quwst.
1150 2418 1349 2491 Evang.

408 2550 678 2620 Jejunium
708 2551 873 2606 autin
898 2551 1242 2606 tribulatione
1259 2561 1362 2615 est,
1395 2562 1484 2605 aut
1507 2551 1560 2606 in
1600 2551 1815 2621 gaudio.
1858 2552 1915 2607 In

326 2643 684 2699 tribulatione
728 2644 795 2697 ad
834 2642 1227 2713 propitiandum
1284 2643 1451 2699 Deum
1498 2660 1593 2712 pro
1640 2646 1874 2713 peccatis
1901 2687 1915 2711 ,

328 2735 397 2790 in
424 2733 615 2803 gaudio
646 2748 774 2788 vero
802 2747 923 2787 eum
960 2741 1111 2787 tanto
1156 2736 1333 2788 minus
1361 2734 1628 2788 delectant
1657 2736 1914 2801 carnalia,

326 2832 543 2895 quanto
580 2822 902 2891 spiritalium
935 2823 1111 2893 major
1138 2823 1324 2895 sagina
1351 2832 1453 2878 est.
1486 2824 1619 2878 Cum
1657 2839 1787 2894 ergo
1816 2826 1920 2879 Do-

328 2913 523 2969 minus
553 2912 911 2982 interrogatus
936 2922 1081 2969 esset
1110 2928 1205 2969 cur
1229 2914 1478 2984 discipuli
1501 2914 1616 2983 ejus
1647 2929 1750 2969 non
1778 2915 1920 2984 jeju-

333 3010 540 3057 narent
568 3044 584 3068 ,
632 3002 702 3057 de
743 3011 972 3072 utroque
1012 3002 1218 3073 jejunio
1256 3006 1551 3074 respondit.
1585 3005 1823 3073 Namque
1852 3006 1917 3060 ad

331 3092 476 3148 illud
494 3092 634 3161 quod
663 3093 714 3147 in
742 3092 1086 3149 tribulatione
1102 3093 1333 3163 jejunari
1351 3096 1508 3163 solet,
1529 3097 1755 3164 pertinet
1775 3097 1918 3167 quod

332 3185 420 3239 ait
453 3227 470 3253 ,
502 3184 663 3241 Filios
712 3186 894 3254 sponsi
928 3196 1054 3241 tunc
1079 3187 1440 3256 jejunaturos,
1468 3189 1588 3243 dum
1615 3188 1824 3244 ablatus
1850 3189 1918 3244 ab
1945 3195 1993 3258 c

334 3275 430 3331 eis
476 3274 633 3330 fuerit
670 3291 923 3346 sponsus.
953 3276 1106 3333 Tunc
1156 3279 1302 3333 enim
1349 3279 1758 3347 desolabuntur,
1783 3291 1837 3337 et
1867 3281 1920 3336 in

334 3380 585 3422 maerore
611 3380 675 3422 ac
698 3367 842 3427 luctu
869 3376 1063 3433 erunt,
1092 3369 1267 3425 donec
1292 3370 1373 3425 eis
1397 3385 1491 3438 per
1520 3372 1777 3440 Spiritum
1801 3388 1925 3428 san-

338 3466 495 3512 ctum
524 3458 715 3528 gaudia
764 3460 1124 3515 consolatoria
1184 3462 1549 3517 retribuantur
1576 3504 1591 3528 ,
1632 3477 1737 3533 quo
1779 3463 1924 3519 dono

338 3559 626 3619 percepto,
649 3550 812 3606 etiam
835 3550 1027 3620 jejunii
1058 3551 1290 3607 alterum
1315 3568 1504 3623 genus,
1548 3553 1689 3623 quod
1720 3554 1809 3608 ﬂet
1834 3569 1929 3622 per

340 3639 587 3694 laetitiam
621 3639 734 3710 jam
784 3640 1025 3698 renovati
1078 3642 1132 3697 in
1173 3642 1336 3698 vitam
1380 3645 1696 3713 spiritalem,
1728 3659 1930 3700 conve-

339 3730 686 3787 nientissime
709 3731 1055 3790 celebrabunt
1082 3770 1100 3800 ,
1145 3735 1291 3804 quod
1322 3746 1608 3805 antequam
1641 3736 1925 3805 accipiant,

342 3822 485 3878 dicit
505 3837 598 3879 eos
619 3832 866 3895 tanquam
888 3834 1068 3882 vetera
1092 3827 1431 3897 vestimenta,
1456 3828 1647 3897 quibus
1674 3829 1923 3885 inconve-

343 3914 559 3969 nienter
584 3930 754 3971 novus
775 3931 983 3986 pannus
1002 3916 1256 3986 assuitur,
1281 3918 1331 3973 id
1355 3927 1458 3982 est,
1477 3920 1649 3988 aliqua
1671 3920 1929 3989 particufa

343 4005 611 4060 doctrinae
636 4021 756 4076 qua:
782 4008 848 4063 ad
880 4023 1031 4063 nova:
1076 4010 1200 4063 vitae
1232 4010 1641 4080 temperantiam
1674 4013 1925 4081 pertinet,

346 4096 479 4166 quia
504 4096 549 4156 si
576 4097 681 4152 hoc
704 4099 819 4164 tiat,
849 4107 906 4154 et
947 4098 1062 4170 ipsa
1091 4100 1335 4155 doctrina
1364 4102 1756 4172 quodammodo
1781 4102 1929 4159 scin-

346 4186 531 4251 ditur,
564 4187 719 4257 cujus
750 4190 1007 4257 particula
1035 4204 1157 4261 quae
1182 4190 1248 4245 ad
1276 4190 1541 4261 jejunium
1573 4191 1811 4247 ciborum
1839 4207 1933 4247 va-

346 4277 430 4333 let
459 4278 761 4348 importune
784 4280 1032 4347 traditur,
1052 4296 1175 4335 cum
1203 4281 1291 4336 illa
1314 4284 1503 4337 doceat
1522 4283 1775 4352 generale
1797 4283 1936 4353 jeju-

348 4367 503 4423 nium
533 4384 637 4424 non
666 4384 695 4424 a
725 4372 1157 4441 concupiscentia
1188 4371 1433 4427 ciborum
1462 4381 1665 4428 tantum
1696 4417 1710 4441 ,
1741 4374 1835 4429 sed
1868 4373 1937 4427 ab

349 4458 505 4512 omni
529 4459 709 4516 laetitia
733 4462 1103 4531 temporalium
1123 4463 1565 4520 delectationum.
1593 4463 1759 4534 Cujus
1782 4466 1935 4533 quasi

1507 343 1934 403 TIIL'SAURUS.
1980 341 2133 398 CAP.
2174 343 2457 400 CLXXXI.

327 465 455 533 quis
481 477 609 518 vero
652 461 734 518 sic
761 463 839 516 eis
870 462 1055 527 utitur,
1100 470 1155 515 ut
1203 469 1373 515 metas
1402 471 1454 514 et
1493 462 1912 515 consuetudines
1944 462 1984 518 Α

3488 346 3594 405 858

2544 459 2770 515 CAPUT
2810 461 3044 517 CLXXX

2024 535 2102 590 De
2129 535 2334 590 homine
2378 538 2467 606 qui
2496 539 2825 594 descendebat
2856 558 2889 593 α
2925 542 3218 596 Jerusalem
3266 544 3321 598 in
3352 545 3601 607 Iericho;

2307 623 2372 660 ea:
2403 610 2533 662 libro
2567 625 2599 662 tt
2645 610 2999 676 Quwttfonum
3034 611 3319 683 Evangelii.

2093 693 2264 749 Homo
2290 696 2506 765 quidam
2533 699 2891 756 descendebat
2921 716 2951 755 a
2975 702 3338 759 Jerusalemin
3362 704 3600 762 Jericho.

2023 784 2143 853 Ipse
2174 787 2340 842 Adam
2370 788 2685 862 intelligitur
2708 791 2761 845 in
2791 808 2989 861 genere
3022 796 3276 849 humano.
3303 796 3599 852 Jerusalem

2019 876 2209 930 civitas
2241 879 2389 946 pacis
2421 920 2435 943 ,
2470 880 2555 933 illa
2587 882 2846 946 ccelestis,
2895 898 2923 936 a
2953 885 3106 951 cujus
3136 885 3463 942 beatitudine
3490 890 3603 958 lap-

2020 978 2109 1018 sus
2138 974 2240 1019 est.
2263 967 2483 1023 Jerieho
2516 970 2638 1025 luna
2672 973 3055 1042 interpretatur
3099 984 3157 1030 et
3176 975 3603 1045 signiticatmor-

2022 1060 2280 1116 talitatem
2328 1073 2565 1119 nostram
2594 1109 2609 1131 ,
2660 1075 2884 1137 propter
2912 1071 3052 1137 quod
3085 1074 3348 1136 nascitur,
3380 1075 3594 1138 crescit,

2019 1156 2256 1209 senescit
2280 1165 2334 1210 et
2361 1158 2515 1212 occid
2542 1169 2580 1212 t.
2614 1162 2895 1225 Latrones,
2920 1161 3166 1217 diabolus
3192 1175 3244 1217 et
3268 1165 3442 1234 angeli
3464 1165 3598 1234 ejus,

2017 1246 2111 1313 qui
2136 1260 2259 1301 eum
2290 1249 2659 1317 spoliaverunt
2688 1252 3110 1319 immortalitate,
3136 1263 3191 1309 et
3221 1256 3387 1324 plagis
3432 1257 3603 1325 impo-

2017 1334 2136 1389 sitis
2160 1348 2379 1404 peecata
2409 1341 2685 1396 suadendo
2715 1344 3049 1412 reliquerunt
3090 1346 3407 1400 semivivum
3431 1389 3447 1411 ,
3478 1349 3600 1417 quia

2018 1438 2080 1477 ex
2112 1437 2264 1493 parte
2286 1444 2388 1496 qua
2424 1440 2594 1495 potest
2629 1433 2928 1502 intelligere
2956 1445 3006 1490 et
3048 1451 3378 1506 cognoscere
3410 1439 3600 1505 Deum,

2018 1513 2165 1568 visus
2207 1514 2407 1589 [vivus]
2433 1528 2518 1574 est
2548 1522 2740 1587 homo;
2771 1538 2836 1578 ex
2886 1533 3038 1593 parte
3068 1540 3171 1595 qua
3218 1529 3450 1595 peccatis
3475 1545 3604 1582 con-

2019 1605 2243 1660 tabescit
2269 1618 2323 1662 et
2353 1610 2635 1678 premitur,
2669 1623 2911 1669 mortuus
2950 1624 3054 1680 est,
3085 1625 3141 1669 et
3171 1616 3290 1670 ideo
3311 1619 3602 1675 semivivus

2015 1691 2231 1749 dicitur.
2255 1695 2519 1753 Sacerdos
2549 1709 2726 1755 autem
2748 1711 2801 1756 et
2824 1702 3005 1768 levita,
3030 1705 3120 1773 qui
3142 1720 3208 1759 eo
3239 1707 3353 1760 viso
3376 1716 3598 1775 praster-

2019 1783 2216 1853 ierunt,
2259 1790 2621 1845 sacerdotium
2665 1800 2723 1847 et
2776 1793 3132 1850 ministerium
3177 1794 3386 1851 Veteris
3414 1797 3601 1851 Testa-

2019 1879 2186 1932 menti
2211 1879 2535 1948 signiﬁcant,
2558 1898 2680 1950 ante
2702 1898 2808 1939 non
2831 1893 3076 1953 poterant
3096 1887 3351 1955 prodesse
3371 1890 3439 1943 ad
3461 1891 3606 1944 salu-

2019 1975 2149 2021 tem.
2197 1969 2565 2027 Samaritanus
2613 1980 2796 2029 custos
2825 1974 3226 2043 interpretatur,
3259 1986 3313 2030 et
3340 1978 3461 2032 ideo
3492 1979 3606 2046 ipse

2021 2057 2278 2114 Dominus
2308 2062 2641 2131 signiﬁcatur
2670 2064 2772 2119 hoc
2795 2065 3034 2120 nomine.
3066 2066 3603 2135 Alligatiovulnerutn

2019 2162 2101 2204 est
2148 2151 2406 2207 eohibitio
2462 2164 2858 2223 peccatorum;
2906 2157 3087 2213 oleum
3137 2159 3440 2214 consolatio
3488 2162 3606 2229 spei

2021 2242 2195 2306 home,
2229 2256 2445 2313 propter
2482 2245 2868 2316 indulgentiam
2902 2250 3084 2305 datam
3113 2251 3182 2304 ad
3214 2252 3609 2307 reconciliatio-

2020 2348 2142 2387 nem
2173 2333 2358 2402 pacis;
2386 2335 2911 2392 vinumeshortatio
2939 2340 3003 2392 al
3035 2341 3366 2409 operandnm
3396 2342 3604 2396 terven-

2022 2425 2230 2481 tissimo
2274 2427 2489 2495 spiritu.
2520 2428 2828 2484 Jumentum
2879 2429 2997 2499 ejus
3029 2443 3112 2486 est
3156 2447 3283 2487 caro
3315 2436 3365 2488 in
3408 2450 3510 2504 qua
3541 2435 3608 2488 ad

2021 2530 2120 2571 nos
2150 2516 2336 2572 venire
2378 2516 2628 2585 dignatus
2667 2527 2770 2574 est.
2805 2520 3007 2589 Imponi
3034 2520 3280 2590 jumento
3308 2532 3391 2577 est
3435 2524 3489 2577 in
3530 2528 3609 2593 ipe

2022 2620 2137 2660 sam
2189 2605 2622 2666 incarnationem
2671 2610 2874 2667 Christi
2923 2613 3165 2669 credere.
3221 2614 3497 2669 Stabulum
3527 2627 3609 2671 est

2024 2694 2261 2751 Ecclesia
2286 2697 2375 2752 ubi
2408 2701 2719 2755 reficiuntur
2747 2699 2982 2755 viatores
3009 2702 3075 2756 de
3103 2703 3531 2772 peregrinatione
3552 2704 3607 2759 in

2023 2796 2281 2839 atternam
2311 2788 2536 2854 patriam
2566 2788 2874 2845 redeuntes.
2905 2790 3090 2846 Altera
3117 2792 3235 2848 dies
3266 2802 3350 2847 est
3385 2804 3504 2863 post
3529 2810 3611 2848 re-

2022 2878 2419 2933 surrectionem
2454 2878 2691 2934 Domini.
2723 2879 2840 2935 Duo
2859 2880 3065 2936 denarii
3088 2890 3214 2936 sunt
3239 2884 3324 2938 vel
3341 2886 3446 2939 duo
3474 2900 3611 2954 pra:-

2021 2975 2173 3037 cepta
2202 2968 2515 3036 charitatis,
2544 2985 2702 3040 quam
2749 2985 2844 3040 per
2873 2970 3137 3039 Spiritum
3186 2984 3429 3029 sanctum
3458 2991 3611 3031 acce-

2022 3067 2217 3124 perunt
2246 3060 2474 3125 apostoli
2504 3061 2576 3113 ad
2599 3061 3087 3131 evangelizandum
3117 3065 3347 3129 ca'teris,
3378 3066 3460 3120 vel
3490 3082 3611 3135 pro-

2026 3149 2208 3205 missio
2230 3150 2352 3205 vita:
2374 3153 2657 3217 przesentis
2675 3162 2732 3208 et
2752 3154 2965 3210 futurze.
2986 3155 3294 3212 Secundum
3313 3159 3456 3213 enim
3479 3162 3613 3213 duas

2036 3240 2425 3309 promissiones
2449 3242 2649 3297 dictum
2679 3252 2765 3301 est
2816 3262 2832 3301 :
2865 3246 3111 3314 Accipiet
3160 3249 3213 3303 in
3254 3248 3357 3305 hoc
3406 3251 3607 3306 saeculo

2027 3330 2231 3399 septies
2261 3338 2491 3398 tantum,
2520 3332 2574 3388 in
2600 3335 2775 3391 futuro
2803 3336 3003 3391 sarculo
3019 3339 3182 3392 vitam
3205 3346 3462 3395 :eternam
3482 3356 3614 3396 con—

2027 3432 2302 3491 sequetur.
2337 3420 2673 3481 Stabularius
2723 3441 2853 3497 ergo
2882 3435 2967 3483 est
3002 3429 3296 3497 apostolus.
3332 3431 3484 3499 Quod
3532 3448 3616 3488 su-

2030 3522 2338 3585 pererogat,
2370 3522 2462 3568 aut
2492 3514 2622 3570 illud
2652 3516 2943 3571 consilium
2974 3519 3113 3587 quod
3145 3519 3222 3574 ait
3250 3535 3266 3573 :
3298 3520 3375 3575 De
3403 3521 3615 3591 virgini-

2030 3599 2132 3656 bus
2149 3611 2327 3656 autem
2364 3612 2692 3673 praeceptum
2720 3605 2933 3660 Domini
2964 3622 3070 3661 non
3110 3606 3305 3675 habeo,
3335 3612 3616 3666 consilium

2030 3702 2204 3745 autem
2238 3692 2341 3757 do;
2371 3692 2620 3763 autquod
2650 3693 2808 3748 etiam
2842 3696 3092 3752 manibus
3119 3699 3232 3752 suis
3255 3711 3507 3766 operatus
3535 3713 3619 3757 est

2032 3795 2101 3835 ne
2124 3781 2461 3836 inﬁrmorum
2492 3783 2722 3852 aliquem
2754 3785 2805 3837 in
2850 3786 3085 3840 novitate
3127 3786 3400 3858 Evangelii
3424 3807 3617 3861 grava-

2043 3878 2148 3940 ret,
2179 3885 2302 3926 eum
2332 3870 2383 3926 ei
2409 3872 2599 3931 liceret
2626 3874 2772 3941 pasci
2794 3890 2859 3931 ex
2876 3875 3189 3948 Evangelia.

2543 3962 2770 4018 CAPUT
2807 3963 3093 4020 CLXXXI.

2034 4038 2187 4121 Quod
2220 4038 2427 4121 Martha
2461 4041 2723 4121 excipiens
2751 4043 2979 4121 illumiu
3010 4046 3162 4100 domo
3192 4064 3315 4113 sua,
3336 4051 3607 4121 signiﬁcat

2107 4109 2469 4190 Ecc‘lesiamnut
2500 4120 2748 4190 nunciest,
2782 4112 2953 4168 Maria
2982 4132 3099 4169 vero
3129 4130 3181 4170 ut
3206 4109 3311 4172 erit
3326 4120 3381 4172 in
3395 4109 3616 4190 "fitt'uro;

2105 4196 2170 4233 ea:
2199 4180 2289 4233 lib.
2325 4195 2357 4232 ιι
2385 4180 2581 4244 Quiut.
2625 4180 2821 4252 Erang.

2104 4268 2259 4337 Quod
2309 4269 2514 4325 Martha
2547 4272 2767 4341 excepit
2796 4272 2945 4328 illum
2979 4273 3032 4329 in
3080 4275 3298 4333 domum
3329 4293 3503 4347 suam,
3536 4281 3613 4336 si-

2037 4360 2260 4430 gniﬁcat
2283 4359 2578 4416 Ecclesiam
2600 4376 2720 4430 qua:
2742 4376 2886 4418 nunc
2913 4374 3017 4431 est,
3044 4366 3406 4436 excipientem
3436 4369 3619 4424 Domi-

2041 4469 2168 4508 num
2200 4454 2252 4509 in
2281 4468 2376 4509 cor
2405 4470 2598 4523 suum;
2626 4455 2791 4511 Maria
2813 4471 2971 4513 soror
2995 4460 3133 4530 ejus,
3164 4477 3286 4531 qua:
3312 4464 3533 4520 sedebat
3555 4466 3620 4521 ad

353 4562 591 4619 pannum
611 4590 627 4617 ,
659 4551 713 4607 id
741 4562 848 4621 est,
874 4565 1080 4623 partem
1111 4555 1342 4625 aliquam
1384 4570 1504 4627 qua;
1529 4556 1594 4611 ad
1624 4558 1773 4612 cibos
1805 4572 1928 4628 per-

2045 4547 2208 4616 pedes
2239 4547 2481 4613 Domini,
2531 4559 2584 4604 et
2607 4550 2861 4606 audiebat
2903 4554 3121 4609 verbum
3155 4554 3273 4624 ejus
3299 4597 3313 4623 ,
3347 4557 3615 4626 significat

353 4648 497 4694 tinet
519 4683 534 4708 ,
564 4642 691 4697 dicit
728 4658 836 4698 non
878 4653 1129 4715 oportere
1175 4645 1480 4701 hominibus
1504 4689 1517 4711 ,
1567 4646 1742 4702 adhuc
1766 4650 1935 4704 veteri

353 4732 733 4787 consuetudini
761 4734 957 4790 deditis
990 4776 1005 4799 ,
1038 4736 1340 4805 impertiri,
1372 4740 1494 4807 quia
1524 4746 1579 4794 et
1607 4738 1754 4794 illinc
1782 4739 1936 4810 quasi

351 4822 658 4877 conscissio
689 4822 896 4879 v.detur
926 4824 1065 4890 ﬂeri,
1112 4836 1165 4881 et
1192 4826 1293 4896 ipsi
1325 4829 1574 4882 vetustati
1605 4844 1709 4883 non
1740 4843 1938 4885 conve-

352 4911 463 4965 nit.
495 4910 631 4965 Dicit
676 4913 837 4966 etiam
883 4914 1089 4970 similes
1117 4931 1212 4972 eos
1240 4930 1361 4971 esse
1409 4918 1676 4973 veteribus
1708 4919 1935 4989 utribus,

354 5012 500 5069 quos
527 5002 650 5056 vino
678 5017 818 5057 novo
842 5047 855 5067 ,
891 5004 942 5061 id
972 5016 1057 5062 est
1081 5009 1410 5076 spiritalibus
1451 5011 1733 5080 przeceptis
1762 5053 1777 5079 ,
1810 5011 1939 5069 iaci-

354 5093 468 5149 lius
496 5092 752 5165 disrumpi
783 5112 942 5166 quon
992 5098 1044 5154 id
1077 5114 1234 5170 posse
1278 5101 1541 5158 contineri
1581 5103 1732 5159 dicit.
1767 5105 1938 5163 Erunt

356 5192 542 5238 autem
586 5185 697 5255 jam
729 5197 876 5242 utres
905 5190 1027 5246 novi
1077 5205 1199 5246 cum
1250 5202 1370 5263 post
1414 5208 1695 5250 ascensum
1729 5196 1941 5253 Domini

358 5273 633 5330 desiderio
659 5278 1043 5334 consolationis
1073 5280 1214 5351 ejus,
1245 5281 1452 5338 orando
1476 5293 1530 5338 et
1568 5286 1832 5354 sperando
1860 5286 1939 5341 in-

359 5374 630 5420 novantur
684 5366 1147 5443 [innovabantur].
1222 5372 1374 5430 Tunc
1418 5375 1563 5429 enim
1620 5387 1947 5447 acceperunt

356 5453 623 5522 Spiritum
655 5470 921 5528 sanctum,
945 5477 1053 5534 quo
1074 5463 1302 5534 impleti,
1329 5479 1448 5519 cum
1471 5466 1710 5525 omnium
1744 5470 1832 5539 qui
1871 5470 1940 5525 de

358 5544 595 5602 diversis
633 5550 882 5618 gentibus
925 5554 1151 5609 aderant
1180 5555 1372 5625 linguis
1400 5556 1773 5627 loquerentur,
1814 5560 1944 5617 dicti

360 5648 493 5694 sunt
520 5651 699 5696 musto
743 5644 929 5712 pleni,
982 5660 1178 5704 novum
1224 5648 1369 5705 enim
1413 5649 1597 5707 vinum
1631 5649 1744 5722 jam
1793 5654 1947 5710 novis

366 5733 576 5791 utribus
605 5746 844 5794 venerat.

2039 4638 2282 4694 eamdem
2312 4640 2634 4707 Ecclesiam,
2685 4643 2781 4698 sed
2812 4644 2865 4698 in
2913 4643 3092 4699 buturo
3121 4648 3357 4714 sa-culo,
3391 4648 3479 4703 ubi
3510 4665 3624 4704 σεε-

2041 4744 2170 4785 sans
2198 4729 2264 4785 ab
2287 4744 2452 4799 opere
2478 4733 2884 4803 ministerioque
2916 4736 3223 4807 indigentiae
3254 4738 3371 4793 sola
3402 4741 3625 4809 sapien-

2042 4823 2114 4876 tia
2146 4822 2469 4891 perfruetur.
2498 4823 2702 4879 Martha
2736 4840 2864 4895 ergo
2894 4838 3151 4898 occupata
3183 4839 3266 4885 est
3292 4832 3434 4887 circa
3488 4834 3627 4890 mul-

2044 4921 2153 4966 tum
2184 4913 2561 4978 ministerium,
2606 4914 2728 4982 quia
2783 4931 2925 4971 nunc
2971 4917 3167 4973 talibus
3195 4921 3451 4988 operibus
3477 4937 3628 4978 eser-

2046 5014 2200 5059 cetur
2231 5005 2487 5060 Ecclesia.
2522 5006 2675 5072 Quod
2703 5018 2881 5063 autem
2914 5012 3158 5080 queritur
3190 5015 3331 5083 quod
3372 5028 3433 5070 se
3476 5029 3629 5070 soror

2046 5094 2164 5163 ejus
2194 5109 2300 5149 non
2333 5094 2549 5165 adjuvet
2576 5136 2591 5161 ,
2619 5098 2840 5154 occasio
2886 5101 3048 5157 datur
3084 5106 3367 5160 sententiae
3396 5106 3629 5172 Domini,

2049 5200 2152 5255 qua
2182 5186 2418 5242 ostendit
2438 5188 2593 5243 istam
2623 5189 2921 5247 Ecclesium
2968 5195 3250 5251 sollicitam
3278 5212 3400 5251 esse
3429 5206 3484 5251 et
3515 5206 3629 5250 tur-

2051 5274 2166 5329 bari
2195 5274 2337 5332 circa
2369 5276 2624 5345 plurima,
2654 5293 2775 5333 cum
2806 5281 2878 5336 sit
2929 5299 3094 5339 unum
3126 5288 3487 5340 necessarium
3517 5326 3532 5351 ,
3563 5285 3630 5340 ad

2054 5366 2199 5437 quod
2239 5382 2333 5437 per
2363 5368 2649 5426 ministerii
2700 5372 2857 5441 hujus
2910 5377 3098 5431 merita
3148 5378 3475 5444 pervenitur.
3525 5376 3632 5431 Ma-

2062 5456 2195 5512 riam
2225 5471 2354 5513 vero
2396 5457 2528 5515 dicit
2579 5460 2837 5528 optimam
2868 5472 3071 5531 partem
3116 5463 3342 5532 elegisse
3371 5478 3489 5533 qua:
3528 5478 3633 5521 non

2046 5543 2319 5601 auferetur
2340 5545 2407 5600 ab
2427 5560 2511 5615 ea,
2527 5556 2582 5603 et
2610 5548 3059 5619 ideointelligitur
3082 5550 3302 5617 optima,
3324 5554 3444 5620 quia
3469 5561 3520 5607 et
3543 5567 3638 5623 per

2048 5632 2187 5687 hanc
2201 5634 2267 5687 ad
2281 5634 2423 5689 illam
2439 5636 2691 5700 tenditur,
2707 5647 2760 5691 et
2780 5652 2885 5691 non
2900 5637 3205 5693 auferetur:
3226 5639 3314 5694 illa
3333 5653 3463 5695 vero
3478 5645 3545 5695 mi
3556 5641 3639 5696 ni-

2053 5724 2205 5779 sterii
2238 5726 2478 5794 quamvis
2526 5726 2597 5779 sit
2648 5726 2821 5792 bona,
2856 5734 3034 5781 tamen
3091 5727 3388 5793 auferetur.
3424 5736 3641 5803 quando

2059 5814 2349 5887 indigentia
2381 5818 2467 5873 cui
2495 5817 2829 5873 ministratur
2860 5820 3152 5877 transierit.
