3986 6190
489 267 614 312 ’Ξ
623 270 1154 307 π
1160 273 3105 307 ΜΉΜΙΙᾙ-Ι--ΙΙ-ψ-Ι
3063 272 3660 308 '-___________________I---ll--
3665 273 3727 309 -__-.

2437 298 3727 309 Μῴ-ισ--μ-ῄ--ψ--σο

1544 397 1692 511 S.
1789 401 2683 515 EUGYPPII

1623 604 2040 683 ABBATIS
2118 604 2539 682 AFRICAN
2550 606 2582 681 Ι

1409 775 2795 919 THESAURUS

1235 979 1428 1085 Ea:
1506 979 1624 1082 S.
1709 977 2348 1111 ﬂugustini
2416 977 2968 1114 operibus.

1501 1184 1988 1316 Eamus
2050 1173 2700 1348 posterior.

983 1483 1209 1538 CAPUT
1259 1483 1558 1538 CLXXXII.

497 1579 539 1647 ι
573 1575 644 1630 De
670 1576 760 1629 illo
790 1577 874 1640 qui
903 1578 1066 1629 media
1095 1587 1239 1629 nocte
1269 1575 1499 1647 petiit__ab
1528 1574 1689 1647 amico
1721 1582 1820 1623 tres
1864 1585 2056 1636 panes;

718 1663 779 1700 ex
800 1647 926 1699 libro
953 1662 988 1699 ιι
1021 1648 1368 1711 Quintianum
1399 1644 1815 1715 Evangeliorum.

558 1760 774 1813 Amicus
802 1759 867 1811 ad
901 1774 1056 1827 quem
1099 1759 1305 1812 venitur
1332 1755 1504 1809 media
1538 1763 1714 1819 nocte,
1750 1763 1806 1806 ut
1845 1765 2058 1805 accom-

489 1847 668 1902 modet
697 1856 805 1901 tres
837 1863 1018 1913 panes,
1053 1847 1235 1913 utique
1278 1846 1341 1898 ad
1373 1845 1776 1898 similitudinem
1820 1845 2052 1908 ponitur,

487 1937 781 1990 secundum
816 1953 974 2005 quam
1013 1938 1132 2005 quis
1166 1936 1328 1988 Deum
1360 1943 1529 2003 rogat,
1563 1935 1614 1986 in
1642 1932 1812 1985 media
1837 1930 2057 1982 tribula-

487 2029 632 2080 tione
653 2028 994 2091 constitutus,
1029 2036 1088 2080 ut
1123 2027 1171 2080 ei
1203 2025 1400 2079 tribuat
1441 2023 1841 2091 intelligentiam
1868 2021 2054 2085 Trini-

486 2119 633 2181 tatis,
687 2134 787 2186 qua
831 2120 1108 2187 praesentis
1157 2121 1278 2171 vitae
1324 2119 1630 2172 consoletur
1674 2117 1919 2180 labores;
1961 2114 2055 2168 sed

488 2213 817 2279 comparatio
842 2220 924 2264 est
952 2225 980 2262 a
1008 2213 1230 2264 minore.
1258 2209 1312 2263 Si
1345 2210 1486 2263 enim
1519 2209 1718 2262 amicus
1748 2211 1905 2259 homo
1935 2221 2056 2259 sur-

487 2302 561 2370 git
587 2302 651 2356 de
683 2302 842 2366 lecto,
869 2310 924 2355 et
950 2303 1041 2354 dat
1071 2316 1172 2354 non
1205 2301 1459 2364 amicitia,
1505 2299 1598 2354 sed
1633 2300 1789 2352 tazdio
1820 2297 2055 2365 compul-

488 2409 600 2459 sus,
646 2402 844 2463 quanto
891 2395 1058 2462 magis
1107 2395 1199 2446 dat
1241 2393 1378 2447 Deus
1409 2394 1497 2461 qui
1540 2391 1656 2445 sine
1689 2390 1844 2445 taedio
1872 2390 2055 2458 largis-

487 2483 621 2538 sime
649 2484 813 2537 donat
836 2484 976 2552 quod
1010 2484 1238 2552 petituri
1273 2482 1366 2537 sed
1397 2484 1462 2537 ad
1493 2483 1594 2536 hoc
1622 2498 1682 2536 se
1726 2481 1831 2551 peti
1860 2482 1971 2535 vult
1998 2487 2056 2534 ut

487 2590 708 2643 capaces
735 2576 1000 2629 donorum
1031 2575 1145 2642 ejus
1175 2575 1300 2628 ﬁant
1321 2574 1410 2644 qui
1443 2583 1646 2643 petunt.
1673 2573 1728 2627 In
1765 2572 1934 2626 tribus
1963 2586 2056 2625 au-

485 2678 589 2720 tem
630 2666 851 2734 panibus
878 2668 1035 2719 etiam
1067 2665 1192 2719 illud
1218 2667 1565 2735 signiﬁcatur,
1592 2663 1748 2718 unius
1779 2678 1898 2719 esse
1929 2665 2054 2717 sub-

486 2759 698 2811 stantia:
743 2757 1079 2810 Trinitatem.
1114 2758 1334 2810 Amicus
1380 2766 1556 2810 autem
1590 2770 1745 2824 quem
1793 2754 1920 2808 dicit
1963 2755 2052 2808 ille

2092 1481 2139 1537 Α
2167 1475 2521 1530 invisibilibus
2566 1477 2697 1532 locis
2726 1481 2971 1548 capitur;
3024 1485 3162 1551 quod
3203 1487 3369 1541 etiam
3424 1489 3552 1545 ﬁdes
3583 1492 3724 1562 hujus

2165 1565 2348 1618 mundi
2387 1567 2637 1622 ﬂuctibus
2691 1570 3085 1628 circumlatrata
3133 1591 3240 1630 non
3285 1577 3562 1648 frangitur,
3595 1596 3724 1638 recte

2162 1657 2295 1725 pisci
2324 1669 2696 1742 comparatur;
2729 1666 2812 1715 cui
2852 1669 3179 1720 contrarimn
3211 1672 3397 1735 posuit
3437 1686 3718 1741 serpentem

2164 1759 2380 1816 propter
2393 1766 2598 1805 venena
2617 1751 2862 1817 fallacias,
2877 1770 2994 1822 quae
3007 1757 3167 1810 etiam
3191 1760 3369 1824 primo
3386 1761 3580 1814 homini
3597 1766 3720 1817 male

2160 1839 2437 1892 suadendo
2450 1842 2863 1909 prmseminavit.
2881 1843 2938 1897 In
2954 1860 3054 1899 ovo
3068 1847 3387 1917 intelligitur
3402 1865 3551 1917 spes;
3574 1868 3712 1906 ovum

2161 1927 2302 1980 enim
2335 1929 2570 1982 nondum
2595 1940 2677 1984 est
2706 1946 2832 2000 spes
2861 1933 3092 2001 perfecta
3127 1935 3293 2006 [fetus
3328 1938 3609 2012 periecus],
3634 1944 3714 1996 sed

2162 2014 2394 2070 fovendo
2417 2029 2693 2084 speratur;
2717 2022 2802 2075 cui
2825 2025 3150 2078 contrarium
3179 2028 3708 2097 posuitscorpionem,

2159 2104 2310 2174 cujus
2342 2107 2559 2160 aculeus
2600 2121 2891 2165 venenatus
2940 2124 3084 2168 retro
3137 2116 3411 2170 timendus
3448 2129 3561 2181 est;
3591 2119 3708 2172 sicut

2158 2196 2273 2264 spei
2317 2199 2645 2252 contrarium
2697 2209 2780 2254 est
2833 2210 2976 2256 retro
3021 2206 3320 2273 respicere,
3373 2207 3522 2274 cujus
3565 2207 3709 2280 [cum]

2165 2301 2289 2355 Spes
2317 2286 2618 2342 futurorum
2650 2293 2702 2344 in
2744 2308 2803 2345 ea
2835 2309 2953 2361 qua:
2983 2305 3106 2349 ante
3136 2306 3267 2349 sunt
3297 2313 3358 2352 se
3389 2299 3644 2352 extendat.

2640 2398 2863 2456 CAPUT
2911 2403 3247 2460 CLXXXIV.

2160 2495 2236 2548 De
2254 2515 2313 2572 eo
2335 2497 2474 2572 quod
2504 2497 2575 2572 ait
2606 2498 2872 2572 discipulis
2897 2517 2915 2554 :
2943 2502 3116 2556 Nolite
3136 2506 3188 2556 in
3215 2508 3434 2560 sublime
3459 2509 3642 2572 extolli,
3672 2520 3707 2563 et

2230 2567 2292 2642 de
2324 2567 2743 2642 Ityd_ropico,__uel
2771 2570 2834 2642 de
2875 2573 3088 2625 muliere
3118 2588 3411 2642 recurvata;
3439 2594 3500 2631 er
3536 2567 3652 2633 libro
3675 2596 3704 2634 ιι

2232 2637 2579 2700 Quwstionum
2608 2637 3020 2710 Evangeliorum.

2227 2748 2358 2803 Cum
2389 2748 2591 2803 diceret
2619 2750 2888 2820 discipulis
2928 2769 3030 2806 non
3078 2755 3280 2812 debere
3310 2758 3488 2812 haberi
3530 2759 3705 2813 sollici-

486 2849 576 2917 qui
608 2849 737 2918 petit
764 2850 972 2903 venisse
998 2850 1064 2904 de
1090 2849 1195 2915 via,
1224 2858 1278 2903 et
1307 2864 1410 2902 non
1442 2864 1502 2903 se
1549 2849 1747 2901 habere
1788 2847 1925 2915 quod
1960 2861 2054 2915 po:
2088 2840 2127 2898 Β
2159 2840 2392 2894 tudinem
2441 2840 2508 2894 de
2536 2840 2688 2911 cibis,
2720 2843 2794 2896 ait
2820 2861 2833 2896 :
2861 2845 2922 2898 Et
2969 2849 3132 2901 nolite
3181 2849 3232 2901 in
3266 2851 3494 2904 sublime
3518 2854 3696 2905 extolli.

489 2940 909 3006 uatanteillum,
941 2939 1249 3006 intelligitur
1279 2939 1507 2991 hominis
1531 2937 1818 3006 appetitus,
1849 2937 1938 3005 qui
1960 2935 2053 2988 de-

487 3029 578 3082 bet
606 3028 978 3098 obtemperare
1007 3030 1199 3084 rationi
1226 3045 1240 3083 :
1265 3030 1531 3084 serviebat
1559 3039 1736 3083 autem
1768 3035 2056 3082 consuetu-

487 3119 596 3173 dini
645 3120 946 3188 temporali,
995 3135 1156 3190 quam
1188 3121 1326 3174 viam
1373 3132 1550 3186 vocat,
1609 3130 1826 3190 propter
1876 3119 2053 3173 omnia

485 3224 581 3278 per
610 3222 818 3281 tempus
863 3213 1224 3275 transeuntia;
1256 3227 1517 3266 converso
1542 3222 1716 3265 autem
1747 3211 1960 3264 homine
1988 3210 2053 3264 ad

490 3301 678 3365 Deum,
721 3301 880 3355 etiam
940 3301 1028 3356 ille
1076 3302 1339 3371 appetitus
1387 3318 1415 3355 a
1460 3301 1848 3356 consuetudine
1894 3314 2052 3354 revo-

483 3391 792 3446 caturzsed
841 3392 886 3445 si
929 3406 1036 3446 non
1084 3392 1392 3446 consolatur
1440 3394 1663 3447 interius
1701 3393 1949 3462 gaudium
1987 3392 2055 3448 de

485 3484 732 3537 doctrina
775 3483 1040 3551 spiritali,
1079 3499 1181 3552 qua
1212 3485 1470 3538 creatoris
1519 3484 1759 3539 Trinitas
1800 3485 2055 3553 praedica-

484 3588 589 3641 tur,
635 3589 839 3644 magna:
866 3576 1122 3646 angustia:
1154 3586 1276 3629 sunt
1319 3578 1370 3629 in
1404 3576 1638 3641 homine,
1669 3592 1827 3646 quem
1861 3576 2055 3644 premit

485 3683 719 3721 rerumna
755 3667 1023 3731 mortalis,
1072 3682 1192 3721 cum
1237 3670 1305 3721 ab
1353 3667 1435 3721 his
1466 3682 1583 3737 qua:
1625 3666 1757 3722 foris
1785 3668 2055 3723 delectant

484 3757 792 3827 prazcipitur
835 3756 1177 3823 absuiuentia,
1203 3746 1254 3810 et
1280 3758 1423 3811 intus
1466 3773 1568 3809 non
1612 3765 1696 3810 est
1740 3755 1957 3810 refectio
1986 3757 2054 3810 de

483 3850 665 3904 Itetitia
693 3849 949 3903 doctrinae
977 3849 1289 3912 Salvatoris,
1321 3861 1375 3902 et
1398 3849 1510 3916 ipsa
1540 3846 1684 3919 [istaj
1711 3848 1950 3916 angustia
1972 3854 2056 3900 est

485 3940 655 3993 media
687 3955 813 4006 nox,
837 3955 938 4008 qua
967 3940 1170 4008 cogitur
1197 3940 1541 3993 vehementer
1569 3937 1769 3991 instare
1797 3937 2051 4006 petendo,

483 4042 536 4086 ut
561 4031 785 4100 accipiat
812 4042 920 4086 tres
950 4046 1133 4099 panes.
1165 4031 1317 4096 Quod
1360 4039 1538 4082 autem
1571 4029 1618 4082 ei
1647 4029 1843 4082 dicitur
1875 4031 1943 4082 de
1973 4029 2053 4081 in-

483 4133 568 4176 tus
593 4124 699 4192 jam
731 4123 924 4177 ostium
954 4123 1192 4177 clausum
1217 4135 1338 4175 esse
1367 4134 1666 4189 puerosque
1695 4119 1811 4188 ejus
1840 4135 1961 4174 cum
1987 4134 2054 4175 eo

2161 2929 2341 2984 Primo
2379 2930 2519 2985 enim
2561 2932 2675 2987 hazc
2715 2933 2781 2986 ad
2812 2937 3184 2992 necessitatem
3217 2940 3536 3010 implendam
3566 2942 3703 2994 humu

2158 3023 2381 3091 quierit;
2433 3037 2555 3077 cum
2601 3034 2776 3079 autem
2825 3027 2937 3080 lucc
2989 3029 3404 3096 abu-davcrint,
3456 3033 3624 3100 incipit
3656 3041 3704 3085 et

2156 3112 2434 3180 superbire
2460 3112 2528 3167 de
2559 3112 2773 3168 talibus.
2803 3114 2934 3170 Tale
2971 3129 3052 3170 est
3080 3119 3199 3182 hoc,
3231 3135 3300 3176 ac
3330 3123 3372 3175 si
3403 3137 3460 3175 se
3485 3124 3703 3174 vulnera-

2159 3215 2242 3260 tus
2268 3206 2386 3275 quis
2410 3205 2570 3274 jactet
2599 3210 2726 3276 quia
2757 3209 2917 3264 habet
2943 3213 3105 3266 multa
3134 3217 3424 3285 emplastra
3457 3221 3502 3270 in
3539 3217 3697 3274 domo,

2157 3313 2276 3351 cum
2323 3298 2423 3352 hoc
2464 3299 2537 3353 illi
2571 3301 2768 3354 bonum
2799 3311 2964 3368 esset,
3003 3315 3059 3358 ut
3087 3306 3312 3362 vulnera
3357 3323 3458 3362 non
3489 3307 3700 3366 haberet,

2155 3396 2210 3440 et
2241 3403 2305 3441 ne
2338 3403 2443 3441 uno
2469 3389 2684 3458 quidem
2719 3390 2981 3461 indigeret
3013 3397 3332 3465 emplastro.
3363 3398 3700 3464 Congruenter

2159 3480 2514 3548 hydmpicum
2547 3483 2762 3536 animali
2795 3487 2934 3552 quod
2959 3482 3151 3542 cecidit
3181 3488 3233 3541 in
3268 3498 3488 3559 puteum
3514 3502 3700 3555 compa-

2157 3572 2312 3636 ravit,
2344 3571 2568 3626 humore
2594 3575 2737 3628 enim
2762 3575 3073 3643 laborabat;
3106 3581 3242 3635 sicut
3279 3582 3427 3636 illam
3455 3580 3698 3635 mulierem

2156 3678 2315 3731 qnam
2345 3663 2530 3718 decem
2578 3672 2632 3718 et
2657 3679 2780 3722 octo
2819 3671 2976 3724 annis
3008 3673 3281 3741 alligatam
3315 3673 3540 3738 dixerat,
3573 3670 3701 3725 etab

2155 3753 2343 3806 eadem
2400 3754 2710 3823 alligatione
2768 3758 3049 3826 solvebat,
3101 3765 3437 3831 comparavit
3483 3762 3699 3831 jumento

2155 3845 2296 3910 quod
2339 3844 2566 3900 solvitur
2591 3854 2649 3900 ut
2686 3847 2752 3901 ad
2794 3864 2984 3918 aquam
3016 3852 3262 3908 ducatur.
3300 3855 3593 3925 llydropem
3621 3866 3700 3903 au-

2155 3942 2262 3988 tem
2295 3943 2441 3988 recte
2471 3949 2845 4004 comparamus
2875 3941 3024 3996 diviti
3072 3958 3234 3997 avaro
3261 3961 3275 4010 ;
3309 3949 3445 3999 sicut
3469 3943 3598 3998 enim
3627 3939 3700 3994 ille

2153 4035 2351 4092 quanto
2406 4027 2576 4094 magis
2632 4028 2867 4083 abundat
2928 4031 3155 4087 humore
3198 4034 3522 4101 inordinate,
3576 4041 3702 4084 tanto

2154 4114 2386 4180 amplius
2433 4116 2570 4181 sitit,
2603 4118 2682 4172 sic
2727 4119 2830 4173 iste
2860 4130 3060 4188 quanto
3105 4131 3188 4177 est
3234 4126 3502 4194 copiosior
3527 4120 3701 4176 divitiis

482 4229 604 4268 esse
631 4216 681 4268 in
712 4214 894 4278 cubili,
925 4213 1187 4280 signiﬁcat
1215 4221 1423 4281 tempus
1448 4212 1599 4266 famis
1622 4212 1788 4277 verbi,
1821 4226 1941 4266 cum
1970 4213 2050 4267 in—
2076 4209 2126 4272 Β
2156 4205 2348 4274 quibus
2377 4223 2481 4261 non
2511 4209 2649 4265 bene
2679 4213 2866 4276 utitur,
2898 4223 3045 4268 tanto
3073 4216 3352 4271 ardentius
3378 4217 3496 4272 talia
3525 4227 3699 4268 concu-

483 4308 775 4377 tclligentia
802 4307 1103 4368 clauditur;
1131 4313 1184 4358 et
1211 4304 1285 4358 illi
1319 4306 1407 4373 qui
1439 4305 1812 4373 Evangelicam
1837 4304 2051 4373 sapien-

482 4395 631 4461 tiam,
663 4406 914 4464 tanquam
964 4408 1154 4462 panem
1203 4404 1507 4462 erogantes,
1556 4391 1652 4463 p'lar
1677 4395 1860 4448 orbem
1894 4405 2048 4448 terrae

482 4487 924 4556 pra‘dicaverunt,
953 4487 1098 4555 pueri
1130 4485 1294 4554 patris
1324 4485 1571 4551 familias,
1597 4486 1707 4552 jam
1737 4492 1862 4539 sunt
1886 4486 1938 4538 in
1966 4499 2053 4538 se-

481 4588 626 4631 creta
652 4579 830 4646 quiete
849 4593 970 4632 cum
1001 4577 1244 4631 Domino.
1289 4577 1354 4631 Et
1382 4586 1560 4632 tamen
1589 4576 1793 4630 orando
1821 4575 2052 4630 efﬁcitur

483 4676 541 4719 ut
593 4670 814 4736 accipiat
867 4669 1180 4723 desiderans
1229 4668 1576 4731 intellectum,
1633 4667 1702 4722 ab
1749 4668 1866 4735 ipso
1914 4669 2044 4733 Deo,

480 4757 638 4810 etiam
670 4758 715 4810 si
744 4758 903 4811 homo
927 4758 1066 4812 desit
1092 4773 1184 4826 per
1213 4772 1370 4826 quem
1395 4756 1655 4824 sapientia
1679 4755 2021 4825 praedicetur.

967 4867 1196 4923 CAPUT
1233 4867 1559 4922 CLXXXIII.

588 4956 664 5008 De
683 4973 812 5026 pane
834 4966 880 5008 et
902 4958 1037 5025 pisce
1058 4967 1104 5009 et
1134 4973 1260 5020 otto;
1288 4974 1350 5012 ea:
1378 4959 1506 5011 libro
1529 4973 1563 5012 ιι
1591 4957 1943 5022 Ωιιωιὶοηιιηι

1054 5026 1442 5097 Evangeliorum
1453 5067 1466 5081 .

552 5139 628 5195 De
659 5152 794 5210 parte
823 5147 876 5193 et
913 5139 1056 5208 pisce
1080 5149 1136 5194 et
1160 5154 1284 5206 ovo,
1318 5141 1512 5209 quibus
1555 5141 1830 5196 contraria
1873 5138 2053 5208 posuit

479 5231 732 5299 lapidem,
764 5240 1090 5300 serpentem,
1139 5233 1502 5300 scorpionem.
1550 5232 1872 5300 lntelligitur
1903 5230 2052 5298 panis

476 5321 731 5388 charitas,
764 5332 979 5392 propter
1007 5321 1263 5390 majorem
1291 5325 1609 5392 appetitum,
1638 5335 1692 5380 et
1721 5334 1827 5378 tam
1862 5336 2050 5376 neces-

476 5410 699 5473 sarium,
724 5419 778 5462 ιιι
804 5410 918 5464 sine
948 5411 1034 5464 illa
1059 5420 1254 5465 caetera
1285 5412 1416 5467 nihil
1448 5412 1575 5481 sint,
1607 5415 1743 5468 sicut
1771 5415 1889 5467 sine
1914 5425 2050 5480 pane

478 5512 659 5550 mensa
700 5497 890 5566 inops:
923 5500 1009 5554 cui
1039 5501 1306 5554 contraria
1332 5509 1416 5556 est
1440 5503 1618 5556 cordis
1641 5504 1857 5568 duritia,
1889 5513 2048 5568 quam

2156 4299 2339 4365 piscit;
2366 4298 2511 4353 illam
2533 4316 2659 4355 vero
2683 4301 2755 4356 ita
2779 4303 2967 4359 morbo
2989 4305 3325 4362 incurvatam
3349 4318 3405 4363 ut
3430 4323 3487 4361 se
3515 4305 3701 4372 erigere

2156 4402 2260 4440 non
2295 4400 2496 4455 posset,
2549 4393 2741 4446 anima:
2787 4397 3014 4449 terrenis
3055 4396 3401 4465 opinionibus
3437 4395 3701 4451 debilitata:

2153 4487 2311 4546 atque
2341 4492 2635 4548 oppressa},
2669 4483 2738 4536 ita
2769 4491 2826 4535 ut
2853 4483 3028 4538 divina
3071 4487 3310 4554 cogitare
3355 4503 3458 4541 non
3489 4484 3698 4538 valeant.

2650 4593 2875 4648 CAPUT
2913 4595 3218 4652 CLXXXV.

2158 4696 2232 4751 De
2263 4699 2431 4775 villico
2459 4715 2605 4775 quem
2639 4701 2890 4775 Dominus
2914 4707 3144 4775 ejiciebat
3168 4709 3232 4761 de
3257 4711 3511 4770 villieatu;
3538 4720 3597 4759 es
3622 4716 3702 4755 e0-

2353 4771 2468 4822 dem
2491 4772 2622 4822 libro
2650 4787 2683 4824 ιι
2721 4771 3076 4836 Qua'stt'onum
3109 4777 3520 4848 Et'angeliurum.

2229 4877 2284 4931 In
2311 4879 2489 4932 villico
2517 4897 2674 4948 quem
2719 4883 2971 4941 Dominus
3002 4887 3248 4955 ejiciebat
3280 4891 3347 4944 de
3377 4891 3615 4945 villicatu,
3656 4889 3702 4934 el

2155 4969 2392 5024 laudavit
2421 4987 2542 5026 eum
2575 4975 2714 5042 quod
2745 4977 2794 5030 in
2825 4978 3060 5034 futurum
3096 4983 3199 5035 sibi
3229 4981 3576 5054 prospexerit,
3604 4988 3696 5030 n0"

2154 5062 2334 5115 omnia
2373 5062 2630 5118 debemus
2669 5066 2735 5120 ad
2783 5069 3097 5125 imitandum
3139 5088 3374 5130 sumere.
3420 5073 3529 5127 Non
3573 5066 3696 5122 enim

2157 5164 2249 5208 aut
2287 5154 2506 5209 domino
2537 5156 2763 5230 [nostro]
2792 5161 3032 5235 facienda
3065 5175 3148 5219 est
3178 5165 3229 5218 in
3259 5167 3435 5236 aliquo
3473 5163 3624 5222 fraus,
3649 5162 3698 5208 ut

2156 5244 2224 5298 de
2247 5245 2358 5313 ipsa
2392 5247 2580 5303 fraude
2609 5250 2984 5322 eleemosynas
3012 5252 3272 5310 faciamus
3297 5274 3310 5310 :
3337 5266 3425 5311 aut
3448 5268 3534 5309 eos
3559 5267 3582 5303 ιι
3603 5246 3697 5316 qu”

2159 5336 2256 5388 bus
2279 5337 2442 5405 recipi
2473 5340 2719 5394 volumus
2752 5343 2802 5396 in
2837 5344 3178 5401 tabernacula
3227 5359 3443 5409 aeterna,
3471 5351 3691 5408 tan‘l"am

2158 5428 2427 5483 debitores
2454 5431 2548 5485 Dei
2571 5442 2625 5486 et
2649 5433 2857 5490 Domini
2890 5440 3056 5492 nostri
3103 5439 3181 5493 fas
3211 5449 3292 5494 est
3323 5436 3548 5503 intelligi.
3587 5443 3689 5483 cum

2157 5520 2281 5588 justi
2313 5531 2366 5575 et
2392 5524 2563 5576 saneti
2589 5525 2957 5594 signiﬁcentur
2989 5529 3088 5582 huc
3111 5530 3247 5593 loco,
3272 5532 3469 5601 quieos
3493 5520 3686 5580 introdu-

480 5588 1031 5689 lapidicomparavit.
1060 5592 1227 5648 Piscis
1255 5603 1432 5650 autem
1465 5595 1775 5665 intelligitur
1805 5597 1935 5650 ﬁdes
1961 5596 2042 5648 in-
2073 5587 2124 5646 Β
2155 5587 2276 5666 eam
2307 5613 2358 5665 ί..
2404 5587 2745 5669 ιηδετηεεξυιο
2774 5627 2996 5684 agema,
3030 5621 3119 5689 qui
3171 5587 3558 5675 ηρξέεείιθιίιιυς
3593 5607 3685 5661 suis

477 5678 784 5744 visibilium,
828 5684 912 5738 vel
943 5694 1158 5754 propter
1186 5701 1376 5757 aquam
1405 5689 1673 5758 baptismi,
1711 5693 1792 5747 vel
1827 5696 1948 5760 qu'a
1980 5691 2046 5747 de

2159 5713 2370 5757 terrena
2406 5703 2542 5758 bona
2570 5708 3105 5777 communicaverint,
3140 5711 3206 5766 de
3235 5713 3420 5782 quibus
3449 5705 3585 5761 etiam
3610 5697 3676 5748 di-
