3986 6190
226 328 320 383 8-H
1359 336 1792 396 'I‘IIESAUIIUS.
1835 336 1984 392 CAP.
2027 338 2401 397 CLXXXVIII.

3388 346 3488 400 ειρ

224 447 330 499 cit:
362 443 514 511 Quod
541 445 586 498 si
609 445 728 514 quis
767 444 921 502 alicui
947 460 1133 501 eorum
1163 448 1386 505 calicem
1413 466 1570 521 aqua:
1593 449 1801 520 frigidae
1832 450 1881 510 Α
1909 465 2036 505 nera
2086 453 2362 508 hominum
2403 453 2489 508 h'c
2541 451 2792 509 videntur
2823 455 3112 526 signiﬁcari
3139 473 3150 509 :
3182 456 3353 512 Unum
3394 473 3487 511 eo-

225 538 449 602 dederit,
497 546 700 591 tantum
751 539 802 592 in
853 541 1070 594 nomine
1119 541 1390 610 discipuli,
1451 560 1556 598 non
1617 543 1806 613 perdet

224 629 524 685 mercedem
567 642 752 694 suam,
805 631 899 685 sed
945 632 1106 686 etiam
1156 648 1186 686 e
1234 636 1508 689 contrario
1557 635 1804 688 dicuntur

224 721 340 775 istae
385 719 787 783 similitudines,
821 729 878 774 ut
920 721 1282 792 intelligamus
1323 724 1368 778 si
1399 724 1603 779 laudari
1634 724 1803 793 potuit

222 814 309 867 ille
339 826 368 865 a
399 812 623 866 Domino
651 813 739 866 cui
781 811 1019 867 fraudem
1054 815 1301 881 faciebat,
1326 827 1527 884 quanto
1566 819 1799 886 amplius

224 902 466 970 placeant
491 901 718 955 Domino
748 901 858 956 Deo
887 904 975 971 qui
1008 904 1298 958 secundum
1330 907 1447 974 ejus
1473 915 1798 976 praeceptum

225 995 310 1048 illa
340 1009 507 1063 opera
537 993 756 1048 faciunt.
789 994 941 1049 Sicut
970 998 1130 1050 etiam
1172 998 1238 1052 de
1277 998 1460 1065 judice
1506 997 1800 1066 iniquitatis

221 1085 306 1154 qui
338 1085 775 1152 interpellabatur
812 1100 842 1138 a
871 1085 1024 1138 vidua
1056 1087 1514 1153 comparationem
1554 1087 1707 1140 duxit
1731 1087 1798 1141 ad

221 1175 449 1243 judicem
503 1174 694 1237 Deum,
742 1176 826 1228 cui
869 1175 1012 1228 nulla
1066 1191 1130 1230 ex
1180 1186 1330 1243 parte
1372 1177 1537 1245 judex
1587 1178 1800 1245 iniquus

222 1264 575 1318 conferendus
601 1273 703 1318 est.
735 1263 886 1329 Quod
934 1274 1113 1319 autem
1155 1266 1222 1319 de
1263 1275 1476 1320 centum
1516 1267 1666 1321 cadis
1695 1268 1798 1322 olei

223 1355 595 1423 quinquaginta
639 1354 798 1407 scribi
845 1353 970 1408 fecit
1010 1368 1040 1406 a
1079 1354 1347 1417 debitore,
1375 1365 1431 1409 et
1470 1356 1536 1409 de
1583 1365 1796 1410 centum

220 1444 398 1497 choris
423 1442 583 1495 tritici
628 1443 921 1510 octoginta,
972 1442 1040 1496 ad
1073 1443 1202 1496 ηἰὴιι
1256 1443 1400 1497 aliud
1436 1446 1614 1500 valere
1657 1446 1800 1500 arbi-

221 1545 352 1599 tror,
387 1534 490 1588 nisi
522 1542 578 1586 ut
610 1547 672 1588 ea
705 1547 825 1602 quze
856 1533 1105 1588 similiter
1136 1535 1186 1587 in
1216 1534 1526 1590 sacerdotes
1562 1545 1719 1604 atque
1746 1537 1797 1589 in

220 1627 412 1680 levitas
438 1624 656 1680 Iudaeus
683 1624 907 1693 quisque
936 1634 1214 1692 operatur,
1246 1625 1298 1680 in
1330 1624 1527 1679 Christi
1562 1627 1797 1681 Ecclesia

219 1715 672 1784 abundetjustitia
704 1715 821 1784 ejus
872 1730 1036 1783 super
1075 1715 1376 1770 scribarum
1405 1725 1459 1770 et
1501 1716 1800 1771 Pharismo-

1911 557 2027 596 rum
2057 545 2145 612 qui
2187 545 2352 600 otium
2384 556 2436 600 et
2484 547 2718 616 quietem
2761 548 2985 618 eligunt,
3039 563 3210 616 neque
3257 549 3482 617 negatiis

1906 634 2282 702 smcularibus,
2320 652 2492 706 neque
2530 638 2758 707 negotiis
2788 639 3162 694 ecclesiasticis
3192 639 3435 708 occupati
3462 656 3478 705 ;

1906 739 2023 792 quae
2054 727 2261 782 illorum
2294 731 2446 798 quies
2474 731 2595 785 lecti
2629 733 2843 788 nomine
2872 733 3168 802 signiﬁcata
3196 744 3316 788 est:
3351 735 3482 788 alte-

1906 835 2025 872 rum
2055 834 2238 873 eorum
2288 825 2374 887 qui
2424 822 2476 876 in
2529 823 2768 891 plebibus
2822 825 3094 879 constituti
3144 835 3400 895 reguntur
3446 841 3475 878 a

1904 908 2256 975 doctioribus,
2288 921 2508 980 agentes
2537 929 2600 968 ea
2622 931 2739 984 quae
2769 924 2891 970 sunt
2924 917 3079 984 hujus
3107 918 3312 982 s:eculi,
3342 930 3477 986 quos

1901 1008 1956 1055 et
1981 1000 2299 1056 feminarum
2343 1006 2558 1059 nomine
2604 1006 2940 1073 signiﬁcavit,
2972 1009 3092 1076 quia
3120 1009 3381 1071 consiliis,
3417 1020 3474 1060 ut.

1903 1091 2032 1157 dixi,
2067 1093 2355 1161 peritorum
2387 1095 2496 1162 regi
2527 1110 2616 1149 eos
2649 1093 2771 1166 [εἰη]
2811 1097 3048 1163 expedit,
3101 1106 3155 1151 et
3205 1099 3472 1152 molentes

1902 1179 2056 1246 dixit,
2091 1190 2311 1250 propter
2338 1185 2709 1251 temporalium
2744 1189 3077 1253 negotiorum
3106 1189 3290 1240 orbein
3315 1197 3476 1258 atque

1902 1273 2204 1339 circuitum,
2245 1290 2376 1344 quas
2419 1285 2594 1329 tamen
2629 1277 2677 1330 in
2713 1293 2872 1330 unum
2907 1278 3165 1332 molentes
3218 1279 3370 1345 dixit,
3422 1281 3474 1333 in

1901 1375 2154 1435 quantum
2195 1369 2262 1422 de
2309 1369 2438 1436 ipsis
2487 1370 2646 1424 rebus
2702 1379 2756 1424 et
2806 1370 3037 1440 negotiis
3077 1371 3187 1424 suis
3237 1372 3477 1439 pra-bent

1911 1459 2096 1512 usibus
2131 1459 2386 1514 Ecclesiae
2417 1474 2428 1510 :
2463 1458 2676 1513 tertium
2724 1474 2908 1513 eorum
2945 1458 3032 1528 qui
3081 1470 3372 1527 operantur
3423 1460 3476 1514 in

1901 1550 2157 1605 Ecclesia:
2190 1550 2488 1605 ministerio
2519 1561 2768 1620 tanquam
2816 1554 2868 1604 in
2921 1565 3049 1620 agro
3095 1550 3208 1613 Dei,
3254 1551 3322 1605 de
3373 1567 3475 1620 qua

1900 1640 2218 1709 agricultura
2252 1640 2537 1708 Apostolus
2559 1639 2808 1708 loquitur.
2839 1638 2892 1692 In
2920 1638 3001 1692 his
3025 1653 3153 1707 ergo
3187 1638 3354 1692 tribus
3378 1652 3475 1706 ge-

1908 1728 2122 1782 neribus
2154 1728 2276 1783 bina
2307 1735 2432 1781 sunt
2461 1741 2644 1782 rursus
2671 1743 2864 1797 genera
2897 1726 3171 1779 hominum
3203 1725 3255 1780 itt
3288 1726 3470 1795 singu-

218 1821 354 1871 ruma
385 1814 442 1858 υῑ
469 1820 588 1859 Cum
616 1804 691 1856 illi
718 1805 951 1859 deeimas
978 1805 1191 1869 darem»
1240 1805 1327 1858 ίειί
1360 1805 1612 1860 dimidias
1639 1806 1791 1872 dem.
1825 1807 1872 1866 Β
1905 1819 1990 1884 lis,
2020 1829 2074 1874 et
2095 1835 2194 1889 pro
2222 1821 2415 1875 robore
2445 1835 2667 1874 suarum
2701 1820 2889 1874 virium
2913 1819 3310 1874 discernuntur.
3343 1818 3474 1874 Cum

216 1898 352 1950 sicut
381 1911 488 1950 non
520 1895 587 1950 de
613 1892 894 1960 fructibus,
927 1895 1020 1949 sed
1062 1895 1128 1950 de
1166 1895 1298 1963 ipsis
1328 1895 1484 1950 bonis
1533 1897 1648 1951 suis
1673 1897 1798 1951 fecit

219 1989 479 2044 Zachteus
510 1999 599 2041 aut
627 1996 816 2055 certet,
850 1986 1084 2055 duplicet
1117 1984 1230 2056 [aut
1257 1995 1403 2042 certe
1432 1986 1668 2056 duplicet
1699 1988 1795 2044 de-

219 2085 432 2143 cimam,
467 2090 556 2135 aut
585 2079 740 2149 duas]
763 2079 999 2135 decimas
1025 2079 1225 2145 dando,
1275 2090 1494 2149 superet
1529 2079 1795 2150 impendia

219 2175 544 2229 Judzeorum.
577 2173 874 2226 Mammona
903 2187 1032 2227 vero
1065 2173 1358 2242 iniquitatis
1387 2175 1458 2229 ob
1499 2174 1601 2230 hoc
1632 2174 1798 2247 [ideo]

219 2279 246 2315 a
278 2263 509 2317 Domino
543 2263 808 2330 appellata
848 2271 930 2316 est
977 2262 1077 2317 ista
1108 2265 1331 2331 pecunia
1362 2279 1522 2335 quam
1554 2266 1797 2334 posside-

219 2369 334 2408 mus
361 2355 428 2408 ad
458 2363 691 2421 tempus,
721 2355 842 2422 quia
873 2369 1180 2408 mammona
1208 2355 1407 2410 divitia:
1435 2357 1797 2425 interpretan-

219 2459 324 2510 tur,
375 2461 476 2500 nec
527 2453 652 2498 sunt
697 2444 815 2498 ista:
856 2443 1056 2498 divitia:
1103 2445 1204 2498 nisi
1234 2444 1454 2515 iniquis,
1488 2447 1577 2516 qui
1619 2447 1671 2501 in
1719 2448 1799 2503 eis

217 2542 544 2595 constituunt
567 2558 715 2611 spem
757 2551 915 2612 atque
954 2543 1165 2611 copiam
1208 2542 1557 2598 beatitudinis
1587 2558 1736 2598 sure:
1770 2559 1798 2597 a

218 2635 374 2703 justis
405 2650 535 2689 vero
583 2651 704 2690 cum
743 2636 858 2690 hinc
890 2637 1252 2704 possidentur,
1303 2647 1385 2691 est
1423 2639 1638 2707 quidem
1694 2640 1795 2693 ista

219 2727 466 2792 pecunia,
491 2726 584 2781 sed
619 2743 722 2781 non
752 2737 876 2782 sunt
905 2726 1129 2799 [tamen]
1160 2728 1264 2783 illis
1285 2729 1487 2783 divitia:
1516 2731 1614 2784 nisi
1641 2733 1800 2787 caele-

218 2830 332 2872 stes
354 2827 409 2872 et
437 2818 723 2886 spiritales,
764 2819 960 2887 quibus
989 2818 1332 2887 indigentiam
1364 2835 1513 2874 suam
1547 2823 1800 2888 spiritali-

219 2918 301 2963 ter
321 2910 655 2977 supplentes,
704 2909 921 2963 exclusa
963 2917 1200 2977 egestate
1233 2909 1482 2975 miseriae,
1515 2912 1800 2966 beatitudi-

221 3000 303 3052 nis
329 3000 479 3069 c0pia
506 3000 836 3054 dilabuntur.

704 3089 930 3147 CAPUT
964 3091 1293 3146 CLXXXVI.

1905 1913 2047 1967 enim
2075 1926 2262 1967 omnes
2285 1912 2349 1965 ad
2381 1911 2636 1967 Ecclesia:
2680 1912 2917 1967 membra
2950 1910 3220 1980 pertinere
3261 1909 3475 1963 videan-

1903 2014 2028 2069 tur,
2094 2004 2410 2060 adveniente
2479 2013 2656 2059 tamen
2723 2004 3018 2058 tentatione
3075 2000 3467 2060 tribulationis,

1900 2104 1955 2148 et
2005 2110 2071 2150 ex
2123 2095 2224 2150 illis
2271 2095 2360 2164 qui
2409 2105 2532 2149 sunt
2594 2095 2645 2149 in
2687 2094 2829 2161 otio,
2879 2103 2931 2149 et
2981 2108 3047 2148 ex
3078 2093 3184 2147 illis
3214 2091 3304 2161 qui
3353 2103 3476 2146 sunt

1901 2183 1953 2237 in
2007 2183 2232 2253 negotiis
2303 2185 2525 2247 SJI‘ClIli,
2574 2193 2629 2239 et
2683 2200 2748 2238 ex
2814 2184 2920 2238 illis
2982 2184 3070 2254 qui
3146 2183 3257 2238 Deo
3317 2183 3478 2236 mini-

1901 2285 2074 2330 strant
2127 2276 2180 2330 in
2239 2277 2509 2342 Ecclesia,
2575 2277 2661 2330 alii
2703 2277 2791 2346 qui
2841 2275 3067 2349 [aliqui]
3123 2285 3474 2344 permanent,

1903 2367 1992 2421 alii
2025 2368 2114 2436 qui
2141 2366 2347 2438 [aliqui]
2377 2369 2590 2421 cadunt.
2624 2368 2724 2433 Qui
2755 2379 3067 2436 permanent
3111 2378 3475 2428 assumuntur.

1903 2460 1989 2526 qui
2014 2459 2214 2512 cadunt
2261 2459 2658 2526 relinquuntur;
2701 2473 2829 2526 ergo
2878 2474 3017 2512 unus
3066 2467 3384 2520 assumetur,
3421 2467 3475 2512 et

1904 2566 2040 2605 unus
2063 2550 2416 2620 relinquetur,
2470 2565 2575 2607 non
2606 2551 2758 2620 quasi
2806 2551 2871 2605 de
2917 2550 3124 2604 duobus
3172 2550 3476 2603 hominibus

1901 2643 2100 2697 dictum
2129 2653 2232 2708 est,
2272 2642 2366 2697 sed
2397 2642 2464 2697 de
2486 2641 2696 2696 duobus
2717 2641 3390 2710 generibusaffectionum,
3425 2641 3476 2693 in

1901 2733 2123 2802 singulis
2149 2732 2438 2801 generibus
2467 2732 2626 2787 trium
2657 2730 3070 2800 professionum.
3116 2731 3170 2786 In
3220 2729 3309 2782 illa
3351 2743 3478 2797 ergo

1902 2835 2057 2880 nocte
2085 2824 2243 2890 dixit,
2277 2823 2330 2878 in
2362 2824 2456 2877 illa
2487 2824 2850 2888 tribulatione,
2891 2823 2956 2876 ad
2986 2823 3095 2890 ipsa
3145 2821 3240 2875 tria
3283 2835 3478 2890 genera

1902 2932 2018 2987 qua:
2048 2922 2390 2970 assumuntur
2418 2913 2653 2967 arbitror
2704 2912 2995 2981 pertinere,
3035 2911 3196 2965 etiam
3245 2912 3343 2962 tria
3389 2910 3477 2962 illa

1902 3008 2119 3062 nomina
2147 3007 2382 3061 virorum
2414 3014 2742 3068 sanctorum,
2779 3018 2913 3074 quos
2966 3003 3111 3057 solos
3161 3002 3478 3056 liberaturos

1906 3097 2150 3152 Ezechiel
2192 3096 2449 3164 propheta
2488 3096 2820 3163 pronuntiat,
2855 3093 2994 3158 Noe,
3035 3091 3216 3146 Daniel
3261 3100 3315 3144 et
3351 3089 3474 3143 Job.

221 3184 272 3252 2
302 3180 377 3236 De
406 3182 605 3255 illoqui
629 3182 684 3234 in
708 3190 834 3255 tecto
856 3190 900 3236 et
922 3183 1008 3249 qui
1031 3183 1082 3234 in
1102 3198 1258 3255 ggro,
1283 3192 1338 3255 et
1359 3199 1517 3237 uxore
1543 3183 1708 3248 Loth;
1737 3201 1796 3238 ex

1907 3190 2124 3244 Videtur
2152 3189 2293 3243 enim
2314 3185 2426 3241 Noe
2456 3187 2723 3255 pertinere
2749 3185 2810 3238 ad
2834 3199 2927 3238 eos
2952 3199 3045 3253 per
3066 3199 3199 3253 quos
3233 3182 3472 3237 ECL'ICSI“

495 3254 623 3305 libro
653 3268 690 3304 ιι
720 3251 1070 3316 Quwstionum
1095 3251 1511 3322 Et'angeliorum.

289 3367 428 3434 Quid
456 3375 537 3421 est
563 3366 705 3436 quod
734 3366 864 3421 dicit
895 3366 1150 3420 Dominus
1178 3383 1191 3419 :
1224 3366 1321 3432 Qui
1346 3366 1508 3422 fuerit
1543 3367 1596 3422 in
1627 3378 1790 3435 tecto,

223 3472 275 3515 et
306 3473 428 3512 vasa
457 3460 573 3526 ejus
603 3461 654 3511 in
685 3459 870 3524 domo,
903 3474 1008 3512 non
1038 3459 1327 3514 descendat
1353 3461 1542 3515 tollere
1589 3462 1713 3515 illa?
1745 3465 1797 3516 In

223 3558 362 3602 tecto
389 3557 492 3611 est,
522 3549 608 3616 qui
655 3549 920 3603 excedens
959 3549 1214 3616 carnalia,
1268 3559 1516 3618 tanquam
1575 3552 1626 3606 in
1673 3567 1798 3606 aura

222 3641 390 3694 libera
422 3639 730 3708 spiritaliter
762 3640 911 3692 vivit.
941 3638 1074 3693 Vasa
1106 3639 1222 3706 ejus
1255 3640 1308 3692 in
1335 3640 1494 3694 domo
1521 3653 1648 3696 sunt
1685 3660 1802 3699 sea-

222 3747 310 3786 sus
364 3730 632 3796 carnales,
692 3731 882 3800 quibus
929 3730 994 3783 ad
1047 3732 1467 3801 investigandam
1517 3735 1798 3791 veritatem

221 3838 339 3891 qua:
361 3823 635 3877 intellectu
666 3829 872 3891 capitur
903 3823 1053 3876 multi
1083 3832 1312 3888 utentes,
1344 3825 1552 3892 penitus
1583 3842 1800 3882 errave-

221 3925 365 3969 runt.
395 3915 565 3983 I-Iujus
596 3930 723 3985 ergo
750 3916 1007 3983 spiritalis
1032 3916 1128 3969 viri
1169 3918 1272 3984 jam
1325 3932 1449 3970 vasa
1481 3919 1578 3972 ista
1611 3929 1800 3974 vacant

225 4005 272 4056 in
319 4004 505 4068 dumo,
571 4006 690 4070 quia
733 4013 909 4057 mente
966 4005 1177 4072 corpori
1223 4007 1648 4074 supereminens,
1707 4024 1802 4077 per

220 4094 387 4147 aciem
422 4093 784 4162 intelligentiae
815 4104 1062 4162 tanquam
1091 4095 1140 4148 in
1167 4104 1307 4149 tecto
1337 4096 1560 4162 positus.
1590 4100 1794 4166 persid-

219 4185 416 4238 cuitate
468 4185 746 4252 sapientiae
798 4185 960 4238 veluti
1001 4187 1140 4240 caalo
1185 4187 1522 4255 apertissimo
1580 4187 1795 4241 fruitur.

217 4277 417 4330 Caveat
442 4292 569 4346 ergo
600 4277 721 4342 iste,
749 4291 812 4331 ne
843 4277 895 4330 in
928 4277 1014 4331 die
1056 4278 1414 4331 tribulationis
1459 4293 1644 4334 rursus
1693 4279 1796 4332 vita

217 4368 438 4431 carnali,
470 4384 587 4433 qua:
612 4383 706 4437 per
733 4382 922 4422 sensus
965 4369 1210 4436 corporis
1251 4369 1509 4438 pascitur,
1562 4370 1800 4425 delecta-

215 4469 325 4520 tus,
360 4459 424 4511 ad
456 4473 580 4513 vasa
613 4459 919 4526 hujusmodi
947 4460 1179 4513 tollenda
1203 4460 1515 4514 descendat.
1547 4459 1684 4526 Quid
1716 4473 1800 4517 est

215 4549 357 4617 quod
385 4548 590 4602 dictum
621 4558 703 4603 est
729 4568 740 4601 :
772 4549 1029 4604 Similiter
1052 4560 1106 4604 et
1133 4549 1221 4619 qui
1252 4551 1302 4604 in
1328 4565 1456 4620 agro
1479 4551 1659 4616 fuerit,
1687 4569 1789 4606 non
1824 4542 1873 4601 Ι)

215 4639 404 4691 redeat
433 4637 611 4692 retro?
641 4638 730 4706 qui
762 4648 1017 4706 operatur
1049 4639 1099 4692 in
1133 4639 1374 4694 Ecclesia
1397 4649 1471 4703 et,
1497 4640 1635 4695 sicut
1663 4642 1797 4695 Pau-

212 4731 299 4782 lus
326 4729 610 4797 etApollo,
643 4729 849 4796 plantat
893 4736 946 4782 et
987 4729 1148 4797 rigat,
1191 4745 1297 4782 non
1350 4730 1600 4798 respiciat
1645 4746 1793 4800 spem

209 4817 532 4871 saecularem
586 4819 670 4871 cui
713 4819 1052 4872 renuntiavit.
1092 4818 1229 4884 Quid
1279 4820 1600 4889 signiﬁcavit
1664 4838 1796 4876 uxor

209 4910 386 4964 Loth?
409 4925 502 4964 eos
528 4910 616 4979 qui
647 4911 697 4962 in
725 4911 1069 4965 tribulatione
1101 4920 1246 4966 retro
1287 4913 1598 4981 respiciunt,
1638 4923 1691 4968 et
1736 4929 1795 4968 se

207 5016 234 5052 a
261 5015 360 5067 spe
389 5000 582 5055 divinae
614 5001 985 5068 promissionis
1025 5010 1276 5055 avertunt
1304 5019 1316 5053 :
1353 5011 1406 5057 et
1456 5003 1577 5057 ideo
1619 5013 1788 5057 statua

206 5093 339 5144 salis
371 5088 507 5144 facta
536 5102 639 5156 est,
687 5100 742 5143 ut
770 5091 1108 5146 admonendo
1153 5091 1395 5147 homines
1447 5111 1512 5148 ne
1563 5095 1664 5149 hoc
1710 5095 1787 5147 fa-

206 5186 374 5246 ciant,
410 5191 660 5251 tanquam
690 5183 910 5236 condiat
938 5197 1031 5237 cor
1059 5191 1280 5249 eorum',
1308 5200 1373 5238 ne
1394 5183 1502 5237 sint
1532 5184 1680 5239 fatui.

669 5290 896 5345 CAPUT
937 5291 1287 5346 CLXXXV“.

203 5383 284 5435 De
314 5381 511 5435 duobus
539 5382 589 5434 in
618 5381 768 5448 lecto,
805 5392 852 5434 et
887 5382 1100 5462 _duabus
1143 5384 1446 5438 motantibus
1466 5429 1480 5451 ,
1516 5397 1562 5438 et
1592 5389 1788 5444 duobus

878 5469 932 5504 ιη
971 5469 1116 5523 agro.

276 5544 377 5610 Qui
406 5555 529 5598 sunt
558 5544 646 5598 illa
674 5554 830 5600 nocte
859 5545 964 5600 duo
996 5548 1046 5600 in
1075 5547 1234 5613 lecto,
1268 5557 1320 5602 et
1351 5549 1467 5603 duae
1520 5551 1788 5606 molentes

205 5632 256 5686 in
290 5651 477 5698 unum,
511 5647 562 5689 et
593 5637 699 5690 duo
730 5636 782 5689 in
817 5650 972 5705 agro,
1009 5637 1075 5694 de
1107 5639 1299 5708 quibus
1344 5640 1591 5695 omnibus
1648 5643 1786 5696 binis

206 5726 398 5796 singuli
429 5735 769 5782 assumentur
801 5738 853 5783 et
875 5729 1072 5800 singuli
1103 5732 1507 5800 relinquentur?
1539 5732 1658 5787 Tria
1692 5750 1784 5804 ge-

489 5839 756 5899 Pu‘non
803 5841 994 5900 LXII.

1901 3284 2124 3353 regitur,
2155 3282 2292 3336 sicut
2321 3295 2414 3350 per
2443 3279 2589 3333 illum
2615 3279 2666 3332 in
2692 3277 2842 3347 aquis
2881 3292 3002 3330 arca
3051 3275 3344 3344 gubernata
3395 3286 3479 3328 e5t

1901 3391 2018 3442 qua:
2048 3373 2268 3443 figuram
2307 3371 2548 3441 gestabat
2589 3369 2863 3424 Ecefesie.
2925 3367 3111 3421 Daniel
3161 3375 3338 3418 autem
3387 3363 3478 3433 qui

1902 3467 2060 3534 elegit
2091 3464 2330 3520 ctelihem
2362 3463 2545 3524 vitam,
2576 3461 2627 3515 id
2667 3468 2770 3524 est,
2802 3459 3015 3528 nuptias
3062 3465 3305 3511 terrenas
3351 3469 3480 3508 enn-

1903 3554 2138 3624 tempsit,
2167 3560 2243 3617 ut,
2270 3552 2408 3607 sicut
2432 3551 2560 3605 dicit
2588 3549 2896 3617 Apostolus,
2950 3546 3080 3601 Sine
3123 3543 3480 3599 sollicitudi:.e

1901 3647 2125 3710 viveret,
2170 3643 2412 3712 cogitans
2439 3657 2558 3712 qua:
2588 3648 2710 3695 sunt
2741 3639 2852 3702 Dei,
2903 3652 3072 3705 genus
3097 3650 3282 3691 eorum
3328 3636 3476 3704 signi-

1904 3736 2132 3804 ﬁcatqui
2164 3744 2288 3788 sunt
2319 3736 2369 3789 in
2400 3733 2533 3796 otio,
2563 3731 2655 3784 sed
2690 3741 2866 3782 tamen
2899 3725 3180 3781 fortissimi
3225 3727 3276 3780 in
3308 3733 3478 3780 tenta-

1904 3827 2158 3889 ti--nibus,
2188 3834 2246 3878 ut
2276 3823 2486 3892 possint
2517 3821 2736 3873 assumi.
2770 3819 2871 3872 Job
2896 3828 3072 3870 autem
3104 3815 3226 3885 quia
3256 3824 3309 3868 et
3349 3828 3478 3866 ωπον

1901 3932 2012 3972 rem
2039 3917 2240 3979 habuit,
2278 3923 2332 3968 et
2364 3914 2518 3976 filios,
2569 3921 2623 3965 et
2671 3907 2878 3976 amplas
2925 3916 3256 3961 terrenarum
3296 3919 3474 3958 rerum

1902 4008 2101 4075 c0pias,
2133 4006 2197 4059 ad
2222 4004 2350 4058 illud
2372 4016 2539 4073 genus
2584 3999 2812 4068 pertinet
2839 3998 2921 4051 cui
2975 3995 3336 4050 molendinum
3379 3993 3476 4047 de-

1903 4109 2140 4168 putatum
2171 4104 2272 4160 est,
2299 4097 2390 4148 sed
2423 4102 2597 4145 tamen
2625 4098 2682 4143 ut
2728 4091 2837 4142 sint
2874 4086 3152 4140 fortissimi
3207 4085 3262 4137 in
3308 4093 3477 4136 tenta-

1904 4189 2156 4254 tionibus,
2205 4187 2341 4240 sicut
2390 4183 2480 4238 ille
2526 4180 2624 4235 fuit
2664 4198 2676 4232 :
2726 4194 2832 4233 non
2880 4179 3021 4232 enim
3076 4175 3232 4229 aliter
3279 4173 3476 4227 assumi

1903 4289 2147 4348 p0terunt
2176 4271 2528 4350 [potuerunt].
2555 4271 2661 4325 Nec
2691 4279 2817 4339 puto
2846 4268 2948 4321 alia
2990 4279 3112 4321 esse
3152 4277 3347 4331 genera
3379 4267 3476 4314 hn—

1901 4377 2104 4430 minum
2135 4373 2324 4442 quibus
2345 4376 2555 4424 constat
2580 4365 2848 4429 Ecclesia,
2884 4377 3043 4432 quam
3093 4362 3192 4414 ista
3223 4358 3346 4421 tria,
3381 4357 3474 4409 ha-

1903 4465 2076 4520 bentia
2107 4463 2257 4516 binas
2281 4457 2634 4521 diﬁ‘er’entias,
2681 4462 2901 4523 propter
2955 4449 3380 4518 assumptionem
3422 4456 3473 4501 et

1902 4554 2253 4616 relictionem,
2298 4549 2538 4619 quamvis
2587 4549 2638 4601 in
2679 4544 2902 4614 singulis
2951 4543 3130 4596 multa:
3175 4537 3472 4592 studiorqu

1901 4648 2338 4710 voluntatumque
2381 4640 2744 4702 diversitates,
2793 4636 2859 4689 ad
2901 4632 3243 4689 concordiam
3294 4640 3472 4685 tamen

1902 4741 2266 4805 unitatemque
2297 4741 2681 4788 concurrentes
2715 4728 2919 4795 possint
2951 4723 3203 4778 imeniri.

2377 4847 2604 4904 CAPUT
2641 4839 3017 4898 CLXXXVIII.

1904 4949 1978 5001 De
1997 4947 2175 5018 judice
2218 4944 2386 5007 iniquo
2433 4954 2580 5018 quem
2629 4937 2781 5018 vidua
2813 4930 3203 5018 interpellabat;
3249 4942 3313 4980 ex
3339 4925 3472 4979 libro

2291 5005 2639 5077 Qua’stionum
2665 5005 3075 5072 Evangeliorum.

1969 5107 2103 5176 Quid
2129 5115 2208 5159 est
2231 5104 2368 5172 quod
2399 5101 2463 5153 ad
2488 5113 2699 5165 semper
2721 5095 2980 5149 orandum
3008 5102 3060 5146 et
3086 5106 3188 5146 non
3219 5089 3470 5144 deﬁcien-

1897 5205 2024 5258 dunt
2053 5203 2117 5252 de
2137 5198 2317 5266 jud.ce
2350 5194 2530 5261 iniquo
2561 5189 2728 5244 voluit
2751 5187 3064 5257 parabolam
3091 5199 3311 5254 ponere,
3353 5186 3465 5252 qui,

1898 5311 2016 5349 cum
2050 5293 2215 5345 Deum
2241 5303 2344 5342 non
2372 5287 2584 5339 timeret
2605 5291 2660 5337 et
2685 5281 2953 5336 hominem
2978 5293 3082 5331 non
3111 5282 3466 5335 revereretur,

1901 5386 2075 5439 viduae
2109 5392 2284 5436 tamen
2327 5377 2553 5432 assiduis
2604 5369 3128 5441 interpellationibus
3176 5366 3358 5429 cessit,
3415 5373 3472 5415 ut

1896 5492 2012 5532 eam
2039 5472 2331 5528 vindicaret
2359 5483 2425 5523 ne
2455 5468 2554 5522 sibi
2585 5466 2654 5520 ab
2695 5465 2782 5520 illa
2835 5462 3050 5517 taedium
3103 5456 3292 5512 ﬁeret?
3349 5468 3468 5507 nam

1896 5569 1997 5622 hoc
2026 5575 2110 5620 est
2135 5565 2272 5633 quod
2291 5563 2398 5626 ait,
2428 5561 2502 5614 Ne
2529 5559 2748 5613 veniens
2777 5553 3024 5624 suggillet
3067 5563 3171 5602 me.
3205 5547 3468 5614 Quoniam

1898 5656 2176 5728 parabolas
2211 5653 2468 5707 Dominus
2495 5657 2586 5702 aut
2607 5644 2899 5701 secundum
2935 5639 3338 5728 similitudinem
3367 5635 3464 5728 ali-

1896 5727 2052 5820 quam
2087 5747 2253 5816 ponit,
2286 5746 2420 5798 sicut
2447 5741 2513 5795 de
2541 5752 2698 5792 servo
2724 5736 2839 5797 illo,
2870 5731 2955 5786 cui
2981 5728 3234 5784 Dominus
3263 5727 3466 5782 dimisit

2875 5824 2951 5881 27
