4016 6184
581 359 680 410 ﬁli-3
768 397 770 400 .
1645 349 1705 402 D.
1747 344 2057 402 EUGYPPII
2099 341 2382 397 ABBATIS
2423 341 2737 400 AFRICANI
3683 365 3769 421 8η

578 471 716 539 quod
743 469 945 522 ratione
963 443 1166 521 reddita
1191 463 1388 518 debere
1407 461 1653 515 inventus
1674 470 1778 524 est,
1809 467 1861 512 et
1884 459 1998 526 ipse
2022 471 2148 511 con-
2180 457 2228 514 Α

579 577 732 616 servo
789 576 884 613 suo
915 558 1221 611 dilationem
1251 555 1441 608 saltem
1485 553 1611 606 dare
1641 553 1839 614 noluit;
1867 559 1920 604 et
1958 549 2026 603 de
2067 551 2147 602 fe-

579 662 843 715 neratore,
895 649 1005 716 qui,
1064 662 1183 701 cum
1241 644 1445 697 duobus
1499 641 1835 695 debitoribus
1890 641 2147 692 donasset

578 742 717 810 quod
745 740 1032 799 debebant,
1067 736 1132 786 ab
1161 749 1226 786 eo
1259 733 1374 802 plus
1401 731 1629 784 dilectus
1658 739 1738 784 est
1777 729 1862 783 cui
1908 730 2026 797 plus
2057 728 2153 782 do-

580 833 754 895 navit;
785 841 832 884 et
862 829 927 882 de
960 827 1177 880 homine
1206 827 1293 891 qui
1328 823 1559 878 habebat
1608 823 1742 876 duos
1789 821 1947 885 ﬁlios,
1980 820 2152 890 majo-

576 936 687 975 rem
723 921 774 973 in
809 933 936 989 agro
969 917 1068 970 sibi
1099 917 1564 984 prepinquantem,
1601 915 1862 968 minorem
1891 921 2067 966 autem
2099 914 2150 966 in

578 1011 866 1078 longinquo
891 1008 1279 1070 luxuriantem;
1310 1014 1364 1060 et
1387 1005 1797 1060 innumerabilia
1820 1002 2148 1073 hujusmodi.

576 1101 652 1155 De
684 1099 764 1152 his
792 1099 936 1153 enim
967 1099 1016 1150 in
1043 1105 1297 1162 quantum
1326 1095 1519 1148 similia
1543 1103 1684 1159 sunt,
1705 1093 1914 1147 ducitur
1936 1092 2150 1146 intelle-

575 1199 693 1243 ctus
721 1188 834 1256 ejus
862 1188 936 1241 rei
981 1189 1066 1240 cui
1116 1185 1434 1238 adhibentur
1481 1184 1568 1257 [ad
1620 1181 1962 1255 mysterium]
2015 1182 2146 1236 insi-

577 1280 802 1334 nuanda:
829 1287 920 1332 aut
953 1277 1283 1346 requirenda!
1310 1275 1596 1350 [veritatis]
1627 1293 1640 1328 :
1675 1285 1766 1330 aut
1792 1291 1860 1330 ex
1891 1280 2001 1344 ipsa
2035 1276 2146 1330 dis-

577 1370 933 1425 similitudine
966 1367 1162 1435 aliquid
1197 1367 1405 1435 probat,
1439 1367 1598 1420 veluti
1623 1376 1706 1420 est
1735 1367 1902 1430 illud,
1935 1365 2073 1434 quod
2104 1366 2147 1419 si

576 1461 755 1513 fenum
781 1457 892 1526 agri
915 1457 1054 1526 quod
1078 1455 1239 1510 hodie
1267 1464 1366 1519 cst,
1397 1463 1450 1509 et
1473 1469 1590 1509 cras
1609 1457 1660 1508 in
1686 1456 1950 1508 clibanum
1985 1455 2148 1508 mitti-

576 1564 681 1617 tur,
713 1552 852 1604 Deus
877 1550 953 1604 sic
985 1549 1163 1607 vestit.
1195 1559 1396 1614 quanto
1425 1546 1591 1614 magis
1619 1562 1715 1600 vos
1741 1548 1965 1601 modica:
1989 1547 2150 1601 fidei?

574 1642 655 1697 Ad
688 1643 787 1695 hoc
815 1655 980 1709 genus
1005 1641 1233 1706 pertinet
1263 1637 1422 1690 etiam
1455 1637 1604 1703 illud,
1633 1637 1771 1706 quod
1796 1637 1864 1690 de
1893 1652 2054 1691 servo
2076 1638 2150 1692 ait

576 1732 661 1786 cui
687 1731 934 1784 dominus
971 1728 1380 1782 denuntiaverat
1414 1735 1524 1780 uta
1553 1726 1788 1779 villicatu
1838 1741 2147 1781 removere.

575 1832 697 1877 tur:
735 1821 883 1875 fraud
909 1836 972 1872 -m
1001 1820 1198 1888 quippe
1241 1819 1331 1872 ille
1361 1817 1484 1871 lecit
1523 1816 1740 1871 domino
1770 1831 1886 1882 suo,
1921 1826 1996 1882 ut,
2049 1815 2148 1869 fal-
2181 1821 2227 1880 Β

573 1915 705 1968 satis
736 1911 1133 1982 chirographis,
1166 1910 1500 1964 debitoribus
1530 1910 1647 1976 eius
1685 1919 1946 1978 quantum
2001 1925 2148 1962 com-

573 2005 786 2058 modum
824 2004 997 2056 visum
1030 2011 1112 2056 est
1154 2001 1443 2056 relaxaret.
1495 1999 1677 2069 Neque
1712 2000 1820 2054 ullo
1866 2000 2024 2054 modo
2054 2015 2149 2054 nos

576 2095 833 2147 Dominus
858 2102 914 2147 ut
938 2093 1035 2146 sibi
1056 2092 1292 2145 fraudem
1315 2093 1570 2146 faciamus
1600 2092 1862 2152 hortatur.
1883 2092 1974 2146 sed
1994 2092 2037 2146 si
2061 2092 2149 2160 qui

571 2182 865 2238 fraudando
893 2184 993 2237 sibi
1042 2183 1274 2251 providit
1315 2182 1367 2236 in
1398 2192 1689 2250 posterum,
1733 2181 2002 2235 laudatum
2027 2197 2147 2235 eum

571 2275 700 2328 dicit
729 2291 757 2327 a
787 2274 1035 2338 Domino,
1063 2283 1261 2342 quanto
1293 2272 1494 2342 majore
1531 2273 1813 2326 alacritate
1840 2273 1940 2327 sibi
1972 2273 2149 2340 provi-

570 2367 699 2419 dere
728 2365 923 2419 debent
954 2365 1003 2417 in
1035 2372 1291 2418 mternam
1323 2363 1487 2416 vitam
1519 2363 1712 2430 quibus
1765 2373 1820 2416 ut
1845 2364 1991 2432 juste
2019 2378 2151 2430 epe-

572 2468 757 2512 rentur
780 2456 996 2525 jubetur
1017 2456 1221 2508 amicos
1251 2455 1430 2509 facere
1455 2455 1524 2508 de
1559 2469 1859 2508 mammona
1887 2456 2142 2524 iniquita-

573 2551 660 2617 tis,
688 2549 828 2619 quod
863 2563 960 2602 suo
986 2547 1106 2602 loco
1129 2547 1428 2615 expositum
1464 2555 1563 2599 est.
1591 2545 1670 2599 Ad
1703 2546 1803 2599 hoc
1832 2561 1998 2615 genus
2030 2562 2149 2614 per-

569 2645 702 2697 tinet
733 2653 784 2696 et
811 2642 898 2695 ille
921 2642 1031 2710 qui,
1065 2656 1169 2694 non
1198 2649 1416 2710 prepter
1434 2639 1748 2708 amicitiam,
1772 2640 1867 2694 sed
1898 2647 1956 2693 ut
1985 2641 2149 2695 tmdio

570 2742 796 2800 careret,
830 2735 939 2803 jam
970 2733 1243 2787 dormiens
1267 2733 1558 2800 ercitatur,
1590 2741 1646 2786 ιιι
1671 2744 1777 2787 tres
1806 2747 1974 2803 panes
1996 2747 2145 2787 com-

570 2826 752 2880 modet
786 2825 958 2878 amico
995 2838 1114 2878 sun.
1150 2823 1206 2877 Si
1243 2823 1381 2877 enim
1418 2823 1504 2877 ille
1545 2823 1785 2878 molestia
1835 2823 2144 2891 compulsus

573 2918 737 2984 dedit,
771 2925 968 2987 quanto
1002 2916 1171 2984 magis
1202 2914 1360 2974 Deus,
1395 2914 1505 2982 qui,
1531 2928 1656 2968 suos
1685 2927 1870 2968 servos
1894 2915 2143 2984 diligens,

572 3021 628 3061 ut
672 3018 914 3077 petamus
963 3006 1227 3072 hortatur,
1280 3003 1428 3058 dabit
1475 3005 1610 3057 bona
1658 3004 1999 3072 poscentibus
2049 3006 2146 3059 se?

574 3101 754 3168 Itaque
780 3097 906 3151 illud
931 3096 1177 3165 superius
1198 3109 1365 3163 genus
1394 3094 1476 3147 his
1501 3094 1676 3148 verbis
1693 3095 1904 3163 adjungi
1928 3104 2101 3164 potest
2121 3135 2136 3161 ,

570 3191 720 3245 Sicut
748 3187 872 3241 illud
907 3191 974 3240 ita
1005 3195 1058 3240 et
1087 3185 1249 3250 illud;
1279 3186 1379 3238 hoc
1402 3198 1581 3238 autem
1615 3187 1883 3253 posterius
1917 3188 1996 3240 his
2023 3204 2146 3243 ver-
2177 3182 2221 3243 C

571 3284 651 3336 bis
679 3301 691 3335 :
725 3281 779 3335 Si
812 3279 960 3344 illud,
989 3287 1188 3346 quanto
1224 3276 1390 3344 magis
1421 3275 1588 3328 illud?
1618 3285 1710 3329 aut
1738 3277 1782 3331 si
1831 3292 1935 3332 non
1987 3278 2140 3345 illud,

571 3383 768 3443 quanto
817 3373 990 3426 minus
1042 3369 1208 3423 illud?
1253 3368 1346 3422 sed
1389 3369 1584 3422 alicubi
1631 3369 1886 3436 obscure,
1945 3371 2143 3425 alicubi

572 3474 755 3533 aperte
785 3465 884 3517 ista
912 3470 1198 3531 ponuntur.
1232 3460 1328 3513 llic
1367 3475 1495 3528 ergo
1538 3461 1746 3528 iniquus
1793 3461 1980 3529 jndex.
2033 3479 2140 3516 non

573 3573 638 3611 ex
672 3553 1040 3615 similitudine,
1076 3551 1168 3604 sed
1193 3565 1258 3604 ex
1289 3550 1718 3604 dissimilitudine
1741 3553 2012 3606 adhibitus
2040 3564 2141 3620 est,

574 3657 629 3701 nt
653 3643 960 3700 ostenderet
985 3640 1242 3694 Dominus
1265 3648 1463 3708 quanto
1486 3642 1745 3695 certiores
1773 3655 1893 3697 esse
1918 3643 2146 3698 debeant

574 3740 661 3808 qui
697 3738 859 3790 Deum
893 3739 1295 3801 perseveranter
1328 3740 1515 3799 rogant
1553 3730 1751 3784 fontem
1797 3731 2017 3800 juuitia:
2063 3743 2146 3787 at-

573 3846 678 3899 que
705 3824 1090 3880 misericordia:
1122 3822 1225 3893 (vel
1258 3823 1300 3875 si
1333 3821 1456 3890 quid
1501 3823 1855 3877 excellentius
1904 3823 2005 3877 dici
2058 3833 2148 3878 aut

572 3920 738 3975 audiri
800 3913 1018 3985 potest),
1069 3928 1188 3967 cum
1243 3913 1381 3979 apud
1429 3911 1824 3981 iniquissimum
1890 3914 2143 3982 judicem.

573 4026 740 4080 usque
773 4009 839 4062 ad
869 4008 1113 4061 eﬁ'cctum
1147 4003 1404 4071 implendi
1445 4002 1721 4067 desiderii,
1756 4003 1989 4058 valuerit
2035 4021 2148 4072 pcr-

571 4100 868 4157 severantia
900 4095 1263 4163 deprecantis.
1309 4093 1422 4161 Ipsa
1454 4107 1582 4147 vero
1623 4093 1778 4146 vidua
1824 4103 1999 4162 potest
2053 4095 2145 4148 ha-

577 4196 701 4249 bere
725 4189 1128 4245 similitudinem
1155 4184 1430 4248 Ecclesite,
1463 4182 1604 4251 quod
1633 4182 1868 4237 desolata
1905 4184 2140 4249 videtur,

575 4288 742 4339 donec
767 4282 942 4334 veniat
971 4277 1252 4338 Dominus,
1281 4275 1368 4344 qui
1401 4284 1577 4329 tamen
1611 4276 1660 4328 in
1703 4285 1909 4330 secreto
1949 4277 2146 4330 etiam.

579 4389 714 4429 nunc
743 4385 922 4424 curam
951 4368 1068 4436 ejus
1093 4365 1250 4435 gerit.
1285 4365 1341 4419 Si
1366 4375 1540 4418 autem
1568 4376 1837 4428 movetur,
1873 4379 1966 4418 eur
1989 4366 2144 4419 electi

579 4465 666 4518 Diri
693 4479 750 4518 se
792 4459 1048 4514 vindicari
1090 4459 1466 4525 deprecentur,
1500 4454 1638 4522 quod
1671 4456 1829 4508 etiam
1861 4456 1912 4507 in
1937 4457 2145 4521 Apoca-

573 4555 705 4623 lypsi
737 4551 957 4607 Joannis
979 4547 1046 4602 de
1067 4546 1388 4614 martyribus
1417 4546 1630 4610 dicitur,
1659 4558 1778 4598 cum
1803 4547 2143 4613 apertissime
2177 4545 2226 4602 D

576 4659 887 4699 moneamur
917 4649 975 4694 ut
998 4654 1093 4708 pro
1121 4637 1320 4691 nostris
1355 4633 1582 4688 inimicis
1613 4645 1665 4688 et
1709 4637 2140 4704 persecutoribus

574 4751 816 4797 Oremus;
849 4729 1250 4799 intelligendum
1275 4737 1357 4782 est
1377 4740 1496 4779 eam
1522 4724 1810 4780 vindictam
1835 4741 1953 4780 esse
1972 4731 2146 4793 justo-

574 4841 716 4888 rum,
745 4835 803 4877 ut
826 4837 1012 4876 omnes
1045 4822 1169 4875 mali
1199 4826 1456 4888 pereant:
1493 4823 1716 4885 pereunt
1738 4824 1913 4871 autem
1937 4817 2143 4869 duobus

575 4915 773 4978 modis,
797 4923 886 4966 aut
914 4911 1268 4965 conversione
1297 4909 1362 4962 ad
1397 4906 1676 4976 justitiam,
1712 4915 1802 4959 aut
1831 4907 2025 4959 amissa
2053 4922 2142 4973 per

575 5005 892 5073 sumlicium
953 5009 1245 5070 potestate,
1300 5013 1400 5068 qua
1452 5011 1590 5051 nunc
1647 4997 1900 5051 adversus
1949 4997 2138 5063 bonos,

586 5097 815 5170 quandiu
849 5097 949 5149 hoc
980 5095 1148 5162 ipsum
1180 5092 1333 5145 bonis
1371 5089 1603 5158 expedit,
1648 5089 1732 5142 vel
1776 5088 2141 5156 temporaliter

589 5190 789 5260 aliquid
815 5188 1010 5242 valent.
1043 5184 1221 5251 Itaque
1243 5182 1400 5236 etiam
1431 5181 1475 5232 si
1501 5194 1686 5234 omnes
1719 5180 1965 5233 homines
2015 5195 2144 5234 cou-

582 5289 918 5339 verterentur
958 5275 1021 5330 ad
1061 5275 1251 5335 Deum,
1282 5271 1419 5324 inter
1448 5284 1579 5336 quos
1607 5279 1732 5324 sunt
1759 5269 1917 5324 etiam
1947 5270 2146 5324 inimici

577 5392 674 5447 pro
703 5373 892 5444 quibus
916 5369 1164 5439 jubemur
1187 5377 1361 5426 orare,
1392 5359 1636 5413 diabolus
1664 5368 1862 5423 tamen,
1894 5361 1983 5428 qui
2013 5375 2143 5426 ope-

575 5477 723 5522 ratur
747 5465 798 5516 in
830 5461 955 5515 ﬁliis
981 5453 1320 5517 difﬁdentia,
1355 5458 1654 5505 remaneret
1701 5450 1754 5502 in
1804 5451 1984 5504 saeculi
2037 5450 2144 5506 ﬁne

574 5555 904 5612 damnandus
931 5570 942 5603 :
969 5552 1019 5620 3
1048 5561 1202 5618 quem
1230 5545 1384 5599 ﬁnem
1411 5542 1538 5612 justi
1567 5557 1685 5596 cum
1717 5545 1898 5598 venire
1922 5544 2137 5599 deside-

575 5656 718 5709 rant,
750 5641 990 5714 quamvis
1033 5654 1127 5707 pro
1164 5635 1392 5691 inimicis
1438 5634 1549 5687 suis
1579 5642 1752 5698 orent,
1804 5643 1981 5689 tamen
2034 5647 2138 5689 non

580 5737 805 5791 absurde
827 5734 1107 5789 vindictam
1139 5728 1442 5785 desiderare
1472 5726 1736 5781 dicuntur.

2753 456 2978 513 CAPUT
3005 457 3334 518 CLXXXIX.

2259 543 2333 598 De
2363 561 2422 598 eo
2441 547 2578 615 quod
2601 547 2789 601 dictum
2812 558 2884 601 es!
2905 563 2922 600 :
2946 550 3101 623 _0ra_te_
3126 566 3190 604 ne
3216 552 3307 620 ﬁat
3335 549 3458 623 fuga
3477 562 3623 607 κειται
3645 555 3774 609 hiem

2881 619 2958 671 vel
2986 620 3212 675 sabbato.

2325 731 2485 785 Orate
2515 746 2582 785 ne
2605 733 2695 785 ﬁat
2727 733 2847 801 fuga
2877 743 3055 787 vestra
3105 733 3303 800 hieme,
3352 734 3435 790 vel
3471 734 3695 804 sabbato,
3736 741 3776 793 id

2256 829 2359 886 est,
2411 836 2477 876 ne
2526 822 2911 890 impedimento
2961 823 3142 894 aliquo
3187 822 3546 894 detineamini,
3589 828 3697 896 quia
3735 838 3778 883 et

2257 911 2433 966 hieme
2466 913 2751 977 imbribus,
2780 915 2863 969 vel
2895 914 3111 985 frigore,
3144 923 3198 970 et
3226 915 3461 983 sabbato,
3485 917 3535 973 lu
3559 933 3654 989 quo
3683 935 3780 989 pro-

2257 1003 2424 1057 ﬁcisci
2454 1019 2559 1057 non
2596 1003 2814 1068 licebat,
2843 1004 3234 1074 impediebatur
3256 1006 3376 1076 quis
3396 1005 3464 1060 ab
3491 1005 3689 1073 itinere;
3710 1008 3779 1063 vel

2255 1095 2420 1161 aliud,
2451 1111 2516 1150 ne
2543 1097 2594 1150 in
2626 1097 2839 1151 tristitia
2886 1106 2979 1151 aut
3027 1097 3206 1152 laetitia
3237 1112 3413 1154 rerum
3456 1099 3779 1168 teporaliurn

2255 1186 2374 1256 quis
2403 1185 2704 1241 inveniatur
2733 1189 2785 1240 in
2817 1186 2903 1242 die
2927 1186 3038 1240 illa.

2830 1298 3054 1355 CAPUT
3091 1297 3249 1354 CXC.

2254 1410 2331 1466 De
2359 1413 2551 1466 camelo
2591 1427 2680 1481 per
2725 1413 2955 1478 foramen
2995 1428 3118 1466 acus
3167 1412 3478 1476 transitura;
3530 1428 3586 1466 ea:
3614 1412 3724 1466 libro
3751 1428 3778 1466 ιι

2640 1481 2989 1546 Quintianum
3016 1481 3437 1552 Evangelt'orum.

2322 1593 2457 1658 Quid
2488 1601 2570 1648 est
2599 1594 2740 1662 quod
2767 1594 2841 1647 ait
2867 1611 2880 1646 :
2910 1593 3144 1646 Facilius
3169 1602 3254 1647 est
3283 1591 3534 1646 camelum
3563 1608 3643 1660 per
3666 1591 3777 1645 fora.

2255 1701 2376 1740 men
2405 1700 2532 1740 acus
2564 1685 2815 1752 transire,
2849 1700 3008 1753 quam
3039 1685 3260 1740 divitem
3290 1685 3486 1739 intrare
3518 1683 3566 1738 in
3589 1699 3770 1751 regnum

2257 1781 2386 1834 Dei?
2414 1781 2639 1833 Divitem
2664 1779 2752 1834 hic
2775 1777 3294 1847 appellatcupidum
3347 1791 3516 1830 rerum
3561 1783 3776 1841 tempora-

2258 1872 2414 1935 lium,
2448 1871 2590 1924 etde
2619 1870 2812 1924 talibus
2838 1869 3263 1936 superbientem.
3299 1868 3389 1922 llis
3419 1867 3650 1920 divitibus
3678 1880 3776 1919 con-

2253 1964 2403 2017 trarii
2435 1972 2558 2016 sunt
2583 1976 2839 2031 pauperes
2869 1962 3081 2029 spiritu,
3109 1975 3336 2030 quorum
3367 1967 3446 2015 est
3477 1974 3671 2027 regnum
3695 1973 3774 2011 ca:-

2255 2051 2448 2105 lnrum.
2482 2051 2615 2104 Nam
2645 2065 2709 2107 eo
2740 2049 3110 2106 manifestatur
3141 2066 3334 2106 omnes
3373 2048 3598 2118 cupidos,
3623 2049 3774 2101 etiam-

2253 2140 2296 2195 si
2322 2142 2659 2196 facultatibus
2706 2141 2860 2209 hujus
2907 2141 3093 2194 mundi
3133 2149 3378 2203 careant,
3418 2138 3485 2191 ad
3524 2137 3614 2191 hoc
3645 2148 3774 2204 genus

2253 2233 2476 2286 divitum
2500 2232 2641 2302 quod
2669 2241 2750 2287 est
2773 2231 3155 2300 reprehensum
3180 2232 3468 2298 pertinere,
3497 2229 3608 2297 quia
3631 2234 3774 2294 postea

2253 2321 2500 2376 dixerunt
2531 2322 2621 2390 qui
2653 2322 2940 2376 audiebant
2967 2338 2979 2372 :
3015 2320 3082 2374 Et
3106 2322 3234 2389 quis
3265 2320 3457 2390 poterit
3485 2318 3645 2374 salvus
3669 2313 3775 2366 ﬁeri?

2252 2426 2372 2466 cum
2404 2412 2890 2481 incomparabiliter
2917 2410 3088 2479 major
3119 2411 3277 2464 turba
3324 2424 3618 2479 pauperum,
3659 2405 3774 2456 vidc-

2257 2506 2380 2560 licet
2409 2505 2767 2573 intelligentes
2795 2504 2847 2556 in
2877 2517 2942 2556 eo
2975 2515 3197 2555 numero
3223 2501 3467 2570 deputari
3494 2499 3636 2553 etiam
3674 2495 3768 2547 illos

2251 2598 2363 2667 qui,
2393 2611 2695 2666 quanquam
2740 2594 2862 2648 talia
2899 2609 3004 2647 uon
3061 2593 3323 2656 habeant,
3379 2600 3546 2646 tamen
3593 2585 3772 2642 habendi

2250 2687 2538 2755 cupiditate
2561 2686 2858 2754 rapiuntur.
2885 2683 3087 2738 Sensus
3106 2693 3190 2740 est
3213 2693 3417 2748 autem,
3446 2679 3631 2735 facilius
3649 2676 3767 2730 Chri-

2251 2788 2389 2834 stum
2422 2781 2527 2847 pati
2555 2794 2653 2848 pro
2684 2778 3030 2833 dilectoribus
3077 2778 3291 2845 seaculi,
3343 2792 3494 2847 quam
3539 2775 3772 2828 dilectores

2251 2869 2432 2924 saeculi
2463 2869 2529 2923 ad
2574 2869 2844 2924 Christum
2892 2883 3051 2936 posse
3081 2868 3356 2924 converti.
3406 2863 3595 2921 Cameli
3631 2871 3768 2916 autem

2251 2958 2464 3010 nomine
2480 2971 2540 3010 se
2574 2956 2798 3025 intelligi
2831 2957 3016 3022 voluit,
3041 2957 3162 3026 quia
3189 2956 3496 3012 humiliatus
3521 2968 3660 3010 onera
3681 2966 3770 3003 sus-

2252 3047 2390 3100 tulit.
2410 3047 2460 3098 ln
2479 3061 2584 3116 quo
2605 3045 2744 3101 enim
2769 3045 3100 3102 manifestius
3123 3046 3438 3116 intelligitur
3460 3060 3597 3114 quam
3616 3043 3658 3096 in
3681 3042 3766 3108 ipso

2252 3139 2389 3206 quod
2417 3139 2670 3206 scriptum
2699 3146 2817 3192 est:
2847 3138 3055 3204 Quanto
3078 3152 3306 3206 magnus
3337 3152 3413 3203 es,
3441 3135 3634 3191 humilia
3662 3141 3702 3184 te
3728 3132 3764 3182 in

2252 3228 2517 3282 omnibus.
2551 3229 2653 3284 Per
2679 3243 2833 3282 acum
2863 3237 3040 3282 autem
3072 3229 3394 3298 punctiones
3419 3225 3667 3297 significat,
3699 3236 3767 3288 per

2251 3320 2566 3386 punctiones
2606 3318 2820 3372 dolores
2857 3319 2910 3372 in
2947 3318 3191 3386 passione
3239 3327 3529 3385 susceptos.
3559 3313 3764 3368 Foramco

2249 3425 2377 3478 ergo
2403 3425 2528 3463 acus
2558 3409 2688 3463 dicit
2717 3408 2988 3478 angustias
3020 3409 3315 3476 passionis.
3342 3405 3486 3473 Quod
3510 3413 3658 3458 autem
3685 3398 3764 3461 ait,

2249 3500 2379 3567 Quae
2411 3501 2759 3570 impossibilia
2788 3508 2913 3554 sunt
2941 3499 3082 3567 apud
3117 3500 3369 3552 homines
3406 3493 3648 3565 possibilia
3673 3498 3765 3542 sunt

2249 3594 2385 3661 apud
2423 3592 2608 3656 Deum,
2647 3606 2750 3644 non
2776 3591 2842 3643 ita
2873 3589 3248 3658 accipiendum
3282 3597 3385 3655 est,
3410 3587 3540 3654 quod
3563 3579 3764 3650 cup'tliet

2249 3685 2486 3754 superbi,
2519 3685 2605 3754 qui
2639 3685 2854 3738 nomine
2895 3683 3035 3736 illius
3066 3683 3254 3736 divitis
3283 3679 3549 3752 signiticati
3576 3684 3701 3733 sunt,
3726 3672 3762 3723 in

2249 3792 2469 3847 regnum
2502 3777 2758 3830 cmlorum
2792 3778 2898 3829 sint
2937 3774 3181 3828 intraturi
3217 3790 3342 3829 cum
3378 3773 3483 3826 suis
3522 3763 3765 3834 cupiditati-

2251 3871 2347 3924 bus
2377 3879 2430 3924 et
2460 3869 2725 3938 superbia,
2755 3867 2848 3921 sed
2880 3867 3129 3935 possibile
3159 3874 3248 3920 est
3279 3867 3383 3919 Deo
3413 3873 3463 3916 ut
3490 3876 3573 3930 per
3593 3855 3763 3910 verbum

2249 3963 2383 4030 ejus,
2419 3963 2554 4014 sicut
2592 3960 2751 4012 etiam
2785 3958 2978 4012 factum
3006 3970 3122 4010 esse
3162 3964 3214 4010 et
3262 3951 3496 4025 quotidie
3532 3949 3630 4002 ﬁeri
3657 3943 3763 3996 vide-

2252 4067 2386 4112 mus,
2424 4066 2453 4103 a
2497 4049 2787 4118 cupiditate
2819 4048 3187 4115 temporalium
3230 4046 3297 4099 ad
3330 4044 3620 4099 charitatem
3645 4044 3762 4088 ater-

2251 4155 2461 4203 norutn,
2484 4149 2536 4193 et
2561 4153 2588 4192 a
2618 4138 2912 4208 perniciosa
2941 4137 3188 4205 superbia
3213 4135 3287 4189 ad
3311 4133 3635 4192 humilitatem
3657 4123 3764 4178 saluo

2250 4231 2533 4286 berrimam
2572 4237 2970 4284 convertantur.

2818 4337 3043 4394 CAPUT
3082 4335 3266 4392 CXCI.

2252 4442 2327 4497 De
2353 4459 2410 4495 eo
2438 4442 2573 4511 quod
2612 4440 2856 4507 scriptum
2878 4449 2949 4494 est
2975 4441 3039 4492 de
3064 4441 3285 4493 Domino
3310 4457 3327 4493 :
3349 4437 3522 4511 Finxit
3541 4430 3768 4511 relanguit

2320 4515 2414 4576 ire,
2451 4505 2541 4565 ubi
2574 4505 2920 4579 tttultipliciter
2949 4512 3174 4579 disputat
3206 4526 3300 4579 pro
3330 4511 3454 4563 reris
3483 4505 3766 4579 signiﬁcant:-

2321 4584 2467 4636 nibus
2492 4591 2667 4634 contra
2692 4575 3010 4632 mendacium
3071 4596 3132 4633 ea:
3155 4575 3333 4634 eodem
3363 4580 3483 4632 fibra
3507 4591 3539 4628 ll
3567 4575 3766 4638 Questio-

2251 4690 2260 4698 .
2324 4670 2443 4706 num
2477 4649 2890 4718 Evangeliorum.

2324 4763 2398 4817 De
2442 4778 2506 4818 eo
2545 4761 2684 4832 quod
2728 4762 2980 4828 scriptum
3013 4768 3095 4815 est
3139 4760 3206 4814 de
3238 4759 3485 4821 Domino,
3533 4750 3686 4808 Finxit
3723 4758 3769 4798 se

2252 4855 2459 4924 longius
2491 4855 2568 4908 ire
2589 4897 2603 4920 ,
2639 4869 2740 4906 non
2771 4852 2838 4905 ad
2867 4851 3204 4905 mendacium
3241 4849 3505 4918 pertinet;
3537 4858 3628 4897 non
3653 4836 3766 4924 enim

2253 4964 2409 5004 omne
2438 4948 2576 5017 quod
2609 4947 2854 5016 ﬁngimus
2887 4943 3216 4998 mendacium
3250 4951 3351 5006 est,
3390 4938 3480 4992 sed
3520 4929 3703 5005 quando
3728 4923 3766 4977 id

2253 5041 2496 5110 ﬁngimus
2525 5038 2663 5107 quod
2697 5037 2827 5090 nihil
2859 5035 3138 5104 signiﬁcat,
3171 5043 3296 5087 tunc
3325 5040 3404 5086 est
3438 5021 3764 5114 mendacium:

2252 5145 2368 5184 cum
2398 5138 2572 5182 autem
2602 5125 2741 5179 ﬁctio
2779 5134 2964 5188 nostra
2991 5123 3220 5177 refertur
3261 5119 3325 5173 ad
3373 5117 3590 5186 aliquam
3629 5110 3768 5175 signi-

2253 5219 2571 5280 ﬁcationem,
2601 5231 2704 5269 non
2733 5224 2813 5268 est
2839 5211 3196 5274 mendacium,
3223 5209 3317 5262 sed
3340 5208 3506 5274 aliqua
3536 5203 3678 5268 figura
3699 5208 3768 5245 ve~

2253 5309 2449 5372 ritatis,
2477 5305 2707 5374 alioquin
2753 5301 2929 5356 omnia
2960 5316 3078 5369 qua:
3112 5317 3138 5351 a
3171 5297 3504 5364 sapientibus
3531 5301 3581 5344 et
3601 5281 3768 5342 sanctis

2254 5403 2399 5467 viris,
2437 5399 2516 5455 vel
2547 5399 2706 5453 etiam
2737 5395 2803 5450 ab
2835 5394 2949 5463 ipso
2978 5393 3201 5447 Domino
3247 5391 3468 5458 ﬁgurate
3497 5385 3619 5439 dicta
3647 5380 3765 5467 διιιιι.

2254 5465 2528 5550 mendacia
2555 5490 2963 5558 deputabuntur,
2997 5488 3118 5554 quia
3148 5482 3432 5538 secundum
3461 5465 3765 5558 usitatum-in;

2256 5587 2518 5642 tellectum
2551 5555 2654 5635 non
2687 5577 2924 5633 subsiStit
2954 5578 3148 5630 veritas
3185 5576 3234 5628 in
3268 5573 3454 5626 talibus
3491 5565 3645 5620 dictis.
3671 5555 3764 5609 Non

2256 5678 2394 5732 enim
2438 5676 2596 5728 homo
2631 5672 2720 5740 qui
2761 5668 2940 5722 habuit
2970 5667 3105 5722 duos
3155 5665 3307 5729 ﬁlios,
3350 5671 3562 5730 quorum
3601 5649 3759 5743 mittor.

2257 5775 2466 5835 accepti
2499 5773 2644 5836 parte
2673 5760 2970 5832 patrimonii
3000 5759 3101 5821 sui.
3142 5754 3401 5827 profectus
3431 5758 3507 5805 cst
3542 5745 3587 5798 in
3618 5748 3761 5805 regio.
