4016 6184
427 335 548 391 8-ιὸ

1650 333 2078 392 TilESAURUS.
2124 333 2275 391 CAP.
2315 335 2495 392 CXCI.

3591 338 3694 394 διε

428 469 566 510 nem
613 450 975 521 longinquam.
1007 457 1060 505 et
1088 456 1283 504 caetera
1326 464 1444 520 qua:
1491 449 1543 505 in
1575 450 1666 505 illa
1710 451 2014 506 narratione
2040 448 2090 508 Α
2120 449 2219 503 tela
2242 450 2567 519 vulpeculze;
2594 461 2651 505 ut
2675 465 2766 519 per
2795 451 3152 506 narrationem
3173 451 3348 507 ﬁctam
3372 451 3437 504 ad
3469 450 3519 504 id
3549 454 3689 520 quod

429 553 818 606 contexuntur,
847 543 918 597 ita
954 543 1228 608 dicuntur,
1263 552 1511 612 tanquam
1534 557 1660 598 vere
1677 542 1834 597 fuerit
1874 543 2019 612 quis-

429 653 598 706 quam
643 635 804 689 homo
830 633 917 703 qui
946 633 1044 687 hnc
1073 632 1124 686 in
1168 633 1286 686 filiis
1325 634 1435 687 suis
1465 633 1671 688 duobus
1705 643 1794 687 aut
1825 647 2016 702 passus

431 731 510 782 sit
537 770 551 792 ,
583 736 671 780 aut.
695 725 897 779 fecerit.
917 723 1062 777 Ficta
1080 731 1205 776 sunt
1233 738 1358 792 ergo
1377 724 1472 777 ista
1498 723 1561 776 ad
1585 738 1698 776 rem
1725 721 2007 789 quamdam

430 818 869 890 signiﬁcandam,
927 825 1034 869 tam
1064 815 1218 884 longe
1248 816 1459 883 alteque
1500 817 1758 882 majorem
1786 857 1799 877 ,
1827 825 1880 868 et
1907 824 2012 867 tam

431 908 926 978 incomparabiliter
952 906 1309 969 diﬁ’eren'em,
1341 914 1397 959 ut
1424 921 1515 972 per
1537 906 1682 960 illum
1713 906 1895 960 ﬁctum
1928 904 2017 959 ho-

430 1001 637 1053 minem
681 998 821 1052 Deus
861 1011 1021 1050 verus
1059 996 1398 1063 intelligatur.
1430 997 1580 1050 Sicut
1623 1009 1801 1051 autem
1824 997 1962 1050 dicta
1993 1037 2008 1061 ,

432 1092 513 1144 ita
545 1092 704 1144 etiam
745 1089 882 1142 facta
915 1087 1183 1156 ﬁnguntur
1211 1086 1324 1140 sine
1357 1088 1635 1141 mendacio
1673 1087 1738 1141 ad
1772 1089 2008 1157 aliquam

431 1194 554 1234 rem
590 1177 987 1247 signiﬁcandam
1015 1219 1028 1242 ,
1067 1177 1209 1230 unde
1259 1186 1344 1230 est
1386 1177 1546 1230 etiam
1586 1177 1717 1231 illud
1763 1176 2003 1244 ejusdem

431 1269 668 1334 Domini,
687 1268 828 1337 quod
850 1267 902 1321 in
926 1266 1010 1322 fici
1033 1267 1225 1321 arbore
1255 1265 1483 1321 fructum
1507 1267 1773 1337 quaesivit,
1795 1282 1859 1321 eo
1888 1276 2029 1322 tem-

432 1376 569 1432 pore
589 1376 694 1430 quo
714 1360 804 1414 illa
831 1374 988 1430 poma
1009 1359 1242 1412 nondum
1270 1368 1469 1413 essent.
1497 1358 1613 1413 Non
1639 1369 1723 1415 est
1743 1359 1883 1413 enim
1913 1358 2011 1413 (lu-

432 1453 584 1508 bium
615 1453 757 1506 illam
789 1449 1187 1520 inquisitionem
1233 1463 1336 1503 non
1366 1449 1528 1504 fuisse
1563 1465 1745 1504 veram
1773 1467 1788 1516 ;
1829 1449 2017 1517 quivis

429 1543 582 1599 enim
613 1541 884 1595 hominum
906 1539 1094 1602 sciret,
1121 1540 1164 1592 si
1193 1553 1295 1592 non
1316 1539 1613 1607 divinitate,
1643 1541 1726 1594 vel
1748 1548 2014 1607 tempore,

431 1648 596 1707 poma
634 1633 782 1687 illam
823 1631 1072 1686 arborem
1111 1645 1218 1683 tton
1264 1631 1479 1683 habere.
1513 1629 1686 1685 Fictio
1715 1630 1872 1699 igitur
1898 1645 2016 1700 qua:

432 1726 505 1779 ad
533 1725 760 1794 aliquam
802 1723 1082 1776 veritatem
1125 1721 1355 1774 refertur
1397 1721 1561 1787 ﬁgura
1609 1729 1730 1784 est;
1760 1736 1879 1791 quze
1911 1736 2014 1774 non

2119 539 2294 607 agitur
2337 555 2496 594 verax
2529 541 2847 610 signiﬁcatio
2895 543 3196 607 referatur;
3240 541 3379 596 unde
3413 547 3468 594 et
3509 539 3696 612 Esopi

2120 630 2252 683 tales
2280 629 2480 686 fabulas
2509 632 2576 685 ad
2605 647 2725 688 eum
2760 635 2918 688 linem
2950 634 3145 687 relatas
3175 634 3351 687 nullus
3382 639 3488 684 tam
3515 629 3697 684 ineru-

2118 717 2259 772 ditus
2285 717 2421 785 fuit,
2456 722 2547 789 qui
2595 731 2805 791 putaret
2830 722 3143 792 appellanda
3175 719 3450 774 mendacia
3477 735 3490 781 ;
3521 718 3615 773 sed
3647 725 3703 773 et

2119 813 2170 864 in
2203 810 2393 864 litteris
2430 825 2640 881 quoque
2683 815 2888 882 sacris,
2933 815 3072 868 sicut
3117 814 3168 867 in
3216 812 3356 866 libro
3402 810 3647 864 .ludicnm
3680 854 3697 880 ,

2116 904 2254 972 ligna
2279 904 2378 958 sibi
2410 920 2588 974 regem
2619 908 2895 975 requirunt
2921 949 2937 974 ,
2983 918 3035 960 et
3067 905 3353 976 loquuntur
3380 906 3446 960 ad
3476 907 3653 960 oleam
3677 948 3695 972 ,

2118 1004 2171 1050 et
2197 996 2260 1048 ad
2294 996 2470 1058 ﬁcum,
2503 1007 2556 1050 et
2583 999 2651 1052 ad
2678 1000 2861 1063 vitem,
2893 1008 2947 1054 et
2985 999 3050 1052 ad
3080 1000 3267 1054 rubum
3306 1017 3317 1049 :
3351 1001 3492 1069 quod
3527 1008 3692 1053 totum

2119 1086 2300 1150 utique
2332 1087 2568 1153 tingitur,
2617 1097 2672 1139 ιιι
2701 1088 2766 1141 ad
2798 1104 2909 1141 rem
2943 1105 3060 1156 quae
3101 1086 3391 1140 intenditur
3421 1088 3540 1141 ﬁcta
3571 1089 3690 1156 qui-

2117 1176 2236 1229 dem
2272 1179 2606 1241 narratione,
2634 1193 2737 1230 non
2769 1179 3008 1231 mendaci
3042 1185 3218 1230 tamen
3244 1218 3258 1238 .
3304 1177 3397 1230 sed
3430 1178 3607 1230 veraci
3624 1176 3698 1230 si-

2116 1268 2457 1338 gniﬁcatione
2488 1271 2750 1323 veniatur.
2789 1270 2911 1324 llmc
2935 1269 3042 1324 dixi
3089 1277 3308 1338 pr0ptcr
3345 1269 3484 1336 quod
3528 1271 3701 1336 scrip—

2119 1368 2229 1412 tum
2271 1370 2350 1413 est
2391 1360 2458 1414 de
2496 1360 2646 1425 .Iesu,
2703 1361 2768 1414 Et
2809 1362 2921 1429 ipse
2963 1360 3114 1414 ﬁnxit
3151 1373 3210 1415 se
3240 1359 3451 1428 longius
3479 1358 3558 1413 ire
3583 1399 3598 1424 ,
3636 1373 3704 1412 ne

2121 1449 2399 1516 quisquam
2431 1465 2494 1502 ex
2523 1452 2621 1503 hoc
2646 1451 2832 1514 verbo,
2859 1452 2996 1504 sicut
3025 1449 3465 1518 Priscillianisuc,
3501 1449 3702 1504 licitum

2119 1538 2302 1593 volens
2333 1539 2529 1593 habere
2560 1541 2916 1608 mendacium,
2963 1540 3181 1607 insuper
3226 1538 3388 1593 etiam
3430 1538 3702 1593 Christum

2118 1628 2406 1683 contendat
2451 1626 2615 1682 fuisse
2670 1629 3005 1684 mendacem.
3071 1628 3326 1696 Quisquis
3373 1638 3550 1682 autem
3593 1629 3704 1682 vult

2121 1718 2416 1788 intelligere
2440 1719 2566 1773 illud
2593 1718 2862 1788 ﬁngendo,
2897 1720 3024 1788 quid
3057 1719 3498 1787 prmﬁguraverit,
3531 1730 3704 1772 atten-

434 1817 696 1877 refertur,
731 1814 1062 1868 mendacium
1105 1821 1207 1866 est.
1242 1812 1379 1878 Quid
1408 1827 1535 1882 ergo
1587 1813 1851 1882 signiﬁcat
1875 1812 2015 1882 quod
2053 1814 2094 1871 Β
2123 1811 2212 1864 dat
2238 1811 2364 1880 quid
2414 1811 2622 1880 agendo
2660 1811 2960 1880 perfecerit.
2996 1810 3229 1880 Longius
3273 1825 3502 1879 namque
3558 1820 3706 1876 pust-

431 1923 500 1962 se
530 1911 605 1961 ire
634 1907 884 1960 Dominus
904 1905 1111 1973 longius
1133 1904 1306 1970 ﬁnxit,
1338 1919 1456 1958 cum
1480 1903 1828 1958 comitaretur
1855 1904 2016 1956 disci-

435 1997 607 2066 pulis,
639 2009 913 2065 exponens
943 1995 1020 2048 eis
1059 2006 1274 2048 sanctas
1300 1993 1606 2062 Scripturas
1632 2034 1647 2058 ,
1696 2003 1872 2047 utrum
1905 1995 2018 2062 ipse

433 2099 586 2144 esset
623 2088 1029 2158 ignorantibus?
1057 2086 1182 2152 quid
1218 2096 1464 2153 putamus
1487 2125 1502 2148 .
1548 2085 1649 2141 nisi
1685 2087 1805 2155 quia
1838 2087 2022 2154 hospi-

433 2178 662 2233 talitatis
687 2177 864 2232 ofﬁcio
884 2177 947 2230 ad
977 2191 1128 2230 suam
1158 2176 1517 2245 cognitiOnem
1550 2176 1831 2243 pervenire
1862 2190 2020 2244 posse

432 2270 684 2322 homines
715 2267 1016 2321 inlimavit?
1062 2276 1116 2318 ut
1148 2281 1268 2319 cum
1313 2266 1518 2334 longius
1551 2268 1663 2335 ipse
1693 2268 1760 2321 ab
1791 2268 2021 2322 homini-

431 2359 600 2414 nibus
623 2357 944 2412 abscesserit
967 2371 1128 2422 super
1155 2369 1342 2410 omnes
1369 2357 1554 2418 ctelos.
1585 2365 1760 2410 tamen
1795 2358 1865 2411 ita
1897 2371 2017 2411 cum

433 2452 519 2506 eis
555 2451 621 2504 sit
658 2451 743 2519 qui
775 2449 892 2502 inec
924 2449 1179 2502 exhibent
1207 2447 1378 2502 servis
1419 2447 1556 2518 ejus,
1593 2458 1652 2502 ut
1690 2463 1810 2504 cum
1844 2449 2022 2504 dicere

435 2539 702 2606 ceperint
731 2555 745 2593 :
776 2538 1020 2602 Domine,
1047 2537 1262 2608 quando
1287 2546 1340 2591 te
1384 2537 1614 2591 vidimus
1660 2538 1925 2608 hospitem
1968 2547 2023 2593 et

437 2629 806 2686 adduximus?
844 2636 1096 2697 tanquam
1126 2642 1246 2682 eum
1274 2627 1477 2682 scilicet
1505 2627 1595 2698 qui
1621 2627 1776 2697 longe
1803 2629 2021 2683 absces-

435 2731 625 2787 serat;
672 2720 991 2789 respondeat
1029 2720 1120 2774 ille
1152 2736 1166 2772 :
1214 2719 1348 2774 Cum
1389 2719 1480 2773 uni
1510 2734 1578 2774 ex
1621 2720 1858 2776 minimis
1887 2721 2023 2776 meis

430 2812 664 2876 fecistis,
686 2810 817 2866 mibi
835 2809 1052 2866 fecistis.
1068 2808 1239 2865 Tenet
1255 2825 1387 2879 ergo
1410 2809 1706 2877 Christum,
1730 2826 1796 2867 ne
1814 2811 2024 2882 longius

437 2901 509 2957 ab
531 2902 623 2958 illo
642 2911 746 2967 eat,
767 2901 1007 2971 quisquis
1029 2900 1388 2956 catechizatus
1405 2900 1570 2956 verbo
1591 2901 1643 2956 in
1659 2903 1907 2958 omnibus
1924 2904 2022 2958 bo-

438 2995 527 3050 nis
554 2995 602 3050 ei
638 2995 728 3064 qui
753 3007 814 3048 se
840 2993 1135 3048 catechixat
1157 2994 1534 3060 communicat,
1568 2995 1707 3050 sicut
1736 2997 2026 3065 Apostolus

439 3087 569 3142 dicit
599 3103 613 3140 :
641 3084 1008 3142 Communicet
1041 3088 1128 3155 qui
1161 3088 1525 3141 catechizatur
1571 3089 1733 3144 verbo
1773 3090 1822 3144 ei
1853 3090 1943 3160 qui
1971 3106 2029 3146 se

2117 1917 2180 1958 ea
2213 1902 2478 1971 profectus
2505 1917 2665 1970 super
2692 1916 2878 1955 omnes
2900 1903 3087 1966 caelos,
3117 1915 3222 1954 non
3257 1909 3432 1953 tamen
3469 1899 3707 1953 deseruit

2119 1995 2410 2062 discipulos
2447 2008 2593 2048 suos.
2626 1994 2849 2062 Propter
2878 1993 2976 2048 hoc
3015 1993 3424 2064 signiﬁcandum
3470 1992 3703 2045 futurum

2123 2086 2608 2151 divinitusfactum,
2657 2086 2722 2140 ad
2760 2101 2996 2154 przesens
3015 2086 3140 2140 illud
3185 2095 3269 2141 est
3305 2085 3607 2140 humanitus
3645 2086 3706 2138 ﬁ-

2125 2188 2291 2236 ctum,
2321 2177 2374 2247 4
2400 2187 2454 2232 ει
2482 2177 2602 2232 ideo
2625 2178 2943 2248 signiﬁcatio
2976 2193 3136 2231 verax
3168 2177 3221 2232 in
3262 2177 3350 2231 illa
3389 2187 3470 2230 est
3499 2179 3710 2230 ιιειίιηιο

2126 2270 2421 2338 ιιτίεηιίεεει,
2453 2267 2571 2336 quia
2599 2269 2650 2322 in
2674 2270 2771 2322 hac
2794 2269 3126 2336 profectione
3155 2267 3296 2322 illius
3329 2277 3414 2322 est
3438 2267 3709 2336 signiﬁca-

2126 2359 2284 2412 tionis
2319 2359 2514 2412 veritas
2546 2357 2851 2412 subsecuta.
2905 2356 2996 2412 ille
3036 2358 3196 2428 igitur
3243 2358 3533 2413 contendat
3556 2359 3710 2412 Chri-

2125 2459 2263 2506 stum
2305 2449 2584 2504 mentitum
2620 2461 2740 2503 esse
2772 2447 3042 2519 ﬁngendo,
3092 2449 3182 2517 qui
3224 2458 3384 2517 negat
3412 2464 3534 2504 eum
3570 2450 3709 2518 quod

2125 2539 2444 2610 signiﬁcavit
2472 2538 2777 2608 implevisse
2820 2537 3084 2593 faciendo.
3139 2537 3252 2592 Non
3281 2547 3365 2592 est
3395 2553 3522 2606 ergo
3554 2553 3711 2593 men-

2126 2630 2336 2686 dacium
2365 2644 2485 2685 cum
2507 2628 2715 2684 silendo
2741 2627 3088 2684 absconditur
3111 2643 3317 2695 verum,
3348 2627 3441 2682 sed
3471 2643 3592 2682 cum
3628 2629 3710 2681 lo-

2129 2722 2342 2792 quendo
2387 2721 2652 2792 promitur
2681 2721 2894 2777 falsum.
2936 2720 3102 2776 Jacob
3140 2730 3321 2775 autem
3357 2719 3500 2791 quod
3542 2734 3711 2774 matre

2126 2813 2258 2868 fecit
2286 2823 2528 2876 auCtore,
2563 2820 2620 2865 ut
2649 2820 2858 2880 patrem
2891 2809 3078 2865 fallere
3104 2809 3396 2873 videretur,
3420 2809 3463 2862 si
3491 2807 3713 2877 diligen-

2130 2913 2213 2960 ter
2245 2912 2297 2958 et
2345 2901 2574 2957 ﬁdeliter
2603 2900 2932 2965 attendatur,
2982 2912 3088 2952 non
3119 2909 3201 2953 est
3233 2898 3589 2961 mendacium,
3617 2901 3709 2952 sed

2131 2993 2442 3063 mysterium
2479 3010 2490 3045 :
2527 3006 2645 3058 quae
2695 2991 2738 3045 si
2793 2989 3068 3044 mendacia
3134 2988 3462 3054 dixerimus,
3524 3003 3711 3042 omnes

2133 3087 2292 3141 etiam
2334 3082 2603 3153 parabolae
2644 3097 2704 3136 ac
2735 3081 2916 3149 ﬁgura:
2947 3078 3414 3148 signiﬁcandarum
3456 3093 3711 3146 quarum-

441 3177 737 3233 catechizat
775 3178 830 3231 in
858 3178 1105 3232 omnibus
1147 3177 1319 3231 bonis.
1358 3179 1420 3232 Et
1440 3179 1546 3233 alio
1566 3179 1702 3248 loco,
1729 3196 1847 3235 cum
1866 3181 2031 3236 dixis-
2055 3177 2103 3242 C
2133 3191 2238 3246 que
2268 3191 2487 3240 rerum,
2538 3189 2655 3243 quae
2693 3189 2797 3226 non
2847 3172 2914 3226 ad
2963 3171 3342 3241 proprietatem
3392 3171 3714 3240 accipienda:

445 3278 570 3325 set:
604 3269 1018 3324 Necessitatibus
1047 3279 1351 3323 sanctorum
1381 3273 1871 3339 communicantes,
1905 3282 2018 3328 sta-

445 3359 544 3414 tim
575 3359 802 3427 subjecit
832 3375 846 3413 :
881 3359 1308 3427 Hospitalitatem
1343 3370 1628 3416 sectantes.
1656 3362 1724 3416 Et
1761 3363 1844 3417 isti
1884 3367 2026 3419 enim

442 3450 759 3507 catechizati
813 3461 968 3506 erant
1014 3452 1178 3505 verbo
1201 3493 1216 3517 ,
1268 3468 1387 3506 cum
1418 3454 1495 3507 eis
1529 3464 1817 3522 exponeret
1849 3455 2032 3524 Scrip-

443 3555 613 3610 turas,
639 3554 691 3599 et
712 3545 834 3614 quia
867 3543 1280 3613 hospitalitatem
1331 3547 1518 3600 sectati
1549 3555 1693 3612 sunt,
1725 3563 1846 3602 eum
1869 3564 2026 3617 quem

449 3635 504 3689 in
534 3635 649 3704 ipsa
676 3635 1010 3702 expositione
1038 3635 1435 3703 Scripturnrum
1481 3651 1586 3691 non
1629 3653 1993 3707 cognoverunt
2015 3677 2030 3701 ,

455 3728 511 3779 in
549 3725 702 3794 panis
731 3724 993 3780 fractione
1037 3736 1388 3794 cngnoscunt.
1423 3726 1538 3781 Non
1571 3729 1713 3783 enim
1764 3731 2034 3786 auditores

451 3815 588 3883 legis
614 3816 742 3884 justi
762 3824 890 3870 sunt
912 3817 1048 3886 apud
1073 3817 1238 3871 Deum
1271 3860 1284 3880 ,
1315 3819 1406 3872 sed
1435 3818 1662 3874 factores
1692 3823 1820 3889 legis
1840 3822 2038 3892 justiﬁ-

444 3905 738 3960 cabuntur.
790 3907 1128 3975 Evangelista
1167 3908 1391 3961 dicens:
1425 3909 1542 3976 Ipse
1582 3921 1756 3964 autem
1800 3927 1859 3965 se
1891 3913 2040 3966 ﬁnxit

446 3996 660 4065 longius
681 3997 781 4062 ire,
813 3998 973 4051 etiam
1009 3997 1178 4066 ipsum
1205 3999 1421 4052 verbum
1455 4003 1649 4068 pnsuit,
1678 4017 1784 4069 quo
1814 4003 2037 4056 menda-

447 4101 543 4141 ces
563 4087 786 4142 nimium
810 4087 1166 4152 delectantur,
1202 4099 1257 4143 ut
1290 4093 1503 4158 impune
1535 4094 2041 4162 mentiantur,quasi

449 4178 790 4232 mendacium
829 4179 900 4233 sit
947 4195 1108 4235 omne
1145 4183 1285 4249 quod
1330 4182 1586 4250 ﬁngitur,
1617 4199 1738 4237 cum
1781 4187 2042 4239 veraciter

452 4269 598 4323 aliud
631 4285 694 4324 ex
720 4271 825 4324 alio
855 4271 1188 4340 significandi
1225 4287 1384 4326 causa
1423 4284 1526 4327 tant
1553 4275 1717 4328 multa
1752 4275 2036 4345 fingantur.

450 4356 512 4412 Si
561 4373 688 4428 ergo
727 4360 856 4413 nih.l
905 4361 1049 4413 aliud
1105 4360 1460 4430 significasset
1496 4362 1653 4417 Jesus
1695 4364 1746 4416 ιιι
1800 4381 1865 4418 eo
1899 4365 2040 4433 quod

452 4450 661 4518 longius
684 4465 742 4504 se
775 4451 854 4505 ire
893 4452 1063 4517 ﬁnxit,
1097 4454 1288 4506 merito
1311 4453 1640 4518 judicaretur
1670 4472 1795 4512 esse
1821 4459 2039 4511 menda-

2132 3275 2276 3331 sunt,
2307 3265 2400 3320 sed
2443 3267 2494 3318 in
2526 3265 2603 3318 eis
2633 3264 2776 3317 aliud
2819 3278 2882 3318 ex
2914 3264 3020 3318 alio
3048 3272 3130 3317 est
3173 3263 3598 3332 intelligendum,
3631 3264 3711 3317 di-

2132 3365 2322 3412 centur
2345 3371 2465 3410 esse
2493 3355 2788 3418 mendacia,
2823 3353 2965 3424 quod
3002 3353 3142 3408 absit
3168 3355 3406 3410 omnino.
3453 3354 3585 3408 Nam
3624 3355 3714 3423 qni

2135 3450 2237 3504 hoc
2267 3457 2416 3518 putat
2446 3447 2663 3516 tropiris
2685 3447 2845 3502 etiam
2872 3458 2977 3500 tant
3011 3446 3194 3501 multis
3224 3447 3578 3502 locutionibus
3605 3464 3715 3504 om-

2135 3542 2290 3598 nibus
2327 3548 2501 3610 potest
2547 3541 2682 3593 hanc
2727 3539 3013 3607 importare
3055 3539 3400 3606 calumniam,
3445 3544 3514 3595 ita
3557 3553 3613 3596 ut
3655 3555 3710 3596 et

2138 3637 2252 3706 ipsa
2275 3652 2393 3703 qua:
2423 3635 2719 3704 appellatur
2739 3637 3019 3712 μεταφορὰ,
3055 3635 3158 3690 hoc
3187 3644 3290 3700 est,
3319 3635 3385 3690 de
3413 3651 3471 3692 re
3497 3638 3710 3708 propria

2140 3728 2205 3780 ad
2238 3742 2350 3780 rem
2383 3741 2487 3779 non
2521 3725 2790 3793 propriam
2824 3725 2973 3778 verbi
3001 3725 3229 3793 alicujus
3255 3735 3507 3795 usurpata
3538 3736 3717 3782 trans-

2141 3818 2287 3879 latio,
2311 3823 2491 3884 posset
2519 3816 2617 3868 ista
2639 3815 2846 3867 ratione
2873 3813 3212 3867 mendacium
3237 3816 3553 3883 nuncupari.
3584 3818 3717 3873 Cum

2140 3910 2281 3963 enim
2322 3907 2548 3960 dicimus
2592 3906 2846 3958 fluctuare
2875 3913 3108 3973 segetes,
3139 3919 3406 3972 gemmare
3436 3905 3592 3971 vites,
3625 3907 3718 3961 ﬁo.

2143 3999 2310 4052 ridam
2354 3998 2707 4066 juventutem,
2763 3995 2978 4048 niveam
3018 3995 3292 4061 canitiem,
3346 3997 3718 4064 proculdubio,

2143 4093 2352 4154 fluetus,
2401 4103 2659 4157 gemmas,
2710 4088 2919 4154 florem,
2957 4087 3159 4154 nivem,
3207 4089 3330 4157 quia
3363 4091 3414 4143 in
3449 4089 3531 4143 his
3562 4091 3721 4145 rebus

2145 4199 2246 4236 non
2280 4182 2580 4236 invenimus
2611 4181 2661 4233 in
2693 4195 2824 4248 quas
2853 4180 2966 4234 haec
2991 4179 3158 4233 verba
3190 4180 3406 4234 aliunde
3452 4185 3722 4235 transtuli-

2144 4291 2284 4337 mus,
2319 4274 2385 4328 ab
2430 4273 2544 4326 istis
2587 4271 2859 4326 mendacia
2903 4271 3246 4339 putabuntur.
3285 4272 3350 4325 Et
3384 4281 3533 4341 petra
3573 4272 3723 4327 Chri.

2143 4381 2277 4434 stus,
2305 4377 2357 4422 et
2387 4381 2479 4420 cor
2507 4365 2770 4433 lapideum
2813 4363 3140 4420 Judtcorum.
3186 4363 3319 4419 Item
3345 4365 3430 4419 leo
3450 4366 3722 4425 Christus.

2147 4471 2199 4514 et
2229 4461 2310 4514 leo
2342 4459 2610 4520 diabolus,
2653 4467 2704 4512 et
2730 4457 3136 4510 innumerabilia
3173 4457 3296 4510 talia
3325 4456 3574 4513 dicentur
3601 4473 3723 4511 esse

453 4540 617 4593 cium.
643 4541 809 4595 l'orro
831 4552 1005 4596 autem
1037 4545 1081 4597 si
1112 4544 1249 4598 bene
1275 4544 1620 4616 intelligatur,
1652 4557 1705 4601 et
1727 4549 1790 4601 ad
1825 4549 1871 4600 id
1895 4549 2034 4617 quod
2069 4538 2115 4596 ί)
2145 4552 2438 4607 mendacia.
2473 4549 2609 4617 Quid
2647 4550 2788 4617 quod
2823 4551 2936 4604 haec
2972 4549 3172 4617 tropica
3226 4549 3424 4605 locutio
3453 4566 3620 4619 usque
3658 4551 3723 4605 ad

455 4632 622 4684 voluit
650 4633 951 4699 signiﬁcare
992 4634 1254 4690 referatur
1284 4678 1298 4701 ,
1345 4638 1611 4692 invenitur
1659 4655 1780 4694 esse
1832 4653 2033 4710 myste-

455 4725 619 4778 rium.
649 4727 894 4795 Alioqutn
926 4740 1082 4781 erunt
1121 4739 1312 4783 cuncta
1356 4733 1631 4786 mendacia
1671 4751 1790 4803 qua:
1821 4747 2038 4804 pr0pter

457 4816 741 4882 quamdam
768 4832 943 4871 rerum
965 4819 1430 4888 significandarum
1459 4823 1882 4893 similitudinem,
1917 4844 2036 4882 cum

456 4917 611 4972 gesta
641 4923 747 4962 non
780 4909 920 4973 siut,
954 4919 1205 4979 tanquam
1238 4925 1385 4980 gesta
1418 4924 1720 4968 narrantur.
1770 4917 1924 4971 Unde
1961 4929 2043 4974 tst

459 4999 548 5052 illa
580 5000 645 5053 de
675 5001 882 5055 duobus
915 5005 1068 5056 unius
1099 5003 1329 5056 [nominis
1351 5005 1506 5070 ﬁliis,
1542 5005 1742 5074 majore
1773 5009 1861 5077 qui
1887 5025 2036 5064 man-

461 5089 536 5141 sit
560 5090 698 5158 apud
726 5101 929 5158 patrem
957 5107 1109 5146 suum
1137 5133 1152 5154 ,
1183 5101 1237 5146 et
1263 5093 1466 5147 minore
1498 5097 1586 5163 qui
1619 5101 1774 5165 longe
1807 5099 2045 5169 peregri-

462 5189 622 5235 natus
656 5193 760 5245 est,
795 5193 900 5237 tam
949 5185 1150 5253 prolixa
1182 5185 1433 5238 narratio.
1482 5185 1534 5238 In
1569 5201 1674 5254 quo
1704 5204 1900 5257 genere
1941 5191 2043 5244 ﬁn-

462 5273 620 5341 gendi
655 5275 883 5328 humana
911 5277 1071 5329 etiam
1109 5276 1249 5329 dicta
1289 5276 1372 5329 vel
1418 5277 1551 5330 facta
1595 5279 2046 5336 irrationabilibus

464 5365 826 5418 animantibus
853 5375 907 5420 et
926 5366 1084 5420 rebus
1109 5381 1267 5420 sensu
1291 5367 1598 5421 carentibus
1627 5367 1871 5424 homines
1894 5371 2047 5424 addi-

463 5454 682 5514 derunt,
702 5464 762 5508 ut
782 5456 1042 5524 ejusmodi
1063 5456 1197 5510 ﬁctis
1219 5457 1631 5524 narrationibus,
1653 5458 1748 5514 sed
1771 5461 2049 5516 veracibns

467 5544 946 5612 signiﬁcationibus
967 5546 1107 5616 quod
1139 5547 1335 5601 vellent
1362 5548 1791 5603 commendatius
1834 5551 2049 5605 intima-

468 5647 612 5695 rent.
655 5638 761 5693 Nec
788 5641 925 5708 apud
953 5649 1196 5695 auctores
1227 5649 1430 5695 tantum
1473 5643 1807 5699 smcularium
1842 5644 2049 5700 littera-

465 5744 610 5798 rum,
635 5740 691 5785 ut
718 5734 855 5802 apud
886 5733 1179 5802 iloratium,
1214 5748 1336 5791 mus
1363 5734 1596 5818 loquitur
1626 5739 1787 5807 muri,
1823 5748 1876 5797 et
1898 5755 2044 5798 mus-

2141 4661 2258 4698 eam
2290 4641 2529 4712 pervenit
2578 4656 2694 4709 qua:
2745 4641 3041 4710 appellatur
3070 4642 3392 4714 ἀντίφρασις,
3425 4649 3483 4694 ιιι
3513 4640 3724 4695 dicatur

2144 4737 2414 4788 abundare
2460 4733 2600 4801 quod
2647 4748 2750 4785 non
2807 4741 2918 4795 est,
2963 4731 3172 4784 dicatur
3219 4731 3372 4786 dulce
3415 4734 3556 4801 quod
3615 4736 3727 4788 act-

2145 4828 2267 4880 dum
2301 4834 2402 4891 est,
2451 4824 2604 4877 lucus
2640 4821 2781 4891 quod
2830 4838 2936 4875 non
2972 4821 3165 4889 luceat,
3215 4837 3388 4890 parca:
3435 4825 3576 4893 quod
3623 4841 3728 4878 non

2147 4917 2402 4985 parcant?
2426 4914 2562 4967 unde
2590 4913 2720 4966 illud
2743 4923 2824 4966 est
2855 4913 2904 4966 in
2934 4911 3228 4981 Scripturis
3265 4917 3465 4969 sanctis
3501 4933 3512 4967 :
3540 4914 3596 4971 Si
3623 4932 3726 4969 non

2150 5008 2203 5060 in
2244 5005 2432 5058 faciem
2476 5002 2815 5056 benedixerit
2870 5003 2986 5069 tibi,
3032 5004 3172 5071 quod
3221 5004 3467 5060 diabolus
3515 5006 3588 5058 ait
3637 5005 3741 5058 Do-

2151 5097 2316 5158 tninu,
2351 5097 2417 5147 de
2445 5103 2631 5147 sancto
2653 5093 2774 5159 Job,
2802 5102 2853 5145 et
2882 5093 3198 5163 intelligitur
3230 5096 3592 5159 maledixcrit,
3625 5111 3730 5165 quo

2151 5188 2313 5242 verba
2361 5198 2414 5241 et
2444 5185 2704 5240 Nabuthei
2760 5187 2936 5240 ﬁctum
2987 5187 3191 5242 crimen
3223 5203 3251 5240 a
3283 5187 3729 5241 calumniantibus

2154 5282 2480 5335 nominatum
2521 5287 2622 5333 est.
2660 5279 2865 5332 Dictum
2896 5288 2978 5334 est
3007 5281 3150 5334 enim
3195 5281 3335 5349 quod
3380 5279 3718 5333 benedixerit

2155 5373 2286 5442 regi.
2325 5373 2423 5425 hoc
2451 5380 2549 5434 est,
2597 5371 2957 5425 ntaledixerit.
3001 5372 3064 5425 lli
3107 5387 3295 5426 omnes
3327 5371 3468 5424 modi
3503 5369 3732 5426 locutio-

2155 5479 2277 5516 num
2312 5461 2583 5515 mendacia
2615 5463 2957 5530 putabuntur,
2989 5461 3030 5514 si
3063 5462 3282 5523 loeutio,
3313 5460 3394 5513 vel
3427 5460 3565 5514 actio
3598 5461 3733 5531 ﬁgu-

2155 5563 2286 5616 rata,
2349 5554 2400 5605 in
2448 5551 2726 5605 mendacio
2764 5551 3123 5618 deputabitur.
3171 5549 3226 5604 Si
3273 5560 3454 5604 autem
3501 5566 3607 5606 non
3651 5562 3732 5606 est

2152 5646 2508 5709 mendacium,
2541 5644 2751 5713 quando
2775 5646 2839 5696 ad
2885 5643 3291 5712 intelligentiam
3323 5643 3564 5698 veritatis
3587 5645 3728 5698 aliud

2150 5753 2214 5794 ex
2245 5739 2349 5793 alio
2380 5736 2730 5807 signiﬁcantia
2780 5735 3100 5800 referuntur,
3145 5734 3385 5805 profecto
3417 5752 3524 5792 non
3553 5738 3724 5793 solum
