4016 6184
458 275 557 329 847
1515 275 1578 332 D.
1622 274 1938 333 EUGYPPII
1980 272 2268 330 ABBATIS
2306 272 2630 331 AFRICANI
3583 284 3669 339 85’}

457 386 509 440 id
536 386 675 456 quod
699 386 821 441 fecit
850 401 879 441 a
904 395 940 441 ιι
965 387 1097 443 divit
1137 388 1303 444 Jacob
1332 390 1472 459 patri
1506 400 1563 444 ut
1592 391 2028 453 benediceretur,
2062 390 2112 449 Α
2141 388 2576 459 quandoquidem
2608 389 2699 443 illa
2733 387 2876 443 Petri
2915 400 2970 443 et
3000 388 3256 445 Barnahaz
3286 392 3559 461 simulatio,
3588 416 3668 467 qua

456 478 550 533 sed
583 494 752 549 neque
783 480 915 535 illud
944 483 1083 551 quod
1110 482 1313 551 Joseph
1339 484 1482 538 velut
1511 484 1802 540 illudendis
1832 484 2040 537 locutus
2146 485 2333 546 gentes
2368 479 2646 546 jndaizare
2676 478 2960 545 cogebant,
2995 480 3183 535 metito
3211 481 3521 550 reprehensa
3546 496 3675 555 alque

456 580 540 625 e-t
586 571 858 638 fratribus,
905 588 1003 629 nec
1047 575 1186 645 quod
1243 575 1413 630 David
1454 575 1724 629 simulavit
1758 574 2040 638 insaniam,
2145 577 2394 635 correpta
2442 566 2734 639 [correcta]
2775 578 2879 632 est,
2911 579 2965 624 et
3008 584 3074 625 ne
3114 579 3241 626 tunc
3279 584 3521 641 noceret,
3550 587 3595 631 et
3622 594 3677 632 ne

458 676 557 714 nec
586 674 783 717 caetera
814 662 1116 732 bujusmodi
1152 665 1429 719 mendacia
1454 665 1744 735 judicanda
1775 674 1917 728 sunt,
1947 664 2040 718 sed
2148 660 2385 727 poetcris
2429 661 2496 715 ad
2542 660 2860 715 imitandum
2901 662 3124 717 valeret.
3154 664 3285 719 Cum
3323 666 3456 719 enim
3490 667 3681 723 vidisset

459 752 757 807 locutiones
792 754 1146 824 actionesque
1186 757 1543 825 prophetictn,
1584 756 1650 811 ad
1680 772 1741 811 ea
1767 771 1887 825 quae
1915 769 2039 809 vera
2146 751 2421 818 apostolus
2445 750 2659 820 Paulus,
2689 752 2811 821 quia
2843 768 2949 807 n'rn
2981 764 3125 810 recte
3149 755 3506 824 ingrediuntur
3530 759 3587 812 ad
3606 775 3681 813 ve-

457 849 581 896 sunt
616 840 959 911 intelligenda
996 844 1293 899 referendae
1322 863 1336 901 :
1368 861 1488 915 quae
1530 855 1815 915 propterea
1852 846 2045 914 figura-
2148 841 2363 895 ritatem
2409 841 2708 912 Evangelii,
2753 843 2889 897 dixit
2929 844 3088 899 Petro
3126 859 3305 900 coram
3337 848 3567 902 omnibus
3596 867 3607 899 :
3635 850 3683 903 Si

459 933 525 985 tis
545 932 689 987 velut
730 934 1016 990 amictibus
1056 935 1404 1006 obteguntur,
1438 948 1495 992 ut
1535 952 1751 993 sensum
1783 938 1870 1007 pic
1898 952 2044 1006 quze-
2149 943 2203 986 tu
2233 947 2353 987 cum
2391 933 2466 987 sis
2494 934 2709 989 Judteus
2730 975 2743 998 ,
2786 935 3059 1003 gentiliter
3096 946 3151 991 et
3181 951 3285 991 non
3326 937 3524 1004 judaice
3552 940 3680 997 vivis.

458 1024 626 1078 remis
670 1035 985 1091 exerceant,
1030 1037 1082 1083 et
1114 1043 1181 1083 ne
1213 1028 1351 1083 nuda
1382 1044 1444 1083 ac
1476 1039 1717 1098 prompta
1763 1030 2042 1082 vilescunt.
2146 1024 2419 1094 Quomodo
2446 1037 2635 1096 gentes
2655 1025 2798 1095 cogis
2824 1025 3142 1094 judaizare?
3168 1027 3223 1082 id
3249 1038 3420 1084 autem
3441 1030 3568 1099 quod
3591 1031 3685 1097 ipse

459 1116 713 1181 Quamvis
754 1132 873 1185 qua:
916 1116 1036 1170 aliis
1079 1118 1210 1173 locis
1256 1130 1439 1186 aperte
1474 1133 1538 1173 ac
1572 1118 1855 1173 manifeste
1905 1118 2044 1171 diata
2148 1116 2298 1180 fecit,
2348 1127 2405 1170 ut
2442 1117 2702 1186 quasdam
2748 1116 3157 1171 observationes
3200 1118 3454 1188 legitimas
3496 1120 3683 1173 Judaica

459 1206 766 1273 didicimus,
792 1223 912 1262 cum
940 1190 1015 1262 ‘ea
1046 1209 1156 1277 ipsa
1188 1210 1252 1263 de
1275 1211 1465 1265 abditis
1484 1208 2042 1275 eruuntur,quodam-
2148 1209 2537 1263 consuetudine
2583 1208 2866 1263 retinendo
2891 1217 2945 1263 et
2971 1209 3179 1277 agendo
3221 1225 3323 1263 non
3365 1225 3421 1265 se
3447 1212 3685 1264 inimicum

460 1297 623 1352 modo
666 1299 717 1351 in
750 1310 933 1352 nostra
963 1301 1287 1368 cogitatione
1318 1311 1666 1367 renovantur,
1697 1310 1750 1357 et
1792 1310 2044 1356 renovata
2150 1299 2251 1367 legi
2286 1298 2665 1367 propltctisque
2715 1308 3071 1361 monstraret,
3122 1297 3261 1352 absit
3301 1309 3357 1351 ut
3399 1298 3690 1353 mendaciter

461 1387 795 1453 dulcescunt,
826 1404 924 1443 nec
946 1390 1252 1445 invidentur
1280 1392 1612 1448 discentibus
1636 1393 1777 1464 quod
1811 1393 1895 1447 his
1932 1408 2046 1447 mo-
2148 1405 2272 1446 eum
2302 1390 2495 1447 fecisse
2538 1391 2847 1446 credamus.
2892 1391 2966 1445 De
3006 1392 3106 1445 bac
3148 1391 3341 1461 quippe
3380 1407 3433 1447 re
3472 1395 3587 1447 satis
3619 1404 3687 1447 est

462 1486 545 1540 dis
569 1487 949 1553 obscurantur,
981 1490 1076 1545 sed
1108 1490 1553 1545 commendantur
1576 1491 1768 1559 magis,
1816 1498 1876 1544 ut
1894 1490 2045 1559 quasi
2148 1483 2266 1551 eius
2296 1491 2419 1537 nota
2467 1484 2761 1548 sententia.
2801 1496 2905 1552 qua
2936 1482 3111 1537 fuerat
3142 1484 3479 1537 constitutum
3508 1499 3595 1538 nec
3617 1487 3686 1553 Ιιι·

463 1576 736 1631 subtracta
766 1578 1147 1634 desiderentur
1176 1580 1472 1645 ardentius,
1504 1589 1561 1633 et
1591 1579 1929 1634 inveniantur
1953 1578 2046 1632 de-
2150 1574 2300 1628 dznos
2329 1573 2421 1644 qui
2458 1582 2583 1629 tunc
2627 1574 2681 1628 in
2712 1572 2987 1628 Christum
3030 1573 3325 1629 credebant
3369 1575 3689 1643 prohibendos

470 1666 705 1722 siderata
739 1667 1028 1737 jucundius
1058 1687 1070 1722 :
1102 1682 1279 1725 tamen
1310 1685 1433 1725 vera
1461 1684 1568 1724 non
1609 1669 1737 1723 falsa
1774 1668 2044 1733 dicuntur,
2150 1680 2271 1721 esse
2315 1682 2345 1719 a
2377 1666 2616 1733 paternis
2665 1665 3066 1732 traditionibus,
3122 1679 3224 1720 nec
3262 1666 3324 1719 ad
3362 1681 3449 1720 eas
3475 1667 3687 1735 gentiles,

466 1758 719 1827 quoniam
744 1775 867 1814 vera
899 1777 1004 1815 non
1032 1760 1162 1816 falsa
1193 1761 1583 1832 signiﬁcantur,
1604 1776 1697 1815 seu
1729 1760 1919 1826 verbo,
1948 1774 2042 1813 seu
2077 1764 2123 1822 Β
2148 1770 2269 1809 cum
2298 1754 2584 1810 Christiani
2618 1756 2830 1818 fierent,
2861 1769 2983 1810 esse
3010 1755 3306 1824 cogendos,
3340 1766 3395 1809 ut
3421 1756 3501 1809 illa
3530 1771 3685 1810 sacra-

464 1849 621 1901 facto.
651 1848 780 1915 Qum
806 1849 1175 1919 signiﬁcantur
1212 1851 1356 1905 enim
1397 1852 1577 1921 utique
1620 1850 1735 1918 ipsa
1765 1849 2043 1903 dicuntur:
2154 1852 2330 1899 menta
2375 1860 2495 1915 quae
2531 1845 2788 1901 divinitus
2835 1854 3103 1915 praecepta
3146 1860 3270 1900 esse
3310 1856 3562 1900 constaret
3600 1862 3685 1900 non

465 1945 720 2001 putantur
747 1948 925 1992 autem
958 1938 1234 1993 mendacia
1268 1939 1519 2008 quoniam
1555 1952 1661 1992 non
1688 1952 1749 1993 ea
1773 1953 1892 2007 qua:
1924 1952 2047 1991 vera
2153 1943 2402 2005 tanquam
2444 1937 2725 2006 sacrilegia
2770 1936 3102 2006 ingerentur,
3140 1952 3240 1993 nec
3273 1948 3443 1992 tamen
3473 1949 3686 2007 putaren-

468 2025 842 2093 signiﬁcantur
886 2027 1029 2081 dicta
1076 2029 1463 2097 intelliguntur,
1516 2029 1611 2083 sed
1658 2044 1718 2083 ea
1760 2044 1879 2097 quac
1918 2029 2045 2082 falsa
2153 2033 2238 2078 tur
2267 2024 2345 2081 sic
2374 2027 2709 2091 necessaria,
2736 2027 2850 2096 jam
2892 2026 3045 2081 Novo
3084 2026 3433 2083 Testamento
3460 2032 3686 2089 revelato,

466 2124 592 2169 sunt
609 2116 747 2170 dicta
761 2117 1203 2172 essccreduntur.
1229 2119 1339 2173 lloc
1360 2119 1685 2188 utexemplis
1708 2120 1796 2172 fiat
1814 2119 2046 2188 planius,
2152 2123 2404 2184 tanquam
2428 2116 2546 2171 sine
2568 2115 2652 2170 his
2678 2119 2986 2186 quicunque
3010 2128 3449 2173 converterentur
3467 2120 3527 2172 ad
3554 2120 3686 2172 Deum

471 2203 523 2257 id
571 2205 744 2272 ipsum
789 2206 932 2275 quod
966 2206 1131 2262 Jacob
1171 2208 1299 2263 fecit
1333 2209 1568 2263 attende.
1627 2208 1863 2263 lla-diuis
1901 2220 2049 2264 certe
2151 2202 2283 2256 83M
2313 2217 2433 2258 esse
2463 2219 2567 2258 non
2598 2215 2837 2273 posset“.
2873 2206 3040 2260 Erant
3061 2208 3207 2261 enim
3237 2209 3327 2277 Qui
3358 2208 3453 2263 hoc
3474 2210 3688 2277 putabat-1

467 2294 695 2363 pellibus
723 2298 962 2352 membra
990 2298 1269 2353 contexit:
1304 2300 1347 2353 si
1376 2314 1592 2354 causam
1629 2301 1924 2369 proximam
1966 2316 2050 2354 re-
2150 2304 2310 2361 atque
2361 2295 2753 2363 pradicabant,
2814 2297 3057 2367 quamvis
3111 2298 3224 2367 iam
3278 2310 3485 2369 recepto
3524 2300 3688 2354 Chrisﬁ

466 2387 761 2455 quiramus,
816 2389 1100 2443 mentitum
1144 2390 1472 2458 putabimus,
1524 2391 1624 2444 hoc
1650 2390 1795 2445 enim
1838 2391 1963 2446 fecit
1992 2399 2050 2445 ut
2157 2384 2464 2453 Etangelio,
2511 2395 2565 2441 et
2602 2388 2681 2442 eis
2726 2388 2977 2443 simulate
3018 2377 3408 2445 consenserant
3450 2391 3613 2446 Pelius
3648 2400 3691 2443 ct

466 2486 743 2546 putaretur
786 2493 905 2534 esse
947 2480 1039 2550 qui
1072 2496 1177 2534 non
1208 2491 1344 2535 erat.
1379 2481 1434 2537 Si
1462 2492 1643 2536 autem
1694 2482 1795 2535 hoc
1846 2481 2047 2536 factum

2153 2473 2423 2529 Barnabas
2457 2488 2470 2532 :
2503 2475 2732 2545 ideoque
2779 2477 3046 2547 cogebant
3095 2488 3288 2549 gentes
3332 2480 3598 2549 judaizare.
3646 2482 3686 2534 Id

463 2567 530 2621 ad
564 2568 693 2622 illud
728 2579 946 2638 propter
990 2570 1130 2639 quod
1180 2571 1588 2642 signiﬁcandum
1622 2586 1807 2626 revera
1853 2572 2046 2626 factum
2152 2575 2267 2620 erat
2296 2566 2435 2621 enim
2467 2581 2693 2637 cogere,
2726 2568 2804 2623 sic
2834 2583 2894 2623 ea
2927 2570 3237 2625 necessaria
3273 2573 3563 2641 pratdiCare,
3599 2581 3691 2623 tan-

466 2669 549 2714 est
597 2661 861 2715 referatur
892 2702 906 2727 ,
958 2679 1055 2733 per
1109 2662 1347 2718 litedinas
1405 2663 1575 2732 pelles
1629 2672 1848 2733 peccata
1875 2705 1889 2727 ,
1956 2678 2050 2731 per
2153 2671 2311 2725 quam
2344 2666 2398 2710 et
2427 2666 2645 2727 recepto
2677 2658 2971 2728 Evangelio
3000 2660 3148 2714 nulla
3185 2662 3303 2717 sine
3345 2664 3451 2718 illis
3476 2664 3601 2717 salus
3621 2678 3692 2717 es-

468 2765 590 2805 cum
666 2765 795 2805 vero
862 2753 950 2822 qui
1020 2753 1099 2807 eis
1163 2767 1223 2808 se
1287 2754 1499 2821 operuit
1556 2753 1646 2807 ille
1719 2751 2049 2822 significatus
2153 2758 2239 2803 set
2282 2749 2333 2802 in
2374 2748 2605 2804 Christo.
2645 2750 2759 2805 lioc
2786 2765 2942 2807 error
2969 2754 3329 2821 quorumdam
3372 2755 3692 2823 putabat,line

468 2852 555 2896 est
596 2843 684 2912 qui
743 2859 849 2898 non
912 2858 1006 2899 sua
1034 2885 1048 2910 ,
1117 2846 1210 2901 sed
1284 2846 1454 2901 aliena
1524 2856 1743 2916 peccata
1797 2848 2047 2916 portavit.
2155 2839 2312 2893 timor
2356 2841 2497 2895 Petri
2538 2841 2846 2907 simulabat,
2881 2843 2981 2898 hoc
3007 2844 3233 2901 libertas
3266 2845 3408 2900 Pauli
3443 2845 3691 2914 redargue-

470 2932 646 2988 Verax
672 2948 802 3004 ergo
830 2936 1148 3004 signiﬁcatio
1178 2937 1322 2991 nullo
1351 2937 1509 2992 modo
1540 2937 1876 2993 mendacium
1904 2946 2051 2992 recte
2159 2930 2268 2985 bal.
2302 2930 2453 2998 Quod
2484 2947 2612 3001 ergo
2642 2932 2739 2998 ait.
2787 2931 3048 2988 Omnibus
3091 2937 3274 2990 omnia
3308 2936 3472 2991 factus
3505 2950 3625 2998 sunt.
3652 2945 3694 2987 ut

470 3025 574 3080 diei
604 3035 800 3095 potest,
838 3026 902 3082 Ul
929 3037 1108 3083 autem
1153 3028 1205 3083 in
1244 3030 1382 3085 facto
1412 3031 1484 3085 ira
1526 3039 1582 3086 οι
1616 3031 1668 3085 in
1697 3031 1881 3087 verba,
1920 3030 2048 3085 Nam
2156 3036 2340 3078 omnes
2371 3023 2771 3090 lucrifacerem,
2803 3025 3183 3093 compatiendo
3204 3027 3257 3081 id
3288 3027 3432 3093 fecit,
3456 3042 3550 3081 non
3576 3042 3695 3079 men-

471 3130 590 3170 cum
623 3116 672 3170 ei
719 3124 871 3186 pater
898 3118 1119 3174 dixisset
1146 3136 1157 3171 :
1188 3121 1317 3186 Quis
1344 3135 1403 3174 es
1444 3130 1521 3187 tu,
1554 3120 1664 3175 ﬁli?
1704 3122 1793 3177 ille
1825 3136 2048 3191 respon-
2080 3125 2127 3187 (ι
2158 3114 2359 3169 tiendo.
2409 3114 2495 3169 Fit
2523 3117 2666 3170 enim
2694 3118 2921 3186 quisque
2951 3125 3209 3187 tanquam
3243 3118 3331 3172 ille
3357 3120 3438 3174 cui
3466 3118 3567 3172 vult
3591 3117 3693 3170 sub-

471 3207 593 3261 dit:
623 3206 735 3275 Ego
764 3223 880 3261 sum
914 3209 1052 3263 Esau
1085 3210 1470 3280 primogenitus
1497 3219 1637 3268 tuus.
1676 3212 1789 3267 Hoc
1829 3213 1874 3268 si
1911 3214 2051 3268 refe-
2158 3205 2360 3269 νθηῖτθο
2390 3206 2604 3276 quando
2631 3217 2775 3262 iam“
2819 3209 3187 3265 misericordia
3236 3211 3496 3275 ευῦνθηίῑ,
3524 3218 3688 3279 quan“

472 3306 626 3353 ratur
655 3299 722 3353 ad
755 3300 876 3354 illos
916 3301 1050 3355 duos
1089 3304 1363 3371 geminos,
1395 3304 1734 3359 mendacium
1767 3306 2053 3373 videbitur,
2154 3297 2254 3353 sibi
2284 3299 2559 3354 subveniri
2599 3300 2759 3356 vellet
2798 3302 2840 3355 si
2879 3310 3020 3356 esset
3052 3302 3170 3371 ipse
3209 3304 3262 3357 in
3295 3303 3475 3358 eadem
3517 3301 3697 3356 misrria

475 3392 521 3448 si
554 3400 731 3445 autem
763 3391 891 3445 illud
920 3404 1142 3462 propter
1170 3395 1309 3464 quod
1341 3395 1751 3465 signiﬁcandum
1781 3399 1881 3451 ista
1906 3407 2053 3467 gesta
2154 3390 2504 3445 constitutus.
2537 3392 2725 3461 Itaque
2766 3392 2846 3458 ﬁt,
2882 3402 3131 3459 tanquam
3164 3394 3277 3459 ille,
3310 3409 3412 3448 non
3451 3393 3561 3462 quia
3590 3391 3699 3445 fallit

475 3481 725 3549 dictaque
766 3482 1069 3549 conscripta
1091 3493 1238 3549 sunt,
1265 3484 1354 3538 ille
1381 3493 1461 3538 est
1494 3484 1577 3538 hic
1601 3485 1977 3555 intelligendus
2003 3488 2055 3541 in
2156 3478 2323 3545 illum,
2363 3481 2458 3535 sed
2487 3483 2608 3551 quia
2638 3496 2695 3535 re
2724 3483 2924 3551 cogitat
2949 3487 3087 3537 sicut
3117 3482 3291 3538 illum.
3320 3484 3467 3539 Unde
3495 3482 3608 3538 illud
3631 3491 3700 3535 est

480 3588 611 3643 pore
641 3587 760 3638 suo,
806 3574 947 3643 quod
987 3583 1069 3628 est
1101 3574 1215 3643 ejus
1245 3575 1504 3642 Ecclesia,
1546 3577 1635 3646 qui
1667 3578 1732 3632 de
1766 3578 1862 3632 hac
1890 3593 1946 3632 re
1974 3578 2055 3632 lo-
2156 3567 2272 3636 eius
2311 3571 2536 3639 εροειοιί
2574 3570 2713 3639 quod
2751 3571 2862 3641 jam
2902 3586 3060 3639 supra
3108 3574 3521 3629 commemoravi
3553 3590 3565 3624 :
3594 3570 3701 3625 Fra-

479 3677 648 3734 quens
671 3663 743 3717 ait
777 3680 789 3715 :
822 3663 951 3718 Cum
979 3664 1220 3719 videritis
1249 3665 1521 3720 Abraham
1553 3678 1606 3721 et
1638 3666 1787 3723 Isaac
1809 3677 1861 3721 et
1892 3668 2058 3724 Jacoh
2159 3665 2285 3722 lreS.
2328 3660 2371 3712 si
2422 3670 2829 3729 praemettpattts
2854 3661 2905 3731 5
2938 3661 3099 3716 fuerit
3138 3662 3306 3717 homo
3351 3664 3400 3717 in
3434 3664 3596 3732 aliquo
3630 3660 3703 3712 de-

476 3769 528 3811 cr
552 3770 740 3812 omnes
765 3756 1054 3827 prophelas
1086 3758 1138 3813 in
1169 3774 1336 3829 regno
1368 3759 1485 3825 Dei,
1530 3775 1625 3815 νος
1652 3768 1829 3815 autem
1860 3760 2057 3831 expc”:
2160 3748 2307 3815 licto,
2340 3764 2439 3805 vos
2462 3752 2549 3821 qui
2591 3752 2862 3820 spiritales
2893 3752 3020 3805 «stis
3064 3752 3322 3808 instruite
3355 3749 3631 3821 lmjusmodi
3662 3750 3703 3800 in

476 3847 642 3912 foras,
687 3858 740 3901 et
770 3847 987 3902 venient
1017 3848 1084 3902 ab
1116 3848 1347 3914 oriente,
1376 3858 1431 3904 et
1472 3850 1776 3914 occidente,
1818 3861 1873 3906 ει
1902 3851 2055 3920 aqui-
2158 3839 2362 3909 Spiritu
2394 3842 2845 3908 mansuetudinis,
2876 3842 3160 3898 intendens
3194 3854 3248 3901 te
3279 3848 3469 3916 ipsum,
3511 3861 3571 3898 ne
3593 3852 3638 3895 et
3662 3855 3705 3894 tu

476 3940 617 4005 lone,
651 3949 706 3994 et
734 3949 936 4005 austro,
969 3949 1023 3996 et
1048 3942 1369 3997 accumbent
1398 3943 1450 3996 in
1485 3957 1651 4011 regno
1682 3942 1772 3997 Dei
1799 3960 1810 3996 :
1841 3951 1896 3998 et
1934 3957 2059 3997 cccc
2160 3933 2405 3988 ῑεηιετῖεο
2436 3933 2570 3987 Nam
2602 3934 2648 3988 Si
2681 3942 2997 4003 Ρτοριθτθθο
3026 3936 3148 4003 quia
3182 3936 3350 3994 ἀῖιίιξ
3405 3936 3507 3990 Fac
3531 3949 3585 3989 “3
3610 3948 3704 3987 5m"

476 4038 601 4086 sunt
653 4034 929 4088 novissimi
958 4035 1047 4103 qui
1090 4042 1247 4089 erant
1283 4036 1463 4105 primi,
1498 4044 1551 4090 et
1594 4044 1717 4089 sunt
1764 4034 1920 4104 primi
1970 4035 2059 4105 qui
2158 4022 2355 4077 δυάωίε
2386 4031 2634 4091 Unquam
2662 4022 2900 4090 δυάωυει
2950 4034 3005 4080 ei
3056 4026 3137 4079 his
3167 4027 3261 4095 (Ιιιί
3298 4027 3401 4081 ενι)
3430 4026 3540 4095 lege
3579 4032 3707 4079 em“

475 4140 629 4184 erant
658 4131 956 4185 novissimi.
1002 4130 1093 4186 Sic
1127 4132 1270 4187 enim
1302 4131 1701 4200 quodammodo
1733 4130 1908 4184 minor
1948 4145 2057 4185 ma.

2165 4122 2410 4182 tanquam
2446 4114 2546 4168 sub
2584 4113 2734 4183 lege,
2790 4114 2910 4170 ideo
2954 4117 3224 4185 putandus
3274 4128 3361 4174 est
3410 4117 3706 4173 mendaciter

476 4220 608 4286 joris
641 4220 927 4288 primatum
961 4219 1124 4275 frater
1153 4221 1393 4289 abstulit,
1428 4228 1587 4289 atque
1625 4220 1760 4275 inse
1790 4221 2061 4277 transtulit
2164 4204 2467 4271 ευδοθβίεδθ
2506 4203 2639 4275 ιεείε
2674 4206 2872 4260 “ieris
2902 4218 3261 4274 εδοηυηθηιεν
3297 4209 3480 4265 dein!“
3520 4220 3569 4262 οι
3592 4208 3712 4262 Gel"

477 4310 679 4365 fratris.
711 4312 845 4366 Cum
877 4311 1038 4380 igitur
1069 4323 1173 4365 tam
1208 4328 1335 4367 vera
1364 4321 1579 4382 tamque
1608 4313 1870 4367 veraciter
1899 4312 2063 4381 signi-

2165 4296 2293 4350 tium
2327 4296 2681 4352 idololatriam
2700 4298 2889 4353 eodem
2916 4299 3076 4354 modo
3104 4302 3418 4355 mentiendo
3445 4300 3707 4368 suscipere;

482 4402 732 4466 ﬁcentnr,
790 4402 914 4471 quid
971 4403 1057 4457 hic
1111 4402 1270 4458 debet
1317 4404 1492 4473 putari
1538 4404 1733 4458 factum
1791 4403 2063 4459 dictumve

2165 4388 2291 4455 quia
2325 4388 2459 4441 dixit
2489 4406 2501 4441 :
2537 4388 2711 4443 Etiam
2758 4388 2840 4444 his
2875 4391 2964 4460 qui
2995 4391 3111 4446 sine
3140 4392 3260 4461 lege
3298 4401 3451 4448 erant
3495 4401 3714 4457 tanquam

480 4491 849 4547 mendaciter?
885 4492 1016 4547 Cum
1046 4494 1188 4547 enim
1220 4509 1337 4563 quae
1374 4493 1775 4563 signiﬁcantur,
1810 4510 1914 4548 non
1957 4495 2061 4549 uti-

2129 4483 2142 4533 ι
2167 4480 2283 4535 sine
2316 4484 2429 4551 lege
2458 4498 2518 4537 se
2550 4483 2770 4548 factum,
2793 4492 2850 4538 ut
2871 4498 2965 4539 eos
2993 4484 3352 4540 lucrifacrrel.
3387 4483 3530 4552 Quod
3560 4480 3715 4548 utique

479 4597 584 4649 que
612 4597 716 4635 non
739 4589 865 4636 sunt
904 4583 954 4635 in
985 4583 1234 4648 veritate,
1260 4582 1355 4639 sed
1379 4594 1503 4638 sunt
1534 4599 1627 4639 seu
1649 4585 2061 4653 prmterita,seu
2169 4587 2273 4626 ηοη
2327 4571 2475 4636 feeit.
2512 4588 2615 4628 non
2661 4574 2804 4628 enim
2842 4574 3038 4631 alicubi
3086 4577 3410 4631 sacriﬁcavit
3458 4574 3604 4629 idolis
3641 4578 3718 4623 3'"

482 4671 788 4737 praasentia,
834 4685 927 4726 seu
957 4672 1155 4739 futura,
1206 4673 1559 4742 proculdubio
1583 4687 1711 4729 vera
1743 4674 2065 4745 signiﬁcatio

2168 4663 2412 4717 adoravit
2462 4663 2567 4717 ulla
2614 4665 2885 4734 ﬁgmenta,
2917 4679 2982 4721 ac
3011 4682 3115 4722 non
3163 4667 3340 4735 potius
3390 4666 3568 4727 libere,
3616 4673 3718 4713 tan-

480 4766 567 4813 est
603 4760 912 4830 nullumque
952 4763 1309 4817 mendacium,
1342 4763 1447 4817 Sed
1489 4762 1762 4831 aliquanto
1788 4778 2064 4817 commen-
2169 4768 2327 4820 quam
2346 4762 2547 4825 martyr
2574 4754 2798 4822 Christi,
2822 4755 3135 4811 detestanda
3160 4766 3215 4812 et
3252 4756 3460 4810 vitanda
3483 4762 3719 4808 monstra-

482 4851 658 4905 datius
682 4861 894 4919 oportet
922 4864 979 4906 ut
1006 4852 1177 4907 dicam
1204 4868 1297 4908 cur
1322 4855 1422 4907 ista
1453 4854 1581 4907 mihi
1608 4853 1847 4908 videatur
1870 4856 2061 4923 tripar-

2172 4845 2266 4898 vit.
2298 4844 2628 4900 Mendacium
2661 4856 2739 4900 est
2774 4848 2974 4916 quippe
3006 4849 3133 4901 falsa
3162 4847 3478 4914 signiﬁcatio
3505 4857 3616 4897 cum
3642 4854 3716 4891 νος

486 4948 580 4998 tita
605 4942 743 4996 ratio
769 4942 1072 5011 disputandi
1105 4944 1364 5000 adversus
1386 4960 1479 5001 eos
1510 4945 1599 5014 qui
1633 4955 1883 5012 patronas
1913 4961 2061 5000 mena
2177 4937 2381 4994 luntate
2409 4939 2623 4994 fallendi
2649 4955 2665 4994 :
2692 4954 2795 4993 non
2821 4949 2903 4992 est
2927 4951 3104 4993 autem
3137 4939 3265 4992 falsa
3297 4936 3623 5006 signiﬁcato,
3648 4930 3722 4983 ubi

484 5036 653 5091 daciis
701 5035 811 5089 suis
852 5034 1156 5104 Scripturas
1196 5037 1378 5091 volunt
1431 5037 1690 5091 adbibere
1725 5035 1962 5100 divinas,
2011 5045 2062 5091 nt
2180 5040 2235 5085 et
2261 5030 2304 5084 si
2325 5029 2468 5083 aliud
2490 5044 2553 5083 ex
2578 5030 2685 5084 alio
2711 5030 3062 5099 significatur,
3091 5044 3271 5083 verum
3297 5036 3573 5083 esttamen
3600 5019 3722 5088 quod

485 5124 636 5196 prius
674 5124 1023 5178 ostendamus
1067 5125 1318 5178 nonnulla
1356 5140 1475 5193 quae
1508 5126 1579 5179 ibi
1625 5135 1879 5194 putantur
1921 5140 2063 5191 esse,
2180 5121 2529 5191 signiﬁcatur,
2562 5121 2605 5173 si
2631 5130 2776 5175 recte
2805 5120 3154 5190 intelligatur.
3187 5116 3578 5188 Suntquaedatn
3602 5112 3722 5178 ejus-

486 5214 765 5270 mendacia
806 5227 911 5268 non
944 5226 1086 5279 esse,
1122 5213 1259 5280 quod
1292 5223 1577 5283 putantur,
1619 5218 1663 5269 si
1698 5225 1845 5271 recte
1873 5216 2069 5271 intelli.
2181 5212 2326 5265 modi
2369 5212 2529 5265 etiam
2574 5211 2868 5265 Salvatoris
2916 5212 2967 5264 in
3017 5210 3337 5279 Evangelia,
3384 5204 3502 5275 quia
3536 5212 3589 5256 et
3627 5201 3724 5267 ipse

485 5316 708 5373 gantur;
752 5304 947 5361 deinde
976 5304 1019 5358 si
1050 5318 1153 5375 qua
1186 5305 1256 5357 ibi
1288 5305 1563 5361 mendacia
1604 5309 1887 5364 manifesta
1922 5319 2066 5378 sunt,
2184 5300 2440 5354 Dominus
2486 5299 2869 5369 prophetarum
2918 5298 3175 5368 propheta
3209 5312 3330 5353 esse
3361 5296 3599 5364 dignatus
3633 5295 3720 5388 est.

488 5396 749 5452 imitanda
805 5412 912 5451 non
958 5410 1107 5455 esse;
1159 5396 1314 5449 tertio
1356 5405 1539 5450 contra
1585 5412 1774 5452 omnes
1832 5402 2071 5455 omnium
2179 5392 2328 5445 Talia
2358 5400 2482 5445 sunt
2520 5390 2610 5444 illa
2635 5390 2720 5445 ubi
2748 5390 2815 5445 dc
2846 5390 3073 5445 muliere
3103 5404 3222 5459 qua:
3249 5389 3450 5442 ﬂuxum
3480 5388 3721 5449 Ωηειιιίιιε

487 5488 789 5556 opiniones,
824 5488 1017 5557 quibus
1046 5485 1258 5541 videtur
1286 5486 1350 5540 ad
1384 5488 1484 5540 viri
1516 5488 1638 5542 boni
1671 5490 1908 5545 ofﬁcium
1956 5507 2071 5561 pcr-
2181 5483 2479 5552 Ριιῑὶεὺθιω·
2509 5481 2621 5536 all:
2655 5482 2785 5549 QUiS
2815 5496 2899 5537 me
2932 5481 3143 5552 tetigit?
3176 5488 3231 5536 ει
3275 5478 3342 5534 de
3377 5478 3572 5532 ίι³ι³¹¹⁰
3597 5489 3610 5527 ⁵
3637 5467 3717 5524 ubi

491 5579 666 5635 tincre
708 5582 992 5651 aliquando
1036 5581 1274 5647 mentiri,
1326 5581 1637 5637 omnimodo
1676 5583 1967 5637 tenendum
2020 5584 2072 5638 in
2181 5572 2437 5642 Ροδυῖδίίδ
2474 5574 2632 5628 eum?
2680 5572 2769 5628 δῖε
2811 5575 3007 5643 ίιυὶιιρε
3048 5570 3413 5639 ίιιῑεηοελνίῑι
3455 5564 3598 5635 quasi
3640 5573 3718 5611 ηδ’

490 5665 731 5727 doetrina
785 5671 1062 5740 religionis
1111 5673 1258 5729 nullo
1305 5673 1461 5729 modo
1513 5690 1630 5730 cssc
1680 5676 2071 5744 mcntivndutn,
2181 5674 2356 5732 sciens
2390 5673 2529 5745 quod
2576 5674 2755 5743 utique
2804 5672 3028 5736 sciebat.
3079 5687 3140 5727 ac
3176 5686 3267 5741 per
3302 5668 3401 5722 hoc.
3437 5661 3628 5721 nescire
3668 5669 3716 5709 se

3902 2247 3903 2279 ι

3903 2308 3905 2385 l

3905 2414 3907 2473 l

3907 2520 3909 2571 ἵ

3910 2626 3911 2659 l

3912 2732 3913 2797 ἦ

3913 2838 3915 2903 l

3915 2944 3917 2997 l

3918 3052 3919 3085 ι
