4016 6184
351 400 465 454 849

1566 397 1786 453 THESA
1800 394 2005 451 URUS.
2049 396 2203 455 CAP.
2244 402 2466 458 CXCI".

3514 410 3623 464 850

350 513 532 575 limit,
576 521 631 564 ut
672 512 875 581 aliquid
920 512 1065 567 aliud
1097 511 1181 566 illa
1214 511 1355 566 velut
1400 510 1698 579 ignorantia
1741 523 1834 561 sua
1867 506 1942 559 si-
1974 509 2019 563 Α
2052 514 2419 567 mentiendum
2464 514 2698 567 secundo
2728 528 2944 583 genere,
2976 515 3095 583 quia
3120 514 3247 570 nulli
3274 514 3510 570 facienda
3539 528 3622 572 est

345 604 656 671 gnificaret.
709 602 839 669 Quae
895 603 1234 673 signiﬁcatio,
1290 603 1541 671 quoniam
1592 616 1752 656 verax
1798 608 1935 662 erat,

348 691 696 745 mendacium
730 692 971 761 profecto
1010 709 1116 747 non
1145 700 1282 747 erat.
1316 693 1420 747 Eos
1461 707 1689 762 namque
1736 691 1941 760 signiﬁ-

346 785 568 849 Cabant,
602 785 715 838 sive
754 786 837 838 illa
869 786 1152 855 sanguinis
1197 785 1401 839 fluxum
1440 786 1667 854 patiens,
1700 784 1813 838 sive
1848 783 1940 837 ille

347 887 603 930 mortuus
633 876 1038 946 quatriduanus,
1084 892 1216 946 quos
1257 877 1426 931 etiam
1469 877 1556 946 qui
1588 884 1775 930 cuncta
1807 891 1940 945 quo-

343 967 641 1020 dammodo
679 967 883 1021 sciebat
930 968 1236 1023 nesciebat.
1271 968 1401 1022 Nam
1438 978 1491 1023 et
1526 968 1611 1021 illa
1641 977 1818 1037 typum
1852 982 1939 1035 ge-

345 1060 509 1109 rttbal.
532 1056 698 1124 plebis
727 1058 993 1126 gentium,
1024 1058 1164 1113 unde
1196 1058 1469 1127 praemissa
1518 1060 1687 1112 fuerat
1715 1057 1940 1126 prophe-

347 1145 431 1196 tia
476 1162 490 1198 :
537 1146 770 1214 Populus
806 1162 963 1217 quem
1007 1164 1113 1203 non
1156 1150 1387 1217 cognovi
1429 1150 1645 1203 servivit
1685 1148 1831 1202 mibi.
1876 1148 1942 1202 Et

352 1237 598 1291 Lazarus
613 1249 852 1292 remotus
871 1253 901 1292 ε
920 1241 1225 1294 viventibus
1247 1249 1494 1306 tanquam
1518 1238 1587 1293 ibi
1611 1238 1819 1307 jacebat
1850 1252 1943 1306 per

347 1328 769 1395 significativam
798 1328 1228 1394 similitudinem,
1260 1328 1352 1383 ubi
1386 1328 1479 1382 ille
1508 1328 1662 1397 cujus
1689 1342 1791 1382 vox
1817 1339 1899 1382 est
1926 1345 1939 1381 :

348 1418 639 1486 Projectus
682 1433 799 1472 sum
835 1432 864 1472 a
906 1418 1045 1475 faeie
1087 1419 1366 1473 oculorum
1411 1428 1647 1473 tuorum.
1700 1416 1769 1471 Et
1822 1418 1944 1471 ideo

349 1519 614 1578 tanquam
670 1510 967 1564 nesciretur
988 1524 1017 1563 a
1048 1507 1296 1577 Christo,
1325 1517 1383 1564 et.
1411 1508 1499 1562 illa
1529 1523 1645 1578 quas
1676 1508 1852 1572 fuerit,
1891 1517 1946 1561 et

345 1600 463 1652 iste
489 1598 574 1652 ubi
607 1600 810 1667 positus
837 1599 1013 1664 fuerit,
1035 1601 1207 1655 verbis
1238 1600 1616 1669 interrogantis
1647 1608 1729 1654 est
1754 1600 1945 1668 ﬁgura-

346 1701 494 1757 tum,
512 1703 564 1747 et
577 1708 737 1748 omne
749 1694 973 1747 vitatum
987 1693 1163 1747 veraci
1179 1691 1569 1762 signiﬁcatione
1584 1691 1942 1747 mendacium.

913 1801 1141 1860 CAPUT
1179 1802 1385 1858 CXCII.

2045 602 2275 669 injuria;
2328 618 2433 657 non
2482 615 2566 659 est
2620 605 2986 660 mentiendum
3036 607 3193 661 tertio
3243 623 3460 678 genere,
3498 609 3619 678 quia

2043 693 2168 745 nulli
2197 708 2316 747 cum
2352 695 2574 751 alterius
2604 696 2794 766 injuria
2823 697 3207 752 consulendum
3238 708 3358 763 est;
3403 714 3507 753 non
3539 708 3621 754 est

2044 783 2405 838 mentiendum
2439 794 2634 854 quarto
2661 802 2879 854 genere,
2912 796 3129 857 propter
3150 789 3413 844 mendacii
3447 790 3622 844 libidi-

2045 888 2187 939 nem,
2212 888 2331 943 quae
2363 890 2457 944 per
2474 889 2534 930 se
2556 875 2723 943 ipsam
2753 876 2942 930 vitiosa
2969 886 3086 942 est;
3120 892 3225 931 non
3255 887 3339 932 est
3360 879 3623 932 mentien-

2043 962 2170 1016 dum
2214 964 2400 1032 quinto
2441 978 2671 1033 genere,
2703 966 2823 1033 quia
2862 966 3093 1035 necipsa
3136 967 3338 1021 veritas
3371 968 3474 1021 ﬁne
3507 969 3619 1036 pla-

2049 1053 2208 1108 cendi
2241 1052 2545 1109 hominibus
2568 1055 2893 1110 enuntianda
2924 1065 3025 1121 est,
3048 1066 3251 1126 quanto
3274 1058 3450 1112 minus
3473 1073 3623 1112 men-

2045 1146 2256 1199 dacium
2287 1146 2425 1216 quod
2457 1161 2551 1213 per
2574 1148 2807 1217 seipsum
2828 1188 2841 1210 ,
2878 1148 2997 1217 quia
3028 1149 3362 1203 mendacium
3392 1159 3494 1213 est,
3521 1150 3623 1203 uti-

2046 1251 2151 1304 que
2183 1247 2336 1305 turpe
2372 1239 2488 1293 est?
2537 1238 2651 1292 Non
2683 1246 2766 1293 est
2805 1239 3164 1293 mentiendum
3202 1250 3359 1295 sexto
3398 1256 3618 1309 genere,

2050 1342 2225 1396 neque
2254 1329 2397 1382 enim
2429 1337 2575 1382 recte
2598 1329 2759 1383 etiam
2790 1329 3076 1384 testimonii
3104 1329 3303 1385 veritas
3325 1346 3420 1398 pro
3447 1331 3626 1397 cujus—

2050 1434 2208 1487 quam
2237 1422 2515 1488 temporali
2545 1422 2830 1476 commodo
2854 1437 2916 1477 ac
2939 1424 3107 1477 salute
3135 1426 3521 1494 corrumpitur.
3547 1425 3626 1479 Ad

2051 1511 2439 1578 sempiternam
2468 1525 2597 1565 vero
2635 1512 2858 1567 salutem
2895 1513 3069 1567 nullus
3107 1514 3382 1567 ducendus
3406 1526 3487 1569 est
3516 1517 3627 1584 api-

2057 1600 2260 1655 tulante
2306 1601 2615 1665 mendacio;
2673 1617 2777 1654 non
2819 1606 2960 1656 enim
3007 1604 3157 1657 malis
3199 1606 3622 1658 convertentium

2054 1693 2294 1747 moribus
2321 1692 2386 1747 ad
2429 1693 2600 1747 bonos
2627 1708 2804 1748 mores
2850 1694 3240 1747 convertendus
3273 1702 3377 1760 est,
3426 1695 3547 1767 quia
3583 1686 3626 1747 si

2055 1798 2182 1853 erga
2212 1784 2361 1839 illum
2394 1785 2694 1839 faciendum
2736 1794 2840 1851 est,
2882 1786 3039 1838 debet
3068 1787 3225 1838 etiam
3259 1787 3371 1854 ipse
3404 1800 3626 1839 conver‘

383 1891 471 1945 De
502 1894 747 1945 mendacii
786 1892 1049 1963 generibus
1077 1904 1224 1955 octo;
1265 1910 1327 1946 ea:
1356 1892 1484 1946 libro
1515 1894 1578 1946 de
1614 1892 1905 1947 Mendacio.

2054 1888 2144 1928 sus
2173 1874 2350 1929 facere
2373 1889 2501 1943 ergo
2527 1875 2683 1940 alios,
2709 1885 2865 1943 atque
2891 1876 2959 1928 ita
2994 1892 3099 1928 non
3130 1876 3193 1929 ad
3223 1876 3410 1940 bonos,
3443 1875 3537 1930 sed
3562 1876 3626 1926 ad

435 1999 665 2053 Primum
712 2016 881 2069 genus
912 2009 995 2055 est
1023 2000 1249 2069 capitale
1295 1999 1630 2054 mendacium
1675 2000 1941 2068 longeque

348 2086 697 2157 fugiendum,
727 2090 869 2160 quod
904 2091 961 2144 ﬁt
990 2090 1041 2144 in
1083 2091 1324 2145 doctrina
1356 2090 1649 2159 religionis,
1685 2091 1751 2145 ad
1796 2091 1937 2161 quod

350 2181 700 2235 mendacium
722 2182 867 2236 nulla
896 2182 1203 2237 conditione
1229 2184 1507 2251 quisquam
1540 2182 1698 2237 debet
1723 2183 1938 2240 adduci.

346 2272 695 2338 Secundum,
746 2283 803 2327 ut
830 2273 1063 2343 aliquem
1095 2274 1252 2328 laedat
1286 2274 1514 2343 injuste,
1548 2274 1688 2343 quod
1723 2275 1827 2330 tale
1858 2285 1943 2330 est

346 2374 417 2417 ut
455 2373 511 2418 et
539 2364 667 2418 nulli
708 2365 898 2434 prosit,
937 2375 988 2419 et
1018 2365 1157 2420 obsit
1182 2364 1359 2418 alicui.
1395 2364 1656 2427 Tertium,
1689 2365 1830 2435 quod
1869 2366 1938 2420 ita

348 2454 583 2521 prodest
618 2453 795 2519 alteri,
840 2464 895 2508 ut
934 2457 1076 2509 obsit
1112 2455 1290 2522 alteri,
1322 2456 1564 2524 quamvis
1605 2471 1710 2510 non
1744 2457 1809 2511 ad
1844 2458 1943 2510 im-

352 2542 681 2597 munditiam
712 2544 854 2599 obsit
882 2545 1239 2613 corporalem.
1268 2545 1547 2613 Quartum,
1578 2546 1718 2615 quod
1740 2545 1797 2600 ﬁt
1828 2547 1939 2602 sola

352 2636 661 2689 mentiendi
689 2635 1013 2703 fallendique
1046 2636 1284 2701 libidine,
1312 2636 1453 2704 quod
1482 2653 1662 2690 verum
1688 2637 1947 2709 [nierum],

353 2726 702 2780 mendacium
736 2736 841 2781 est.
874 2727 1150 2793 Quintum,
1184 2727 1325 2796 quod
1363 2728 1422 2781 ﬁt
1450 2728 1696 2797 placendi
1728 2728 1936 2796 cupidi-

353 2824 475 2867 tate
498 2815 562 2869 de
591 2816 738 2869 suavi
770 2816 1005 2885 eloquio.
1040 2816 1134 2870 llis
1162 2817 1412 2871 omnibus
1442 2817 1657 2885 penitus
1684 2826 1739 2871 et
1764 2818 1942 2873 vitatis

352 2912 527 2971 atque
552 2904 788 2973 rejectis,
818 2904 1059 2973 sequitur
1088 2914 1297 2959 sextum
1339 2920 1527 2975 genus,
1560 2906 1699 2975 quod
1731 2915 1784 2961 et
1812 2906 1940 2961 nulli

352 2995 543 3059 ohesl,
572 3004 627 3050 et
656 2996 871 3062 prodest
894 2996 1074 3059 a'icui,
1126 2996 1275 3051 velut
1296 2998 1340 3051 si
1371 2997 1632 3067 quispiam
1662 2999 1939 3068 pecuniam

352 3084 591 3153 alirnjus
618 3086 810 3155 injuste
838 3086 1146 3151 tollendam,
1191 3087 1369 3141 sciens
1402 3086 1491 3141 ubi
1523 3089 1611 3152 sit,
1645 3090 1856 3144 nescire
1882 3104 1941 3145 se

354 3175 674 3230 mentiatur.
698 3176 1016 3244 Septimum,
1051 3175 1191 3246 quod
1217 3186 1270 3231 et
1288 3177 1418 3231 nulli
1448 3177 1622 3243 obest,
1649 3186 1703 3233 et
1725 3178 1942 3248 prodest

356 3266 550 3329 alicui,
584 3269 728 3321 velut
756 3267 799 3320 si
845 3267 1032 3321 nolens
1068 3268 1339 3322 hominem
1380 3266 1445 3321 ad
1478 3278 1708 3321 mortem
1746 3270 1939 3337 quzesi-

352 3364 478 3408 tum
506 3356 749 3425 prodere,
787 3359 1075 3412 mentiatur
1106 3374 1210 3411 non
1240 3357 1413 3411 Solum
1442 3357 1646 3426 justum
1671 3368 1833 3427 atque
1862 3360 1943 3413 in-

356 3458 667 3513 nocentem,
710 3450 803 3503 sed
844 3460 898 3504 et
921 3466 1070 3504 reum
1108 3450 1231 3519 quia
1284 3449 1601 3504 Christiana:
1642 3450 1943 3521 disciplina:

355 3540 439 3592 sit
472 3548 529 3591 ut
564 3555 736 3608 neque
775 3540 841 3594 de
871 3542 1185 3608 cujusquam
1225 3538 1564 3607 correptione
1601 3540 1938 3609 desperetur,

353 3644 538 3698 neque
572 3632 817 3696 cuiquam
860 3631 1151 3701 pmnitendi
1189 3630 1363 3685 aditus
1406 3631 1812 3687 intercludatur.
1869 3634 1945 3689 De

361 3722 566 3791 quibus
595 3723 1104 3792 duobttsgeneribus
1133 3738 1251 3793 qua:
1279 3722 1457 3777 solent
1475 3722 1672 3778 habere
1693 3738 1942 3793 magnam

351 3813 811 3879 controversiam,
842 3815 973 3867 satis
1005 3814 1378 3878 tractavimus,
1405 3821 1457 3867 et
1486 3814 1610 3884 quid
1645 3814 1799 3869 nobis
1831 3816 1944 3883 pla-

351 3912 511 3959 ceret
538 3905 891 3972 ostendimus,
934 3913 985 3957 ut
1028 3904 1382 3973 suscipiendis
1414 3904 1943 3958 incommoditatibus

352 4013 485 4066 qua:
514 3996 740 4052 honeste
772 4011 834 4051 ac
875 3997 1086 4051 fortiter
1116 3998 1432 4062 tolerantur,
1477 3997 1592 4052 bare
1621 4012 1831 4068 quoque
1857 4013 1947 4065 ge-

357 4104 496 4145 nera
522 4089 825 4145 devite‘ntur
852 4105 881 4142 a
912 4089 1157 4155 fortibus,
1205 4099 1260 4143 et
1293 4089 1560 4155 ﬁdelibus,
1589 4098 1643 4144 et
1668 4090 1947 4145 veraeibus

353 4178 495 4234 viris
522 4194 580 4234 ac
606 4180 837 4236 feminis.
872 4181 987 4234 Non
1012 4195 1142 4250 ergo
1173 4181 1540 4236 mentiendum
1573 4184 1831 4252 qurerenti
1857 4182 1944 4237 ubi

353 4274 436 4324 sit
479 4271 567 4340 qui
606 4288 662 4326 se
708 4271 828 4327 fidei
872 4272 1172 4341 cujuSpiam
1216 4272 1581 4337 commiserit,
1623 4275 1715 4329 sed
1759 4273 1946 4328 fortius

348 4363 798 4431 respondendum
826 4380 839 4415 :
874 4363 983 4419 Nec
1010 4363 1252 4433 prodam,
1282 4379 1382 4420 nec
1411 4368 1657 4419 mentiar.
1676 4366 1821 4421 Fecit
1846 4366 1947 4420 boc

350 4454 651 4525 cpiscopus
701 4457 974 4526 quondam
1036 4456 1375 4527 Tagastensis
1416 4459 1683 4523 Ecclesiae,
1739 4459 1948 4514 Firmus

2048 1965 2219 2019 malos
2244 1980 2422 2019 mores
2446 1975 2792 2020 convertetur
2814 2008 2829 2029 ,
2859 1982 2979 2019 cum
3011 1966 3110 2019 hoc
3139 1966 3186 2020 ei
3213 1967 3478 2035 praebetur
3507 1966 3595 2019 imi
3619 1998 3628 2005 -

2046 2055 2263 2108 tandum
2290 2070 2573 2120 converso,
2596 2057 2737 2124 quod
2757 2058 2806 2109 ei
2832 2059 3123 2124 praestitum
3151 2067 3232 2110 est
3246 2058 3625 2111 convertendo.

2044 2144 2232 2214 Neque
2276 2146 2507 2213 septimo
2544 2160 2741 2215 genere
2777 2146 3138 2200 mentiendum
3179 2155 3290 2211 est,
3340 2163 3444 2201 non
3487 2149 3629 2201 en'm

2043 2235 2356 2305 enjusquam
2399 2238 2754 2291 commoditas
2802 2248 2893 2291 ant
2934 2238 3078 2292 salus
3117 2240 3425 2309 temporalis
3476 2239 3629 2306 perii.

2042 2325 2243 2378 ciendm
2274 2325 2394 2379 fidei
2421 2325 2747 2394 praiferenda
2771 2336 2884 2390 est;
2909 2342 3005 2382 nec
3027 2329 3069 2380 si
3099 2328 3378 2397 quisquam
3404 2328 3455 2382 in
3478 2341 3624 2383 recte

2046 2418 2198 2470 factis
2225 2416 2421 2470 nostris
2450 2425 2554 2469 tam
2588 2417 2724 2470 male
2758 2425 3030 2480 movetur,
3062 2427 3116 2469 ut
3142 2417 3233 2470 ﬁat
3260 2419 3423 2472 etiam
3451 2420 3629 2472 animo

2045 2507 2300 2571 deterior,
2328 2508 2586 2577 longeque
2615 2508 2817 2578 pietate
2855 2509 3132 2576 remOtior,
3168 2518 3448 2577 propterea
3480 2520 3627 2565 recte

2049 2598 2183 2652 facta
2207 2598 2508 2653 deserenda
2537 2607 2684 2663 sunt,
2719 2612 2841 2652 cum
2875 2598 2925 2653 id
2960 2598 3114 2653 nobis
3147 2598 3412 2667 prtecipue
3442 2608 3627 2653 tenen-

2046 2687 2173 2742 dum
2213 2688 2302 2753 sit,
2335 2704 2441 2758 quo
2480 2702 2677 2743 vocare
2710 2697 2871 2757 atque
2918 2688 3147 2741 invitare
3194 2687 3453 2742 debemus
3496 2704 3631 2756 quos

2046 2780 2181 2832 sicut
2240 2779 2600 2848 nosmetipsos
2653 2777 2946 2848 diligimus,
3007 2776 3409 2847 fortissimeque
3449 2778 3628 2831 animo

2050 2869 2276 2924 bibenda
2322 2879 2403 2925 est
2439 2869 2731 2939 apostolica
2773 2869 2859 2922 illa
2888 2869 3155 2923 sententia
3190 2886 3203 2921 :
3238 2868 3371 2923 Aliis
3412 2868 3629 2937 quidem

2046 2976 2232 3015 sumus
2260 2960 2394 3015 odor
2418 2961 2537 3014 vitae
2569 2963 2620 3014 in
2651 2960 2841 3022 vitam,
2871 2959 2990 3014 aliis
3022 2959 3155 3013 odor
3184 2959 3370 3013 mortis
3404 2959 3453 3012 in
3485 2973 3629 3012 mors

2046 3066 2177 3122 tem,
2211 3065 2263 3111 et
2292 3073 2305 3109 :
2337 3056 2416 3110 Ad
2460 3055 2573 3110 bzec
2600 3055 2720 3125 quis
2748 3054 3015 3108 idoneus?
3062 3054 3169 3110 Nec
3196 3065 3385 3108 octavo
3426 3068 3625 3123 genere

2046 3146 2413 3202 mentiendum
2446 3155 2548 3213 est,
2582 3145 2704 3215 quia
2732 3156 2781 3199 et
2812 3145 2863 3199 in
2894 3144 3049 3199 bonis
3078 3146 3297 3201 castitas
3327 3146 3491 3198 animi
3526 3160 3619 3213 pn-

1967 3235 2012 3298 C
2046 3237 2229 3291 dicitia
2252 3236 2519 3307 corporis,
2560 3244 2614 3291 et
2652 3235 2704 3291 in
2736 3236 2894 3291 malis
2922 3235 2973 3290 id
2998 3236 3140 3306 quod
3184 3237 3281 3305 ipsi
3320 3237 3539 3290 facimus
3563 3250 3628 3290 eo

2046 3328 2189 3398 quid
2220 3326 2334 3382 ﬁeri
2360 3328 2587 3382 sinimus
2614 3326 2788 3397 majus
2826 3336 2930 3381 est.
2968 3326 3021 3379 In
3054 3327 3137 3380 bis
3164 3335 3340 3381 autem
3372 3336 3496 3382 octo
3532 3341 3625 3395 ge-

2049 3418 2284 3482 neribus,
2324 3428 2473 3475 tanto
2508 3419 2735 3488 quisque
2766 3419 2939 3473 minus
2980 3429 3311 3489 peceatcum
3351 3418 3626 3483 mentitur,

2047 3518 2245 3579 quanto
2273 3510 2499 3579 emergit
2528 3509 2592 3563 ad
2623 3518 2907 3575 octavum;
2943 3519 3091 3564 tanto
3133 3510 3387 3579 amplius,
3431 3519 3631 3579 quanto

2047 3601 2240 3671 mergit
2270 3600 2333 3655 ad
2367 3602 2617 3670 primum.
2651 3601 2905 3671 Quisquis
2938 3612 3116 3656 autem
3146 3617 3268 3656 esse
3295 3601 3507 3670 aliquod
3533 3616 3627 3672 ge-

2048 3707 2148 3747 nus
2178 3692 2441 3746 mendacii
2477 3691 2621 3761 quod
2651 3700 2925 3761 peccatum
2958 3708 3061 3745 non
3094 3693 3167 3745 sit
3208 3693 3491 3760 putiverit,
3536 3692 3632 3745 de-

2047 3783 2207 3852 cipiet
2253 3796 2311 3836 se
2346 3782 2516 3850 ipsum
2554 3782 2804 3850 turpiter,
2842 3796 2962 3834 cum
2996 3783 3272 3835 honestum
3306 3797 3366 3835 se
3392 3782 3630 3849 decepto

2049 3886 2159 3926 rem
2185 3871 2476 3925 arbitratur
2496 3871 2742 3925 aliorum.

2594 3982 2822 4040 CAPUT
2849 3982 3071 4037 CXClll.

2050 4098 2241 4155 Contra
2291 4114 2378 4152 eos
2427 4098 2515 4165 qui
2562 4102 2628 4150 ad
2667 4096 3014 4150 mentiendum
3060 4096 3195 4149 velut
3242 4097 3623 4165 patrocinantia

2120 4170 2216 4222 sibi
2269 4170 2333 4221 de
2378 4168 2659 4235 Scripturis
2707 4168 2936 4235 exempla
2991 4175 3326 4234 prapouuut;
3377 4184 3441 4221 ea:
3496 4168 3626 4221 libra

2122 4249 2297 4293 contra
2327 4237 2653 4293 Mendacium
2683 4240 2749 4291 ad
2786 4237 3139 4291 Consentium.

2121 4350 2344 4418 Quando
2382 4349 2537 4405 nobis
2564 4350 2631 4405 de
2655 4349 2943 4417 Scripturis
2970 4350 3172 4403 sanctis
3202 4349 3494 4405 mentiendi
3530 4366 3625 4419 po-

2053 4451 2251 4496 nuntur
2277 4440 2539 4508 exempla,
2570 4450 2662 4493 aut
2690 4439 2972 4494 mendacia
3005 4455 3110 4495 non
3137 4448 3285 4507 sunt,
3310 4441 3405 4497 sed
3435 4450 3629 4512 putan-

350 4546 610 4611 nomine,
661 4546 865 4601 lirmior
890 4547 1180 4601 voluntate.
1235 4547 1365 4602 Nam
1393 4564 1515 4603 cum
1540 4548 1606 4602 ab
1636 4540 1702 4601 eo
1733 4563 1941 4615 quaere-

2053 4543 2137 4588 tur
2176 4547 2298 4587 esse
2340 4532 2465 4586 dum
2510 4548 2617 4587 non
2662 4533 3073 4603 intelliguntur;
3119 4540 3213 4587 aut
3264 4534 3310 4589 si
3348 4534 3630 4590 mendacia

2052 4633 2164 4645 ---..ι
2224 4623 2474 4645 εμίι---]-
2527 4639 2627 4645 ..-Δ
2670 4632 2789 4645 ---ηε
2858 4624 2970 4645 _.-'.-
3016 4624 3145 4645 2η-.-
3199 4638 3312 4645 ---Α
3352 4638 3453 4645 ..Α-
3499 4641 3592 4645 μ--

350 4643 517 4689 retur
543 4637 701 4690 bomo
722 4637 877 4706 jussu
904 4639 1266 4705 imperatoris,
1298 4653 1395 4708 per
1425 4640 1760 4708 apparitores
1783 4637 1852 4692 ab
1878 4653 1945 4692 eo

352 4726 589 4793 missos,
636 4744 795 4799 quem
826 4731 889 4785 ad
921 4746 980 4785 se
1019 4730 1410 4799 confugientcm
1443 4731 1714 4802 diligentia
1746 4740 1944 4800 quanta

352 4829 577 4888 poterat
606 4822 926 4889 occultabat,
962 4822 1239 4891 respondit
1267 4823 1629 4892 qurereutibus
1659 4837 1758 4877 nec
1798 4837 1946 4876 men-

353 4912 457 4966 tiri
498 4927 555 4966 se
583 4928 760 4981 posse,
793 4929 893 4968 nec
925 4916 1191 4968 hominem
1227 4914 1483 4982 prodere,
1517 4928 1811 4983 passusque
1839 4922 1944 4967 tam

351 5003 533 5059 multa
561 5012 824 5059 tormenta
852 5005 1092 5073 corporis
1120 5004 1377 5075 (nondum
1422 5007 1564 5061 enim
1596 5014 1747 5060 erant
1778 5004 1945 5074 impe-

351 5104 570 5151 ratores
590 5096 919 5167 Cbristiani),
945 5098 1236 5166 permansit
1262 5099 1312 5151 in
1336 5098 1622 5153 sententia.
1651 5098 1851 5153 Deinde
1876 5098 1941 5152 ad

354 5187 749 5252 imperatorem
798 5186 988 5242 ductus
1021 5203 1189 5258 usque
1233 5188 1367 5242 adeo
1410 5187 1735 5243 miserabilis
1777 5203 1941 5259 appa-

351 5280 491 5340 ruit,
526 5291 578 5332 ut
603 5279 718 5348 ipse
741 5280 941 5335 homini
971 5296 1126 5350 quem
1151 5281 1396 5335 servabat
1424 5281 1806 5351 indulgentiam
1827 5282 1942 5337 sine

352 5369 469 5422 ulla
496 5368 812 5426 difﬁcultate
842 5371 1176 5439 impetraret.
1209 5370 1345 5436 Quid
1380 5371 1480 5426 hoc
1510 5372 1620 5427 ﬁeri
1648 5372 1942 5442 potestfor-

353 5462 472 5515 tins
498 5469 657 5529 atque
686 5461 1050 5517 constantius?
1081 5461 1339 5517 Octavum
1369 5472 1449 5517 est
1479 5477 1646 5533 genus
1678 5462 1938 5515 mendacii

351 5550 503 5619 quod
534 5551 738 5605 et'nulli
767 5552 942 5619 obest,
968 5561 1024 5608 et
1049 5551 1115 5606 ad
1144 5552 1243 5607 boc
1274 5552 1510 5621 prodest,
1535 5562 1591 5606 ut
1611 5552 1678 5608 ab
1714 5554 1941 5607 immun-

353 5641 488 5695 ditia
516 5642 785 5711 corporali
816 5642 1045 5710 aliquem
1078 5652 1311 5699 tueatur.
1345 5642 1459 5697 Non
1488 5642 1645 5713 igitur
1677 5644 1940 5699 mentien-

355 5734 489 5788 dum
521 5734 575 5789 in
606 5734 848 5791 doctrina
882 5735 1119 5805 pietatis,
1158 5752 1407 5807 magnum
1449 5737 1591 5791 enim
1630 5738 1804 5793 scelus
1833 5750 1934 5801 est,

358 5832 421 5881 et
465 5827 693 5896 primum
745 5842 916 5900 genus
960 5828 1289 5886 detestabilis
1342 5829 1632 5896 mendacii;
1697 5847 1802 5887 non
1856 5841 1937 5888 est

2047 4633 2191 4689 sunt,
2224 4623 2478 4677 imitanda
2527 4639 2630 4677 non
2669 4632 2811 4689 sunt,
2854 4624 2975 4692 quia
3009 4624 3150 4691 justa
3193 4638 3316 4679 esse
3352 4638 3458 4679 non
3499 4641 3624 4696 pos-

2048 4724 2192 4771 sunt.
2223 4714 2329 4770 Sed
2354 4714 2493 4782 quod
2517 4715 2777 4783 scriptum
2806 4723 2907 4781 est,
2936 4714 3072 4769 bene
3100 4714 3265 4768 Deum
3290 4713 3483 4770 fecisse
3506 4731 3628 4772 cum

2053 4809 2308 4864 llmbraeis
2338 4806 2741 4872 obstetricibus,
2781 4815 2983 4861 etcum
3026 4804 3214 4859 Ilabab
3254 4804 3628 4863 Jericbontina

2051 4906 2356 4968 meretrice,
2390 4920 2495 4959 non
2526 4904 2647 4958 ideo
2684 4904 2878 4957 factum
2906 4909 3008 4966 est,
3057 4901 3177 4971 quia
3214 4903 3451 4958 mentita:
3483 4914 3629 4968 sunt,

2051 4997 2146 5051 sed
2175 4997 2299 5063 quia
2334 4995 2386 5049 iu
2420 4994 2667 5048 boanines
2706 4992 2795 5047 Dei
2830 4992 3208 5046 misericordes
3239 4991 3475 5049 fuerunt.
3516 4994 3631 5048 Non

2055 5098 2138 5145 est
2159 5090 2337 5157 itaque
2360 5086 2413 5141 in
2445 5086 2525 5139 eis
2551 5091 2889 5140 remunerate
2922 5083 3147 5151 fallacia,
3178 5083 3272 5139 sed
3307 5084 3631 5139 benevolen-

2054 5184 2146 5245 tia,
2162 5182 2460 5250 benignitas
2482 5180 2699 5244 mentis,
2725 5193 2833 5233 non
2855 5177 3108 5247 iniquitas
3128 5179 3453 5233 mentientis.
3482 5177 3627 5230 Sicut

2050 5276 2191 5331 enim
2229 5276 2426 5331 mirum
2470 5276 2872 5345 absurdumque
2910 5291 3015 5329 non
3055 5284 3227 5335 esset,
3263 5273 3306 5326 si
3336 5272 3443 5326 alio
3482 5270 3629 5338 prius

2050 5379 2291 5439 tempore
2313 5368 2600 5424 commissa
2630 5368 2698 5423 ab
2721 5367 2797 5422 eis
2827 5382 2989 5435 opera
3016 5366 3149 5418 mala
3177 5364 3389 5432 Densa
3408 5371 3628 5431 propter

2050 5458 2345 5529 posteriora
2389 5472 2553 5528 opera
2590 5458 2727 5514 bona
2766 5456 2929 5510 vellet
2966 5454 3247 5521 ignoscere
3277 5469 3291 5505 :
3322 5452 3392 5506 ita
3424 5453 3626 5507 miran-

2046 5554 2173 5608 dum
2218 5568 2322 5607 non
2363 5563 2467 5615 est,
2512 5552 2676 5621 quod,
2727 5566 2833 5605 uno
2880 5559 3141 5617 tempore,
3189 5546 3243 5601 in
3284 5561 3383 5600 una
3432 5561 3625 5615 causa,

2049 5647 2189 5701 Deus
2212 5655 2495 5714 utrumque
2522 5642 2878 5711 conspiciens,
2911 5639 2958 5693 id
2981 5648 3063 5693 est
3093 5638 3288 5691 factum
3320 5638 3623 5695 misericor-

2046 5739 2187 5793 diter
2217 5738 2517 5804 lactumque
2547 5731 2824 5792 fallaciter,
2851 5739 2905 5783 ct
2931 5729 3124 5783 bonum
3152 5732 3541 5795 remuneravit,
3570 5742 3625 5787 et

2059 5838 2279 5900 propter
2321 5824 2419 5879 hoc
2462 5822 2656 5877 bonum
2705 5818 2832 5875 illud
2881 5818 3077 5875 malum
3116 5818 3336 5890 ignovit.
3385 5824 3439 5880 Si
3480 5824 3619 5878 enim
