4016 6184
468 368 566 425 85!

1553 371 1617 426 D.
1660 368 1977 425 EUGYPPII
2016 366 2308 426 ABBATIS
2342 366 2663 425 AFRICANI

3622 369 3727 425 859.

470 488 689 548 peccata
742 495 883 549 quas,
926 489 1143 551 prepter
1182 482 1357 539 carnis
1400 482 1911 551 concupiscentiam,
1944 495 2051 535 non
2082 482 2130 540 Α
2160 479 2308 533 addit
2329 481 2509 550 potius
2536 480 2602 534 ad
2629 486 2857 543 reatum,
2892 486 2943 534 et
2974 493 3068 534 sua
3099 479 3428 543 excusando,
3448 494 3550 535 non
3572 497 3722 539 aecu-

470 582 689 639 propter
714 572 1137 627 misericordiam
1168 572 1320 639 fiunt,
1346 583 1566 642 propter
1593 575 1887 641 posteriora
1913 584 2048 628 tetu-

469 676 597 728 pora
627 662 1007 719 misericordiae
1035 663 1401 729 dimittuntur,
1429 679 1524 718 cur
1551 679 1658 717 non
1687 665 1899 728 merito,
1927 680 2047 733 qua:

470 762 687 820 propter
733 754 907 820 ipsam
961 754 1389 809 misericordiam
1441 757 1884 811 committuntur?
1928 772 2049 826 gra-

469 843 589 896 vius
614 854 697 898 est
720 845 861 899 enim
895 858 1169 912 peceatum
1200 848 1340 917 quod
1372 849 1552 904 animo
1582 850 1844 913 nocentis,
1887 864 2045 917 quam

470 934 611 1001 quod
635 935 815 990 animo
866 938 1235 992 subvenientis
1270 938 1523 993 efficitur.
1560 942 1634 993 Ac
1658 954 1753 1007 per
1780 940 1880 994 hoc
1907 940 1951 993 si
1986 941 2049 992 il-

468 1023 557 1077 lud
582 1026 790 1081 deletur
827 1044 994 1096 opere
1023 1031 1410 1085 misericordias
1454 1042 1637 1098 postea
1665 1032 2045 1098 subsequente,

468 1130 566 1169 cur
604 1118 705 1172 ltoc
727 1120 867 1186 quod
907 1130 991 1174 est
1029 1121 1200 1175 levius
1240 1138 1346 1177 non
1376 1121 1617 1178 deleatur
1657 1124 1774 1192 ipsa
1816 1122 2049 1177 hominis

471 1204 861 1269 misericordia,
894 1217 945 1262 et
977 1209 1319 1276 prteccdente
1353 1218 1412 1264 ut
1447 1222 1650 1279 peccet,
1686 1222 1739 1265 et
1761 1213 2051 1266 comitante

469 1307 589 1347 cum
623 1297 846 1362 peccat?
880 1303 951 1350 Ita
979 1298 1196 1365 quidem
1223 1298 1389 1355 videri
1426 1308 1636 1367 potest;
1681 1312 2048 1356 verumtamen

468 1384 611 1437 aliud
640 1396 715 1439 est
740 1387 943 1450 dicere.
979 1403 1200 1456 peccare
1238 1390 1452 1459 quidem
1490 1405 1593 1444 non
1633 1391 1910 1455 debuisse;
1954 1390 2048 1446 sed

468 1488 630 1542 opera
685 1477 1065 1531 miser'cordiae
1123 1478 1333 1543 faciam,
1393 1481 1588 1549 quibus
1641 1480 1851 1536 deleam
1903 1480 2047 1550 quod

468 1574 591 1618 ante
621 1566 861 1635 peccavi,
910 1579 963 1621 et
1012 1568 1153 1622 aliud
1201 1578 1285 1624 est
1326 1568 1539 1636 dicere,
1593 1585 1816 1638 peccare
1853 1571 2046 1639 debeo,

467 1653 585 1721 quia
616 1672 719 1711 non
747 1671 963 1724 possum
993 1658 1149 1713 aliter
1181 1661 1420 1715 misereri
1456 1679 1468 1713 :
1500 1660 1646 1716 aliud
1671 1670 1775 1725 est,
1804 1662 2045 1730 inquam,

467 1744 668 1811 dicere,
701 1748 821 1815 quia
851 1747 961 1816 jam
986 1751 1329 1818 peccavimus
1360 1750 1781 1805 benefaciamus:
1828 1759 1882 1805 et
1904 1751 2046 1804 aliud

2152 570 2321 623 saudo
2350 580 2590 639 peccata,
2616 570 2827 637 ignorat
2847 584 2952 622 non
2981 583 3042 622 se
3072 585 3288 638 ptenam
3319 585 3611 634 removere,
3630 571 3723 625 sed

2152 657 2378 710 veniam.
2394 656 2547 727 Apud
2569 658 2810 712 homines
2827 658 2969 712 enim
2984 658 3200 726 judices
3216 661 3466 728 quoniam
3484 661 3586 715 falli
3608 676 3727 730 pos-

2151 758 2294 813 sunt,
2328 764 2665 818 quacumque
2694 750 2839 803 velut
2861 765 3089 819 purgare
3119 750 3326 805 fallacia
3357 751 3510 818 quod
3543 768 3727 820 perpe-

2152 854 2266 892 ram
2320 838 2517 893 faetum
2548 848 2656 905 est,
2700 840 2957 907 prodesse
3007 840 3209 910 aliquid
3259 841 3476 895 videtur
3503 842 3566 895 ad
3608 854 3730 895 ten:-

2154 946 2251 1000 pus
2279 932 2457 1000 :apud
2504 932 2668 986 Deum
2697 941 2896 998 autem,
2941 934 3033 1002 qui
3064 934 3177 988 falli
3219 951 3325 989 non
3370 945 3567 1004 potest,
3624 952 3727 990 non

2153 1036 2235 1077 est
2272 1024 2575 1078 adhibenda
2604 1021 2785 1079 fallax.
2812 1025 3078 1092 defensio,
3128 1027 3224 1081 sed
3254 1042 3416 1084 verax
3464 1029 3729 1082 confessio

2155 1123 2514 1180 peccatorum,
2548 1121 2605 1168 et
2631 1114 2722 1168 alii
2751 1115 2968 1183 quidem
2998 1117 3086 1184 qui
3130 1132 3224 1172 sua
3269 1133 3602 1173 consuevere
3640 1133 3731 1172 ex-

2153 1221 2343 1263 cusare
2395 1217 2647 1277 peccata,
2702 1207 2813 1263 fato
2860 1224 2921 1264 se
2963 1210 3028 1263 ad
3078 1211 3403 1277 peccandum
3443 1223 3731 1278 queruntur

2154 1294 2377 1364 impelli,
2412 1310 2662 1365 tanquam
2695 1298 2798 1354 ltoc
2843 1298 3183 1355 decreverint
3212 1300 3411 1363 sidera,
3445 1308 3502 1355 et
3537 1302 3730 1355 caelum

2155 1390 2306 1458 prius
2333 1390 2453 1443 talia
2479 1389 2820 1444 decernendo
2842 1392 3144 1458 peccaverit
3168 1389 3460 1462 [peccare],
3492 1402 3550 1445 ut
3574 1392 3733 1446 homo

2156 1484 2341 1546 postea
2388 1476 2512 1530 talia
2570 1477 2958 1532 committenda
3008 1486 3277 1547 peccaret.
3329 1479 3433 1533 Alii
3485 1479 3732 1533 Fortuna:

2154 1569 2362 1623 malunt
2402 1567 2664 1636 imputare
2708 1568 2849 1637 quod
2904 1577 3153 1637 peccant,
3199 1570 3452 1637 quoniam
3502 1570 3731 1624 fortuitis

2153 1657 2365 1711 casibus
2394 1657 2583 1727 agitari
2613 1666 2821 1727 putant,
2853 1674 2955 1713 nec
2984 1668 3163 1712 tamen
3196 1658 3299 1714 hoc
3319 1672 3379 1714 se
3409 1659 3630 1714 fortuita
3658 1670 3735 1715 te-

2155 1750 2426 1816 meritate,
2462 1748 2554 1804 sed
2585 1758 2862 1817 perspecta
2888 1751 3098 1806 ratione
3121 1764 3312 1818 sapere
3340 1759 3499 1820 atque
3518 1765 3731 1806 asseve-

465 1836 769 1902 estdicere,
801 1853 1081 1906 peccemus
1106 1849 1161 1894 ut
1190 1841 1603 1896 benefaciamus.
1628 1842 1702 1896 lbi
1728 1841 1944 1906 dicitur,
1977 1840 2053 1896 fa-
2084 1833 2131 1893 Β
2159 1856 2283 1894 rare
2307 1839 2657 1896 contendunt.
2689 1839 2872 1906 Qualis
2909 1855 3037 1910 ergo
3066 1841 3333 1897 dementia
3362 1852 3465 1907 est,
3498 1841 3733 1910 disputa-

465 1934 673 1988 eiamus
700 1936 862 1999 bona,
887 1937 1005 2006 quia
1028 1936 1253 1992 fecimus
1271 1938 1434 2003 mala;
1466 1937 1553 1992 hic
1576 1945 1778 2003 autem,
1798 1936 2053 1992 faciamus

466 2022 606 2075 mala
635 2032 693 2076 ut
730 2025 948 2078 veniant
982 2025 1141 2089 bona,
1162 2040 1224 2080 ac
1246 2040 1336 2094 per
1352 2025 1454 2081 hoc
1478 2026 1547 2079 ibi
1574 2024 1935 2080 exbaurienda
1969 2034 2053 2080 est

465 2113 732 2169 sententia
772 2115 1011 2183 peccati,
1046 2115 1132 2169 hic
1160 2116 1398 2169 cavenda
1436 2124 1520 2169 est
1552 2114 1794 2170 doctrina
1823 2117 2048 2185 peccati.

1014 2203 1242 2261 CAPUT
1280 2206 1505 2263 CXCIV.

468 2290 658 2348 Contra
681 2294 904 2349 diversas
935 2296 1021 2365 qui
1047 2296 1200 2351 variis
1229 2296 1391 2349 modis
1425 2312 1519 2349 sua
1550 2296 1782 2350 nituntur
1808 2312 2054 2351 excusare

538 2374 768 2429 peccata,
810 2381 925 2437 quae
950 2364 1383 2437 ’nnllarimpunita
1422 2382 1527 2420 esse
1568 2383 1718 2437 posse
1746 2367 2052 2436 confirmat;

535 2450 599 2486 ca:
627 2450 856 2488 sermone
883 2435 945 2488 de
974 2432 1319 2490 Contineutt'a.

539 2544 607 2599 Ut
632 2544 821 2612 spiritu
869 2554 1056 2601 nostro
1089 2560 1251 2614 opera
1282 2548 1461 2602 carnis
1491 2548 1895 2614 mortificentus,
1942 2549 2051 2617 spi-

470 2635 570 2689 ritu
592 2634 685 2690 Dei
727 2636 953 2706 agimur,
1000 2636 1090 2705 qui
1119 2637 1207 2689 dat
1231 2628 1607 2692 continentiam
1633 2653 1734 2707 qua
1759 2638 2051 2703 frenetnus,

471 2726 769 2791 dometnus,
822 2727 1101 2781 vincamus
1146 2728 1657 2796 concupiscentiam.
1693 2728 1749 2782 In
1802 2729 1903 2783 hoc
1943 2736 2050 2782 tam

473 2830 668 2883 magno
702 2818 893 2885 prmlio
933 2817 984 2871 in
1013 2832 1119 2888 quo
1149 2816 1281 2872 vivit
1312 2818 1473 2872 homo
1496 2818 1597 2873 sub
1637 2820 1830 2888 gratia,
1854 2830 1907 2875 et
1929 2835 2049 2875 cum

477 2907 615 2961 bene
646 2915 848 2978 pugnat
893 2908 1110 2976 adjutus
1156 2907 1391 2963 exsultat
1431 2908 1484 2962 in
1529 2907 1760 2963 Domino
1788 2924 1907 2964 cum
1938 2919 2048 2965 tre-

474 3013 623 3053 more
648 3014 661 3050 :
686 3013 794 3052 non
825 2997 1020 3053 desunt
1049 3008 1253 3069 tamen,
1294 2998 1458 3053 etiam
1506 2998 1739 3055 strenuis
1770 2998 2050 3055 bellatori-

473 3087 592 3150 bus,
625 3095 682 3142 et
708 3102 930 3155 operum
967 3089 1145 3143 carnis
1176 3088 1418 3157 quamvis
1447 3086 1663 3143 invictis
1708 3088 2053 3144 morticato-

2157 1932 2329 1985 tiones
2358 1944 2483 1985 suas
2510 1930 2700 1983 rationi
2731 1930 2985 1996 tribuere,
3017 1940 3074 1985 et
3095 1931 3333 1986 actiones
3360 1947 3486 1988 suas
3518 1934 3735 1990 casibus

2152 2023 2481 2093 subjugare?
2512 2021 2615 2077 Alii
2668 2030 2835 2075 totum
2865 2022 3003 2092 quod
3052 2022 3190 2077 male
3220 2022 3422 2077 faciunt
3450 2024 3502 2078 in
3549 2026 3731 2079 diabo-

2152 2115 2258 2169 lum
2288 2113 2547 2175 referunt,
2578 2125 2680 2165 nec
2699 2112 2887 2167 volunt
2905 2127 3026 2168 cum
3053 2113 3143 2168 illo
3174 2114 3372 2169 habere
3397 2115 3480 2169 vel
3506 2129 3728 2185 partem,

2152 2220 2270 2261 cum
2301 2204 2447 2260 illum
2473 2205 2573 2260 sibi
2600 2204 2824 2259 occultis
2850 2204 3282 2275 suggestionibus
3319 2208 3458 2262 mala
3498 2208 3734 2265 suasisse

2152 2295 2406 2365 suspicari
2441 2295 2664 2363 possint,
2694 2311 2753 2350 se
2790 2307 2968 2351 autem
3013 2296 3122 2351 illis
3149 2299 3587 2367 suggestionibus
3628 2316 3728 2352 uu-

2153 2385 2449 2454 decumque
2474 2384 2666 2439 fuerint
2695 2385 3055 2451 consensisse,
3087 2385 3335 2441 dubitare
3366 2402 3477 2442 non
3500 2390 3729 2458 possint.

2151 2475 2283 2531 Sunt
2314 2475 2473 2530 etiam
2501 2475 2588 2544 qui
2612 2475 3009 2529 excusationem
3031 2489 3180 2530 suam
3209 2480 3537 2543 extendunt,
3572 2478 3624 2533 in
3649 2494 3729 2532 ac-

2153 2565 2482 2621 cusationem
2513 2564 2629 2628 Dei,
2656 2564 3057 2632 divinojudicio
3088 2566 3291 2634 miseri,
3319 2580 3417 2622 suo
3447 2577 3630 2623 autem
3655 2568 3728 2623 fu-

2154 2670 2278 2710 rore
2315 2654 2656 2724 blaSphemi;
2690 2656 2889 2710 etenim
2921 2655 3177 2712 adversus
3218 2671 3337 2710 eum
3369 2656 3486 2730 [ex]
3514 2669 3729 2714 contra-

2155 2744 2236 2798 rio
2259 2742 2519 2813 principio
2542 2742 2798 2797 inducunt
2824 2743 2947 2797 mali
2970 2743 3322 2799 substantiam
3354 2747 3726 2814 rebellantem,

2156 2832 2244 2887 cui
2274 2846 2381 2887 non
2413 2834 2675 2902 potuisset
2703 2833 2979 2899 resistere,
3014 2834 3117 2889 nisi
3153 2836 3466 2892 substantia:
3500 2849 3729 2893 naturrec

2156 2937 2263 2994 que
2305 2938 2419 2978 sure
2467 2932 2698 2992 partem,
2725 2922 2901 2979 eidem
2949 2924 3226 2980 rebellanti
3268 2928 3730 2985 contaminandaiu

2153 3012 2710 3084 corrumpendamque
2737 3014 3059 3081 miscuisset,
3089 3029 3139 3072 et
3165 3025 3291 3072 tunc
3318 3033 3379 3073 se
3403 3033 3633 3088 peccare
3657 3021 3731 3076 di-

2157 3115 2305 3172 cunt,
2338 3104 2550 3173 quando
2579 3112 2767 3159 natura
2792 3104 2914 3161 mali
2946 3109 3202 3176 praevalet
3231 3119 3438 3167 natura:
3468 3112 3588 3168 Dei.
3614 3112 3731 3169 Haec

472 3176 642 3272 ribus,
672 3179 848 3248 aliqua
886 3180 1112 3272 vulnera
1159 3188 1524 3249 peccatorum,
1575 3188 1792 3251 propter
1820 3196 1938 3251 quae
1966 3195 2053 3236 8³-
2080 3180 2128 3244 C
2158 3194 2577 3251 Manichaeorum
2622 3203 2705 3251 est
2751 3195 3177 3253 immundissima
3238 3199 3465 3266 insania,
3506 3217 3728 3272 quorum

471 3270 645 3324 nanda
685 3271 931 3337 quotidie
978 3274 1246 3328 veraciter
1274 3272 1455 3328 dicant
1480 3290 1492 3325 :
1523 3272 1744 3329 Dimitte
1772 3274 1930 3329 nobis
1959 3274 2051 3330 de-

473 3362 579 3417 bita
608 3374 826 3427 nostra;
880 3372 1067 3418 contra
1096 3364 1285 3419 eadem
1324 3364 1451 3419 vitia
1482 3373 1536 3418 et
1563 3372 1748 3419 contra
1779 3364 2051 3421 diabolum

472 3455 770 3522 principem
811 3469 1104 3523 regemque
1132 3455 1405 3521 vitiorum,
1456 3455 1627 3509 multo
1656 3456 1961 3525 vigilantius
1999 3467 2053 3512 et

472 3544 648 3598 acrius
697 3543 813 3611 ipsa
866 3545 1110 3597 oratione
1161 3553 1453 3609 certantes,
1490 3559 1557 3599 ne
1595 3545 1807 3599 valeant
1853 3547 2049 3616 aliquid

473 3632 767 3687 mortifera:
797 3635 1166 3703 suggestiones
1197 3636 1335 3705 ejus,
1366 3637 1559 3706 quibus
1588 3639 1804 3708 instigat
1834 3640 2052 3711 insuper

474 3731 810 3790 peccatorem
862 3724 929 3777 ad
978 3739 1071 3779 sua
1115 3728 1442 3792 excusanda,
1489 3729 1666 3799 potius
1707 3746 1863 3800 quam
1897 3747 2054 3787 accu-

473 3814 638 3869 sanda
692 3823 945 3884 peccata;
979 3830 1043 3871 ac
1092 3816 1168 3870 sic
1192 3816 1282 3871 illa
1312 3818 1556 3885 vulnera,
1603 3836 1707 3874 tton
1756 3821 1916 3876 modo
1947 3836 2050 3876 non

472 3913 749 3973 sanentur,
802 3921 987 3959 verum
1038 3907 1199 3961 etiam
1243 3908 1345 3961 etsi
1395 3909 1665 3964 mortifera
1718 3926 1824 3965 non
1874 3922 2052 3978 erant,

471 3998 709 4067 graviter
734 4006 788 4051 et
811 3997 1079 4052 letltaliter
1112 3998 1420 4069 inligantur.
1458 4000 1523 4054 Et
1548 4000 1633 4055 ltic
1661 4016 1788 4072 ergo
1816 4003 2053 4058 cautiore

470 4105 607 4156 opus
656 4099 740 4144 est
788 4090 1139 4154 continentia,
1191 4105 1294 4160 qua
1335 4091 1654 4146 cohibeatur
1698 4094 1913 4161 superbi
1955 4095 2056 4150 ho-

471 4181 632 4235 minis
673 4182 967 4252 appetitus,
1000 4196 1107 4251 quo
1146 4182 1321 4252 placet
1347 4182 1472 4249 sibi,
1502 4192 1556 4238 et
1587 4198 1692 4238 non
1718 4185 1829 4240 vult
1874 4185 2057 4256 culpa-

472 4271 595 4325 bilis
640 4270 892 4337 inveniri,
949 4271 1377 4341 dedignaturque
1421 4286 1542 4326 cum
1574 4282 1761 4341 peccat
1806 4275 2055 4329 convinci

471 4360 616 4427 quod
640 4360 757 4431 ipse
787 4360 1119 4431 peccaverit,
1168 4374 1274 4417 non
1323 4359 1528 4418 salubri
1559 4363 1856 4422 humilitate
1881 4366 2056 4424 susci-

472 4454 626 4521 piens
679 4453 1079 4509 accusationem
1124 4453 1227 4521 sui,
1275 4453 1371 4509 sed
1428 4456 1829 4512 excusationem
1880 4458 2057 4527 potius

2157 3285 2585 3341 machinamenta
2622 3285 2888 3342 diabolica
2920 3286 3170 3345 facillime
3201 3294 3398 3344 veritas
3436 3291 3726 3349 indubitata

2153 3378 2434 3443 subvertit,
2465 3393 2585 3445 quas
2614 3378 2708 3433 Dei
2733 3388 2974 3434 naturam
3020 3379 3549 3439 incontatninabilem
3580 3396 3727 3454 atque

2153 3468 2613 3537 incorruptibilem
2660 3469 2971 3523 confitetur.
3029 3470 3167 3535 Quid
3222 3481 3399 3528 autem
3454 3473 3725 3543 ﬂagitiose

2154 3559 2621 3613 contaminationis
2648 3568 2700 3614 et
2734 3560 3092 3628 corruptionis
3115 3560 3226 3633 [de]
3253 3562 3367 3615 istis
3404 3564 3599 3619 merito
3631 3580 3726 3618 non

2155 3648 2413 3710 creditur,
2447 3664 2474 3701 a
2511 3649 2701 3717 quibus
2728 3649 2886 3711 Deus,
2914 3650 3003 3717 qui
3032 3666 3239 3705 summe
3265 3662 3423 3720 atque
3459 3655 3726 3723 ineompa-

2155 3740 2399 3794 rabiliter
2430 3742 2597 3793 bonus
2646 3748 2748 3804 est,
2780 3742 3210 3796 eontaminabllis
3258 3750 3313 3796 et
3366 3745 3723 3812 corruptibilis

2154 3831 2425 3885 creditur?
2482 3830 2619 3885 Sunt
2666 3838 2720 3884 et
2785 3831 2875 3899 qui
2923 3846 2989 3885 eo
3038 3834 3196 3886 modo
3269 3833 3320 3885 iu
3388 3835 3725 3887 excusatione

2158 3930 2497 3990 peccatorum
2529 3936 2743 3974 suorum
2771 3932 3023 3991 accusant
3045 3923 3235 3989 Deum,
3265 3931 3324 3977 ut
3346 3924 3529 3978 dicant
3552 3927 3602 3980 ei
3633 3924 3726 3994 pln-

2157 4029 2281 4070 cere
2325 4022 2539 4082 peccata
2571 4031 2581 4064 :
2610 4014 2740 4067 Nam
2790 4016 2834 4069 si
2865 4015 3227 4085 displicerent,
3278 4018 3538 4086 inquiunt,
3594 4019 3725 4074 nullo

2158 4106 2318 4161 modo
2344 4121 2406 4160 ea
2432 4106 2545 4160 fieri
2572 4107 3092 4175 omnipotentissima
3125 4110 3306 4177 utique
3327 4119 3596 4179 potestate
3620 4127 3727 4180 per-

2159 4200 2430 4263 mitteret;
2461 4199 2764 4268 quasivero,
2785 4210 3000 4269 peccata
3025 4201 3164 4255 Deus
3185 4200 3441 4271 impunita
3471 4218 3596 4259 esse
3620 4219 3729 4273 per-

2162 4287 2369 4344 miserit
2392 4289 2627 4344 etiamin
2658 4290 2761 4356 eis,
2790 4305 2927 4359 quos
2953 4305 2984 4344 a
3012 4292 3275 4362 supplicio
3299 4294 3634 4364 sempiterno
3661 4310 3731 4349 re-

2161 4380 2420 4436 missione
2456 4380 2649 4435 liberat
2678 4389 3043 4451 peccatorum.
3092 4381 3281 4438 Nullus
3309 4384 3506 4453 quippe
3543 4384 3731 4439 debitre

2161 4469 2419 4542 gravioris
2449 4484 2623 4540 ptume
2667 4471 2861 4541 accipit
2889 4472 3122 4539 veniam,
3156 4472 3258 4527 nisi
3291 4475 3734 4544 qualemcumque

473 4544 687 4599 ruinosa
714 4544 948 4600 elatione
974 4544 1324 4614 conquirens.
1355 4544 1435 4601 Ad
1466 4546 1605 4601 banc
1630 4548 1937 4615 superbiam
1960 4562 2053 4604 co-

2162 4536 2218 4616 et
2240 4560 2285 4615 si
2314 4536 2473 4631 longe
2501 4562 2763 4618 minorem
2784 4536 2957 4631 quam
2987 4536 3221 4620 debebat
3240 4536 3460 4619 solverit
3486 4536 3732 4634 poenam;

474 4636 782 4704 crcendam,
828 4636 1218 4692 continentiam
1248 4635 1435 4706 petivit
1469 4652 1497 4690 a
1546 4636 1774 4691 Domino
1817 4637 1931 4703 ille,
1964 4654 2060 4695 cu-

473 4724 562 4796 jus
609 4729 858 4796 superius
903 4728 1067 4782 verba
1094 4727 1205 4797 jam
1256 4727 1429 4797 posui,
1461 4736 1515 4782 et
1557 4729 1694 4784 sicut
1722 4730 1869 4799 potui
1911 4746 2060 4786 com-

477 4814 757 4881 mendavi;
788 4832 1017 4887 namque
1044 4832 1166 4872 cum
1196 4816 1421 4872 dixisset
1446 4834 1458 4871 :
1488 4817 1655 4883 Pone,
1684 4817 1928 4887 Domine,
1962 4835 2059 4876 cu-

479 4906 708 4960 stodiam
752 4908 835 4961 ori
868 4923 1007 4972 meo,
1056 4917 1110 4962 et
1140 4907 1338 4963 ostium
1368 4909 1714 4965 continentia
1750 4909 1950 4965 circum
1981 4911 2060 4965 la-

477 4999 565 5053 bia
586 5013 726 5065 mea,
758 5015 825 5054 ne
871 4999 1104 5055 declinet
1150 5016 1244 5056 cor
1272 5018 1451 5057 meum
1499 5004 1551 5058 in
1592 5004 1753 5057 verba
1787 5006 2058 5074 maligna:

480 5092 624 5146 unde
655 5093 755 5147 hoc
794 5092 1021 5158 diceret,
1070 5094 1375 5150 evidentius
1427 5097 1705 5165 explicans
1734 5115 1748 5152 :
1773 5098 1854 5152 Ad
1901 5115 2065 5154 excu-

478 5185 697 5249 sandas,
732 5184 925 5255 inquit,
957 5186 1336 5242 excusationes
1365 5187 1419 5241 in
1455 5190 1713 5257 peccatis.
1752 5192 1892 5258 Quid
1920 5195 2063 5248 enim

480 5279 769 5349 malignius
800 5281 885 5334 liis
915 5280 1114 5347 verbis,
1146 5281 1340 5351 quibus
1368 5283 1541 5339 malus
1570 5286 1768 5341 malum
1801 5302 1860 5343 se
1885 5298 2061 5360 negat,

482 5372 648 5427 etiam
699 5374 769 5430 de
811 5374 955 5429 malo
999 5390 1165 5443 Opere
1214 5376 1511 5441 convictus,
1545 5381 1684 5448 quod
1715 5398 1914 5451 negare
1960 5399 2065 5437 non

483 5463 700 5518 valeat?
727 5473 783 5519 et
803 5466 1057 5535 quoniam
1087 5466 1285 5520 factum
1306 5482 1411 5520 non
1434 5479 1611 5537 potest
1633 5480 1834 5541 tegere,
1864 5490 1960 5528 nec
1976 5476 2069 5531 be-

482 5553 756 5611 nefactum
790 5566 964 5626 potest
991 5559 1196 5626 dicere,
1222 5569 1273 5613 et
1301 5574 1332 5614 a
1360 5574 1421 5616 se
1451 5560 1649 5617 factum
1680 5564 1827 5620 videt
1848 5578 2065 5635 patere;

484 5648 676 5710 quaerit
704 5648 757 5702 in
812 5650 955 5705 aliud
1002 5650 1205 5707 referre
1251 5652 1397 5722 quod
1444 5652 1597 5721 fecit,
1651 5664 1905 5726 tanquam
1943 5656 2069 5713 inde

486 5739 657 5803 possit
701 5742 914 5799 auferre
950 5744 1090 5815 quod
1143 5746 1363 5815 meruit,
1389 5748 1578 5807 nolens
1624 5764 1747 5806 esse
1792 5763 1852 5807 se
1896 5766 2073 5819 reum,

2162 4658 2323 4719 atque
2350 4651 2421 4705 ita
2471 4650 2777 4720 impertitur
2824 4651 3045 4724 largitas
3091 4652 3500 4718 misericordiae,
3532 4663 3592 4708 ut
3635 4670 3735 4708 non

2164 4744 2499 4813 relinquatur
2527 4742 2690 4798 etiam
2712 4742 2915 4812 justitia
2945 4743 3266 4813 disciplinae.
3300 4743 3433 4799 Nam
3471 4753 3525 4799 et
3552 4759 3736 4813 pecea-

2164 4840 2277 4888 tum
2304 4831 2449 4903 quod
2502 4832 2729 4887 inultum
2759 4832 2989 4902 videtur,
3042 4833 3204 4889 habet
3249 4834 3592 4904 pedisequam
3624 4850 3735 4903 pm-

2167 4940 2290 4979 nam
2333 4941 2505 4991 suam,
2537 4936 2594 4980 ut
2636 4942 2795 4982 nemo
2824 4927 2890 4982 de
2934 4925 3203 4992 admisso,
3255 4935 3346 4981 aut
3390 4926 3739 4982 amaritudine

2169 5020 2367 5084 doleat,
2395 5029 2489 5074 aut
2515 5021 2756 5075 caecitate
2785 5036 2891 5075 non
2924 5022 3122 5075 doleat.
3154 5020 3307 5075 Sicut
3334 5035 3463 5088 ergo
3494 5030 3546 5074 tu
3569 5020 3696 5074 dicis
3723 5038 3737 5073 :

2173 5111 2278 5165 Cur
2306 5114 2574 5181 permittat
2604 5112 2725 5176 ista,
2773 5114 2815 5166 si
2847 5111 3164 5180 displicent?
3207 5111 3279 5164 Ita
3312 5125 3411 5179 ego
3452 5111 3611 5165 dico:
3642 5110 3742 5163 Cur

2173 5204 2321 5274 punit
2356 5203 2481 5267 ista,
2533 5204 2576 5257 si
2622 5203 2861 5271 placent?
2908 5205 2984 5257 Ac
3017 5218 3110 5272 per
3149 5201 3249 5256 hoc
3275 5203 3413 5255 sicut
3443 5218 3542 5270 ego
3585 5200 3742 5255 conli-

2178 5307 2316 5363 teor,
2350 5295 2491 5365 quod
2522 5296 2745 5351 omnino
2770 5298 2865 5350 ista
2900 5310 3005 5349 non
3034 5295 3246 5360 fierent,
3277 5293 3374 5347 nisi
3407 5294 3473 5347 ab
3503 5293 3740 5359 omnipo-

2178 5397 2323 5443 tente
2356 5390 2836 5458 permitterentur;
2865 5390 2932 5441 ita
2963 5398 3015 5440 tu
3047 5386 3326 5451 confitere,
3361 5385 3599 5439 facienda
3642 5398 3742 5437 non

2173 5496 2294 5537 esse
2325 5498 2443 5549 qua:
2493 5498 2520 5535 a
2571 5482 2715 5552 justo
2758 5482 3067 5551 puniuntur,
3117 5489 3176 5535 ut
3220 5496 3323 5535 non
3360 5478 3601 5533 faciendo
3630 5490 3743 5546 qua

2180 5572 2351 5639 punit,
2383 5586 2688 5626 mereamur
2730 5571 2801 5625 ab
2847 5586 2914 5624 eo
2944 5571 3174 5640 dscere,
3216 5583 3312 5624 cur
3342 5568 3593 5637 permittit
3629 5580 3743 5620 esse

2181 5676 2301 5731 qua:
2346 5662 2548 5729 puniat.
2586 5660 2949 5716 Perfectorum
2999 5669 3077 5715 est
3121 5661 3286 5721 enim,
3326 5658 3461 5713 sicut
3497 5656 3744 5725 scriptum

2180 5764 2291 5823 est,
2319 5753 2523 5809 solidus
2553 5753 2731 5825 cibus,
2753 5752 2805 5809 in
2838 5768 2943 5824 quo
2970 5753 3023 5810 lti
3050 5753 3141 5824 qui
3172 5752 3307 5807 bene
3333 5748 3627 5821 profecere,
3642 5746 3744 5817 iam
