  <div class='ocr_page' id='page_1' title='image "/cluster/home/n/w/nwhite01/storage/ocr_20150623/62/hvd.32044054758693/432.png"; bbox 0 0 4016 6184; ppageno 0'>
   <div class='ocr_carea' id='block_1_1' title="bbox 314 286 434 340">
    <p class='ocr_par' dir='ltr' id='par_1_1' title="bbox 314 286 434 340">
     <span class='ocr_line' id='line_1_1' title="bbox 314 286 434 340; baseline -0.017 0"><span class='ocrx_word' id='word_1_1' title='bbox 314 286 434 340; x_wconf 72' lang='lat'><strong>835</strong></span> 
     </span>
    </p>
   </div>
   <div class='ocr_carea' id='block_1_2' title="bbox 1525 287 2408 348">
    <p class='ocr_par' dir='ltr' id='par_1_2' title="bbox 1525 287 2408 348">
     <span class='ocr_line' id='line_1_2' title="bbox 1525 287 2408 348; baseline 0.008 -7"><span class='ocrx_word' id='word_1_2' title='bbox 1525 289 1950 344; x_wconf 71' lang='lat' dir='ltr'><strong>TllESAURi&#39;S.</strong></span> <span class='ocrx_word' id='word_1_3' title='bbox 1994 287 2143 343; x_wconf 79' lang='lat' dir='ltr'><strong>CAP.</strong></span> <span class='ocrx_word' id='word_1_4' title='bbox 2189 291 2408 348; x_wconf 80' lang='lat' dir='ltr'><strong>CXCIII.</strong></span> 
     </span>
    </p>
   </div>
   <div class='ocr_carea' id='block_1_3' title="bbox 3485 295 3590 349">
    <p class='ocr_par' dir='ltr' id='par_1_3' title="bbox 3485 295 3590 349">
     <span class='ocr_line' id='line_1_3' title="bbox 3485 295 3590 349; baseline -0.019 0"><span class='ocrx_word' id='word_1_5' title='bbox 3485 295 3590 349; x_wconf 69' lang='grc'><strong>831»</strong></span> 
     </span>
    </p>
   </div>
   <div class='ocr_carea' id='block_1_4' title="bbox 315 399 3591 477">
    <p class='ocr_par' dir='ltr' id='par_1_4' title="bbox 315 399 3591 477">
     <span class='ocr_line' id='line_1_4' title="bbox 315 399 3591 477; baseline 0.002 -20"><span class='ocrx_word' id='word_1_6' title='bbox 315 404 630 471; x_wconf 74' lang='lat' dir='ltr'><strong>intelligunt</strong></span> <span class='ocrx_word' id='word_1_7' title='bbox 673 401 739 455; x_wconf 89' lang='lat' dir='ltr'><strong>ad</strong></span> <span class='ocrx_word' id='word_1_8' title='bbox 787 399 1232 468; x_wconf 66' lang='lat' dir='ltr'><strong>omnipotentiam</strong></span> <span class='ocrx_word' id='word_1_9' title='bbox 1291 399 1389 455; x_wconf 87' lang='lat' dir='ltr'><strong>Dei</strong></span> <span class='ocrx_word' id='word_1_10' title='bbox 1441 404 1615 468; x_wconf 89' lang='lat' dir='ltr'><strong>potius</strong></span> <span class='ocrx_word' id='word_1_11' title='bbox 1657 403 1707 454; x_wconf 99' lang='lat' dir='ltr'><strong>id</strong></span> <span class='ocrx_word' id='word_1_12' title='bbox 1737 403 1904 468; x_wconf 78' lang='lat' dir='ltr'><strong>perti-</strong></span> <span class='ocrx_word' id='word_1_13' title='bbox 1938 402 1986 460; x_wconf 87' lang='lat' dir='ltr'><strong>A</strong></span> <span class='ocrx_word' id='word_1_14' title='bbox 2018 414 2121 457; x_wconf 92' lang='lat' dir='ltr'><strong>tur.</strong></span> <span class='ocrx_word' id='word_1_15' title='bbox 2151 405 2272 458; x_wconf 77' lang='lat' dir='ltr'><strong>llzcc</strong></span> <span class='ocrx_word' id='word_1_16' title='bbox 2304 407 2464 475; x_wconf 79' lang='lat' dir='ltr'><strong>igitur</strong></span> <span class='ocrx_word' id='word_1_17' title='bbox 2509 407 2638 473; x_wconf 91' lang='lat' dir='ltr'><strong>duo,</strong></span> <span class='ocrx_word' id='word_1_18' title='bbox 2671 423 2789 477; x_wconf 75' lang='lat' dir='ltr'><strong>qurc</strong></span> <span class='ocrx_word' id='word_1_19' title='bbox 2817 423 2957 464; x_wconf 90' lang='lat' dir='ltr'><strong>nunc</strong></span> <span class='ocrx_word' id='word_1_20' title='bbox 2987 410 3211 464; x_wconf 82' lang='lat' dir='ltr'><strong>invicem</strong></span> <span class='ocrx_word' id='word_1_21' title='bbox 3241 411 3591 466; x_wconf 79' lang='lat' dir='ltr'><strong>adversamur</strong></span> 
     </span>
    </p>
   </div>
   <div class='ocr_carea' id='block_1_5' title="bbox 317 490 1907 556">
    <p class='ocr_par' dir='ltr' id='par_1_5' title="bbox 317 490 1907 556">
     <span class='ocr_line' id='line_1_5' title="bbox 317 490 1907 556; baseline -0.003 -10"><span class='ocrx_word' id='word_1_22' title='bbox 317 495 531 556; x_wconf 82' lang='lat' dir='ltr'><strong>nuisse,</strong></span> <span class='ocrx_word' id='word_1_23' title='bbox 577 501 632 544; x_wconf 91' lang='lat' dir='ltr'><strong>ut</strong></span> <span class='ocrx_word' id='word_1_24' title='bbox 680 505 744 545; x_wconf 81' lang='lat' dir='ltr'><strong>ex</strong></span> <span class='ocrx_word' id='word_1_25' title='bbox 792 490 957 542; x_wconf 89' lang='lat' dir='ltr'><strong>libero</strong></span> <span class='ocrx_word' id='word_1_26' title='bbox 1008 490 1260 552; x_wconf 80' lang='lat' dir='ltr'><strong>arbitrio,</strong></span> <span class='ocrx_word' id='word_1_27' title='bbox 1307 490 1593 544; x_wconf 73' lang='lat' dir='ltr'><strong>voluntatis</strong></span> <span class='ocrx_word' id='word_1_28' title='bbox 1640 491 1907 544; x_wconf 89' lang='lat' dir='ltr'><strong>venientia</strong></span> 
     </span>
    </p>
   </div>
   <div class='ocr_carea' id='block_1_6' title="bbox 316 581 1908 653">
    <p class='ocr_par' dir='ltr' id='par_1_6' title="bbox 316 581 1908 653">
     <span class='ocr_line' id='line_1_6' title="bbox 316 581 1908 653; baseline -0.001 -15"><span class='ocrx_word' id='word_1_29' title='bbox 316 587 464 639; x_wconf 86' lang='lat' dir='ltr'><strong>mala</strong></span> <span class='ocrx_word' id='word_1_30' title='bbox 495 600 614 638; x_wconf 86' lang='lat' dir='ltr'><strong>esse</strong></span> <span class='ocrx_word' id='word_1_31' title='bbox 642 584 1003 653; x_wconf 86' lang='lat' dir='ltr'><strong>permitteret.</strong></span> <span class='ocrx_word' id='word_1_32' title='bbox 1036 581 1152 636; x_wconf 83' lang='lat' dir='ltr'><strong>Jam</strong></span> <span class='ocrx_word' id='word_1_33' title='bbox 1189 581 1381 652; x_wconf 87' lang='lat' dir='ltr'><strong>[tanta]</strong></span> <span class='ocrx_word' id='word_1_34' title='bbox 1411 583 1604 651; x_wconf 78' lang='lat' dir='ltr'><strong>quippe</strong></span> <span class='ocrx_word' id='word_1_35' title='bbox 1626 591 1709 637; x_wconf 89' lang='lat' dir='ltr'><strong>est</strong></span> <span class='ocrx_word' id='word_1_36' title='bbox 1733 583 1908 636; x_wconf 90' lang='lat' dir='ltr'><strong>omni-</strong></span> 
     </span>
    </p>
   </div>
   <div class='ocr_carea' id='block_1_7' title="bbox 319 674 1904 745">
    <p class='ocr_par' dir='ltr' id='par_1_7' title="bbox 319 674 1904 745">
     <span class='ocr_line' id='line_1_7' title="bbox 319 674 1904 745; baseline -0.002 -16"><span class='ocrx_word' id='word_1_37' title='bbox 319 689 516 745; x_wconf 84' lang='lat' dir='ltr'><strong>potens</strong></span> <span class='ocrx_word' id='word_1_38' title='bbox 546 676 757 730; x_wconf 84' lang='lat' dir='ltr'><strong>bonitas</strong></span> <span class='ocrx_word' id='word_1_39' title='bbox 780 674 918 743; x_wconf 86' lang='lat' dir='ltr'><strong>eius,</strong></span> <span class='ocrx_word' id='word_1_40' title='bbox 951 685 1009 727; x_wconf 91' lang='lat' dir='ltr'><strong>ut</strong></span> <span class='ocrx_word' id='word_1_41' title='bbox 1046 675 1208 728; x_wconf 89' lang='lat' dir='ltr'><strong>etiam</strong></span> <span class='ocrx_word' id='word_1_42' title='bbox 1240 674 1310 729; x_wconf 87' lang='lat' dir='ltr'><strong>de</strong></span> <span class='ocrx_word' id='word_1_43' title='bbox 1339 674 1494 728; x_wconf 77' lang='lat' dir='ltr'><strong>malls</strong></span> <span class='ocrx_word' id='word_1_44' title='bbox 1538 675 1712 729; x_wconf 76' lang='lat' dir='ltr'><strong>facere</strong></span> <span class='ocrx_word' id='word_1_45' title='bbox 1741 675 1904 742; x_wconf 77' lang='lat' dir='ltr'><strong>possit</strong></span> 
     </span>
    </p>
   </div>
   <div class='ocr_carea' id='block_1_8' title="bbox 322 763 1908 834">
    <p class='ocr_par' dir='ltr' id='par_1_8' title="bbox 322 763 1908 834">
     <span class='ocr_line' id='line_1_8' title="bbox 322 763 1908 834; baseline -0.002 -15"><span class='ocrx_word' id='word_1_46' title='bbox 322 769 491 830; x_wconf 86' lang='lat' dir='ltr'><strong>bona,</strong></span> <span class='ocrx_word' id='word_1_47' title='bbox 525 767 636 820; x_wconf 93' lang='lat' dir='ltr'><strong>sive</strong></span> <span class='ocrx_word' id='word_1_48' title='bbox 668 764 1015 834; x_wconf 87' lang='lat' dir='ltr'><strong>ignoscendo,</strong></span> <span class='ocrx_word' id='word_1_49' title='bbox 1048 763 1160 818; x_wconf 88' lang='lat' dir='ltr'><strong>sive</strong></span> <span class='ocrx_word' id='word_1_50' title='bbox 1190 763 1448 829; x_wconf 86' lang='lat' dir='ltr'><strong>sanando,</strong></span> <span class='ocrx_word' id='word_1_51' title='bbox 1478 764 1590 819; x_wconf 80' lang='lat' dir='ltr'><strong>sive</strong></span> <span class='ocrx_word' id='word_1_52' title='bbox 1619 764 1684 817; x_wconf 90' lang='lat' dir='ltr'><strong>ad</strong></span> <span class='ocrx_word' id='word_1_53' title='bbox 1709 764 1908 818; x_wconf 85' lang='lat' dir='ltr'><strong>utilita-</strong></span> 
     </span>
    </p>
   </div>
   <div class='ocr_carea' id='block_1_9' title="bbox 321 856 1906 928">
    <p class='ocr_par' dir='ltr' id='par_1_9' title="bbox 321 856 1906 928">
     <span class='ocr_line' id='line_1_9' title="bbox 321 856 1906 928; baseline -0.001 -18"><span class='ocrx_word' id='word_1_54' title='bbox 321 873 410 915; x_wconf 87' lang='lat' dir='ltr'><strong>tes</strong></span> <span class='ocrx_word' id='word_1_55' title='bbox 447 861 652 928; x_wconf 79' lang='lat' dir='ltr'><strong>piorum</strong></span> <span class='ocrx_word' id='word_1_56' title='bbox 683 857 1011 927; x_wconf 80' lang='lat' dir='ltr'><strong>coaptando,</strong></span> <span class='ocrx_word' id='word_1_57' title='bbox 1059 869 1219 927; x_wconf 87' lang='lat' dir='ltr'><strong>atque</strong></span> <span class='ocrx_word' id='word_1_58' title='bbox 1265 858 1546 926; x_wconf 85' lang='lat' dir='ltr'><strong>vertendo,</strong></span> <span class='ocrx_word' id='word_1_59' title='bbox 1594 859 1708 912; x_wconf 89' lang='lat' dir='ltr'><strong>sive</strong></span> <span class='ocrx_word' id='word_1_60' title='bbox 1745 856 1906 910; x_wconf 87' lang='lat' dir='ltr'><strong>etiam</strong></span> 
     </span>
    </p>
   </div>
   <div class='ocr_carea' id='block_1_10' title="bbox 315 946 1906 1017">
    <p class='ocr_par' dir='ltr' id='par_1_10' title="bbox 315 946 1906 1017">
     <span class='ocr_line' id='line_1_10' title="bbox 315 946 1906 1017; baseline -0.003 -15"><span class='ocrx_word' id='word_1_61' title='bbox 315 950 623 1017; x_wconf 85' lang='lat' dir='ltr'><strong>iustissime</strong></span> <span class='ocrx_word' id='word_1_62' title='bbox 676 948 1018 1003; x_wconf 81' lang='lat' dir='ltr'><strong>vindicando.</strong></span> <span class='ocrx_word' id='word_1_63' title='bbox 1079 949 1270 1003; x_wconf 81' lang='lat' dir='ltr'><strong>Omnia</strong></span> <span class='ocrx_word' id='word_1_64' title='bbox 1326 963 1554 1017; x_wconf 81' lang='lat' dir='ltr'><strong>namque</strong></span> <span class='ocrx_word' id='word_1_65' title='bbox 1613 948 1712 1001; x_wconf 88' lang='lat' dir='ltr'><strong>ista</strong></span> <span class='ocrx_word' id='word_1_66' title='bbox 1768 946 1906 1001; x_wconf 87' lang='lat' dir='ltr'><strong>bOna</strong></span> 
     </span>
    </p>
   </div>
   <div class='ocr_carea' id='block_1_11' title="bbox 316 1036 1910 1106">
    <p class='ocr_par' dir='ltr' id='par_1_11' title="bbox 316 1036 1910 1106">
     <span class='ocr_line' id='line_1_11' title="bbox 316 1036 1910 1106; baseline -0.003 -12"><span class='ocrx_word' id='word_1_67' title='bbox 316 1051 469 1103; x_wconf 88' lang='lat' dir='ltr'><strong>sunt,</strong></span> <span class='ocrx_word' id='word_1_68' title='bbox 503 1050 557 1094; x_wconf 89' lang='lat' dir='ltr'><strong>et</strong></span> <span class='ocrx_word' id='word_1_69' title='bbox 602 1039 710 1094; x_wconf 89' lang='lat' dir='ltr'><strong>Deo</strong></span> <span class='ocrx_word' id='word_1_70' title='bbox 759 1039 898 1093; x_wconf 89' lang='lat' dir='ltr'><strong>bono</strong></span> <span class='ocrx_word' id='word_1_71' title='bbox 949 1047 1110 1106; x_wconf 88' lang='lat' dir='ltr'><strong>atque</strong></span> <span class='ocrx_word' id='word_1_72' title='bbox 1155 1039 1513 1105; x_wconf 80' lang='lat' dir='ltr'><strong>omnipotenti</strong></span> <span class='ocrx_word' id='word_1_73' title='bbox 1560 1036 1910 1106; x_wconf 76' lang='lat' dir='ltr'><strong>dignissima;</strong></span> 
     </span>
    </p>
   </div>
   <div class='ocr_carea' id='block_1_12' title="bbox 318 1129 1914 1197">
    <p class='ocr_par' dir='ltr' id='par_1_12' title="bbox 318 1129 1914 1197">
     <span class='ocr_line' id='line_1_12' title="bbox 318 1129 1914 1197; baseline -0.003 -10"><span class='ocrx_word' id='word_1_74' title='bbox 318 1148 427 1187; x_wconf 84' lang='lat' dir='ltr'><strong>nec</strong></span> <span class='ocrx_word' id='word_1_75' title='bbox 463 1141 638 1186; x_wconf 88' lang='lat' dir='ltr'><strong>tamen</strong></span> <span class='ocrx_word' id='word_1_76' title='bbox 682 1130 816 1184; x_wconf 92' lang='lat' dir='ltr'><strong>ﬁunt</strong></span> <span class='ocrx_word' id='word_1_77' title='bbox 857 1129 960 1182; x_wconf 90' lang='lat' dir='ltr'><strong>nisi</strong></span> <span class='ocrx_word' id='word_1_78' title='bbox 990 1131 1060 1182; x_wconf 86' lang='lat' dir='ltr'><strong>de</strong></span> <span class='ocrx_word' id='word_1_79' title='bbox 1100 1129 1273 1182; x_wconf 89' lang='lat' dir='ltr'><strong>malis.</strong></span> <span class='ocrx_word' id='word_1_80' title='bbox 1324 1129 1462 1196; x_wconf 82' lang='lat' dir='ltr'><strong>Quid</strong></span> <span class='ocrx_word' id='word_1_81' title='bbox 1507 1129 1664 1197; x_wconf 83' lang='lat' dir='ltr'><strong>igitur</strong></span> <span class='ocrx_word' id='word_1_82' title='bbox 1695 1129 1914 1192; x_wconf 76' lang='lat' dir='ltr'><strong>melius,</strong></span> 
     </span>
    </p>
   </div>
   <div class='ocr_carea' id='block_1_13' title="bbox 319 1219 1904 1293">
    <p class='ocr_par' dir='ltr' id='par_1_13' title="bbox 319 1219 1904 1293">
     <span class='ocr_line' id='line_1_13' title="bbox 319 1219 1904 1293; baseline -0.004 -17"><span class='ocrx_word' id='word_1_83' title='bbox 319 1225 456 1293; x_wconf 85' lang='lat' dir='ltr'><strong>quid</strong></span> <span class='ocrx_word' id='word_1_84' title='bbox 487 1222 908 1292; x_wconf 83' lang='lat' dir='ltr'><strong>omnipotentius</strong></span> <span class='ocrx_word' id='word_1_85' title='bbox 937 1236 1024 1285; x_wconf 91' lang='lat' dir='ltr'><strong>eo,</strong></span> <span class='ocrx_word' id='word_1_86' title='bbox 1072 1222 1164 1290; x_wconf 89' lang='lat' dir='ltr'><strong>qui</strong></span> <span class='ocrx_word' id='word_1_87' title='bbox 1214 1235 1335 1274; x_wconf 87' lang='lat' dir='ltr'><strong>cum</strong></span> <span class='ocrx_word' id='word_1_88' title='bbox 1367 1223 1505 1275; x_wconf 62' lang='lat' dir='ltr'><strong>maie</strong></span> <span class='ocrx_word' id='word_1_89' title='bbox 1553 1219 1686 1274; x_wconf 81' lang='lat' dir='ltr'><strong>nihil</strong></span> <span class='ocrx_word' id='word_1_90' title='bbox 1728 1219 1904 1282; x_wconf 78' lang='lat' dir='ltr'><strong>faciat,</strong></span> 
     </span>
    </p>
   </div>
   <div class='ocr_carea' id='block_1_14' title="bbox 321 1306 1907 1375">
    <p class='ocr_par' dir='ltr' id='par_1_14' title="bbox 321 1306 1907 1375">
     <span class='ocr_line' id='line_1_14' title="bbox 321 1306 1907 1375; baseline -0.006 -7"><span class='ocrx_word' id='word_1_91' title='bbox 321 1315 470 1368; x_wconf 84' lang='lat' dir='ltr'><strong>bene</strong></span> <span class='ocrx_word' id='word_1_92' title='bbox 514 1313 674 1368; x_wconf 86' lang='lat' dir='ltr'><strong>etiam</strong></span> <span class='ocrx_word' id='word_1_93' title='bbox 723 1311 792 1365; x_wconf 89' lang='lat' dir='ltr'><strong>de</strong></span> <span class='ocrx_word' id='word_1_94' title='bbox 821 1309 977 1364; x_wconf 84' lang='lat' dir='ltr'><strong>malis</strong></span> <span class='ocrx_word' id='word_1_95' title='bbox 1023 1310 1179 1364; x_wconf 69' lang='lat' dir='ltr'><strong>facit?</strong></span> <span class='ocrx_word' id='word_1_96' title='bbox 1207 1308 1514 1364; x_wconf 88' lang='lat' dir='ltr'><strong>Clamantes</strong></span> <span class='ocrx_word' id='word_1_97' title='bbox 1559 1307 1626 1362; x_wconf 89' lang='lat' dir='ltr'><strong>ad</strong></span> <span class='ocrx_word' id='word_1_98' title='bbox 1667 1321 1788 1362; x_wconf 90' lang='lat' dir='ltr'><strong>eum</strong></span> <span class='ocrx_word' id='word_1_99' title='bbox 1819 1306 1907 1375; x_wconf 90' lang='lat' dir='ltr'><strong>qui</strong></span> 
     </span>
    </p>
   </div>
   <div class='ocr_carea' id='block_1_15' title="bbox 318 1401 1906 1469">
    <p class='ocr_par' dir='ltr' id='par_1_15' title="bbox 318 1401 1906 1469">
     <span class='ocr_line' id='line_1_15' title="bbox 318 1401 1906 1469; baseline -0.004 -10"><span class='ocrx_word' id='word_1_100' title='bbox 318 1407 469 1460; x_wconf 80' lang='lat' dir='ltr'><strong>male</strong></span> <span class='ocrx_word' id='word_1_101' title='bbox 497 1408 706 1469; x_wconf 83' lang='lat' dir='ltr'><strong>fecere,</strong></span> <span class='ocrx_word' id='word_1_102' title='bbox 743 1403 964 1458; x_wconf 87' lang='lat' dir='ltr'><strong>Dimitte</strong></span> <span class='ocrx_word' id='word_1_103' title='bbox 1013 1402 1167 1457; x_wconf 92' lang='lat' dir='ltr'><strong>nobis</strong></span> <span class='ocrx_word' id='word_1_104' title='bbox 1195 1403 1374 1457; x_wconf 87' lang='lat' dir='ltr'><strong>debita</strong></span> <span class='ocrx_word' id='word_1_105' title='bbox 1417 1411 1600 1456; x_wconf 86' lang='lat' dir='ltr'><strong>nostra</strong></span> <span class='ocrx_word' id='word_1_106' title='bbox 1624 1443 1640 1468; x_wconf 92' lang='lat'><strong>,</strong></span> <span class='ocrx_word' id='word_1_107' title='bbox 1669 1401 1906 1465; x_wconf 76' lang='lat' dir='ltr'><strong>exaudit,</strong></span> 
     </span>
    </p>
   </div>
   <div class='ocr_carea' id='block_1_16' title="bbox 321 1492 1912 1568">
    <p class='ocr_par' dir='ltr' id='par_1_16' title="bbox 321 1492 1912 1568">
     <span class='ocr_line' id='line_1_16' title="bbox 321 1492 1912 1568; baseline -0.004 -17"><span class='ocrx_word' id='word_1_108' title='bbox 321 1499 582 1568; x_wconf 59' lang='lat' dir='ltr'><strong>ignoscit.</strong></span> <span class='ocrx_word' id='word_1_109' title='bbox 617 1498 927 1552; x_wconf 77' lang='lat' dir='ltr'><strong>Nocuerunt</strong></span> <span class='ocrx_word' id='word_1_110' title='bbox 957 1510 1052 1550; x_wconf 89' lang='lat' dir='ltr'><strong>sua</strong></span> <span class='ocrx_word' id='word_1_111' title='bbox 1083 1495 1222 1548; x_wconf 90' lang='lat' dir='ltr'><strong>mala</strong></span> <span class='ocrx_word' id='word_1_112' title='bbox 1256 1494 1624 1564; x_wconf 77' lang='lat' dir='ltr'><strong>peccantibus,</strong></span> <span class='ocrx_word' id='word_1_113' title='bbox 1662 1492 1912 1547; x_wconf 78' lang='lat' dir='ltr'><strong>subvenit</strong></span> 
     </span>
    </p>
   </div>
   <div class='ocr_carea' id='block_1_17' title="bbox 319 1584 1910 1656">
    <p class='ocr_par' dir='ltr' id='par_1_17' title="bbox 319 1584 1910 1656">
     <span class='ocr_line' id='line_1_17' title="bbox 319 1584 1910 1656; baseline -0.005 -12"><span class='ocrx_word' id='word_1_114' title='bbox 319 1603 514 1644; x_wconf 87' lang='lat' dir='ltr'><strong>eorum</strong></span> <span class='ocrx_word' id='word_1_115' title='bbox 545 1588 902 1656; x_wconf 89' lang='lat' dir='ltr'><strong>medeturque</strong></span> <span class='ocrx_word' id='word_1_116' title='bbox 921 1585 1289 1655; x_wconf 79' lang='lat' dir='ltr'><strong>languoribus,</strong></span> <span class='ocrx_word' id='word_1_117' title='bbox 1313 1586 1540 1639; x_wconf 68' lang='lat' dir='ltr'><strong>saeviunt</strong></span> <span class='ocrx_word' id='word_1_118' title='bbox 1571 1599 1788 1638; x_wconf 87' lang='lat' dir='ltr'><strong>suorum</strong></span> <span class='ocrx_word' id='word_1_119' title='bbox 1817 1584 1910 1637; x_wconf 60' lang='lat' dir='ltr'><strong>ho.</strong></span> 
     </span>
    </p>
   </div>
   <div class='ocr_carea' id='block_1_18' title="bbox 318 1675 1909 1747">
    <p class='ocr_par' dir='ltr' id='par_1_18' title="bbox 318 1675 1909 1747">
     <span class='ocr_line' id='line_1_18' title="bbox 318 1675 1909 1747; baseline -0.006 -12"><span class='ocrx_word' id='word_1_120' title='bbox 318 1693 462 1747; x_wconf 72' lang='lat' dir='ltr'><strong>stes,</strong></span> <span class='ocrx_word' id='word_1_121' title='bbox 509 1681 575 1735; x_wconf 89' lang='lat' dir='ltr'><strong>de</strong></span> <span class='ocrx_word' id='word_1_122' title='bbox 607 1681 818 1734; x_wconf 90' lang='lat' dir='ltr'><strong>illorum</strong></span> <span class='ocrx_word' id='word_1_123' title='bbox 867 1678 1072 1732; x_wconf 76' lang='lat' dir='ltr'><strong>saevitia</strong></span> <span class='ocrx_word' id='word_1_124' title='bbox 1121 1675 1250 1730; x_wconf 83' lang='lat' dir='ltr'><strong>facit</strong></span> <span class='ocrx_word' id='word_1_125' title='bbox 1295 1686 1578 1744; x_wconf 76' lang='lat' dir='ltr'><strong>martyres.</strong></span> <span class='ocrx_word' id='word_1_126' title='bbox 1630 1675 1909 1728; x_wconf 83' lang='lat' dir='ltr'><strong>Postremo</strong></span> 
     </span>
    </p>
   </div>
   <div class='ocr_carea' id='block_1_19' title="bbox 2014 497 3588 570">
    <p class='ocr_par' dir='ltr' id='par_1_19' title="bbox 2014 497 3588 570">
     <span class='ocr_line' id='line_1_19' title="bbox 2014 497 3588 570; baseline 0.006 -22"><span class='ocrx_word' id='word_1_127' title='bbox 2014 497 2070 549; x_wconf 86' lang='lat' dir='ltr'><strong>iu</strong></span> <span class='ocrx_word' id='word_1_128' title='bbox 2097 498 2270 560; x_wconf 88' lang='lat' dir='ltr'><strong>nobis,</strong></span> <span class='ocrx_word' id='word_1_129' title='bbox 2301 500 2554 561; x_wconf 87' lang='lat' dir='ltr'><strong>quoniaro</strong></span> <span class='ocrx_word' id='word_1_130' title='bbox 2583 502 2632 554; x_wconf 90' lang='lat' dir='ltr'><strong>in</strong></span> <span class='ocrx_word' id='word_1_131' title='bbox 2667 511 2892 570; x_wconf 90' lang='lat' dir='ltr'><strong>utraque</strong></span> <span class='ocrx_word' id='word_1_132' title='bbox 2916 517 3013 555; x_wconf 89' lang='lat' dir='ltr'><strong>nos</strong></span> <span class='ocrx_word' id='word_1_133' title='bbox 3039 516 3240 567; x_wconf 76' lang='lat' dir='ltr'><strong>summ,</strong></span> <span class='ocrx_word' id='word_1_134' title='bbox 3275 505 3334 557; x_wconf 65' lang='lat' dir='ltr'><strong>us&quot;</strong></span> <span class='ocrx_word' id='word_1_135' title='bbox 3357 517 3588 558; x_wconf 79' lang='lat' dir='ltr'><strong>concor-</strong></span> 
     </span>
    </p>
   </div>
   <div class='ocr_carea' id='block_1_20' title="bbox 2012 585 3586 658">
    <p class='ocr_par' dir='ltr' id='par_1_20' title="bbox 2012 585 3586 658">
     <span class='ocr_line' id='line_1_20' title="bbox 2012 585 3586 658; baseline 0.006 -20"><span class='ocrx_word' id='word_1_136' title='bbox 2012 585 2142 639; x_wconf 88' lang='lat' dir='ltr'><strong>dent</strong></span> <span class='ocrx_word' id='word_1_137' title='bbox 2172 600 2386 643; x_wconf 90' lang='lat' dir='ltr'><strong>oremus</strong></span> <span class='ocrx_word' id='word_1_138' title='bbox 2421 600 2475 643; x_wconf 88' lang='lat' dir='ltr'><strong>et</strong></span> <span class='ocrx_word' id='word_1_139' title='bbox 2519 605 2756 658; x_wconf 78' lang='lat' dir='ltr'><strong>agamus.</strong></span> <span class='ocrx_word' id='word_1_140' title='bbox 2805 592 2920 645; x_wconf 85' lang='lat' dir='ltr'><strong>Non</strong></span> <span class='ocrx_word' id='word_1_141' title='bbox 2950 593 3089 646; x_wconf 90' lang='lat' dir='ltr'><strong>enim</strong></span> <span class='ocrx_word' id='word_1_142' title='bbox 3124 591 3350 647; x_wconf 83' lang='lat' dir='ltr'><strong>alterunt</strong></span> <span class='ocrx_word' id='word_1_143' title='bbox 3403 610 3586 648; x_wconf 67' lang='lat' dir='ltr'><strong>ct-rum</strong></span> 
     </span>
    </p>
   </div>
   <div class='ocr_carea' id='block_1_21' title="bbox 2014 679 3590 752">
    <p class='ocr_par' dir='ltr' id='par_1_21' title="bbox 2014 679 3590 752">
     <span class='ocr_line' id='line_1_21' title="bbox 2014 679 3590 752; baseline 0.006 -24"><span class='ocrx_word' id='word_1_144' title='bbox 2014 685 2198 743; x_wconf 90' lang='lat' dir='ltr'><strong>putare</strong></span> <span class='ocrx_word' id='word_1_145' title='bbox 2245 679 2505 733; x_wconf 87' lang='lat' dir='ltr'><strong>debemus</strong></span> <span class='ocrx_word' id='word_1_146' title='bbox 2552 681 2848 746; x_wconf 90' lang='lat' dir='ltr'><strong>inimicum,</strong></span> <span class='ocrx_word' id='word_1_147' title='bbox 2903 682 2998 735; x_wconf 89' lang='lat' dir='ltr'><strong>sed</strong></span> <span class='ocrx_word' id='word_1_148' title='bbox 3047 684 3258 748; x_wconf 88' lang='lat' dir='ltr'><strong>vitium,</strong></span> <span class='ocrx_word' id='word_1_149' title='bbox 3310 699 3414 752; x_wconf 90' lang='lat' dir='ltr'><strong>quo</strong></span> <span class='ocrx_word' id='word_1_150' title='bbox 3463 699 3590 738; x_wconf 87' lang='lat' dir='ltr'><strong>cato</strong></span> 
     </span>
    </p>
   </div>
   <div class='ocr_carea' id='block_1_22' title="bbox 2011 769 3592 840">
    <p class='ocr_par' dir='ltr' id='par_1_22' title="bbox 2011 769 3592 840">
     <span class='ocr_line' id='line_1_22' title="bbox 2011 769 3592 840; baseline 0.003 -20"><span class='ocrx_word' id='word_1_151' title='bbox 2011 769 2345 837; x_wconf 75' lang='lat' dir='ltr'><strong>concupiscit</strong></span> <span class='ocrx_word' id='word_1_152' title='bbox 2392 770 2647 825; x_wconf 90' lang='lat' dir='ltr'><strong>adversus</strong></span> <span class='ocrx_word' id='word_1_153' title='bbox 2699 771 3142 840; x_wconf 81' lang='lat' dir='ltr'><strong>spiritumzqnod</strong></span> <span class='ocrx_word' id='word_1_154' title='bbox 3195 785 3437 826; x_wconf 89' lang='lat' dir='ltr'><strong>sanatum</strong></span> <span class='ocrx_word' id='word_1_155' title='bbox 3495 787 3592 825; x_wconf 91' lang='lat' dir='ltr'><strong>nec</strong></span> 
     </span>
    </p>
   </div>
   <div class='ocr_carea' id='block_1_23' title="bbox 2011 857 3593 929">
    <p class='ocr_par' dir='ltr' id='par_1_23' title="bbox 2011 857 3593 929">
     <span class='ocr_line' id='line_1_23' title="bbox 2011 857 3593 929; baseline 0.001 -17"><span class='ocrx_word' id='word_1_156' title='bbox 2011 857 2188 927; x_wconf 87' lang='lat' dir='ltr'><strong>ipsum</strong></span> <span class='ocrx_word' id='word_1_157' title='bbox 2213 861 2335 925; x_wconf 89' lang='lat' dir='ltr'><strong>erit,</strong></span> <span class='ocrx_word' id='word_1_158' title='bbox 2370 869 2421 913; x_wconf 87' lang='lat' dir='ltr'><strong>et</strong></span> <span class='ocrx_word' id='word_1_159' title='bbox 2451 860 2750 915; x_wconf 88' lang='lat' dir='ltr'><strong>substantia</strong></span> <span class='ocrx_word' id='word_1_160' title='bbox 2775 871 2998 929; x_wconf 87' lang='lat' dir='ltr'><strong>utraque</strong></span> <span class='ocrx_word' id='word_1_161' title='bbox 3028 862 3171 914; x_wconf 89' lang='lat' dir='ltr'><strong>salva</strong></span> <span class='ocrx_word' id='word_1_162' title='bbox 3203 863 3327 926; x_wconf 91' lang='lat' dir='ltr'><strong>erit,</strong></span> <span class='ocrx_word' id='word_1_163' title='bbox 3359 869 3412 915; x_wconf 91' lang='lat' dir='ltr'><strong>et</strong></span> <span class='ocrx_word' id='word_1_164' title='bbox 3451 862 3593 915; x_wconf 90' lang='lat' dir='ltr'><strong>inter</strong></span> 
     </span>
    </p>
   </div>
   <div class='ocr_carea' id='block_1_24' title="bbox 2013 951 3589 1021">
    <p class='ocr_par' dir='ltr' id='par_1_24' title="bbox 2013 951 3589 1021">
     <span class='ocr_line' id='line_1_24' title="bbox 2013 951 3589 1021; baseline 0 -18"><span class='ocrx_word' id='word_1_165' title='bbox 2013 959 2294 1018; x_wconf 86' lang='lat' dir='ltr'><strong>utramque</strong></span> <span class='ocrx_word' id='word_1_166' title='bbox 2334 951 2475 1004; x_wconf 92' lang='lat' dir='ltr'><strong>nulla</strong></span> <span class='ocrx_word' id='word_1_167' title='bbox 2510 966 2682 1021; x_wconf 87' lang='lat' dir='ltr'><strong>pugna</strong></span> <span class='ocrx_word' id='word_1_168' title='bbox 2730 952 2852 1006; x_wconf 90' lang='lat' dir='ltr'><strong>erit.</strong></span> <span class='ocrx_word' id='word_1_169' title='bbox 2896 953 3188 1007; x_wconf 77' lang='lat' dir='ltr'><strong>Audiamus</strong></span> <span class='ocrx_word' id='word_1_170' title='bbox 3234 953 3589 1020; x_wconf 77' lang='lat' dir='ltr'><strong>Apostolum:</strong></span> 
     </span>
    </p>
   </div>
   <div class='ocr_carea' id='block_1_25' title="bbox 2013 1041 3591 1110">
    <p class='ocr_par' dir='ltr' id='par_1_25' title="bbox 2013 1041 3591 1110">
     <span class='ocr_line' id='line_1_25' title="bbox 2013 1041 3591 1110; baseline 0.001 -15"><span class='ocrx_word' id='word_1_171' title='bbox 2013 1041 2158 1106; x_wconf 87' lang='lat' dir='ltr'><strong>Scio,</strong></span> <span class='ocrx_word' id='word_1_172' title='bbox 2217 1041 2412 1110; x_wconf 89' lang='lat' dir='ltr'><strong>inquit,</strong></span> <span class='ocrx_word' id='word_1_173' title='bbox 2463 1042 2582 1110; x_wconf 87' lang='lat' dir='ltr'><strong>quia</strong></span> <span class='ocrx_word' id='word_1_174' title='bbox 2624 1057 2728 1098; x_wconf 92' lang='lat' dir='ltr'><strong>non</strong></span> <span class='ocrx_word' id='word_1_175' title='bbox 2779 1044 2980 1098; x_wconf 88' lang='lat' dir='ltr'><strong>habitat</strong></span> <span class='ocrx_word' id='word_1_176' title='bbox 3020 1043 3072 1096; x_wconf 88' lang='lat' dir='ltr'><strong>in</strong></span> <span class='ocrx_word' id='word_1_177' title='bbox 3117 1058 3222 1108; x_wconf 91' lang='lat' dir='ltr'><strong>me,</strong></span> <span class='ocrx_word' id='word_1_178' title='bbox 3254 1043 3354 1097; x_wconf 84' lang='lat' dir='ltr'><strong>hoc</strong></span> <span class='ocrx_word' id='word_1_179' title='bbox 3399 1053 3495 1106; x_wconf 90' lang='lat' dir='ltr'><strong>est,</strong></span> <span class='ocrx_word' id='word_1_180' title='bbox 3536 1043 3591 1097; x_wconf 89' lang='lat' dir='ltr'><strong>in</strong></span> 
     </span>
    </p>
   </div>
   <div class='ocr_carea' id='block_1_26' title="bbox 2017 1135 3596 1204">
    <p class='ocr_par' dir='ltr' id='par_1_26' title="bbox 2017 1135 3596 1204">
     <span class='ocr_line' id='line_1_26' title="bbox 2017 1135 3596 1204; baseline 0.003 -18"><span class='ocrx_word' id='word_1_181' title='bbox 2017 1145 2180 1186; x_wconf 91' lang='lat' dir='ltr'><strong>carne</strong></span> <span class='ocrx_word' id='word_1_182' title='bbox 2213 1149 2331 1187; x_wconf 89' lang='lat' dir='ltr'><strong>mea</strong></span> <span class='ocrx_word' id='word_1_183' title='bbox 2364 1135 2582 1189; x_wconf 89' lang='lat' dir='ltr'><strong>bonum.</strong></span> <span class='ocrx_word' id='word_1_184' title='bbox 2615 1135 2728 1189; x_wconf 83' lang='lat' dir='ltr'><strong>Hoc</strong></span> <span class='ocrx_word' id='word_1_185' title='bbox 2757 1137 2940 1204; x_wconf 82' lang='lat' dir='ltr'><strong>utique</strong></span> <span class='ocrx_word' id='word_1_186' title='bbox 2974 1137 3066 1200; x_wconf 87' lang='lat' dir='ltr'><strong>ait,</strong></span> <span class='ocrx_word' id='word_1_187' title='bbox 3115 1138 3235 1204; x_wconf 81' lang='lat' dir='ltr'><strong>quia</strong></span> <span class='ocrx_word' id='word_1_188' title='bbox 3265 1136 3444 1191; x_wconf 84' lang='lat' dir='ltr'><strong>vitium</strong></span> <span class='ocrx_word' id='word_1_189' title='bbox 3477 1154 3596 1191; x_wconf 86' lang='lat' dir='ltr'><strong>car-</strong></span> 
     </span>
    </p>
   </div>
   <div class='ocr_carea' id='block_1_27' title="bbox 2015 1224 3595 1294">
    <p class='ocr_par' dir='ltr' id='par_1_27' title="bbox 2015 1224 3595 1294">
     <span class='ocr_line' id='line_1_27' title="bbox 2015 1224 3595 1294; baseline 0.003 -18"><span class='ocrx_word' id='word_1_190' title='bbox 2015 1224 2098 1276; x_wconf 91' lang='lat' dir='ltr'><strong>nis</strong></span> <span class='ocrx_word' id='word_1_191' title='bbox 2127 1224 2178 1276; x_wconf 92' lang='lat' dir='ltr'><strong>in</strong></span> <span class='ocrx_word' id='word_1_192' title='bbox 2205 1239 2262 1278; x_wconf 87' lang='lat' dir='ltr'><strong>re</strong></span> <span class='ocrx_word' id='word_1_193' title='bbox 2295 1225 2431 1279; x_wconf 88' lang='lat' dir='ltr'><strong>bona</strong></span> <span class='ocrx_word' id='word_1_194' title='bbox 2457 1242 2562 1279; x_wconf 92' lang='lat' dir='ltr'><strong>non</strong></span> <span class='ocrx_word' id='word_1_195' title='bbox 2590 1235 2672 1281; x_wconf 90' lang='lat' dir='ltr'><strong>est</strong></span> <span class='ocrx_word' id='word_1_196' title='bbox 2701 1228 2898 1281; x_wconf 91' lang='lat' dir='ltr'><strong>bonum</strong></span> <span class='ocrx_word' id='word_1_197' title='bbox 2928 1243 2942 1277; x_wconf 90' lang='lat'><strong>:</strong></span> <span class='ocrx_word' id='word_1_198' title='bbox 2967 1227 3107 1294; x_wconf 90' lang='lat' dir='ltr'><strong>quod</strong></span> <span class='ocrx_word' id='word_1_199' title='bbox 3136 1239 3257 1278; x_wconf 83' lang='lat' dir='ltr'><strong>cum</strong></span> <span class='ocrx_word' id='word_1_200' title='bbox 3284 1240 3403 1280; x_wconf 88' lang='lat' dir='ltr'><strong>esse</strong></span> <span class='ocrx_word' id='word_1_201' title='bbox 3430 1227 3595 1280; x_wconf 75' lang='lat' dir='ltr'><strong>desti-</strong></span> 
     </span>
    </p>
   </div>
   <div class='ocr_carea' id='block_1_28' title="bbox 2019 1317 3593 1388">
    <p class='ocr_par' dir='ltr' id='par_1_28' title="bbox 2019 1317 3593 1388">
     <span class='ocr_line' id='line_1_28' title="bbox 2019 1317 3593 1388; baseline -0.001 -19"><span class='ocrx_word' id='word_1_202' title='bbox 2019 1318 2163 1380; x_wconf 88' lang='lat' dir='ltr'><strong>terit,</strong></span> <span class='ocrx_word' id='word_1_203' title='bbox 2197 1331 2322 1370; x_wconf 87' lang='lat' dir='ltr'><strong>caro</strong></span> <span class='ocrx_word' id='word_1_204' title='bbox 2352 1319 2474 1381; x_wconf 89' lang='lat' dir='ltr'><strong>erit,</strong></span> <span class='ocrx_word' id='word_1_205' title='bbox 2501 1319 2594 1373; x_wconf 90' lang='lat' dir='ltr'><strong>sed</strong></span> <span class='ocrx_word' id='word_1_206' title='bbox 2620 1318 2729 1388; x_wconf 89' lang='lat' dir='ltr'><strong>iam</strong></span> <span class='ocrx_word' id='word_1_207' title='bbox 2756 1320 2954 1382; x_wconf 85' lang='lat' dir='ltr'><strong>vitiata,</strong></span> <span class='ocrx_word' id='word_1_208' title='bbox 2980 1319 3058 1372; x_wconf 85' lang='lat' dir='ltr'><strong>vel</strong></span> <span class='ocrx_word' id='word_1_209' title='bbox 3086 1317 3296 1383; x_wconf 82' lang='lat' dir='ltr'><strong>vitiosa,</strong></span> <span class='ocrx_word' id='word_1_210' title='bbox 3327 1332 3430 1370; x_wconf 91' lang='lat' dir='ltr'><strong>non</strong></span> <span class='ocrx_word' id='word_1_211' title='bbox 3460 1317 3593 1382; x_wconf 83' lang='lat' dir='ltr'><strong>erit;</strong></span> 
     </span>
    </p>
   </div>
   <div class='ocr_carea' id='block_1_29' title="bbox 2015 1407 3597 1477">
    <p class='ocr_par' dir='ltr' id='par_1_29' title="bbox 2015 1407 3597 1477">
     <span class='ocr_line' id='line_1_29' title="bbox 2015 1407 3597 1477; baseline -0.001 -17"><span class='ocrx_word' id='word_1_212' title='bbox 2015 1423 2170 1477; x_wconf 89' lang='lat' dir='ltr'><strong>quam</strong></span> <span class='ocrx_word' id='word_1_213' title='bbox 2197 1417 2373 1463; x_wconf 90' lang='lat' dir='ltr'><strong>tamen</strong></span> <span class='ocrx_word' id='word_1_214' title='bbox 2404 1409 2468 1462; x_wconf 90' lang='lat' dir='ltr'><strong>ad</strong></span> <span class='ocrx_word' id='word_1_215' title='bbox 2493 1422 2728 1463; x_wconf 90' lang='lat' dir='ltr'><strong>nostram</strong></span> <span class='ocrx_word' id='word_1_216' title='bbox 2755 1411 3020 1477; x_wconf 84' lang='lat' dir='ltr'><strong>pertinere</strong></span> <span class='ocrx_word' id='word_1_217' title='bbox 3052 1418 3300 1461; x_wconf 86' lang='lat' dir='ltr'><strong>naturam</strong></span> <span class='ocrx_word' id='word_1_218' title='bbox 3333 1407 3474 1460; x_wconf 92' lang='lat' dir='ltr'><strong>idem</strong></span> <span class='ocrx_word' id='word_1_219' title='bbox 3501 1407 3597 1458; x_wconf 82' lang='lat' dir='ltr'><strong>do-</strong></span> 
     </span>
    </p>
   </div>
   <div class='ocr_carea' id='block_1_30' title="bbox 2012 1496 3596 1568">
    <p class='ocr_par' dir='ltr' id='par_1_30' title="bbox 2012 1496 3596 1568">
     <span class='ocr_line' id='line_1_30' title="bbox 2012 1496 3596 1568; baseline -0.003 -15"><span class='ocrx_word' id='word_1_220' title='bbox 2012 1509 2133 1553; x_wconf 89' lang='lat' dir='ltr'><strong>ctor</strong></span> <span class='ocrx_word' id='word_1_221' title='bbox 2155 1500 2388 1554; x_wconf 88' lang='lat' dir='ltr'><strong>ostendit</strong></span> <span class='ocrx_word' id='word_1_222' title='bbox 2433 1501 2600 1568; x_wconf 91' lang='lat' dir='ltr'><strong>prius,</strong></span> <span class='ocrx_word' id='word_1_223' title='bbox 2649 1499 2917 1554; x_wconf 79' lang='lat' dir='ltr'><strong>dicendo:</strong></span> <span class='ocrx_word' id='word_1_224' title='bbox 2945 1500 3062 1552; x_wconf 83' lang='lat' dir='ltr'><strong>scio</strong></span> <span class='ocrx_word' id='word_1_225' title='bbox 3082 1500 3206 1567; x_wconf 87' lang='lat' dir='ltr'><strong>quia</strong></span> <span class='ocrx_word' id='word_1_226' title='bbox 3255 1513 3359 1550; x_wconf 90' lang='lat' dir='ltr'><strong>non</strong></span> <span class='ocrx_word' id='word_1_227' title='bbox 3390 1496 3596 1549; x_wconf 87' lang='lat' dir='ltr'><strong>habitat</strong></span> 
     </span>
    </p>
   </div>
   <div class='ocr_carea' id='block_1_31' title="bbox 2017 1586 3595 1658">
    <p class='ocr_par' dir='ltr' id='par_1_31' title="bbox 2017 1586 3595 1658">
     <span class='ocr_line' id='line_1_31' title="bbox 2017 1586 3595 1658; baseline -0.004 -14"><span class='ocrx_word' id='word_1_228' title='bbox 2017 1591 2070 1644; x_wconf 88' lang='lat' dir='ltr'><strong>in</strong></span> <span class='ocrx_word' id='word_1_229' title='bbox 2097 1605 2202 1654; x_wconf 89' lang='lat' dir='ltr'><strong>me,</strong></span> <span class='ocrx_word' id='word_1_230' title='bbox 2236 1590 2376 1658; x_wconf 90' lang='lat' dir='ltr'><strong>quod</strong></span> <span class='ocrx_word' id='word_1_231' title='bbox 2406 1599 2463 1644; x_wconf 92' lang='lat' dir='ltr'><strong>ut</strong></span> <span class='ocrx_word' id='word_1_232' title='bbox 2491 1597 2784 1658; x_wconf 81' lang='lat' dir='ltr'><strong>exponeret</strong></span> <span class='ocrx_word' id='word_1_233' title='bbox 2811 1588 3037 1654; x_wconf 82' lang='lat' dir='ltr'><strong>addidit,</strong></span> <span class='ocrx_word' id='word_1_234' title='bbox 3079 1588 3183 1641; x_wconf 89' lang='lat' dir='ltr'><strong>hoc</strong></span> <span class='ocrx_word' id='word_1_235' title='bbox 3218 1595 3319 1649; x_wconf 70' lang='lat' dir='ltr'><strong>est,</strong></span> <span class='ocrx_word' id='word_1_236' title='bbox 3353 1586 3404 1638; x_wconf 90' lang='lat' dir='ltr'><strong>in</strong></span> <span class='ocrx_word' id='word_1_237' title='bbox 3433 1599 3595 1638; x_wconf 88' lang='lat' dir='ltr'><strong>carne</strong></span> 
     </span>
    </p>
   </div>
   <div class='ocr_carea' id='block_1_32' title="bbox 2016 1680 3593 1747">
    <p class='ocr_par' dir='ltr' id='par_1_32' title="bbox 2016 1680 3593 1747">
     <span class='ocr_line' id='line_1_32' title="bbox 2016 1680 3593 1747; baseline -0.003 -13"><span class='ocrx_word' id='word_1_238' title='bbox 2016 1696 2133 1734; x_wconf 88' lang='lat' dir='ltr'><strong>mea</strong></span> <span class='ocrx_word' id='word_1_239' title='bbox 2161 1681 2356 1734; x_wconf 89' lang='lat' dir='ltr'><strong>bonum</strong></span> <span class='ocrx_word' id='word_1_240' title='bbox 2393 1698 2404 1732; x_wconf 92' lang='lat'>:</span> <span class='ocrx_word' id='word_1_241' title='bbox 2429 1696 2488 1735; x_wconf 90' lang='lat' dir='ltr'><strong>se</strong></span> <span class='ocrx_word' id='word_1_242' title='bbox 2520 1681 2695 1747; x_wconf 78' lang='lat' dir='ltr'><strong>itaque</strong></span> <span class='ocrx_word' id='word_1_243' title='bbox 2723 1680 2854 1734; x_wconf 86' lang='lat' dir='ltr'><strong>dicit</strong></span> <span class='ocrx_word' id='word_1_244' title='bbox 2883 1694 3000 1734; x_wconf 88' lang='lat' dir='ltr'><strong>esse</strong></span> <span class='ocrx_word' id='word_1_245' title='bbox 3027 1693 3242 1732; x_wconf 89' lang='lat' dir='ltr'><strong>carnem</strong></span> <span class='ocrx_word' id='word_1_246' title='bbox 3274 1692 3448 1742; x_wconf 89' lang='lat' dir='ltr'><strong>suam,</strong></span> <span class='ocrx_word' id='word_1_247' title='bbox 3489 1693 3593 1731; x_wconf 94' lang='lat' dir='ltr'><strong>non</strong></span> 
     </span>
    </p>
   </div>
   <div class='ocr_carea' id='block_1_33' title="bbox 323 1764 3596 1838">
    <p class='ocr_par' dir='ltr' id='par_1_33' title="bbox 323 1764 3596 1838">
     <span class='ocr_line' id='line_1_33' title="bbox 323 1764 3596 1838; baseline -0.001 -15"><span class='ocrx_word' id='word_1_248' title='bbox 323 1777 494 1828; x_wconf 79' lang='lat' dir='ltr'><strong>etiam</strong></span> <span class='ocrx_word' id='word_1_249' title='bbox 540 1771 867 1827; x_wconf 81' lang='lat' dir='ltr'><strong>condemnat</strong></span> <span class='ocrx_word' id='word_1_250' title='bbox 904 1783 1019 1832; x_wconf 83' lang='lat' dir='ltr'><strong>eos,</strong></span> <span class='ocrx_word' id='word_1_251' title='bbox 1067 1780 1201 1835; x_wconf 89' lang='lat' dir='ltr'><strong>quos</strong></span> <span class='ocrx_word' id='word_1_252' title='bbox 1231 1766 1574 1821; x_wconf 87' lang='lat' dir='ltr'><strong>damnatione</strong></span> <span class='ocrx_word' id='word_1_253' title='bbox 1603 1765 1802 1832; x_wconf 81' lang='lat' dir='ltr'><strong>iudicat</strong></span> <span class='ocrx_word' id='word_1_254' title='bbox 1833 1764 1911 1817; x_wconf 87' lang='lat' dir='ltr'><strong>di-</strong></span> <span class='ocrx_word' id='word_1_255' title='bbox 1944 1768 1994 1826; x_wconf 88' lang='lat' dir='ltr'><strong>B</strong></span> <span class='ocrx_word' id='word_1_256' title='bbox 2017 1785 2144 1838; x_wconf 83' lang='lat' dir='ltr'><strong>ergo</strong></span> <span class='ocrx_word' id='word_1_257' title='bbox 2173 1771 2284 1838; x_wconf 87' lang='lat' dir='ltr'><strong>ipsa</strong></span> <span class='ocrx_word' id='word_1_258' title='bbox 2325 1778 2406 1824; x_wconf 82' lang='lat' dir='ltr'><strong>est</strong></span> <span class='ocrx_word' id='word_1_259' title='bbox 2449 1770 2664 1824; x_wconf 81' lang='lat' dir='ltr'><strong>inimica</strong></span> <span class='ocrx_word' id='word_1_260' title='bbox 2715 1779 2915 1834; x_wconf 87' lang='lat' dir='ltr'><strong>nostra,</strong></span> <span class='ocrx_word' id='word_1_261' title='bbox 2969 1777 3020 1822; x_wconf 93' lang='lat' dir='ltr'><strong>et</strong></span> <span class='ocrx_word' id='word_1_262' title='bbox 3052 1769 3265 1837; x_wconf 80' lang='lat' dir='ltr'><strong>quando</strong></span> <span class='ocrx_word' id='word_1_263' title='bbox 3307 1767 3422 1836; x_wconf 84' lang='lat' dir='ltr'><strong>eius</strong></span> <span class='ocrx_word' id='word_1_264' title='bbox 3457 1767 3596 1820; x_wconf 78' lang='lat' dir='ltr'><strong>vitiis</strong></span> 
     </span>
    </p>
   </div>
   <div class='ocr_carea' id='block_1_34' title="bbox 318 1857 1908 1936">
    <p class='ocr_par' dir='ltr' id='par_1_34' title="bbox 318 1857 1908 1936">
     <span class='ocr_line' id='line_1_34' title="bbox 318 1857 1908 1936; baseline -0.004 -18"><span class='ocrx_word' id='word_1_265' title='bbox 318 1882 464 1936; x_wconf 80' lang='lat' dir='ltr'><strong>gnos</strong></span> <span class='ocrx_word' id='word_1_266' title='bbox 495 1870 609 1936; x_wconf 89' lang='lat' dir='ltr'><strong>(sua</strong></span> <span class='ocrx_word' id='word_1_267' title='bbox 632 1866 756 1919; x_wconf 88' lang='lat' dir='ltr'><strong>licet</strong></span> <span class='ocrx_word' id='word_1_268' title='bbox 781 1864 856 1916; x_wconf 89' lang='lat' dir='ltr'><strong>illi</strong></span> <span class='ocrx_word' id='word_1_269' title='bbox 884 1862 1020 1916; x_wconf 90' lang='lat' dir='ltr'><strong>mala</strong></span> <span class='ocrx_word' id='word_1_270' title='bbox 1049 1862 1320 1930; x_wconf 91' lang='lat' dir='ltr'><strong>patiuntur</strong></span> <span class='ocrx_word' id='word_1_271' title='bbox 1342 1857 1649 1931; x_wconf 88' lang='lat' dir='ltr'><strong>[patiantur]</strong></span> <span class='ocrx_word' id='word_1_272' title='bbox 1669 1859 1708 1930; x_wconf 94' lang='lat'><strong>),</strong></span> <span class='ocrx_word' id='word_1_273' title='bbox 1734 1868 1908 1912; x_wconf 87' lang='lat' dir='ltr'><strong>tamen</strong></span> 
     </span>
    </p>
   </div>
   <div class='ocr_carea' id='block_1_35' title="bbox 323 1948 1910 2023">
    <p class='ocr_par' dir='ltr' id='par_1_35' title="bbox 323 1948 1910 2023">
     <span class='ocr_line' id='line_1_35' title="bbox 323 1948 1910 2023; baseline -0.006 -15"><span class='ocrx_word' id='word_1_274' title='bbox 323 1957 457 2010; x_wconf 82' lang='lat' dir='ltr'><strong>facit</strong></span> <span class='ocrx_word' id='word_1_275' title='bbox 486 1955 574 2008; x_wconf 91' lang='lat' dir='ltr'><strong>ille</strong></span> <span class='ocrx_word' id='word_1_276' title='bbox 606 1954 744 2023; x_wconf 80' lang='lat' dir='ltr'><strong>quod</strong></span> <span class='ocrx_word' id='word_1_277' title='bbox 792 1953 991 2006; x_wconf 80' lang='lat' dir='ltr'><strong>bonum</strong></span> <span class='ocrx_word' id='word_1_278' title='bbox 1021 1959 1124 2006; x_wconf 83' lang='lat' dir='ltr'><strong>est.</strong></span> <span class='ocrx_word' id='word_1_279' title='bbox 1161 1948 1273 2004; x_wconf 81' lang='lat' dir='ltr'><strong>Non</strong></span> <span class='ocrx_word' id='word_1_280' title='bbox 1306 1958 1484 2018; x_wconf 87' lang='lat' dir='ltr'><strong>potest</strong></span> <span class='ocrx_word' id='word_1_281' title='bbox 1531 1950 1673 2004; x_wconf 86' lang='lat' dir='ltr'><strong>enim</strong></span> <span class='ocrx_word' id='word_1_282' title='bbox 1714 1948 1910 2002; x_wconf 88' lang='lat' dir='ltr'><strong>bonum</strong></span> 
     </span>
    </p>
   </div>
   <div class='ocr_carea' id='block_1_36' title="bbox 323 2038 1913 2112">
    <p class='ocr_par' dir='ltr' id='par_1_36' title="bbox 323 2038 1913 2112">
     <span class='ocr_line' id='line_1_36' title="bbox 323 2038 1913 2112; baseline -0.006 -13"><span class='ocrx_word' id='word_1_283' title='bbox 323 2062 441 2099; x_wconf 88' lang='lat' dir='ltr'><strong>non</strong></span> <span class='ocrx_word' id='word_1_284' title='bbox 473 2059 615 2110; x_wconf 88' lang='lat' dir='ltr'><strong>esse,</strong></span> <span class='ocrx_word' id='word_1_285' title='bbox 646 2045 784 2112; x_wconf 89' lang='lat' dir='ltr'><strong>quod</strong></span> <span class='ocrx_word' id='word_1_286' title='bbox 817 2041 1018 2110; x_wconf 90' lang='lat' dir='ltr'><strong>iustum</strong></span> <span class='ocrx_word' id='word_1_287' title='bbox 1048 2048 1149 2094; x_wconf 71' lang='lat' dir='ltr'><strong>est.</strong></span> <span class='ocrx_word' id='word_1_288' title='bbox 1185 2040 1252 2093; x_wconf 83' lang='lat' dir='ltr'><strong>Et</strong></span> <span class='ocrx_word' id='word_1_289' title='bbox 1276 2040 1457 2109; x_wconf 84' lang='lat' dir='ltr'><strong>utique</strong></span> <span class='ocrx_word' id='word_1_290' title='bbox 1495 2039 1632 2093; x_wconf 89' lang='lat' dir='ltr'><strong>sicut</strong></span> <span class='ocrx_word' id='word_1_291' title='bbox 1657 2038 1913 2107; x_wconf 89' lang='lat' dir='ltr'><strong>iniustum</strong></span> 
     </span>
    </p>
   </div>
   <div class='ocr_carea' id='block_1_37' title="bbox 325 2129 1912 2206">
    <p class='ocr_par' dir='ltr' id='par_1_37' title="bbox 325 2129 1912 2206">
     <span class='ocr_line' id='line_1_37' title="bbox 325 2129 1912 2206; baseline -0.009 -13"><span class='ocrx_word' id='word_1_292' title='bbox 325 2148 420 2193; x_wconf 66' lang='lat' dir='ltr'><strong>est</strong></span> <span class='ocrx_word' id='word_1_293' title='bbox 465 2147 758 2206; x_wconf 87' lang='lat' dir='ltr'><strong>peceatum,</strong></span> <span class='ocrx_word' id='word_1_294' title='bbox 810 2134 881 2186; x_wconf 90' lang='lat' dir='ltr'><strong>ita</strong></span> <span class='ocrx_word' id='word_1_295' title='bbox 925 2133 1135 2194; x_wconf 84' lang='lat' dir='ltr'><strong>justum</strong></span> <span class='ocrx_word' id='word_1_296' title='bbox 1181 2139 1266 2186; x_wconf 85' lang='lat' dir='ltr'><strong>est</strong></span> <span class='ocrx_word' id='word_1_297' title='bbox 1317 2130 1519 2199; x_wconf 87' lang='lat' dir='ltr'><strong>peccati</strong></span> <span class='ocrx_word' id='word_1_298' title='bbox 1567 2129 1912 2198; x_wconf 82' lang='lat' dir='ltr'><strong>supplicium.</strong></span> 
     </span>
    </p>
   </div>
   <div class='ocr_carea' id='block_1_38' title="bbox 325 2219 1914 2291">
    <p class='ocr_par' dir='ltr' id='par_1_38' title="bbox 325 2219 1914 2291">
     <span class='ocr_line' id='line_1_38' title="bbox 325 2219 1914 2291; baseline -0.008 -9"><span class='ocrx_word' id='word_1_299' title='bbox 325 2229 449 2282; x_wconf 70' lang='lat' dir='ltr'><strong>Non</strong></span> <span class='ocrx_word' id='word_1_300' title='bbox 492 2238 671 2279; x_wconf 86' lang='lat' dir='ltr'><strong>autem</strong></span> <span class='ocrx_word' id='word_1_301' title='bbox 702 2233 937 2291; x_wconf 89' lang='lat' dir='ltr'><strong>potestas</strong></span> <span class='ocrx_word' id='word_1_302' title='bbox 976 2223 1084 2276; x_wconf 86' lang='lat' dir='ltr'><strong>Deo</strong></span> <span class='ocrx_word' id='word_1_303' title='bbox 1126 2220 1297 2276; x_wconf 78' lang='lat' dir='ltr'><strong>defuit</strong></span> <span class='ocrx_word' id='word_1_304' title='bbox 1343 2222 1503 2276; x_wconf 84' lang='lat' dir='ltr'><strong>talem</strong></span> <span class='ocrx_word' id='word_1_305' title='bbox 1536 2219 1712 2276; x_wconf 75' lang='lat' dir='ltr'><strong>facere</strong></span> <span class='ocrx_word' id='word_1_306' title='bbox 1745 2221 1914 2272; x_wconf 84' lang='lat' dir='ltr'><strong>homi-</strong></span> 
     </span>
    </p>
   </div>
   <div class='ocr_carea' id='block_1_39' title="bbox 327 2312 1915 2386">
    <p class='ocr_par' dir='ltr' id='par_1_39' title="bbox 327 2312 1915 2386">
     <span class='ocr_line' id='line_1_39' title="bbox 327 2312 1915 2386; baseline -0.006 -15"><span class='ocrx_word' id='word_1_307' title='bbox 327 2334 484 2382; x_wconf 85' lang='lat' dir='ltr'><strong>nem,</strong></span> <span class='ocrx_word' id='word_1_308' title='bbox 517 2318 608 2386; x_wconf 88' lang='lat' dir='ltr'><strong>qui</strong></span> <span class='ocrx_word' id='word_1_309' title='bbox 637 2330 858 2384; x_wconf 86' lang='lat' dir='ltr'><strong>peccare</strong></span> <span class='ocrx_word' id='word_1_310' title='bbox 890 2328 995 2366; x_wconf 89' lang='lat' dir='ltr'><strong>non</strong></span> <span class='ocrx_word' id='word_1_311' title='bbox 1025 2322 1236 2382; x_wconf 80' lang='lat' dir='ltr'><strong>posset,</strong></span> <span class='ocrx_word' id='word_1_312' title='bbox 1263 2312 1356 2367; x_wconf 81' lang='lat' dir='ltr'><strong>sed</strong></span> <span class='ocrx_word' id='word_1_313' title='bbox 1389 2314 1437 2382; x_wconf 84' lang='lat'><strong><em>7</em></strong></span> <span class='ocrx_word' id='word_1_314' title='bbox 1463 2312 1652 2366; x_wconf 91' lang='lat' dir='ltr'><strong>maluit</strong></span> <span class='ocrx_word' id='word_1_315' title='bbox 1675 2327 1798 2366; x_wconf 90' lang='lat' dir='ltr'><strong>eum</strong></span> <span class='ocrx_word' id='word_1_316' title='bbox 1841 2323 1915 2362; x_wconf 84' lang='lat' dir='ltr'><strong>ta-</strong></span> 
     </span>
    </p>
   </div>
   <div class='ocr_carea' id='block_1_40' title="bbox 330 2403 1916 2474">
    <p class='ocr_par' dir='ltr' id='par_1_40' title="bbox 330 2403 1916 2474">
     <span class='ocr_line' id='line_1_40' title="bbox 330 2403 1916 2474; baseline -0.004 -12"><span class='ocrx_word' id='word_1_317' title='bbox 330 2411 444 2463; x_wconf 89' lang='lat' dir='ltr'><strong>lem</strong></span> <span class='ocrx_word' id='word_1_318' title='bbox 478 2408 672 2472; x_wconf 81' lang='lat' dir='ltr'><strong>facere,</strong></span> <span class='ocrx_word' id='word_1_319' title='bbox 704 2407 787 2460; x_wconf 89' lang='lat' dir='ltr'><strong>cui</strong></span> <span class='ocrx_word' id='word_1_320' title='bbox 813 2405 1085 2474; x_wconf 64' lang='lat' dir='ltr'><strong>adiiceret</strong></span> <span class='ocrx_word' id='word_1_321' title='bbox 1114 2419 1341 2474; x_wconf 89' lang='lat' dir='ltr'><strong>peccare</strong></span> <span class='ocrx_word' id='word_1_322' title='bbox 1367 2405 1410 2458; x_wconf 89' lang='lat' dir='ltr'><strong>si</strong></span> <span class='ocrx_word' id='word_1_323' title='bbox 1444 2403 1625 2465; x_wconf 86' lang='lat' dir='ltr'><strong>vellet,</strong></span> <span class='ocrx_word' id='word_1_324' title='bbox 1658 2418 1765 2457; x_wconf 90' lang='lat' dir='ltr'><strong>non</strong></span> <span class='ocrx_word' id='word_1_325' title='bbox 1794 2417 1916 2471; x_wconf 88' lang='lat' dir='ltr'><strong>pec-</strong></span> 
     </span>
    </p>
   </div>
   <div class='ocr_carea' id='block_1_41' title="bbox 329 2494 1915 2570">
    <p class='ocr_par' dir='ltr' id='par_1_41' title="bbox 329 2494 1915 2570">
     <span class='ocr_line' id='line_1_41' title="bbox 329 2494 1915 2570; baseline -0.005 -16"><span class='ocrx_word' id='word_1_326' title='bbox 329 2517 466 2554; x_wconf 82' lang='lat' dir='ltr'><strong>care</strong></span> <span class='ocrx_word' id='word_1_327' title='bbox 494 2499 538 2552; x_wconf 90' lang='lat' dir='ltr'><strong>si</strong></span> <span class='ocrx_word' id='word_1_328' title='bbox 565 2498 730 2552; x_wconf 83' lang='lat' dir='ltr'><strong>nollet</strong></span> <span class='ocrx_word' id='word_1_329' title='bbox 757 2515 767 2550; x_wconf 95' lang='lat'>:</span> <span class='ocrx_word' id='word_1_330' title='bbox 795 2497 920 2570; x_wconf 43' lang='lat' dir='ltr'><strong>hoc.</strong></span> <span class='ocrx_word' id='word_1_331' title='bbox 951 2495 1262 2562; x_wconf 87' lang='lat' dir='ltr'><strong>prohibens,</strong></span> <span class='ocrx_word' id='word_1_332' title='bbox 1311 2495 1436 2548; x_wconf 93' lang='lat' dir='ltr'><strong>illud</strong></span> <span class='ocrx_word' id='word_1_333' title='bbox 1486 2494 1830 2561; x_wconf 74' lang='lat' dir='ltr'><strong>prtccipiens,</strong></span> <span class='ocrx_word' id='word_1_334' title='bbox 1861 2502 1915 2546; x_wconf 93' lang='lat' dir='ltr'><strong>ut</strong></span> 
     </span>
    </p>
   </div>
   <div class='ocr_carea' id='block_1_42' title="bbox 331 2586 1920 2659">
    <p class='ocr_par' dir='ltr' id='par_1_42' title="bbox 331 2586 1920 2659">
     <span class='ocr_line' id='line_1_42' title="bbox 331 2586 1920 2659; baseline -0.004 -16"><span class='ocrx_word' id='word_1_335' title='bbox 331 2593 489 2659; x_wconf 73' lang='lat' dir='ltr'><strong>prius</strong></span> <span class='ocrx_word' id='word_1_336' title='bbox 537 2591 645 2643; x_wconf 89' lang='lat' dir='ltr'><strong>illic</strong></span> <span class='ocrx_word' id='word_1_337' title='bbox 675 2588 840 2659; x_wconf 92' lang='lat' dir='ltr'><strong>[esset</strong></span> <span class='ocrx_word' id='word_1_338' title='bbox 884 2586 982 2658; x_wconf 91' lang='lat' dir='ltr'><strong>illi]</strong></span> <span class='ocrx_word' id='word_1_339' title='bbox 1007 2595 1062 2640; x_wconf 81' lang='lat' dir='ltr'><strong>et</strong></span> <span class='ocrx_word' id='word_1_340' title='bbox 1109 2587 1305 2640; x_wconf 90' lang='lat' dir='ltr'><strong>bonum</strong></span> <span class='ocrx_word' id='word_1_341' title='bbox 1352 2586 1602 2640; x_wconf 88' lang='lat' dir='ltr'><strong>meritum</strong></span> <span class='ocrx_word' id='word_1_342' title='bbox 1647 2601 1752 2638; x_wconf 90' lang='lat' dir='ltr'><strong>non</strong></span> <span class='ocrx_word' id='word_1_343' title='bbox 1798 2598 1920 2652; x_wconf 84' lang='lat' dir='ltr'><strong>pec-</strong></span> 
     </span>
    </p>
   </div>
   <div class='ocr_carea' id='block_1_43' title="bbox 331 2677 1916 2746">
    <p class='ocr_par' dir='ltr' id='par_1_43' title="bbox 331 2677 1916 2746">
     <span class='ocr_line' id='line_1_43' title="bbox 331 2677 1916 2746; baseline -0.003 -14"><span class='ocrx_word' id='word_1_344' title='bbox 331 2695 488 2743; x_wconf 84' lang='lat' dir='ltr'><strong>care,</strong></span> <span class='ocrx_word' id='word_1_345' title='bbox 517 2687 568 2732; x_wconf 90' lang='lat' dir='ltr'><strong>ct</strong></span> <span class='ocrx_word' id='word_1_346' title='bbox 608 2687 791 2746; x_wconf 88' lang='lat' dir='ltr'><strong>postea</strong></span> <span class='ocrx_word' id='word_1_347' title='bbox 820 2677 1019 2745; x_wconf 90' lang='lat' dir='ltr'><strong>iustum</strong></span> <span class='ocrx_word' id='word_1_348' title='bbox 1054 2677 1338 2745; x_wconf 71' lang='lat' dir='ltr'><strong>prmmium-</strong></span> <span class='ocrx_word' id='word_1_349' title='bbox 1364 2691 1468 2730; x_wconf 92' lang='lat' dir='ltr'><strong>non</strong></span> <span class='ocrx_word' id='word_1_350' title='bbox 1495 2689 1649 2743; x_wconf 89' lang='lat' dir='ltr'><strong>posse</strong></span> <span class='ocrx_word' id='word_1_351' title='bbox 1673 2689 1916 2744; x_wconf 84' lang='lat' dir='ltr'><strong>peccare.</strong></span> 
     </span>
    </p>
   </div>
   <div class='ocr_carea' id='block_1_44' title="bbox 333 2767 1916 2831">
    <p class='ocr_par' dir='ltr' id='par_1_44' title="bbox 333 2767 1916 2831">
     <span class='ocr_line' id='line_1_44' title="bbox 333 2767 1916 2831; baseline -0.005 -5"><span class='ocrx_word' id='word_1_352' title='bbox 333 2771 474 2826; x_wconf 75' lang='lat' dir='ltr'><strong>Nam</strong></span> <span class='ocrx_word' id='word_1_353' title='bbox 505 2769 662 2824; x_wconf 87' lang='lat' dir='ltr'><strong>etiam</strong></span> <span class='ocrx_word' id='word_1_354' title='bbox 707 2769 845 2822; x_wconf 87' lang='lat' dir='ltr'><strong>tales</strong></span> <span class='ocrx_word' id='word_1_355' title='bbox 890 2779 1107 2822; x_wconf 88' lang='lat' dir='ltr'><strong>sanctos</strong></span> <span class='ocrx_word' id='word_1_356' title='bbox 1137 2782 1262 2822; x_wconf 89' lang='lat' dir='ltr'><strong>suos</strong></span> <span class='ocrx_word' id='word_1_357' title='bbox 1309 2769 1359 2822; x_wconf 92' lang='lat' dir='ltr'><strong>in</strong></span> <span class='ocrx_word' id='word_1_358' title='bbox 1414 2767 1520 2822; x_wconf 89' lang='lat' dir='ltr'><strong>ﬁne</strong></span> <span class='ocrx_word' id='word_1_359' title='bbox 1550 2767 1785 2821; x_wconf 81' lang='lat' dir='ltr'><strong>facturus</strong></span> <span class='ocrx_word' id='word_1_360' title='bbox 1815 2775 1916 2831; x_wconf 91' lang='lat' dir='ltr'><strong>est,</strong></span> 
     </span>
    </p>
   </div>
   <div class='ocr_carea' id='block_1_45' title="bbox 331 2858 1923 2930">
    <p class='ocr_par' dir='ltr' id='par_1_45' title="bbox 331 2858 1923 2930">
     <span class='ocr_line' id='line_1_45' title="bbox 331 2858 1923 2930; baseline -0.001 -16"><span class='ocrx_word' id='word_1_361' title='bbox 331 2863 435 2930; x_wconf 89' lang='lat' dir='ltr'><strong>qui</strong></span> <span class='ocrx_word' id='word_1_362' title='bbox 463 2861 687 2914; x_wconf 84' lang='lat' dir='ltr'><strong>omnino</strong></span> <span class='ocrx_word' id='word_1_363' title='bbox 708 2873 935 2928; x_wconf 88' lang='lat' dir='ltr'><strong>peccare</strong></span> <span class='ocrx_word' id='word_1_364' title='bbox 962 2873 1065 2912; x_wconf 88' lang='lat' dir='ltr'><strong>non</strong></span> <span class='ocrx_word' id='word_1_365' title='bbox 1096 2859 1324 2928; x_wconf 82' lang='lat' dir='ltr'><strong>possint.</strong></span> <span class='ocrx_word' id='word_1_366' title='bbox 1353 2859 1512 2912; x_wconf 83' lang='lat' dir='ltr'><strong>Tales</strong></span> <span class='ocrx_word' id='word_1_367' title='bbox 1541 2858 1700 2913; x_wconf 68' lang='lat' dir='ltr'><strong>habet</strong></span> <span class='ocrx_word' id='word_1_368' title='bbox 1725 2858 1923 2926; x_wconf 86' lang='lat' dir='ltr'><strong>quippe</strong></span> 
     </span>
    </p>
   </div>
   <div class='ocr_carea' id='block_1_46' title="bbox 332 2949 1920 3019">
    <p class='ocr_par' dir='ltr' id='par_1_46' title="bbox 332 2949 1920 3019">
     <span class='ocr_line' id='line_1_46' title="bbox 332 2949 1920 3019; baseline -0.004 -11"><span class='ocrx_word' id='word_1_369' title='bbox 332 2955 505 3008; x_wconf 84' lang='lat' dir='ltr'><strong>etiam</strong></span> <span class='ocrx_word' id='word_1_370' title='bbox 538 2965 679 3006; x_wconf 85' lang='lat' dir='ltr'><strong>nunc</strong></span> <span class='ocrx_word' id='word_1_371' title='bbox 709 2953 925 3019; x_wconf 83' lang='lat' dir='ltr'><strong>angelos</strong></span> <span class='ocrx_word' id='word_1_372' title='bbox 956 2964 1104 3013; x_wconf 88' lang='lat' dir='ltr'><strong>suos,</strong></span> <span class='ocrx_word' id='word_1_373' title='bbox 1133 2964 1270 3017; x_wconf 91' lang='lat' dir='ltr'><strong>quos</strong></span> <span class='ocrx_word' id='word_1_374' title='bbox 1320 2950 1372 3003; x_wconf 90' lang='lat' dir='ltr'><strong>in</strong></span> <span class='ocrx_word' id='word_1_375' title='bbox 1405 2949 1494 3003; x_wconf 92' lang='lat' dir='ltr'><strong>illo</strong></span> <span class='ocrx_word' id='word_1_376' title='bbox 1541 2949 1620 3004; x_wconf 90' lang='lat' dir='ltr'><strong>sic</strong></span> <span class='ocrx_word' id='word_1_377' title='bbox 1655 2963 1920 3012; x_wconf 89' lang='lat' dir='ltr'><strong>amamus,</strong></span> 
     </span>
    </p>
   </div>
   <div class='ocr_carea' id='block_1_47' title="bbox 338 3038 1925 3109">
    <p class='ocr_par' dir='ltr' id='par_1_47' title="bbox 338 3038 1925 3109">
     <span class='ocr_line' id='line_1_47' title="bbox 338 3038 1925 3109; baseline -0.004 -9"><span class='ocrx_word' id='word_1_378' title='bbox 338 3056 411 3100; x_wconf 85' lang='lat' dir='ltr'><strong>ut</strong></span> <span class='ocrx_word' id='word_1_379' title='bbox 437 3045 502 3098; x_wconf 92' lang='lat' dir='ltr'><strong>de</strong></span> <span class='ocrx_word' id='word_1_380' title='bbox 529 3043 672 3098; x_wconf 90' lang='lat' dir='ltr'><strong>nullo</strong></span> <span class='ocrx_word' id='word_1_381' title='bbox 698 3057 884 3096; x_wconf 87' lang='lat' dir='ltr'><strong>eorum</strong></span> <span class='ocrx_word' id='word_1_382' title='bbox 925 3055 992 3095; x_wconf 90' lang='lat' dir='ltr'><strong>ne</strong></span> <span class='ocrx_word' id='word_1_383' title='bbox 1023 3041 1294 3109; x_wconf 85' lang='lat' dir='ltr'><strong>peccando</strong></span> <span class='ocrx_word' id='word_1_384' title='bbox 1333 3040 1696 3096; x_wconf 67' lang='lat' dir='ltr'><strong>ﬁat‘diabolus</strong></span> <span class='ocrx_word' id='word_1_385' title='bbox 1737 3038 1925 3094; x_wconf 63' lang='lat' dir='ltr'><strong>formi«</strong></span> 
     </span>
    </p>
   </div>
   <div class='ocr_carea' id='block_1_48' title="bbox 2018 1861 3597 1931">
    <p class='ocr_par' dir='ltr' id='par_1_48' title="bbox 2018 1861 3597 1931">
     <span class='ocr_line' id='line_1_48' title="bbox 2018 1861 3597 1931; baseline -0.004 -14"><span class='ocrx_word' id='word_1_386' title='bbox 2018 1863 2305 1926; x_wconf 85' lang='lat' dir='ltr'><strong>resistitur,</strong></span> <span class='ocrx_word' id='word_1_387' title='bbox 2361 1863 2474 1931; x_wconf 88' lang='lat' dir='ltr'><strong>ipsa</strong></span> <span class='ocrx_word' id='word_1_388' title='bbox 2525 1875 2752 1927; x_wconf 80' lang='lat' dir='ltr'><strong>amatur,</strong></span> <span class='ocrx_word' id='word_1_389' title='bbox 2801 1863 2924 1931; x_wconf 86' lang='lat' dir='ltr'><strong>quia</strong></span> <span class='ocrx_word' id='word_1_390' title='bbox 2971 1865 3082 1931; x_wconf 86' lang='lat' dir='ltr'><strong>ipsa</strong></span> <span class='ocrx_word' id='word_1_391' title='bbox 3135 1872 3369 1915; x_wconf 86' lang='lat' dir='ltr'><strong>curatur.</strong></span> <span class='ocrx_word' id='word_1_392' title='bbox 3430 1861 3597 1914; x_wconf 84' lang='lat' dir='ltr'><strong>Nemo</strong></span> 
     </span>
    </p>
   </div>
   <div class='ocr_carea' id='block_1_49' title="bbox 2016 1950 3600 2020">
    <p class='ocr_par' dir='ltr' id='par_1_49' title="bbox 2016 1950 3600 2020">
     <span class='ocr_line' id='line_1_49' title="bbox 2016 1950 3600 2020; baseline -0.003 -15"><span class='ocrx_word' id='word_1_393' title='bbox 2016 1953 2159 2005; x_wconf 89' lang='lat' dir='ltr'><strong>enim</strong></span> <span class='ocrx_word' id='word_1_394' title='bbox 2195 1965 2424 2020; x_wconf 90' lang='lat' dir='ltr'><strong>unquam</strong></span> <span class='ocrx_word' id='word_1_395' title='bbox 2469 1965 2684 2005; x_wconf 86' lang='lat' dir='ltr'><strong>carnem</strong></span> <span class='ocrx_word' id='word_1_396' title='bbox 2734 1965 2881 2004; x_wconf 89' lang='lat' dir='ltr'><strong>suam</strong></span> <span class='ocrx_word' id='word_1_397' title='bbox 2915 1951 3038 2005; x_wconf 91' lang='lat' dir='ltr'><strong>odio</strong></span> <span class='ocrx_word' id='word_1_398' title='bbox 3071 1950 3230 2004; x_wconf 84' lang='lat' dir='ltr'><strong>habet</strong></span> <span class='ocrx_word' id='word_1_399' title='bbox 3260 1967 3272 2015; x_wconf 91' lang='lat'><strong>;</strong></span> <span class='ocrx_word' id='word_1_400' title='bbox 3307 1951 3441 2003; x_wconf 90' lang='lat' dir='ltr'><strong>sicut</strong></span> <span class='ocrx_word' id='word_1_401' title='bbox 3486 1950 3600 2015; x_wconf 87' lang='lat' dir='ltr'><strong>ipse</strong></span> 
     </span>
    </p>
   </div>
   <div class='ocr_carea' id='block_1_50' title="bbox 2020 2039 3600 2111">
    <p class='ocr_par' dir='ltr' id='par_1_50' title="bbox 2020 2039 3600 2111">
     <span class='ocr_line' id='line_1_50' title="bbox 2020 2039 3600 2111; baseline -0.003 -16"><span class='ocrx_word' id='word_1_402' title='bbox 2020 2042 2306 2111; x_wconf 87' lang='lat' dir='ltr'><strong>Apostolus</strong></span> <span class='ocrx_word' id='word_1_403' title='bbox 2351 2039 2501 2102; x_wconf 88' lang='lat' dir='ltr'><strong>dicit,</strong></span> <span class='ocrx_word' id='word_1_404' title='bbox 2554 2051 2608 2094; x_wconf 89' lang='lat' dir='ltr'><strong>et</strong></span> <span class='ocrx_word' id='word_1_405' title='bbox 2649 2041 2752 2093; x_wconf 82' lang='lat' dir='ltr'><strong>alio</strong></span> <span class='ocrx_word' id='word_1_406' title='bbox 2805 2042 2922 2094; x_wconf 90' lang='lat' dir='ltr'><strong>loco</strong></span> <span class='ocrx_word' id='word_1_407' title='bbox 2977 2040 3096 2093; x_wconf 84' lang='lat' dir='ltr'><strong>ait:</strong></span> <span class='ocrx_word' id='word_1_408' title='bbox 3131 2039 3291 2106; x_wconf 82' lang='lat' dir='ltr'><strong>Igitur</strong></span> <span class='ocrx_word' id='word_1_409' title='bbox 3332 2040 3448 2106; x_wconf 84' lang='lat' dir='ltr'><strong>ipse</strong></span> <span class='ocrx_word' id='word_1_410' title='bbox 3499 2052 3600 2106; x_wconf 84' lang='lat' dir='ltr'><strong>ego</strong></span> 
     </span>
    </p>
   </div>
   <div class='ocr_carea' id='block_1_51' title="bbox 2019 2128 3600 2200">
    <p class='ocr_par' dir='ltr' id='par_1_51' title="bbox 2019 2128 3600 2200">
     <span class='ocr_line' id='line_1_51' title="bbox 2019 2128 3600 2200; baseline -0.003 -15"><span class='ocrx_word' id='word_1_411' title='bbox 2019 2139 2195 2185; x_wconf 89' lang='lat' dir='ltr'><strong>mente</strong></span> <span class='ocrx_word' id='word_1_412' title='bbox 2221 2130 2394 2185; x_wconf 87' lang='lat' dir='ltr'><strong>servio</strong></span> <span class='ocrx_word' id='word_1_413' title='bbox 2423 2131 2522 2198; x_wconf 92' lang='lat' dir='ltr'><strong>legi</strong></span> <span class='ocrx_word' id='word_1_414' title='bbox 2551 2131 2668 2194; x_wconf 91' lang='lat' dir='ltr'><strong>Dei,</strong></span> <span class='ocrx_word' id='word_1_415' title='bbox 2698 2145 2859 2184; x_wconf 88' lang='lat' dir='ltr'><strong>carne</strong></span> <span class='ocrx_word' id='word_1_416' title='bbox 2886 2141 3060 2184; x_wconf 89' lang='lat' dir='ltr'><strong>autem</strong></span> <span class='ocrx_word' id='word_1_417' title='bbox 3095 2131 3195 2200; x_wconf 82' lang='lat' dir='ltr'><strong>legi</strong></span> <span class='ocrx_word' id='word_1_418' title='bbox 3227 2129 3450 2197; x_wconf 90' lang='lat' dir='ltr'><strong>peccati.</strong></span> <span class='ocrx_word' id='word_1_419' title='bbox 3486 2128 3600 2180; x_wconf 87' lang='lat' dir='ltr'><strong>Au-</strong></span> 
     </span>
    </p>
   </div>
   <div class='ocr_carea' id='block_1_52' title="bbox 2020 2222 3598 2291">
    <p class='ocr_par' dir='ltr' id='par_1_52' title="bbox 2020 2222 3598 2291">
     <span class='ocr_line' id='line_1_52' title="bbox 2020 2222 3598 2291; baseline -0.001 -14"><span class='ocrx_word' id='word_1_420' title='bbox 2020 2224 2168 2277; x_wconf 86' lang='lat' dir='ltr'><strong>diant</strong></span> <span class='ocrx_word' id='word_1_421' title='bbox 2199 2224 2288 2289; x_wconf 84' lang='lat' dir='ltr'><strong>qui</strong></span> <span class='ocrx_word' id='word_1_422' title='bbox 2317 2237 2475 2278; x_wconf 89' lang='lat' dir='ltr'><strong>aures</strong></span> <span class='ocrx_word' id='word_1_423' title='bbox 2506 2222 2740 2287; x_wconf 87' lang='lat' dir='ltr'><strong>habent;</strong></span> <span class='ocrx_word' id='word_1_424' title='bbox 2771 2224 2932 2290; x_wconf 80' lang='lat' dir='ltr'><strong>igitur</strong></span> <span class='ocrx_word' id='word_1_425' title='bbox 2962 2223 3074 2291; x_wconf 91' lang='lat' dir='ltr'><strong>ipse</strong></span> <span class='ocrx_word' id='word_1_426' title='bbox 3107 2238 3227 2291; x_wconf 88' lang='lat' dir='ltr'><strong>ego,</strong></span> <span class='ocrx_word' id='word_1_427' title='bbox 3271 2237 3370 2291; x_wconf 88' lang='lat' dir='ltr'><strong>ego</strong></span> <span class='ocrx_word' id='word_1_428' title='bbox 3399 2233 3598 2286; x_wconf 89' lang='lat' dir='ltr'><strong>mente,</strong></span> 
     </span>
    </p>
   </div>
   <div class='ocr_carea' id='block_1_53' title="bbox 2031 2314 3604 2383">
    <p class='ocr_par' dir='ltr' id='par_1_53' title="bbox 2031 2314 3604 2383">
     <span class='ocr_line' id='line_1_53' title="bbox 2031 2314 3604 2383; baseline -0.002 -16"><span class='ocrx_word' id='word_1_429' title='bbox 2031 2329 2131 2383; x_wconf 84' lang='lat' dir='ltr'><strong>ego</strong></span> <span class='ocrx_word' id='word_1_430' title='bbox 2161 2328 2342 2379; x_wconf 74' lang='lat' dir='ltr'><strong>carne,</strong></span> <span class='ocrx_word' id='word_1_431' title='bbox 2389 2314 2485 2368; x_wconf 79' lang='lat' dir='ltr'><strong>sed</strong></span> <span class='ocrx_word' id='word_1_432' title='bbox 2518 2325 2698 2367; x_wconf 87' lang='lat' dir='ltr'><strong>mente</strong></span> <span class='ocrx_word' id='word_1_433' title='bbox 2727 2315 2902 2367; x_wconf 87' lang='lat' dir='ltr'><strong>servio</strong></span> <span class='ocrx_word' id='word_1_434' title='bbox 2931 2315 3028 2382; x_wconf 84' lang='lat' dir='ltr'><strong>legi</strong></span> <span class='ocrx_word' id='word_1_435' title='bbox 3083 2315 3204 2376; x_wconf 85' lang='lat' dir='ltr'><strong>Dei;</strong></span> <span class='ocrx_word' id='word_1_436' title='bbox 3238 2328 3398 2366; x_wconf 87' lang='lat' dir='ltr'><strong>carne</strong></span> <span class='ocrx_word' id='word_1_437' title='bbox 3429 2320 3604 2364; x_wconf 85' lang='lat' dir='ltr'><strong>autem</strong></span> 
     </span>
    </p>
   </div>
   <div class='ocr_carea' id='block_1_54' title="bbox 2025 2401 3608 2474">
    <p class='ocr_par' dir='ltr' id='par_1_54' title="bbox 2025 2401 3608 2474">
     <span class='ocr_line' id='line_1_54' title="bbox 2025 2401 3608 2474; baseline -0.001 -19"><span class='ocrx_word' id='word_1_438' title='bbox 2025 2403 2124 2470; x_wconf 81' lang='lat' dir='ltr'><strong>legi</strong></span> <span class='ocrx_word' id='word_1_439' title='bbox 2159 2402 2383 2469; x_wconf 86' lang='lat' dir='ltr'><strong>peccati.</strong></span> <span class='ocrx_word' id='word_1_440' title='bbox 2431 2403 2709 2469; x_wconf 87' lang='lat' dir='ltr'><strong>Quomodo</strong></span> <span class='ocrx_word' id='word_1_441' title='bbox 2751 2401 2972 2474; x_wconf 90' lang='lat' dir='ltr'><strong>[autem]</strong></span> <span class='ocrx_word' id='word_1_442' title='bbox 3026 2417 3188 2457; x_wconf 89' lang='lat' dir='ltr'><strong>carne</strong></span> <span class='ocrx_word' id='word_1_443' title='bbox 3219 2403 3320 2472; x_wconf 88' lang='lat' dir='ltr'><strong>legi</strong></span> <span class='ocrx_word' id='word_1_444' title='bbox 3365 2402 3608 2470; x_wconf 71' lang='lat' dir='ltr'><strong>peccati?</strong></span> 
     </span>
    </p>
   </div>
   <div class='ocr_carea' id='block_1_55' title="bbox 2026 2494 3604 2563">
    <p class='ocr_par' dir='ltr' id='par_1_55' title="bbox 2026 2494 3604 2563">
     <span class='ocr_line' id='line_1_55' title="bbox 2026 2494 3604 2563; baseline -0.001 -16"><span class='ocrx_word' id='word_1_445' title='bbox 2026 2494 2262 2563; x_wconf 84' lang='lat' dir='ltr'><strong>nunquid</strong></span> <span class='ocrx_word' id='word_1_446' title='bbox 2284 2495 2730 2560; x_wconf 67' lang='lat' dir='ltr'><strong>concupiscentias</strong></span> <span class='ocrx_word' id='word_1_447' title='bbox 2757 2494 3143 2548; x_wconf 83' lang='lat' dir='ltr'><strong>conscntiendo</strong></span> <span class='ocrx_word' id='word_1_448' title='bbox 3164 2495 3404 2547; x_wconf 86' lang='lat' dir='ltr'><strong>carnali?</strong></span> <span class='ocrx_word' id='word_1_449' title='bbox 3429 2495 3604 2556; x_wconf 84' lang='lat' dir='ltr'><strong>Absit;</strong></span> 
     </span>
    </p>
   </div>
   <div class='ocr_carea' id='block_1_56' title="bbox 2027 2585 3608 2655">
    <p class='ocr_par' dir='ltr' id='par_1_56' title="bbox 2027 2585 3608 2655">
     <span class='ocr_line' id='line_1_56' title="bbox 2027 2585 3608 2655; baseline 0.001 -17"><span class='ocrx_word' id='word_1_450' title='bbox 2027 2585 2122 2638; x_wconf 90' lang='lat' dir='ltr'><strong>sed</strong></span> <span class='ocrx_word' id='word_1_451' title='bbox 2153 2596 2330 2640; x_wconf 90' lang='lat' dir='ltr'><strong>motus</strong></span> <span class='ocrx_word' id='word_1_452' title='bbox 2359 2585 2748 2640; x_wconf 86' lang='lat' dir='ltr'><strong>desideriorum</strong></span> <span class='ocrx_word' id='word_1_453' title='bbox 2782 2586 2887 2639; x_wconf 86' lang='lat' dir='ltr'><strong>illic</strong></span> <span class='ocrx_word' id='word_1_454' title='bbox 2919 2585 3186 2651; x_wconf 88' lang='lat' dir='ltr'><strong>habendo,</strong></span> <span class='ocrx_word' id='word_1_455' title='bbox 3235 2600 3369 2655; x_wconf 75' lang='lat' dir='ltr'><strong>qum</strong></span> <span class='ocrx_word' id='word_1_456' title='bbox 3409 2586 3608 2639; x_wconf 79' lang='lat' dir='ltr'><strong>habere</strong></span> 
     </span>
    </p>
   </div>
   <div class='ocr_carea' id='block_1_57' title="bbox 2029 2677 3606 2743">
    <p class='ocr_par' dir='ltr' id='par_1_57' title="bbox 2029 2677 3606 2743">
     <span class='ocr_line' id='line_1_57' title="bbox 2029 2677 3606 2743; baseline -0.003 -11"><span class='ocrx_word' id='word_1_457' title='bbox 2029 2678 2261 2742; x_wconf 88' lang='lat' dir='ltr'><strong>nolebat,</strong></span> <span class='ocrx_word' id='word_1_458' title='bbox 2311 2687 2366 2731; x_wconf 91' lang='lat' dir='ltr'><strong>et</strong></span> <span class='ocrx_word' id='word_1_459' title='bbox 2417 2687 2594 2732; x_wconf 90' lang='lat' dir='ltr'><strong>tamen</strong></span> <span class='ocrx_word' id='word_1_460' title='bbox 2644 2679 2910 2743; x_wconf 86' lang='lat' dir='ltr'><strong>habebat;</strong></span> <span class='ocrx_word' id='word_1_461' title='bbox 2966 2677 3060 2732; x_wconf 90' lang='lat' dir='ltr'><strong>sed</strong></span> <span class='ocrx_word' id='word_1_462' title='bbox 3102 2678 3179 2731; x_wconf 89' lang='lat' dir='ltr'><strong>eis</strong></span> <span class='ocrx_word' id='word_1_463' title='bbox 3230 2693 3332 2730; x_wconf 91' lang='lat' dir='ltr'><strong>non</strong></span> <span class='ocrx_word' id='word_1_464' title='bbox 3376 2691 3606 2730; x_wconf 74' lang='lat' dir='ltr'><strong>consen—</strong></span> 
     </span>
    </p>
   </div>
   <div class='ocr_carea' id='block_1_58' title="bbox 2030 2768 3613 2840">
    <p class='ocr_par' dir='ltr' id='par_1_58' title="bbox 2030 2768 3613 2840">
     <span class='ocr_line' id='line_1_58' title="bbox 2030 2768 3613 2840; baseline -0.002 -15"><span class='ocrx_word' id='word_1_465' title='bbox 2030 2771 2230 2837; x_wconf 83' lang='lat' dir='ltr'><strong>tiendo,</strong></span> <span class='ocrx_word' id='word_1_466' title='bbox 2265 2780 2442 2825; x_wconf 86' lang='lat' dir='ltr'><strong>mente</strong></span> <span class='ocrx_word' id='word_1_467' title='bbox 2474 2770 2738 2825; x_wconf 89' lang='lat' dir='ltr'><strong>serviebat</strong></span> <span class='ocrx_word' id='word_1_468' title='bbox 2774 2772 2876 2840; x_wconf 86' lang='lat' dir='ltr'><strong>legi</strong></span> <span class='ocrx_word' id='word_1_469' title='bbox 2911 2771 3026 2836; x_wconf 88' lang='lat' dir='ltr'><strong>Dei,</strong></span> <span class='ocrx_word' id='word_1_470' title='bbox 3053 2779 3104 2824; x_wconf 91' lang='lat' dir='ltr'><strong>et</strong></span> <span class='ocrx_word' id='word_1_471' title='bbox 3134 2770 3348 2823; x_wconf 89' lang='lat' dir='ltr'><strong>tenebat</strong></span> <span class='ocrx_word' id='word_1_472' title='bbox 3371 2768 3613 2822; x_wconf 86' lang='lat' dir='ltr'><strong>membra</strong></span> 
     </span>
    </p>
   </div>
   <div class='ocr_carea' id='block_1_59' title="bbox 2030 2861 3610 2933">
    <p class='ocr_par' dir='ltr' id='par_1_59' title="bbox 2030 2861 3610 2933">
     <span class='ocr_line' id='line_1_59' title="bbox 2030 2861 3610 2933; baseline -0.003 -14"><span class='ocrx_word' id='word_1_473' title='bbox 2030 2880 2096 2919; x_wconf 88' lang='lat' dir='ltr'><strong>ne</strong></span> <span class='ocrx_word' id='word_1_474' title='bbox 2132 2864 2319 2919; x_wconf 82' lang='lat' dir='ltr'><strong>ﬁerent</strong></span> <span class='ocrx_word' id='word_1_475' title='bbox 2343 2878 2490 2918; x_wconf 90' lang='lat' dir='ltr'><strong>arma</strong></span> <span class='ocrx_word' id='word_1_476' title='bbox 2523 2865 2745 2932; x_wconf 83' lang='lat' dir='ltr'><strong>peccati.</strong></span> <span class='ocrx_word' id='word_1_477' title='bbox 2774 2865 2910 2918; x_wconf 91' lang='lat' dir='ltr'><strong>Sunt</strong></span> <span class='ocrx_word' id='word_1_478' title='bbox 2933 2879 3059 2933; x_wconf 83' lang='lat' dir='ltr'><strong>ergo</strong></span> <span class='ocrx_word' id='word_1_479' title='bbox 3088 2863 3140 2917; x_wconf 91' lang='lat' dir='ltr'><strong>in</strong></span> <span class='ocrx_word' id='word_1_480' title='bbox 3166 2863 3318 2916; x_wconf 78' lang='lat' dir='ltr'><strong>nobis</strong></span> <span class='ocrx_word' id='word_1_481' title='bbox 3346 2861 3610 2915; x_wconf 83' lang='lat' dir='ltr'><strong>desideria</strong></span> 
     </span>
    </p>
   </div>
   <div class='ocr_carea' id='block_1_60' title="bbox 2032 2951 3610 3024">
    <p class='ocr_par' dir='ltr' id='par_1_60' title="bbox 2032 2951 3610 3024">
     <span class='ocr_line' id='line_1_60' title="bbox 2032 2951 3610 3024; baseline -0.004 -13"><span class='ocrx_word' id='word_1_482' title='bbox 2032 2956 2192 3021; x_wconf 89' lang='lat' dir='ltr'><strong>mala,</strong></span> <span class='ocrx_word' id='word_1_483' title='bbox 2223 2955 2416 3024; x_wconf 88' lang='lat' dir='ltr'><strong>quibus</strong></span> <span class='ocrx_word' id='word_1_484' title='bbox 2463 2969 2567 3009; x_wconf 92' lang='lat' dir='ltr'><strong>non</strong></span> <span class='ocrx_word' id='word_1_485' title='bbox 2599 2955 2986 3009; x_wconf 89' lang='lat' dir='ltr'><strong>conscntiendo</strong></span> <span class='ocrx_word' id='word_1_486' title='bbox 3027 2969 3132 3008; x_wconf 92' lang='lat' dir='ltr'><strong>non</strong></span> <span class='ocrx_word' id='word_1_487' title='bbox 3180 2953 3408 3007; x_wconf 87' lang='lat' dir='ltr'><strong>vivimus</strong></span> <span class='ocrx_word' id='word_1_488' title='bbox 3449 2951 3610 3006; x_wconf 30' lang='lat' dir='ltr'><strong>male.</strong></span> 
     </span>
    </p>
   </div>
   <div class='ocr_carea' id='block_1_61' title="bbox 2032 3043 3612 3113">
    <p class='ocr_par' dir='ltr' id='par_1_61' title="bbox 2032 3043 3612 3113">
     <span class='ocr_line' id='line_1_61' title="bbox 2032 3043 3612 3113; baseline -0.003 -11"><span class='ocrx_word' id='word_1_489' title='bbox 2032 3049 2165 3102; x_wconf 90' lang='lat' dir='ltr'><strong>Sunt</strong></span> <span class='ocrx_word' id='word_1_490' title='bbox 2210 3047 2262 3101; x_wconf 89' lang='lat' dir='ltr'><strong>in</strong></span> <span class='ocrx_word' id='word_1_491' title='bbox 2311 3046 2465 3101; x_wconf 89' lang='lat' dir='ltr'><strong>nobis</strong></span> <span class='ocrx_word' id='word_1_492' title='bbox 2509 3047 2961 3112; x_wconf 70' lang='lat' dir='ltr'><strong>concupisi-entite</strong></span> <span class='ocrx_word' id='word_1_493' title='bbox 3013 3053 3371 3113; x_wconf 84' lang='lat' dir='ltr'><strong>peccatorum,</strong></span> <span class='ocrx_word' id='word_1_494' title='bbox 3419 3043 3612 3112; x_wconf 81' lang='lat' dir='ltr'><strong>quibus</strong></span> 
     </span>
    </p>
   </div>
   <div class='ocr_carea' id='block_1_62' title="bbox 337 3131 1926 3208">
    <p class='ocr_par' dir='ltr' id='par_1_62' title="bbox 337 3131 1919 3202">
     <span class='ocr_line' id='line_1_62' title="bbox 337 3131 1919 3202; baseline -0.004 -12"><span class='ocrx_word' id='word_1_495' title='bbox 337 3138 574 3200; x_wconf 88' lang='lat' dir='ltr'><strong>demus;</strong></span> <span class='ocrx_word' id='word_1_496' title='bbox 604 3133 745 3202; x_wconf 90' lang='lat' dir='ltr'><strong>quod</strong></span> <span class='ocrx_word' id='word_1_497' title='bbox 777 3133 845 3188; x_wconf 87' lang='lat' dir='ltr'><strong>de</strong></span> <span class='ocrx_word' id='word_1_498' title='bbox 876 3133 1091 3187; x_wconf 75' lang='lat' dir='ltr'><strong>nomine</strong></span> <span class='ocrx_word' id='word_1_499' title='bbox 1117 3132 1336 3187; x_wconf 84' lang='lat' dir='ltr'><strong>homine</strong></span> <span class='ocrx_word' id='word_1_500' title='bbox 1355 3132 1528 3201; x_wconf 86' lang='lat' dir='ltr'><strong>iusto,</strong></span> <span class='ocrx_word' id='word_1_501' title='bbox 1560 3132 1613 3186; x_wconf 91' lang='lat' dir='ltr'><strong>in</strong></span> <span class='ocrx_word' id='word_1_502' title='bbox 1646 3131 1807 3200; x_wconf 89' lang='lat' dir='ltr'><strong>huius</strong></span> <span class='ocrx_word' id='word_1_503' title='bbox 1839 3131 1919 3184; x_wconf 91' lang='lat' dir='ltr'><strong>vi-</strong></span> 
     </span>
    </p>
   </div>
   <div class='ocr_carea' id='block_1_63' title="bbox 2033 3131 3614 3208">
    <p class='ocr_par' dir='ltr' id='par_1_63' title="bbox 2033 3135 3614 3208">
     <span class='ocr_line' id='line_1_63' title="bbox 2033 3135 3614 3208; baseline -0.006 -14"><span class='ocrx_word' id='word_1_504' title='bbox 2033 3156 2136 3194; x_wconf 91' lang='lat' dir='ltr'><strong>non</strong></span> <span class='ocrx_word' id='word_1_505' title='bbox 2167 3139 2468 3195; x_wconf 89' lang='lat' dir='ltr'><strong>obediendo</strong></span> <span class='ocrx_word' id='word_1_506' title='bbox 2516 3155 2620 3192; x_wconf 92' lang='lat' dir='ltr'><strong>non</strong></span> <span class='ocrx_word' id='word_1_507' title='bbox 2653 3140 2956 3208; x_wconf 87' lang='lat' dir='ltr'><strong>perﬁcimus</strong></span> <span class='ocrx_word' id='word_1_508' title='bbox 3004 3139 3221 3200; x_wconf 86' lang='lat' dir='ltr'><strong>malum,</strong></span> <span class='ocrx_word' id='word_1_509' title='bbox 3255 3135 3348 3189; x_wconf 90' lang='lat' dir='ltr'><strong>sed</strong></span> <span class='ocrx_word' id='word_1_510' title='bbox 3397 3149 3488 3189; x_wconf 66' lang='lat' dir='ltr'><strong>eas</strong></span> <span class='ocrx_word' id='word_1_511' title='bbox 3523 3135 3614 3186; x_wconf 80' lang='lat' dir='ltr'><strong>lia-</strong></span> 
     </span>
    </p>
   </div>
   <div class='ocr_carea' id='block_1_64' title="bbox 341 3218 1928 3290">
    <p class='ocr_par' dir='ltr' id='par_1_64' title="bbox 341 3218 1928 3290">
     <span class='ocr_line' id='line_1_64' title="bbox 341 3218 1928 3290; baseline -0.004 -9"><span class='ocrx_word' id='word_1_512' title='bbox 341 3239 421 3281; x_wconf 69' lang='lat' dir='ltr'><strong>tae</strong></span> <span class='ocrx_word' id='word_1_513' title='bbox 443 3225 763 3280; x_wconf 86' lang='lat' dir='ltr'><strong>mortalitate</strong></span> <span class='ocrx_word' id='word_1_514' title='bbox 794 3221 1185 3290; x_wconf 60' lang='lat' dir='ltr'><strong>praesumimus,</strong></span> <span class='ocrx_word' id='word_1_515' title='bbox 1215 3223 1349 3276; x_wconf 89' lang='lat' dir='ltr'><strong>tales</strong></span> <span class='ocrx_word' id='word_1_516' title='bbox 1377 3233 1554 3276; x_wconf 84' lang='lat' dir='ltr'><strong>autem</strong></span> <span class='ocrx_word' id='word_1_517' title='bbox 1585 3235 1774 3276; x_wconf 86' lang='lat' dir='ltr'><strong>omnes</strong></span> <span class='ocrx_word' id='word_1_518' title='bbox 1794 3218 1928 3275; x_wconf 77' lang='lat' dir='ltr'><strong>futu-</strong></span> 
     </span>
    </p>
   </div>
   <div class='ocr_carea' id='block_1_65' title="bbox 343 3312 1925 3380">
    <p class='ocr_par' dir='ltr' id='par_1_65' title="bbox 343 3312 1925 3380">
     <span class='ocr_line' id='line_1_65' title="bbox 343 3312 1925 3380; baseline -0.005 -7"><span class='ocrx_word' id='word_1_519' title='bbox 343 3335 465 3380; x_wconf 81' lang='lat' dir='ltr'><strong>ros,</strong></span> <span class='ocrx_word' id='word_1_520' title='bbox 497 3319 547 3371; x_wconf 92' lang='lat' dir='ltr'><strong>in</strong></span> <span class='ocrx_word' id='word_1_521' title='bbox 579 3317 719 3371; x_wconf 91' lang='lat' dir='ltr'><strong>illius</strong></span> <span class='ocrx_word' id='word_1_522' title='bbox 768 3319 887 3369; x_wconf 63' lang='lat' dir='ltr'><strong>vitae</strong></span> <span class='ocrx_word' id='word_1_523' title='bbox 919 3315 1322 3369; x_wconf 87' lang='lat' dir='ltr'><strong>immortalitate</strong></span> <span class='ocrx_word' id='word_1_524' title='bbox 1349 3313 1690 3368; x_wconf 79' lang='lat' dir='ltr'><strong>confidimus.</strong></span> <span class='ocrx_word' id='word_1_525' title='bbox 1735 3312 1925 3368; x_wconf 86' lang='lat' dir='ltr'><strong>Omni-</strong></span> 
     </span>
    </p>
   </div>
   <div class='ocr_carea' id='block_1_66' title="bbox 345 3402 1934 3480">
    <p class='ocr_par' dir='ltr' id='par_1_66' title="bbox 345 3402 1934 3480">
     <span class='ocr_line' id='line_1_66' title="bbox 345 3402 1934 3480; baseline -0.001 -21"><span class='ocrx_word' id='word_1_526' title='bbox 345 3418 543 3480; x_wconf 70' lang='lat' dir='ltr'><strong>potens</strong></span> <span class='ocrx_word' id='word_1_527' title='bbox 572 3409 713 3462; x_wconf 87' lang='lat' dir='ltr'><strong>enim</strong></span> <span class='ocrx_word' id='word_1_528' title='bbox 751 3408 909 3470; x_wconf 83' lang='lat' dir='ltr'><strong>Deus,</strong></span> <span class='ocrx_word' id='word_1_529' title='bbox 939 3405 1026 3474; x_wconf 89' lang='lat' dir='ltr'><strong>qui</strong></span> <span class='ocrx_word' id='word_1_530' title='bbox 1071 3415 1322 3473; x_wconf 83' lang='lat' dir='ltr'><strong>cperatur</strong></span> <span class='ocrx_word' id='word_1_531' title='bbox 1353 3406 1512 3467; x_wconf 87' lang='lat' dir='ltr'><strong>bona,</strong></span> <span class='ocrx_word' id='word_1_532' title='bbox 1543 3403 1703 3457; x_wconf 89' lang='lat' dir='ltr'><strong>etiam</strong></span> <span class='ocrx_word' id='word_1_533' title='bbox 1735 3402 1802 3457; x_wconf 91' lang='lat' dir='ltr'><strong>de</strong></span> <span class='ocrx_word' id='word_1_534' title='bbox 1832 3417 1934 3457; x_wconf 83' lang='lat' dir='ltr'><strong>no-</strong></span> 
     </span>
    </p>
   </div>
   <div class='ocr_carea' id='block_1_67' title="bbox 346 3493 1935 3566">
    <p class='ocr_par' dir='ltr' id='par_1_67' title="bbox 346 3493 1935 3566">
     <span class='ocr_line' id='line_1_67' title="bbox 346 3493 1935 3566; baseline -0.003 -13"><span class='ocrx_word' id='word_1_535' title='bbox 346 3501 483 3556; x_wconf 87' lang='lat' dir='ltr'><strong>stris</strong></span> <span class='ocrx_word' id='word_1_536' title='bbox 505 3499 680 3562; x_wconf 90' lang='lat' dir='ltr'><strong>malis,</strong></span> <span class='ocrx_word' id='word_1_537' title='bbox 707 3496 884 3566; x_wconf 88' lang='lat' dir='ltr'><strong>qualia</strong></span> <span class='ocrx_word' id='word_1_538' title='bbox 911 3496 1056 3550; x_wconf 87' lang='lat' dir='ltr'><strong>dabit</strong></span> <span class='ocrx_word' id='word_1_539' title='bbox 1075 3496 1233 3560; x_wconf 91' lang='lat' dir='ltr'><strong>bona,</strong></span> <span class='ocrx_word' id='word_1_540' title='bbox 1255 3509 1374 3550; x_wconf 88' lang='lat' dir='ltr'><strong>cum</strong></span> <span class='ocrx_word' id='word_1_541' title='bbox 1401 3493 1706 3550; x_wconf 86' lang='lat' dir='ltr'><strong>liberaverit</strong></span> <span class='ocrx_word' id='word_1_542' title='bbox 1728 3493 1796 3550; x_wconf 87' lang='lat' dir='ltr'><strong>ab</strong></span> <span class='ocrx_word' id='word_1_543' title='bbox 1819 3507 1935 3548; x_wconf 83' lang='lat' dir='ltr'><strong>om-</strong></span> 
     </span>
    </p>
   </div>
   <div class='ocr_carea' id='block_1_68' title="bbox 345 3590 1758 3648">
    <p class='ocr_par' dir='ltr' id='par_1_68' title="bbox 345 3590 1758 3648">
     <span class='ocr_line' id='line_1_68' title="bbox 345 3590 1758 3648; baseline -0.012 -1"><span class='ocrx_word' id='word_1_544' title='bbox 345 3593 514 3648; x_wconf 88' lang='lat' dir='ltr'><strong>nibus</strong></span> <span class='ocrx_word' id='word_1_545' title='bbox 544 3590 738 3644; x_wconf 81' lang='lat' dir='ltr'><strong>malis?</strong></span> <span class='ocrx_word' id='word_1_546' title='bbox 1747 3597 1758 3608; x_wconf 68' lang='grc' dir='ltr'><em>ί</em></span> 
     </span>
    </p>
   </div>
   <div class='ocr_carea' id='block_1_69' title="bbox 907 3655 1378 3713">
    <p class='ocr_par' dir='ltr' id='par_1_69' title="bbox 907 3655 1378 3713">
     <span class='ocr_line' id='line_1_69' title="bbox 907 3655 1378 3713; baseline -0.004 -1"><span class='ocrx_word' id='word_1_547' title='bbox 907 3656 1131 3713; x_wconf 86' lang='lat' dir='ltr'><strong>CAPUT</strong></span> <span class='ocrx_word' id='word_1_548' title='bbox 1172 3655 1378 3713; x_wconf 77' lang='lat' dir='ltr'><strong>CXCV.</strong></span> 
     </span>
    </p>
   </div>
   <div class='ocr_carea' id='block_1_70' title="bbox 351 3769 1934 3842">
    <p class='ocr_par' dir='ltr' id='par_1_70' title="bbox 351 3769 1934 3842">
     <span class='ocr_line' id='line_1_70' title="bbox 351 3769 1934 3842; baseline -0.001 -14"><span class='ocrx_word' id='word_1_549' title='bbox 351 3773 438 3827; x_wconf 85' lang='lat' dir='ltr'><strong>De</strong></span> <span class='ocrx_word' id='word_1_550' title='bbox 462 3789 522 3828; x_wconf 77' lang='lat' dir='ltr'><strong>eo</strong></span> <span class='ocrx_word' id='word_1_551' title='bbox 549 3773 683 3842; x_wconf 81' lang='lat' dir='ltr'><strong>quod</strong></span> <span class='ocrx_word' id='word_1_552' title='bbox 712 3773 784 3824; x_wconf 81' lang='lat' dir='ltr'><strong>ait</strong></span> <span class='ocrx_word' id='word_1_553' title='bbox 819 3769 1114 3841; x_wconf 71' lang='lat' dir='ltr'><strong>Apostolus,</strong></span> <span class='ocrx_word' id='word_1_554' title='bbox 1140 3771 1496 3842; x_wconf 82' lang='lat' dir='ltr'><strong>mente_servio</strong></span> <span class='ocrx_word' id='word_1_555' title='bbox 1523 3771 1624 3842; x_wconf 82' lang='lat' dir='ltr'><strong>legi</strong></span> <span class='ocrx_word' id='word_1_556' title='bbox 1648 3770 1765 3840; x_wconf 85' lang='lat' dir='ltr'><strong>Dei,</strong></span> <span class='ocrx_word' id='word_1_557' title='bbox 1799 3781 1895 3826; x_wconf 81' lang='lat' dir='ltr'><strong>etc.</strong></span> <span class='ocrx_word' id='word_1_558' title='bbox 1911 3789 1934 3838; x_wconf 81' lang='lat'><strong>,&#39;</strong></span> 
     </span>
    </p>
   </div>
   <div class='ocr_carea' id='block_1_71' title="bbox 661 3839 1637 3896">
    <p class='ocr_par' dir='ltr' id='par_1_71' title="bbox 661 3839 1637 3896">
     <span class='ocr_line' id='line_1_71' title="bbox 661 3839 1637 3896; baseline 0 0"><span class='ocrx_word' id='word_1_559' title='bbox 661 3860 723 3896; x_wconf 70' lang='lat' dir='ltr'><strong>ea:</strong></span> <span class='ocrx_word' id='word_1_560' title='bbox 751 3839 926 3896; x_wconf 48' lang='lat' dir='ltr'><strong>eodem</strong></span> <span class='ocrx_word' id='word_1_561' title='bbox 955 3856 1182 3895; x_wconf 82' lang='lat' dir='ltr'><strong>sermone</strong></span> <span class='ocrx_word' id='word_1_562' title='bbox 1208 3843 1270 3894; x_wconf 89' lang='lat' dir='ltr'><strong>de</strong></span> <span class='ocrx_word' id='word_1_563' title='bbox 1292 3839 1637 3896; x_wconf 77' lang='lat' dir='ltr'><strong>Continentia.</strong></span> 
     </span>
    </p>
   </div>
   <div class='ocr_carea' id='block_1_72' title="bbox 430 3971 1937 4042">
    <p class='ocr_par' dir='ltr' id='par_1_72' title="bbox 430 3971 1937 4042">
     <span class='ocr_line' id='line_1_72' title="bbox 430 3971 1937 4042; baseline 0 -14"><span class='ocrx_word' id='word_1_564' title='bbox 430 3973 721 4042; x_wconf 79' lang='lat' dir='ltr'><strong>Apostolus</strong></span> <span class='ocrx_word' id='word_1_565' title='bbox 745 3988 849 4027; x_wconf 92' lang='lat' dir='ltr'><strong>non</strong></span> <span class='ocrx_word' id='word_1_566' title='bbox 885 3973 992 4026; x_wconf 91' lang='lat' dir='ltr'><strong>ait:</strong></span> <span class='ocrx_word' id='word_1_567' title='bbox 1019 3971 1399 4042; x_wconf 88' lang='lat' dir='ltr'><strong>Unusquisque</strong></span> <span class='ocrx_word' id='word_1_568' title='bbox 1437 3979 1613 4027; x_wconf 89' lang='lat' dir='ltr'><strong>autem</strong></span> <span class='ocrx_word' id='word_1_569' title='bbox 1648 3981 1881 4028; x_wconf 88' lang='lat' dir='ltr'><strong>tentatur</strong></span> <span class='ocrx_word' id='word_1_570' title='bbox 1908 3987 1937 4028; x_wconf 88' lang='lat' dir='ltr'><strong>a</strong></span> 
     </span>
    </p>
   </div>
   <div class='ocr_carea' id='block_1_73' title="bbox 350 4064 1938 4134">
    <p class='ocr_par' dir='ltr' id='par_1_73' title="bbox 350 4064 1938 4134">
     <span class='ocr_line' id='line_1_73' title="bbox 350 4064 1938 4134; baseline -0.003 -15"><span class='ocrx_word' id='word_1_571' title='bbox 350 4067 815 4134; x_wconf 68' lang='lat' dir='ltr'><strong>concupiscentia,</strong></span> <span class='ocrx_word' id='word_1_572' title='bbox 846 4065 939 4118; x_wconf 83' lang='lat' dir='ltr'><strong>sed</strong></span> <span class='ocrx_word' id='word_1_573' title='bbox 988 4064 1213 4128; x_wconf 88' lang='lat' dir='ltr'><strong>addidit,</strong></span> <span class='ocrx_word' id='word_1_574' title='bbox 1247 4079 1341 4117; x_wconf 88' lang='lat' dir='ltr'><strong>sua</strong></span> <span class='ocrx_word' id='word_1_575' title='bbox 1368 4079 1384 4118; x_wconf 90' lang='lat'>:</span> <span class='ocrx_word' id='word_1_576' title='bbox 1410 4072 1466 4118; x_wconf 90' lang='lat' dir='ltr'><strong>nt</strong></span> <span class='ocrx_word' id='word_1_577' title='bbox 1507 4066 1594 4134; x_wconf 91' lang='lat' dir='ltr'><strong>qui</strong></span> <span class='ocrx_word' id='word_1_578' title='bbox 1631 4065 1730 4118; x_wconf 93' lang='lat' dir='ltr'><strong>hoc</strong></span> <span class='ocrx_word' id='word_1_579' title='bbox 1770 4065 1938 4130; x_wconf 91' lang='lat' dir='ltr'><strong>audit,</strong></span> 
     </span>
    </p>
   </div>
   <div class='ocr_carea' id='block_1_74' title="bbox 357 4153 1944 4223">
    <p class='ocr_par' dir='ltr' id='par_1_74' title="bbox 357 4153 1944 4223">
     <span class='ocr_line' id='line_1_74' title="bbox 357 4153 1944 4223; baseline 0.001 -16"><span class='ocrx_word' id='word_1_580' title='bbox 357 4155 648 4223; x_wconf 80' lang='lat' dir='ltr'><strong>intelligat,</strong></span> <span class='ocrx_word' id='word_1_581' title='bbox 695 4154 962 4222; x_wconf 89' lang='lat' dir='ltr'><strong>quomodo</strong></span> <span class='ocrx_word' id='word_1_582' title='bbox 989 4154 1227 4207; x_wconf 86' lang='lat' dir='ltr'><strong>clamare</strong></span> <span class='ocrx_word' id='word_1_583' title='bbox 1260 4153 1472 4217; x_wconf 84' lang='lat' dir='ltr'><strong>debeat,</strong></span> <span class='ocrx_word' id='word_1_584' title='bbox 1515 4154 1626 4223; x_wconf 86' lang='lat' dir='ltr'><strong>Ego</strong></span> <span class='ocrx_word' id='word_1_585' title='bbox 1667 4154 1814 4208; x_wconf 81' lang='lat' dir='ltr'><strong>dixi:</strong></span> <span class='ocrx_word' id='word_1_586' title='bbox 1849 4155 1944 4210; x_wconf 85' lang='lat' dir='ltr'><strong>Do-</strong></span> 
     </span>
    </p>
   </div>
   <div class='ocr_carea' id='block_1_75' title="bbox 359 4245 1941 4314">
    <p class='ocr_par' dir='ltr' id='par_1_75' title="bbox 359 4245 1941 4314">
     <span class='ocr_line' id='line_1_75' title="bbox 359 4245 1941 4314; baseline 0.001 -16"><span class='ocrx_word' id='word_1_587' title='bbox 359 4246 534 4308; x_wconf 83' lang='lat' dir='ltr'><strong>rnine,</strong></span> <span class='ocrx_word' id='word_1_588' title='bbox 569 4245 824 4298; x_wconf 89' lang='lat' dir='ltr'><strong>miserere</strong></span> <span class='ocrx_word' id='word_1_589' title='bbox 867 4245 994 4309; x_wconf 90' lang='lat' dir='ltr'><strong>mei,</strong></span> <span class='ocrx_word' id='word_1_590' title='bbox 1031 4259 1159 4297; x_wconf 84' lang='lat' dir='ltr'><strong>sana</strong></span> <span class='ocrx_word' id='word_1_591' title='bbox 1202 4245 1432 4298; x_wconf 89' lang='lat' dir='ltr'><strong>animam</strong></span> <span class='ocrx_word' id='word_1_592' title='bbox 1467 4259 1660 4310; x_wconf 90' lang='lat' dir='ltr'><strong>meam,</strong></span> <span class='ocrx_word' id='word_1_593' title='bbox 1693 4246 1941 4314; x_wconf 89' lang='lat' dir='ltr'><strong>quoniam</strong></span> 
     </span>
    </p>
   </div>
   <div class='ocr_carea' id='block_1_76' title="bbox 359 4333 1944 4402">
    <p class='ocr_par' dir='ltr' id='par_1_76' title="bbox 359 4333 1944 4402">
     <span class='ocr_line' id='line_1_76' title="bbox 359 4333 1944 4402; baseline 0.001 -16"><span class='ocrx_word' id='word_1_594' title='bbox 359 4335 580 4401; x_wconf 57' lang='lat' dir='ltr'><strong>peccavi</strong></span> <span class='ocrx_word' id='word_1_595' title='bbox 621 4334 737 4386; x_wconf 89' lang='lat' dir='ltr'><strong>tibi.</strong></span> <span class='ocrx_word' id='word_1_596' title='bbox 789 4333 900 4386; x_wconf 81' lang='lat' dir='ltr'><strong>Non</strong></span> <span class='ocrx_word' id='word_1_597' title='bbox 951 4333 1092 4385; x_wconf 88' lang='lat' dir='ltr'><strong>enim</strong></span> <span class='ocrx_word' id='word_1_598' title='bbox 1148 4333 1430 4386; x_wconf 88' lang='lat' dir='ltr'><strong>sanatione</strong></span> <span class='ocrx_word' id='word_1_599' title='bbox 1476 4333 1809 4402; x_wconf 88' lang='lat' dir='ltr'><strong>indiguisset,</strong></span> <span class='ocrx_word' id='word_1_600' title='bbox 1840 4334 1944 4388; x_wconf 90' lang='lat' dir='ltr'><strong>nisi</strong></span> 
     </span>
    </p>
   </div>
   <div class='ocr_carea' id='block_1_77' title="bbox 359 4421 1946 4493">
    <p class='ocr_par' dir='ltr' id='par_1_77' title="bbox 359 4421 1946 4493">
     <span class='ocr_line' id='line_1_77' title="bbox 359 4421 1946 4493; baseline 0.001 -16"><span class='ocrx_word' id='word_1_601' title='bbox 359 4424 636 4493; x_wconf 79' lang='lat' dir='ltr'><strong>peccando</strong></span> <span class='ocrx_word' id='word_1_602' title='bbox 681 4439 740 4478; x_wconf 87' lang='lat' dir='ltr'><strong>se</strong></span> <span class='ocrx_word' id='word_1_603' title='bbox 791 4424 902 4492; x_wconf 77' lang='lat' dir='ltr'><strong>ipsa</strong></span> <span class='ocrx_word' id='word_1_604' title='bbox 952 4421 1216 4488; x_wconf 79' lang='lat' dir='ltr'><strong>vitiasset,</strong></span> <span class='ocrx_word' id='word_1_605' title='bbox 1271 4431 1329 4475; x_wconf 91' lang='lat' dir='ltr'><strong>ut</strong></span> <span class='ocrx_word' id='word_1_606' title='bbox 1359 4423 1616 4478; x_wconf 89' lang='lat' dir='ltr'><strong>adversus</strong></span> <span class='ocrx_word' id='word_1_607' title='bbox 1664 4438 1780 4477; x_wconf 88' lang='lat' dir='ltr'><strong>eam</strong></span> <span class='ocrx_word' id='word_1_608' title='bbox 1819 4438 1946 4478; x_wconf 90' lang='lat' dir='ltr'><strong>caro</strong></span> 
     </span>
    </p>
   </div>
   <div class='ocr_carea' id='block_1_78' title="bbox 2032 3227 3616 3301">
    <p class='ocr_par' dir='ltr' id='par_1_78' title="bbox 2032 3227 3616 3301">
     <span class='ocr_line' id='line_1_78' title="bbox 2032 3227 3616 3301; baseline -0.007 -12"><span class='ocrx_word' id='word_1_609' title='bbox 2032 3233 2210 3289; x_wconf 88' lang='lat' dir='ltr'><strong>bendo</strong></span> <span class='ocrx_word' id='word_1_610' title='bbox 2235 3233 2470 3288; x_wconf 86' lang='lat' dir='ltr'><strong>nondum</strong></span> <span class='ocrx_word' id='word_1_611' title='bbox 2496 3231 2798 3301; x_wconf 87' lang='lat' dir='ltr'><strong>perﬁcimus</strong></span> <span class='ocrx_word' id='word_1_612' title='bbox 2820 3231 3039 3285; x_wconf 90' lang='lat' dir='ltr'><strong>bonum.</strong></span> <span class='ocrx_word' id='word_1_613' title='bbox 3067 3230 3360 3298; x_wconf 86' lang='lat' dir='ltr'><strong>Utrumque</strong></span> <span class='ocrx_word' id='word_1_614' title='bbox 3383 3227 3616 3282; x_wconf 87' lang='lat' dir='ltr'><strong>ostendit</strong></span> 
     </span>
    </p>
   </div>
   <div class='ocr_carea' id='block_1_79' title="bbox 2035 3319 3617 3394">
    <p class='ocr_par' dir='ltr' id='par_1_79' title="bbox 2035 3319 3617 3394">
     <span class='ocr_line' id='line_1_79' title="bbox 2035 3319 3617 3394; baseline -0.006 -14"><span class='ocrx_word' id='word_1_615' title='bbox 2035 3325 2361 3394; x_wconf 81' lang='lat' dir='ltr'><strong>Apostolus,</strong></span> <span class='ocrx_word' id='word_1_616' title='bbox 2419 3339 2518 3379; x_wconf 72' lang='lat' dir='ltr'><strong>nec</strong></span> <span class='ocrx_word' id='word_1_617' title='bbox 2564 3327 2760 3378; x_wconf 89' lang='lat' dir='ltr'><strong>bonum</strong></span> <span class='ocrx_word' id='word_1_618' title='bbox 2813 3323 2897 3378; x_wconf 90' lang='lat' dir='ltr'><strong>hic</strong></span> <span class='ocrx_word' id='word_1_619' title='bbox 2946 3323 3125 3392; x_wconf 86' lang='lat' dir='ltr'><strong>perﬁci</strong></span> <span class='ocrx_word' id='word_1_620' title='bbox 3174 3321 3262 3375; x_wconf 87' lang='lat' dir='ltr'><strong>ubi</strong></span> <span class='ocrx_word' id='word_1_621' title='bbox 3310 3321 3504 3374; x_wconf 85' lang='lat' dir='ltr'><strong>malum</strong></span> <span class='ocrx_word' id='word_1_622' title='bbox 3541 3319 3617 3372; x_wconf 83' lang='lat' dir='ltr'><strong>sic</strong></span> 
     </span>
    </p>
   </div>
   <div class='ocr_carea' id='block_1_80' title="bbox 2034 3408 3613 3484">
    <p class='ocr_par' dir='ltr' id='par_1_80' title="bbox 2034 3408 3613 3484">
     <span class='ocr_line' id='line_1_80' title="bbox 2034 3408 3613 3484; baseline -0.006 -14"><span class='ocrx_word' id='word_1_623' title='bbox 2034 3415 2446 3484; x_wconf 89' lang='lat' dir='ltr'><strong>concupiscitur,</strong></span> <span class='ocrx_word' id='word_1_624' title='bbox 2500 3430 2597 3469; x_wconf 91' lang='lat' dir='ltr'><strong>nec</strong></span> <span class='ocrx_word' id='word_1_625' title='bbox 2651 3414 2846 3467; x_wconf 91' lang='lat' dir='ltr'><strong>malum</strong></span> <span class='ocrx_word' id='word_1_626' title='bbox 2899 3413 2986 3466; x_wconf 78' lang='lat' dir='ltr'><strong>hic</strong></span> <span class='ocrx_word' id='word_1_627' title='bbox 3029 3411 3353 3481; x_wconf 84' lang='lat' dir='ltr'><strong>perﬁciendo</strong></span> <span class='ocrx_word' id='word_1_628' title='bbox 3404 3408 3460 3481; x_wconf 93' lang='lat' dir='ltr'><strong>[p</strong></span> <span class='ocrx_word' id='word_1_629' title='bbox 3497 3408 3613 3463; x_wconf 82' lang='lat' dir='ltr'><strong>rﬁci</strong></span> 
     </span>
    </p>
   </div>
   <div class='ocr_carea' id='block_1_81' title="bbox 2035 3500 3618 3575">
    <p class='ocr_par' dir='ltr' id='par_1_81' title="bbox 2035 3500 3618 3575">
     <span class='ocr_line' id='line_1_81' title="bbox 2035 3500 3618 3575; baseline -0.003 -19"><span class='ocrx_word' id='word_1_630' title='bbox 2035 3503 2269 3575; x_wconf 87' lang='lat' dir='ltr'><strong>quando]</strong></span> <span class='ocrx_word' id='word_1_631' title='bbox 2285 3506 2373 3558; x_wconf 90' lang='lat' dir='ltr'><strong>tali</strong></span> <span class='ocrx_word' id='word_1_632' title='bbox 2391 3503 2840 3572; x_wconf 74' lang='lat' dir='ltr'><strong>concupiscentim</strong></span> <span class='ocrx_word' id='word_1_633' title='bbox 2860 3519 2963 3556; x_wconf 93' lang='lat' dir='ltr'><strong>non</strong></span> <span class='ocrx_word' id='word_1_634' title='bbox 2985 3503 3245 3556; x_wconf 82' lang='lat' dir='ltr'><strong>obcditur.</strong></span> <span class='ocrx_word' id='word_1_635' title='bbox 3275 3500 3404 3554; x_wconf 88' lang='lat' dir='ltr'><strong>Illud</strong></span> <span class='ocrx_word' id='word_1_636' title='bbox 3425 3500 3618 3570; x_wconf 66' lang='lat' dir='ltr'><strong>qn’ppe</strong></span> 
     </span>
    </p>
   </div>
   <div class='ocr_carea' id='block_1_82' title="bbox 2037 3591 3614 3662">
    <p class='ocr_par' dir='ltr' id='par_1_82' title="bbox 2037 3591 3614 3662">
     <span class='ocr_line' id='line_1_82' title="bbox 2037 3591 3614 3662; baseline -0.006 -12"><span class='ocrx_word' id='word_1_637' title='bbox 2037 3595 2270 3652; x_wconf 88' lang='lat' dir='ltr'><strong>ostendit</strong></span> <span class='ocrx_word' id='word_1_638' title='bbox 2296 3596 2385 3650; x_wconf 90' lang='lat' dir='ltr'><strong>ubi</strong></span> <span class='ocrx_word' id='word_1_639' title='bbox 2408 3597 2481 3649; x_wconf 91' lang='lat' dir='ltr'><strong>ait</strong></span> <span class='ocrx_word' id='word_1_640' title='bbox 2507 3613 2519 3648; x_wconf 91' lang='lat'><strong>:</strong></span> <span class='ocrx_word' id='word_1_641' title='bbox 2549 3594 2699 3649; x_wconf 82' lang='lat' dir='ltr'><strong>Velle</strong></span> <span class='ocrx_word' id='word_1_642' title='bbox 2724 3593 2933 3662; x_wconf 76' lang='lat' dir='ltr'><strong>adiacet</strong></span> <span class='ocrx_word' id='word_1_643' title='bbox 2971 3593 3122 3658; x_wconf 91' lang='lat' dir='ltr'><strong>mihi,</strong></span> <span class='ocrx_word' id='word_1_644' title='bbox 3155 3591 3413 3661; x_wconf 84' lang='lat' dir='ltr'><strong>perﬁcere</strong></span> <span class='ocrx_word' id='word_1_645' title='bbox 3437 3605 3614 3646; x_wconf 74' lang='lat' dir='ltr'><strong>aufem</strong></span> 
     </span>
    </p>
   </div>
   <div class='ocr_carea' id='block_1_83' title="bbox 2039 3683 3618 3753">
    <p class='ocr_par' dir='ltr' id='par_1_83' title="bbox 2039 3683 3618 3753">
     <span class='ocr_line' id='line_1_83' title="bbox 2039 3683 3618 3753; baseline -0.007 -9"><span class='ocrx_word' id='word_1_646' title='bbox 2039 3691 2260 3753; x_wconf 88' lang='lat' dir='ltr'><strong>bonum,</strong></span> <span class='ocrx_word' id='word_1_647' title='bbox 2290 3703 2396 3742; x_wconf 87' lang='lat' dir='ltr'><strong>non</strong></span> <span class='ocrx_word' id='word_1_648' title='bbox 2421 3706 2435 3753; x_wconf 90' lang='lat'><strong>;</strong></span> <span class='ocrx_word' id='word_1_649' title='bbox 2465 3689 2567 3741; x_wconf 89' lang='lat' dir='ltr'><strong>hoc</strong></span> <span class='ocrx_word' id='word_1_650' title='bbox 2605 3702 2732 3741; x_wconf 88' lang='lat' dir='ltr'><strong>vero</strong></span> <span class='ocrx_word' id='word_1_651' title='bbox 2758 3687 2845 3740; x_wconf 92' lang='lat' dir='ltr'><strong>ubi</strong></span> <span class='ocrx_word' id='word_1_652' title='bbox 2876 3687 2946 3738; x_wconf 91' lang='lat' dir='ltr'><strong>ait</strong></span> <span class='ocrx_word' id='word_1_653' title='bbox 2973 3703 2985 3737; x_wconf 92' lang='lat'><strong>:</strong></span> <span class='ocrx_word' id='word_1_654' title='bbox 3016 3685 3214 3753; x_wconf 90' lang='lat' dir='ltr'><strong>Spiritu</strong></span> <span class='ocrx_word' id='word_1_655' title='bbox 3244 3683 3534 3742; x_wconf 87' lang='lat' dir='ltr'><strong>ambulate,</strong></span> <span class='ocrx_word' id='word_1_656' title='bbox 3565 3690 3618 3733; x_wconf 88' lang='lat' dir='ltr'><strong>et</strong></span> 
     </span>
    </p>
   </div>
   <div class='ocr_carea' id='block_1_84' title="bbox 2042 3771 3621 3850">
    <p class='ocr_par' dir='ltr' id='par_1_84' title="bbox 2042 3771 3621 3850">
     <span class='ocr_line' id='line_1_84' title="bbox 2042 3771 3621 3850; baseline -0.008 -12"><span class='ocrx_word' id='word_1_657' title='bbox 2042 3781 2505 3850; x_wconf 89' lang='lat' dir='ltr'><strong>concupiscentias</strong></span> <span class='ocrx_word' id='word_1_658' title='bbox 2532 3780 2708 3834; x_wconf 87' lang='lat' dir='ltr'><strong>carnis</strong></span> <span class='ocrx_word' id='word_1_659' title='bbox 2747 3792 2852 3832; x_wconf 92' lang='lat' dir='ltr'><strong>non</strong></span> <span class='ocrx_word' id='word_1_660' title='bbox 2883 3776 3217 3845; x_wconf 78' lang='lat' dir='ltr'><strong>perﬁceretis</strong></span> <span class='ocrx_word' id='word_1_661' title='bbox 3252 3774 3328 3845; x_wconf 92' lang='lat' dir='ltr'><strong>[et</strong></span> <span class='ocrx_word' id='word_1_662' title='bbox 3351 3771 3621 3827; x_wconf 84' lang='lat' dir='ltr'><strong>desideria</strong></span> 
     </span>
    </p>
   </div>
   <div class='ocr_carea' id='block_1_85' title="bbox 2042 3863 3623 3941">
    <p class='ocr_par' dir='ltr' id='par_1_85' title="bbox 2042 3863 3623 3941">
     <span class='ocr_line' id='line_1_85' title="bbox 2042 3863 3623 3941; baseline -0.008 -13"><span class='ocrx_word' id='word_1_663' title='bbox 2042 3877 2217 3929; x_wconf 85' lang='lat' dir='ltr'><strong>carnis</strong></span> <span class='ocrx_word' id='word_1_664' title='bbox 2245 3887 2309 3926; x_wconf 85' lang='lat' dir='ltr'><strong>ne</strong></span> <span class='ocrx_word' id='word_1_665' title='bbox 2333 3869 2713 3941; x_wconf 81' lang='lat' dir='ltr'><strong>perleceritis];</strong></span> <span class='ocrx_word' id='word_1_666' title='bbox 2740 3885 2913 3938; x_wconf 89' lang='lat' dir='ltr'><strong>neque</strong></span> <span class='ocrx_word' id='word_1_667' title='bbox 2937 3870 3078 3922; x_wconf 90' lang='lat' dir='ltr'><strong>enim</strong></span> <span class='ocrx_word' id='word_1_668' title='bbox 3110 3867 3180 3921; x_wconf 89' lang='lat' dir='ltr'><strong>ibi</strong></span> <span class='ocrx_word' id='word_1_669' title='bbox 3205 3865 3356 3930; x_wconf 91' lang='lat' dir='ltr'><strong>dicit,</strong></span> <span class='ocrx_word' id='word_1_670' title='bbox 3392 3881 3497 3919; x_wconf 88' lang='lat' dir='ltr'><strong>non</strong></span> <span class='ocrx_word' id='word_1_671' title='bbox 3521 3863 3623 3916; x_wconf 86' lang='lat' dir='ltr'><strong>sibi</strong></span> 
     </span>
    </p>
   </div>
   <div class='ocr_carea' id='block_1_86' title="bbox 2045 3953 3623 4033">
    <p class='ocr_par' dir='ltr' id='par_1_86' title="bbox 2045 3953 3623 4033">
     <span class='ocr_line' id='line_1_86' title="bbox 2045 3953 3623 4033; baseline -0.007 -16"><span class='ocrx_word' id='word_1_672' title='bbox 2045 3965 2292 4033; x_wconf 87' lang='lat' dir='ltr'><strong>adiacere</strong></span> <span class='ocrx_word' id='word_1_673' title='bbox 2318 3963 2490 4017; x_wconf 79' lang='lat' dir='ltr'><strong>facere</strong></span> <span class='ocrx_word' id='word_1_674' title='bbox 2520 3962 2742 4026; x_wconf 89' lang='lat' dir='ltr'><strong>bonum,</strong></span> <span class='ocrx_word' id='word_1_675' title='bbox 2775 3961 2866 4015; x_wconf 91' lang='lat' dir='ltr'><strong>sed</strong></span> <span class='ocrx_word' id='word_1_676' title='bbox 2895 3961 3186 4029; x_wconf 86' lang='lat' dir='ltr'><strong>perlicere;</strong></span> <span class='ocrx_word' id='word_1_677' title='bbox 3228 3971 3399 4025; x_wconf 88' lang='lat' dir='ltr'><strong>neque</strong></span> <span class='ocrx_word' id='word_1_678' title='bbox 3430 3957 3514 4009; x_wconf 68' lang='lat' dir='ltr'><strong>hic</strong></span> <span class='ocrx_word' id='word_1_679' title='bbox 3537 3953 3623 4007; x_wconf 66' lang='lat' dir='ltr'><strong>dio</strong></span> 
     </span>
    </p>
   </div>
   <div class='ocr_carea' id='block_1_87' title="bbox 2046 4044 3623 4124">
    <p class='ocr_par' dir='ltr' id='par_1_87' title="bbox 2046 4044 3623 4124">
     <span class='ocr_line' id='line_1_87' title="bbox 2046 4044 3623 4124; baseline -0.006 -16"><span class='ocrx_word' id='word_1_680' title='bbox 2046 4055 2138 4123; x_wconf 84' lang='lat' dir='ltr'><strong>cit,</strong></span> <span class='ocrx_word' id='word_1_681' title='bbox 2191 4053 2651 4124; x_wconf 87' lang='lat' dir='ltr'><strong>concupiscentias</strong></span> <span class='ocrx_word' id='word_1_682' title='bbox 2697 4052 2990 4105; x_wconf 83' lang='lat' dir='ltr'><strong>carnisne</strong></span> <span class='ocrx_word' id='word_1_683' title='bbox 3040 4047 3362 4109; x_wconf 68' lang='lat' dir='ltr'><strong>habueritis,</strong></span> <span class='ocrx_word' id='word_1_684' title='bbox 3412 4044 3507 4099; x_wconf 89' lang='lat' dir='ltr'><strong>sed</strong></span> <span class='ocrx_word' id='word_1_685' title='bbox 3559 4061 3623 4099; x_wconf 79' lang='lat' dir='ltr'><strong>nc</strong></span> 
     </span>
    </p>
   </div>
   <div class='ocr_carea' id='block_1_88' title="bbox 2051 4137 3626 4216">
    <p class='ocr_par' dir='ltr' id='par_1_88' title="bbox 2051 4137 3626 4216">
     <span class='ocr_line' id='line_1_88' title="bbox 2051 4137 3626 4216; baseline -0.009 -15"><span class='ocrx_word' id='word_1_686' title='bbox 2051 4146 2417 4216; x_wconf 81' lang='lat' dir='ltr'><strong>perfeceretis.</strong></span> <span class='ocrx_word' id='word_1_687' title='bbox 2453 4145 2610 4198; x_wconf 86' lang='lat' dir='ltr'><strong>Fiunt</strong></span> <span class='ocrx_word' id='word_1_688' title='bbox 2659 4144 2838 4212; x_wconf 87' lang='lat' dir='ltr'><strong>itaque</strong></span> <span class='ocrx_word' id='word_1_689' title='bbox 2889 4144 2940 4196; x_wconf 93' lang='lat' dir='ltr'><strong>in</strong></span> <span class='ocrx_word' id='word_1_690' title='bbox 2982 4140 3137 4195; x_wconf 89' lang='lat' dir='ltr'><strong>nobis</strong></span> <span class='ocrx_word' id='word_1_691' title='bbox 3181 4137 3626 4206; x_wconf 66' lang='lat' dir='ltr'><strong>concupiscentim</strong></span> 
     </span>
    </p>
   </div>
   <div class='ocr_carea' id='block_1_89' title="bbox 2051 4227 3626 4310">
    <p class='ocr_par' dir='ltr' id='par_1_89' title="bbox 2051 4227 3626 4310">
     <span class='ocr_line' id='line_1_89' title="bbox 2051 4227 3626 4310; baseline -0.009 -15"><span class='ocrx_word' id='word_1_692' title='bbox 2051 4241 2228 4305; x_wconf 66' lang='lat' dir='ltr'><strong>malae,</strong></span> <span class='ocrx_word' id='word_1_693' title='bbox 2259 4239 2474 4310; x_wconf 84' lang='lat' dir='ltr'><strong>quando</strong></span> <span class='ocrx_word' id='word_1_694' title='bbox 2507 4237 2590 4292; x_wconf 87' lang='lat' dir='ltr'><strong>hic</strong></span> <span class='ocrx_word' id='word_1_695' title='bbox 2623 4234 2722 4310; x_wconf 87' lang='lat' dir='ltr'><strong>[id]</strong></span> <span class='ocrx_word' id='word_1_696' title='bbox 2746 4236 2884 4305; x_wconf 86' lang='lat' dir='ltr'><strong>quod</strong></span> <span class='ocrx_word' id='word_1_697' title='bbox 2917 4250 3020 4288; x_wconf 89' lang='lat' dir='ltr'><strong>non</strong></span> <span class='ocrx_word' id='word_1_698' title='bbox 3047 4235 3169 4287; x_wconf 84' lang='lat' dir='ltr'><strong>licet</strong></span> <span class='ocrx_word' id='word_1_699' title='bbox 3209 4232 3357 4295; x_wconf 86' lang='lat' dir='ltr'><strong>libet,</strong></span> <span class='ocrx_word' id='word_1_700' title='bbox 3392 4227 3484 4282; x_wconf 87' lang='lat' dir='ltr'><strong>sed</strong></span> <span class='ocrx_word' id='word_1_701' title='bbox 3517 4243 3626 4281; x_wconf 87' lang='lat' dir='ltr'><strong>non</strong></span> 
     </span>
    </p>
   </div>
   <div class='ocr_carea' id='block_1_90' title="bbox 2052 4321 3627 4402">
    <p class='ocr_par' dir='ltr' id='par_1_90' title="bbox 2052 4321 3627 4402">
     <span class='ocr_line' id='line_1_90' title="bbox 2052 4321 3627 4402; baseline -0.008 -17"><span class='ocrx_word' id='word_1_702' title='bbox 2052 4333 2418 4402; x_wconf 87' lang='lat' dir='ltr'><strong>perﬁciuntur,</strong></span> <span class='ocrx_word' id='word_1_703' title='bbox 2451 4347 2571 4386; x_wconf 94' lang='lat' dir='ltr'><strong>cum</strong></span> <span class='ocrx_word' id='word_1_704' title='bbox 2597 4329 2698 4399; x_wconf 87' lang='lat' dir='ltr'><strong>legi</strong></span> <span class='ocrx_word' id='word_1_705' title='bbox 2729 4329 2822 4383; x_wconf 85' lang='lat' dir='ltr'><strong>Dei</strong></span> <span class='ocrx_word' id='word_1_706' title='bbox 2855 4339 3030 4382; x_wconf 90' lang='lat' dir='ltr'><strong>mente</strong></span> <span class='ocrx_word' id='word_1_707' title='bbox 3054 4326 3341 4390; x_wconf 85' lang='lat' dir='ltr'><strong>serviente,</strong></span> <span class='ocrx_word' id='word_1_708' title='bbox 3377 4321 3627 4377; x_wconf 90' lang='lat' dir='ltr'><strong>libidines</strong></span> 
     </span>
    </p>
   </div>
   <div class='ocr_carea' id='block_1_91' title="bbox 2052 4415 3622 4489">
    <p class='ocr_par' dir='ltr' id='par_1_91' title="bbox 2052 4415 3622 4489">
     <span class='ocr_line' id='line_1_91' title="bbox 2052 4415 3622 4489; baseline -0.009 -11"><span class='ocrx_word' id='word_1_709' title='bbox 2052 4425 2427 4489; x_wconf 90' lang='lat' dir='ltr'><strong>continentur;</strong></span> <span class='ocrx_word' id='word_1_710' title='bbox 2461 4433 2514 4478; x_wconf 92' lang='lat' dir='ltr'><strong>et</strong></span> <span class='ocrx_word' id='word_1_711' title='bbox 2545 4423 2740 4476; x_wconf 89' lang='lat' dir='ltr'><strong>bonum</strong></span> <span class='ocrx_word' id='word_1_712' title='bbox 2776 4423 2830 4474; x_wconf 90' lang='lat' dir='ltr'><strong>ﬁt</strong></span> <span class='ocrx_word' id='word_1_713' title='bbox 2865 4436 2986 4474; x_wconf 88' lang='lat' dir='ltr'><strong>cum</strong></span> <span class='ocrx_word' id='word_1_714' title='bbox 3019 4419 3070 4473; x_wconf 89' lang='lat' dir='ltr'><strong>id</strong></span> <span class='ocrx_word' id='word_1_715' title='bbox 3098 4418 3236 4488; x_wconf 88' lang='lat' dir='ltr'><strong>quod</strong></span> <span class='ocrx_word' id='word_1_716' title='bbox 3290 4417 3426 4470; x_wconf 87' lang='lat' dir='ltr'><strong>male</strong></span> <span class='ocrx_word' id='word_1_717' title='bbox 3473 4415 3622 4475; x_wconf 91' lang='lat' dir='ltr'><strong>libet,</strong></span> 
     </span>
    </p>
   </div>
   <div class='ocr_carea' id='block_1_92' title="bbox 356 4505 3630 4584">
    <p class='ocr_par' dir='ltr' id='par_1_92' title="bbox 356 4505 3630 4584">
     <span class='ocr_line' id='line_1_92' title="bbox 356 4505 3630 4584; baseline -0.004 -15"><span class='ocrx_word' id='word_1_718' title='bbox 356 4531 464 4569; x_wconf 73' lang='lat' dir='ltr'><strong>sua</strong></span> <span class='ocrx_word' id='word_1_719' title='bbox 502 4517 920 4584; x_wconf 85' lang='lat' dir='ltr'><strong>concupisceret,</strong></span> <span class='ocrx_word' id='word_1_720' title='bbox 975 4513 1026 4567; x_wconf 92' lang='lat' dir='ltr'><strong>id</strong></span> <span class='ocrx_word' id='word_1_721' title='bbox 1073 4522 1156 4567; x_wconf 89' lang='lat' dir='ltr'><strong>est</strong></span> <span class='ocrx_word' id='word_1_722' title='bbox 1199 4514 1310 4580; x_wconf 90' lang='lat' dir='ltr'><strong>ipsa</strong></span> <span class='ocrx_word' id='word_1_723' title='bbox 1367 4514 1581 4568; x_wconf 88' lang='lat' dir='ltr'><strong>sibimet</strong></span> <span class='ocrx_word' id='word_1_724' title='bbox 1620 4514 1742 4583; x_wconf 87' lang='lat' dir='ltr'><strong>ipsi,</strong></span> <span class='ocrx_word' id='word_1_725' title='bbox 1781 4529 1846 4569; x_wconf 78' lang='lat' dir='ltr'><strong>ex</strong></span> <span class='ocrx_word' id='word_1_726' title='bbox 1884 4529 1946 4569; x_wconf 90' lang='lat' dir='ltr'><strong>ea</strong></span> <span class='ocrx_word' id='word_1_727' title='bbox 1977 4505 2026 4564; x_wconf 85' lang='lat' dir='ltr'><strong>D</strong></span> <span class='ocrx_word' id='word_1_728' title='bbox 2055 4517 2299 4570; x_wconf 87' lang='lat' dir='ltr'><strong>vincente</strong></span> <span class='ocrx_word' id='word_1_729' title='bbox 2329 4516 2464 4569; x_wconf 90' lang='lat' dir='ltr'><strong>bona</strong></span> <span class='ocrx_word' id='word_1_730' title='bbox 2495 4513 2872 4576; x_wconf 87' lang='lat' dir='ltr'><strong>delectatione,</strong></span> <span class='ocrx_word' id='word_1_731' title='bbox 2907 4527 3011 4564; x_wconf 89' lang='lat' dir='ltr'><strong>non</strong></span> <span class='ocrx_word' id='word_1_732' title='bbox 3041 4509 3135 4576; x_wconf 89' lang='lat' dir='ltr'><strong>ﬁt;</strong></span> <span class='ocrx_word' id='word_1_733' title='bbox 3170 4509 3263 4564; x_wconf 90' lang='lat' dir='ltr'><strong>sed</strong></span> <span class='ocrx_word' id='word_1_734' title='bbox 3297 4507 3420 4563; x_wconf 92' lang='lat' dir='ltr'><strong>boni</strong></span> <span class='ocrx_word' id='word_1_735' title='bbox 3455 4506 3630 4575; x_wconf 83' lang='lat' dir='ltr'><strong>perfe-</strong></span> 
     </span>
    </p>
   </div>
   <div class='ocr_carea' id='block_1_93' title="bbox 361 4603 1951 4676">
    <p class='ocr_par' dir='ltr' id='par_1_93' title="bbox 361 4603 1951 4676">
     <span class='ocr_line' id='line_1_93' title="bbox 361 4603 1951 4676; baseline 0.004 -20"><span class='ocrx_word' id='word_1_736' title='bbox 361 4615 522 4673; x_wconf 85' lang='lat' dir='ltr'><strong>parte</strong></span> <span class='ocrx_word' id='word_1_737' title='bbox 549 4620 647 4674; x_wconf 91' lang='lat' dir='ltr'><strong>qua</strong></span> <span class='ocrx_word' id='word_1_738' title='bbox 682 4605 734 4658; x_wconf 92' lang='lat' dir='ltr'><strong>in</strong></span> <span class='ocrx_word' id='word_1_739' title='bbox 768 4619 928 4659; x_wconf 90' lang='lat' dir='ltr'><strong>carne</strong></span> <span class='ocrx_word' id='word_1_740' title='bbox 970 4603 1236 4658; x_wconf 88' lang='lat' dir='ltr'><strong>inﬁrmata</strong></span> <span class='ocrx_word' id='word_1_741' title='bbox 1277 4612 1378 4670; x_wconf 88' lang='lat' dir='ltr'><strong>est,</strong></span> <span class='ocrx_word' id='word_1_742' title='bbox 1424 4617 1766 4676; x_wconf 83' lang='lat' dir='ltr'><strong>repugnaret.</strong></span> <span class='ocrx_word' id='word_1_743' title='bbox 1810 4607 1951 4663; x_wconf 85' lang='lat' dir='ltr'><strong>Caro</strong></span> 
     </span>
    </p>
   </div>
   <div class='ocr_carea' id='block_1_94' title="bbox 363 4700 1950 4770">
    <p class='ocr_par' dir='ltr' id='par_1_94' title="bbox 363 4700 1950 4770">
     <span class='ocr_line' id='line_1_94' title="bbox 363 4700 1950 4770; baseline 0.001 -16"><span class='ocrx_word' id='word_1_744' title='bbox 363 4701 515 4754; x_wconf 86' lang='lat' dir='ltr'><strong>enim</strong></span> <span class='ocrx_word' id='word_1_745' title='bbox 551 4700 684 4755; x_wconf 88' lang='lat' dir='ltr'><strong>nihil</strong></span> <span class='ocrx_word' id='word_1_746' title='bbox 714 4701 814 4754; x_wconf 89' lang='lat' dir='ltr'><strong>nisi</strong></span> <span class='ocrx_word' id='word_1_747' title='bbox 849 4715 948 4770; x_wconf 88' lang='lat' dir='ltr'><strong>per</strong></span> <span class='ocrx_word' id='word_1_748' title='bbox 978 4701 1211 4754; x_wconf 89' lang='lat' dir='ltr'><strong>animam</strong></span> <span class='ocrx_word' id='word_1_749' title='bbox 1244 4700 1596 4770; x_wconf 86' lang='lat' dir='ltr'><strong>concupiscit,</strong></span> <span class='ocrx_word' id='word_1_750' title='bbox 1629 4701 1724 4756; x_wconf 84' lang='lat' dir='ltr'><strong>sed</strong></span> <span class='ocrx_word' id='word_1_751' title='bbox 1752 4715 1950 4756; x_wconf 84' lang='lat' dir='ltr'><strong>concu-</strong></span> 
     </span>
    </p>
   </div>
   <div class='ocr_carea' id='block_1_95' title="bbox 365 4793 1949 4864">
    <p class='ocr_par' dir='ltr' id='par_1_95' title="bbox 365 4793 1949 4864">
     <span class='ocr_line' id='line_1_95' title="bbox 365 4793 1949 4864; baseline 0.003 -19"><span class='ocrx_word' id='word_1_752' title='bbox 365 4795 578 4863; x_wconf 85' lang='lat' dir='ltr'><strong>piscere</strong></span> <span class='ocrx_word' id='word_1_753' title='bbox 634 4807 763 4847; x_wconf 87' lang='lat' dir='ltr'><strong>caro</strong></span> <span class='ocrx_word' id='word_1_754' title='bbox 819 4794 1077 4848; x_wconf 81' lang='lat' dir='ltr'><strong>adversus</strong></span> <span class='ocrx_word' id='word_1_755' title='bbox 1138 4793 1400 4863; x_wconf 83' lang='lat' dir='ltr'><strong>Spiritum</strong></span> <span class='ocrx_word' id='word_1_756' title='bbox 1455 4793 1658 4850; x_wconf 86' lang='lat' dir='ltr'><strong>dicitur</strong></span> <span class='ocrx_word' id='word_1_757' title='bbox 1696 4794 1949 4864; x_wconf 86' lang='lat' dir='ltr'><strong>:quando</strong></span> 
     </span>
    </p>
   </div>
   <div class='ocr_carea' id='block_1_96' title="bbox 361 4883 1948 4955">
    <p class='ocr_par' dir='ltr' id='par_1_96' title="bbox 361 4883 1948 4955">
     <span class='ocr_line' id='line_1_96' title="bbox 361 4883 1948 4955; baseline 0.002 -18"><span class='ocrx_word' id='word_1_758' title='bbox 361 4886 547 4939; x_wconf 82' lang='lat' dir='ltr'><strong>anima</strong></span> <span class='ocrx_word' id='word_1_759' title='bbox 575 4883 774 4938; x_wconf 80' lang='lat' dir='ltr'><strong>carnali</strong></span> <span class='ocrx_word' id='word_1_760' title='bbox 817 4885 1252 4954; x_wconf 90' lang='lat' dir='ltr'><strong>concupiscentia</strong></span> <span class='ocrx_word' id='word_1_761' title='bbox 1296 4887 1487 4955; x_wconf 90' lang='lat' dir='ltr'><strong>spiritu</strong></span> <span class='ocrx_word' id='word_1_762' title='bbox 1520 4885 1831 4951; x_wconf 86' lang='lat' dir='ltr'><strong>reluctatur,</strong></span> <span class='ocrx_word' id='word_1_763' title='bbox 1866 4895 1948 4940; x_wconf 89' lang='lat' dir='ltr'><strong>to-</strong></span> 
     </span>
    </p>
   </div>
   <div class='ocr_carea' id='block_1_97' title="bbox 363 4977 1948 5048">
    <p class='ocr_par' dir='ltr' id='par_1_97' title="bbox 363 4977 1948 5048">
     <span class='ocr_line' id='line_1_97' title="bbox 363 4977 1948 5048; baseline 0.004 -18"><span class='ocrx_word' id='word_1_764' title='bbox 363 4987 484 5030; x_wconf 86' lang='lat' dir='ltr'><strong>tum</strong></span> <span class='ocrx_word' id='word_1_765' title='bbox 527 4977 630 5031; x_wconf 89' lang='lat' dir='ltr'><strong>hoc</strong></span> <span class='ocrx_word' id='word_1_766' title='bbox 677 4991 774 5032; x_wconf 89' lang='lat' dir='ltr'><strong>nos</strong></span> <span class='ocrx_word' id='word_1_767' title='bbox 803 4991 1024 5042; x_wconf 87' lang='lat' dir='ltr'><strong>sumus;</strong></span> <span class='ocrx_word' id='word_1_768' title='bbox 1067 4987 1121 5031; x_wconf 84' lang='lat' dir='ltr'><strong>et</strong></span> <span class='ocrx_word' id='word_1_769' title='bbox 1165 4992 1292 5032; x_wconf 89' lang='lat' dir='ltr'><strong>caro</strong></span> <span class='ocrx_word' id='word_1_770' title='bbox 1323 4979 1459 5047; x_wconf 89' lang='lat' dir='ltr'><strong>ipsa,</strong></span> <span class='ocrx_word' id='word_1_771' title='bbox 1493 4993 1612 5048; x_wconf 70' lang='lat' dir='ltr'><strong>quae</strong></span> <span class='ocrx_word' id='word_1_772' title='bbox 1638 4979 1948 5036; x_wconf 87' lang='lat' dir='ltr'><strong>discedente</strong></span> 
     </span>
    </p>
   </div>
   <div class='ocr_carea' id='block_1_98' title="bbox 361 5067 1948 5141">
    <p class='ocr_par' dir='ltr' id='par_1_98' title="bbox 361 5067 1948 5141">
     <span class='ocr_line' id='line_1_98' title="bbox 361 5067 1948 5141; baseline 0.004 -20"><span class='ocrx_word' id='word_1_773' title='bbox 361 5067 544 5122; x_wconf 74' lang='lat' dir='ltr'><strong>anima</strong></span> <span class='ocrx_word' id='word_1_774' title='bbox 565 5068 811 5132; x_wconf 85' lang='lat' dir='ltr'><strong>moritur,</strong></span> <span class='ocrx_word' id='word_1_775' title='bbox 838 5078 1017 5123; x_wconf 88' lang='lat' dir='ltr'><strong>nostra</strong></span> <span class='ocrx_word' id='word_1_776' title='bbox 1048 5085 1169 5138; x_wconf 88' lang='lat' dir='ltr'><strong>pars</strong></span> <span class='ocrx_word' id='word_1_777' title='bbox 1193 5071 1380 5124; x_wconf 84' lang='lat' dir='ltr'><strong>inﬁma</strong></span> <span class='ocrx_word' id='word_1_778' title='bbox 1407 5081 1508 5134; x_wconf 88' lang='lat' dir='ltr'><strong>est,</strong></span> <span class='ocrx_word' id='word_1_779' title='bbox 1553 5087 1657 5126; x_wconf 89' lang='lat' dir='ltr'><strong>non</strong></span> <span class='ocrx_word' id='word_1_780' title='bbox 1700 5069 1948 5141; x_wconf 83' lang='lat' dir='ltr'><strong>fugienda</strong></span> 
     </span>
    </p>
   </div>
   <div class='ocr_carea' id='block_1_99' title="bbox 363 5158 1946 5233">
    <p class='ocr_par' dir='ltr' id='par_1_99' title="bbox 363 5158 1946 5233">
     <span class='ocr_line' id='line_1_99' title="bbox 363 5158 1946 5233; baseline 0.001 -19"><span class='ocrx_word' id='word_1_781' title='bbox 363 5158 672 5224; x_wconf 81' lang='lat' dir='ltr'><strong>dimittitur,</strong></span> <span class='ocrx_word' id='word_1_782' title='bbox 701 5159 798 5216; x_wconf 84' lang='lat' dir='ltr'><strong>sed</strong></span> <span class='ocrx_word' id='word_1_783' title='bbox 820 5161 1124 5229; x_wconf 86' lang='lat' dir='ltr'><strong>recipienda</strong></span> <span class='ocrx_word' id='word_1_784' title='bbox 1157 5162 1434 5228; x_wconf 89' lang='lat' dir='ltr'><strong>reponitur</strong></span> <span class='ocrx_word' id='word_1_785' title='bbox 1456 5161 1815 5233; x_wconf 86' lang='lat' dir='ltr'><strong>[deponitur],</strong></span> <span class='ocrx_word' id='word_1_786' title='bbox 1848 5176 1946 5216; x_wconf 90' lang='lat' dir='ltr'><strong>nec</strong></span> 
     </span>
    </p>
   </div>
   <div class='ocr_carea' id='block_1_100' title="bbox 366 5247 1950 5322">
    <p class='ocr_par' dir='ltr' id='par_1_100' title="bbox 366 5247 1950 5322">
     <span class='ocr_line' id='line_1_100' title="bbox 366 5247 1950 5322; baseline 0.003 -18"><span class='ocrx_word' id='word_1_787' title='bbox 366 5258 584 5319; x_wconf 81' lang='lat' dir='ltr'><strong>recepta</strong></span> <span class='ocrx_word' id='word_1_788' title='bbox 615 5247 836 5306; x_wconf 89' lang='lat' dir='ltr'><strong>ulterius</strong></span> <span class='ocrx_word' id='word_1_789' title='bbox 865 5250 1218 5320; x_wconf 85' lang='lat' dir='ltr'><strong>relinquetur.</strong></span> <span class='ocrx_word' id='word_1_790' title='bbox 1246 5252 1558 5307; x_wconf 90' lang='lat' dir='ltr'><strong>Seminatnr</strong></span> <span class='ocrx_word' id='word_1_791' title='bbox 1587 5255 1728 5308; x_wconf 90' lang='lat' dir='ltr'><strong>enim</strong></span> <span class='ocrx_word' id='word_1_792' title='bbox 1756 5267 1950 5322; x_wconf 89' lang='lat' dir='ltr'><strong>corpus</strong></span> 
     </span>
    </p>
   </div>
   <div class='ocr_carea' id='block_1_101' title="bbox 365 5339 1940 5413">
    <p class='ocr_par' dir='ltr' id='par_1_101' title="bbox 365 5339 1940 5413">
     <span class='ocr_line' id='line_1_101' title="bbox 365 5339 1940 5413; baseline 0.002 -17"><span class='ocrx_word' id='word_1_793' title='bbox 365 5339 622 5406; x_wconf 82' lang='lat' dir='ltr'><strong>animale,</strong></span> <span class='ocrx_word' id='word_1_794' title='bbox 655 5342 827 5412; x_wconf 87' lang='lat' dir='ltr'><strong>surgit</strong></span> <span class='ocrx_word' id='word_1_795' title='bbox 853 5356 1049 5411; x_wconf 88' lang='lat' dir='ltr'><strong>corpus</strong></span> <span class='ocrx_word' id='word_1_796' title='bbox 1080 5344 1337 5410; x_wconf 89' lang='lat' dir='ltr'><strong>spiritale.</strong></span> <span class='ocrx_word' id='word_1_797' title='bbox 1371 5344 1522 5398; x_wconf 86' lang='lat' dir='ltr'><strong>Tunc</strong></span> <span class='ocrx_word' id='word_1_798' title='bbox 1559 5344 1666 5413; x_wconf 83' lang='lat' dir='ltr'><strong>iant</strong></span> <span class='ocrx_word' id='word_1_799' title='bbox 1709 5359 1834 5398; x_wconf 86' lang='lat' dir='ltr'><strong>caro</strong></span> <span class='ocrx_word' id='word_1_800' title='bbox 1863 5346 1940 5399; x_wconf 87' lang='lat' dir='ltr'><strong>ni-</strong></span> 
     </span>
    </p>
   </div>
   <div class='ocr_carea' id='block_1_102' title="bbox 367 5432 1947 5506">
    <p class='ocr_par' dir='ltr' id='par_1_102' title="bbox 367 5432 1947 5506">
     <span class='ocr_line' id='line_1_102' title="bbox 367 5432 1947 5506; baseline 0.002 -18"><span class='ocrx_word' id='word_1_801' title='bbox 367 5432 444 5488; x_wconf 83' lang='lat' dir='ltr'><strong>hil</strong></span> <span class='ocrx_word' id='word_1_802' title='bbox 475 5434 810 5501; x_wconf 76' lang='lat' dir='ltr'><strong>occupist-it</strong></span> <span class='ocrx_word' id='word_1_803' title='bbox 855 5435 1116 5489; x_wconf 88' lang='lat' dir='ltr'><strong>adversus</strong></span> <span class='ocrx_word' id='word_1_804' title='bbox 1163 5435 1430 5504; x_wconf 85' lang='lat' dir='ltr'><strong>spiritum,</strong></span> <span class='ocrx_word' id='word_1_805' title='bbox 1481 5435 1697 5504; x_wconf 91' lang='lat' dir='ltr'><strong>quando</strong></span> <span class='ocrx_word' id='word_1_806' title='bbox 1741 5445 1796 5490; x_wconf 91' lang='lat' dir='ltr'><strong>ct</strong></span> <span class='ocrx_word' id='word_1_807' title='bbox 1836 5435 1947 5506; x_wconf 90' lang='lat' dir='ltr'><strong>ipsa</strong></span> 
     </span>
    </p>
   </div>
   <div class='ocr_carea' id='block_1_103' title="bbox 365 5523 1950 5596">
    <p class='ocr_par' dir='ltr' id='par_1_103' title="bbox 365 5523 1950 5596">
     <span class='ocr_line' id='line_1_103' title="bbox 365 5523 1950 5596; baseline 0.003 -16"><span class='ocrx_word' id='word_1_808' title='bbox 365 5523 627 5594; x_wconf 81' lang='lat' dir='ltr'><strong>spiritalis</strong></span> <span class='ocrx_word' id='word_1_809' title='bbox 656 5525 953 5592; x_wconf 84' lang='lat' dir='ltr'><strong>vocabitur,</strong></span> <span class='ocrx_word' id='word_1_810' title='bbox 983 5528 1234 5596; x_wconf 91' lang='lat' dir='ltr'><strong>quoniam</strong></span> <span class='ocrx_word' id='word_1_811' title='bbox 1263 5525 1472 5596; x_wconf 85' lang='lat' dir='ltr'><strong>spiritui</strong></span> <span class='ocrx_word' id='word_1_812' title='bbox 1502 5541 1605 5579; x_wconf 90' lang='lat' dir='ltr'><strong>non</strong></span> <span class='ocrx_word' id='word_1_813' title='bbox 1631 5529 1803 5582; x_wconf 87' lang='lat' dir='ltr'><strong>solum</strong></span> <span class='ocrx_word' id='word_1_814' title='bbox 1833 5528 1950 5584; x_wconf 87' lang='lat' dir='ltr'><strong>sine</strong></span> 
     </span>
    </p>
   </div>
   <div class='ocr_carea' id='block_1_104' title="bbox 367 5619 1950 5692">
    <p class='ocr_par' dir='ltr' id='par_1_104' title="bbox 367 5619 1950 5692">
     <span class='ocr_line' id='line_1_104' title="bbox 367 5619 1950 5692; baseline 0.004 -20"><span class='ocrx_word' id='word_1_815' title='bbox 367 5619 479 5674; x_wconf 86' lang='lat' dir='ltr'><strong>ulla</strong></span> <span class='ocrx_word' id='word_1_816' title='bbox 510 5619 884 5687; x_wconf 71' lang='lat' dir='ltr'><strong>repugnantia,</strong></span> <span class='ocrx_word' id='word_1_817' title='bbox 932 5637 1118 5678; x_wconf 88' lang='lat' dir='ltr'><strong>verum</strong></span> <span class='ocrx_word' id='word_1_818' title='bbox 1159 5621 1321 5677; x_wconf 90' lang='lat' dir='ltr'><strong>etiam</strong></span> <span class='ocrx_word' id='word_1_819' title='bbox 1355 5620 1472 5675; x_wconf 87' lang='lat' dir='ltr'><strong>sine</strong></span> <span class='ocrx_word' id='word_1_820' title='bbox 1512 5619 1614 5674; x_wconf 89' lang='lat' dir='ltr'><strong>ulla</strong></span> <span class='ocrx_word' id='word_1_821' title='bbox 1647 5623 1950 5692; x_wconf 86' lang='lat' dir='ltr'><strong>corporalis</strong></span> 
     </span>
    </p>
   </div>
   <div class='ocr_carea' id='block_1_105' title="bbox 370 5711 1950 5784">
    <p class='ocr_par' dir='ltr' id='par_1_105' title="bbox 370 5711 1950 5784">
     <span class='ocr_line' id='line_1_105' title="bbox 370 5711 1950 5784; baseline 0.005 -16"><span class='ocrx_word' id='word_1_822' title='bbox 370 5712 614 5772; x_wconf 86' lang='lat' dir='ltr'><strong>alimenti</strong></span> <span class='ocrx_word' id='word_1_823' title='bbox 655 5711 969 5784; x_wconf 81' lang='lat' dir='ltr'><strong>indigentia,</strong></span> <span class='ocrx_word' id='word_1_824' title='bbox 1021 5716 1074 5772; x_wconf 90' lang='lat' dir='ltr'><strong>in</strong></span> <span class='ocrx_word' id='word_1_825' title='bbox 1115 5724 1373 5772; x_wconf 68' lang='lat' dir='ltr'><strong>aeternum</strong></span> <span class='ocrx_word' id='word_1_826' title='bbox 1411 5713 1722 5772; x_wconf 81' lang='lat' dir='ltr'><strong>viviﬁcanda</strong></span> <span class='ocrx_word' id='word_1_827' title='bbox 1759 5715 1950 5777; x_wconf 79' lang='lat' dir='ltr'><strong>subde-</strong></span> 
     </span>
    </p>
   </div>
   <div class='ocr_carea' id='block_1_106' title="bbox 2056 4599 3632 4674">
    <p class='ocr_par' dir='ltr' id='par_1_106' title="bbox 2056 4599 3632 4674">
     <span class='ocr_line' id='line_1_106' title="bbox 2056 4599 3632 4674; baseline -0.009 -13"><span class='ocrx_word' id='word_1_828' title='bbox 2056 4607 2161 4662; x_wconf 92' lang='lat' dir='ltr'><strong>ctio</strong></span> <span class='ocrx_word' id='word_1_829' title='bbox 2193 4621 2298 4660; x_wconf 89' lang='lat' dir='ltr'><strong>non</strong></span> <span class='ocrx_word' id='word_1_830' title='bbox 2343 4604 2612 4674; x_wconf 90' lang='lat' dir='ltr'><strong>impletur,</strong></span> <span class='ocrx_word' id='word_1_831' title='bbox 2640 4601 2874 4672; x_wconf 91' lang='lat' dir='ltr'><strong>quandiu</strong></span> <span class='ocrx_word' id='word_1_832' title='bbox 2923 4601 3022 4670; x_wconf 84' lang='lat' dir='ltr'><strong>legi</strong></span> <span class='ocrx_word' id='word_1_833' title='bbox 3071 4599 3274 4670; x_wconf 88' lang='lat' dir='ltr'><strong>peccati</strong></span> <span class='ocrx_word' id='word_1_834' title='bbox 3325 4612 3485 4651; x_wconf 87' lang='lat' dir='ltr'><strong>carne</strong></span> <span class='ocrx_word' id='word_1_835' title='bbox 3517 4611 3632 4667; x_wconf 79' lang='lat' dir='ltr'><strong>ser-</strong></span> 
     </span>
    </p>
   </div>
   <div class='ocr_carea' id='block_1_107' title="bbox 2056 4692 3618 4767">
    <p class='ocr_par' dir='ltr' id='par_1_107' title="bbox 2056 4692 3618 4767">
     <span class='ocr_line' id='line_1_107' title="bbox 2056 4692 3618 4767; baseline -0.008 -12"><span class='ocrx_word' id='word_1_836' title='bbox 2056 4701 2233 4756; x_wconf 84' lang='lat' dir='ltr'><strong>viente</strong></span> <span class='ocrx_word' id='word_1_837' title='bbox 2263 4699 2424 4755; x_wconf 88' lang='lat' dir='ltr'><strong>libido</strong></span> <span class='ocrx_word' id='word_1_838' title='bbox 2453 4699 2626 4767; x_wconf 85' lang='lat' dir='ltr'><strong>illicit,</strong></span> <span class='ocrx_word' id='word_1_839' title='bbox 2666 4706 2742 4762; x_wconf 90' lang='lat' dir='ltr'><strong>et,</strong></span> <span class='ocrx_word' id='word_1_840' title='bbox 2778 4695 3025 4767; x_wconf 87' lang='lat' dir='ltr'><strong>quamvis</strong></span> <span class='ocrx_word' id='word_1_841' title='bbox 3057 4692 3410 4755; x_wconf 91' lang='lat' dir='ltr'><strong>contineatur,</strong></span> <span class='ocrx_word' id='word_1_842' title='bbox 3443 4702 3618 4743; x_wconf 86' lang='lat' dir='ltr'><strong>tamen</strong></span> 
     </span>
    </p>
   </div>
   <div class='ocr_carea' id='block_1_108' title="bbox 2056 4780 3628 4858">
    <p class='ocr_par' dir='ltr' id='par_1_108' title="bbox 2056 4780 3628 4858">
     <span class='ocr_line' id='line_1_108' title="bbox 2056 4780 3628 4858; baseline -0.006 -12"><span class='ocrx_word' id='word_1_843' title='bbox 2056 4801 2317 4846; x_wconf 88' lang='lat' dir='ltr'><strong>movetur.</strong></span> <span class='ocrx_word' id='word_1_844' title='bbox 2349 4789 2464 4844; x_wconf 77' lang='lat' dir='ltr'><strong>Non</strong></span> <span class='ocrx_word' id='word_1_845' title='bbox 2495 4791 2636 4843; x_wconf 90' lang='lat' dir='ltr'><strong>enim</strong></span> <span class='ocrx_word' id='word_1_846' title='bbox 2668 4804 2802 4858; x_wconf 82' lang='lat' dir='ltr'><strong>Opus</strong></span> <span class='ocrx_word' id='word_1_847' title='bbox 2833 4797 2994 4854; x_wconf 89' lang='lat' dir='ltr'><strong>esset,</strong></span> <span class='ocrx_word' id='word_1_848' title='bbox 3032 4795 3090 4840; x_wconf 91' lang='lat' dir='ltr'><strong>ut</strong></span> <span class='ocrx_word' id='word_1_849' title='bbox 3116 4785 3500 4850; x_wconf 91' lang='lat' dir='ltr'><strong>contineretur,</strong></span> <span class='ocrx_word' id='word_1_850' title='bbox 3527 4780 3628 4836; x_wconf 88' lang='lat' dir='ltr'><strong>nisl</strong></span> 
     </span>
    </p>
   </div>
   <div class='ocr_carea' id='block_1_109' title="bbox 2054 4875 3630 4950">
    <p class='ocr_par' dir='ltr' id='par_1_109' title="bbox 2054 4875 3630 4950">
     <span class='ocr_line' id='line_1_109' title="bbox 2054 4875 3630 4950; baseline -0.006 -13"><span class='ocrx_word' id='word_1_851' title='bbox 2054 4888 2380 4937; x_wconf 89' lang='lat' dir='ltr'><strong>moveretur.</strong></span> <span class='ocrx_word' id='word_1_852' title='bbox 2435 4879 2549 4934; x_wconf 80' lang='lat' dir='ltr'><strong>Erit</strong></span> <span class='ocrx_word' id='word_1_853' title='bbox 2593 4880 2912 4950; x_wconf 90' lang='lat' dir='ltr'><strong>quandoque</strong></span> <span class='ocrx_word' id='word_1_854' title='bbox 2957 4879 3117 4932; x_wconf 91' lang='lat' dir='ltr'><strong>etiam</strong></span> <span class='ocrx_word' id='word_1_855' title='bbox 3171 4876 3429 4946; x_wconf 81' lang='lat' dir='ltr'><strong>perfectio</strong></span> <span class='ocrx_word' id='word_1_856' title='bbox 3469 4875 3630 4943; x_wconf 84' lang='lat' dir='ltr'><strong>boni,</strong></span> 
     </span>
    </p>
   </div>
   <div class='ocr_carea' id='block_1_110' title="bbox 2054 4966 3635 5041">
    <p class='ocr_par' dir='ltr' id='par_1_110' title="bbox 2054 4966 3635 5041">
     <span class='ocr_line' id='line_1_110' title="bbox 2054 4966 3635 5041; baseline -0.004 -15"><span class='ocrx_word' id='word_1_857' title='bbox 2054 4971 2266 5041; x_wconf 88' lang='lat' dir='ltr'><strong>quando</strong></span> <span class='ocrx_word' id='word_1_858' title='bbox 2306 4973 2642 5040; x_wconf 90' lang='lat' dir='ltr'><strong>consumptio</strong></span> <span class='ocrx_word' id='word_1_859' title='bbox 2687 4970 2808 5023; x_wconf 91' lang='lat' dir='ltr'><strong>mali</strong></span> <span class='ocrx_word' id='word_1_860' title='bbox 2843 4987 2855 5022; x_wconf 91' lang='lat'><strong>:</strong></span> <span class='ocrx_word' id='word_1_861' title='bbox 2889 4968 3020 5024; x_wconf 91' lang='lat' dir='ltr'><strong>illud</strong></span> <span class='ocrx_word' id='word_1_862' title='bbox 3065 4983 3365 5034; x_wconf 87' lang='lat' dir='ltr'><strong>summum,</strong></span> <span class='ocrx_word' id='word_1_863' title='bbox 3402 4966 3503 5021; x_wconf 90' lang='lat' dir='ltr'><strong>hoc</strong></span> <span class='ocrx_word' id='word_1_864' title='bbox 3534 4967 3635 5020; x_wconf 89' lang='lat' dir='ltr'><strong>erit</strong></span> 
     </span>
    </p>
   </div>
   <div class='ocr_carea' id='block_1_111' title="bbox 2055 5058 3637 5130">
    <p class='ocr_par' dir='ltr' id='par_1_111' title="bbox 2055 5058 3637 5130">
     <span class='ocr_line' id='line_1_111' title="bbox 2055 5058 3637 5130; baseline -0.006 -12"><span class='ocrx_word' id='word_1_865' title='bbox 2055 5063 2280 5118; x_wconf 88' lang='lat' dir='ltr'><strong>nttllum.</strong></span> <span class='ocrx_word' id='word_1_866' title='bbox 2307 5063 2458 5130; x_wconf 86' lang='lat' dir='ltr'><strong>Quod</strong></span> <span class='ocrx_word' id='word_1_867' title='bbox 2489 5063 2532 5116; x_wconf 92' lang='lat' dir='ltr'><strong>si</strong></span> <span class='ocrx_word' id='word_1_868' title='bbox 2577 5062 2626 5115; x_wconf 93' lang='lat' dir='ltr'><strong>in</strong></span> <span class='ocrx_word' id='word_1_869' title='bbox 2660 5062 2755 5115; x_wconf 91' lang='lat' dir='ltr'><strong>ista</strong></span> <span class='ocrx_word' id='word_1_870' title='bbox 2782 5061 3103 5115; x_wconf 88' lang='lat' dir='ltr'><strong>mortalitate</strong></span> <span class='ocrx_word' id='word_1_871' title='bbox 3134 5058 3456 5130; x_wconf 82' lang='lat' dir='ltr'><strong>sperandum</strong></span> <span class='ocrx_word' id='word_1_872' title='bbox 3486 5066 3637 5125; x_wconf 83' lang='lat' dir='ltr'><strong>puta-</strong></span> 
     </span>
    </p>
   </div>
   <div class='ocr_carea' id='block_1_112' title="bbox 2054 5151 3634 5221">
    <p class='ocr_par' dir='ltr' id='par_1_112' title="bbox 2054 5151 3634 5221">
     <span class='ocr_line' id='line_1_112' title="bbox 2054 5151 3634 5221; baseline -0.005 -12"><span class='ocrx_word' id='word_1_873' title='bbox 2054 5171 2194 5218; x_wconf 92' lang='lat' dir='ltr'><strong>mus,</strong></span> <span class='ocrx_word' id='word_1_874' title='bbox 2225 5154 2476 5208; x_wconf 83' lang='lat' dir='ltr'><strong>l‘allimur.</strong></span> <span class='ocrx_word' id='word_1_875' title='bbox 2509 5152 2658 5207; x_wconf 90' lang='lat' dir='ltr'><strong>Tunc</strong></span> <span class='ocrx_word' id='word_1_876' title='bbox 2705 5153 2848 5207; x_wconf 88' lang='lat' dir='ltr'><strong>enim</strong></span> <span class='ocrx_word' id='word_1_877' title='bbox 2903 5151 3037 5219; x_wconf 90' lang='lat' dir='ltr'><strong>erit,</strong></span> <span class='ocrx_word' id='word_1_878' title='bbox 3086 5151 3302 5221; x_wconf 89' lang='lat' dir='ltr'><strong>quando</strong></span> <span class='ocrx_word' id='word_1_879' title='bbox 3343 5163 3486 5203; x_wconf 89' lang='lat' dir='ltr'><strong>mors</strong></span> <span class='ocrx_word' id='word_1_880' title='bbox 3532 5161 3634 5201; x_wconf 93' lang='lat' dir='ltr'><strong>non</strong></span> 
     </span>
    </p>
   </div>
   <div class='ocr_carea' id='block_1_113' title="bbox 2055 5239 3637 5312">
    <p class='ocr_par' dir='ltr' id='par_1_113' title="bbox 2055 5239 3637 5312">
     <span class='ocr_line' id='line_1_113' title="bbox 2055 5239 3637 5312; baseline -0.008 -10"><span class='ocrx_word' id='word_1_881' title='bbox 2055 5247 2177 5312; x_wconf 88' lang='lat' dir='ltr'><strong>erit,</strong></span> <span class='ocrx_word' id='word_1_882' title='bbox 2209 5255 2263 5301; x_wconf 92' lang='lat' dir='ltr'><strong>ct</strong></span> <span class='ocrx_word' id='word_1_883' title='bbox 2291 5246 2360 5300; x_wconf 91' lang='lat' dir='ltr'><strong>ibi</strong></span> <span class='ocrx_word' id='word_1_884' title='bbox 2391 5246 2514 5309; x_wconf 90' lang='lat' dir='ltr'><strong>erit,</strong></span> <span class='ocrx_word' id='word_1_885' title='bbox 2547 5245 2635 5299; x_wconf 88' lang='lat' dir='ltr'><strong>ubi</strong></span> <span class='ocrx_word' id='word_1_886' title='bbox 2673 5247 2778 5298; x_wconf 88' lang='lat' dir='ltr'><strong>vita</strong></span> <span class='ocrx_word' id='word_1_887' title='bbox 2828 5252 3026 5298; x_wconf 67' lang='lat' dir='ltr'><strong>aeterna</strong></span> <span class='ocrx_word' id='word_1_888' title='bbox 3073 5244 3200 5300; x_wconf 90' lang='lat' dir='ltr'><strong>erit.</strong></span> <span class='ocrx_word' id='word_1_889' title='bbox 3228 5243 3318 5296; x_wconf 92' lang='lat' dir='ltr'><strong>Illo</strong></span> <span class='ocrx_word' id='word_1_890' title='bbox 3347 5239 3487 5292; x_wconf 92' lang='lat' dir='ltr'><strong>enim</strong></span> <span class='ocrx_word' id='word_1_891' title='bbox 3536 5252 3637 5290; x_wconf 77' lang='lat' dir='ltr'><strong>sa:-</strong></span> 
     </span>
    </p>
   </div>
   <div class='ocr_carea' id='block_1_114' title="bbox 2056 5328 3634 5408">
    <p class='ocr_par' dir='ltr' id='par_1_114' title="bbox 2056 5328 3634 5408">
     <span class='ocr_line' id='line_1_114' title="bbox 2056 5328 3634 5408; baseline -0.008 -16"><span class='ocrx_word' id='word_1_892' title='bbox 2056 5337 2177 5392; x_wconf 91' lang='lat' dir='ltr'><strong>culo</strong></span> <span class='ocrx_word' id='word_1_893' title='bbox 2203 5337 2285 5407; x_wconf 78' lang='lat' dir='ltr'><strong>[In</strong></span> <span class='ocrx_word' id='word_1_894' title='bbox 2316 5336 2406 5390; x_wconf 86' lang='lat' dir='ltr'><strong>illo</strong></span> <span class='ocrx_word' id='word_1_895' title='bbox 2434 5335 2573 5391; x_wconf 90' lang='lat' dir='ltr'><strong>enim</strong></span> <span class='ocrx_word' id='word_1_896' title='bbox 2623 5333 2865 5408; x_wconf 65' lang='lat' dir='ltr'><strong>sarculo],</strong></span> <span class='ocrx_word' id='word_1_897' title='bbox 2901 5343 2954 5387; x_wconf 93' lang='lat' dir='ltr'><strong>et</strong></span> <span class='ocrx_word' id='word_1_898' title='bbox 2995 5335 3046 5387; x_wconf 92' lang='lat' dir='ltr'><strong>in</strong></span> <span class='ocrx_word' id='word_1_899' title='bbox 3083 5334 3174 5386; x_wconf 79' lang='lat' dir='ltr'><strong>illo</strong></span> <span class='ocrx_word' id='word_1_900' title='bbox 3202 5344 3365 5398; x_wconf 85' lang='lat' dir='ltr'><strong>regno</strong></span> <span class='ocrx_word' id='word_1_901' title='bbox 3392 5330 3494 5382; x_wconf 92' lang='lat' dir='ltr'><strong>erit</strong></span> <span class='ocrx_word' id='word_1_902' title='bbox 3541 5328 3634 5380; x_wconf 79' lang='lat' dir='ltr'><strong>bo-</strong></span> 
     </span>
    </p>
   </div>
   <div class='ocr_carea' id='block_1_115' title="bbox 2063 5417 3634 5496">
    <p class='ocr_par' dir='ltr' id='par_1_115' title="bbox 2063 5417 3634 5496">
     <span class='ocr_line' id='line_1_115' title="bbox 2063 5417 3634 5496; baseline -0.007 -12"><span class='ocrx_word' id='word_1_903' title='bbox 2063 5443 2189 5484; x_wconf 90' lang='lat' dir='ltr'><strong>nutn</strong></span> <span class='ocrx_word' id='word_1_904' title='bbox 2232 5443 2521 5496; x_wconf 87' lang='lat' dir='ltr'><strong>summum,</strong></span> <span class='ocrx_word' id='word_1_905' title='bbox 2558 5436 2612 5482; x_wconf 90' lang='lat' dir='ltr'><strong>et</strong></span> <span class='ocrx_word' id='word_1_906' title='bbox 2639 5427 2835 5480; x_wconf 88' lang='lat' dir='ltr'><strong>malum</strong></span> <span class='ocrx_word' id='word_1_907' title='bbox 2867 5425 3090 5487; x_wconf 87' lang='lat' dir='ltr'><strong>nullum,</strong></span> <span class='ocrx_word' id='word_1_908' title='bbox 3121 5420 3330 5491; x_wconf 87' lang='lat' dir='ltr'><strong>quando</strong></span> <span class='ocrx_word' id='word_1_909' title='bbox 3360 5419 3460 5473; x_wconf 91' lang='lat' dir='ltr'><strong>erit</strong></span> <span class='ocrx_word' id='word_1_910' title='bbox 3487 5427 3541 5473; x_wconf 89' lang='lat' dir='ltr'><strong>et</strong></span> <span class='ocrx_word' id='word_1_911' title='bbox 3564 5417 3634 5473; x_wconf 90' lang='lat' dir='ltr'><strong>ibi</strong></span> 
     </span>
    </p>
   </div>
   <div class='ocr_carea' id='block_1_116' title="bbox 2070 5511 3634 5593">
    <p class='ocr_par' dir='ltr' id='par_1_116' title="bbox 2070 5511 3634 5593">
     <span class='ocr_line' id='line_1_116' title="bbox 2070 5511 3634 5593; baseline -0.004 -19"><span class='ocrx_word' id='word_1_912' title='bbox 2070 5519 2186 5593; x_wconf 89' lang='lat' dir='ltr'><strong>[ubi</strong></span> <span class='ocrx_word' id='word_1_913' title='bbox 2216 5519 2340 5590; x_wconf 90' lang='lat' dir='ltr'><strong>erit]</strong></span> <span class='ocrx_word' id='word_1_914' title='bbox 2372 5519 2647 5591; x_wconf 70' lang='lat' dir='ltr'><strong>sapientia:</strong></span> <span class='ocrx_word' id='word_1_915' title='bbox 2677 5533 2828 5574; x_wconf 87' lang='lat' dir='ltr'><strong>amor</strong></span> <span class='ocrx_word' id='word_1_916' title='bbox 2875 5527 3137 5584; x_wconf 89' lang='lat' dir='ltr'><strong>summus,</strong></span> <span class='ocrx_word' id='word_1_917' title='bbox 3181 5511 3525 5569; x_wconf 77' lang='lat' dir='ltr'><strong>continentia:</strong></span> <span class='ocrx_word' id='word_1_918' title='bbox 3557 5516 3634 5568; x_wconf 87' lang='lat' dir='ltr'><strong>la-</strong></span> 
     </span>
    </p>
   </div>
   <div class='ocr_carea' id='block_1_117' title="bbox 2059 5606 3628 5671">
    <p class='ocr_par' dir='ltr' id='par_1_117' title="bbox 2059 5606 3628 5671">
     <span class='ocr_line' id='line_1_117' title="bbox 2059 5606 3628 5671; baseline -0.015 0"><span class='ocrx_word' id='word_1_919' title='bbox 2059 5613 2157 5671; x_wconf 89' lang='lat' dir='ltr'><strong>bor</strong></span> <span class='ocrx_word' id='word_1_920' title='bbox 2183 5611 2378 5670; x_wconf 86' lang='lat' dir='ltr'><strong>nullus.</strong></span> <span class='ocrx_word' id='word_1_921' title='bbox 3621 5606 3628 5612; x_wconf 85' lang='lat'>&#39;</span> 
     </span>
    </p>
   </div>
  </div>
