3986 6190
477 266 584 322 855

1019 386 1244 442 CAPUT
1284 386 1511 441 CXCVI.

479 476 666 530 Utrum
686 475 831 530 aliud
864 477 928 531 sit
956 480 1154 541 anima,
1182 478 1325 530 aliud
1362 480 1592 543 Spiritus,
1630 496 1695 530 an
1721 490 1932 547 utroque
1959 495 2050 531 no-

546 548 680 619 mine
705 563 784 600 res
812 563 914 619 una
936 549 1180 601 nocetur?
1207 547 1290 600 Ex
1310 549 1436 601 libro
1461 550 1521 602 de
1555 549 1762 619 Origine
1783 550 1966 601 animm
1984 551 2050 601 ad

553 614 805 672 Victorem
840 617 1186 670 Vincentium.

549 726 737 782 Restat
767 728 1051 782 ostendere
1080 728 1548 796 quemadmodum,
1575 729 1815 798 quamvis
1847 737 1898 785 et
1928 743 2046 796 pro-

477 819 590 886 prie
617 818 823 872 dicatur
865 819 1107 886 spiritus,
1143 836 1245 872 non
1281 821 1526 874 universa
1573 823 1770 885 anima,
1819 820 1910 874 sed
1943 821 2045 873 ali-

474 909 599 978 quid
622 909 813 977 ipsius,
843 910 980 963 sicut
1005 912 1289 978 Apodolus
1319 913 1443 964 dicit
1470 931 1482 964 :
1508 911 1573 965 Et
1602 913 1804 981 integer
1830 912 2046 980 spiritus

476 1009 672 1064 vester,
702 1007 755 1054 et
783 999 982 1066 anima,
1014 1009 1067 1054 et
1095 1016 1306 1068 corpus.
1339 1002 1428 1056 Vel
1462 1003 1586 1055 illud
1627 1003 1794 1055 multo
1822 1016 2042 1069 expres-

473 1091 583 1143 sius
612 1091 662 1144 in
690 1089 825 1144 libro
854 1089 953 1144 Joh
980 1108 992 1142 :
1018 1090 1302 1144 AbsOiViSli
1331 1093 1559 1144 animam
1591 1106 1759 1145 meam
1783 1106 1812 1144 a
1853 1093 2041 1157 Spiritu

474 1197 594 1236 meo
623 1199 639 1247 ;
665 1190 844 1236 tamen
893 1192 942 1237 et
975 1183 1220 1236 universa
1269 1183 1566 1252 appellatur
1600 1185 1774 1236 anima
1809 1183 1907 1236 hoc
1947 1197 2042 1236 no-

472 1277 647 1339 mine;
675 1276 920 1346 quamvis
950 1276 1122 1331 multo
1151 1276 1318 1344 magis
1366 1275 1478 1330 hare
1507 1276 1730 1344 quaestio
1769 1276 2038 1329 nominum

473 1365 712 1419 videatur
753 1379 892 1429 esse,
937 1380 1044 1419 non
1088 1380 1290 1420 rerum.
1335 1365 1464 1418 Cum
1507 1367 1648 1419 enim
1679 1375 1886 1420 constet
1923 1380 2040 1419 esse

470 1457 671 1524 aliquid
701 1456 752 1510 in
777 1457 970 1520 anima,
997 1455 1139 1524 quod
1193 1457 1404 1524 proprie
1450 1458 1667 1524 spiritus
1717 1456 2038 1522 nominetur,

470 1562 575 1616 quo
606 1557 851 1616 excepto,
897 1546 1110 1615 proprie
1151 1548 1456 1600 nominatur
1499 1556 1554 1602 et
1597 1548 1795 1612 anima,
1821 1547 1928 1615 jam
1973 1549 2040 1602 de

471 1637 631 1692 rebus
659 1637 793 1704 ipsis
819 1637 961 1691 nulla
993 1639 1264 1692 contentio
1295 1647 1412 1702 est;
1439 1639 1733 1708 praesertim
1764 1639 1886 1708 quia
1915 1637 2039 1692 illud

1552 277 1611 328 ι).
1656 271 1979 328 ΕΕΟὶῘΨΙΙ
2019 271 2304 326 ABBATIS
2348 272 2666 327 AFRICANI

2088 382 2136 440 Α
2166 384 2394 448 peditius
2421 384 2563 452 quod
2593 384 2733 446 dico,
2769 382 2995 450 teipsum
3025 389 3210 435 testem
3235 383 3393 437 citius
3420 395 3472 437 et
3499 399 3731 439 commo-

3623 275 3730 331 856

2159 473 2275 526 dius
2303 474 2602 539 adhibebo;
2653 477 2732 528 sic
2777 474 2920 528 enim
2969 473 3213 542 spiritum
3255 474 3510 539 deﬁnisti,
3543 485 3602 529 ut
3642 491 3735 542 pe-

2157 577 2281 617 cora
2307 573 2604 633 appareant
2652 579 2755 618 non
2810 562 3056 632 spiritum
3112 563 3330 629 habere,
3361 565 3453 618 sed
3502 566 3734 618 animam

2156 653 2422 724 [habere].
2475 654 2810 708 lrrationalia
2855 653 2975 709 ideo
3031 655 3226 723 quippe
3261 655 3536 718 dicuntur,
3589 658 3735 723 quod

2153 746 2258 796 vim
2283 759 2386 798 non
2431 745 2662 798 habeant
2711 743 3078 810 intelligentia:
3120 754 3277 813 atque
3308 745 3548 800 rationis.
3582 745 3738 801 Unde

2151 850 2269 888 cum
2329 834 2600 888 hominem
2657 835 2829 901 ipsum
2886 849 3198 889 amrnonere
3251 836 3515 890 voluisses
3581 851 3737 890 suam

2152 937 2311 977 nosse
2343 931 2586 977 naturam
2617 923 2963 996 [admoneres
2984 938 3131 976 suam
3156 939 3316 978 nosse
3346 923 3633 995 naturam],
3666 927 3736 978 ita

2149 1013 2354 1068 locutus
2378 1027 2474 1066 es:
2509 1031 2526 1064 ι
2554 1012 2683 1067 Nam
2714 1029 2837 1066 cum
2869 1013 3007 1066 Deus
3041 1012 3213 1067 bonus
3236 1014 3363 1066 nihil
3389 1029 3494 1068 non
3523 1017 3736 1068 ratione

2146 1103 2438 1159 condiderit
2450 1105 2751 1173 ,ipsumque
2765 1104 3053 1169 hominem,
3069 1104 3264 1158 animal
3279 1121 3349 1158 ra;
3361 1103 3558 1170 ionale,
3575 1106 3726 1159 inte!-

2148 1199 2317 1250 lectus
2331 1211 2604 1264 capacem,
2618 1198 2840 1252 rationis
2859 1206 3155 1266 compotem
3179 1212 3443 1267 sensuque
3459 1198 3732 1261 vivacem,

2143 1289 2232 1356 qui
2252 1288 2427 1342 omnia
2448 1289 2665 1342 rationis
2683 1289 2918 1356 expertia
2936 1289 3181 1356 prudenti
3197 1289 3528 1345 ordinatione
3543 1290 3736 1343 distri-

2143 1379 2290 1443 buat,
2325 1381 2701 1447 prorreaverit.
2733 1397 2752 1430 ι
2797 1379 2890 1434 llis
2933 1380 3038 1434 tuis
3063 1380 3240 1434 verbis
3269 1381 3398 1434 satis
3424 1380 3736 1434 asseruisti.

2142 1471 2280 1540 quod
2309 1470 2526 1524 omnino
2566 1470 2902 1524 verissimum
2946 1479 3051 1538 est,
3113 1470 3383 1524 hominem
3414 1485 3537 1525 esse
3578 1486 3732 1525 corn-

2144 1570 2318 1629 potem
2371 1561 2592 1614 rationis
2640 1569 2800 1628 atqne
2831 1559 3198 1629 intelligentia:
3249 1576 3523 1628 capacem,
3575 1562 3725 1630 quod

2145 1653 2326 1721 utique
2352 1666 2456 1705 non
2488 1663 2610 1705 sunt
2639 1651 2889 1705 animalia
2919 1652 3142 1706 rationis
3177 1651 3448 1718 expertia;
3485 1653 3626 1706 unde
3657 1666 3734 1707 te-

470 1731 629 1783 etiam
656 1730 777 1785 dico
809 1745 931 1802 ego,
962 1730 1174 1799 proprie
1203 1732 1382 1784 vocari
1413 1730 1680 1798 spiritum,
1721 1730 1864 1798 quod
1909 1738 1964 1784 et
1987 1740 2038 1784 tu

2146 1744 2399 1798 stimonio
2429 1743 2614 1798 divino
2644 1759 2757 1809 eos,
2801 1744 2890 1813 qui
2943 1760 3047 1798 non
3096 1744 3393 1814 intelligunt
3441 1745 3732 1813 pecoribus

469 1820 620 1885 dicis,
651 1821 704 1874 id
731 1831 812 1875 est
843 1836 947 1889 quo
979 1821 1358 1876 ratiocinamur
1386 1831 1441 1875 et
1466 1822 1809 1891 intelligimus
1830 1825 2044 1892 quando

471 1913 540 1964 ita
571 1911 822 1966 distincte
849 1912 949 1965 ista
979 1911 1250 1976 dicuntur,
1282 1913 1730 1979 quemadmodum
1756 1914 2044 1981 Apostolus

470 2003 539 2054 ait
573 2019 585 2054 :
612 2002 676 2055 Et
707 2001 910 2071 integer
939 2002 1156 2070 Spiritus
1183 2013 1380 2067 vester,
1412 2011 1467 2058 et
1506 2006 1704 2069 anima,
1738 2015 1791 2059 et
1826 2019 2039 2075 corpus.

471 2091 621 2146 Hunc
647 2101 824 2146 autem
853 2092 1120 2165 spiritum,
1151 2096 1310 2148 etiarn
1355 2104 1586 2149 mentem
1623 2096 1823 2151 videtur
1858 2100 2040 2167 appel-

472 2181 608 2244 lare,
637 2197 758 2236 cum
787 2182 915 2237 dicit
939 2198 953 2237 :
983 2183 1157 2238 Mente
1191 2186 1365 2238 servio
1400 2186 1496 2255 legi
1533 2186 1646 2252 Dei,
1675 2203 1836 2244 carne
1863 2198 2040 2244 autem

469 2275 573 2343 tegi
604 2274 832 2344 peccati.
864 2273 994 2328 Nam
1029 2275 1142 2344 ipsa
1165 2277 1426 2331 sententia
1456 2287 1540 2332 est
1567 2295 1578 2330 :
1606 2279 1672 2334 Et
1693 2294 1818 2335 caro
1842 2296 2042 2337 concu-

468 2365 622 2432 piscit
668 2364 924 2420 adversus
977 2367 1246 2433 Spiritum,
1298 2369 1517 2436 spiritus
1561 2379 1739 2426 autem
1786 2372 2040 2428 adversus

467 2468 706 2507 carnem.
732 2453 802 2508 Ut
830 2454 969 2523 quod
1002 2455 1073 2509 ibi
1103 2457 1234 2510 dixit
1260 2455 1430 2528 [dicit]
1475 2470 1673 2526 mente,
1709 2461 1808 2516 hoc
1839 2463 2040 2518 intelLi-

467 2551 620 2610 gatur
645 2544 730 2598 hic
756 2545 998 2612 spiritum
1028 2546 1226 2601 dicere.
1247 2546 1358 2601 Non
1383 2553 1521 2604 sicut
1553 2560 1604 2604 tu
1628 2554 1900 2610 existimas
1926 2558 2041 2612 uni-

470 2650 676 2688 versam
727 2646 960 2692 mentem
1016 2642 1214 2705 vocari,
1254 2657 1373 2710 quze
1415 2655 1625 2700 constat
1659 2661 1724 2702 ex
1773 2649 1947 2704 anima
1987 2663 2042 2705 et

468 2724 678 2792 spiritu,
705 2726 846 2795 quod
879 2728 968 2781 ubi
1000 2727 1189 2799 legeris
1217 2732 1416 2786 nescio.
1463 2733 1691 2790 Mentem
1719 2739 1913 2808 quippe
1943 2757 2038 2796 no-

469 2825 658 2881 stram,
687 2818 787 2871 nisi
819 2818 1077 2875 rationale
1103 2829 1158 2875 et
1200 2823 1561 2882 intellectuale
1587 2837 1826 2884 nostrum
1859 2831 2039 2890 dicere

469 2925 573 2962 non
608 2911 846 2964 solemus
873 2929 883 2962 :
910 2926 972 2966 ac
1001 2927 1095 2982 per
1138 2913 1238 2969 hoc
1282 2917 1422 2984 quod
1453 2919 1524 2972 ait
1567 2922 1782 2989 quidem
1812 2924 2040 2994 Aposto-

469 3000 549 3053 hrs
575 3016 587 3052 :
618 3002 951 3056 rerrovanrini
995 3004 1182 3072 spiritu
1232 3010 1424 3062 mentis
1470 3021 1681 3079 vestrae,
1723 3016 1850 3085 quid
1892 3017 2036 3073 aliud

464 3085 593 3141 dixit
625 3088 807 3162 [dicit,
837 3087 980 3161 nisi]
1031 3108 1189 3161 quam
1240 3100 1567 3154 renovanriui
1615 3113 1791 3160 mente
1823 3112 2042 3163 vestra?
2071 3095 2116 3158 (ἶ

464 3178 554 3231 Sic
581 3181 721 3232 enim
751 3180 974 3247 Spiritus
1005 3184 1198 3238 mentis
1228 3187 1358 3241 nihil
1397 3199 1480 3242 est
1513 3189 1654 3245 aliud
1683 3208 1842 3262 quam
1868 3214 2038 3266 mens,

465 3268 733 3335 quomodo
761 3286 954 3340 corpus
986 3276 1169 3329 carnis
1201 3276 1334 3331 nihil
1363 3278 1505 3332 aliud
1540 3291 1713 3350 potest
1737 3300 1857 3342 esse
1883 3305 2039 3357 quam

464 3373 589 3412 caro
616 3376 631 3413 :
657 3375 776 3414 nam
801 3374 851 3418 et
878 3363 979 3419 hoc
1001 3379 1075 3419 scr
1093 3366 1258 3435 iptum
1282 3381 1362 3424 est
1393 3389 1404 3423 :
1431 3372 1482 3427 In
1513 3377 1898 3443 exspoliatione
1918 3398 2039 3437 cor-

469 3454 613 3518 poris
636 3452 810 3506 carnis
838 3455 929 3507 ubi
975 3470 1191 3510 carnem
1234 3473 1429 3529 corpus
1458 3466 1708 3532 appellat,
1737 3469 1864 3524 dicit
1911 3488 2041 3529 sane

463 3541 638 3595 etalio
663 3543 820 3596 modo
836 3546 1081 3612 spiritum
1112 3546 1363 3616 hominis,
1389 3567 1544 3621 quem
1573 3571 1790 3624 prorsus
1813 3574 1842 3613 a
1863 3573 2039 3619 mente

461 3631 742 3688 discernit.
794 3635 848 3689 Si
894 3636 1034 3690 enim
1078 3653 1306 3695 oravere
1347 3642 1544 3713 lingua,
1595 3647 1785 3717 inquit,
1819 3654 2038 3720 Spiritus

465 3737 620 3775 meus
658 3733 798 3813 rorat,
859 3741 1010 3780 mens
1063 3738 1239 3784 autem
1291 3746 1407 3787 mea
1451 3734 1567 3790 sine
1615 3737 1787 3793 fructu
1835 3741 2038 3813 [infru-

459 3812 665 3884 ttuosaj
696 3822 795 3868 est.
842 3814 1034 3870 Verum
1080 3834 1220 3874 nunc
1269 3837 1374 3877 non
1404 3823 1472 3880 de
1501 3826 1604 3880 isto
1642 3812 2035 3902 spirituiloqui-

461 3918 580 3955 mur
622 3905 712 3971 qui
763 3912 848 3959 est
884 3921 912 3959 a
945 3918 1125 3964 mente
1164 3909 1472 3969 distinctus.
1526 3916 1693 3973 liabet
1738 3921 1838 3978 iste
1883 3939 2034 3981 suam

459 3991 807 4062 eamdemque
863 3995 1136 4053 difﬁcilem
1201 4005 1588 4071 qumstionem;
1652 4011 1832 4066 multis
1892 4016 2033 4071 enim

458 4081 632 4137 modis
693 4095 853 4154 atque
916 4085 971 4140 in
1042 4089 1270 4146 diversis
1345 4093 1824 4163 signiﬁcationibus
1895 4105 2032 4159 scri-

459 4181 626 4240 ptura:
680 4172 874 4228 divina:
936 4177 1181 4245 spiritum
1249 4183 1570 4252 nominant;
1644 4189 1740 4244 sed
1803 4192 1870 4248 de
1929 4211 2034 4264 quo

459 4277 598 4355 nunc
650 4263 897 4331 agimus,
961 4282 1068 4335 quo
1145 4270 1564 4343 ratiocinamur,
1643 4263 2028 4355 intelligimus,

455 4353 732 4418 sapimus,
773 4367 981 4411 constat
1019 4359 1156 4416 inter
1215 4379 1314 4418 nos
1377 4366 1456 4422 sic
1512 4384 1630 4424 eum
1689 4375 1850 4429 etiam
1900 4353 2030 4445 pro;

2145 1836 2496 1903 comparasti,
2525 1851 2629 1890 non
2660 1837 2839 1904 utique
2857 1836 3178 1891 habentibus
3201 1836 3556 1901 intellectum;
3583 1837 3729 1904 quod

2145 1937 2198 1982 et
2228 1928 2334 1982 alio
2359 1927 2477 1982 loco
2509 1929 2765 1997 scriptum
2792 1936 2873 1983 est
2899 1947 2910 1979 :
2959 1927 3130 1983 Nolite
3157 1942 3277 1982 esse
3302 1929 3443 1982 sicut
3472 1943 3640 1997 equus
3674 1941 3732 1984 et

2143 2017 2336 2081 mulus,
2371 2017 2563 2086 quibus
2586 2034 2690 2072 non
2720 2029 2800 2072 est
2823 2018 3142 2072 intellccms.
3170 2020 3299 2086 ρυλε
3324 2034 3448 2072 cum
3480 2020 3549 2074 ita
3584 2021 3726 2085 sint,

2142 2109 2360 2164 attende
2381 2109 2539 2163 etiam
2564 2109 2754 2179 quibus
2787 2109 2962 2164 verbis
2984 2110 3227 2180 spiritum
3258 2111 3534 2166 deﬁnieris
3556 2122 3721 2181 atque

2141 2199 2511 2267 descripseri=,
2525 2215 2645 2254 cum
2662 2200 2809 2255 illum
2822 2199 2889 2255 ab
2901 2200 3074 2254 anima
3092 2202 3419 2270 distinguere
3435 2204 3713 2258 nitereris:

2149 2309 2166 2343 α
2189 2290 2311 2346 liceo
2327 2290 2522 2354 anima,
2548 2291 2742 2360 inquis,
2768 2306 2886 2360 quae
2906 2307 2968 2346 ex
2994 2292 3122 2346 ﬂatu
3143 2292 3235 2347 Dei
3255 2293 3414 2348 habet
3430 2295 3723 2364 originem,

2140 2381 2258 2437 sine
2280 2395 2438 2435 sensrr
2469 2380 2684 2450 proprio
2727 2390 2888 2451 atque
2938 2380 3215 2437 intellectu
3251 2382 3438 2438 intimo
3465 2398 3584 2438 esse
3614 2401 3722 2440 non

2142 2475 2335 2541 poruit,
2371 2473 2510 2542 quod
2542 2483 2625 2528 est
2650 2472 2888 2543 Spiritus.
2920 2492 2941 2524 ι
2967 2474 3030 2528 Et
3053 2473 3209 2543 paulo
3241 2487 3390 2544 post:
3421 2496 3438 2528 ε
3469 2477 3725 2544 Quamvis

2142 2563 2229 2635 [Et
2249 2561 2512 2633 quamvis]
2539 2563 2735 2630 anima,
2786 2563 2985 2633 inquis,
3035 2564 3236 2621 animet
3282 2581 3501 2636 corpus,
3543 2579 3720 2622 tamen

2141 2655 2280 2723 quod
2315 2655 2497 2718 sentit,
2541 2653 2680 2722 quod
2711 2653 2871 2723 sapit,
2902 2653 3045 2723 quod
3077 2655 3235 2724 viget,
3270 2657 3487 2724 Spiritus
3520 2657 3589 2711 sit
3619 2674 3722 2712 oe-

2141 2762 2290 2802 cesse
2305 2756 2406 2801 est.
2431 2764 2448 2796 ι
2469 2746 2598 2800 Item
2615 2745 2771 2814 paulo
2784 2755 2932 2814 post:
2956 2763 2972 2796 t
2996 2747 3151 2800 Aliud
3174 2748 3294 2808 erit,
3311 2748 3503 2817 inquis,
3519 2750 3725 2813 anima,

2140 2840 2281 2894 aliud
2304 2839 2540 2910 spiritus,
2569 2837 2828 2907 sapientia
2845 2848 2926 2892 est
2945 2852 3133 2894 sensus
3155 2840 3365 2894 animas.
3389 2859 3406 2891 ι
3435 2841 3526 2895 His
3539 2845 3726 2899 verbis

2140 2932 2269 2987 satis
2295 2931 2496 2985 indicas
2538 2931 2662 3000 quid
2695 2928 2862 3002 [esse]
2887 2933 3047 2986 etiam
3076 2932 3318 3000 Spiritum
3346 2933 3574 2988 hominis
3597 2950 3720 2989 seu.

2145 3024 2261 3088 tias,
2285 3021 2335 3077 id
2364 3032 2444 3078 est
2463 3023 2722 3078 rationale
2740 3035 2979 3079 nostrum
2995 3040 3100 3094 quo
3121 3034 3282 3080 sent.t
3297 3036 3454 3095 atque
3475 3027 3724 3096 intelligit

2146 3115 2320 3168 anima
2352 3131 2364 3167 :
2397 3129 2500 3167 non
2539 3115 2675 3170 Sicut
2704 3117 2933 3170 sentitur
2956 3117 3202 3186 Corporis
3239 3118 3505 3186 sensibus,
3533 3117 3627 3173 sed
3651 3121 3722 3173 si-

2145 3216 2235 3260 cut
2262 3215 2344 3260 est
2378 3207 2469 3261 ille
2494 3207 2714 3262 intimus
2751 3223 2963 3276 sensus,
2992 3225 3056 3262 ex
3084 3225 3188 3279 quo
3208 3219 3290 3264 ρει
3319 3210 3580 3279 appellata
3597 3226 3721 3263 scn-

2147 3299 2328 3352 tent-ia.
2364 3298 2494 3352 [linc
2523 3310 2697 3353 autem
2744 3300 3023 3369 pecoribus
3071 3299 3186 3354 sine
3215 3301 3551 3356 dubitatione
3579 3317 3724 3370 prm-

2145 3389 2408 3455 ponimur,
2442 3405 2506 3443 co
2536 3391 2676 3460 quod
2731 3399 2856 3445 sunt
2885 3392 2969 3445 illa
3026 3391 3248 3445 rationis
3298 3392 3556 3460 expertia.
3607 3391 3722 3446 Non

2145 3479 2339 3533 habent
2371 3481 2547 3549 itaque
2577 3481 2822 3549 spiritum
2853 3497 3065 3550 pecora,
3097 3483 3148 3536 id
3179 3492 3260 3537 est
3286 3481 3636 3550 intellectum,
3665 3497 3721 3539 et

2144 3571 2361 3626 rationis
2389 3587 2451 3624 ac
2479 3572 2755 3640 sapientia:
2784 3587 3020 3642 sensum,
3064 3573 3159 3627 sed
3207 3574 3439 3627 animam
3490 3583 3719 3627 tantum.

2141 3660 2271 3714 Nam
2300 3659 2441 3714 etde
2472 3662 2574 3714 illis
2600 3662 2800 3716 dictum
2823 3670 2902 3716 est
2929 3680 2941 3716 :
2973 3662 3277 3716 Producant
3299 3677 3450 3732 aqua:
3475 3665 3716 3732 rcpentia

2140 3749 2436 3803 animarum
2463 3751 2771 3818 viventium,
2800 3759 2854 3806 ct
2897 3751 3154 3819 producat
3199 3760 3343 3807 terra
3372 3753 3615 3806 animam
3643 3755 3717 3806 vi-

2140 3851 2370 3896 ventem.
2396 3841 2462 3897 Ut
2478 3858 2605 3912 ergo
2629 3843 2936 3912 plenissime
2957 3859 3019 3899 ac
3045 3845 3351 3913 planissime
3374 3848 3586 3900 noveris
3603 3863 3717 3901 eam

2138 3948 2254 4001 quae
2277 3935 2450 3988 anima
2467 3944 2570 4000 est,
2586 3950 2734 3990 more
2757 3935 3055 3989 divinorum
3076 3936 3411 4005 eloquiorum
3430 3938 3591 3991 etiam
3611 3939 3717 4007 spi-

2139 4024 2448 4092 ritumdici,
2477 4025 2775 4094 appellatur
2797 4024 3006 4094 pecmis
3042 4025 3284 4092 spiritus.
3313 4026 3378 4079 Et
3407 4028 3587 4095 utique
3615 4045 3719 4082 nun

2138 4116 2336 4172 habent
2353 4131 2543 4186 pecora
2559 4117 2704 4172 illttm
2721 4116 2984 4186 spiritum,
3002 4134 3162 4186 quem
3183 4126 3269 4172 tua
3284 4119 3500 4173 dilectio
3518 4120 3717 4173 discer-

2138 4223 2268 4262 nens
2297 4208 2364 4261 ab
2393 4209 2567 4263 anima
2591 4209 2847 4263 deﬁnivit.
2887 4208 3036 4264 Unde
3065 4210 3405 4264 manifestum
3435 4219 3538 4275 ett,
3576 4214 3718 4280 quod

2135 4300 2370 4368 generali
2393 4300 2650 4354 vocabulo
2680 4301 2856 4354 anima
2902 4303 3110 4369 pecoris
3145 4310 3292 4356 recte
3320 4303 3489 4370 potuit
3517 4303 3596 4357 sic
3627 4319 3717 4356 vn-

2136 4390 2649 4459 cari,sicutlegitur
2681 4391 2730 4444 in
2779 4391 2914 4444 libro
2947 4391 3293 4446 Ecclesiaste.
3342 4394 3468 4458 Quis
3520 4395 3623 4448 Scit
3672 4395 3718 4448 si

457 4459 569 4510 prie
628 4454 876 4513 spiritum
941 4455 1278 4521 nuncupari,
1349 4467 1406 4512 ut
1483 4476 1590 4516 non
1647 4464 1718 4519 sit
1781 4467 2028 4526 universa

2141 4482 2357 4550 spiritus
2386 4482 2612 4536 ﬁliorum
2645 4481 2896 4548 hominis,
2937 4483 3194 4538 ascendat
3237 4485 3349 4552 ipse
3392 4499 3640 4549 sursum,
3667 4497 3718 4541 et

455 4534 652 4600 anima,
695 4537 789 4590 sed
821 4538 1023 4607 aliquid
1062 4543 1198 4611 ejus.
1228 4545 1426 4602 Tamen
1466 4552 1698 4609 animam
1725 4559 1882 4612 etiam
1921 4563 2030 4629 spi-

455 4624 610 4724 ritum
632 4630 843 4724 esse,gsi
874 4643 1150 4702 propterea
1181 4654 1365 4709 negas,
1389 4644 1508 4712 quia
1541 4647 1656 4716 ejus
1681 4624 2029 4724 intelligentia

451 4717 698 4808 distincte
741 4721 933 4777 dicitur
966 4727 1224 4796 spiritus;
1266 4734 1463 4801 poteris
1499 4753 1693 4808 negare
1722 4717 2029 4802 universum

448 4807 503 4907 β
531 4822 714 4907 semen
757 4811 924 4907 Jacob
952 4820 1212 4885 appellari
1243 4823 1405 4882 lsracl
1436 4846 1449 4882 :
1499 4807 1776 4902 quoniam,
1806 4852 2031 4907 excepto

446 4896 604 4964 Juda,
639 4899 800 4953 etiam
832 4901 1084 4964 distincte
1105 4914 1402 4979 appellatus
1433 4896 1529 4973 8³1.-
1558 4921 1741 4990 Israel,
1764 4896 1831 4979 in
1861 4896 2030 4985 tribus

446 4991 634 5088 decem
661 4993 852 5088 qum-in
883 4996 1121 5054 Samaria
1153 5003 1329 5076 [tunc]
1360 5010 1596 5067 fuerunt.
1621 5015 1724 5068 Sed
1746 5019 1870 5086 qtrid
1895 5035 2029 5088 opus

447 5093 528 5136 est
562 5082 648 5137 hic
670 5082 870 5141 diutius
897 5087 1205 5150 immorari?
1233 5099 1349 5153 Jam
1373 5117 1516 5157 nunc
1547 5105 1687 5160 unde
1713 5082 2029 5166 facilius-os-

447 5181 729 5238 tendamus
756 5182 994 5250 attende,
1027 5200 1144 5242 eam
1167 5204 1286 5258 qua:
1312 5196 1489 5248 anima
1531 5206 1633 5264 est,
1678 5199 1839 5253 etiam
1870 5203 2029 5270 spiri-

449 5284 557 5328 tum
587 5275 712 5345 dici,
749 5292 907 5346 quam
943 5277 1107 5350 [cum]
1136 5283 1287 5336 audis
1316 5286 1397 5340 vel
1431 5287 1585 5356 legis,
1635 5291 1863 5347 Domino
1915 5312 2029 5350 mo-

447 5365 642 5433 riente,
674 5368 817 5436 quod
831 5369 1091 5439 scriptum
1123 5382 1223 5436 est,
1253 5374 1596 5434 Etdeclinato
1616 5386 1790 5449 capite
1813 5388 2028 5444 tradidit

448 5455 712 5523 spiritum.
747 5459 818 5512 Ita
849 5461 927 5514 vis
958 5461 1182 5530 intelligi
1227 5472 1472 5534 tanquam
1504 5485 1534 5522 a
1573 5483 1722 5540 parte
1762 5479 2028 5547 signitice-

449 5549 583 5600 verit
625 5559 813 5616 toturn,
843 5568 946 5605 non
985 5555 1124 5622 quod
1163 5570 1225 5610 ea
1255 5573 1374 5625 qua:
1417 5562 1591 5616 anima
1624 5576 1723 5633 est,
1782 5572 1947 5638 possit
1975 5585 2028 5629 ct

448 5640 664 5707 spiritus
709 5645 1028 5713 nuncupari.
1087 5647 1156 5702 At
1193 5665 1291 5719 ego
1347 5661 1399 5706 ut
1435 5656 1631 5724 possint
1662 5660 1887 5726 prt-harc
1927 5680 2025 5719 ειη

2139 4573 2359 4642 spiritus
2391 4574 2599 4642 pecoris
2629 4573 2673 4627 si
2705 4574 2994 4629 descendat
3040 4576 3154 4642 ipse
3201 4577 3450 4630 deorsum
3502 4577 3555 4629 in
3604 4587 3716 4632 ter-

2141 4679 2276 4718 rarrr.
2310 4665 2547 4733 Itemque
2571 4665 2622 4718 in
2653 4664 2838 4718 diluvii
2879 4666 3131 4721 vastitate
3177 4667 3247 4721 ita
3296 4669 3552 4736 scriptum
3585 4678 3671 4723 est
3702 4687 3716 4721 :

2142 4756 2208 4810 Et
2239 4765 2447 4810 mor-tua
2487 4767 2568 4812 est
2609 4757 2787 4810 omnis
2831 4772 2977 4826 caro,
3025 4775 3144 4828 qua:
3194 4761 3513 4815 movebatur
3559 4777 3717 4831 super

2141 4856 2358 4912 terram,
2383 4846 2700 4913 volatilium,
2734 4863 3006 4915 pecorum,
3037 4860 3090 4904 et
3131 4851 3521 4917 iumentorum,
3555 4863 3611 4907 et
3642 4853 3715 4908 t'e-

2138 4954 2338 4999 rarurrr,
2369 4946 2423 4992 et
2448 4938 2620 4991 omnis
2649 4953 2870 5006 serpens
2897 4941 2986 5008 qui
3013 4950 3258 4996 movetur
3285 4957 3448 5011 super
3473 4953 3670 4996 terram
3695 4960 3712 4998 :

2138 5041 2192 5082 et
2219 5031 2391 5082 omnis
2414 5027 2595 5094 homo,
2628 5037 2682 5082 et
2702 5030 2881 5082 omnia
2897 5046 3228 5099 quascunque
3251 5031 3447 5086 habent
3468 5034 3712 5102 Spiritum

2139 5126 2278 5177 vitae.
2316 5123 2414 5179 Ubi
2446 5126 2665 5181 remotis
2695 5128 2945 5182 erunibus
2988 5129 3332 5186 dubitationis
3376 5130 3712 5200 ambagibus,

2135 5217 2386 5285 generale
2417 5234 2611 5274 nomen
2635 5220 2827 5275 animae
2880 5236 3001 5276 esse
3048 5223 3395 5294 intelligimus
3443 5225 3706 5294 Spiritum.

2138 5307 2298 5375 Cujus
2332 5308 2543 5377 quidem
2594 5311 2826 5366 nominis
2867 5310 3206 5380 signiﬁcatio,
3258 5324 3364 5368 tam
3415 5316 3520 5370 late
3551 5325 3707 5384 patet,

2138 5406 2195 5450 ut
2220 5397 2377 5451 etiam
2405 5397 2549 5453 Deus
2579 5410 2803 5454 vocetur
2830 5401 3085 5470 spiritus;
3113 5413 3166 5458 et
3196 5404 3296 5458 iste
3325 5405 3480 5458 ﬁatus
3511 5406 3707 5467 aerius,

2135 5488 2374 5556 quamvis
2415 5491 2484 5543 sit
2512 5505 2822 5559 corporeus,
2874 5494 3174 5562 appellatur
3215 5496 3266 5548 in
3304 5497 3511 5564 psalmo
3541 5496 3709 5566 Spiri-

2138 5587 2222 5632 tus
2255 5582 2622 5649 ternpestatis;
2679 5595 3002 5653 quapropter
3049 5603 3166 5641 eam
3218 5604 3338 5656 qua:
3385 5590 3560 5644 anima
3607 5600 3706 5655 Cal,

2134 5668 2296 5729 etiam
2344 5671 2586 5739 spiritum
2640 5675 2931 5744 nuncupari
2977 5687 3140 5747 puto,
3195 5682 3490 5736 secundum
3539 5681 3703 5736 illud'
