4016 6184
291 327 399 388 857

1462 325 1891 385 TIIESAURUS.
1934 307 2085 383 car.
2125 328 2392 386 cxcvm.

3449 344 3557 400 858

290 445 521 500 Auferes
573 442 822 511 spiritum
879 455 1084 509 eorum,
1120 454 1172 496 et
1217 441 1487 496 deﬁcient.
1524 441 1591 496 Et
1630 443 1824 498 iterum
1855 461 1870 497 :
1904 446 1952 504 Α
1980 444 2213 513 quinque
2261 454 2560 514 temporum
2613 448 2868 506 articulos
2918 454 3255 520 prmnuutiari
3304 464 3551 510 venturus

291 538 450 591 Exiet
481 535 695 605 spiritus
725 548 939 599 eorum,
972 542 1028 588 et
1055 543 1350 587 revertetur
1376 534 1428 587 in
1455 543 1649 588 t--rram
1680 550 1828 588 suam
1855 552 1870 589 :

290 628 397 682 hoc
426 636 529 691 est,
562 640 759 694 corpus
806 625 856 679 in
912 625 1182 693 pulverem
1239 640 1416 679 suum.
1477 625 1619 695 Ergo
1676 640 1872 681 nomen

287 719 488 774 animae
508 719 726 787 spiritus
748 726 866 782 est,
894 717 961 770 ab
988 732 1076 785 eo,
1105 716 1246 786 quod
1274 717 1530 786 spiritalis
1543 726 1655 783 est;
1680 717 1873 771 anima:

292 828 493 868 nomen
527 821 612 867 est
639 812 708 867 ab
735 827 823 877 eo,
852 810 991 880 quod
1022 826 1217 877 corpus
1238 811 1459 875 animat,
1485 809 1585 863 hoc
1612 819 1716 874 est,
1742 810 1874 863 vivi-

290 906 442 959 ficet.
495 903 730 959 Estimo
757 903 896 973 quod
926 902 1229 957 admonitus
1278 902 1361 956 his
1402 917 1521 972 qua:
1548 917 1875 957 commemo-

287 997 407 1051 ravi
448 995 745 1049 divinarum
780 994 1102 1050 testimoniis
1134 995 1467 1063 paginarum,
1498 993 1589 1047 ubi
1618 1003 1673 1048 et
1696 994 1872 1048 anima

287 1089 525 1155 pecoris,
557 1087 641 1141 cui
666 1101 772 1140 non
794 1094 876 1140 est
900 1085 1222 1149 intellectus,
1253 1084 1518 1153 appellata
1544 1086 1749 1154 legatur
1769 1086 1874 1152 spic

286 1178 431 1232 ritus
457 1194 471 1229 :
504 1192 608 1231 non
638 1176 860 1247 negabis
891 1175 1135 1231 ulterius.
1167 1176 1430 1242 Quocirca
1474 1175 1521 1230 si
1564 1184 1621 1229 et
1647 1176 1734 1230 illa
1758 1192 1878 1245 quae

286 1269 365 1322 de
403 1270 577 1324 anima
636 1267 952 1337 incorporea
994 1268 1259 1336 disputata
1292 1279 1412 1322 sunt
1453 1268 1601 1337 capis
1631 1278 1684 1322 et
1711 1269 1876 1337 sapis,

292 1372 406 1413 non
430 1367 528 1422 est,
564 1358 703 1413 unde
727 1358 818 1412 tibi
846 1358 1152 1426 displiceat,
1183 1360 1325 1426 quod
1347 1374 1465 1412 eam
1488 1374 1573 1413 me
1598 1359 1739 1414 scire
1766 1360 1878 1415 dixi

290 1464 405 1501 non
430 1463 623 1517 corpus
651 1462 794 1513 esse,
825 1448 919 1503 sed
951 1448 1232 1516 Spiritum;
1279 1448 1399 1517 quia
1447 1460 1500 1503 et
1531 1464 1730 1518 corpus
1772 1465 1878 1503 non

286 1554 421 1593 esse
448 1550 793 1606 monstratur,
825 1549 878 1593 et
908 1540 1146 1610 generali
1176 1540 1396 1594 nomine
1425 1540 1646 1610 spiritus
1678 1556 1882 1595 truncu-

290 1638 478 1698 patur.
508 1629 686 1682 Lauda
716 1629 896 1683 anima
923 1644 1038 1683 mea
1068 1629 1374 1693 Dominum,
1424 1629 1654 1684 laudabo
1703 1630 1880 1685 Domi-

288 1735 427 1773 num
459 1720 509 1773 in
540 1720 646 1775 vita
690 1736 839 1786 mea;
876 1721 1096 1790 psallam
1141 1721 1252 1775 Deo
1298 1737 1417 1777 meo
1448 1723 1680 1790 quandiu
1717 1738 1876 1776 sum:

1982 537 2395 607 prophetarique
2419 555 2522 593 non
2545 539 2773 594 destitit.
2811 544 2876 596 Et
2898 542 3020 598 huic
3047 547 3122 599 rei
3145 559 3446 600 coiisonans
3465 564 3552 614 per

1980 642 2135 696 quem
2164 628 2253 683 lex
2283 628 2402 682 data
2430 640 2533 695 est,
2558 631 2723 685 libros
2746 633 2978 702 quinque
3006 636 3350 706 conscripsit.
3376 637 3440 690 Et
3464 653 3557 690 su-

1981 716 2131 784 perbi
2173 718 2465 772 carnaliter
2514 721 2829 789 sentientes,
2876 732 2930 777 et
2976 738 3126 777 suam
3172 724 3433 793 justitiam
3460 742 3557 779 vo-

1981 804 2149 858 lentes
2191 806 2540 872 constituere,
2574 823 2678 862 non
2710 820 2892 876 aperta
2926 827 3083 865 manu
3110 812 3314 867 Christi
3366 815 3555 883 repleti

1980 903 2105 949 sunt
2154 894 2553 961 benedictione,
2608 898 2703 951 sed
2749 902 3036 954 constricta
3093 911 3252 970 atque
3304 904 3557 958 conclusa

1981 987 2174 1042 retenti
2202 996 2346 1042 sunt.
2379 990 2557 1057 itaque
2588 989 2694 1042 illis
2735 990 2952 1059 obligati
2997 1001 3123 1067 sunt
3160 993 3347 1061 pedes,
3380 1003 3430 1049 et
3462 1009 3579 1048 θοι-ο

1982 1078 2260 1141 ciderunt;
2313 1092 2410 1131 nos
2465 1094 2592 1132 vero
2644 1081 2976 1135 surreximus
3024 1093 3078 1135 et
3127 1084 3292 1137 erecti
3349 1099 3552 1139 sumus.

1981 1168 2235 1234 Quamvis
2264 1183 2413 1236 ergo,
2444 1178 2502 1222 ut
2527 1169 2660 1232 dixi,
2689 1170 3005 1237 praemiserit
3035 1172 3287 1228 Dominus
3318 1174 3560 1229 Christus

1981 1258 2263 1327 quamdam
2293 1268 2495 1326 partem
2524 1260 2765 1326 corporis
2788 1260 2845 1329 9
2868 1262 2950 1315 sui
2974 1262 3026 1315 in
3054 1264 3279 1326 sanctis,
3312 1265 3401 1329 qui
3432 1279 3553 1318 eum

1984 1348 2233 1400 msceudi
2268 1356 2505 1417 tempore
2532 1351 2848 1416 praeierunt;
2900 1362 3078 1406 tamen
3128 1354 3243 1422 ipse
3290 1364 3372 1408 est
3400 1366 3560 1423 caput

1983 1439 2223 1507 corporis
2251 1438 2523 1506 Ecclesiae,
2556 1440 2736 1508 illique
2763 1456 2952 1496 omnes
2970 1444 3144 1498 eidem
3172 1447 3387 1514 corpori
3410 1448 3565 1515 cujus

1985 1529 2073 1583 ille
2098 1539 2255 1598 caput
2283 1530 2638 1595 colueserunt,
2679 1532 2945 1586 credendo
2976 1534 3027 1586 in
3070 1549 3190 1605 eum
3240 1550 3397 1604 quem
3427 1553 3563 1605 pra:-

1985 1620 2317 1674 nuntiabant.
2347 1620 2459 1675 Non
2490 1623 2630 1676 enim
2656 1625 3033 1691 praecurrendo
3065 1602 3255 1679 di’vulsi
3282 1636 3428 1692 sunt,
3462 1628 3558 1680 ad-

1980 1708 2152 1778 juncti
2181 1712 2356 1778 potius
2387 1711 2751 1780 obsequendo.
2784 1713 2913 1767 Nam
2946 1724 2999 1769 et
3021 1718 3064 1769 si
3107 1731 3296 1771 manus
3326 1733 3355 1771 a
3386 1720 3562 1787 capite

288 1823 354 1861 sa
364 1817 482 1862 ncta
500 1817 555 1864 et
570 1809 825 1877 spiritalis
841 1810 1040 1871 anima.
1062 1809 1173 1879 ipsa
1188 1825 1247 1865 se
1264 1811 1328 1864 ad
1350 1810 1670 1864 laudandum
1699 1811 1881 1865 Domi-

1993 1800 2236 1867 praemitti
2271 1810 2467 1868 potest,
2496 1803 2765 1856 connexio
2798 1812 2973 1858 tamen
2992 1805 3108 1874 ejus
3136 1807 3235 1861 sub
3263 1810 3434 1877 capite
3461 1819 3560 1870 est,

292 1914 432 1952 nunt
454 1902 780 1965 cohortatur,
805 1909 856 1954 et
885 1899 1267 1955 excellentiore
1296 1901 1377 1954 sui
1404 1909 1551 1966 parte
1580 1915 1640 1955 ea
1670 1916 1792 1970 qua:
1822 1902 1876 1954 in

290 2008 364 2047 se
403 1994 605 2048 minora
644 2005 801 2057 sunt,
843 1993 1047 2047 incitat.
1081 1993 1196 2047 Non
1235 1993 1375 2047 enim
1409 1993 1508 2047 alia
1540 2003 1621 2048 est
1649 2009 1768 2062 (ωε
1794 1993 1874 2047 di-

290 2084 399 2148 cit,
423 2092 477 2138 et
499 2083 600 2136 alia
616 2083 702 2137 cui
724 2083 1242 2149 dicit,aututcarnis
1265 2083 1379 2139 haec
1407 2100 1504 2138 vox
1530 2096 1633 2151 est,
1664 2100 1785 2155 qua:
1813 2086 1880 2140 ab

293 2174 482 2230 anima
509 2184 561 2230 et
590 2178 749 2230 vitam
764 2177 927 2231 sumit
949 2186 1002 2232 et
1030 2192 1244 2232 sensum
1263 2218 1277 2242 ,
1304 2192 1401 2233 nec
1427 2178 1545 2233 sine
1573 2180 1750 2233 attima
1778 2178 1879 2231 ali-

292 2266 431 2336 quid
466 2276 638 2336 potest
662 2269 817 2333 velle,
851 2269 933 2324 vel
967 2269 1131 2324 nolle.
1160 2270 1291 2337 Quia
1326 2285 1456 2326 vero
1489 2272 1658 2340 ipsius
1689 2274 1880 2327 auium:

293 2359 543 2426 duplices
560 2360 799 2416 actiones
815 2370 960 2427 sunt,
976 2372 1028 2417 et
1046 2361 1148 2416 alio
1166 2362 1342 2417 officio
1359 2364 1582 2433 erigitur
1601 2364 1665 2417 ad
1691 2363 1881 2429 Deum,

294 2451 411 2505 alio
427 2451 713 2507 inclinatur
737 2453 801 2507 ad
816 2469 1065 2509 carnem:
1092 2456 1137 2510 si
1162 2456 1473 2512 beneservit
1491 2457 1722 2526 spiritui,
1749 2458 1883 2512 bene

295 2542 559 2609 przesidet
587 2544 755 2608 carni,
788 2554 842 2599 et
866 2560 960 2615 per
989 2544 1041 2599 id
1059 2546 1199 2615 quod
1227 2546 1466 2601 adhmret
1489 2548 1615 2613 Deo,
1647 2547 1696 2601 id
1720 2549 1880 2601 etiam

296 2635 449 2702 quod
478 2634 717 2689 adhaeret
743 2637 977 2705 corpori,
1009 2638 1076 2692 ad
1101 2640 1406 2707 superiores
1428 2639 1613 2692 invitat
1635 2639 1878 2707 allectus,

298 2733 370 2777 ut
416 2725 721 2780 rationabili
769 2725 1047 2783 dominatu
1104 2736 1305 2783 tantum
1373 2727 1602 2783 subditis
1662 2730 1881 2794 tribuat,

296 2825 561 2884 quantum
583 2816 648 2870 ad
681 2817 909 2872 salutem
955 2827 1038 2873 sat
1065 2826 1188 2883 est,
1233 2835 1299 2874 ne
1346 2820 1418 2874 ita
1447 2820 1885 2889 corruptibilibus

299 2906 615 2974 implicetur
645 2916 701 2961 ut
729 2908 819 2962 illa
850 2912 965 2977 ejus
991 2908 1220 2979 dignitas
1248 2924 1350 2979 qua
1377 2910 1465 2964 uni
1502 2910 1612 2964 Deo
1637 2919 1719 2966 est
1747 2912 1885 2965 sub-

298 3001 470 3071 jecta,
517 3002 803 3060 minuatur.
845 3004 995 3060 Mens
1042 3006 1220 3075 itaque
1246 3020 1452 3060 summa
1480 3005 1721 3075 quaedam
1762 3019 1886 3074 pars

299 3095 520 3160 animae,
551 3096 890 3166 scmetipsam
928 3097 982 3151 in
1011 3097 1260 3153 omnibus
1290 3099 1402 3151 suis
1431 3097 1657 3153 incitans
1681 3097 1887 3153 conati-

302 3185 435 3255 bus,
456 3186 580 3242 dicit
605 3206 619 3242 :
645 3188 847 3256 Lauda,
876 3189 1054 3244 anima
1084 3204 1224 3254 mea,
1260 3189 1567 3244 Dominum.

839 3299 1062 3357 CAPUT
1101 3299 1353 3356 CXCVII.

307 3394 469 3460 Quod
486 3396 727 3465 antiquos
749 3397 915 3466 juth
945 3406 1096 3461 caput
1118 3394 1348 3448 Christus
1375 3394 1510 3466 uelut
1535 3410 1739 3466 trionum
1756 3410 1889 3464 prd!-

384 3467 572 3519 miserit
610 3465 938 3529 nasciturus;
967 3481 1031 3520 cz
1074 3466 1205 3519 libro
1255 3466 1318 3518 de
1366 3465 1754 3520 Catecltizandis
1800 3480 1890 3518 ru-

386 3537 555 3589 dibus.

383 3647 499 3702 Non
540 3649 609 3702 ob
652 3648 796 3703 aliud
827 3658 951 3703 ante
987 3648 1273 3705 adventum
1299 3648 1508 3703 Domini
1537 3648 1734 3718 scripta
1766 3658 1890 3704 sunt

306 3739 490 3793 omnia
518 3755 637 3807 qua:
667 3740 720 3793 in
734 3738 1236 3809 sanctisScripturis
1257 3740 1509 3810 legimus,
1531 3742 1631 3797 nisi
1658 3753 1715 3797 ut
1746 3743 1890 3797 illius

306 3832 781 3887 commendaretur
831 3833 1113 3899 adventus,
1163 3842 1219 3887 et
1247 3833 1419 3887 futura
1471 3834 1892 3903 prazsignaretur

310 3923 571 3986 Ecclesia,
605 3923 655 3978 id
676 3933 761 3978 est
794 3924 1019 3994 populus
1041 3924 1135 3979 Dei
1166 3939 1261 3992 per
1290 3938 1480 3979 omnes
1508 3934 1717 3993 gentes,
1749 3924 1888 3993 quod

307 4026 398 4070 est
419 4031 613 4086 corpus
643 4019 793 4085 ejus;
827 4017 1093 4087 adjunctis
1127 4027 1285 4086 atque
1318 4014 1682 4069 annumeratis
1711 4016 1887 4069 omni-

310 4110 415 4163 bus
451 4110 673 4176 sanctis,
723 4109 814 4178 qui
858 4110 1017 4164 etiam
1050 4119 1171 4164 ante
1217 4110 1501 4163 adventum
1532 4108 1650 4178 ejus
1695 4109 1748 4162 in
1791 4108 1893 4162 hoc

308 4200 513 4254 saeculo
542 4200 808 4267 vixerunt,
850 4200 923 4254 ita
952 4216 1070 4255 eum
1100 4200 1380 4255 credentes
1426 4209 1707 4254 venturum
1748 4213 1888 4266 esse,

309 4292 457 4346 sicut
485 4306 581 4346 nos
609 4292 837 4347 venisse.
882 4292 1030 4347 Sicut
1076 4292 1218 4346 enim
1268 4292 1434 4347 Jacob
1483 4306 1700 4345 manum
1747 4293 1893 4360 prius

310 4382 444 4435 dum
475 4390 803 4447 nasceretur,
848 4382 1025 4437 emisit
1071 4398 1135 4437 ex
1170 4392 1345 4447 utero,
1382 4398 1481 4451 qua
1505 4382 1665 4437 etiam
1698 4382 1888 4451 pedem

314 4474 699 4541 praenascentis
730 4472 910 4528 fratris
942 4475 1188 4539 tenebat;
1218 4474 1411 4528 deinde
1447 4474 1631 4540 utique
1650 4482 1891 4527 secutum

312 4572 405 4616 est
432 4574 605 4632 caput,
637 4574 746 4619 tum
779 4566 993 4619 demum
1038 4567 1344 4620 necessario
1375 4566 1615 4620 membra
1657 4573 1849 4617 (ta-tera
1875 4580 1889 4629 ;

312 4652 419 4707 sed
452 4661 622 4708 tamen
649 4661 809 4724 caput
839 4670 943 4706 non
977 4662 1179 4708 tantum
1202 4670 1265 4709 ea
1298 4655 1536 4710 membra
1558 4671 1676 4724 qum
1707 4663 1891 4710 secuta

312 4751 467 4806 sunt,
493 4743 585 4798 sed
615 4744 773 4798 etiam
803 4746 970 4814 ipsam
1004 4760 1220 4800 manum
1242 4761 1362 4814 qua:
1389 4747 1440 4799 in
1465 4746 1733 4800 nascendo
1760 4760 1894 4813 prce-

313 4835 503 4897 cessit,
533 4835 789 4904 dignitate
831 4853 893 4892 ac
920 4846 1185 4907 potestate
1232 4838 1519 4907 praecedit;
1552 4848 1605 4892 et
1652 4837 1893 4906 quamvis

315 4939 428 4976 non
456 4934 690 4994 tempore
720 4930 1031 4997 apparendi,
1063 4938 1241 4983 tamen
1286 4943 1488 4984 natura:
1517 4931 1703 4983 ordine
1750 4929 1896 4996 prius

313 5024 403 5069 cst
449 5032 463 5067 :
510 5018 577 5070 ita
631 5030 684 5073 et
735 5019 996 5076 Dominus
1052 5022 1210 5075 .lesus
1263 5020 1543 5090 Christus,
1613 5033 1896 5091 antequam

315 5117 603 5174 appareret
633 5108 684 5163 in
716 5124 895 5175 carne,
928 5121 983 5166 et
1012 5112 1407 5181 quodammodo
1433 5129 1498 5167 ex
1529 5123 1681 5169 utero
1701 5114 1899 5168 secreti

314 5197 429 5262 sui,
455 5197 518 5250 ad
544 5199 818 5256 hominum
865 5202 1048 5255 oculos
1096 5203 1356 5257 mediator
1389 5202 1479 5257 Dei
1522 5212 1578 5259 et
1623 5204 1898 5259 hominum

318 5286 485 5340 homo
513 5292 847 5358 procederet,
889 5293 978 5362 qui
1019 5303 1103 5349 est
1131 5309 1294 5363 super
1330 5296 1506 5349 omnia
1554 5295 1695 5348 Deus
1737 5300 1900 5351 bene-

316 5377 500 5433 dictus
530 5381 582 5434 in
624 5383 841 5449 szecula,
892 5386 1153 5453 pmmisit
1180 5386 1235 5439 in
1261 5389 1465 5441 sanct's
1503 5387 1818 5455 patriarchis
1848 5398 1902 5442 et

320 5471 601 5539 prophetis
629 5476 912 5544 quamdam
944 5487 1145 5545 partem
1184 5477 1425 5546 corporis
1471 5480 1574 5545 sui,
1606 5495 1708 5549 qua
1757 5481 1903 5535 velut

321 5578 483 5615 manu
524 5578 585 5619 se
616 5566 939 5621 nasciturum
971 5583 1091 5622 esse
1123 5571 1503 5638 przenuntians,
1532 5571 1690 5626 etiam
1735 5588 1902 5642 popu-

323 5652 433 5706 lum
464 5656 698 5723 superbe
746 5659 1159 5727 prwccdcntem,
1189 5660 1417 5715 vinculis
1448 5662 1601 5730 legis,
1645 5671 1897 5731 tanquam

320 5740 505 5817 digitis
576 5746 812 5817 quinque
854 5750 1215 5829 \supplaulat,
1268 5752 1654 5825 quia[quod]
1707 5764 1757 5810 et
1807 5771 1899 5825 per

1926 4531 1975 4590 D

1984 1900 2304 1958 quaprOpter
2331 1893 2510 1944 omnia
2547 1907 2666 1961 qua:
2698 1904 2819 1948 ante
2844 1896 3041 1963 scripta
3073 1906 3215 1962 sunt,
3255 1909 3310 1952 ut
3350 1916 3445 1954 nos
3472 1901 3565 1954 do-

1982 1995 2226 2035 ceremur
2252 1982 2449 2051 scripta
2466 1994 2610 2048 sunt,
2641 1994 2696 2037 et
2725 1983 2904 2053 figurae
2929 1987 3127 2040 nostrae
3159 1986 3396 2054 fuerunt,
3429 2000 3481 2043 et
3513 1992 3565 2043 in

1983 2072 2147 2143 ﬁgura
2176 2074 2556 2143 contingebant
2585 2076 2663 2129 eis
2691 2093 2703 2127 :
2737 2077 2935 2145 scripta
2966 2087 3089 2131 sunt
3130 2087 3308 2134 autem
3342 2089 3561 2150 proltter

1985 2178 2102 2228 nos,
2130 2165 2180 2217 in
2211 2165 2402 2233 quibus
2444 2163 2622 2237 [quos]
2674 2165 2794 2221 ﬁnis
2822 2168 3140 2223 saeculorum
3168 2170 3404 2225 obvenit.
3438 2172 3570 2237 Quae

1982 2262 2158 2307 autem
2195 2255 2367 2324 major
2423 2269 2582 2309 causa
2635 2265 2718 2311 est
2759 2257 3019 2313 adventus
3072 2259 3305 2326 Domini,
3366 2262 3464 2315 nisi
3515 2274 3569 2318 ut

1986 2343 2296 2399 ostenderet
2341 2345 2481 2399 Deus
2524 2345 2868 2400 dilectionem
2901 2362 3050 2401 suam
3085 2350 3137 2403 in
3192 2350 3367 2416 nobis,
3417 2367 3569 2405 com-

1989 2451 2019 2487 n
2042 2432 2246 2488 endans
2284 2448 2400 2488 eam
2436 2435 2801 2499 vehementer,
2834 2437 2982 2504 quia.
3018 2452 3138 2492 cum
3164 2440 3339 2495 adhuc
3370 2441 3568 2496 inimici

1985 2539 2247 2591 essemus,
2277 2525 2520 2581 Christus
2546 2542 2642 2596 pro
2676 2527 2830 2583 nobis
2861 2540 3100 2583 mortuus
3122 2541 3232 2595 est;
3262 2532 3359 2587 hoc
3387 2542 3566 2587 autem

1989 2615 2127 2683 ideo,
2159 2617 2282 2685 quia
2333 2618 2452 2671 linis
2485 2619 2734 2687 praecepti
2765 2626 2816 2672 et
2847 2619 3121 2685 plenitudo
3166 2620 3297 2690 legis
3327 2621 3564 2680 eharitas

1987 2716 2090 2774 est,
2120 2716 2176 2760 ut
2212 2716 2262 2762 et
2295 2722 2393 2762 nos
2434 2706 2661 2763 invicem
2690 2709 2996 2779 diligamus,
3038 2720 3093 2765 et
3118 2712 3568 2779 quemadmodum

1988 2797 2078 2854 ille
2125 2812 2220 2866 pro
2264 2798 2419 2853 nobis
2448 2799 2678 2852 animam
2709 2814 2859 2853 suam
2893 2801 3089 2867 posuit,
3118 2801 3195 2854 sic
3225 2812 3282 2856 et
3327 2818 3423 2856 nos
3470 2818 3568 2871 pro

1988 2872 2241 2942 rratrihus
2280 2890 2478 2942 nostris
2505 2889 2712 2942 animas
2757 2899 2969 2943 nostras
3001 2906 3280 2957 ponamus,
3308 2903 3358 2946 et
3391 2892 3565 2962 ipsum

1991 2978 2177 3041 Deum,
2210 2978 2461 3048 quoniam
2507 2979 2653 3048 prior
2678 2978 2862 3034 dilexit
2890 2994 2987 3034 nos
3008 3021 3023 3047 ,
3053 2991 3105 3035 et
3152 2982 3260 3035 filio
3289 3000 3385 3036 suo
3413 2984 3572 3039 unico

1990 3086 2095 3125 non
2121 3073 2377 3141 pepercit,
2408 3072 2502 3127 sed
2546 3086 2643 3142 pro
2669 3072 2824 3126 nobis
2850 3073 3097 3126 omnibus
3129 3073 3346 3129 tradidit
3395 3090 3516 3129 eum
3553 3093 3567 3128 :

1917 3169 1964 3232 ο
1994 3164 2036 3217 si
2060 3179 2240 3218 amare
2276 3163 2496 3233 pigebit,
2528 3164 2718 3219 saltem
2749 3163 3029 3219 redamare
3059 3179 3160 3219 non
3195 3166 3386 3235 pigeat.
3419 3168 3571 3222 Nulla

1991 3264 2071 3310 est
2098 3256 2238 3309 enim
2265 3255 2437 3325 major
2462 3256 2530 3309 ad
2561 3270 2799 3311 amorem
2831 3255 3076 3310 invitatio
3097 3273 3254 3325 quam
3280 3259 3572 3328 praetenirc

1988 3344 2239 3400 amando.

2508 3414 2738 3472 CAPUT
2778 3414 3056 3471 CXCVIII.

1994 3504 2059 3560 Ut
2111 3505 2392 3577 Christiani
2436 3507 2699 3561 scolastici
2745 3510 3056 3564 soloecismos
3095 3514 3437 3577 quorumdam
3491 3514 3573 3577 pie

2065 3576 2294 3629 tollerent
2318 3578 2673 3643 sacerdotum;
2694 3594 2757 3633 ex
2775 3581 2951 3634 eodem
2983 3576 3117 3635 libro
3143 3584 3205 3635 de
3235 3576 3541 3637 Catechisan
3559 3614 3572 3625 -

2062 3648 2143 3699 dis
2168 3646 2401 3701 rudibus.

2064 3761 2154 3814 llis
2185 3775 2312 3829 ergo
2340 3761 2429 3831 qui
2476 3761 2724 3831 loquendi
2753 3771 2870 3817 arte
2898 3766 3108 3819 caeteris
3140 3764 3446 3822 hominibus
3473 3784 3570 3823 ex-

1991 3850 2187 3904 cellere
2217 3850 2482 3918 videntur,
2523 3867 2643 3907 cum
2700 3853 2920 3907 veniunt
2968 3863 3024 3909 ut
3074 3853 3365 3910 Christiani
3420 3859 3570 3920 fiant,

1995 3941 2092 3994 hoe
2114 3922 2342 4007 amplius
2364 3954 2518 4006 quam
2544 3940 2651 3995 illis
2674 3940 2965 3997 illitteratis
2993 3945 3263 4012 impertire
3284 3946 3571 4013 debemus;

1992 4033 2131 4102 quod
2160 4032 2349 4086 scdulo
2381 4032 2636 4087 monendi
2664 4041 2806 4096 Sunt,
2827 4042 2882 4087 ut
2906 4034 3207 4090 humilitate
3238 4037 3401 4090 induti
3417 4038 3573 4091 Chri—

1993 4124 2186 4185 stiana,
2216 4123 2420 4176 discant
2443 4138 2548 4177 non
2563 4134 2906 4179 contemnere
2926 4142 3057 4193 quos
3074 4131 3428 4195 cognoverint
3455 4146 3571 4181 tuo-

1995 4230 2110 4267 rum
2141 4214 2263 4267 vitia
2295 4229 2452 4282 quam
2476 4215 2759 4268 verborum
2788 4216 3018 4284 amplius
3041 4217 3299 4282 devitarc,
3328 4227 3380 4271 et
3409 4220 3570 4274 corde

1996 4315 2182 4369 casto,
2232 4304 2463 4373 linguam
2507 4305 2856 4360 exercitatam
2913 4322 2978 4360 ne
3025 4307 3265 4361 conferre
3320 4308 3573 4372 audeant,

1997 4413 2154 4469 quam
2187 4400 2348 4451 etiam
2398 4397 2653 4464 praeferre
2682 4408 3092 4453 consueverant.
3144 4400 3369 4454 Maxime
3396 4413 3570 4455 autem

2001 4489 2085 4544 isti
2114 4487 2339 4543 docendi
2374 4498 2503 4543 sunt
2530 4488 2823 4559 scripturas
2868 4492 3052 4546 audire
3090 4491 3316 4561 divinas,
3352 4510 3417 4548 ne
3455 4510 3576 4547 snr-

2008 4579 2132 4634 deat
2157 4580 2239 4634 eis
2261 4578 2486 4633 solidum
2519 4579 2811 4649 eloquium,
2862 4582 2988 4650 quia
3038 4597 3141 4635 non
3186 4594 3269 4637 est
3317 4585 3575 4651 inflatum,

2004 4688 2177 4742 neque
2217 4672 2543 4727 arbitrentur
2569 4673 2873 4727 carnalibus
2902 4674 3292 4742 integumentis,
3342 4673 3579 4729 involuta

2005 4773 2163 4835 atque
2191 4772 2379 4832 operta
2412 4764 2553 4818 dicta
2582 4763 2663 4817 vel
2712 4763 2847 4817 facta
2892 4763 3188 4830 hominum,
3240 4782 3359 4833 quae
3388 4767 3438 4820 in
3472 4768 3581 4821 illis

2008 4856 2156 4910 libris
2179 4856 2447 4924 leguntur,
2492 4870 2595 4909 non
2626 4854 2919 4908 evolvenda
2970 4863 3129 4924 atque
3169 4857 3477 4924 aperienda,
3527 4866 3581 4912 ut

2010 4947 2403 5014 intelligantur;
2430 4945 2523 4999 sed
2555 4946 2634 4999 sic
2663 4945 2993 5013 accipienda,
3038 4957 3095 4999 ιιι
3138 4947 3328 5003 litterae
3366 4959 3580 5011 sonant,

2001 5039 2174 5105 deque
2218 5038 2332 5105 ipsa
2376 5037 2601 5089 utilitate
2656 5035 2890 5099 secreti,
2936 5037 3079 5089 unde
3127 5038 3286 5091 etiam
3329 5040 3578 5107 mysteria

2004 5135 2285 5187 vocantur,
2319 5127 2445 5196 quid
2479 5127 2689 5181 valeant
2713 5125 3051 5196 aenigmatum
3096 5128 3314 5183 latebrae
3344 5130 3407 5181 ad
3432 5144 3579 5180 amo-

2004 5234 2115 5273 rem
2157 5218 2397 5272 veritatis
2448 5216 2770 5279 acuendum,
2826 5217 3327 5288 discutiendumquc
3382 5217 3574 5271 fastidii

2008 5318 2305 5376 torporem,
2339 5310 2451 5376 ipsa
2472 5307 2805 5376 experientia
2846 5307 3179 5377 probandum
3209 5316 3326 5373 est;
3360 5308 3572 5371 talibus,

2009 5414 2129 5453 cum
2161 5399 2361 5469 aliquid
2410 5399 2489 5454 cis
2517 5401 2656 5467 quod
2687 5400 2738 5454 in
2787 5410 3031 5471 promptu
3079 5402 3330 5469 positum,
3363 5415 3469 5454 non
3506 5401 3579 5455 ita

2011 5492 2279 5557 movebat,
2310 5491 2632 5547 enodatione
2661 5492 2935 5561 allegoria:
2975 5492 3202 5559 alicujus
3232 5492 3454 5545 eruitur.
3488 5492 3580 5547 llis

2009 5585 2148 5639 enim
2178 5584 2406 5638 maxime
2434 5584 2563 5638 utile
2604 5594 2685 5638 est
2715 5597 2894 5646 nosse,
2939 5584 3007 5634 ita
3040 5596 3157 5635 esse
3197 5587 3584 5651 prmpoucndas

2012 5672 2189 5727 verbis
2219 5675 2530 5738 sententias,
2561 5682 2617 5726 ut
2646 5670 2972 5739 prmponitur
2999 5672 3208 5725 animus
3235 5673 3467 5741 corpori.
3504 5675 3576 5729 Ex

2011 5780 2115 5834 quo
2144 5765 2222 5836 fit,
2260 5773 2315 5821 ut
2343 5765 2415 5821 ita
2447 5765 2601 5819 malle
2634 5761 2860 5818 debeant
2889 5761 3150 5832 veriores,
3180 5779 3337 5835 quam
3382 5763 3585 5821 disser-
