4016 6184
484 331 591 386 859

1549 320 1608 373 ll.
1655 314 1975 373 EUGYPPII
2017 312 2310 371 ABBATIS
2353 314 2679 373 AFRICANI

3643 314 3751 387 860

480 448 650 501 tiores
680 442 873 497 audire
922 453 1202 496 sermones
1231 438 1373 493 sicut
1420 436 1577 489 malle
1607 434 1803 488 debent
1833 430 2071 499 pruden-
2103 428 2153 487 A
2182 445 2331 495 mus;
2365 432 2494 500 quia
2523 431 2666 485 enim
2722 431 2912 485 merita
2964 430 3238 487 hominum
3271 448 3367 503 pro
3410 438 3595 505 quibus
3643 444 3753 510 agi.

480 538 668 597 tiores,
700 548 859 602 quam
892 530 1243 585 formosiores
1293 527 1490 580 habere
1532 525 1756 578 amicos.
1806 520 2069 576 Noverint

478 628 665 688 ctiam,
694 638 807 679 non
847 636 971 677 esse
1000 634 1184 675 vocem
1213 618 1279 671 ad
1310 631 1469 671 aures
1501 616 1618 680 Dei,
1648 615 1749 669 nisi
1790 615 1956 669 animi
1987 613 2066 667 af-

482 716 706 771 fectum.
736 713 813 767 Ita
855 712 999 766 enim
1029 724 1137 765 non
1167 707 1470 762 irridebunt
1494 707 1539 760 si
1571 706 1781 773 aiiquos
1801 704 2070 758 antistites

481 818 538 863 et
567 808 840 862 ministros
864 803 1124 859 Ecclesiae
1149 802 1288 856 forte
1312 799 1805 863 animadverterint,
1836 799 1919 853 vel
1946 811 2068 851 cum

482 895 828 950 barbarismis
856 900 915 949 et
940 891 1260 947 solmcismis
1285 890 1449 944 Deum
1474 889 1746 954 invocare,
1770 887 1853 941 vel
1880 885 2074 942 eadem

482 985 680 1050 verba,
724 1000 843 1055 quae
874 983 1226 1061 pronuntiant
1272 996 1379 1034 non
1410 980 1707 1046 intelligere
1739 977 2074 1045 perturbate-

482 1095 587 1147 que
615 1079 990 1148 distinguere:
1018 1091 1124 1130 non
1174 1073 1297 1143 quia
1349 1073 1449 1126 ista
1498 1072 1719 1124 minime
1758 1068 2069 1137 corrigenda

481 1178 627 1234 sunt,
674 1178 734 1223 ut
765 1169 995 1237 p0pulus
1044 1166 1113 1219 ad
1168 1164 1219 1219 id
1265 1162 1407 1231 quod
1455 1162 1612 1229 plane
1650 1157 1901 1225 intelligit
1929 1156 2074 1210 dicat

483 1260 689 1323 Amen;
737 1256 830 1312 sed
864 1267 1038 1309 tamen
1081 1254 1168 1321 pie
1211 1248 1487 1306 toleranda
1515 1257 1640 1302 sunt
1664 1247 1733 1301 ab
1759 1247 1838 1300 eis
1869 1245 1957 1315 qui
1988 1244 2071 1298 di-

483 1349 713 1403 dicerint
758 1355 816 1401 ut
843 1361 979 1401 sono
1011 1345 1063 1398 in
1114 1344 1253 1407 foro,
1286 1342 1365 1394 sic
1394 1348 1520 1393 voto
1555 1338 1609 1392 in
1644 1335 1881 1390 Ecclesia
1909 1335 2074 1389 bene-

485 1438 608 1492 dici.
635 1437 817 1507 ltaque
846 1434 1073 1489 forensis
1102 1432 1218 1498 illa,
1249 1442 1630 1497 nonnunquam
1661 1427 1800 1480 forte
1828 1425 1967 1481 bona
1992 1422 2078 1479 di-

486 1531 614 1591 ctio,
645 1536 1127 1619 nunquam'tamen
1162 1521 1467 1578 benedictio
1496 1520 1601 1573 dici
1626 1523 1822 1587 potest.

1032 1636 1259 1693 CAPUT
1299 1634 1528 1691 CXCIX.

492 1734 566 1787 De
598 1733 886 1786 humilitate
915 1731 1122 1802 gallinis
1156 1731 1301 1802 illius
1324 1769 1337 1791 ,
1371 1730 1523 1802 cujus
1552 1726 1767 1779 blandas
1796 1722 1906 1802 alas
1933 1726 2077 1802 rept-

2173 539 2311 589 mtts,
2342 524 2515 591 qualia
2545 526 2652 579 sint
2697 526 2838 592 apud
2873 523 3037 577 Deum
3070 538 3172 578 non
3220 528 3483 593 novimus,
3524 531 3649 597 quid
3678 534 3755 586 eis

2171 613 2237 667 ad
2268 622 2476 680 tempus
2496 613 2767 682 expediat,
2798 624 2891 668 aut
2915 614 3080 680 nulla,
3106 625 3194 668 aut
3226 618 3536 672 tenuissima
3558 629 3652 673 aut
3680 623 3759 674 in-

2172 707 2472 761 certissima
2497 708 2809 775 conjectura
2845 707 3184 775 suspicamur
3215 711 3416 777 potius,
3443 726 3601 780 quam
3621 727 3759 766 com-

2174 797 2589 866 prehendimus;
2638 808 2963 868 quapropter
3010 812 3098 853 res
3142 800 3359 869 quidem
3405 802 3636 871 agendas
3667 818 3761 872 pro

2174 895 2359 942 nostro
2387 897 2546 957 captu
2574 888 2828 942 ordinare
2867 887 3156 954 debemus,
3186 904 3321 959 quas
3354 904 3423 945 eo
3470 892 3630 945 modo
3657 908 3761 960 quo

2173 980 2483 1045 statuimus,
2508 981 2553 1034 si
2581 994 2838 1049 peragere
2861 981 3214 1049 potuerimus,
3244 997 3353 1037 non
3384 983 3503 1036 ideo
3529 984 3765 1051 gaudea-

2175 1085 2312 1135 mus,
2343 1071 2467 1141 quia
2496 1069 2675 1136 nobis,
2698 1069 2792 1124 sed
2820 1069 2941 1139 quia
2972 1070 3082 1125 Deo
3101 1071 3178 1125 sic
3202 1073 3287 1140 agi
3322 1072 3518 1141 placuit
3550 1072 3764 1145 [potuc-

2175 1173 2319 1230 runt,
2350 1178 2457 1217 non
2486 1162 2605 1218 ideo
2639 1160 2966 1230 gaudeamus
3006 1162 3132 1229 quia
3171 1162 3348 1227 nobis,
3378 1161 3474 1217 sed
3503 1165 3629 1231 quia
3659 1162 3765 1217 Deo

2175 1254 2254 1309 sic
2274 1268 2369 1309 eas
2398 1252 2482 1324 agi
2507 1248 2731 1322 placuit]
2756 1271 2771 1305 :
2814 1250 2861 1306 si
2882 1260 3063 1306 autem
3090 1251 3266 1319 aliqua
3300 1250 3548 1305 inciderit
3577 1265 3765 1306 neces-

2176 1345 2329 1409 sitas,
2360 1358 2463 1413 qua
2495 1351 2678 1398 noster
2718 1342 2811 1397 ille
2857 1340 2993 1396 ordo
3038 1342 3310 1408 turbetur,
3368 1341 3654 1396 ﬂectamur
3691 1341 3767 1394 fa-

2176 1438 2299 1501 cile,
2333 1450 2402 1491 ne
2426 1436 2763 1505 frangamur;
2815 1443 2872 1488 ut
2910 1448 3071 1504 quem
3122 1434 3260 1488 Deus
3308 1441 3496 1487 nostro
3549 1448 3765 1503 prapo-

2176 1530 2302 1591 suit,
2333 1528 2450 1596 ipse
2478 1528 2551 1581 sit
2580 1536 2783 1581 noster.
2820 1524 3052 1595 Equinis
3090 1532 3176 1580 est
3201 1525 3345 1580 enim
3390 1534 3448 1579 ut
3480 1537 3580 1577 nos
3611 1528 3730 1593 ejus
3750 1565 3765 1587 ,

2178 1633 2338 1685 quam
2364 1625 2423 1670 ut
2451 1617 2543 1670 ille
2586 1626 2825 1669 nostram
2858 1615 3186 1670 voluntatem
3228 1624 3515 1685 sequatur;
3563 1619 3688 1684 quia
3717 1624 3768 1669 et

2181 1706 2314 1760 ordo
2340 1707 2673 1776 agendarum
2693 1721 2894 1773 rerum,
2930 1721 3088 1775 quem
3120 1716 3305 1761 nostro
3336 1706 3565 1760 arbitrio
3588 1717 3769 1762 tenere

561 1807 752 1875 giuiites
779 1793 1202 1875 superbi__prmda
1230 1800 1361 1867 ﬁunt
1392 1793 1630 1862 alitibus;
1657 1812 1721 1849 ex.
1749 1797 1926 1848 eodem
1949 1794 2080 1845 libro
2114 1793 2158 1852 Β
2192 1796 2459 1861 volumus,
2511 1795 2604 1850 ille
2651 1795 2834 1864 utique
2872 1796 3253 1865 approbandus
3301 1808 3406 1863 est,
3436 1797 3527 1852 ubi
3564 1799 3768 1867 potiora

559 1869 620 1926 {te
649 1872 1037 1929 Catecltizandis
1066 1869 1291 1923 rudibus.

570 1984 881 2051 Cogitemus
911 1981 1036 2051 quid
1079 1980 1235 2034 nobis
1265 1988 1620 2048 prmrogatum
1651 1977 1741 2041 sit,
1776 1975 1843 2029 ab
1871 1976 1960 2029 illo
1984 1977 2073 2044 qui

494 2073 883 2127 demonstravit
904 2070 1056 2125 nobis
1087 2070 1415 2136 exemplum,
1459 2076 1516 2120 ut
1542 2081 1829 2134 sequamur
1854 2065 2074 2134 vestigia

493 2166 632 2235 ejus.
659 2163 1017 2230 Quantumvis
1042 2163 1184 2216 enim
1216 2159 1428 2214 differat
1448 2159 1727 2213 articulata
1749 2172 1848 2211 vox
1871 2166 2072 2223 nostra,

494 2259 560 2309 ab
592 2252 960 2321 intelligentia:
991 2260 1187 2305 nostrae
1224 2250 1525 2311 vivacitate,
1561 2248 1717 2316 longe
1745 2246 2079 2302 differentior

495 2355 579 2402 est
598 2345 895 2399 mortalitas
913 2344 1095 2397 carnis
1114 2343 1181 2397 ab
1198 2341 1500 2409 aequalitate
1517 2340 1641 2405 Dei;
1667 2349 1720 2395 et
1743 2350 1941 2407 tamen,
1957 2355 2077 2393 cum

496 2439 548 2491 in
573 2438 761 2492 eadem
784 2436 951 2489 forma
977 2444 1145 2496 esset,
1165 2434 1511 2501 semetipsum
1536 2432 1832 2486 exinanivit
1854 2433 2078 2486 formam

495 2528 633 2584 servi
649 2526 941 2594 accipiens,
952 2535 1007 2579 et
1027 2524 1200 2579 factus
1212 2532 1292 2577 est
1304 2522 1561 2578 obedieus
1584 2538 1754 2590 usque
1767 2523 1833 2576 ad
1850 2530 2077 2577 mortem

496 2617 691 2672 crucis.
715 2617 885 2680 Quam
910 2614 980 2668 ob
1006 2628 1243 2677 causam,
1278 2613 1383 2667 nisi
1408 2612 1528 2680 quia
1552 2612 1719 2666 factus
1748 2622 1829 2666 est
1853 2612 2077 2665 inﬁrmis

498 2710 739 2763 inﬁrmus
754 2717 809 2762 ut
826 2707 1068 2761 inﬁrmos
1086 2704 1419 2760 lucrifacerct
1434 2705 1457 2757 ?
1473 2703 1609 2757 Audi
1626 2703 1743 2771 ejus
1757 2702 2081 2756 imitatorem

498 2799 620 2853 alibi
666 2799 823 2853 etiam
853 2799 1122 2853 dicentem
1157 2813 1172 2851 :
1204 2797 1333 2851 Sive
1360 2796 1503 2850 enim
1534 2802 1711 2850 mente
1751 2796 2084 2849 excessimus

500 2890 629 2950 Deo.
662 2890 773 2943 sive
808 2896 1172 2957 temperantes
1223 2901 1409 2941 sumus
1437 2885 1617 2949 vobis;
1656 2885 1891 2940 cltaritas
1932 2886 2076 2940 enim

499 2978 696 3033 Christi
729 2978 1006 3046 compellit
1038 2991 1135 3032 nos
1160 2977 1466 3047 judicantes
1498 2980 1618 3046 hoc,
1656 2978 1778 3047 quia
1820 2992 1956 3032 unus
1988 2992 2083 3046 pro

500 3072 748 3126 omnibus
773 3082 1018 3127 mortuus
1046 3080 1150 3127 est.
1182 3072 1463 3139 Quomodo
1501 3074 1645 3127 enim
1690 3082 1905 3142 paratus
1939 3083 2084 3129 essct

2178 1888 2505 1958 praecedunt.
2522 1888 2629 1941 Cur
2654 1902 2780 1956 ergo
2809 1902 2908 1941 nos
2928 1888 3174 1942 dolemus
3197 1888 3443 1943 homines
3475 1903 3505 1942 a
3541 1888 3764 1942 Domino

2179 1981 2286 2035 Deo
2308 1990 2460 2033 tanto
2489 1982 2697 2049 potiore
2726 1978 2979 2048 praecedi,
3006 1989 3062 2033 ut
3106 1994 3173 2033 eo
3213 1981 3351 2049 ipso,
3383 1996 3489 2046 quo
3517 1990 3762 2034 nostrum

2177 2087 2418 2125 amamus
2447 2072 2717 2135 ordinem,
2753 2069 3039 2123 inordinati
3077 2085 3198 2124 esse
3244 2071 3563 2138 cupiamus?
3606 2070 3767 2125 Nemo

2178 2164 2325 2218 enim
2353 2164 2543 2218 melius
2565 2162 2773 2217 ordinat
2799 2162 2925 2231 quid
2954 2162 3125 2231 agitur
3156 2160 3303 2233 [quid
3336 2163 3499 2233 agat],
3536 2162 3643 2218 nisi
3670 2163 3758 2234 qui

2180 2255 2412 2324 paratior
2437 2263 2542 2320 est,
2576 2268 2681 2307 non
2718 2254 2820 2323 ιο
2858 2267 3040 2322 agere,
3072 2254 3211 2322 quod
3261 2254 3445 2307 divina
3495 2264 3761 2323 potestate

2182 2347 2510 2417 prohibetur,
2535 2360 2691 2414 quam
2717 2344 2960 2413 cupidior
2984 2358 3144 2413 agere
3172 2343 3313 2413 quod
3350 2345 3586 2397 humana
3614 2344 3757 2413 cogi-

2183 2439 2383 2492 tatione
2414 2437 2722 2499 meditatur,
2755 2436 2876 2504 quia
2928 2436 3110 2488 multae
3154 2434 3509 2504 cogitationes
3542 2445 3671 2488 sunt
3717 2435 3765 2487 in

2184 2528 2351 2584 corde
2382 2528 2501 2581 viri.
2532 2525 2826 2580 Consilium
2852 2531 3027 2579 autem
3066 2524 3160 2579 Dei
3214 2523 3474 2595 [Domini]
3508 2532 3694 2578 manet
3720 2525 3766 2577 iu

2184 2627 2467 2673 astcrnutn.
2504 2618 2557 2672 Si
2592 2624 2770 2671 autem
2793 2615 2862 2669 de
2885 2614 3064 2683 aliquo
3091 2624 3273 2669 errato
3296 2623 3504 2678 nostro,
3542 2615 3628 2670 vel
3657 2629 3769 2685 pec-

2184 2721 2310 2767 cato
2328 2724 2426 2765 nos
2470 2708 2780 2764 mmstitudo
2823 2706 3255 2774 comprehendit,
3288 2722 3393 2760 non
3424 2715 3637 2761 tantum
3668 2722 3771 2760 me-

2187 2802 2504 2856 minerimus
2552 2799 2873 2855 sacriﬁcium
2918 2798 3031 2853 Deo
3068 2797 3312 2866 spiritum
3343 2810 3464 2852 esse
3488 2798 3766 2852 contribu-

2188 2894 2376 2957 latum,
2410 2892 2507 2946 sed
2546 2892 2707 2946 etiam
2739 2890 2889 2954 illud,
2936 2890 3061 2959 quia
3106 2890 3246 2944 sicut
3288 2903 3423 2957 aqua
3470 2890 3771 2958 ignem,s3c

2186 2986 2526 3055 eleemosyna
2571 2982 2862 3050 exstinguit
2907 2988 3214 3050 peccatum;
3264 2988 3317 3035 et
3349 2997 3364 3033 :
3393 2980 3517 3049 quia
3572 2980 3768 3035 miserio

2187 3075 2427 3132 cordiam
2450 3074 2641 3144 nugis,
2673 3072 2865 3143 inquit,
2896 3072 3018 3127 volo
3047 3089 3206 3140 qm
3245 3072 3601 3128 sacrificium.
3628 3072 3769 3127 Sicut

501 3161 734 3233 impendi
765 3178 863 3232 pro
889 3163 1171 3217 animabus
1200 3178 1409 3231 eorum,
1439 3165 1484 3218 si
1522 3179 1647 3218 eum
1676 3165 1879 3234 pigeret
1919 3166 2076 3220 incli-
2108 3149 2155 3211 Ο
2186 3184 2313 3238 ergo
2340 3168 2386 3222 si
2430 3167 2851 3236 periclitarcmur
2899 3164 3169 3230 incendio,
3226 3164 3294 3219 ad
3342 3180 3541 3234 aquam
3597 3165 3767 3233 utique

502 3256 615 3309 nari
652 3255 717 3309 ad
747 3269 905 3310 aures
950 3255 1174 3309 eorum?
1213 3256 1349 3311 Hinc
1375 3271 1504 3326 ergo
1527 3256 1698 3312 laetus
1718 3266 1802 3313 est
1832 3259 2083 3327 parvulus

502 3347 553 3400 in
581 3346 758 3401 medio
784 3358 1051 3411 nostrum,
1077 3357 1328 3414 tanquam
1358 3349 1535 3403 nutris
1558 3348 1744 3405 fovens
1769 3351 1908 3406 ﬁlios
1936 3365 2083 3407 sum.

504 3434 638 3488 Num
661 3435 802 3489 cnim
834 3435 1083 3501 delectat,
1115 3436 1216 3490 nisi
1263 3451 1414 3491 amor
1463 3438 1669 3505 invitet,
1713 3440 1985 3496 decurtata
2034 3453 2087 3498 et

505 3525 745 3579 mutilata
776 3526 933 3580 verba
963 3525 1410 3582 immurmurarel
1436 3534 1490 3582 et
1512 3536 1688 3583 tamen
1710 3540 1897 3598 optant
1918 3533 2089 3587 homi-

505 3632 599 3670 nes
632 3615 828 3670 habere
867 3615 1098 3671 infantes
1144 3617 1337 3687 quibus
1366 3618 1418 3671 id
1454 3619 1762 3687 exhibeant,
1793 3632 1847 3677 et
1872 3625 2089 3680 suavius

506 3717 585 3762 est
616 3707 775 3761 matri
799 3707 1000 3762 minuta
1031 3722 1214 3763 mansa
1243 3708 1491 3778 inspuere
1514 3712 1735 3778 parvulo
1767 3713 1898 3780 tilio,
1926 3730 2086 3785 quam

511 3800 680 3868 ipsam
714 3799 969 3854 mandere
998 3813 1059 3854 ac
1084 3799 1344 3855 devorare
1368 3802 1672 3870 grandiora.
1701 3803 1817 3858 Non
1846 3820 1975 3875 ergo
2004 3823 2091 3863 rc-

508 3890 661 3945 cedat
705 3890 773 3945 de
808 3899 1022 3960 pectore
1052 3892 1211 3946 etiam
1256 3892 1507 3962 cogitatio
1535 3895 1743 3962 gallina:
1774 3896 1935 3954 illius.
1972 3914 2091 3967 qua:

508 3982 831 4054 languidulis
862 3982 1055 4051 plumis
1084 3991 1301 4038 teneros
1330 3982 1474 4040 fetus
1500 3988 1694 4054 cperit,
1732 3996 1785 4043 et
1806 4005 2092 4044 susurran-

510 4082 591 4127 tes
622 4074 794 4142 pullos
816 4074 1086 4129 confracta
1116 4089 1245 4131 voce
1274 4075 1517 4142 advocat,
1543 4079 1697 4147 cuius
1723 4080 1945 4137 blandas
1976 4084 2090 4139 alas

512 4164 834 4233 refugientes
882 4165 1123 4233 superbi,
1164 4168 1339 4234 praeda
1393 4168 1526 4222 ﬁunt
1574 4170 1812 4227 alitibus.
1846 4175 1905 4229 Si
1947 4177 2089 4232 enim

512 4254 811 4310 intellectus
870 4256 1100 4310 delectat
1158 4256 1209 4311 in
1264 4261 1630 4327 penetralibus
1692 4265 2087 4333 sincerissimis,

512 4345 614 4399 hoc
661 4347 820 4401 etiam
869 4346 1167 4414 intelligere
1221 4348 1480 4413 delectat,
1535 4354 1803 4420 quomodo
1851 4355 2091 4413 charitas

513 4446 712 4505 quanto
733 4436 1024 4491 ofﬁciosius
1048 4438 1324 4492 descendit
1344 4438 1396 4493 in
1422 4440 1622 4509 inﬁma,
1648 4452 1793 4498 tanto
1818 4447 2089 4503 robustius

514 4529 739 4582 recurrit
770 4528 823 4582 in
854 4528 1059 4593 intima,
1118 4544 1213 4598 per
1254 4530 1447 4585 bonam
1498 4536 1907 4601 conscientiam,
1954 4540 2087 4595 nihil
2117 4514 2168 4574 ι)
2198 4555 2369 4595 meam
2424 4538 2791 4593 nummulariis

515 4620 784 4686 quaerendi
813 4620 881 4675 ab
918 4621 1020 4686 eis,
1044 4618 1112 4673 ad
1138 4634 1273 4691 quos
1318 4620 1622 4692 descendit,
1673 4637 1865 4695 prater
1905 4644 2089 4685 eorum

516 4710 890 4777 sempiternam
912 4715 1159 4769 salutem.

1113 4824 1337 4881 CAPUT
1375 4826 1481 4881 CC.

519 4908 593 4963 Dc
621 4911 825 4962 statutis
857 4913 1063 4993 nostris,
1092 4917 1203 4969 sine
1222 4918 1466 4993 tristitia,
1510 4918 1558 4993 si
1604 4920 1876 4993 necessitas
1917 4938 2092 4980 erem-

828 4988 914 5045 rit,
945 4988 1311 5051 immutandis;
1339 5004 1404 5040 ea:
1431 4988 1607 5041 eodem
1634 4988 1785 5043 libro.

586 5091 639 5148 Si
665 5093 926 5162 confregit
956 5097 1191 5152 animum
1251 5109 1398 5156 tuum
1443 5103 1666 5159 alterius
1714 5106 1965 5171 actionis,
2014 5111 2098 5165 cui

517 5191 768 5252 tanquam
837 5183 1005 5254 magis
1061 5189 1384 5244 necessaria:
1437 5192 1551 5260 jam
1596 5208 1892 5263 suspensus
1940 5212 2094 5266 eras,

515 5273 736 5332 omissio
769 5290 784 5329 :
817 5284 875 5330 et
911 5283 1198 5344 propterea
1229 5278 1402 5335 tristis
1448 5282 1742 5338 insuaviter
1769 5286 2096 5354 catecbizzis,

517 5366 748 5435 cogitare
771 5364 960 5437 debes,
991 5377 1218 5438 excepto
1239 5369 1382 5439 quod
1429 5372 1630 5428 scimus
1676 5376 2101 5436 misericorditer

518 5456 672 5510 nubis
712 5458 977 5526 agendum
1025 5474 1168 5527 esse,
1201 5460 1458 5532 quidquid
1499 5479 1621 5519 cunt
1650 5465 1959 5525 hominibus
1987 5473 2102 5541 agi-

518 5562 657 5613 mus,
686 5554 743 5601 et
770 5566 834 5606 ex
866 5553 1043 5607 oﬂicio
1074 5554 1454 5611 sincerissima:
1501 5558 1802 5614 charitatis.
1835 5562 1945 5617 [loc
1973 5578 2102 5634 ergo

520 5646 768 5705 excepto,
797 5640 1058 5698 incertum
1102 5660 1223 5701 esse
1253 5645 1381 5716 quid
1415 5648 1596 5703 utilius
1621 5664 1864 5720 agamus,
1893 5663 1950 5709 et
1975 5656 2099 5723 quid

520 5734 865 5807 opportunius
920 5745 1013 5789 aut
1047 5736 1482 5810 intermittantur,
1518 5752 1609 5799 aut
1641 5746 1860 5803 omnino
1889 5748 2103 5803 omitta.

2188 3273 2528 3314 curreremus
2568 3271 2674 3327 quo
2712 3263 2898 3327 posset
2923 3256 3210 3326 exstingui,
3255 3258 3673 3324 gratularemur,
3716 3258 3758 3311 si

2190 3352 2310 3420 quis
2355 3364 2473 3406 eam
2526 3347 2594 3403 de
2635 3346 2880 3416 proximo
2930 3346 3181 3414 offerret;
3232 3348 3307 3403 ita
3332 3355 3387 3402 ct
3414 3348 3460 3402 si
3489 3347 3567 3404 de
3596 3356 3767 3403 nostro

2192 3441 2317 3497 feno
2342 3441 2523 3510 aliqua
2581 3438 2788 3509 peccati
2836 3437 3048 3493 flamma
3096 3438 3365 3505 surrexit,
3408 3447 3467 3494 et
3494 3450 3765 3509 propterea

2190 3531 2593 3595 conturbamur,
2621 3528 2742 3583 data
2764 3529 3049 3584 occasione
3069 3529 3559 3584 misericordissimi
3580 3532 3766 3601 aperis,

2193 3632 2446 3692 tanquam
2475 3620 2542 3675 de
2572 3619 2753 3674 oblato
2779 3619 2929 3676 fuste
2968 3620 3325 3688 gaudeamus,
3365 3630 3424 3675 ut
3465 3621 3600 3676 inde
3650 3622 3767 3675 illud

2193 3714 2332 3784 quod
2368 3720 2666 3775 exarserat,
2697 3712 3030 3781 opprimatur
3074 3730 3088 3766 :
3144 3712 3245 3766 nisi
3292 3711 3431 3767 forte
3472 3721 3587 3767 tam
3633 3713 3769 3769 stulti

2192 3818 2401 3867 sumus,
2424 3810 2481 3855 ut
2509 3798 2737 3854 alacrius
2765 3800 3087 3853 arbitremur
3116 3813 3238 3854 cum
3262 3814 3399 3867 pane
3419 3800 3765 3862 currendum,

2194 3911 2299 3966 quo
2327 3905 2571 3950 ventrem
2595 3892 2880 3948 esurientis
2904 3892 3244 3959 impleamus,
3274 3908 3436 3961 quam
3468 3908 3594 3947 cum
3622 3893 3770 3948 verbo

2196 3987 2317 4054 Dei,
2348 4002 2454 4056 quo
2498 3993 2727 4040 mentem
2764 3985 3028 4039 studentis
3070 3986 3417 4038 instruamus.
3476 3986 3595 4040 lluc
3627 4000 3768 4039 accc-

2194 4082 2292 4145 dit,
2326 4081 2451 4149 quia
2470 4080 2514 4133 si
2547 4078 2921 4132 tantummodo
2946 4078 3225 4147 prodesset
3270 4079 3370 4133 hoc
3420 4068 3623 4143 facere,
3672 4096 3769 4134 non

2196 4174 2368 4227 facere
2390 4182 2566 4225 autem
2592 4170 2723 4224 nihil
2749 4171 2997 4235 obesset;
3031 4170 3317 4224 infeliciter
3347 4171 3399 4223 in
3433 4174 3671 4238 periculo
3695 4188 3772 4226 sa-

2194 4266 2339 4330 lutis,
2370 4280 2474 4319 non
2492 4265 2600 4333 jam
2621 4263 2976 4331 prosimi,sed
2992 4271 3208 4327 sustam,
3225 4262 3467 4316 oblatum
3485 4265 3772 4318 remedium

2193 4370 2588 4427 sperucremus.
2637 4354 2769 4409 Cum
2806 4370 2931 4409 vero
2958 4368 3021 4409 es
3054 4368 3147 4408 ore
3181 4354 3391 4407 Domini
3423 4365 3527 4407 tam
3558 4355 3772 4407 minaci-

2196 4460 2277 4504 ter
2303 4457 2494 4503 sonet:
2525 4448 2695 4504 Serve
2737 4462 2965 4516 nequam
2993 4454 3051 4501 et
3090 4446 3239 4516 piger
3260 4488 3274 4511 ,
3302 4446 3462 4501 dares
3496 4449 3774 4515 pecuniam

2836 4556 2850 4592 :
2914 4553 3033 4607 quas
3078 4540 3291 4592 tandem
3339 4539 3614 4593 dementia
3676 4547 3774 4600 est,

2197 4632 2447 4701 quoniam
2488 4640 2763 4699 peccatum
2797 4639 3039 4684 nostrum
3072 4645 3169 4684 nos
3195 4631 3381 4698 angit,
3432 4632 3555 4685 idco
3600 4643 3778 4685 rursus

2198 4724 2335 4780 velle
2400 4738 2651 4794 peccare,
2711 4737 2820 4791 non
2880 4721 3057 4779 dando
3126 4722 3408 4794 pecuniam
3460 4723 3779 4777 dominicam

2198 4816 2396 4871 volenti
2446 4824 2502 4870 et
2532 4814 2728 4885 petenti
2745 4814 2768 4867 l

2788 4908 3017 4965 CAPUT
3057 4908 3186 4965 CCI.

2208 5020 2661 5086 Quemadmodum
2676 5019 3070 5073 carechisaudns
3096 5020 3182 5083 sit,
3213 5020 3307 5087 qui
3326 5021 3439 5073 vult
3472 5022 3586 5088 ﬁeri
3611 5020 3779 5077 Chris-

2275 5092 2481 5155 tianus;
2514 5107 2577 5145 ea:
2603 5093 2790 5145 eodm
2816 5088 2953 5145 libro
2970 5092 3041 5144 de
3059 5090 3455 5146 (Istecltisaudia
3477 5092 3712 5148 rudibus.

2274 5200 2375 5258 Sed
2414 5201 2600 5257 faciam
2640 5199 2840 5273 [tamen
2895 5200 3176 5273 faciamus]
3208 5200 3440 5271 aliquem
3471 5202 3685 5258 venisse
3719 5198 3778 5255 ad

2205 5308 2306 5349 nos
2335 5293 2423 5364 qui
2451 5293 2566 5346 vult
2597 5306 2721 5348 esse
2745 5291 3083 5347 Christianus
3107 5332 3124 5359 ,
3155 5299 3211 5347 et
3249 5291 3317 5347 de
3338 5306 3538 5362 genere
3569 5292 3778 5361 quidem

2204 5382 2511 5447 idiotarum,
2544 5398 2657 5439 non
2685 5392 2867 5438 tamen
2889 5384 3409 5451 rusticanorum,sed
3437 5386 3778 5449 urbanorum,

2206 5476 2395 5546 quales
2425 5476 2565 5545 apud
2594 5474 2975 5545 Carthaginem
3004 5476 3183 5544 plures
3220 5475 3455 5545 experiri
3496 5486 3546 5531 te
3567 5488 3779 5531 necesse

2206 5577 2291 5624 est
2322 5584 2334 5621 :
2374 5568 2755 5637 interrogatum
2788 5568 2948 5622 etiam
2975 5610 2991 5635 ,
3022 5579 3197 5623 utrum
3237 5579 3457 5639 propter
3486 5568 3603 5623 vitae
3647 5579 3779 5635 prmo

2208 5661 2377 5715 sentis
2407 5658 2623 5728 aliquod
2668 5659 3034 5727 commodum,
3062 5676 3128 5715 an
3155 5668 3373 5731 prepter
3410 5660 3638 5727 requiem
3663 5671 3779 5725 qua:

2214 5761 2337 5818 post
2390 5752 2552 5807 vitam
2606 5760 2882 5821 speratur,
2922 5751 3255 5809 Christianus
3306 5768 3426 5809 csse
3479 5740 3776 5813 desideret",
