3986 6190
233 295 333 354 861

1478 298 1914 357 'I'lIESAURUS.
1956 303 2111 359 CAP.
2153 303 2280 361 CCI.

3402 306 3505 362 86'!

234 419 459 479 propter
485 410 719 465 loturam
749 409 993 479 requiem
1026 410 1388 478 respondisse,
1421 412 1513 465 tali
1537 411 1764 466 fortasse
1790 428 1819 465 a
1849 416 1900 473 Α
1928 428 1956 465 a
1991 415 2291 483 protihetis,
2318 413 2410 471 sed
2442 414 2603 470 etiam
2630 415 2698 469 ah
2725 416 2841 484 ipso
2870 416 3096 472 Domino
3124 417 3250 473 Iesu
3276 419 3508 487 Christo,

232 502 393 556 nobis
421 503 777 557 instrueretur
797 502 1059 572 alloquio:
1091 503 1200 558 Deo
1232 504 1451 574 gratias,
1480 502 1677 569 frater;
1704 504 1819 557 val-

234 590 305 645 de
326 592 418 647 tibi
440 593 697 662 gratulor,
722 603 776 647 et
797 594 1007 664 gaudeo
1026 594 1095 650 de
1116 594 1331 664 te,quod
1358 595 1410 648 in
1437 594 1597 648 tantis
1623 604 1677 649 et
1708 603 1819 650 tam

233 683 550 752 periculosis
576 684 734 751 hujus
757 685 943 738 saeculi
970 672 1393 753 tempestatibus,
1419 687 1487 739 de
1501 685 1674 756 aliqua
1692 700 1819 741 vera

230 782 287 826 et
312 783 458 826 certa
487 773 777 827 securitate
805 775 1068 842 cogitasti.
1105 775 1239 829 Nam
1266 784 1320 829 et
1352 776 1405 829 in
1436 777 1533 830 hac
1567 778 1695 839 vita,
1729 778 1820 828 ho-

234 866 409 917 mines
439 867 644 932 magnis
677 865 952 920 laboribus
984 867 1221 935 requiem
1247 876 1497 936 quaerunt
1530 878 1582 922 et
1613 868 1819 923 securi-

234 960 430 1013 tatem,
466 954 557 1006 sed
603 955 780 1020 pravis
810 956 1196 1022 cupiditatibus
1228 972 1332 1011 non
1371 959 1687 1014 inveniunt:
1723 976 1820 1014 vo-

236 1042 353 1092 lunt
398 1042 543 1095 enim
584 1044 929 1111 requiescere
978 1048 1030 1100 in
1080 1048 1243 1101 rebus
1289 1049 1560 1118 inquietis,
1610 1064 1664 1106 et
1714 1067 1818 1106 non

236 1133 692 1198 permanentibus,
719 1146 771 1189 et
800 1138 921 1203 quia
953 1138 1057 1191 illae
1082 1148 1137 1192 et
1168 1149 1411 1209 tempore
1437 1144 1821 1197 subtrahuntur

235 1220 311 1289 [et
333 1223 453 1289 quia
474 1224 545 1277 illi
573 1235 811 1294 tempore
830 1230 1244 1302 subtrahuntur]
1270 1243 1321 1287 et
1344 1245 1639 1298 transeunt,
1669 1237 1821 1290 timo-

237 1314 389 1367 ribus
417 1325 469 1368 et
498 1317 776 1375 doloribus
806 1336 899 1375 eos
930 1325 1153 1389 agitant,
1188 1339 1286 1378 nec
1326 1327 1536 1394 quietos
1567 1343 1661 1382 eos
1694 1344 1819 1397 per-

236 1403 486 1470 mittunt;
514 1407 624 1461 sive
646 1410 787 1463 enim
819 1412 870 1466 in
894 1411 1097 1467 divitiis
1117 1414 1247 1468 velit
1270 1415 1430 1471 homo
1457 1420 1815 1487 requiescere,

235 1495 409 1563 magis
428 1498 695 1564 superbus
719 1501 953 1555 eﬂicitur
975 1518 1134 1570 quam
1159 1519 1404 1559 securus.
1430 1506 1588 1571 Vere,
1614 1508 1780 1562 frater
1803 1526 1816 1562 :

233 1581 328 1636 Illa
359 1600 546 1653 magna
579 1601 631 1643 et
660 1605 785 1644 vera
818 1592 1089 1647 beatitudo
1117 1604 1221 1659 est,
1251 1612 1373 1666 quae
1412 1597 1464 1651 in
1507 1598 1683 1654 futuro
1720 1614 1820 1655 sae-

232 1676 355 1727 culo
384 1680 582 1733 sanctis
619 1682 980 1749 promittitur;
1011 1686 1189 1740 omnia
1226 1703 1356 1743 vero
1380 1690 1602 1744 visibilia
1640 1700 1816 1748 trans-

1922 508 2062 574 quod
2103 506 2342 561 Ecclesia
2398 505 2516 573 ejus
2564 521 2659 573 per
2690 506 2993 561 universum
3024 509 3208 563 orbem
3249 520 3509 566 terrarum

1921 606 2066 650 esset
2110 596 2312 663 futura,
2346 612 2440 665 per
2481 606 2792 651 sanctorum
2831 599 3080 668 martyria
3132 600 3512 669 passionesqne

1921 686 2292 756 disseminata,
2325 698 2378 742 et
2411 697 2538 743 tunc
2588 688 2923 757 praedictum,
2954 690 3171 758 quando
3207 691 3382 745 adhuc
3411 706 3511 745 no-

1924 793 2044 831 men
2083 777 2199 846 ejns
2239 787 2294 832 et
2323 778 2529 833 latebat
2556 789 2763 848 gentes,
2794 789 2849 834 et
2876 779 2963 833 ubi
2996 788 3181 834 notum
3213 791 3330 835 erat
3358 781 3512 835 ride-

1923 867 2097 933 batur,
2126 878 2181 923 et
2209 878 2386 924 tamen
2417 873 2468 925 in
2500 872 2784 925 virtutibus
2817 872 3197 926 miraculorum
3223 872 3359 940 ejus,
3396 873 3510 925 sive

1921 974 2039 1024 quae
2067 976 2159 1027 per
2187 975 2247 1015 se
2274 960 2410 1029 ipse,
2440 962 2556 1015 sive
2579 977 2697 1030 quae
2723 978 2819 1029 per
2841 976 3027 1015 servos
3054 977 3180 1016 suos
3212 962 3351 1026 fecit,
3381 963 3506 1015 dum

1922 1034 2303 1104 annuntiantur
2342 1050 2463 1124 haec
2493 1061 2545 1105 et
2578 1051 2888 1105 creduntur.
2922 1051 3039 1106 Jam
3088 1053 3336 1107 videmus
3365 1055 3507 1121 quod

1921 1140 2236 1208 praedictum
2257 1150 2337 1195 est
2356 1156 2478 1197 esse
2499 1141 2848 1211 completum,
2878 1157 3137 1209 regesque
3164 1143 3307 1211 ipsos
3330 1151 3506 1206 terrar.

1920 1230 2009 1297 qui
2054 1239 2208 1284 antea
2257 1231 2722 1300 persequebantur
2761 1230 3117 1296 Christianos,
3157 1231 3268 1298 jam
3309 1232 3507 1286 Christi

1922 1321 2141 1374 nomine
2201 1321 2534 1391 suhjugatos.
2595 1321 2913 1375 Praedictum
2977 1330 3060 1375 est
3107 1322 3312 1382 etiam,
3368 1322 3509 1390 quod

1922 1410 2210 1465 schismata
2234 1420 2288 1466 et
2309 1413 2545 1466 haereses
2566 1427 2630 1469 ex
2653 1410 2771 1481 ejus
2798 1411 3031 1465 Ecclesia
3059 1420 3239 1466 essent
3261 1412 3511 1475 exiturae,

1922 1510 1977 1555 et
2007 1502 2106 1554 sub
2135 1501 2251 1569 ejus
2293 1501 2509 1555 nomine
2548 1517 2645 1571 pcr
2674 1503 2789 1556 loca
2821 1502 2906 1555 ubi
2933 1513 3171 1571 possent,
3203 1516 3377 1565 suam,
3403 1517 3509 1555 non

1923 1591 2124 1646 Christi
2167 1593 2389 1663 gloriam
2424 1593 2749 1661 quaesiturae,
2805 1602 2860 1648 et
2912 1594 3011 1647 ista
3060 1594 3322 1660 completa
3363 1603 3507 1645 sunt.

1922 1682 2169 1752 Nunquid
2219 1699 2349 1753 ergo
2396 1684 2483 1739 illa
2517 1700 2637 1754 quae
2688 1692 2894 1738 restant
2933 1699 3039 1738 non
3095 1694 3221 1740 sunt
3250 1681 3511 1737 ventura?

231 1777 382 1831 eum.
424 1778 478 1823 el
523 1773 698 1826 omnis
728 1773 886 1843 hujus
936 1778 1124 1832 saeculi
1164 1793 1357 1849 pompa
1405 1791 1461 1836 et
1509 1783 1735 1849 deliciae,
1764 1793 1821 1839 (ει
1853 1773 1893 1828 Β
1934 1778 2272 1833 Manifestum
2306 1786 2409 1843 est,
2440 1778 2563 1847 quia
2609 1777 2750 1831 sicut
2790 1778 2886 1834 ista
2935 1777 3183 1847 praedicta
3226 1786 3507 1838 venerunt,

232 1858 542 1925 curiositas,
592 1863 913 1931 interibunt;
961 1875 1015 1921 et
1062 1882 1245 1923 secum
1291 1871 1358 1925 ad
1398 1871 1673 1928 interitum
1706 1884 1816 1929 tra-

234 1948 367 2002 hunt
392 1964 662 2008 amatores
690 1972 838 2022 suos,
881 1974 911 2011 a
955 1974 1063 2027 quo
1093 1962 1334 2029 interitu,
1381 1965 1483 2020 hoc
1525 1975 1609 2020 est
1648 1968 1821 2031 ptenis

231 2044 606 2109 sempiternis,
647 2047 788 2101 Deus
829 2049 1157 2115 misericors,
1189 2056 1377 2110 volens
1408 2055 1654 2112 homines
1690 2059 1825 2113 libe‘

233 2144 379 2195 rare,
412 2134 458 2187 si
489 2137 593 2191 sibi
638 2139 737 2206 ipsi
769 2155 873 2193 non
903 2143 1024 2197 sint
1070 2144 1297 2213 inimici,
1347 2159 1399 2202 et
1431 2164 1537 2203 non
1570 2152 1821 2205 resistant

236 2221 621 2281 misericordia!
651 2229 924 2285 Creatoris
952 2232 1060 2300 sui,
1088 2236 1235 2290 misit
1266 2240 1593 2307 unigenitum
1625 2241 1815 2295 Filium

237 2329 414 2384 suum,
464 2317 567 2374 hoe
610 2331 714 2386 est,
766 2322 993 2380 Verbum
1060 2331 1496 2399 suum,rmquale
1546 2331 1671 2401 sibi,
1725 2348 1819 2401 per

233 2409 377 2475 quod
421 2412 661 2466 condidit
713 2417 912 2471 omnia.
971 2420 1037 2474 Et
1075 2436 1300 2478 manens
1351 2425 1569 2493 quidem
1625 2428 1678 2481 in
1719 2444 1814 2482 sua

233 2498 539 2567 divinitate,
584 2514 639 2558 et
685 2520 790 2559 non
835 2508 1095 2566 recedens
1136 2528 1166 2565 a
1211 2512 1391 2583 Patre,
1422 2530 1520 2570 nec
1561 2519 1612 2571 in
1643 2518 1822 2586 aliquo

234 2598 495 2658 mutatus,
545 2598 871 2652 assumendo
911 2608 1088 2655 tamen
1137 2603 1432 2669 hominem,
1464 2615 1518 2660 et
1568 2606 1619 2660 in
1661 2621 1823 2663 carne

237 2685 457 2738 mortali
485 2685 792 2743 hominibus
814 2693 1141 2761 apparando,
1174 2698 1318 2751 venit
1345 2699 1410 2752 ad
1441 2700 1684 2754 homines
1714 2718 1729 2754 :
1766 2712 1823 2756 ttt

236 2775 693 2842 quemadmodum
728 2796 824 2848 per
848 2798 1014 2836 unum
1048 2784 1317 2840 hominem
1355 2790 1443 2857 qui
1478 2792 1623 2858 prius
1655 2792 1823 2847 factus

236 2873 340 2927 est,
374 2866 427 2920 id
461 2876 545 2921 est
571 2868 760 2935 Adam,
789 2886 931 2925 mors
976 2874 1192 2929 intravit
1217 2877 1269 2929 itt
1313 2892 1479 2945 genus
1510 2881 1819 2946 humanum,

234 2956 362 3021 quia
390 2960 669 3014 consensit
713 2961 923 3016 mulieri
964 2978 1078 3018 suae
1127 2966 1361 3023 seductas:
1403 2984 1433 3021 a
1479 2970 1713 3037 diabolo,
1764 2981 1822 3026 ut

238 3060 567 3118 praeceptum
596 3052 690 3107 Dei
720 3057 1227 3137 transgrederentur
1249 3079 1267 3113 ε
1294 3062 1372 3116 sic
1399 3078 1496 3130 per
1529 3079 1691 3119 unum
1726 3066 1823 3121 bo-

1927 1869 2005 1922 sic
2063 1868 2223 1921 etiam
2276 1866 2364 1919 illa
2413 1877 2632 1920 ventura
2674 1876 2798 1920 sunt
2852 1884 2866 1920 :
2917 1882 3244 1935 quaecunque
3291 1866 3511 1918 tribula-

1926 1960 2095 2013 tiones
2135 1958 2401 2027 justorum
2432 1958 2607 2012 adhuc
2648 1968 2882 2021 restant;
2934 1969 2987 2013 et
3036 1960 3221 2026 judicii
3250 1960 3387 2025 dies,
3419 1960 3508 2027 qui

1925 2050 2196 2119 separabit
2254 2064 2443 2104 omnes
2502 2051 2693 2117 impios
2735 2066 2764 2103 ει
2816 2051 2978 2120 justis
3018 2052 3071 2105 in
3119 2053 3510 2106 resurrectione

1928 2150 2370 2206 ntortuorutn;et
2416 2157 2521 2195 nnn
2558 2141 2729 2195 solum
2769 2156 2862 2195 eos
2916 2142 3004 2210 qui
3054 2153 3178 2196 sunt
3218 2152 3365 2195 extra
3407 2144 3509 2196 Ec-

1925 2234 2186 2298 clesiam,
2243 2232 2335 2286 sed
2377 2232 2537 2285 etiam
2584 2230 2750 2300 ipsius
2797 2231 3054 2285 Ecclesia:
3114 2232 3330 2299 paleas,
3379 2246 3513 2301 quas

1924 2332 2139 2393 oportet
2180 2337 2349 2391 usque
2378 2323 2444 2375 ad
2477 2323 2820 2377 novissimam
2853 2323 3250 2376 ventilationem
3297 2324 3507 2391 patien-

1928 2417 2128 2470 tissime
2158 2415 2400 2477 sutl'erat,
2448 2413 2515 2467 ad
2563 2412 2738 2482 ignem
2770 2412 3006 2467 debitum
3049 2415 3369 2481 scgregabit.
3412 2415 3512 2477 Qui

1926 2518 2101 2561 autem
2132 2504 2358 2560 irrident
2385 2504 2729 2576 [irridebunt]
2762 2503 3232 2569 resurrectionem,
3266 2512 3513 2572 putantes

1926 2601 2066 2668 quod
2113 2613 2239 2653 caro
2281 2598 2382 2652 ista
2410 2598 2533 2667 quia
2566 2599 2823 2667 putrescit
2851 2612 3135 2667 resurgere
3180 2611 3283 2650 non
3316 2605 3508 2664 potest,

1924 2689 1990 2743 ad
2036 2703 2221 2756 poenas
2259 2687 2312 2741 in
2361 2702 2423 2741 ea
2457 2685 2812 2742 resurrecturi
2842 2696 2965 2740 sunt
2995 2704 3008 2738 :
3041 2696 3096 2740 et
3136 2686 3386 2741 ostendet
3428 2685 3509 2738 eis

1928 2782 2088 2847 Deus,
2121 2780 2243 2850 quia
2272 2780 2361 2849 qui
2404 2780 2571 2848 potuit
2601 2780 2713 2833 haec
2741 2794 2961 2849 corpora
2994 2781 3167 2833 facere
3208 2789 3495 2846 antequam

1925 2882 2125 2939 essent,
2156 2878 2328 2941 potest
2361 2887 2423 2926 ea
2458 2870 2513 2925 in
2551 2882 2822 2925 momento
2853 2870 3131 2926 restituere
3168 2869 3307 2924 sicut
3339 2878 3510 2924 erant.

1927 2967 2126 3022 Omnes
2156 2974 2332 3019 autem
2364 2964 2547 3020 fideles
2571 2964 2838 3034 regnaturi
2860 2978 2977 3018 cum
3003 2964 3215 3018 Christo
3237 2963 3307 3017 ita
3334 2977 3513 3018 resur-

1932 3067 2081 3128 gent,
2128 3059 2181 3113 in
2211 3058 2399 3111 eodem
2445 3071 2692 3126 corpore,
2742 3064 2801 3111 ut
2828 3057 2989 3111 etiam
3038 3054 3357 3110 commutari
3398 3070 3513 3107 me-

238 3139 465 3206 minent,
489 3142 578 3210 qui
600 3144 761 3197 etiam
791 3144 953 3213 Deos,
981 3148 1071 3204 Dei
1109 3148 1297 3206 Filium
1326 3152 1512 3209 Jesum
1534 3155 1822 3222 Christum,
1853 3138 1899 3199 C
1935 3159 2172 3212 reantur,
2223 3147 2289 3202 ad
2343 3147 2796 3213 incorruptionem
2847 3146 3138 3217 angelicam
3175 3189 3190 3214 ,
3270 3154 3328 3199 ut
3384 3144 3514 3200 ﬁant

240 3230 439 3285 deletis
492 3235 741 3291 omnibus
794 3242 1029 3306 peccatis
1084 3246 1389 3310 praeteritis,
1444 3247 1724 3303 credentes
1770 3249 1823 3303 in

240 3335 367 3375 eum
399 3338 607 3388 omnes,
644 3327 696 3381 in
728 3339 983 3384 aeternam
1033 3333 1198 3388 vitam
1232 3335 1657 3405 ingrederentur.
1700 3340 1829 3395 Om-

243 3410 328 3463 nia
359 3415 505 3467 enim
550 3431 670 3484 quas
712 3432 852 3473 nunc
884 3421 1033 3476 vides
1066 3424 1120 3476 in
1172 3424 1411 3480 Ecclesia
1463 3427 1579 3494 Dei,
1629 3439 1681 3483 et
1726 3432 1827 3485 sub

243 3501 438 3556 Christi
466 3507 680 3561 nomine
711 3522 805 3575 per
830 3518 997 3564 totum
1028 3513 1213 3568 orbem
1241 3526 1504 3572 terrarum
1534 3519 1670 3587 geri,
1705 3529 1827 3576 ante

243 3594 440 3646 saecula
484 3595 595 3661 jam
629 3599 876 3664 praedicta
908 3614 1053 3668 sunt,
1087 3612 1143 3659 et
1190 3607 1327 3661 sicut
1368 3622 1429 3663 ea
1477 3610 1723 3679 legimus,
1756 3615 1825 3667 ita

241 3693 291 3736 et
321 3685 588 3753 videmus,
616 3698 673 3744 et
709 3692 831 3747 inde
859 3696 1186 3753 aedilicamur
1208 3700 1257 3754 in
1283 3702 1459 3756 iidem.
1494 3703 1712 3759 Factum
1746 3718 1829 3761 est

246 3776 539 3842 aliquando
564 3780 823 3836 diluvium
858 3801 951 3852 per
980 3795 1144 3843 tmam
1179 3800 1400 3857 terram,
1433 3803 1490 3847 ut
1516 3807 1827 3864 peccatores

241 3865 568 3933 delerentur,
611 3882 664 3926 et
699 3880 877 3930 tamen
906 3878 983 3932 illi
1020 3879 1111 3948 qui
1152 3894 1438 3938 evaserunt
1466 3886 1517 3938 in
1566 3902 1712 3953 arca,
1741 3903 1827 3941 sa-

241 3971 572 4014 cramentum
624 3962 818 4020 litterae
871 3967 1128 4023 Ecclesiae
1176 3972 1655 4042 demoiistrahant,
1706 3994 1826 4047 quae

243 4051 461 4103 nuncin
493 4051 743 4107 (luctibus
780 4058 962 4110 saeculi
996 4069 1162 4122 natat,
1195 4070 1248 4115 et
1284 4079 1383 4133 per
1421 4065 1620 4134 lignum
1652 4069 1826 4121 crucis

239 4138 437 4196 Christi
496 4158 525 4197 a
580 4147 954 4203 submersione
1010 4152 1287 4207 liberatur.
1358 4156 1678 4211 Praedictum
1745 4167 1827 4213 est

240 4233 471 4290 Ahraba:
510 4235 652 4291 ﬁdeli
684 4253 845 4295 servo
890 4240 1006 4307 Dei,
1041 4243 1130 4296 uni
1179 4246 1402 4312 homini,
1436 4248 1577 4316 quod
1623 4248 1691 4303 de
1736 4249 1826 4303 illo

240 4333 387 4379 esset
428 4327 656 4395 populus
688 4330 1011 4396 nasciturus,
1044 4332 1132 4401 qni
1181 4334 1388 4391 coleret
1416 4352 1578 4391 unum
1632 4338 1823 4405 Deum,

244 4412 383 4467 inter
411 4425 639 4471 caeteras
683 4426 870 4488 gentes
916 4435 1035 4489 quae
1081 4423 1224 4478 idola
1265 4427 1532 4495 colebant,
1562 4437 1619 4484 et
1646 4432 1820 4485 omnia

237 4518 359 4570 quae
386 4505 462 4558 illi
504 4509 701 4576 populo
750 4522 973 4567 ventura
1020 4516 1270 4584 praedicta
1301 4528 1445 4584 sunt,
1483 4520 1561 4574 sic
1591 4536 1823 4578 evenere

236 4595 581 4671 [evenerant]
609 4611 666 4655 ut
696 4604 946 4671 praedicta
981 4617 1123 4661 sunt.
1152 4607 1508 4677 Prophetatus
1533 4621 1616 4667 est
1643 4614 1693 4667 in
1728 4614 1822 4669 illo

235 4691 436 4757 populo
478 4692 640 4747 etiam
689 4693 934 4752 Christus
984 4697 1100 4755 Rex
1148 4701 1388 4755 omnium
1436 4714 1739 4759 sanctorum
1769 4717 1823 4761 et

232 4780 400 4850 Deus,
424 4793 683 4841 venturus
704 4802 771 4842 ex
799 4790 1003 4845 semine
1032 4792 1199 4860 ipsius
1227 4793 1498 4848 Abraham
1528 4797 1819 4851 secundum

228 4888 473 4940 carnem,
504 4892 666 4944 quam
714 4879 1024 4948 assumpsit,
1075 4891 1131 4935 ut
1173 4897 1363 4939 omnes
1402 4886 1563 4939 etiam
1609 4886 1699 4939 tilii
1735 4901 1821 4942 es-

230 4975 356 5020 sent
398 4967 630 5023 Abrahae
670 4972 760 5041 qui
792 4971 954 5028 ﬁdem
984 4972 1101 5043 ejus
1150 4973 1505 5038 imitarentur,
1536 4986 1590 5032 et
1633 4979 1710 5033 sic
1738 4989 1821 5034 est

230 5056 455 5114 factitm.
485 5061 654 5117 Natus
700 5073 783 5120 est
828 5065 1075 5122 Christus
1125 5066 1191 5122 de
1238 5066 1400 5122 Maria
1430 5067 1669 5138 Virgine,
1700 5084 1818 5138 quae

232 5165 300 5205 ex
337 5153 437 5206 illo
480 5170 679 5221 genere
725 5156 842 5213 fuit.
891 5158 1208 5212 Praedictum
1262 5166 1347 5215 est
1394 5174 1488 5227 per
1532 5162 1820 5228 prephetas

226 5241 373 5306 quod
413 5243 466 5296 in
495 5258 653 5299 cruce
683 5260 935 5313 passurus
966 5256 1131 5314 esset,
1163 5249 1230 5303 ab
1271 5249 1459 5303 eodem
1503 5250 1698 5317 populo
1727 5250 1815 5304 Ju-

227 5335 473 5387 daeorum
517 5334 585 5388 de
616 5337 766 5404 cujus
814 5354 1008 5407 genere
1040 5339 1333 5393 secundum
1377 5355 1594 5394 carnem
1629 5341 1813 5395 venie-

228 5424 345 5487 bat,
375 5435 430 5480 et
459 5427 538 5481 sic
559 5436 642 5483 est
673 5429 891 5483 factum.
926 5430 1241 5484 Praedictum
1266 5439 1347 5483 est
1373 5430 1510 5499 quod
1544 5445 1815 5485 resurrec-

229 5525 386 5569 turus
427 5527 594 5583 esset,
630 5520 943 5574 resurrexit.
976 5519 1043 5573 Et
1095 5520 1388 5575 secundum
1420 5520 1530 5587 ipsa
1564 5520 1815 5588 praedicta

232 5608 640 5677 prophetarum,
686 5610 928 5666 ascendit
966 5613 1019 5667 in
1058 5611 1275 5677 caelum,
1309 5622 1362 5666 et
1404 5609 1679 5678 discipulis
1708 5614 1816 5666 suis

234 5699 491 5770 Spiritum
524 5713 767 5761 sanctum
801 5708 965 5763 misit.
1014 5705 1333 5764 Praedictum
1378 5715 1461 5765 est
1506 5721 1611 5764 non
1648 5706 1816 5764 solum

1930 3241 2161 3309 aequales
2189 3238 2392 3307 angelis
2438 3238 2553 3300 Dei,
2585 3238 2721 3292 sicut
2747 3237 2999 3292 Dominus
3032 3235 3149 3306 ipse
3173 3232 3436 3305 promisit,
3461 3243 3514 3288 et

1932 3331 2148 3386 laudent
2178 3345 2303 3385 eum
2335 3330 2456 3384 sine
2494 3329 2674 3399 aliquo
2712 3328 2943 3394 deiectu,
2975 3335 3030 3383 et
3062 3327 3181 3382 sine
3208 3327 3386 3396 aliquo
3413 3324 3515 3378 fas-

1934 3422 2083 3487 tidio,
2128 3435 2341 3490 semper
2384 3419 2625 3474 viventes
2655 3420 2706 3474 in
2752 3418 2865 3485 illo,
2899 3428 2954 3474 et
3001 3420 3067 3473 de
3096 3419 3209 3485 illo,
3259 3432 3379 3473 cum
3423 3415 3514 3469 tali

1930 3515 2122 3585 gaudio
2167 3521 2222 3567 et
2268 3510 2620 3574 beatitudine,
2652 3511 2830 3580 qualis
2876 3524 2977 3564 nec
3004 3509 3130 3577 dici,
3170 3523 3269 3564 nec
3294 3508 3514 3577 cogitari

1931 3607 1997 3660 ab
2030 3604 2335 3659 hominibus
2381 3611 2579 3672 potest.
2624 3601 2704 3655 Tu
2745 3602 2923 3667 itaque
2962 3600 3189 3655 credens
3218 3599 3340 3665 ista,
3386 3612 3516 3653 cave

1932 3696 2273 3758 tentationes,
2300 3694 2423 3763 quia
2450 3692 2698 3746 diabolus
2727 3691 2921 3761 quaarit
2945 3692 3034 3759 qui
3061 3706 3246 3745 secum
3270 3699 3515 3758 pereant,

1930 3800 1987 3842 ut
2017 3803 2120 3842 non
2154 3788 2326 3840 solum
2358 3802 2455 3854 per
2477 3800 2569 3839 eos
2596 3785 2685 3852 qui
2719 3794 2870 3837 extra
2899 3784 3193 3837 Ecclesiam
3227 3791 3371 3844 sunt,
3401 3783 3515 3837 sive

1929 3880 2139 3949 pagani,
2169 3878 2286 3934 sive
2310 3877 2497 3947 judaei,
2529 3876 2644 3930 sive
2684 3875 2942 3929 haeretici.
2973 3874 3087 3926 Non
3132 3885 3184 3928 te
3216 3874 3381 3928 hostis
3427 3874 3519 3927 ille

1926 3971 2165 4033 scducat,
2199 3969 2289 4023 sed
2328 3968 2489 4023 etiam
2526 3982 2660 4036 quos
2692 3967 2743 4020 in
2786 3967 2893 4036 ipsa
2926 3964 3164 4019 Ecclesia
3198 3966 3295 4034 ιι
3326 3962 3519 4017 ωιὴοα

1930 4065 2029 4117 lica
2061 4062 2262 4115 videris
2294 4062 2430 4113 male
2461 4061 2701 4113 viventes
2730 4066 2822 4111 aut
2852 4056 3234 4111 immoderatos
3263 4055 3514 4122 voluptao

1928 4157 2069 4210 tibus
2103 4153 2307 4207 ventris
2343 4160 2398 4205 et
2431 4150 2679 4219 gutturis,
2724 4156 2817 4203 aut
2857 4147 3177 4217 impudicos,
3226 4154 3317 4199 aut
3362 4144 3521 4197 vanis

1926 4242 2348 4306 curiositatibus,
2374 4243 2459 4296 vel
2514 4240 2715 4295 illicitis
2758 4239 2990 4305 deditos,
3021 4239 3135 4292 sive
3176 4234 3511 4305 Spectaculo-

1927 4352 2069 4400 rum,
2116 4335 2235 4389 sive
2285 4332 2671 4397 remediorum,
2720 4341 2810 4385 aut
2855 4330 3238 4384 divinationum
3291 4326 3513 4381 diaboli-

1931 4441 2135 4486 Carum.
2169 4424 2282 4478 sive
2326 4423 2376 4475 in
2410 4436 2628 4491 pompa,
2660 4419 2756 4493 [et]
2786 4422 2836 4474 in
2870 4420 3035 4490 typho
3063 4417 3318 4483 avaritiae,
3349 4422 3516 4484 atque

1850 4494 1901 4555 Ῑ)
1930 4516 2220 4583 superbiae,
2269 4514 2383 4567 sive
2428 4512 2483 4565 in
2530 4512 2703 4580 aliqua
2735 4512 2864 4575 vita,
2898 4526 3054 4579 quam
3087 4509 3168 4564 lex
3212 4507 3427 4561 damnat
3454 4514 3521 4561 et.

1931 4605 2103 4676 punit,
2131 4618 2236 4658 non
2253 4618 2348 4659 eos
2370 4601 2626 4666 imiteris;
2649 4600 2741 4655 sed
2767 4600 2943 4669 potius
2965 4599 3305 4667 conjungaris
3331 4598 3507 4660 bonis,

1927 4712 2063 4769 quos
2107 4698 2418 4751 inventurus
2464 4710 2523 4749 es
2573 4693 2748 4758 facile,
2781 4693 2826 4747 si
2848 4680 2919 4748 'et
2948 4702 3003 4745 tu
3052 4691 3171 4745 talis
3214 4689 3406 4754 lueris,
3452 4698 3510 4743 ut

1927 4791 2090 4846 simul
2132 4787 2323 4843 colatis
2354 4794 2410 4842 et
2456 4784 2689 4856 diligatis
2726 4784 2893 4839 Deum
2939 4783 3124 4852 gratis,
3171 4785 3292 4851 quia
3338 4789 3511 4833 totum

1930 4884 2206 4953 praemium
2239 4890 2478 4935 nostrum
2506 4880 2623 4949 ipse
2652 4879 2775 4939 erit,
2819 4885 2877 4931 ut
2912 4876 2965 4930 in
3014 4874 3102 4929 illa
3145 4883 3344 4927 aeterna
3377 4871 3505 4934 vita,

1926 4974 2164 5030 bonitate
2229 4972 2345 5041 ejus
2409 4980 2462 5026 et
2516 4967 2911 5039 pulchritudine
2981 4966 3337 5035 perfruamur.
3401 4961 3507 5016 Sed

1923 5065 2184 5118 amandus
2210 5071 2313 5128 est,
2360 5075 2465 5116 non
2507 5061 2645 5117 sicut
2673 5058 2872 5128 aliquid
2899 5056 3043 5127 quod
3073 5056 3282 5110 videtur
3312 5053 3505 5114 oculis,

1923 5155 2017 5212 sed
2047 5156 2188 5211 sicut
2216 5161 2424 5207 amatur
2467 5153 2749 5221 sapientia,
2783 5158 2839 5206 et
2878 5150 3097 5213 veritas,
3129 5156 3184 5203 et
3230 5144 3501 5203 sanctitas,

1923 5257 1977 5304 et
2000 5248 2231 5315 justitia,
2263 5253 2319 5300 et
2344 5245 2598 5311 Charitas,
2625 5254 2681 5299 et
2709 5243 2754 5299 si
2783 5242 2911 5312 quid
2938 5240 3083 5296 aliud
3127 5239 3233 5293 tale
3271 5234 3465 5290 dicitur
3486 5247 3505 5285 :

1924 5356 2030 5396 non
2080 5337 2528 5409 quemadmodum
2584 5345 2707 5390 sunt
2770 5336 2866 5389 ista
2921 5333 2974 5386 in
3027 5326 3353 5391 hominibus,
3406 5320 3503 5377 sed

1929 5428 2380 5502 quemadmodum
2408 5437 2534 5483 sunt
2560 5428 2612 5482 in
2653 5427 2769 5496 ipso
2813 5424 2960 5478 fonte
3008 5416 3420 5486 incorruptibilis
3449 5427 3505 5467 et

1932 5518 2390 5577 incommutabilis
2426 5518 2717 5588 sapientiae.
2750 5517 3108 5583 Quoscunque
3144 5523 3270 5576 ergo
3308 5506 3505 5561 videris

1934 5614 2048 5667 bare
2088 5627 2291 5679 amare,
2324 5611 2429 5666 illis
2477 5610 2817 5679 conjungere,
2865 5614 2924 5659 ut
2970 5618 3063 5673 per
3091 5599 3364 5656 Christum
3414 5599 3505 5667 qui

1932 5702 2088 5757 homo
2120 5701 2287 5758 factus
2314 5710 2416 5766 est,
2449 5708 2505 5753 ut
2535 5705 2677 5754 esset
2708 5695 2968 5751 mediator
2999 5692 3094 5749 Dei
3119 5700 3173 5748 et
3204 5688 3501 5755 hominum,
