3986 6190
469 335 573 392 863

1544 330 1602 381 D.
1650 321 1969 381 EUGYI‘PII
2009 319 2299 375 ABBATIS
2336 316 2653 374 AFRICWI

3623 318 3733 373 εῡι

472 450 842 508 τοοιιιιυηὶετίε
875 450 1003 504 Deo.
1050 447 1301 502 llomiizes
1325 453 1519 498 -autem
1558 453 1858 511 perverstis,
1892 436 2048 489 etiam
2083 438 2126 494 Α
2160 432 2357 499 nuptiis
2378 427 2983 499 :equaverunt.Quidam
3008 441 3127 481 cum
3149 426 3406 494 legerent,
3428 427 3629 482 Bonum
3651 436 3734 483 est

467 547 510 599 si
542 546 743 599 intrent
777 542 1003 609 parietes
1033 538 1304 601 Ecclesiae,
1334 552 1439 589 non
1462 549 1554 589 eos
1576 532 1851 586 arbitreris
1881 532 2046 583 intra-

470 647 621 689 turos
650 636 701 689 in
736 648 955 703 regnum
1001 632 1279 692 caelorum,
1313 628 1434 695 quia
1481 641 1580 679 suo
1624 634 1862 692 tempore
1890 637 2049 687 sepa-

474 728 754 790 rabuntur,
797 727 840 779 si
892 740 951 777 se
984 724 1034 776 in
1080 721 1270 776 melius
1303 737 1405 773 non
1437 716 1903 773 commutaveriut.
1943 716 2049 767 llo-

470 817 645 869 mincs
676 830 802 883 ergo
828 814 997 867 bonos
1021 813 1250 875 imitare,
1281 812 1446 865 malos
1481 810 1663 870 tolera,
1690 823 1878 861 omnes
1907 822 2046 873 ama,

472 906 591 973 quia
627 919 731 957 non
762 904 867 957 scis
900 903 1023 971 quid
1054 918 1171 956 cras
1203 902 1412 954 futurus
1441 900 1530 966 sit,
1563 899 1652 968 qui
1692 898 1850 951 hodie
1878 898 2050 950 malus

467 1004 550 1048 est
582 992 712 1065 [sit].
744 993 851 1047 Nec
875 1009 1057 1047 eorum
1088 1008 1234 1046 ames
1268 991 1603 1059 injustitiam,
1635 990 1727 1043 sed
1758 991 1899 1056 ipsos
1928 989 2050 1042 ideo

467 1103 635 1151 ames,
685 1096 741 1139 ut
806 1085 1208 1155 apprchendant
1251 1082 1530 1151 justitiam,
1564 1084 1683 1147 quia
1726 1098 1830 1133 non
1878 1080 2047 1132 solm

465 1176 623 1231 nobis
652 1178 869 1230 dilectio
920 1177 1012 1230 Dei
1061 1184 1323 1243 praecepta
1368 1182 1469 1237 est,
1504 1174 1596 1228 sed
1627 1173 1785 1227 etiam
1833 1173 2049 1225 dilectio

467 1269 720 1337 proximi,
749 1268 801 1321 in
826 1268 1017 1336 quibus
1040 1266 1250 1319 duobus
1276 1265 1576 1334 prteceptis,
1609 1274 1716 1318 tota
1748 1264 1830 1316 lex
1858 1263 2049 1330 pendet

466 1370 519 1414 et
546 1360 843 1427 prophetzc.
870 1360 1039 1425 Quam
1070 1373 1174 1410 non
1200 1358 1405 1423 itnplet,
1433 1357 1531 1409 nisi
1555 1356 1641 1423 qui
1671 1357 1865 1407 donum
1895 1370 2050 1408 acce-

474 1449 610 1515 perit
645 1448 902 1516 Spiritum
935 1455 1201 1511 sanctum,
1237 1447 1378 1500 Patri
1412 1458 1465 1499 et
1497 1446 1630 1499 Filio
1662 1446 1841 1513 utique
1870 1461 2047 1514 mqua-

468 1540 595 1608 lem,
626 1540 748 1609 quia
781 1540 889 1608 ipsa
922 1538 1155 1591 Trinitas
1199 1539 1338 1591 Deus
1378 1546 1480 1591 est.
1528 1538 1582 1590 ln
1623 1551 1728 1607 quo
1771 1536 1880 1589 Deo
1924 1550 2048 1604 spes

465 1635 640 1687 omnis
672 1633 915 1703 ponenda
946 1642 1060 1699 est;
1093 1649 1215 1687 nam
1246 1636 1295 1686 in
1322 1634 1539 1688 homine
1565 1650 1669 1686 non
1693 1640 1774 1686 est
1805 1632 2046 1701 ponenda

462 1724 850 1794 qualiscunque
889 1726 979 1779 ille
1010 1725 1185 1779 fuerit.
1234 1725 1392 1778 Aliud
1434 1734 1515 1779 est
1551 1725 1693 1778 enim
1736 1723 1827 1776 ille
1871 1738 1899 1775 a
1941 1737 2046 1791 quo

462 1815 818 1884 justiﬁcantur
839 1857 853 1881 ,

468 1908 579 1961 Non
635 1917 811 1961 autem
870 1907 1039 1961 solum
1101 1921 1195 1973 per
1250 1905 1570 1975 cupiditates
1625 1904 1870 1957 diabolus
1924 1912 2043 1956 ten-

466 2010 565 2064 tat,
599 1999 693 2052 sed
744 2000 904 2053 etiam
957 2014 1052 2067 per
1103 2008 1335 2052 terrores
1385 1996 1785 2051 insultationum
1840 2006 1893 2048 et
1949 1997 2049 2047 do-

466 2090 679 2153 lorum,
724 2099 777 2143 et
828 2089 996 2157 ips'us
1052 2090 1258 2143 mortis.
1328 2088 1596 2165 Quidquid
1650 2098 1830 2142 autem
1889 2086 2048 2141 homo

467 2192 657 2247 passus
692 2178 848 2233 luerit
898 2194 994 2247 pro
1048 2180 1264 2233 nomine
1305 2178 1503 2233 Christi
1546 2188 1599 2233 et
1649 2193 1744 2246 pro
1791 2192 1886 2246 spe
1928 2178 2049 2232 vitae

466 2278 704 2334 aeterna},
748 2281 801 2325 et
838 2285 1159 2340 permanens
1200 2272 1524 2337 toleraverit,
1560 2272 1729 2340 major
1765 2270 1812 2325 ei
1847 2286 2051 2325 merces

465 2362 769 2417 donabitur.
804 2363 937 2429 Quia
965 2365 1008 2417 si
1039 2364 1259 2419 cesserit
1290 2364 1523 2433 diabolo,
1548 2380 1667 2419 cum
1711 2366 1799 2418 illo
1826 2368 2049 2419 damna-

471 2456 635 2522 bitur,
680 2455 775 2508 sed
823 2472 984 2523 opera
1032 2456 1415 2510 misericordia:
1456 2473 1574 2509 cum
1627 2458 1709 2524 pia
1753 2457 2051 2511 humilitate

468 2546 759 2612 impetrant
800 2560 829 2598 a
878 2546 1122 2613 Domino,
1160 2556 1215 2601 ut
1254 2563 1361 2600 non
1392 2547 1663 2617 permittat
1704 2564 1888 2602 serios
1925 2562 2052 2601 suos

467 2638 659 2689 tentari
692 2636 827 2688 ul.ra
857 2651 1014 2706 quam
1048 2647 1269 2705 posmut
1297 2638 1585 2693 sustinere.

1054 2766 1280 2824 CAPUT
1318 2769 1472 2826 CCII.

469 2882 620 2945 Quod
661 2898 761 2934 non
809 2884 873 2935 sit
902 2885 1187 2937 contrarius
1217 2883 1491 2951 Apmtolus
1528 2886 1700 2938 dicens
1727 2900 1746 2939 :
1780 2884 2054 2940 Pe'cautes

540 2968 712 3003 coram
742 2954 975 3007 omnibus
997 2970 1177 3023 argue,
1214 2954 1437 3007 Domino
1460 2956 1656 3023 dicente
1674 2972 1691 3008 :
1711 2956 1920 3021 Corripe
1940 2974 2056 3010 eum

542 3023 674 3075 inter
700 3033 745 3074 te
767 3032 810 3074 et
836 3026 1001 3093 ipsum
1025 3022 1226 3088 selum;
1251 3042 1312 3078 ex
1340 3026 1466 3078 libro
1490 3024 1553 3078 de
1574 3022 1708 3079 Fide
1729 3036 1776 3079 et
1799 3026 2053 3095 Operilms.

542 3132 797 3187 Prohibet
823 3135 1080 3189 Dominus
1104 3146 1349 3190 sanctum
1375 3137 1489 3191 dari
1517 3137 1773 3200 canibus;
1799 3152 1896 3192 nec
1920 3153 2053 3193 con-

471 3223 669 3277 trarius
698 3232 782 3277 est
806 3223 1097 3290 Apostolus
1132 3224 1375 3291 Domino,
1408 3226 1531 3294 quia
1555 3226 1684 3280 dicit
1716 3244 1727 3279 :
1762 3226 2051 3282 Peccantes

468 3330 649 3369 coram
681 3315 928 3371 omnibus
968 3332 1153 3386 argue,
1188 3327 1243 3371 ut
1276 3318 1454 3372 cazteii
1504 3317 1745 3373 timorem
1790 3318 2049 3382 habeant;

469 3421 587 3458 eum
640 3406 733 3459 ille
773 3406 918 3459 dicat
969 3425 981 3458 :
1032 3406 1253 3474 Corripe
1297 3424 1417 3464 eum
1464 3409 1605 3463 inter
1654 3418 1705 3464 te
1752 3418 1807 3464 et
1856 3411 2050 3479 ipsum.

471 3498 771 3568 Utrumque
800 3499 942 3551 enim
974 3500 1273 3553 faciendum
1303 3511 1405 3566 εει,
1439 3501 1578 3554 sicut
1606 3500 1703 3571 [et]
1732 3502 2055 3555 inﬁrmitatis

471 3590 753 3644 diversitas
776 3588 1050 3655 admonet,
1083 3606 1269 3645 eorum
1308 3606 1444 3660 quos
1477 3592 1659 3660 utique
1693 3607 1797 3646 non
1828 3592 2057 3660 perden-

472 3680 591 3746 dos,
644 3680 739 3735 sed
797 3682 1147 3750 corrigendos
1192 3683 1565 3753 curandosque
1613 3670 1953 3753 suscipimus,
2003 3695 2058 3740 et

474 3774 611 3828 alius
634 3774 731 3837 sic,
760 3774 898 3829 alius
924 3785 1101 3828 autem
1133 3776 1210 3829 sic
1248 3776 1520 3831 sanandus
1544 3785 1647 3831 est.
1682 3776 1752 3829 Ita
1784 3776 1944 3831 etiam
1976 3786 2060 3831 est

479 3865 615 3919 ratio
645 3865 1015 3921 dissimulandi
1044 3876 1099 3921 et
1130 3866 1392 3921 tolerandi
1424 3868 1592 3921 malos
1632 3867 1685 3920 in
1718 3866 1974 3931 ECClesitl,
2004 3879 2059 3921 et

472 3965 553 4010 est
587 3970 777 4010 rursus
821 3956 960 4011 ratio
990 3955 1304 4027 castigandi,
1347 3957 1697 4026 corripiendi,
1730 3972 1835 4010 non
1867 3956 2058 4010 admit-

476 4044 617 4099 tendi
664 4044 746 4100 vel
786 4060 816 4099 a
844 4048 1221 4120 communione
1263 4046 1594 4101 removendi.
1641 4047 1837 4099 Errant
1880 4056 2058 4099 autem

477 4132 722 4189 homines
772 4150 881 4187 non
934 4144 1215 4190 servantes
1246 4136 1483 4200 nunlum,
1535 4144 1591 4189 et
1634 4149 1754 4188 eum
1796 4136 1846 4187 in
1898 4150 2056 4188 unam

476 4236 681 4293 partem
724 4224 1028 4292 procliviter
1067 4224 1146 4279 ire
1184 4226 1469 4291 coeperint,
1501 4239 1607 4278 non
1640 4223 1935 4293 respiciunt
1974 4224 2059 4277 di-

476 4315 615 4367 vitue
660 4315 995 4369 auctoritatis
1040 4315 1143 4367 alia
1178 4315 1503 4379 testimonia,
1533 4315 1727 4384 quibus
1760 4315 1965 4383 possint
1993 4314 2059 4368 ab

479 4405 566 4457 illa
616 4404 914 4459 intentione
954 4407 1217 4471 revocari,
1250 4415 1304 4459 et
1352 4406 1403 4459 in
1448 4420 1509 4460 ea
1560 4408 1678 4474 qua:
1725 4420 1791 4458 ex
1821 4404 2061 4473 utrisque

482 4506 775 4563 temperata
820 4506 904 4551 est
949 4499 1174 4551 veritate
1219 4513 1280 4551 ac
1321 4498 1685 4552 moderatione
1729 4496 2056 4561 consistere;

481 4604 577 4642 nec
606 4588 660 4642 in
694 4587 792 4643 hac
829 4603 887 4643 re
917 4597 1143 4653 tantum,
1174 4588 1240 4644 de
1284 4604 1386 4657 qua
1413 4604 1552 4644 nunc
1580 4589 1806 4658 quaesuo
1834 4598 1936 4651 est,
1963 4587 2056 4641 sed

482 4678 643 4732 etiam
677 4680 727 4732 in
756 4678 875 4733 aliis
902 4680 1105 4732 multis.
1138 4680 1269 4734 Nam
1304 4678 1518 4747 quidam
1560 4680 1826 4733 intuentes
1857 4678 2062 4732 divina-

481 4780 597 4820 rum
640 4768 943 4823 testimonia
995 4769 1316 4832 litterarum,
1361 4768 1557 4838 quibus
1605 4783 1741 4821 unus
1772 4766 1912 4820 Deus
1967 4781 2061 4820 co-

484 4857 671 4911 lendus
722 4858 1039 4923 insinuatur,
1084 4861 1332 4916 eumdem
1377 4860 1585 4914 Patrem
1634 4860 1723 4928 qui
1773 4869 1856 4913 est
1902 4858 2065 4914 Filius

486 4958 835 5019 sanctumque
889 4949 1147 5017 Spiritum
1201 4961 1544 5021 putaverunt.
1590 4951 1694 5005 Alii
1732 4967 1933 5014 rursus,
1975 4965 2064 5005 vc-

488 5040 585 5095 luti
618 5046 805 5096 morbo
834 5044 1105 5097 contrario
1136 5044 1463 5110 laborantes,
1491 5059 1611 5097 cum
1636 5043 1974 5097 attenderem
1998 5057 2060 5096 ea

486 5131 681 5198 quibus
719 5132 952 5187 Trinitas
979 5133 1297 5196 declaratur,
1332 5150 1432 5189 nec
1475 5135 1715 5189 valerent
1764 5134 2063 5203 intelligere

488 5224 757 5288 quomodo
783 5223 977 5278 dicitur
999 5223 1110 5294 {sit}
1151 5240 1285 5278 unus
1330 5224 1490 5291 Deus,
1522 5239 1642 5278 cum
1684 5233 1739 5280 et
1768 5225 1924 5279 Pater
1954 5238 2061 5278 non

493 5313 562 5366 sit
586 5312 772 5381 Filius,
803 5328 901 5369 nec
929 5314 1092 5369 Filius
1120 5315 1190 5369 sit
1222 5314 1395 5379 Pater,
1432 5330 1531 5370 nec
1560 5315 1788 5386 Spiritus
1817 5325 2058 5381 sanctus,

484 5413 573 5456 aut
605 5402 795 5470 Filius,
827 5412 919 5458 aut
945 5404 1121 5470 P..ter,
1164 5405 1501 5462 diversitates
1540 5408 1701 5461 etiam
1736 5406 2059 5461 substantia-

487 5509 602 5548 rum
626 5496 940 5559 asserendas
964 5505 1235 5566 putarunt.
1261 5499 1484 5564 Quidam
1510 5499 1775 5554 intuentes
1805 5501 1855 5553 in
1879 5499 2059 5567 Scrip-

488 5584 622 5639 turis
664 5599 865 5642 sancta:
896 5588 1213 5657 virginitatis
1255 5591 1490 5656 laudem,
1531 5590 1792 5645 connubia
1836 5592 2060 5644 damna-

489 5687 637 5727 vere.
687 5678 910 5741 Quidam
968 5696 1151 5734 rursus
1216 5697 1279 5736 ea
1330 5683 1631 5735 testimonia
1690 5692 2062 5737 con~ectautes

492 5763 680 5829 quibuS
730 5777 872 5823 casta
932 5770 1174 5840 conjugia
1244 5773 1645 5842 praedicantur,
1701 5774 2058 5844 virginitatem

2158 523 2350 575 fratres
2379 519 2829 573 non-manducare
2855 532 3095 579 carnem,
3120 532 3293 586 neque
3322 517 3501 572 bibere
3523 521 3733 582 vinum,

2153 622 2206 665 et
2238 612 2496 665 nonnulla
2530 612 2747 673 similia,
2788 620 3085 663 creaturam
3116 607 3233 673 Dei,
3283 620 3337 663 et
3381 625 3509 677 quas
3550 612 3736 663 vome-

2156 718 2276 759 runt
2305 720 2459 759 escas
2503 702 2804 757 imnmndas
2848 715 2969 757 esse
3013 712 3319 755 senserunt.
3348 701 3576 767 Quidam
3609 717 3740 756 vero

2154 796 2415 864 legentes,
2449 795 2634 848 Omnis
2655 802 2898 847 creatura
2932 792 3023 845 Dei
3054 793 3190 845 bona
3224 801 3327 858 est,
3358 802 3414 846 et
3441 792 3570 845 nihil
3604 793 3740 861 abji-

2153 886 2398 939 ciendum
2430 887 2568 956 quod
2610 900 2730 940 cum
2782 886 3072 956 gratiarum
3119 885 3327 939 actione
3370 884 3653 953 accipitur,
3687 885 3738 937 in

2155 976 2504 1029 voracitatem
2536 975 2990 1042 vinolentiamque
3033 974 3253 1044 collapsi
3304 984 3448 1041 sunt,
3500 989 3607 1027 non
3638 975 3740 1029 sibi

2157 1067 2400 1119 valentes
2430 1064 2643 1119 auferre
2670 1065 2821 1129 vitia,
2848 1065 2948 1117 nisi
2973 1064 3101 1117 eise
3131 1065 3421 1127 contrario,
3452 1063 3535 1116 vel
3570 1073 3751 1131 tanta,

2152 1156 2234 1207 vel
2290 1154 2488 1223 majora
2542 1154 2914 1208 succederent.
2948 1154 3039 1208 Sic
3090 1155 3249 1206 etiam
3298 1153 3349 1205 in
3404 1154 3504 1206 hac
3549 1150 3747 1213 causa,

2152 1261 2269 1311 qua:
2295 1246 2520 1297 habetur
2550 1246 2602 1297 in
2634 1244 2901 1307 manibus,
2926 1244 3143 1311 quidam
3175 1242 3439 1296 intuentes
3468 1252 3748 1310 praecepta

2151 1316 2468 1396 severitatis,
2502 1333 2695 1401 quibus
2739 1316 3095 1386 admonemur
3130 1330 3407 1395 corripere
3449 1329 3745 1398 inquietos,

2152 1439 2258 1475 non
2300 1424 2428 1474 dare
2455 1432 2702 1474 sanctum
2746 1421 2988 1483 canibus,
3022 1428 3078 1472 ut
3105 1419 3375 1472 ethnicum
3413 1418 3617 1470 habere
3652 1416 3749 1468 Ec-

2150 1514 2332 1567 clesiae
2384 1520 2852 1580 contemptorem,
2903 1525 2930 1563 a
2982 1523 3243 1577 compage
3305 1510 3545 1573 corporis
3599 1506 3742 1573 quod

2151 1603 2476 1656 scandalizat
2530 1602 2853 1674 [membrum
2900 1601 3040 1669 quod
3082 1596 3433 1666 scandalizat]
3461 1598 3739 1659 evellere;

2154 1696 2230 1749 ita
2286 1694 2597 1763 perturbant
2646 1692 2897 1747 Ecclesia:
2944 1706 3155 1760 pacem,
3199 1699 3258 1742 ut
3301 1698 3569 1744 conentur
3621 1698 3743 1742 ante

915 1815 1065 1868 aliud
1124 1815 1195 1869 mi
1250 1830 1368 1868 cum
1422 1814 1616 1881 quibus
1670 1781 2049 1881 Ῑυεηηρδηίυτ.
2087 1805 2130 1862 Β
2160 1796 2370 1852 tempus
2413 1799 2662 1853 separare
2708 1782 2934 1846 zizania,
2978 1789 3140 1848 atque
3187 1782 3289 1832 hoc
3333 1794 3515 1833 errore
3552 1781 3741 1833 caecati

2152 1875 2254 1944 ipsi
2285 1875 2461 1943 potius
2486 1891 2516 1928 a
2541 1872 2740 1929 Christi
2770 1874 2973 1927 unitate
2995 1881 3329 1940 separentur,
3356 1871 3530 1939 qualis
3573 1870 3733 1923 nobis

2152 1982 2311 2022 causa
2342 1979 2425 2021 est
2445 1966 2702 2021 adversus
2730 1966 2962 2020 schisma
2994 1964 3205 2017 Donati.
3241 1963 3303 2017 Et
3343 1963 3443 2017 hoc
3470 1978 3574 2014 non
3616 1977 3737 2015 cum

2152 2060 2281 2123 illis,
2316 2060 2405 2127 qui
2439 2066 2700 2113 noverant
2725 2056 3063 2112 Caecilianum
3095 2071 3197 2109 non
3224 2056 3386 2120 veris,
3413 2055 3506 2108 sed
3532 2055 3739 2107 calum-

2158 2150 2334 2203 niosis
2363 2149 2679 2211 criminibus
2709 2149 3023 2217 appetitum,
3052 2157 3105 2201 et
3136 2145 3489 2215 perniciosam
3522 2154 3739 2199 senten-

2158 2239 2280 2292 tiam
2310 2253 2461 2292 suam
2492 2239 2767 2292 mortifero
2796 2236 2995 2303 pudore
3038 2249 3143 2288 non
3170 2234 3459 2296 deserunt;
3486 2231 3579 2286 sed
3621 2247 3737 2286 cum

2156 2329 2263 2383 illis
2304 2329 2496 2397 quibus
2520 2327 2746 2381 dicimus
2775 2342 2790 2379 :
2820 2326 2991 2379 Etiam
3021 2325 3066 2379 si
3097 2321 3219 2377 mali
3251 2322 3495 2385 fuissent,
3523 2330 3739 2390 propter

2156 2422 2289 2487 quos
2331 2419 2381 2472 in
2417 2418 2655 2473 Ecclesia
2683 2430 2789 2471 non
2830 2415 2985 2482 estis,
3016 2428 3113 2469 vos
3149 2423 3328 2468 tamen
3360 2426 3465 2466 eos
3496 2410 3737 2473 terendo,

2157 2520 2290 2574 quos
2335 2506 2624 2561 emendare
2667 2516 2757 2559 aut
2798 2519 3083 2574 segregare
3124 2503 3343 2557 minime
3376 2502 3655 2570 poteratis,
3688 2504 3735 2553 in

2158 2596 2400 2650 Ecclesia
2450 2611 2763 2665 permanere
2804 2595 3079 2650 debuistis.
3120 2594 3346 2659 Quidam
3375 2608 3502 2647 vero
3547 2608 3580 2646 e
3609 2606 3739 2646 con-

2161 2688 2323 2740 trario
2350 2687 2736 2754 periclitantes,
2760 2702 2883 2742 cum
2910 2687 3167 2741 bonorum
3194 2684 3563 2753 malorumque
3585 2700 3733 2738 com-

2160 2778 2471 2833 mistionem
2504 2780 2554 2831 in
2588 2778 2829 2833 Ecclesia
2859 2776 3276 2832 demonstratam
3306 2776 3391 2830 vel
3423 2776 3733 2845 pra-dictam

2160 2879 2282 2919 esse
2322 2866 2713 2935 perspexerint,
2762 2876 2815 2920 et
2859 2865 3126 2934 patientia:
3157 2874 3417 2935 praecepta
3461 2864 3741 2919 didicerint

2163 2956 2303 3028 (qua:
2322 2957 2393 3010 ita
2414 2972 2510 3012 nos
2534 2957 2869 3011 firmissimos
2884 2956 3132 3021 reddunt,
3158 2955 3393 3010 utetiam
3416 2956 3461 3010 si
3486 2955 3737 3010 videntur

2163 3049 2214 3102 iu
2252 3048 2491 3104 Ecclesia
2538 3062 2658 3104 esse
2687 3048 2921 3112 zizania,
2954 3062 3060 3102 non
3093 3056 3271 3101 tamen
3302 3044 3623 3113 impediatur
3652 3059 3740 3099 aut

2171 3140 2322 3205 ﬁdes,
2354 3151 2440 3193 aut
2473 3140 2709 3195 cbaritas
2736 3150 2940 3204 nostra,
2969 3149 3028 3193 ut
3056 3136 3304 3209 quoniam
3331 3137 3535 3191 zizauia
3566 3139 3616 3191 in
3645 3139 3740 3192 Ec-

2156 3233 2315 3286 clesia
2348 3248 2468 3287 esse
2498 3233 2788 3298 cernimus,
2832 3232 2932 3300 ipsi
2974 3231 3042 3287 de
3091 3230 3329 3285 Ecclesia
3375 3231 3736 3300 recedamus),

2152 3326 2540 3381 destituendum
2602 3334 2788 3395 putant
2851 3324 3104 3379 Ecclesia:
3153 3323 3513 3391 disciplinam,
3548 3338 3736 3391 quam-

2155 3414 2276 3469 dam
2306 3414 2767 3483 perversissimam
2797 3414 3141 3469 securitatem
3174 3413 3475 3482 praepositis
3506 3414 3727 3467 tribuen-

2157 3515 2259 3569 tes,
2289 3514 2345 3557 ut
2383 3504 2449 3558 ad
2504 3518 2598 3558 eos
2646 3519 2753 3558 non
2802 3505 3071 3573 pertineat
3108 3503 3212 3557 nisi
3259 3502 3442 3557 dicere
3471 3502 3596 3572 quid
3648 3518 3737 3557 ca-

2158 3596 2387 3649 vendum
2418 3595 2617 3664 quidve
2632 3596 2938 3649 laciendum
2962 3594 3054 3658 sit,
3087 3592 3367 3663 quodlibet
3392 3603 3571 3647 autem
3600 3594 3738 3662 quis-

2158 3700 2262 3753 que
2292 3684 2452 3739 faciat
2480 3700 2585 3738 non
2616 3699 2829 3739 curare.
2854 3683 2961 3739 Nos
2987 3698 3116 3738 vero
3143 3682 3211 3737 ad
3238 3696 3421 3736 sanam
3445 3682 3736 3736 doctrinam

2162 3777 2427 3845 pertinere
2455 3778 2801 3841 arbitramur,
2833 3792 2899 3831 ex
2941 3776 3184 3845 utrisque
3232 3775 3552 3829 testimoniis
3582 3775 3737 3828 vitam

2162 3867 2589 3932 sententiamque
2643 3865 2934 3930 moderari,
2989 3873 3048 3919 ut
3090 3874 3145 3919 et
3187 3878 3350 3918 canes
3397 3864 3448 3917 in
3506 3864 3740 3917 Ecclesia

2164 3966 2387 4024 propter
2416 3970 2599 4026 pacem
2633 3955 2889 4011 Ecclesiae
2921 3955 3236 4019 toleremus,
3277 3964 3330 4008 et
3359 3954 3583 4008 canibus
3621 3970 3740 4007 san-

2162 4056 2328 4110 ctum,
2360 4047 2447 4099 ubi
2491 4054 2576 4100 est
2625 4061 2723 4114 pax
2771 4045 3025 4099 Ecclesiae
3056 4052 3190 4108 tuta,
3222 4058 3327 4097 non
3356 4043 3566 4098 demus.
3612 4041 3739 4097 Cum

2163 4152 2288 4204 ergo
2322 4135 2438 4189 sive
2485 4150 2578 4205 per
2609 4135 2994 4204 negligentiam
3027 4134 3460 4203 praepositorum,
3494 4133 3609 4186 sive
3650 4148 3743 4201 per

2164 4225 2392 4293 aliquam
2422 4223 2783 4278 excusabilem
2814 4224 3212 4289 necessitatem,
3246 4222 3361 4276 sive
3385 4237 3481 4291 per
3503 4224 3743 4277 occultas

2164 4316 2503 4384 obreptiones
2537 4314 2837 4368 invenimus
2867 4315 2918 4367 in
2971 4314 3207 4368 Ecclesia
3240 4318 3431 4375 malos,
3462 4328 3598 4382 quos
3640 4312 3740 4365 Ec-

2164 4408 2463 4463 clesiastica
2488 4402 2766 4474 disciplina
2796 4406 3067 4475 corrigere
3092 4414 3184 4459 aut
3211 4419 3460 4458 coercere
3489 4420 3594 4458 non
3624 4418 3744 4471 p0;-

2165 4511 2350 4551 sumus
2388 4513 2401 4547 :
2436 4506 2560 4549 tunc
2599 4511 2668 4549 ne
2706 4494 2965 4549 ascendat
3008 4494 3060 4547 in
3090 4509 3184 4547 cor
3213 4502 3454 4546 nostrum
3502 4492 3663 4560 impia
3693 4501 3747 4545 tt

2168 4588 2463 4657 perniciosa
2502 4587 2866 4655 praesumptio,
2892 4600 2992 4653 qua
3031 4584 3395 4639 existimemus
3430 4598 3528 4638 nos
3563 4584 3634 4638 ab
3665 4584 3747 4637 bis

2165 4695 2288 4733 esse
2316 4662 2641 4746 separandos
2670 4686 2721 4730 ut
2758 4676 2993 4744 peccatis
3023 4690 3210 4730 eorum
3238 4691 3344 4729 non
3386 4673 3744 4744 inquinentur,

2168 4781 2327 4841 atque
2360 4771 2428 4824 ita
2461 4777 2581 4839 post
2610 4783 2706 4823 nos
2734 4768 2951 4823 trahere
2994 4782 3273 4834 conemur,
3323 4766 3487 4821 veluti
3518 4765 3748 4820 mundos

2168 4872 2489 4930 sanctosque
2531 4860 2842 4933 discipulos,
2877 4860 2945 4914 ab
2974 4859 3194 4915 unitatis
3220 4874 3499 4929 compage.
3531 4860 3681 4928 quasi
3718 4873 3746 4911 a

2170 4956 2431 5009 malorum
2463 4956 2733 5009 consortio
2774 4964 3081 5023 segregatos
3115 4972 3128 5005 :
3159 4952 3377 5008 veniant
3420 4953 3472 5005 in
3515 4962 3745 5005 mentem

2170 5047 2272 5099 ilch
2314 5046 2380 5100 de
2421 5046 2713 5113 Seripturis
2752 5045 3136 5099 similitudines
3181 5054 3238 5099 et
3283 5044 3459 5097 divina
3510 5044 3745 5109 oracula,

2168 5139 2248 5193 vel
2269 5139 2567 5192 certissima
2589 5139 2858 5206 exempla,
2883 5139 3078 5208 quibus
3096 5138 3517 5192 demonstratum
3538 5150 3589 5191 et
3616 5154 3748 5205 pra:-

2168 5228 2467 5281 nuutiatum
2513 5234 2626 5290 est,
2662 5227 2834 5281 malos
2876 5227 2928 5280 in
2964 5226 3201 5282 Ecclesia
3241 5228 3535 5295 permixtos
3570 5227 3742 5290 bonis,

2168 5331 2337 5387 usque
2366 5317 2432 5372 ad
2462 5314 2562 5387 [in]
2607 5316 2766 5371 tinem
2798 5316 3003 5382 saeculi,
3041 5324 3358 5385 tempusque
3383 5316 3569 5384 jud;cii
3615 5319 3748 5369 tutu-

2168 5424 2280 5471 ros,
2312 5416 2365 5462 et
2412 5407 2544 5461 nihil
2587 5407 2739 5462 bonis
2782 5407 2985 5460 unitate
3035 5420 3099 5460 ac
3130 5406 3537 5475 participatione
3572 5420 3748 5459 sacra-

2170 5509 2495 5563 mentorum,
2528 5499 2615 5568 qui
2659 5513 2844 5553 eorum
2891 5496 3046 5552 factis
3094 5512 3199 5551 non
3228 5497 3619 5559 consenserint,
3652 5498 3743 5550 ob-

2173 5588 2395 5643 futuros.
2447 5586 2578 5641 Cum
2627 5603 2761 5643 vero
2802 5587 2880 5642 eis
2934 5602 3028 5656 per
3076 5603 3208 5655 quos
3261 5587 3494 5642 Ecclesia
3544 5590 3744 5657 regitur

2174 5680 2341 5747 adest,
2379 5694 2506 5749 pace
2547 5680 2711 5744 salva,
2745 5688 2981 5748 potestas
3017 5679 3311 5748 disciplinae
3341 5681 3599 5734 adversus
3644 5682 3744 5733 im-

2175 5773 2368 5840 probus
2397 5780 2486 5825 aut
2529 5769 2760 5826 nefarios
2800 5770 3130 5837 exercendae,
3172 5776 3296 5826 tunc
3341 5786 3523 5827 rursus
3566 5786 3631 5826 ne
3660 5786 3735 5827 so-
