4016 6184
147 341 264 395 865

1355 322 1797 379 TIIESAURUS.
1839 321 1989 376 CAP.
2030 270 2207 376 εειῧ.

3324 313 3424 366 856

152 456 339 511 rordia
362 452 705 523 segnitiaque
734 451 835 520 12
863 445 1208 507 dormiamus,
1243 440 1359 495 aliis
1385 440 1586 492 aculeis
1612 451 1745 505 prze-
1774 441 1822 494 Α
1850 433 2170 503 significant,
2197 441 2254 485 ιιι
2291 429 2524 485 dormiat
2566 430 2823 486 Ecclesia:
2871 430 3171 501 disciplina,
3202 426 3272 481 de
3322 441 3426 493 qua

154 559 435 617 reptorum
460 558 580 614 qua:
609 541 673 595 ad
703 538 1045 594 severitatem
1079 531 1424 587 coercitiouis
1449 528 1739 595 pertinent,

158 636 424 693 txcitandi
450 648 659 697 sumus,
684 641 742 684 ut
764 643 982 699 gressus
1011 635 1221 679 nostros
1248 620 1299 675 in
1332 621 1409 673 via
1440 617 1652 672 Domini
1676 631 1742 669 ex

141 731 397 797 utrisque
429 723 773 785 testimoniis,
818 720 910 773 illo
952 719 1090 771 duce
1138 724 1298 783 atque
1344 712 1587 781 adjutore
1619 710 1748 763 diri-

148 831 368 892 gentes,
401 832 498 872 nec
528 814 797 885 patientia:
840 810 1058 864 nomine
1096 818 1481 876 torpescamus,
1515 815 1613 856 nec
1654 800 1749 854 ob-

154 921 315 969 teutu
336 908 625 977 diligentia:
647 905 949 958 Steviamus.

734 1028 963 1089 CAPUT
1000 1026 1180 1081 CCIII.

160 1156 291 1209 Non
321 1153 579 1223 faciendos
610 1147 853 1223 homines
877 1142 1010 1223 male
1042 1154 1267 1223 ξινςιινοε,
1311 1146 1367 1188 ιιι
1415 1142 1618 1223 propter
1662 1149 1747 1185 re-

234 1211 373 1278 cta'm
406 1224 579 1291 fidem,
609 1217 807 1291 etiamsi
836 1218 888 1291 iu
918 1211 1211 1291 criminibus
1232 1211 1617 1291 permanserint,
1650 1218 1752 1255 non

234 1277 577 1355 damnentur;
604 1305 667 1343 ex
693 1287 822 1340 libro
852 1284 914 1337 de
941 1281 1074 1334 Fide
1103 1290 1151 1333 et
1177 1277 1429 1343 operibus.

242 1426 548 1482 Caveamus
570 1435 696 1489 ergo
726 1417 1004 1486 diligenter
1037 1413 1089 1466 in
1122 1408 1385 1479 adjutorio
1414 1405 1621 1461 Domini
1655 1404 1748 1458 Dei

160 1518 365 1579 nostri,
399 1529 503 1569 non
532 1512 710 1566 facere
752 1508 996 1561 homines
1042 1505 1181 1558 male
1225 1514 1468 1562 securos,
1515 1498 1755 1551 dicentes

158 1614 268 1676 eis,
300 1609 440 1680 quod
480 1608 523 1659 si
558 1602 756 1658 fuerint
792 1599 843 1653 in
885 1598 1103 1653 Christo
1149 1592 1422 1663 baptizati,
1455 1588 1753 1660 quomodo-

160 1702 302 1754 libet
333 1701 384 1751 in
414 1710 476 1750 ea
495 1694 595 1747 fide
618 1690 872 1753 vixerint,
895 1701 988 1741 eos
1012 1685 1078 1738 ad
1100 1683 1330 1737 salutem
1354 1690 1609 1734 aeternam
1635 1690 1756 1730 esse

162 1800 454 1845 venturos.
480 1785 558 1840 Ne
591 1783 671 1837 sic
701 1781 957 1834 faciamus
986 1774 1319 1829 Christianos
1362 1769 1629 1839 quomodo
1665 1768 1757 1822 Ju-

162 1883 276 1937 dmi
302 1878 618 1947 proselytos,
646 1873 843 1943 quibus
870 1869 1124 1922 Dominus
1148 1865 1221 1917 ait
1246 1863 1367 1916 :V’m
1392 1863 1540 1915 vobis
1567 1860 1757 1914 scribae

164 1966 506 2039 ct-pharismi
533 1964 621 2034 qui
650 1959 892 2017 circuitis
923 1971 1069 2011 mare
1097 1964 1150 2008 et
1175 1964 1370 2009 terram
1398 1952 1573 2005 facere
1594 1963 1758 2003 unum

166 2059 504 2129 proselytum
533 2071 545 2105 :
578 2067 699 2107 cum
729 2059 907 2104 autem
939 2046 1197 2109 feceritis,
1228 2043 1401 2097 facitis
1434 2057 1554 2096 eum
1596 2040 1760 2092 filium

168 2152 458 2219 gehennae,
491 2144 655 2213 duplo
684 2156 844 2211 quam
896 2152 990 2192 vos
1028 2140 1189 2200 estis;
1236 2134 1329 2189 sed
1364 2133 1538 2201 potius
1577 2145 1762 2184 sanam

172 2239 477 2293 doctrinam
506 2234 598 2289 Dei
629 2230 865 2302 magistri
897 2229 949 2283 in
975 2237 1201 2297 utroque
1228 2235 1527 2285 teneamus,
1560 2231 1617 2275 ut
1639 2237 1762 2275 sano

173 2343 266 2386 cto
306 2329 570 2397 baptismo
597 2338 833 2379 consona
884 2322 953 2375 sit
979 2324 1086 2374 vita
1129 2318 1439 2383 christiana,
1488 2332 1590 2371 nec
1630 2329 1766 2385 quo-

174 2439 341 2493 quam
369 2416 659 2491 [cuiquam]
704 2414 907 2469 homini
939 2415 982 2467 si
1016 2410 1327 2465 utrumlibet
1369 2406 1618 2469 defuerit,
1663 2406 1769 2459 vita

178 2512 522 2583 promittatur
551 2515 771 2562 :eterna.
806 2504 904 2570 Qui
934 2501 1078 2556 enim
1106 2499 1243 2553 dixit
1272 2515 1287 2553 :
1330 2496 1441 2551 Nisi
1470 2496 1588 2566 quis
1616 2510 1771 2549 rena-

180 2617 268 2661 tus
297 2604 459 2659 fuerit
494 2616 561 2655 ex
605 2613 737 2667 aqua
771 2604 822 2650 et
853 2594 1054 2664 Spiritu
1084 2603 1293 2658 sancto,
1333 2604 1437 2643 non
1470 2588 1690 2642 intrabit
1719 2587 1769 2640 in

184 2709 413 2765 regnum
434 2690 721 2751 ccelorum;
756 2688 871 2754 ipse
900 2685 1060 2738 etiam
1084 2682 1223 2737 dixit
1245 2697 1261 2735 :
1285 2680 1396 2734 Nisi
1426 2677 1775 2733 abundaverit

180 2785 391 2855 iustitia
422 2790 595 2836 vestra
620 2792 779 2846 super
804 2775 1099 2830 scribarum
1132 2782 1185 2827 et
1216 2771 1623 2840 pharisaaorum,
1668 2783 1771 2822 non

183 2875 460 2931 intrabitis
488 2872 539 2925 iu
569 2881 790 2937 regnum
838 2864 1136 2926 ccelorum;
1166 2860 1236 2914 de
1267 2860 1371 2913 illis
1414 2858 1610 2928 quippe
1656 2857 1728 2910 ait
1759 2874 1772 2908 :

185 2967 397 3024 Scriba:
410 2973 463 3018 et
484 2959 734 3031 pharisaai
756 2970 915 3025 super
927 2952 1234 3007 cathedram
1252 2950 1417 3020 Moysi
1434 2949 1644 3012 sedent,
1660 2962 1777 3017 qua:

188 3059 384 3112 dicunt
407 3055 593 3115 facite;
621 3064 740 3119 quae
761 3056 937 3101 autem
964 3043 1168 3098 faciunt
1190 3042 1364 3095 facere
1387 3040 1572 3107 nolite,
1597 3040 1780 3094 dicunt

1849 524 1901 578 in
1948 523 2113 592 figura
2164 522 2313 576 illius
2346 520 2589 575 mulieris
2620 522 2821 577 dictum
2875 532 2999 586 est,
3033 522 3249 576 Severa:
3303 528 3429 571 sunt

1850 612 2291 667 conversationes
2331 610 2447 679 ejus
2503 612 2724 676 domus;
2777 613 2872 666 sed
2921 618 2980 667 ut
3008 627 3111 667 non
3150 623 3218 665 eo
3262 622 3432 677 usque

1853 703 2225 774 progrediatur
2296 700 2580 756 dementia:
2614 743 2628 765 ,
2683 704 2860 771 potius
2926 704 3201 758 temeritas
3265 714 3427 769 quam

1851 795 2113 849 severitas
2182 791 2518 862 diligentise,
2600 803 2659 846 ut
2733 794 2881 862 quasi
2935 793 3103 847 bonos
3166 807 3197 844 a
3275 789 3431 843 malis

1855 902 1951 954 per
2008 884 2205 938 nefaria
2250 884 2539 936 schismata
2599 898 2854 952 separare
2905 891 3208 952 praesumat.
3242 880 3429 947 Neque

1854 977 1997 1031 enim
2025 990 2059 1044 p
2079 992 2121 1027 ιι·
2158 974 2253 1027 has
2292 973 2669 1027 similitudines
2694 983 2752 1029 et
2779 974 3271 1042 prmuuntiationes,
3302 986 3433 1025 eon-

1856 1067 2029 1121 silium
2071 1065 2287 1119 desidia:
2319 1065 2473 1119 bouis
2513 1065 2693 1119 datum
2723 1074 2826 1131 est,
2869 1081 2971 1132 qua
2996 1065 3261 1135 negligant
3293 1061 3435 1131 quod

1859 1156 2143 1226 prohibere
2168 1154 2401 1219 debeat;
2435 1155 2527 1208 sed
2555 1155 2822 1222 patientiae
2852 1170 2954 1223 qua
2987 1156 3258 1222 perferant
3288 1155 3431 1206 salva

1858 1248 2102 1301 doctrina
2130 1246 2394 1307 veritatis,
2428 1245 2567 1313 quod
2596 1245 2881 1298 emendare
2928 1258 3034 1297 non
3086 1243 3289 1296 valent.
3335 1241 3443 1295 Nec

1871 1339 1998 1407 quia
2022 1337 2278 1405 scriptum
2311 1345 2411 1398 est,
2466 1335 2715 1389 introisse
2742 1335 2806 1386 ad
2853 1334 2963 1388 Noe
2999 1336 3049 1387 in
3077 1348 3254 1388 arcam
3284 1333 3445 1386 etiam

1859 1427 2129 1483 immunda
2164 1427 2434 1492 animalia,
2466 1427 2587 1480 ideo
2636 1427 2909 1495 praepositi
2953 1435 3139 1481 vetare
3193 1440 3296 1479 non
3346 1424 3445 1477 de-

1862 1518 2010 1584 bcut,
2056 1519 2100 1572 si
2146 1519 2233 1586 qui
2263 1515 2673 1570 immundissimi
2704 1516 2768 1568 ad
2823 1515 3142 1583 baptismum
3185 1515 3343 1568 velint
3369 1515 3444 1567 iu-

1864 1620 2006 1665 trarc
2055 1609 2329 1675 saltantes,
2373 1608 2512 1678 quod
2553 1618 2633 1664 est
2662 1619 2807 1663 certe
2854 1609 3033 1662 mitius
3085 1609 3265 1678 [quam
3316 1622 3449 1662 mm-

1861 1698 2103 1771 chantes]
2132 1718 2143 1751 :
2178 1699 2269 1754 sed
2305 1715 2397 1769 per
2430 1699 2568 1754 hanc
2610 1700 2831 1768 figuram
2878 1698 2955 1753 rei
2981 1707 3147 1767 gesta:
3197 1712 3448 1767 przcnun-

1792 1816 1836 1875 Β
1868 1791 2053 1843 tiatum
2090 1799 2191 1853 est,
2244 1789 2549 1843 immundos
2578 1790 2629 1842 in
2676 1789 2914 1842 Ecclesia
2958 1788 3189 1855 futuros,
3232 1798 3451 1856 propter

1866 1882 2163 1934 tolerantiae.
2181 1880 2465 1944 rationem,
2494 1894 2598 1933 non
2627 1887 2844 1947 propter
2862 1878 3120 1932 doctrina:
3147 1881 3448 1947 corruptio-

1866 1986 2009 2035 nem,
2050 1971 2135 2023 vel
2183 1969 2477 2037 disciplinac
2517 1968 2945 2023 dissolutionem.
2986 1967 3101 2022 Non
3141 1968 3283 2022 enim
3316 1984 3444 2037 qua.

1866 2076 2096 2131 cumque
2140 2061 2291 2115 libuit
2340 2060 2681 2114 intraverunt
2726 2058 2999 2113 immunda
3033 2058 3283 2113 animalia
3314 2074 3452 2112 arcm

1867 2166 2123 2221 compage
2164 2149 2457 2218 confracta,
2503 2149 2597 2204 sed
2648 2165 2708 2203 ea
2742 2149 2947 2219 integra
2978 2164 3071 2219 per
3106 2165 3267 2203 unum
3298 2160 3457 2218 atque

1870 2244 2010 2297 idem
2039 2241 2259 2309 ostium,
2304 2241 2448 2311 quod
2494 2240 2688 2295 artifex
2726 2240 2945 2294 fecerat.
2990 2239 3171 2293 Altera
3229 2240 3459 2308 qua-stic

1871 2340 1972 2393 est,
2016 2332 2066 2385 iu
2099 2345 2200 2398 qua
2253 2329 2331 2383 eis
2369 2328 2537 2383 visum
2577 2338 2657 2382 est
2703 2327 2860 2383 fidem
2910 2328 3079 2381 solam
3122 2328 3459 2395 baptizandis

1872 2436 1991 2477 esse
2051 2418 2388 2484 tradendam,
2448 2426 2630 2486 postea
2690 2432 2818 2471 vero
2872 2418 2993 2486 jam
3028 2417 3323 2484 baptizatos
3364 2419 3461 2471 do-

1872 2511 2072 2565 cendos
2094 2524 2215 2563 esse
2239 2508 2305 2563 de
2334 2507 2594 2563 moribus.
2624 2507 2729 2562 Sed
2753 2508 2883 2561 satis
2907 2506 3329 2561 demonstratum
3354 2517 3457 2569 est,

1876 2601 1976 2656 nisi
2005 2601 2177 2666 fallor,
2207 2609 2332 2655 tunc
2362 2598 2531 2669 magis
2563 2598 2835 2669 pertinere
2862 2598 2927 2652 ad
2949 2613 3130 2652 curam
3161 2599 3462 2667 speculato-

1876 2700 1968 2763 ris,
2000 2712 2119 2753 cum
2157 2711 2343 2751 omnes
2374 2696 2458 2764 qui
2506 2694 2738 2748 fidelium
2786 2701 3095 2762 competunt
3144 2706 3454 2745 sacramen-

1879 2798 2012 2854 tum,
2036 2787 2211 2842 omnia
2240 2799 2357 2855 qtue
2389 2784 2639 2839 dicuntur
2670 2783 2922 2837 intentius
2953 2791 3005 2836 et
3045 2782 3323 2835 sollicitius
3360 2795 3457 2833 au-

1879 2878 2050 2941 diuut,
2088 2893 2193 2931 non
2228 2885 2403 2930 tacere
2443 2874 2509 2929 de
2566 2888 2723 2943 ptena
2771 2888 2927 2942 quam
2979 2873 3119 2926 male
3158 2873 3457 2925 viventibus

1884 2969 2140 3022 Dominus
2171 2965 2531 3020 comminatur
2565 2981 2576 3015 :
2612 2978 2678 3017 ue
2710 2963 2761 3015 in
2794 2962 2910 3030 ipso
2940 2961 3203 3029 baptismo
3249 2961 3324 3015 rei
3355 2962 3465 3016 sint

1884 3061 2321 3131 gravissimorum
2364 3056 2671 3119 criminum,
2705 3068 2813 3123 quo
2841 3053 3063 3107 veniunt
3094 3062 3151 3106 ut
3191 3052 3465 3106 remittan-

188 3150 342 3202 enim
372 3155 425 3200 et
453 3158 558 3198 non
599 3142 817 3196 faciunt.
849 3139 988 3207 Ergo
1016 3135 1224 3206 justitia
1265 3148 1451 3187 eorum
1482 3141 1564 3186 est
1598 3132 1778 3186 dicere

1886 3160 1970 3204 tur
1999 3159 2175 3203 reatus
2200 3147 2435 3202 omnium
2482 3154 2847 3215 peccatorum.
2896 3143 3077 3198 Tertia
3127 3144 3354 3211 qumstio
3388 3153 3469 3199 est

190 3250 246 3293 et
268 3253 377 3291 non
408 3236 601 3296 facere,
629 3246 691 3285 ac
722 3245 814 3298 per
843 3228 944 3281 hoc
972 3236 1209 3280 nostram
1246 3237 1366 3278 esse
1399 3222 1567 3275 voluit
1608 3223 1775 3274 abun-

195 3332 416 3380 dantem
444 3338 603 3392 super
631 3322 844 3376 illorum
884 3318 1065 3371 dicere
1091 3324 1144 3369 et
1176 3314 1385 3379 facere;
1434 3328 1551 3381 qua:
1593 3313 1638 3365 si
1672 3327 1776 3365 non

199 3418 385 3479 fuerit,
419 3429 521 3469 neu
545 3410 828 3467 iutrabitur
857 3410 910 3464 in
942 3421 1166 3476 regnum
1204 3407 1485 3460 cmlorutn.
1519 3404 1632 3456 Non
1657 3405 1778 3472 quia

198 3512 481 3578 quisquam
514 3505 584 3559 ita
613 3502 773 3557 debet
800 3500 1005 3562 extolli,
1031 3506 1089 3550 ut
1135 3510 1240 3550 non
1279 3495 1452 3549 dicam
1482 3494 1619 3561 apud
1648 3495 1782 3547 alios

199 3602 423 3669 jactare,
467 3596 560 3650 sed
587 3593 725 3662 apud
753 3591 988 3661 seipsum
1024 3597 1210 3657 putare
1247 3585 1459 3649 audeat,
1493 3599 1551 3638 se
1600 3587 1652 3637 in
1686 3586 1784 3638 hac

204 3692 315 3742 vita
346 3701 465 3745 esse
510 3686 629 3740 siue
667 3690 906 3753 peccato,
940 3680 1034 3734 sed
1074 3677 1177 3732 nisi
1210 3685 1392 3731 essent
1427 3676 1669 3745 qu:edam
1714 3677 1784 3729 ita

206 3782 413 3851 gravia,
444 3789 504 3831 ut
533 3778 693 3849 etiam
723 3773 1276 3829 excommunicatione
1325 3769 1608 3839 plecteuda
1658 3770 1784 3832 sint,

211 3887 318 3926 nou
350 3871 550 3925 diceret
599 3865 931 3935 Apostolus:
972 3862 1321 3931 Congregatis
1370 3860 1540 3919 vobis,
1588 3869 1639 3912 et
1671 3875 1789 3910 meo

213 3962 404 4031 spiritu
434 3960 646 4013 tradere
667 3954 967 4024 hujusmodi
996 3962 1195 4007 satante
1218 3953 1270 4005 in
1296 3950 1566 4004 interitum
1590 3950 1789 4013 carnis,

215 4064 273 4107 ut
325 4052 545 4120 spiritus
586 4049 767 4103 salvus
816 4048 904 4111 sit,
952 4048 1004 4099 in
1052 4044 1139 4098 die
1188 4041 1394 4095 Domini
1442 4040 1591 4095 Jesu.
1645 4039 1793 4093 Unde

214 4144 378 4197 etiam
403 4143 531 4195 dicit
563 4156 576 4193 :
608 4140 686 4194 Ne
714 4140 921 4207 lugeam
953 4136 1149 4189 multos
1174 4148 1238 4188 ex
1292 4134 1373 4186 his
1400 4133 1486 4201 qui
1520 4139 1643 4183 ante
1673 4145 1794 4198 pec-

211 4245 471 4289 caverunt
497 4245 547 4287 et
580 4248 683 4285 nou
724 4238 945 4299 egerunt
977 4224 1344 4297 paenitentiam
1366 4238 1529 4291 super
1565 4222 1798 4274 immun-

211 4327 345 4379 ditia
379 4336 433 4379 et
461 4324 806 4379 fornicatione
835 4334 992 4388 quam
1038 4325 1343 4385 gesserunt.
1383 4314 1513 4367 Item
1564 4314 1665 4365 nisi
1709 4328 1796 4367 ες-

215 4425 343 4469 sent
368 4414 607 4483 qumdam
636 4427 739 4465 non
768 4425 829 4464 ea
857 4408 1153 4462 humilitate
1185 4405 1515 4474 poenitentia:
1539 4405 1798 4467 sanauda,

215 4504 393 4572 qualis
425 4504 477 4554 in
508 4502 742 4555 Ecclesia
771 4499 926 4553 datur
955 4500 1032 4551 eis
1085 4496 1173 4565 qui
1216 4494 1431 4564 proprie
1482 4496 1802 4562 pteniteotes

216 4613 235 4644 ι
250 4608 411 4650 ocaut
423 4610 503 4657 ur,
519 4594 609 4647 sed
625 4590 937 4662 quibusdam
956 4589 1355 4656 correptiouum
1374 4587 1799 4652 medicamentis,

215 4709 329 4747 non
373 4693 567 4746 diceret
597 4694 708 4761 ipse
741 4692 993 4745 Dominus
1030 4708 1041 4742 :
1073 4688 1301 4756 Corripe
1332 4704 1454 4742 eum
1506 4688 1644 4742 inter
1674 4699 1725 4741 te
1754 4696 1806 4741 et

215 4785 425 4851 ipsum,
458 4792 512 4834 et
539 4783 585 4835 si
613 4792 662 4835 te
686 4782 932 4847 audierit,
969 4780 1207 4833 lucratus
1256 4795 1315 4833 es
1366 4779 1585 4834 fratrem
1636 4791 1805 4833 tuum.

217 4876 509 4930 Postremo
547 4874 646 4929 nisi
676 4880 857 4928 essent
896 4870 1138 4941 quasdam
1168 4871 1284 4924 siue
1322 4871 1515 4941 quibus
1558 4870 1671 4924 lucc
1701 4871 1806 4923 vita

220 4982 332 5019 non
378 4964 567 5033 agitur,
601 4978 708 5018 non
733 4963 1101 5031 quotidianam
1158 4962 1421 5016 medelam
1478 4972 1697 5031 poneret
1755 4963 1806 5015 in

217 5055 473 5107 oratione
500 5068 660 5122 quam
701 5053 900 5116 docuit,
943 5062 1001 5105 ut
1051 5051 1330 5108 dicamus:
1386 5050 1603 5106 Dimitte
1657 5053 1809 5106 nobis

219 5147 410 5199 debita
449 5152 655 5209 nostra,
701 5143 842 5199 sicut
876 5153 929 5199 et
960 5157 1058 5197 nos
1109 5142 1430 5197 dimittimus
1479 5143 1809 5199 debitoribus

224 5237 451 5291 nostris.
476 5235 592 5291 Jam
617 5236 770 5302 satis,
794 5245 1049 5304 quantum
1076 5233 1329 5299 arbitror,
1357 5234 1424 5287 de
1452 5234 1538 5287 illa
1563 5244 1668 5288 tota
1697 5236 1807 5303 opi-

224 5332 397 5381 nione
421 5328 560 5397 quod
603 5328 734 5382 mihi
764 5326 1035 5382 videretur
1079 5326 1325 5393 exposui,
1368 5325 1453 5379 ubi
1510 5334 1617 5380 tres
1660 5338 1808 5393 qum-

226 5421 438 5474 stiones
476 5434 692 5475 movere
740 5418 1109 5490 [moverunt]:
1142 5431 1301 5473 unam
1345 5417 1413 5471 de
1456 5418 1809 5486 permixtione

232 5513 283 5563 in
315 5511 557 5565 Ecclesia
591 5513 854 5565 bonorum
882 5519 935 5563 et
976 5510 1240 5563 malorum
1291 5518 1540 5575 tauquam
1575 5510 1732 5563 trit’ci
1763 5518 1818 5563 et

232 5604 596 5669 zizaniorum;
630 5603 716 5657 ubi
747 5600 1039 5657 cavendum
1064 5611 1165 5666 est,
1195 5615 1260 5653 ne
1282 5599 1398 5653 ideo
1425 5610 1671 5669 putemus
1697 5617 1817 5656 esse

232 5698 553 5763 praepositas
580 5696 711 5748 istas
748 5692 1141 5749 similitudines.
1185 5690 1267 5744 vel
1299 5690 1455 5753 hanc,
1500 5691 1582 5744 vel
1614 5692 1679 5747 de
1713 5692 1814 5745 im-

232 5786 451 5841 mundis
472 5786 525 5842 iu
552 5800 677 5841 arca
709 5784 1047 5846 animalibus,
1068 5784 1160 5862 vel
1190 5797 1521 5852 quarcuuque
1543 5783 1640 5839 alia
1675 5784 1813 5839 idem

1884 3243 2362 3313 periculosissima,
2405 3254 2504 3309 qua
2536 3253 2720 3308 parum
2749 3238 3116 3302 considerata,
3156 3245 3345 3290 etnon
3387 3251 3471 3289 se-

1881 3335 2109 3391 Cundum
2146 3334 2380 3387 divinum
2424 3331 2691 3400 eloquium
2726 3337 3072 3399 pertractata,
3101 3336 3207 3381 tota
3238 3328 3325 3381 illa
3352 3328 3467 3396 opi-

1885 3425 1971 3479 nio
2001 3422 2135 3477 mihi
2163 3422 2371 3476 videtur
2397 3429 2604 3482 exorta,
2632 3422 2684 3472 in
2716 3434 2815 3488 qua
2852 3419 3175 3486 promittitur
3206 3418 3476 3473 scelestis-

1885 3518 2021 3571 sime
2061 3514 2468 3584 turpissimeque
2503 3511 2825 3575 viventibus,
2864 3510 3072 3565 etiamsi
3105 3524 3170 3564 eo
3199 3510 3358 3563 modo
3399 3510 3478 3564 vi-

1886 3624 2011 3663 vere
2054 3617 2416 3678 perseverent,
2469 3614 2522 3659 et
2567 3604 2939 3657 tantummodo
2987 3602 3207 3657 credant
3239 3602 3291 3655 in
3320 3601 3479 3655 Chri-

1888 3710 2051 3761 stum,
2075 3698 2297 3765 ejusque
2326 3705 2658 3749 sacramenta
2685 3694 2997 3760 percipiant,
3023 3707 3116 3746 eos
3145 3692 3208 3745 ad
3250 3693 3477 3746 salutem

1890 3792 2160 3858 vitamque
2204 3797 2457 3842 mternam
2499 3801 2619 3839 esse
2650 3794 2925 3848 venturos,
2971 3792 3155 3837 contra
3202 3778 3477 3852 apertissi-

1894 3896 2033 3935 tnam
2092 3877 2302 3932 Domini
2368 3876 2735 3937 sententiam,
2801 3874 2891 3942 qui
2965 3871 3289 3925 desideranti
3318 3871 3478 3924 vitam

1893 3979 2149 4025 teteruam
2195 3967 2509 4033 reSpondit:
2569 3963 2625 4018 Si
2680 3963 2758 4017 vis
2790 3962 2973 4015 venire
3009 3961 3073 4014 ad
3116 3963 3297 4026 vitam,
3328 3976 3479 4015 serva

1896 4057 2188 4121 mandata;
2241 4066 2293 4109 et
2346 4053 2791 4109 commemoravit
2820 4068 2941 4118 quae
2990 4053 3179 4105 tmnda
3208 4068 3258 4117 a,
3292 4053 3378 4106 ubi
3420 4068 3482 4107 ea

1898 4147 2106 4201 scilicet
2137 4154 2379 4214 peccata,
2429 4144 2683 4207 vitantur,
2735 4142 2925 4211 quibus
2980 4141 3160 4195 ιιεειιὶυ
3215 4143 3485 4211 quomodo

1900 4239 2043 4291 salus
2073 4246 2274 4290 aeterna
2324 4233 2669 4303 promittitur,
2722 4240 2938 4301 propter
2971 4231 3127 4284 fidem
3160 4231 3277 4284 sine
3305 4233 3485 4302 operi-

1902 4328 2000 4381 bus
2028 4335 2311 4378 mortuam.
2334 4324 2403 4377 De
2428 4323 2505 4375 his
2530 4323 2699 4375 tribus
2727 4320 3109 4390 qumSIIOIIIblS
3139 4322 3291 4386 satis,
3318 4337 3487 4388 quan-

1905 4425 2015 4469 tum
2043 4415 2317 4479 existimo,
2349 4412 2637 4481 disputavi,
2657 4410 3129 4479 demonstravique
3148 4411 3225 4464 sic
3256 4412 3488 4465 toleran-

1907 4507 2329 4562 dosqucclesia
2361 4506 2553 4569 malos,
2584 4516 2640 4557 ut
2673 4522 2778 4558 non
2810 4506 3107 4575 negligatur
3128 4506 3489 4561 ecclesiastica

1909 4598 2221 4666 disciplina;
2264 4599 2340 4651 sic
2370 4596 2783 4651 catechizmdos
2812 4611 2906 4650 eos
2945 4598 3031 4666 qui
3064 4598 3381 4663 baptismum
3401 4613 3491 4663 pec

1912 4698 2046 4753 tuut,
2072 4701 2123 4741 ut
2157 4703 2261 4742 non
2286 4688 2457 4741 solum
2481 4688 2698 4740 audiant
2718 4696 2876 4757 atque
2907 4687 3200 4755 suscipiant
3222 4688 3347 4756 quid
3376 4702 3493 4742 cre-

1862 4840 1869 4846 ,
1910 4780 2057 4846 dere,
2092 4794 2272 4833 verum
2311 4779 2473 4833 etiam
2518 4778 2748 4847 qualiter
2780 4780 2958 4832 vivere
2985 4778 3237 4843 debeant,
3262 4779 3341 4832 sic
3372 4793 3497 4848 pro-

1912 4871 2045 4923 mitti
2071 4870 2316 4925 iidelibus
2338 4872 2496 4923 vitam
2516 4880 2794 4935 aeternam,
2821 4878 2877 4924 ut
2902 4886 3006 4925 non
3031 4871 3189 4925 etiam
3217 4887 3310 4941 per
3336 4874 3496 4926 fidem

1911 4970 2199 5023 mortuam,
2239 4975 2357 5029 qua:
2386 4962 2500 5014 sine
2528 4960 2781 5029 operibus
2812 4961 3022 5016 salvare
3066 4978 3169 5016 non
3200 4973 3396 5032 potest,
3430 4965 3497 5018 ad

1913 5069 2031 5108 eam
2071 5069 2128 5107 se
2167 5052 2397 5123 quisque
2430 5053 2718 5122 pervenire
2757 5068 2915 5123 posse
2945 5055 3256 5122 arbitretur,
3289 5056 3379 5109 sed
3406 5072 3500 5124 per

1915 5143 2057 5198 illam
2090 5144 2246 5198 fidem
2272 5146 2480 5213 gratiae,
2511 5159 2629 5214 qua:
2656 5159 2749 5213 per
2774 5144 3122 5202 dilectionem
3150 5157 3423 5216 Operatur.

2485 5254 2713 5312 CAPUT
2751 5256 2927 5311 CCIV.

1922 5350 2021 5415 Qui
2050 5349 2152 5425 sint
2198 5352 2456 5421 propheta
2494 5354 2555 5406 de
2598 5356 2780 5425 quibus
2820 5357 2893 5409 ait
2935 5355 3229 5425 Apostolus,
3273 5355 3501 5425 secuudo

1995 5424 2301 5489 prapltetas;
2328 5439 2390 5475 ex
2429 5425 2555 5477 libro
2592 5422 2943 5492 Quintianum
2971 5422 3038 5478 ad
3081 5424 3358 5477 I’uulmum
3392 5422 3499 5475 Χυ-

1996 5494 2170 5545 lauant
2197 5496 2513 5561 episcopum.

1997 5604 2070 5658 De
2121 5604 2413 5674 prophetis,
2451 5606 2589 5674 quod
2619 5608 2695 5661 ait
2740 5605 3058 5675 Apostolus:
3093 5603 3358 5672 Quosdam
3389 5605 3505 5675 qui-

1922 5697 2042 5777 de‘m
2071 5698 2199 5751 dicit
2218 5699 2356 5751 Deus
2380 5700 2430 5752 in
2458 5698 2695 5754 Ecclesia
2726 5696 3303 5766 Apostolos,quosdam
3327 5711 3507 5753 autem

1924 5788 2232 5858 prophetas,
2265 5789 2364 5844 hoc
2385 5788 2619 5858 ltili-“ign
2641 5786 2779 5858 quod
2814 5788 2926 5856 ipse
2951 5787 3231 5858 scripsisti.
3268 5788 3498 5860 Prophe-
