4016 6184
526 335 636 393 867

1587 321 1650 377 Ι).
1696 264 2013 375 Εὖογιιριι
2055 305 2347 365 ABBATIS
2388 306 2709 363 AFRICANI

3717 297 3834 353 868

522 465 609 510 tas
658 466 753 510 eos
805 451 976 508 dictos
1036 451 1138 505 isto
1190 449 1308 502 loco
1349 458 1414 498 ev
1464 440 1662 510 quibus
1709 436 1917 505 Agabus
1961 440 2109 489 erat,
2144 426 2189 478 A
2222 438 2348 478 nere
2373 422 2695 492 colligenda.
2738 418 2891 475 Unde
2940 415 3183 487 adiungit
3232 427 3284 471 et
3313 414 3438 470 dicit
3478 414 3640 468 :lloc
3672 430 3838 469 enim

528 565 633 605 non
666 548 786 602 illos
813 544 901 614 qui
931 554 1211 599 venturum
1241 541 1292 593 in
1318 550 1480 592 carne
1503 531 1790 587 Dominum
1817 523 2115 597 propheta-

527 649 672 695 runt.
715 637 1082 706 Evangelistas
1110 647 1244 688 vero
1300 628 1604 683 invenimus
1646 637 1784 692 quiis
1834 617 2119 689 Apostolus

530 733 697 786 fuisse
726 745 830 783 non
874 726 1123 797 legimus,
1155 722 1291 777 sicut
1338 720 1554 774 fuerunt
1592 715 1801 768 Marcus
1828 718 1883 766 et
1912 709 2116 769 Lucas;

528 835 771 891 pastores
802 828 979 875 autem
1017 826 1075 873 et
1107 815 1374 879 doctores,
1399 824 1535 880 quos
1565 805 1802 861 maxime
1826 812 1888 857 ut
1915 801 2123 855 discer-

534 890 784 967 nerenius
808 908 1043 970 voluisti,
1072 905 1288 962 eosdem
1310 911 1437 972 puto
1458 912 1578 954 esse
1599 898 1736 951 sicut
1759 901 1812 947 et
1830 890 1923 947 tibi
1952 890 2120 944 visum

532 1015 644 1068 est;
676 1011 733 1057 nt
766 1015 874 1053 nun
902 999 1036 1053 alios
1082 1006 1346 1065 pastores,
1394 991 1532 1045 alios
1556 988 1807 1041 doctores
1853 981 2123 1048 intelliga-

532 1111 673 1159 mus,
704 1093 798 1149 sed
822 1093 942 1146 ideo
972 1106 1091 1145 cum
1122 1085 1459 1157 praedixisset
1488 1089 1750 1150 pastores,
1778 1073 2124 1143 subjnnxisse

533 1189 808 1248 doctores,
840 1192 897 1237 ut
943 1181 1302 1248 intelligerent
1341 1185 1585 1243 pastores
1616 1170 1682 1224 ad
1704 1166 1939 1224 ofﬁcium
1971 1178 2123 1220 suum

536 1279 807 1345 pertinere
849 1272 1172 1327 doctrinam.
1217 1268 1343 1322 lileo
1388 1266 1532 1320 enim
1575 1278 1681 1316 non
1713 1259 1822 1327 ait,
1852 1256 2122 1323 Quosdam

540 1379 715 1423 autem
749 1376 1017 1435 pastores,
1071 1360 1329 1431 quosdam
1383 1372 1515 1410 vero
1567 1354 1839 1414 doctores,
1886 1363 2007 1402 cum
2039 1360 2128 1399 su-

541 1461 751 1527 periora
782 1458 896 1525 ipso
929 1452 1211 1508 locutionis
1240 1463 1438 1521 genere
1469 1446 1844 1516 distingueret,
1874 1438 2126 1504 dicendo,

540 1548 806 1615 Quosdam
831 1541 1401 1612 apostolos,quusdam
1430 1547 1607 1591 autem
1633 1532 1939 1603 prophetas,
1970 1544 2129 1599 quos-

542 1642 663 1694 dam
695 1655 824 1695 vero
852 1637 1208 1706 cvangelistas
1239 1650 1253 1691 :
1287 1632 1379 1687 sed
1408 1632 1509 1684 hoc
1554 1640 1803 1697 tanquam
1835 1640 1997 1678 unum
2030 1621 2129 1674 ali-

542 1734 664 1801 quid
708 1732 775 1786 de
805 1730 1015 1784 duobus
1043 1725 1348 1781 nominibus
1409 1722 1688 1792 amplexus
1743 1726 1845 1786 est,
1868 1715 2129 1786 quosdam

542 1832 725 1877 autem
757 1830 999 1891 pasmrcs
1025 1828 1079 1872 et
1103 1816 1371 1871 doctores.

1127 1926 1352 1983 CAPUT
1393 1924 1542 1980 CCV.

554 2050 653 2120 13
698 2047 825 2111 Ome
862 2046 961 2098 sint
999 2042 1388 2120 obsecrationes,
1412 2041 1692 2120 proponas,
1740 2032 2127 2120 postulatiories,

620 2102 1325 2188 gratiarumportionehquos
1354 2113 1419 2160 ad
1461 2107 1780 2161 Timotheum
1823 2102 2132 2171 Apostolus;

619 2181 682 2243 Ea:
710 2190 884 2240 eodeni
911 2186 1038 2238 libro
1063 2184 1129 2235 ad
1155 2181 1453 2235 Paulinum.

620 2299 711 2354 llla
746 2299 904 2367 plane
932 2295 1245 2350 difﬁcillime
1289 2292 1686 2355 discernuntur,
1720 2287 1809 2341 ubi
1848 2285 1914 2340 ad
1953 2285 2126 2340 Timo~

552 2394 732 2447 tbeum
763 2390 1007 2444 scribens
1034 2386 1139 2440 ait:
1166 2386 1402 2439 Obsecro
1435 2382 1613 2451 itaque
1639 2380 1867 2446 primum
1896 2375 2132 2431 omnium

556 2484 669 2539 ﬁeri
710 2481 1133 2547 obsecrationes,
1164 2478 1456 2541 orationes,
1503 2472 1988 2543 interpellationes,
2013 2483 2139 2538 gra-

558 2577 751 2633 tiarum
812 2576 1089 2627 actiones:
1154 2569 1514 2639 precationem
1583 2575 1635 2619 et
1710 2561 2140 2632 deprecationem

554 2667 706 2722 multi
739 2664 910 2719 nostri
936 2663 1038 2717 hoc
1069 2664 1205 2715 idem
1238 2667 1446 2730 putant,
1477 2666 1531 2712 et
1566 2648 1665 2710 huc
1696 2653 2011 2725 quotidiano
2042 2665 2140 2704 usu

555 2756 662 2828 j-im
690 2754 911 2810 omnino
960 2750 1267 2822 praevaluit;
1300 2749 1389 2819 qui
1438 2758 1614 2801 autem
1642 2742 1947 2800 distinctius
1980 2738 2144 2794 latine

566 2844 733 2900 locuti
759 2853 908 2910 sunt,
952 2837 1349 2911 precationibus
1386 2836 1675 2891 utebantur
1701 2834 1753 2888 in
1783 2830 2029 2903 optandis
2060 2827 2149 2882 bo-

561 2940 668 2999 nis,
699 2934 1173 3003 deprecationibus
1211 2945 1341 2985 vero
1370 2930 1423 2984 in
1451 2927 1756 2983 devitandis
1789 2926 1965 2980 malis.
2012 2925 2145 2981 Pre-

561 3027 673 3081 cari
727 3026 867 3079 enim
899 3022 1150 3077 dicebant
1186 3034 1327 3085 esse,
1353 3016 1620 3088 precando
1648 3017 1783 3070 bona
1811 3022 2019 3084 optare,
2045 3016 2149 3069 im-

560 3117 768 3187 precari
799 3114 960 3179 mala,
1002 3112 1141 3182 quod
1192 3110 1346 3180 vulgo
1391 3109 1499 3178 jam
1532 3106 1744 3171 dicitur,
1776 3105 2097 3159 maledicere
2130 3121 2144 3165 ;

567 3208 848 3277 deprecari
882 3215 1059 3259 autem
1093 3205 1251 3269 mala,
1292 3200 1554 3269 precando
1578 3198 1872 3267 depellere.
1897 3196 2006 3252 Sed
2040 3196 2150 3250 usi-

563 3311 727 3354 tatum
754 3301 861 3367 jam
891 3295 1141 3367 loquendi
1173 3293 1386 3347 modum
1416 3292 1591 3361 potius
1621 3304 1930 3359 sequamur,
1962 3297 2014 3342 et
2035 3287 2149 3341 sive

577 3390 937 3457 precationes,
997 3388 1113 3441 sive
1165 3383 1570 3452 deprecationes
1598 3380 1980 3444 invenerimus,
2012 3392 2146 3447 quas

566 3480 738 3534 Graeci
778 3478 977 3538 δεήσεις
1025 3484 1235 3537 vocant,
1278 3488 1384 3527 non
1416 3482 1662 3541 pntemus
1692 3486 1815 3525 esse
1863 3470 2157 3525 emendan—

569 3574 716 3626 dum.
750 3572 908 3625 Multa
964 3570 1087 3622 hinc
1117 3568 1220 3621 dici
1254 3574 1475 3635 possunt
1514 3580 1631 3632 qua:
1662 3561 2014 3631 improbanda
2044 3577 2149 3616 non

568 3663 701 3728 sint,
732 3661 824 3716 sed
857 3660 996 3729 eligo
1041 3659 1092 3713 in
1128 3658 1208 3711 bis
1257 3656 1441 3710 verbis
1499 3655 1598 3708 hoc
1650 3653 1971 3722 intelligere,
2018 3652 2159 3723 quod

569 3755 746 3810 omnis
777 3753 857 3807 vel
900 3766 1034 3821 pene
1074 3749 1250 3803 omnis
1302 3746 1605 3814 frequentat
1645 3745 1907 3807 Ecclesia,
1941 3752 1998 3797 ut
2029 3760 2157 3813 pre-

571 3848 809 3903 cationes
839 3844 1162 3912 accipiamus
1192 3842 1381 3903 dictas,
1412 3854 1542 3909 quas
1574 3838 1801 3891 iacimus
1831 3839 1881 3891 in
1914 3836 2158 3891 celebra-

574 3944 720 3998 tione
765 3946 1250 3999 sacramentorum,
1311 3944 1595 4001 antequam
1648 3930 1777 3985 illud
1818 3929 1955 3998 quod
1997 3939 2079 3983 est
2106 3930 2159 3984 in

573 4034 783 4089 Domini
824 4046 1006 4087 mensa
1035 4028 1252 4095 incipiat
1283 4023 1523 4080 benedici
1553 4041 1567 4089 ;
1611 4023 1883 4077 orationes
1910 4037 2033 4077 cum
2062 4022 2160 4076 be-

574 4126 863 4189 nedicitnr,
896 4134 949 4177 et
978 4116 1365 4185 sanctiﬁcatur,
1389 4127 1443 4173 et
1468 4118 1531 4171 ad
1558 4115 1984 4171 distribuendum
2014 4130 2162 4169 com-

575 4217 855 4280 minuitur,
888 4229 1045 4283 quam
1076 4221 1238 4267 totam
1271 4210 1583 4280 petitionem
1611 4206 1725 4262 fere
1756 4208 1935 4261 omnis
1973 4206 2159 4261 Eccle-

574 4308 651 4362 sia
702 4304 979 4359 Duminica
1036 4302 1283 4357 oratione
1339 4298 1642 4364 concludit;
1702 4298 2161 4366 interpellationes

574 4409 786 4463 autem,
821 4396 933 4451 sive
971 4403 1027 4448 ut
1055 4392 1218 4449 vestri
1253 4391 1468 4446 codices
1498 4390 1716 4452 habent,
1751 4389 2161 4458 postulationes.

578 4492 712 4543 ﬁunt
741 4503 864 4541 cum
904 4484 1134 4555 pepulus
1163 4483 1498 4538 benedicitur
1532 4498 1545 4532 :
1591 4490 1718 4535 tunc
1752 4480 1894 4535 enim
1925 4477 2165 4533 Antistes

574 4576 903 4651 {Antistites}
927 4577 1067 4631 velut
1098 4575 1338 4630 advocati
1366 4582 1644 4641 susceptos
1676 4587 1802 4627 suos
1845 4588 1938 4640 per
1972 4586 2160 4625 manus

577 4670 1003 4739 iinpnsitionem,
1054 4665 1571 4723 misericordissima:
1603 4664 1834 4719 oﬁerunt
1882 4664 2157 4733 potestati.

581 4762 786 4829 Quibus
807 4762 1036 4831 peractis
1064 4768 1119 4816 et
1144 4759 1462 4830 participato
1491 4767 1637 4812 tanto
1659 4764 2018 4820 sacramento,
2044 4770 2165 4825 gra-

584 4855 775 4904 tiarum
790 4856 928 4907 actio
948 4863 1136 4906 cuncta
1153 4849 1617 4918 enncludit,quam
1638 4848 1689 4902 in
1707 4848 1791 4902 his
1816 4847 1974 4902 etiam
1991 4846 2167 4901 verbis

584 4941 825 4995 ultimam
856 4941 1250 4996 commendavit
1291 4940 1598 5010 Apostolus.
1637 4938 1765 4993 Haec
1808 4947 1984 4991 autem
2007 4950 2166 4990 causa

584 5030 851 5099 praacipua
893 5031 994 5085 fuit
1022 5034 1119 5084 ista
1166 5031 1404 5097 dicendi,
1457 5038 1515 5084 ut
1551 5029 1633 5085 his
1680 5028 1912 5083 breviter
1952 5025 2169 5094 perstri-

587 5123 689 5179 ctis
735 5134 897 5192 atque
943 5120 1283 5190 signiﬁcatis,
1330 5135 1437 5175 non
1480 5128 1753 5190 putaretur
1796 5117 2167 5186 negligendum

585 5227 707 5268 esse
736 5212 875 5281 quod
920 5215 1198 5280 sequitur:
1253 5213 1357 5267 l’ro
1412 5211 1661 5266 omnibus
1712 5210 2037 5271 hominibus,
2074 5221 2169 5272 pro

586 5305 823 5375 regibus,
852 5312 907 5359 et
957 5303 1040 5357 liis
1070 5304 1158 5373 qui
1207 5303 1260 5357 in
1292 5300 1620 5357 sublimitate
1650 5310 1794 5365 sunt,
1837 5307 1894 5353 ut
1936 5300 2170 5368 quietam

586 5407 643 5453 et
682 5395 1024 5467 tranquillam
1065 5395 1225 5449 vitam
1277 5407 1519 5466 agamus,
1571 5394 1624 5447 in
1666 5392 1810 5447 oniui
1868 5394 2067 5460 pietate
2117 5398 2171 5443 et

586 5488 848 5542 cbaritate
881 5505 895 5543 :
926 5502 997 5543 ne
1025 5484 1333 5556 quisquam,
1354 5485 1491 5541 sicut
1519 5500 1579 5540 se
1609 5484 1769 5539 habet
1800 5488 2048 5538 humana:
2076 5496 2167 5535 co-

587 5580 859 5650 gitationis
877 5579 1178 5646 inﬁrmitas,
1203 5577 1497 5634 astimaret
1517 5591 1623 5633 non
1640 5590 1761 5632 esse
1782 5577 1881 5631 ista
1900 5572 2169 5638 iacienda,

592 5685 689 5738 pro
710 5673 791 5726 his
820 5689 847 5725 a
880 5676 1071 5743 quibus
1111 5673 1538 5744 persecutionem
1570 5671 1876 5743 patiebatur
1907 5666 2170 5735 Ecclesia,

588 5776 712 5817 cum
740 5768 978 5822 membra
1008 5765 1204 5825 Christi
1233 5783 1297 5824 ex
1326 5764 1473 5825 omni
1521 5770 1701 5822 essent
1750 5760 2027 5818 hominum
2072 5773 2169 5827 ge-

2163 1805 2206 1861 Β

2223 516 2420 569 bonum
2449 524 2531 568 est
2561 522 2614 567 et
2642 517 2919 580 acceptum
2948 522 3130 563 coram
3158 508 3429 563 salvatore
3460 517 3652 561 nostra
3688 506 3837 567 Deo.

2222 608 2311 676 qui
2342 620 2525 660 omnes
2550 605 2793 658 homines
2818 601 2932 655 vult
2960 602 3139 655 salvos
3173 599 3309 665 ﬁeri,
3327 598 3455 653 etin
3480 597 3834 667 agnitionem

2224 698 2470 754 veritatis
2498 697 2699 750 venire.
2733 694 2799 747 Et
2828 708 2896 748 ne
2926 692 3207 763 quisquam
3241 691 3466 755 diceret,
3499 705 3671 761 posse
3707 706 3840 744 esse

2223 791 2410 846 salutis
2435 789 2576 843 viam
2603 787 2657 842 in
2684 786 2821 841 bona
2845 785 3260 839 conversatione
3288 792 3341 838 et
3367 784 3527 837 unius
3572 782 3677 836 Dei
3713 797 3840 835 om-

2225 883 2517 953 nipotentis
2546 883 2713 946 cultu,
2744 881 2861 934 sine
2894 878 3311 948 participatione
3331 878 3576 946 corporis
3611 888 3668 932 et
3707 891 3841 932 san-

2224 975 2399 1046 guinis
2425 972 2669 1029 Christi:
2723 970 2868 1027 Unus
2917 968 3063 1024 enim
3118 968 3280 1033 Deus,
3325 968 3517 1038 inquit,
3585 978 3646 1021 et
3680 982 3835 1021 unus

2226 1064 2485 1121 mediator
2522 1064 2618 1120 Dei
2652 1072 2707 1119 et
2749 1061 3046 1127 hominum,
3082 1060 3247 1114 homo
3276 1058 3521 1114 Christus
3551 1057 3754 1120 Jesus,
3788 1068 3846 1112 ut

2227 1161 2359 1216 illud
2390 1160 2529 1229 quod
2555 1158 2783 1223 dixerat,
2816 1170 3007 1211 omnes
3037 1154 3285 1209 homines
3313 1152 3429 1207 vult
3460 1152 3649 1206 salvos
3686 1152 3844 1216 ﬁeri,

2228 1255 2375 1310 nullo
2398 1253 2504 1307 alio
2526 1251 2689 1306 modo
2714 1249 3043 1317 intelligatur
3065 1244 3331 1315 prarstari,
3363 1242 3464 1296 nisi
3498 1256 3597 1311 per
3624 1241 3843 1296 media-

2231 1358 2421 1410 torcm,
2465 1358 2571 1397 non
2600 1342 2799 1401 Deum,
2822 1336 2973 1407 quod
2992 1349 3213 1405 semper
3238 1343 3367 1389 erat.
3410 1332 3686 1394 Verbum,
3743 1330 3847 1385 sed

2233 1438 2498 1493 hominem
2521 1435 2793 1490 Christum
2816 1431 3022 1495 Jesum,
3050 1442 3171 1484 cum
3202 1425 3437 1482 Verbum
3464 1438 3596 1480 caro
3619 1422 3843 1477 factum

2231 1538 2312 1585 eat
2337 1538 2392 1585 et
2418 1526 2676 1582 habitavit
2704 1525 2758 1579 in
2788 1521 2963 1577 nobis.

2793 1632 3022 1690 CAPUT
3060 1630 3237 1692 CCVI.

2238 1730 2311 1783 De
2337 1745 2394 1783 eo
2419 1730 2556 1795 quod
2576 1727 2648 1780 ait
2671 1725 2857 1783 Lucas.
2890 1722 3040 1777 Oculi
3064 1738 3241 1776 eorum
3277 1722 3579 1795 terrebantur
3616 1736 3691 1776 ne
3720 1736 3841 1795 cum

2304 1793 2659 1861 aquoscereut,
2704 1807 2749 1849 et
2802 1795 3051 1848 Marcus:
3103 1794 3379 1856 Apparuit,
3432 1793 3627 1861 iaquit,
3671 1793 3841 1845 eisin

2302 1861 2407 1922 aiio
2447 1869 2639 1939 e/ﬁaie;
2668 1883 2733 1920 ex
2769 1866 2944 1919 eodem
2986 1864 3115 1917 libro
3148 1861 3497 1928 Quaestionum
3528 1871 3600 1915 ad
3645 1862 3846 1916 Pauli-

2306 1958 2337 1993 η
2346 1957 2425 1992 nm
2434 1977 2448 1993 ο

2310 2051 2385 2105 De
2414 2046 2702 2118 Evangelio
2727 2044 2998 2115 inquisitio
3030 2053 3117 2099 tua
3164 2044 3304 2099 solet
3352 2043 3544 2099 multos
3574 2058 3841 2108 morere,

2236 2139 2506 2208 quomodo
2539 2138 2799 2191 Dominus
2828 2146 2948 2207 post
2978 2134 3451 2197 resurrectionem,
3480 2149 3607 2188 cum
3654 2136 3711 2189 in
3751 2149 3846 2189 eo-

2240 2233 2358 2286 dem
2403 2244 2631 2299 corpore
2673 2228 3052 2293 resurrezez'it,
3100 2243 3129 2282 a
3177 2225 3492 2302 quibusdam
3547 2225 3648 2295 qui
3714 2241 3843 2280 eum

2241 2333 2499 2378 noverant
2540 2321 2815 2391 utriusque
2845 2334 3006 2375 sexus
3048 2318 3353 2374 hominibus
3384 2328 3439 2374 et
3473 2320 3699 2389 agnitus
3736 2335 3845 2373 non

2240 2418 2329 2483 sit,
2359 2423 2414 2470 et
2457 2416 2665 2485 agnitus
2694 2414 2783 2468 sit.
2826 2411 2927 2469 Ubi
2969 2412 3200 2482 primum
3241 2413 3411 2483 queri
3448 2414 3610 2479 solet,
3643 2424 3842 2468 utrum

2243 2512 2295 2567 lu
2325 2510 2443 2578 ejus
2480 2522 2726 2577 corpore,
2766 2521 2833 2560 an
2878 2505 3054 2576 potius
3082 2506 3133 2560 in
3162 2504 3373 2560 illorum
3400 2506 3594 2571 oculis,
3628 2507 3848 2577 aliquid

2247 2601 2441 2654 factum
2464 2599 2555 2663 sit,
2583 2614 2688 2667 quo
2718 2611 2823 2651 non
2854 2604 3034 2665 posset
3073 2594 3325 2665 agnosci?
3347 2594 3482 2650 Cum
3520 2594 3668 2649 enim
3710 2597 3847 2666 legi-

2248 2700 2354 2759 tur,
2382 2690 2724 2746 Tenebantur
2752 2688 2891 2745 oculi
2932 2702 3117 2742 eorum
3166 2702 3235 2742 ne
3280 2696 3637 2756 agnoscerent
3690 2704 3853 2753 eum,

2250 2783 2692 2854 impedimentum
2715 2780 2983 2852 quoddam
3010 2779 3331 2850 agnoscendi
3357 2778 3568 2834 videtur
3589 2779 3645 2834 in
3676 2779 3854 2835 lumi-

2251 2879 2407 2934 nibus
2436 2877 2632 2933 factum
2654 2890 2777 2932 esse
2804 2876 3159 2932 cernentium.
3184 2874 3320 2928 Cum
3344 2888 3471 2929 vero
3498 2884 3685 2943 aperte
3718 2874 3854 2929 alibi

2252 2969 2467 3036 dicitur,
2518 2968 2779 3038 Apparuit
2814 2967 2897 3022 eis
2928 2967 2981 3021 in
3011 2966 3116 3020 alia
3152 2965 3351 3034 efﬁgie,
3388 2965 3570 3033 utique
3618 2964 3673 3019 in
3730 2964 3859 3034 ipso

2255 3075 2498 3130 corpore,
2529 3060 2681 3128 cujus
2709 3059 2811 3113 alia
2832 3069 2952 3115 erat
2967 3057 3191 3128 efﬁgies,
3219 3056 3418 3125 aliquid
3441 3054 3639 3112 factum
3670 3055 3857 3112 fuisse

2178 3165 2227 3230 ο
2256 3167 2361 3223 quo
2387 3151 2771 3222 impedimento
2818 3157 3151 3214 tenerentur,
3182 3149 3231 3203 id
3280 3156 3380 3209 est.
3420 3162 3625 3203 moram
3667 3163 3857 3219 agno-

2258 3243 2442 3299 scendi
2494 3251 2803 3313 paterentur
2853 3241 2996 3296 oculi
3048 3241 3282 3295 illorum.
3339 3239 3449 3294 Sed
3504 3252 3605 3308 ego
3656 3240 3856 3303 miror,

2256 3350 2377 3391 cum
2408 3334 2517 3389 duo
2542 3332 2650 3389 sint
2688 3334 2741 3388 in
2783 3346 3033 3403 corpore,
3094 3332 3289 3402 quibus
3328 3330 3592 3400 cujusque
3638 3329 3858 3398 species

2258 3434 2603 3497 agnoscatur,
2637 3424 2960 3481 lineamenta
3003 3432 3060 3478 et
3097 3422 3273 3489 color,
3316 3436 3413 3476 cur
3452 3429 3578 3477 ante
3606 3434 3856 3475 resurre-

2260 3521 2491 3575 ctionem
2513 3518 2730 3589 quodin
2754 3528 2936 3572 monte
2965 3517 3034 3572 ita
3060 3514 3471 3585 transﬁguratus
3503 3523 3610 3578 est,
3629 3512 3854 3567 utﬁeret

2261 3610 2441 3665 vultus
2497 3610 2614 3681 ejus
2655 3607 2970 3677 splendidus
3017 3606 3159 3661 sicut
3207 3604 3312 3671 sol,
3363 3603 3635 3658 neminem
3670 3609 3855 3657 movet

2265 3716 2434 3772 usque
2460 3702 2527 3756 ad
2552 3709 2751 3755 tantam
2786 3699 3162 3755 excellentiam
3192 3695 3439 3766 fulgoris,
3470 3702 3526 3750 et
3550 3693 3683 3748 lucis
3711 3697 3859 3747 colo-

2269 3811 2383 3851 rem
2417 3795 2497 3850 sui
2535 3792 2798 3859 corporis,
2831 3806 2952 3845 eum
2997 3798 3207 3843 mutare
3248 3785 3509 3856 potuisse,
3537 3791 3593 3839 et
3627 3790 3749 3851 post
3779 3794 3860 3834 re-

2271 3886 2660 3942 surrectionem
2696 3890 2874 3937 movet
2903 3880 3240 3948 aliquatenus
3290 3877 3613 3931 lineamenta
3659 3881 3862 3926 "tutata

2272 3994 2399 4035 esse
2428 3986 2483 4030 ut
2506 3990 2610 4029 non
2633 3982 2811 4043 posset
2830 3970 3046 4041 agnosci
3068 3987 3083 4035 ;
3106 3978 3161 4023 et
3187 3982 3375 4023 rursus
3397 3968 3583 4022 eadem
3606 3964 3863 4033 potentix

2280 4068 2552 4131 facultate,
2590 4065 2731 4117 sicut
2762 4072 2887 4116 tunc
2915 4060 3193 4130 pristinum
3241 4057 3505 4121 colorem,
3534 4055 3613 4110 sic
3656 4062 3707 4107 ct
3742 4061 3865 4120 post

2268 4158 2727 4216 resurrectionem
2759 4153 2985 4223 pristina
3018 4149 3343 4205 lineamenta
3379 4158 3688 4205 revocasse.
3724 4142 3870 4201 Nam

2268 4260 2323 4307 et
2349 4251 2421 4304 illi
2456 4260 2564 4304 tres
2607 4245 2883 4314 discipuli,
2934 4250 3059 4297 ante
3103 4253 3332 4309 quorum
3365 4237 3551 4292 oculos
3579 4235 3639 4289 in
3679 4243 3872 4287 monte

2272 4340 2686 4410 transﬁguratus
2726 4344 2829 4401 est,
2862 4348 2971 4388 non
3008 4346 3131 4386 eum
3174 4335 3549 4397 agnoscerent,
3596 4325 3646 4378 si
3674 4323 3741 4377 ad
3771 4339 3872 4377 eos

2272 4436 2390 4491 talis
2417 4433 2629 4489 aliunde
2650 4431 2917 4493 venisset;
2947 4426 3041 4480 sed
3064 4424 3191 4495 quia
3218 4436 3341 4477 cum
3374 4421 3467 4474 illo
3489 4427 3667 4481 erant,
3687 4417 3871 4487 ipsum

2195 4532 2249 4593 D
2274 4544 2395 4586 esse
2440 4528 2740 4584 certissime
2782 4521 3116 4578 retinebant.
3149 4521 3219 4572 At
3255 4517 3399 4572 enim
3446 4530 3646 4583 corpus
3690 4514 3873 4583 ipsum

2269 4635 2406 4687 erat,
2437 4626 2488 4678 in
2534 4638 2640 4692 quo
2685 4618 3004 4682 resurrexit,
3048 4613 3173 4684 quid
3208 4611 3311 4667 hoc
3350 4609 3417 4664 ad
3450 4612 3601 4663 rem?
3652 4606 3786 4662 Nam
3820 4618 3877 4660 et

2272 4721 2403 4776 illud
2445 4720 2628 4788 utique
2676 4716 2851 4785 ipsum
2906 4724 3105 4780 corpus
3160 4715 3302 4770 erat,
3334 4706 3386 4760 in
3428 4720 3537 4774 quo
3583 4703 3636 4756 in
3687 4713 3877 4755 monte

2273 4812 2679 4880 transﬁguratus
2717 4818 2821 4873 est,
2854 4812 2910 4859 et
2939 4803 3113 4873 ipsum
3152 4809 3268 4854 erat
3290 4798 3510 4867 juvenis
3540 4795 3595 4848 in
3629 4810 3740 4860 quo
3778 4810 3879 4846 na-

2275 4915 2359 4958 tus
2384 4912 2500 4968 est;
2522 4910 2596 4957 .et
2633 4909 2809 4953 tamen
2842 4896 2887 4949 si
2917 4895 3042 4964 quis
3073 4906 3195 4946 eum
3224 4890 3483 4959 juvenem
3522 4895 3747 4954 repente
3795 4884 3877 4935 vi-

2276 4996 2464 5060 disset,
2501 4993 2591 5062 qui
2633 5006 2738 5045 non
2768 4988 2871 5044 nisi
2914 4984 3239 5041 inl‘antulum
3281 4987 3503 5052 nosset,
3537 4994 3644 5031 non
3690 4978 3877 5043 utique

2276 5092 2607 5156 agnosceret.
2652 5085 2732 5136 An
2768 5094 2895 5133 vero
2936 5077 3002 5132 ad
3042 5077 3368 5130 lineamenta
3419 5070 3699 5131 mutanda,
3761 5081 3873 5119 non

2278 5188 2456 5249 potest
2482 5176 2731 5232 celeriter
2781 5173 2875 5227 Dei
2925 5177 3188 5238 potestas,
3233 5163 3380 5235 quod
3412 5170 3596 5233 potest
3649 5173 3742 5227 per
3778 5172 3877 5209 an-

2279 5286 2467 5325 norum
2496 5280 2675 5323 moras
2712 5262 2945 5319 hominis
2985 5259 3153 5314 etas?

2848 5367 3077 5427 CAPUT
3115 5363 3313 5421 CCVII.

2287 5474 2364 5529 De
2389 5472 2563 5543 gladio
2600 5468 2683 5534 qui
2713 5464 2898 5543 diaria
2944 5461 3175 5543 animo»:
3201 5453 3513 5543 nitet-transiit
3537 5467 3557 5513 ;
3606 5465 3671 5503 ea:
3696 5448 3884 5501 eodem

2412 5528 2539 5597 libro
2573 5528 2947 5607 Q'uwuionum,
2975 5535 3045 5585 ad
3078 5528 3362 5582 Paulinum
3385 5528 3702 5595 ερίδεοραηι.

2362 5661 2437 5714 De
2473 5656 2650 5714 verbis
2679 5648 2947 5708 Simeonis
2968 5644 3060 5701 ubi
3092 5643 3168 5697 ait
3196 5638 3405 5708 Virgini
3433 5634 3589 5690 matri
3625 5630 3880 5686 Domini:

2291 5755 2357 5812 Et
2406 5762 2549 5808 tuam
2576 5748 2744 5820 ipsius;
2773 5744 3010 5801 animam
3042 5732 3366 5810 pertransiet
3415 5727 3643 5800 gladius,
3677 5726 3729 5782 in
3762 5723 3877 5778 alia
