4016 6184
277 354 384 413 869

1472 353 1905 413 TIIESAURUS.
1942 354 2096 411 CAP.
2137 354 2362 411 CCVIII.

3432 366 3535 424 870

271 475 500 548 cpistola
549 462 701 544 enjus
748 470 1048 542 exemplum
1100 471 1261 527 etiam
1320 470 1481 525 modo
1533 472 1680 536 m'si,
1736 471 1843 524 dixi
1872 476 1923 532 Α
1954 468 2271 537 Ecclesiam,
2305 468 2400 523 sed
2432 483 2529 539 pro
2560 470 2845 527 Ecclesia?
2882 483 2938 529 et
2967 473 3024 529 in
3050 474 3140 529 illa
3170 484 3351 532 tamen
3381 494 3538 548 sepa-

269 564 402 637 qnid
433 562 559 617 mihi
593 564 855 624 videatur,
887 560 1028 630 quod
1063 574 1095 615 e
1122 561 1226 614 iam
1258 560 1351 615 tibi
1383 561 1523 614 inter
1555 568 1747 613 czetera
1781 559 1856 613 vi—

268 671 393 712 sum
420 661 522 711 est.
558 653 623 707 Et
673 653 816 722 quod
856 651 1136 718 adjunsit,
1186 650 1256 706 Ut
1280 650 1623 706 denudentur
1663 650 1859 705 multo-

267 762 391 801 rum
420 743 773 815 cogitationes
809 741 1071 807 cordium,
1125 743 1225 796 hoc
1271 742 1670 813 intelligendum
1703 750 1854 811 puto,

268 838 396 907 quia
429 850 522 905 per
551 834 760 889 Domini
796 834 1098 902 passionem
1124 842 1179 887 et
1205 831 1417 887 insidia:
1441 832 1771 899 Iudaeorum,
1801 842 1856 889 et

265 924 654 993 discipulorum
687 921 990 987 infirmitas,
1020 923 1191 992 patuit
1223 939 1237 976 :
1272 922 1669 978 tribulationem
1697 924 1856 994 igitur

262 1016 428 1087 gladii
467 1016 683 1071 nomine
720 1014 1072 1081 signiﬁcatam
1123 1028 1246 1070 esse
1301 1014 1561 1070 credibile
1601 1024 1705 1079 est,
1749 1030 1855 1085 quo

262 1115 503 1161 materna
526 1104 700 1157 anima
726 1104 1001 1159 vulnerata
1025 1112 1110 1160 est
1129 1104 1334 1159 doloris
1355 1104 1547 1160 all‘ectu
1578 1124 1589 1156 :
1617 1106 1730 1174 ipse
1757 1106 1855 1161 fuit

261 1194 475 1265 gladius
518 1193 570 1247 in
613 1207 708 1247 ore
750 1184 1174 1261 persecuturum,
1206 1193 1272 1250 de
1317 1195 1510 1264 quibus
1558 1196 1611 1250 in
1647 1197 1853 1265 psalmo

260 1286 461 1341 dicitur
494 1302 507 1336 :
542 1285 607 1339 Et
656 1283 864 1354 gladius
913 1283 965 1337 in
1015 1298 1111 1339 ore
1152 1300 1357 1339 eorum.
1392 1284 1496 1355 Ipsi
1527 1289 1669 1341 enim
1700 1297 1853 1341 erant

259 1376 358 1430 lilii
391 1374 685 1441 hominum,
715 1387 938 1443 quorum
992 1374 1180 1429 dentes
1228 1390 1378 1429 arma
1428 1384 1482 1430 et
1530 1377 1760 1447 sagittae,
1798 1388 1852 1432 et

258 1464 441 1533 lingua
479 1478 664 1518 eorum
704 1463 911 1531 gladius
940 1471 1152 1517 acutus.
1202 1464 1334 1517 Nam
1365 1476 1418 1519 ct
1461 1469 1660 1520 l'errum
1708 1467 1850 1536 quod

257 1555 573 1625 pertransiit
595 1555 826 1608 animam
850 1555 1075 1623 Ioseph,
1102 1569 1201 1622 pro
1228 1555 1356 1609 dura
1385 1557 1726 1611 tribulatione
1758 1573 1852 1623 po-

255 1650 421 1699 situm
478 1646 605 1698 mihi
659 1645 889 1699 videtur.
934 1647 1131 1715 Aperte
1179 1648 1374 1717 quippe
1420 1647 1653 1717 dicitur,
1720 1650 1849 1706 Fero

258 1752 377 1789 rum
436 1736 741 1805 pertransiit
786 1737 1016 1791 animam
1077 1738 1213 1805 ejus,
1270 1738 1441 1793 donec
1474 1741 1679 1795 veniret
1721 1758 1840 1797 ver-

1961 560 2168 615 ratione
2196 562 2517 631 culpandus,
2546 564 2637 617 ubi
2668 566 2712 619 si
2742 566 3039 637 colligeret,
3070 582 3346 636 spargeret
3374 589 3389 637 ;
3414 578 3536 628 etsi

1960 649 2099 704 forte
2124 650 2336 705 veniret
2360 651 2427 706 ad
2458 652 2781 721 Ecclesram,
2821 670 2926 710 non
2960 658 3088 713 illud
3117 660 3261 728 quod
3311 660 3540 717 habebat

1958 740 2031 795 ibi
2068 742 2356 810 acciperet,
2414 743 2507 797 sed
2552 745 2603 798 in
2654 761 2763 814 quo
2810 747 3157 803 aberraverat
3201 753 3535 809 emendaret.

1957 831 2141 901 Neque
2189 833 2334 887 enim
2390 841 2445 888 et
2497 834 2732 891 Cornelii
2788 838 3008 906 gentilis
3059 840 3291 895 hominis
3338 844 3539 897 oratio-

1958 935 2054 976 nes
2118 935 2225 975 non
2287 933 2412 977 sunt
2475 926 2782 995 exauditze,
2851 940 2946 984 aut
3000 931 3355 1003 eleemosyuae
3428 951 3534 989 non

1954 1022 2082 1067 sunt
2138 1021 2411 1082 acceptae,
2473 1014 2581 1069 imo
2636 1026 2691 1071 et
2727 1020 2976 1088 angelum
3025 1021 3093 1076 ad
3138 1038 3199 1077 se
3246 1025 3421 1091 mitti,
3481 1036 3536 1082 et

1958 1103 2179 1158 missum
2212 1107 2412 1161 meruit
2433 1106 2652 1174 intueri,
2681 1123 2776 1178 per
2804 1126 2962 1179 quem
2993 1123 3175 1180 posset
3208 1118 3389 1185 utique
3416 1117 3534 1172 sine

1956 1192 2192 1249 hominis
2223 1197 2453 1267 alicujus
2482 1213 2703 1253 accessu
2741 1210 2932 1255 cuneta
2961 1204 3260 1259 necessaria
3287 1207 3532 1271 discere;

1954 1284 2049 1338 sed
2091 1289 2344 1355 quoniam
2397 1288 2652 1358 quidquid
2683 1291 2806 1345 boni
2848 1294 2899 1346 in
2930 1294 3262 1350 orationibus
3310 1310 3364 1350 et
3392 1300 3535 1353 eleeo

1956 1375 2199 1445 mosynis
2227 1377 2457 1432 habebat
2487 1380 2746 1448 prodesse
2776 1381 2850 1435 illi
2894 1398 3000 1437 non
3051 1394 3277 1453 poterat,
3307 1389 3408 1442 nisi
3440 1403 3535 1457 per

1954 1464 2221 1520 vinculum
2254 1466 2561 1522 christiana:
2590 1471 2865 1525 societatis
2894 1483 2950 1527 et
2976 1476 3122 1542 pacis
3157 1477 3532 1545 ineorporare-

1952 1563 2039 1609 tur
2069 1557 2345 1623 Ecclesiae,
2374 1559 2599 1627 jubetur
2629 1564 2843 1616 mittere
2881 1564 2946 1617 ad
2994 1564 3231 1631 Petrum,
3258 1580 3313 1622 et
3344 1585 3440 1638 per
3470 1573 3533 1625 il-

1950 1645 2060 1701 lum
2083 1646 2244 1702 discit
2268 1649 2569 1717 Christum;
2598 1668 2691 1720 per
2710 1654 2857 1708 illum
2883 1656 3045 1710 etiam
3072 1658 3370 1727 baptizatus
3391 1663 3531 1716 chri-

1949 1740 2125 1792 stiano
2154 1742 2368 1811 populo,
2426 1746 2703 1799 consortio
2743 1762 2953 1817 quoque
2994 1754 3390 1808 communionis
3428 1757 3527 1809 ad-

255 1826 381 1880 bum
412 1826 548 1894 ejus,
596 1827 643 1878 id
690 1834 793 1890 est,
842 1826 1022 1880 tanditt
1056 1828 1155 1881 fuit
1202 1828 1254 1882 in
1300 1828 1433 1883 dura
1484 1832 1840 1896 tribulatione,
1876 1829 2216 1899 Bjnngitur,
2273 1834 2359 1887 cui
2416 1837 2527 1889 sola
2584 1838 2845 1893 bonorum
2901 1856 3125 1910 operum
3178 1846 3528 1901 similitudine

255 1915 432 1969 donec
465 1916 610 1968 ﬁeret
638 1916 777 1984 quod
810 1915 1074 1984 praedixit.
1106 1917 1241 1971 Ilinc
1265 1920 1404 1972 enim
1437 1936 1660 1990 magnus
1694 1922 1842 1977 habi-

254 2012 339 2057 tus
371 2013 428 2056 et
461 2004 526 2057 ab
557 2004 642 2057 illa
677 2005 1014 2060 tribulatione
1047 2006 1337 2074 liberatus;
1371 2010 1462 2093 sed
1496 2026 1561 2065 ne
1596 2010 1840 2066 humanae

254 2095 534 2165 sapientiae
562 2096 908 2161 tribueretur,
957 2099 1100 2167 quod
1149 2102 1291 2154 venit
1343 2102 1566 2156 verbum
1599 2105 1737 2171 ejus,
1788 2104 1838 2158 id

255 2198 355 2251 est,
406 2187 597 2240 factum
626 2196 729 2251 est,
762 2189 902 2257 quod
927 2190 1174 2258 prmdixit
1216 2207 1367 2247 more
1420 2207 1517 2247 suo
1567 2195 1840 2264 Scriptura

254 2289 463 2348 sancta,
500 2280 610 2336 Deo
656 2281 779 2335 inde
810 2282 902 2337 dat
945 2284 1195 2354 gloriam,
1244 2295 1299 2343 et
1339 2290 1593 2346 continuo
1620 2292 1841 2363 subjun-

255 2372 325 2441 git
352 2388 366 2423 :
397 2371 675 2441 Eloquium
708 2371 916 2427 Domini
949 2374 1135 2445 ignivit
1160 2391 1304 2433 eum.

800 2520 1028 2581 CAPUT
1064 2526 1292 2584 CCVIII.

252 2638 422 2709 Agens
445 2639 509 2691 de
542 2638 801 2709 baptisma
853 2637 1062 2706 exponit
1090 2642 1343 2709 quomodo
1396 2658 1496 2695 non
1542 2644 1609 2697 sit
1636 2655 1840 2700 contra-

317 2710 478 2774 rium,
520 2708 621 2774 Qui
643 2724 840 2762 mecum
878 2724 981 2762 non
1010 2708 1292 2780 est'contra
1337 2728 1417 2765 me
1444 2724 1538 2766 est.
1576 2715 1677 2780 Qui
1716 2732 1838 2769 ton—

322 2790 407 2853 t_ra
433 2793 519 2853 vos
542 2794 645 2831 non
673 2786 747 2833 est
795 2795 887 2848 pro
937 2778 1075 2833 vobis
1119 2791 1214 2835 est.
1257 2780 1340 2835 Ea:
1383 2782 1513 2837 libro
1554 2778 1721 2853 primo
1777 2786 1841 2841 de

319 2846 609 2919 Baptisma.

323 3004 587 3058 Dominus
623 3003 676 3057 in
706 3002 1000 3072 Evangelio
1028 3002 1157 3057 dicit
1190 3020 1203 3056 :
1236 3003 1333 3069 Qui
1367 3018 1471 3059 non
1501 3016 1579 3060 est
1604 3021 1832 3075 mecum,

254 3096 538 3150 adversum
570 3108 655 3148 me
683 3105 788 3159 eat,
818 3102 872 3148 et
910 3095 997 3164 qui
1032 3109 1239 3151 mecum
1286 3111 1392 3149 non
1424 3097 1645 3167 colligit,
1679 3112 1835 3165 Spar-

1938 1921 2284 1991 jnngebatur.
2319 1924 2630 1982 Perniciose
2667 1931 2865 1999 quippe
2902 1944 3275 1989 contemneret
3302 1938 3524 2002 bonum,

1942 2012 2082 2078 quod
2109 2012 2342 2066 nondum
2368 2014 2619 2081 habebat,
2643 2020 2960 2087 superbiens
2985 2037 3049 2075 ex
3075 2023 3164 2077 illo
3186 2027 3327 2094 quod
3361 2028 3528 2080 habe-

1943 2099 2072 2153 bat:
2105 2105 2185 2156 sic
2228 2103 2392 2158 etiam
2436 2105 2527 2174 qui
2573 2108 2784 2176 seipsos
2831 2124 2861 2163 a
2901 2113 3157 2169 societate
3200 2124 3521 2173 caeterornm

1940 2202 2276 2262 separantes,
2304 2195 2572 2252 charitate
2595 2199 2810 2266 violata,
2837 2203 3054 2259 unitatis
3084 2207 3355 2263 vinculum
3380 2225 3522 2265 rum-

1942 2290 2094 2350 punt,
2128 2285 2174 2337 si
2207 2284 2339 2339 nihil
2369 2284 2568 2341 faciunt
2598 2303 2784 2345 eorum
2810 2308 2930 2361 qua:
2956 2294 3009 2349 in
3039 2295 3130 2350 illa
3156 2301 3416 2355 societate
3438 2316 3527 2356 ac—

1940 2385 2216 2443 ceperunt,
2254 2377 2305 2430 in
2351 2380 2605 2435 omnibus
2646 2386 2885 2451 separati
2929 2395 3078 2455 sunt,
3120 2397 3176 2445 et
3204 2391 3325 2447 ideo
3367 2410 3525 2464 quem

1938 2466 2041 2519 sibi
2067 2468 2414 2536 sociaverint,
2446 2470 2494 2525 si
2523 2473 2708 2527 venire
2734 2475 2801 2528 ad
2829 2477 3120 2533 licclesiam
3151 2482 3403 2550 voluerit,
3432 2487 3523 2541 de.

1941 2555 2030 2611 bet
2058 2558 2239 2614 omnia
2271 2576 2391 2631 qua:
2434 2578 2539 2618 non
2591 2569 2802 2636 accepit
2828 2569 3095 2638 accipere.
3138 2572 3195 2629 Si
3227 2589 3357 2630 vero
3393 2593 3523 2631 non-

1940 2649 2086 2703 nulla
2116 2650 2304 2706 eadem
2332 2651 2552 2721 faciunt,
2585 2672 2693 2711 non
2734 2673 2795 2713 se
2838 2659 2890 2714 in
2919 2662 3000 2717 eis
3028 2677 3438 2735 separaverunt,
3466 2683 3522 2726 et

1940 2753 2007 2793 es
2036 2755 2097 2795 ea
2127 2749 2279 2810 parte
2322 2743 2377 2798 in
2420 2751 2646 2801 texturae
2675 2761 2935 2821 compage
2960 2752 3290 2822 detinentur,
3328 2759 3379 2812 in
3410 2775 3521 2813 caa-

1942 2841 2055 2885 tera
2089 2834 2242 2888 scissi
2266 2845 2411 2890 sunt.
2442 2837 2674 2894 Proinde
2702 2841 2748 2895 si
2772 2857 2930 2912 quem
2960 2845 3060 2899 sibi
3084 2849 3427 2917 sociaverint,
3455 2869 3520 2908 es

1940 2937 2001 2977 ea
2032 2934 2180 2991 parte
2220 2928 2455 2983 nectitur
2502 2929 2758 2987 Ecclesia:
2805 2932 2858 2986 in
2888 2950 2989 3004 qua
3032 2954 3135 2993 nec
3174 2941 3247 2995 illi
3287 2949 3518 3012 separati

1940 3024 2067 3067 sunt
2095 3030 2108 3067 :
2136 3014 2217 3086 (l)
2245 3025 2300 3071 et
2329 3018 2449 3073 ideo
2477 3020 2521 3074 si
2552 3024 2737 3077 venire
2763 3026 2829 3078 ad
2868 3027 3163 3085 Ecclesiam
3190 3032 3439 3101 voluerit,
3470 3038 3519 3089 in

1942 3117 2007 3157 eo
2048 3119 2289 3170 sanatur,
2337 3108 2425 3164 ubi
2476 3112 2706 3169 laniatus
2754 3118 2987 3173 errabat.
3039 3120 3135 3175 Ubi
3186 3137 3312 3178 vero
3359 3140 3519 3181 sanus

256 3191 347 3259 git.
377 3188 576 3242 Tamen
609 3202 729 3242 cum
758 3186 823 3241 ad
851 3202 971 3241 eum
1007 3186 1250 3255 discipuli
1281 3189 1608 3251 retuli~sent,
1642 3189 1835 3245 vidisse
1865 3191 1910 3253 C
1940 3198 2383 3264 connectebnlur,
2415 3214 2518 3256 non
2546 3213 2783 3270 curatur,
2816 3207 2908 3260 sed
2932 3211 3237 3278 agnoscitur
3264 3230 3277 3264 :
3304 3230 3370 3268 ne
3398 3231 3517 3270 cum

255 3298 311 3336 se
337 3281 620 3350 quemdam
645 3281 697 3334 in
723 3280 840 3348 ejus
884 3281 1099 3334 nomine
1130 3280 1412 3345 pellentem
1447 3281 1737 3348 dicmonia,
1782 3293 1836 3337 et

256 3357 589 3438 prohibuisse
618 3371 739 3439 quia
767 3385 887 3423 cum
915 3370 1017 3424 illis
1041 3385 1162 3424 eum
1187 3385 1290 3423 non
1322 3371 1646 3441 sequebatur
1676 3390 1690 3426 :
1731 3373 1839 3427 No-

256 3462 342 3515 lite
364 3503 381 3525 ,
414 3461 604 3530 inquit,
638 3460 944 3529 prohibere,
989 3461 1076 3528 qui
1108 3471 1291 3514 contra
1322 3476 1415 3515 vos
1461 3477 1565 3514 non
1611 3470 1709 3527 est,
1744 3478 1838 3532 pro

258 3556 407 3608 vobis
432 3562 534 3607 est.
576 3552 689 3605 Non
722 3559 895 3621 potest
924 3551 1064 3605 enim
1094 3553 1372 3622 quisquam
1406 3554 1456 3605 in
1484 3556 1696 3609 nomine
1720 3570 1839 3611 meo

258 3645 432 3698 [icere
449 3643 671 3712 aliquid,
690 3642 891 3697 etmale
917 3642 1056 3710 loqui
1078 3644 1141 3696 de
1166 3659 1270 3695 me.
1288 3644 1339 3695 Si
1364 3644 1495 3697 nihil
1522 3644 1574 3697 in
1606 3645 1696 3698 illo
1712 3660 1837 3700 cor-

256 3733 555 3799 ripiendum
572 3740 705 3796 erat,
727 3746 948 3785 securus
960 3732 1023 3784 sit
1041 3747 1169 3800 ergo
1187 3734 1422 3801 quisquis
1440 3744 1585 3788 extra
1602 3749 1841 3790 commu-

256 3822 474 3874 nionem
508 3821 756 3874 Ecclesi;e
787 3822 1125 3886 constitutus,
1161 3823 1360 3891 colligit
1405 3824 1457 3876 in
1490 3824 1690 3879 Christi
1740 3841 1838 3880 no-

256 3912 397 3965 mine
438 3912 758 3965 dissociatos
820 3926 845 3962 a
902 3911 1158 3965 societate
1206 3911 1508 3966 Christiana
1550 3922 1711 3983 atqie
1766 3917 1835 3970 ita

257 4002 450 4056 lalsum
483 4002 582 4056 erit
613 4002 739 4056 illud
770 4022 781 4055 ε
812 4002 909 4069 Qui
938 4018 1043 4057 non
1072 4012 1151 4057 est
1186 4018 1417 4069 mecum,
1466 4021 1571 4058 non
1614 4008 1834 4075 colligit.

262 4094 366 4165 15
393 4096 597 4162 sparg't
627 4093 739 4164 [qui
774 4109 877 4146 non
928 4103 1011 4148 est
1042 4109 1250 4148 mecum
1292 4094 1572 4149 adversum
1605 4111 1691 4149 me
1723 4106 1831 4161 est,

260 4197 310 4238 et
336 4185 430 4253 qui
466 4200 570 4236 non
611 4183 815 4252 colligit
846 4199 1078 4251 mecum,
1112 4184 1353 4255 spargit].
1401 4185 1457 4240 Si
1496 4196 1670 4240 autem
1695 4186 1834 4257 quod

258 4276 508 4343 discipuli
550 4274 758 4330 Domini
793 4290 887 4345 per
926 4276 1282 4347 ignorantiam
1314 4276 1490 4331 facere
1529 4278 1833 4343 voluerunt,

258 4367 310 4421 id
338 4368 395 4421 in
427 4382 493 4421 eo
522 4367 895 4435 corrigendum
936 4376 1037 4433 est,
1070 4367 1210 4437 quod
1242 4367 1495 4421 Dominus
1534 4369 1703 4422 dixit:
1732 4369 1835 4423 No-

263 4459 354 4513 lite
388 4459 695 4527 prohibere,
730 4473 827 4513 cur
854 4459 954 4514 hoc
979 4460 1092 4526 ipse
1119 4459 1397 4529 prohiberi
1442 4461 1735 4529 prohibuit,
1780 4472 1835 4517 et

1937 3299 2127 3338 sanare
2144 3283 2295 3358 [sana
2316 3291 2525 3362 curare]
2549 3293 2814 3359 volumus,
2837 3297 3009 3364 potius
3030 3300 3393 3357 vulneremus.
3420 3308 3520 3360 Ita-

1938 3387 2043 3443 que
2072 3374 2143 3430 illi
2166 3392 2299 3445 quos
2319 3380 2609 3447 baptizunt,
2639 3395 2832 3439 sanant
2860 3401 2889 3439 a
2921 3390 3148 3443 vulnere
3175 3391 3516 3459 idololatriae,

1939 3463 2023 3517 vel
2053 3465 2403 3536 infidelitatis,
2426 3470 2521 3523 sed
2549 3474 2769 3538 gravius
2793 3474 2988 3530 feriunt
3017 3481 3238 3537 vulnere
3264 3485 3521 3541 schisma-

1942 3553 2030 3606 tis.
2061 3554 2369 3612 Idololatras
2396 3560 2537 3614 enim
2565 3562 2614 3614 in
2647 3565 2841 3631 papulo
2866 3566 2957 3621 Dei
2986 3569 3194 3635 gladius
3228 3574 3517 3645 interemit,

1939 3644 2310 3702 scitismaticos
2338 3660 2516 3705 autem
2550 3647 2704 3707 terra:
2732 3654 2909 3709 hiatus
2947 3659 3263 3728 absorbuit;
3295 3676 3347 3719 et
3381 3644 3522 3737 Apo-

1941 3737 2152 3791 stolus:
2191 3740 2245 3796 Si
2290 3741 2545 3806 habeam,
2598 3748 2807 3813 inquit,
2862 3766 3072 3806 omnem
3124 3755 3302 3822 fidem,
3353 3762 3421 3814 ita
3464 3775 3520 3816 ut

1942 3837 2150 3882 montes
2184 3832 2521 3897 transferam,
2552 3835 2867 3893 charitatem
2910 3852 3086 3896 autem
3134 3862 3236 3900 non
3268 3851 3515 3918 habeam,

1940 3916 2069 3971 nihil
2115 3932 2255 3974 sum.
2291 3920 2346 3974 Si
2397 3924 2517 3990 quis
2566 3926 2859 3983 adducatur
2908 3931 2973 3984 ad
3028 3935 3289 3992 medicum
3334 3943 3386 3994 in
3427 3916 3518 3998 alii

1939 4024 2040 4077 qua
2072 4011 2375 4067 necessaria
2405 4025 2556 4083 parte
2592 4020 2833 4093 corporis
2880 4025 3028 4090 gravi
3055 4027 3275 4083 vulnere
3314 4036 3518 4087 saucia-

1942 4106 2045 4165 tus,
2078 4100 2121 4154 si
2168 4102 2365 4156 dixerit
2393 4105 2652 4172 medicus,
2696 4108 2920 4165 Moritur
2950 4113 3073 4168 inde
3122 4116 3223 4169 nisi
3254 4133 3472 4175 curetur
3503 4142 3517 4178 :

1942 4206 2044 4243 non
2071 4191 2261 4259 opinor
2285 4203 2341 4247 ut
2365 4194 2442 4247 illi
2470 4196 2557 4264 qui
2593 4212 2714 4251 eum
2747 4200 3104 4270 adduxerunt,
3131 4206 3203 4260 ita
3226 4208 3515 4278 desipiant,

1942 4287 1998 4332 ut
2018 4280 2369 4337 consideratis
2400 4294 2558 4353 atque
2580 4290 2874 4344 numeratis
2893 4295 3103 4349 ceteris
3130 4299 3385 4354 membris
3404 4303 3521 4373 ejus

1922 4373 2107 4441 .sanis,
2144 4376 2504 4444 respondeant
2553 4382 2760 4436 medico
2805 4394 2859 4437 et
2903 4385 3124 4444 dicant:
3161 4391 3371 4461 Ergone
3420 4395 3520 4450 i5ta

1938 4477 2066 4518 sana
2121 4475 2199 4521 tot
2247 4470 2516 4539 membra,
2570 4488 2676 4529 non
2712 4476 2892 4531 valent
2945 4480 3015 4535 ad
3064 4482 3181 4552 ejus
3224 4487 3414 4553 vitam,
3468 4499 3521 4547 et

263 4550 538 4618 quomodo
587 4549 688 4604 erit
724 4563 910 4604 verum
940 4550 1080 4619 quod
1119 4550 1192 4605 ibi
1242 4551 1317 4605 ait
1346 4554 1482 4628 :Qui
1523 4565 1707 4608 contra
1739 4570 1831 4609 vos
1864 4553 1917 4613 D
1944 4570 2104 4609 unum
2146 4555 2271 4611 illud
2317 4559 2651 4618 vulneratum
2701 4566 2842 4621 valet
2890 4568 2959 4623 ad
3006 4549 3168 4643 [ejus
3186 4572 3206 4647 j
3251 4549 3521 4636 mortem:

259 4637 497 4705 nonest,
522 4654 621 4709 pro
648 4638 801 4695 vobis
827 4640 943 4695 est?
975 4640 1029 4695 In
1052 4641 1154 4696 hoc
1182 4641 1328 4697 enim
1359 4642 1522 4709 facto,
1562 4659 1666 4698 non
1707 4660 1836 4700 con-

260 4734 342 4782 tra
370 4743 490 4794 eos,
534 4729 629 4785 sed
653 4744 750 4798 pro
773 4730 853 4786 eis
875 4738 1011 4795 erat,
1042 4730 1130 4786 ubi
1166 4745 1264 4801 per
1293 4748 1488 4790 nomen
1517 4733 1712 4791 Christi
1744 4752 1834 4791 sa-

259 4819 458 4874 nitates
507 4820 866 4889 operabantur
893 4820 1282 4895 [operabatur].
1326 4823 1394 4880 Ut
1436 4839 1565 4895 ergo
1609 4836 1832 4897 utraque

258 4909 533 4965 sententia
563 4925 687 4965 vera
712 4911 803 4975 sit,
834 4912 992 4967 sicuti
1023 4927 1149 4968 vera
1172 4922 1330 4970 estet
1359 4915 1447 4970 illa
1475 4917 1564 4973 ubi
1596 4918 1668 4972 ait
1697 4920 1833 4986 :Qui

258 5016 372 5055 non
396 5010 477 5056 est
502 5016 734 5070 meeum,
774 5003 1037 5059 adversus
1064 5021 1151 5061 me
1172 5016 1276 5074 est,
1303 5008 1464 5076 etqui
1492 5025 1704 5067 mecum
1729 5028 1836 5069 non

262 5090 491 5158 colligit,
522 5090 780 5160 dispergit
801 5134 815 5157 ,
846 5101 903 5147 et
931 5092 1020 5147 illa
1052 5095 1141 5151 ubi
1169 5096 1246 5150 ait
1269 5097 1486 5153 :Nolite
1525 5101 1838 5170 prohibere,

254 5183 345 5249 qui
390 5182 530 5235 enim
563 5192 745 5236 contra
779 5200 873 5239 vos
917 5200 1023 5240 non
1078 5196 1184 5253 est,
1221 5203 1319 5257 pro
1351 5190 1505 5246 vobis
1551 5201 1636 5247 est
1668 5210 1683 5248 :
1714 5195 1838 5262 quid

256 5280 428 5325 restat
466 5271 890 5342 intelligendum,
941 5276 1044 5332 nisi
1074 5278 1194 5347 quia
1227 5279 1318 5334 ille
1349 5280 1400 5335 in
1431 5283 1563 5337 tanti
1602 5287 1840 5341 nominis

266 5364 620 5419 venera;ione
646 5365 1041 5422 conﬁrmandus
1076 5370 1195 5437 fuit,
1227 5371 1316 5426 ubi
1348 5388 1451 5426 non
1495 5384 1608 5428 erat
1649 5388 1834 5433 contra

325 5474 407 5557 μ’)
444 5475 552 5557 lloc
578 5477 786 5557 quodin
811 5480 1048 5550 margine
1069 5483 1316 5557 positum,
1347 5487 1469 5551 quia
1498 5489 1826 5557 superﬂuum

250 5544 557 5616 videbatur,
589 5547 845 5614 religione
875 5544 1048 5605 tamen
1073 5544 1315 5616 adducti,
1352 5544 1418 5610 ne
1445 5559 1495 5609 in
1526 5544 1629 5612 tam
1662 5544 1827 5615 veleri

243 5615 540 5693 exemplari
586 5617 781 5693 aliquid
823 5631 1181 5693 mutaremus,
1214 5615 1373 5679 etiam
1406 5627 1825 5693 adscripsimus:

323 5701 343 5732 ο
373 5685 446 5763 Et.
493 5687 613 5739 ideo
660 5687 702 5741 si
753 5690 933 5743 venire
975 5692 1038 5763 ad
1073 5685 1361 5749 Ecclesiam
1405 5685 1626 5753 voluerit
1670 5701 1827 5756 debet

266 5768 282 5799 ι
306 5756 483 5808 omnia
513 5771 631 5825 qum
661 5773 768 5812 non
795 5758 1289 5835 accepit‘accipere,
1333 5767 1376 5822 si
1411 5783 1538 5824 vero
1569 5771 1823 5827 nonnulla

1941 4664 2046 4704 non
2072 4650 2252 4720 utique
2283 4652 2383 4708 hoc
2411 4654 2617 4720 dicunt,
2649 4657 2743 4713 sed
2787 4660 3082 4719 curandum
3115 4666 3354 4724 oll'erunt
3382 4688 3393 4722 :
3426 4687 3527 4727 nec

1940 4741 2060 4796 ideo
2098 4752 2272 4800 tamen
2318 4748 2439 4816 quia
2491 4748 2785 4804 curandum
2836 4752 3087 4822 oﬂ‘erunt,
3136 4760 3404 4817 medicum
3437 4781 3522 4819 ro-

1940 4846 2090 4906 gant,
2118 4846 2176 4893 ut
2201 4840 2483 4895 etiam‘illa
2516 4859 2635 4913 quae
2664 4859 2790 4899 sana
2819 4859 2942 4903 sunt
2983 4862 3158 4919 curet,
3190 4855 3285 4910 sed
3315 4856 3390 4912 illi
3434 4863 3520 4914 nni

1942 4928 2062 4984 loco
2091 4931 2409 4988 medicinam
2445 4936 2707 4993 instanter
2736 4940 2989 4996 adhibeat
3019 4945 3159 5002 unde
3179 4964 3327 5004 mors
3352 4954 3515 5007 etiam

1942 5019 2106 5077 salvis
2157 5024 2368 5079 caeteris
2409 5026 2670 5096 imminet,
2718 5039 2771 5084 et
2831 5031 2931 5086 nisi
2984 5047 3207 5093 sanetur
3250 5040 3519 5095 adveniet.

1944 5108 2078 5176 Quid
2107 5128 2235 5181 ergo
2267 5116 2482 5183 prodest
2510 5118 2735 5186 homini,
2763 5121 2845 5176 vel
2870 5139 3004 5179 sana
3033 5127 3190 5197 ﬁdes,
3228 5132 3309 5186 vel
3335 5148 3519 5189 sartum

1944 5200 2169 5260 fortasse
2200 5208 2369 5261 solum
2413 5208 2534 5265 Iidei
2575 5224 2995 5279 sacramentum.
3053 5219 3141 5275 ubi
3191 5221 3372 5277 lethali
3406 5226 3516 5279 vul-

1944 5309 2072 5348 nere
2099 5296 2402 5353 scbismatis
2434 5312 2710 5371 perempta
2740 5314 2825 5360 est
2853 5308 3057 5363 sanitas
3086 5311 3363 5366 charitalis
3382 5353 3398 5376 ,
3425 5329 3518 5384 per

1942 5383 2091 5452 cujus
2128 5384 2292 5441 solius
2340 5392 2788 5461 peremptionem,
2836 5394 2999 5450 etiam
3042 5396 3133 5451 illa
3168 5399 3370 5470 integra
3403 5411 3514 5458 tra-

1943 5514 1959 5546 t
1994 5498 2184 5579 eadem
2206 5500 2422 5565 faciunt,
2460 5518 2566 5559 non
2594 5519 2654 5561 se
2682 5508 2732 5560 in
2756 5508 2835 5560 eis
2860 5522 3255 5579 separaverunt,
3280 5525 3330 5569 et
3359 5531 3423 5570 ex
3455 5533 3515 5572 ea

1941 5583 1958 5615 ι
1996 5577 2141 5645 parte
2172 5570 2223 5623 in
2277 5582 2501 5628 textura:
2554 5590 2811 5645 compage
2859 5570 3183 5645 detinentur,
3225 5570 3275 5638 in
3318 5570 3512 5642 caetera

1940 5655 1957 5687 ι
1987 5639 2138 5692 scissi
2171 5654 2320 5718 sunt._
2349 5644 2576 5718 Proinde
2604 5647 2656 5718 si
2678 5639 2831 5718 quem
2863 5647 2963 5700 sibi
2993 5639 3515 5718 sociaverint,resvi-a

1938 5723 1956 5755 ι
1990 5717 2139 5830 ραι-ξε
2184 5715 2414 5769 nectitur
2455 5715 2706 5773 Ecclesiae
2732 5756 2747 5783 ,
2790 5716 2845 5771 in
2888 5732 2987 5787 qua
3032 5735 3131 5778 nec
3164 5724 3242 5780 illi
3271 5715 3504 5799 separati

1938 5794 1953 5829 t
1982 5790 2079 5830 sun
2109 5819 2124 5830 .
2163 5800 2183 5830 ι
2215 5793 2318 5830 etc-

1936 5794 1953 5829 ς
1982 5790 2124 5845 sunt,
2163 5800 2183 5832 ι
2215 5793 2318 5838 etc.
