3986 6190
471 320 565 376 871
1453 323 1511 378 Ι).
1557 321 1877 378 EUGYPNI
1918 321 2042 376 ΔΒΗ

2150 321 2205 378 IS
2245 323 2569 381 AFRICANI

3628 331 3740 389 872

472 445 665 496 hanlttt‘
698 440 762 494 ad
807 448 1055 496 mortem.
1094 439 1243 506 Quod
1270 453 1337 494 ne
1370 439 1460 492 ﬁat
1489 454 1596 492 non
1624 447 1803 491 cessat
1833 436 2047 491 miseri-
2079 437 2125 496 Α
2152 436 2397 492 cantibus
2424 438 2755 494 diversorum
2788 453 2815 491 a
2842 454 2939 495 sua
2975 438 3178 496 unitate
3206 442 3489 511 separatis,
3521 458 3613 513 per
3633 446 3741 503 hoc

470 534 651 587 cordia
684 532 801 597 Dei,
851 547 945 600 per
998 534 1254 585 unitatem
1286 538 1486 584 sancta:
1528 529 1783 584 Ecclesia:
1826 542 1957 593 sum,
1994 534 2052 583 ut

470 626 695 681 veniant
738 635 794 678 et
823 632 1079 678 curentur
1119 637 1213 691 per
1255 621 1701 676 medicamentum
1731 618 2050 675 reconcilia-

473 718 655 781 tionis,
691 732 784 784 per
813 715 1086 768 vinculum
1115 714 1280 782 pacis.
1313 713 1422 768 Nec
1449 713 1572 767 ideo
1596 728 1655 766 se
1676 722 1861 781 putent
1890 725 2051 767 sanos

470 824 616 870 esse,
665 809 787 874 quia
829 807 899 858 dii
918 806 1057 858 imus
1084 820 1179 858 eos
1208 803 1405 858 habere
1436 803 1637 873 aliquid
1682 817 1873 857 sanum
1909 819 1921 853 :
1953 815 2052 856 nec

470 912 653 950 rursus
684 897 803 950 ideo
834 904 1021 963 putent
1046 895 1341 950 curandum
1373 909 1512 957 esse,
1547 894 1689 963 quod
1723 908 1913 946 sanum
1941 899 2049 955 est,

468 989 589 1055 quia
620 988 951 1040 ostendimus
977 987 1170 1056 aliquid
1205 987 1563 1040 vulneratum.
1593 986 1773 1053 itaque
1795 984 1846 1038 in
1871 999 2052 1037 sacra-

468 1079 632 1133 menti
663 1080 911 1143 sanitate,
944 1078 1065 1146 quia
1114 1086 1298 1131 contra
1342 1093 1439 1131 nos
1480 1092 1585 1130 non
1620 1087 1763 1141 sunt,
1812 1092 1909 1142 pro
1957 1091 2053 1129 no-

470 1171 552 1224 bis
583 1180 727 1224 sunt.
754 1169 807 1221 In
840 1170 1146 1223 schismatis
1174 1183 1353 1224 autem
1385 1170 1629 1237 vulnere,
1653 1168 1906 1237 quidquid
1930 1180 2051 1221 cum

468 1261 687 1315 Cbrism
713 1276 818 1313 non
850 1260 1131 1329 colligunt,
1162 1270 1439 1328 spargunt.
1476 1259 1588 1313 Non
1618 1259 1955 1313 extollantur
1998 1268 2051 1311 et

472 1350 556 1403 his
582 1364 702 1419 quas
733 1350 951 1404 habent.
979 1350 1113 1417 Quid
1148 1358 1351 1403 tantum
1383 1365 1478 1417 per
1503 1364 1564 1404 ea
1590 1364 1710 1418 qua:
1756 1363 1886 1402 sana
1928 1356 2054 1401 sunt

469 1442 733 1510 superbos
774 1444 959 1496 oculos
987 1442 1232 1495 ducunt?
1284 1441 1349 1496 Et
1379 1442 1568 1495 vulnus
1616 1457 1771 1497 suum
1828 1441 2053 1511 dignen-

471 1542 559 1585 tur
602 1531 875 1586 humiliter
922 1532 1117 1586 intucri
1148 1550 1162 1587 :
1193 1548 1293 1587 nec
1329 1532 1506 1587 solum
1555 1532 1682 1603 quid
1734 1532 1897 1596 adsit,
1952 1532 2048 1587 sed

468 1622 629 1675 etiam
659 1622 784 1691 quid
820 1622 958 1676 desit
1005 1623 1300 1678 attendant.
1339 1623 1565 1679 Videant
1606 1636 1764 1693 quam
1800 1624 1967 1678 multa
1998 1631 2053 1677 et

468 1728 627 1781 quam
657 1727 846 1782 magna
880 1714 1013 1767 nihil
1046 1716 1273 1783 prosint,
1316 1714 1361 1769 si
1390 1730 1552 1770 unum
1585 1715 1838 1785 quiddam
1866 1715 2051 1770 defue-

468 1805 575 1858 rit:
599 1812 654 1859 et
685 1806 905 1860 videant
934 1808 1059 1875 quid
1088 1807 1157 1860 sit
1186 1809 1357 1876 ipsum
1391 1823 1576 1874 unum,
1612 1822 1712 1861 nec
1742 1822 1828 1862 me
1867 1807 1919 1860 in
1951 1807 2048 1863 hoc
2081 1804 2128 1865 Β

468 1898 703 1963 audiant,
732 1900 827 1953 sed
854 1900 1168 1967 Apostolnm
1192 1899 1280 1953 :Si
1304 1899 1499 1968 linguis
1526 1900 1821 1963 hominum,
1853 1898 2043 1969 inquit,

468 1985 656 2053 loquar
677 1993 733 2040 et
753 1988 1090 2056 angelorum,
1112 1989 1430 2043 charitatem
1457 1998 1633 2045 autem
1663 2004 1768 2043 non
1794 1989 2044 2055 habeam,

473 2076 644 2129 lactus
676 2091 795 2129 sum
839 2086 1189 2131 :eramentum
1240 2092 1458 2141 sonans,
1509 2088 1563 2131 et
1591 2078 1896 2148 cymbalum
1946 2081 2050 2132 tin-

472 2165 623 2222 niens
650 2183 664 2231 ;
695 2177 750 2222 et
790 2169 835 2222 si
866 2168 1103 2223 habitem
1132 2170 1490 2240 prophetiam,
1542 2179 1598 2225 ct
1644 2172 1818 2225 sciero
1866 2173 2045 2226 omnia

467 2271 824 2326 sacramenta,
848 2272 903 2317 et
932 2276 1146 2317 omnem
1178 2263 1484 2330 scientiam,
1516 2273 1568 2318 et
1590 2264 1634 2317 si
1668 2263 1905 2318 habuero
1931 2280 2047 2319 om-

468 2367 588 2406 nem
620 2351 777 2405 ﬁdem
810 2362 860 2405 ut
895 2363 1107 2407 montes
1138 2354 1476 2419 transferam,
1518 2354 1833 2409 charitatem
1866 2364 2043 2409 autem

468 2458 574 2495 non
604 2440 848 2507 habeam,
887 2444 1019 2498 nihil
1037 2458 1178 2499 sum.
1212 2444 1347 2511 Quid
1376 2461 1506 2517 ergo
1534 2447 1613 2501 eis
1644 2445 1886 2515 prodeSt,
1919 2446 1965 2500 si
1991 2455 2048 2501 et

468 2533 701 2601 linguam
732 2533 783 2587 in
833 2536 1002 2590 sacris
1047 2539 1319 2606 mysteriis
1351 2539 1584 2593 habeant
1631 2539 1948 2607 angelicam,
1992 2546 2047 2592 et

469 2626 804 2693 prophetiam
837 2629 1289 2696 quemadmodum
1320 2630 1552 2701 Caiphas
1584 2638 1638 2686 et
1670 2631 1821 2695 Sanl,
1850 2640 1907 2685 ut
1946 2632 2045 2685 ali-

464 2716 678 2783 quando
715 2719 1057 2787 prophetcnt,
1103 2734 1238 2789 quos
1280 2721 1447 2777 fuisse
1475 2721 1812 2776 damnabiles
1859 2732 2041 2777 sancta

464 2810 736 2877 Scriptura
764 2814 1028 2867 testatur?
1055 2814 1109 2868 Si
1133 2824 1467 2871 sacramenta
1490 2831 1593 2871 non
1620 2826 1825 2871 tantum
1851 2818 2040 2887 sciant,

463 2899 555 2953 sed
586 2910 640 2954 et
669 2900 918 2966 habeant,
952 2905 1091 2958 sicut
1122 2905 1306 2960 habuit
1330 2906 1513 2962 Simon
1544 2907 1723 2977 Magos
1750 2925 1761 2958 :
1788 2907 1834 2961 si
1863 2906 2041 2973 ﬁdem,

461 2990 595 3044 sicut
620 2990 883 3047 dtemonia
913 2994 1160 3051 confessa
1189 3007 1313 3051 sunt
1344 2998 1647 3064 Christum;
1684 3013 1857 3069 neque
1900 2998 2041 3052 enim

460 3100 563 3137 nun
585 3086 871 3140 credebant
888 3101 1011 3141 cum
1038 3089 1303 3155 dicerent,
1330 3090 1465 3158 Quid
1482 3089 1637 3145 nobis
1656 3100 1710 3145 et
1728 3090 1821 3144 tibi
1843 3100 1923 3145 est
1940 3090 2041 3145 Fili

464 3175 590 3239 Dei;
628 3176 827 3231 scimus
870 3180 960 3247 qui
990 3180 1066 3234 sis
1093 3180 1115 3232 τ
1154 3181 1200 3233 si
1240 3181 1559 3251 dispertiant
1588 3182 1748 3236 etiam
1780 3181 1880 3251 ipsi
1910 3183 2041 3235 sub—
2065 3184 2112 3245 C

461 3267 707 3319 statitiam
748 3282 899 3321 suam
932 3269 1273 3337 pauperibus,
1308 3271 1445 3325 sicut
1471 3272 1621 3325 multi
1646 3286 1751 3325 non
1785 3273 1956 3326 solum
1987 3270 2041 3325 in

461 3356 720 3411 catholica
745 3358 869 3422 ﬁde,
900 3360 1036 3431 [sed]
1058 3360 1112 3414 in
1146 3361 1373 3415 diversis
1404 3362 1702 3418 hazresibus
1734 3362 1930 3417 faciunt
1959 3381 1970 3414 :
1996 3362 2041 3417 si

460 3447 633 3512 aliqua
678 3447 959 3514 ingruente
1006 3448 1403 3517 persecutione,
1447 3451 1660 3506 tradant
1700 3454 1765 3505 ad
1798 3452 2042 3507 ﬂammas

459 3534 737 3589 nobiscum
768 3550 959 3604 corpus
980 3552 1135 3591 suum
1168 3553 1264 3607 pro
1293 3539 1415 3605 fide,
1452 3554 1610 3607 quam
1643 3541 1844 3609 pariter
1874 3542 2042 3594 conﬁ-

460 3633 677 3689 tentur;
711 3634 887 3681 tamen
917 3630 1040 3698 quia
1091 3611 1322 3698 separati
1351 3630 1468 3685 haec
1495 3640 1678 3701 agunt,
1718 3647 1823 3686 non
1878 3634 2041 3688 sulfe-

459 3725 639 3772 rentes
671 3717 898 3772 invicem
943 3721 995 3773 in
1045 3720 1355 3787 dilectione,
1385 3738 1556 3792 neque
1599 3723 1880 3778 studentes
1922 3739 2039 3778 ser-

457 3821 583 3860 vare
622 3808 877 3863 unitatem
925 3813 1144 3879 spiritus
1176 3814 1227 3866 in
1264 3814 1476 3868 vinculo
1517 3815 1688 3884 pacis,
1718 3813 2037 3871 charitatem

457 3897 641 3957 utique
672 3914 777 3952 non
828 3899 1094 3967 habendo,
1149 3902 1310 3956 etiam
1342 3917 1463 3957 cum
1515 3905 1620 3959 illis
1663 3908 1913 3961 omnibus
1943 3910 2036 3976 qui

457 3986 586 4040 nihil
636 3987 715 4040 eis
771 4000 1011 4056 prosunt,
1066 3991 1436 4063 adaeternam
1484 3993 1711 4049 salutem
1759 3997 2039 4064 pervenire

456 4092 564 4133 non
596 4092 839 4147 possunt.

1006 4156 1233 4212 CAPUT
1269 4156 1448 4212 CCIX.

457 4246 1223 4319 Οὺίετιῑοηεηᾳμψηφίζεται-ωτι
1281 4258 1450 4319 utrum
1508 4259 1709 4319 generct
1758 4251 1893 4317 ﬁlios
1941 4251 2037 4304 ba-

525 4320 738 4439 plistlttts
778 4316 963 4370 C/trt'stt'
1011 4317 1064 4369 in
1110 4326 1254 4386 parte
1305 4316 1526 4384 Donati;
1557 4336 1623 4372 an
1662 4336 1761 4373 non
1801 4333 2033 4390 generet,

525 4405 578 4440 s0
607 4398 696 4440 04!.
1654 4430 1658 4433 .

524 4405 696 4442 εοιυέι.

2154 528 2294 595 quod
2322 544 2479 583 suum
2526 530 2582 583 in
2628 529 2705 585 eis
2748 530 2927 595 habet,
2961 530 3075 600 ipsa
3121 533 3306 599 utique
3347 542 3597 602 generat,
3629 548 3739 588 non

2155 617 2277 673 tum.
2312 618 2493 687 Neque
2521 621 2663 675 enim
2713 621 2981 690 separatio
3007 637 3193 678 earum
3228 622 3462 695 [eorum]
3493 636 3741 694 generat,

2153 708 2246 761 sed
2276 710 2416 777 quod
2463 724 2643 764 secum
2685 711 2753 765 de
2781 714 2877 765 ista
2927 720 3209 767 tenuerunt
3238 729 3251 765 :
3280 714 3425 782 quod
3456 716 3506 770 si
3536 726 3591 771 et
3640 720 3744 769 hoc

2154 797 2442 865 dimittant,
2479 801 2700 857 omnino
2737 815 2843 856 non
2868 812 3147 871 generant.

2739 913 2966 971 CAPUT
3005 914 3161 970 CCX.

2159 1021 2310 1088 Quod
2347 1024 2499 1077 etiam
2536 1024 2665 1078 male
2706 1035 3053 1079 conversantes
3084 1026 3361 1081 catholicos
3390 1026 3505 1097 ipsa
3533 1037 3751 1097 generet

2699 1111 2812 1163 qua:
2833 1106 2877 1148 et
2909 1097 3198 1150 Simonem.

2229 1209 2351 1265 ηερε
2380 1209 2556 1279 itaque
2587 1211 2638 1264 in
2671 1211 2919 1265 omnibus
2948 1220 3192 1280 generat,
3222 1210 3375 1280 cujus
3403 1221 3747 1267 sacramenta

2156 1303 2473 1371 retinentur.
2525 1302 2678 1358 Unde
2722 1304 2890 1373 possit
2934 1306 3041 1359 tale
3083 1304 3281 1374 aliquid
3316 1306 3625 1376 ubicunque
3651 1322 3745 1376 ge-

2157 1396 2355 1463 nerari,
2396 1398 2639 1466 quamvis
2688 1412 2795 1451 non
2837 1412 3027 1451 omnes
3076 1412 3209 1467 quos
3239 1409 3476 1468 generat,
3512 1399 3579 1452 ad
3628 1399 3748 1469 ejus

2157 1490 2460 1558 pertineant
2505 1490 2788 1553 unitatem,
2820 1504 2941 1560 quae
2969 1502 3139 1560 usque
3192 1491 3243 1544 in
3293 1491 3452 1545 ﬁnem
3486 1506 3748 1560 perseve-

2155 1588 2337 1635 rantes
2364 1580 2592 1635 salvabit
2620 1578 2856 1653 [salvat].
2891 1580 3073 1649 Neque
3101 1579 3243 1635 enim
3279 1580 3332 1634 bi
3365 1581 3463 1635 soli
3508 1580 3577 1635 ad
3622 1596 3744 1636 eam

2156 1686 2265 1725 non
2317 1672 2611 1740 pertinent,
2665 1672 2755 1742 qui
2808 1672 3166 1741 separationis
3218 1681 3413 1745 aperto
3452 1669 3748 1740 sacrilegio

2158 1761 2420 1815 manifesti
2472 1769 2616 1825 sunt,
2648 1760 2744 1815 sed
2787 1761 2948 1815 etiam
3000 1759 3098 1824 illi,
3151 1761 3240 1829 qui
3270 1760 3323 1814 in
3366 1760 3484 1829 ejus
3534 1762 3746 1815 unitate

2153 1852 2504 1920 corporaliter
2532 1852 2709 1917 mixti,
2740 1866 2839 1921 per
2868 1853 3029 1906 vitam
3065 1852 3349 1921 pessimam
3391 1860 3743 1921 separantur.

2158 1941 2363 1997 Etenim
2401 1943 2675 1998 Simonem
2720 1943 2929 2013 Magum
2970 1958 3065 2010 per
3105 1944 3368 2013 baptisma
3412 1944 3530 2011 ipsa
3578 1959 3743 2013 pepe-

2152 2042 2316 2099 rerat,
2359 2034 2445 2088 cui
2478 2044 2657 2089 tamen
2686 2034 2888 2089 dictum
2919 2041 3020 2100 est,
3050 2034 3191 2103 quod
3230 2049 3334 2088 non
3368 2034 3589 2089 haberet
3624 2050 3742 2102 par-

2153 2132 2258 2177 tem
2302 2124 2354 2179 in
2403 2126 2718 2181 htereditate
2755 2125 2855 2197 15
2900 2123 3119 2181 Christi.
3177 2123 3419 2193 Nunquid
3467 2126 3516 2179 ei
3565 2124 3740 2193 bapti-

2151 2232 2343 2286 smns,
2378 2220 2617 2288 nunquid
2668 2218 3051 2288 Evangelium,
3104 2216 3343 2287 nunquid
3397 2229 3740 2273 sacramenta

2151 2311 2475 2367 defuerunt?
2505 2312 2597 2366 sed
2629 2312 2752 2381 quia
2792 2311 2840 2365 ei
2871 2310 3106 2366 charitas
3133 2309 3320 2375 defuit,
3352 2308 3551 2364 frustra
3581 2322 3741 2365 natus

2150 2412 2252 2470 est,
2287 2413 2342 2458 et
2387 2404 2437 2459 ei
2485 2402 2802 2472 expediebat
2845 2402 3073 2456 fortasse
3116 2414 3219 2456 non
3252 2400 3418 2455 nasci.
3468 2399 3739 2468 Numquid

2150 2508 2257 2548 non
2313 2500 2468 2548 erant
2519 2491 2630 2547 nati
2680 2491 2873 2562 quibus
2918 2489 3206 2561 Apostolus
3264 2487 3737 2559 dicit:'l'anquam

2151 2586 2385 2655 parvulis
2412 2586 2462 2638 in
2485 2584 2699 2641 Christo
2719 2584 2801 2638 lac
2828 2584 2979 2639 vobis
3000 2592 3181 2654 potum
3211 2582 3355 2648 dedi,
3384 2596 3492 2636 non
3514 2596 3734 2637 escam:

2149 2691 2244 2732 eos
2284 2686 2459 2731 tamen
2490 2675 2773 2744 sacrilegio
2799 2675 3178 2731 schismatibus
3200 2673 3250 2748 [a
3279 2674 3564 2743 sacrilegio
3589 2674 3739 2729 schi-

2148 2764 2355 2837 smatis]
2384 2773 2618 2829 revocat,
2661 2764 2714 2818 in
2747 2765 2889 2835 quod
2924 2764 3047 2820 ideo
3077 2764 3359 2820 inruebant
3386 2762 3736 2835 [irruebant],

2148 2858 2269 2927 quia
2300 2857 2541 2912 carnales
2567 2864 2720 2911 erant.
2742 2876 2758 2913 :
2783 2856 2944 2923 Quasi
2966 2856 3230 2926 parvulis,
3266 2856 3459 2926 inquit,
3494 2856 3546 2910 in
3568 2854 3731 2910 Chri-

2147 2958 2232 3004 sto
2262 2949 2342 3003 lac
2366 2948 2517 3004 vobis
2540 2958 2722 3017 potum
2751 2947 2896 3015 dedi,
2927 2963 3033 3003 non
3061 2961 3238 3004 escam
3262 2987 3279 3012 ,
3312 2947 3547 3001 nondum
3582 2946 3731 3000 enim

2150 3040 2428 3109 poteratis,
2480 3039 2574 3095 sed
2626 3054 2726 3094 nec
2780 3038 2954 3095 adhuc
3000 3038 3215 3110 quidem
3256 3038 3501 3108 potestis,
3552 3038 3734 3091 adhuc

2146 3132 2286 3186 enim
2314 3134 2445 3188 estis
2472 3132 2737 3187 carnales.
2768 3128 2903 3186 Cum
2935 3132 3079 3187 enim
3128 3129 3234 3185 sint
3263 3131 3407 3185 inter
3440 3144 3534 3183 vos
3566 3145 3733 3184 aemu-

2146 3223 2274 3279 latio
2304 3233 2357 3278 et
2386 3223 2681 3289 contentio,
2726 3237 2908 3278 nonne
2955 3222 3201 3278 carnales
3240 3222 3392 3289 estis,
3436 3232 3489 3277 et
3535 3236 3730 3277 secun-

2145 3315 2271 3370 dum
2319 3314 2589 3370 hominem
2640 3314 2963 3370 ambulatis?
3012 3315 3146 3370 Cntn
3189 3315 3333 3369 enim
3375 3315 3493 3383 quis
3539 3314 3729 3379 dicat,

2145 3407 2256 3475 Ego
2302 3408 2519 3478 quidem
2575 3422 2696 3463 sum
2750 3408 2923 3471 Pauli,
2958 3407 3094 3463 alius
3125 3416 3323 3474 autem,
3356 3406 3467 3476 Ego
3511 3408 3730 3476 Apollo,

2145 3512 2321 3552 nonne
2346 3498 2591 3553 homines
2620 3497 2789 3553 estis?
2811 3498 2879 3553 de
2921 3498 3005 3552 bis
3054 3497 3197 3552 enim
3228 3513 3391 3568 supra
3421 3496 3588 3552 dicit:
3623 3497 3731 3553 0b-

2141 3602 2296 3643 secro
2339 3597 2515 3643 autem
2550 3604 2669 3656 vos,
2702 3588 2919 3656 fratres,
2954 3604 3052 3658 per
3080 3603 3270 3643 nomen
3304 3588 3511 3642 Domini
3561 3591 3727 3643 nostri

2140 3680 2268 3736 Jesu
2299 3678 2515 3754 Christi,
2569 3690 2626 3734 ut
2652 3679 2879 3749 idipsum
2910 3678 3099 3733 dicatis
3129 3694 3339 3743 omnes,
3373 3687 3427 3733 et
3479 3693 3587 3732 non
3622 3680 3730 3732 sint

2142 3770 2196 3825 iu
2224 3769 2376 3826 vobis
2416 3771 2732 3837 schismata,
2773 3771 2889 3825 sitis
2939 3779 3117 3825 autem
3164 3770 3386 3839 perfecti
3434 3768 3486 3823 in
3536 3771 3728 3825 eodem

2141 3875 2303 3917 sensu
2351 3870 2406 3916 et
2458 3863 2510 3915 in
2541 3863 2727 3916 eadem
2782 3860 3067 3916 sententia.
3101 3859 3409 3914 Nuntiatum
3458 3871 3541 3913 est
3587 3862 3728 3916 enim

2141 3957 2271 4014 mihi
2301 3958 2370 4014 de
2420 3959 2594 4021 vobis,
2625 3956 2820 4012 fratres
2866 3954 2992 4022 mei,
3043 3955 3111 4012 ab
3138 3955 3223 4010 his
3250 3954 3357 4023 .qui
3388 3962 3513 4009 sunt
3544 3953 3727 4018 Cloes,

2140 4049 2265 4119 quia
2302 4048 2672 4103 contentiones
2720 4053 2846 4099 sunt
2892 4047 2944 4099 in
2979 4043 3171 4098 vobis:
3206 4044 3307 4098 hoc
3350 4052 3529 4096 autem
3581 4042 3726 4105 dico,

2140 4136 2260 4208 quia
2312 4138 2675 4206 unusquisque
2706 4145 2939 4190 vestrum
2983 4135 3151 4189 dicit:
3186 4134 3298 4204 Ego
3338 4133 3558 4201 quidem
3608 4150 3726 4189 sum

2143 4228 2313 4297 Pauli,
2344 4242 2443 4298 ego
2472 4237 2650 4282 autem
2688 4227 2901 4295 Apollo,
2928 4241 3029 4295 ego
3070 4240 3201 4280 vero
3239 4225 3460 4295 Cepba,
3503 4241 3606 4295 ego
3637 4242 3730 4280 au-

2142 4331 2247 4377 tem
2276 4320 2513 4383 Christi;
2560 4319 2761 4374 divisus
2808 4328 2891 4373 est
2935 4318 3216 4373 Christus?
3258 4318 3497 4383 nunquid
3529 4317 3729 4372 Paulus

2140 4411 2430 4466 cruciﬁxus
2472 4420 2553 4466 est
2593 4425 2691 4479 pro
2718 4410 2870 4464 vobis
2918 4417 3008 4463 aut
3038 4409 3092 4464 in
3123 4411 3342 4462 nomine
3370 4408 3523 4462 Pauli
3558 4408 3729 4479 bapti-

522 4501 627 4556 Sed
661 4498 905 4554 videntur
929 4499 1028 4554 sibi
1059 4501 1396 4571 argutissime
1433 4516 1696 4571 quaerere,
1732 4511 1909 4556 utrum
1931 4516 2030 4572 ge-
2060 4543 2113 4605 Β
2142 4505 2247 4559 zati
2272 4504 2402 4559 esus
2427 4505 2449 4559 ?
2476 4503 2565 4557 Isti
2589 4517 2738 4571 ergo,
2764 4503 2807 4556 si
2834 4502 2888 4559 in
2912 4501 3012 4556 hac
3040 4500 3399 4556 obstinatione
3422 4511 3480 4554 et
3511 4517 3710 4569 perver

454 4609 535 4648 ne:
553 4603 605 4648 et
628 4594 764 4647 ﬁlios
794 4594 1086 4662 baptisnius
1108 4594 1303 4648 Christi
1330 4595 1382 4648 in
1407 4604 1555 4663 parte
1586 4596 1805 4661 Donati,
1829 4610 1896 4650 an
1920 4611 2026 4651 non

452 4685 717 4755 generet?
769 4694 823 4738 ut
853 4684 897 4737 si
931 4684 1362 4739 consenserimus
1392 4685 1535 4755 quod
1588 4696 1828 4754 generet,
1873 4701 2026 4740 suam

450 4792 569 4828 esse
600 4784 905 4829 assevei-ent
940 4775 1229 4830 Ecclesiam
1262 4785 1508 4841 matrem,
1535 4793 1655 4848 qua:
1687 4778 1825 4833 ﬁlios
1852 4777 2033 4847 potuit

450 4868 518 4920 de
548 4865 747 4919 Christi
780 4865 1094 4934 baptismate
1118 4880 1382 4934 generare
1407 4886 1421 4934 ;
1448 4876 1503 4923 et
1528 4870 1649 4938 quia
1681 4884 1838 4924 unam
1869 4885 2031 4939 opor-

451 4970 523 5012 tet
552 4974 672 5012 esse
722 4958 1036 5027 Ecclesiam,
1093 4975 1156 5013 es
1200 4961 1299 5015 hoc
1322 4960 1433 5029 jam
1483 4972 1721 5015 nostram
1753 4976 1861 5015 non
1910 4976 2030 5017 esse

448 5048 741 5107 Ecclesium
769 5049 1155 5115 criminentur;
1180 5050 1225 5104 si
1249 5060 1424 5105 autem
1449 5049 1761 5117 dixerimus,
1793 5051 1906 5105 Non
1932 5066 2027 5121 ge—

448 5149 600 5197 nerat
629 5161 642 5194 :
672 5138 779 5193 Cur
806 5153 956 5209 ergo,
989 5141 1252 5210 inquiunt,
1296 5141 1436 5209 apud
1468 5156 1562 5196 vos
1592 5156 1696 5194 non
1730 5156 2026 5196 renascun-

446 5227 649 5303 tur-per
669 5232 990 5302 baptismum
1024 5234 1110 5303 qui
1139 5242 1413 5288 transeunt
1441 5250 1467 5287 a
1497 5233 1650 5289 nobis
1686 5233 1752 5288 ad
1781 5249 1876 5288 vos
1904 5249 2025 5289 cum

445 5328 584 5395 apud
618 5338 716 5379 nos
766 5323 960 5378 fuerint
1001 5325 1363 5401 baptizatipsi
1412 5325 1648 5379 nondum
1694 5326 1807 5379 nati
1859 5336 2026 5390 sunt;

445 5421 595 5490 quasi
626 5432 755 5473 vero
782 5432 845 5471 ex
880 5419 981 5473 hoc
1011 5428 1224 5486 generet
1254 5418 1393 5471 unde
1422 5427 1663 5486 separata
1694 5427 1797 5483 est,
1840 5428 1895 5473 et
1922 5433 2027 5472 non

445 5526 509 5563 ex
536 5511 656 5575 hoc,
688 5510 830 5567 ttnde
856 5510 1141 5581 conjuncta
1172 5521 1250 5567 est
1275 5528 1289 5567 :
1315 5524 1557 5582 separata
1590 5524 1669 5567 est
1696 5515 1843 5568 enim
1870 5528 1899 5567 a
1920 5513 2034 5569 vin-

446 5602 565 5656 culo
592 5604 867 5659 charitatis
898 5617 949 5659 et
980 5604 1143 5673 pacis,
1177 5604 1269 5659 sed
1289 5604 1471 5674 juncta
1518 5613 1603 5659 est
1632 5606 1683 5658 in
1711 5620 1820 5659 uno
1855 5605 2033 5673 bapti-

448 5701 639 5747 smate.
671 5694 856 5764 Itaque
893 5710 994 5749 una
1045 5705 1126 5751 est
1177 5696 1439 5763 Ecclesia,
1469 5711 1586 5765 qua:
1618 5695 1732 5749 sola
1762 5696 2023 5751 catholica

451 5780 775 5853 nominatur,
824 5791 878 5841 et
908 5786 1159 5858 quidquid
1200 5803 1354 5844 suum
1390 5788 1567 5858 habet,
1628 5786 1680 5842 in
1726 5787 2031 5843 communi-

2137 4598 2296 4653 sitate
2323 4604 2688 4665 remanerent,
2713 4605 2864 4650 certe
2903 4594 3116 4664 quidem
3151 4594 3262 4648 nati
3290 4604 3464 4657 erant,
3512 4609 3615 4649 nec
3654 4608 3725 4646 ta-

2138 4703 2259 4742 men
2288 4688 2352 4742 ad
2384 4688 2551 4757 ipsam
2582 4685 2895 4750 Ecclesiam,
2926 4685 2994 4740 de
3019 4699 3121 4754 qua
3150 4686 3259 4739 nati
3291 4693 3469 4750 erant,
3501 4700 3600 4754 per
3636 4699 3729 4754 pa-

2136 4778 2215 4835 cis
2243 4789 2406 4849 atque
2433 4778 2651 4835 unitatis
2679 4778 2977 4842 vinculum,
3008 4776 3364 4846 pertinerent.

2704 4890 2941 4945 CAPUT-
2970 4888 3149 4945 CCXI.

2142 4982 2328 5037 Utrum
2364 4986 2503 5052 apud
2530 4982 2794 5037 nauticos
2833 4982 2944 5034 ha'c
2978 4982 3073 5049 ﬁat
3101 4981 3333 5034 remissio
3360 4991 3729 5050 peccatorum;

2703 5067 2768 5105 ex
2796 5052 2971 5105 eodem
2995 5052 3145 5105 libro.

2211 5143 2351 5213 Ergo
2400 5142 2514 5212 ipsa
2563 5152 2802 5213 generat,
2834 5152 2888 5198 et
2918 5157 3011 5211 per
3056 5151 3266 5198 uterum
3319 5156 3499 5210 suum,
3532 5152 3588 5196 et
3632 5158 3728 5211 per

2140 5248 2320 5293 uteros
2345 5236 2660 5291 ancillarum
2697 5251 2766 5291 ex
2810 5236 3012 5292 eisdem
3058 5235 3433 5298 sacramentis,
3466 5246 3723 5304 tanquam

2138 5344 2202 5384 ex
2234 5328 2330 5382 viri
2359 5328 2440 5383 sui
2465 5327 2694 5382 semine.
2713 5325 2827 5381 Non
2850 5327 2994 5380 enim
3024 5324 3223 5391 frustra
3252 5325 3377 5380 dicit
3403 5324 3720 5394 Apostolus,

2139 5419 2317 5474 omnia
2348 5418 2436 5472 illa
2484 5419 2536 5472 in
2567 5417 2734 5487 figura
2764 5430 2883 5471 esse
2922 5425 3071 5487 gesta
3104 5434 3115 5468 :
3149 5416 3244 5471 sed
3283 5416 3373 5486 qui
3403 5415 3729 5483 superbinnt

2139 5523 2189 5566 et
2236 5511 2485 5579 legitima:
2531 5512 2687 5565 matri
2746 5524 2850 5565 non
2901 5508 3294 5579 adjnngnntur,
3344 5508 3551 5562 similes
3599 5515 3731 5559 sunt

2142 5603 2410 5668 lsmaheli,
2456 5603 2523 5655 de
2567 5616 2673 5671 quo
2720 5601 2920 5659 dictum
2958 5610 3043 5656 est
3069 5615 3084 5654 :
3109 5598 3258 5669 Ejice
3286 5598 3539 5653 ancillam
3570 5606 3625 5651 et
3660 5597 3728 5649 ti-

2143 5696 2269 5750 lium
2301 5694 2437 5765 ejus,
2483 5709 2587 5748 non
2632 5693 2775 5749 enim
2808 5692 2980 5748 haeres
3027 5692 3127 5747 erit
3160 5690 3300 5746 ﬁlius
3334 5690 3565 5754 ancillae,
3599 5703 3729 5742 cum

2144 5792 2252 5844 ﬁlio
2293 5804 2411 5845 meo
2441 5789 2603 5843 Isaac.
2636 5787 2737 5854 Qui
2783 5798 2959 5843 autem
3013 5785 3236 5856 paciﬁca
3283 5785 3511 5855 diliguttt
3553 5781 3730 5850 legiti-
