4016 6184
284 306 391 362 873

1465 289 1899 353 THESAURUS.
1941 290 2091 347 CAP.
2134 288 2338 347 CCX".

3424 284 3527 341 87L

281 430 425 473 mam
455 411 620 483 patris
660 410 741 465 sui
776 408 1079 479 coniugem,
1126 408 1278 478 cujus
1326 405 1565 477 legitimo
1607 404 1730 473 jure
1766 418 1856 473 ge-
1882 403 1933 465 Α
1961 402 2279 457 auctoritate
2306 407 2589 469 coguntur.
2622 397 2816 464 Quaero
2846 410 2971 468 ergo
2993 402 3168 451 utrum
3192 392 3455 455 fateantur
3474 398 3527 454 ei

284 508 456 566 iterati
477 514 623 569 sunt,
649 502 857 559 similes
885 511 1007 557 sunt
1036 501 1156 554 ﬁliis
1178 498 1366 563 Jacob,
1389 497 1632 566 quamvis
1658 494 1725 548 de
1761 508 1856 549 an-

277 598 421 655 cillis
440 597 599 661 natis,
622 593 719 649 sed
745 602 922 647 tamen
940 590 1181 645 eamdem
1204 587 1573 644 [nereditatem
1594 583 1855 640 sumenti-

282 691 403 745 bus.
426 688 524 756 Qui
554 692 733 741 autem
762 683 829 738 de
858 692 1011 737 utero
1055 681 1219 748 ipsius
1247 678 1437 733 matris
1464 677 1606 731 intus
1651 675 1703 729 in
1740 671 1859 727 uni-

283 788 394 835 tate
450 777 600 840 nati,
659 774 931 843 negligunt
979 771 1203 841 gratiam
1265 783 1426 838 quam
1490 771 1857 834 acceperunt,

280 870 487 924 similes
512 874 639 921 sunt
660 865 800 919 Esau
830 862 942 917 ﬁlio
972 862 1139 925 Isaac,
1160 859 1251 928 qui
1276 856 1591 927 reprobatus
1622 862 1722 919 est,
1749 853 1858 907 Deo

280 965 569 1016 attestante
597 966 651 1011 et
679 955 929 1009 dicente:
962 950 1128 1009 Jaeob
1156 949 1343 1016 dilexi,
1366 948 1507 1003 Esau
1527 956 1704 1001 autem
1736 943 1860 1000 odio

282 1051 441 1107 habui
469 1063 626 1103 :cunt
654 1048 812 1101 ambo
839 1059 903 1099 ex
926 1057 1034 1097 uno
1056 1039 1339 1096 concubitu
1369 1037 1634 1105 concepti,
1657 1051 1725 1091 ex
1753 1049 1858 1090 uno

282 1152 439 1198 utero
470 1140 575 1193 nati
603 1138 728 1191 sint.
762 1135 1019 1200 Quaerunt
1048 1130 1209 1185 etiam
1233 1144 1406 1184 utrum
1440 1136 1658 1196 peccata
1682 1125 1861 1181 dimit-

284 1242 464 1286 tantur
497 1244 593 1298 per
622 1226 942 1297 baptismum
979 1224 1032 1277 in
1064 1231 1215 1291 parte
1256 1218 1464 1286 Donati,
1498 1229 1554 1272 ut
1580 1218 1624 1272 si
1655 1217 1861 1274 dixeri-

285 1337 406 1379 mus
427 1318 645 1384 dimitti,
671 1315 1062 1385 respondeant:
1088 1313 1229 1381 Ergo
1250 1323 1329 1366 est
1350 1311 1467 1366 illic
1486 1309 1713 1377 Spiritus
1738 1322 1861 1363 san-

211 1473 222 1483 ,
284 1421 426 1476 ctus,
457 1408 581 1478 quia
626 1420 747 1461 cum
794 1402 1103 1458 insufﬁante
1146 1400 1397 1463 Domino,
1428 1396 1586 1451 datus
1614 1406 1756 1451 esset
1782 1392 1861 1448 di-

286 1499 530 1569 scipulis,
565 1508 692 1551 tunc
723 1506 934 1549 secutus
960 1504 1043 1547 est
1072 1500 1127 1546 et
1161 1492 1233 1545 ait
1258 1507 1271 1543 :
1298 1490 1569 1567 Baptizate
1595 1497 1779 1557 gentes
1808 1486 1860 1549 in

285 1565 509 1645 nomine
534 1585 707 1643 Patris
735 1595 786 1638 et
811 1583 927 1637 Filii
958 1591 1013 1637 et
1037 1580 1271 1650 Spiritus
1296 1565 1462 1634 sancti
1492 1596 1503 1631 :
1528 1579 1573 1632 si
1597 1576 1681 1633 cui
1708 1576 1863 1633 dimi-

285 1677 464 1735 seritis
488 1685 725 1746 peccata,
757 1673 1092 1727 dimittentur
1112 1671 1193 1737 ei,
1225 1669 1378 1724 sicui
1404 1668 1681 1723 tenueritis
1713 1678 1861 1721 tene-

1960 492 2177 549 dimissa
2220 488 2467 559 peccata?
2497 486 2739 557 profecto
2788 486 3117 542 fatebuntur.
3162 487 3292 541 Item
3347 501 3530 555 quaero

1958 596 2054 637 cur
2074 582 2123 637 ei
2144 580 2338 636 dixerit
2354 581 2542 636 Petrus
2570 594 2673 634 non
2698 594 2817 633 eum
2842 579 3042 635 habere
3066 587 3272 649 partem
3302 578 3354 633 in
3379 585 3527 632 sorte

1958 673 2302 728 sanctorum?
2328 673 2483 739 Quia,
2512 672 2774 741 inquiunt,
2802 679 2986 739 postea
3016 671 3280 739 peccavit,
3306 669 3531 739 pecunia

1958 762 2146 816 volens
2188 776 2369 815 emere
2397 760 2594 814 donum
2632 760 2746 826 Dei,
2777 759 2935 828 cujus
2965 758 3272 813 venditores
3314 767 3533 827 aposto-

1961 852 2041 906 los
2070 850 2314 906 credidit.
2345 849 2480 916 Quid
2512 850 2556 903 si
2586 849 2654 904 ad
2693 849 2867 918 ipsum
2907 849 3229 918 baptismum
3260 848 3412 904 ﬁctus
3444 862 3532 903 ac-

1959 943 2140 1009 cessit,
2169 940 2388 995 dimissa
2414 947 2538 995 sunt
2557 941 2603 994 ei
2636 947 2871 1007 peccata,
2898 954 2963 992 an
2992 954 3099 993 non
3129 948 3255 994 sunt
3274 938 3529 993 dimissa?

1960 1033 2158 1103 eligant
2202 1028 2346 1101 quod
2392 1028 2595 1095 volunt,
2653 1028 2963 1083 utrumlibet
3006 1026 3285 1097 elegerint,
3334 1024 3533 1082 sufﬁcit

1961 1125 2151 1184 nobis;
2182 1124 2226 1178 si
2273 1123 2493 1179 dimissa
2524 1122 2780 1187 dixerint,
2823 1120 3089 1190 quomodo
3138 1134 3266 1189 ergo
3308 1118 3534 1188 Spiriltlﬁ

1961 1226 2177 1275 Sanctus
2206 1214 2501 1283 disciplina:
2528 1212 2746 1283 effugiet
2776 1211 2980 1273 ﬁctum,
3012 1210 3056 1263 si
3088 1209 3141 1263 in
3169 1210 3269 1262 isto
3296 1209 3421 1263 ﬁcto
3446 1221 3536 1261 re-

1962 1308 2271 1371 missionem
2303 1316 2557 1375 operatus
2579 1315 2662 1361 est
2689 1302 3072 1373 peccatorum?
3098 1303 3141 1357 si
3168 1303 3401 1357 dixerint
3430 1316 3535 1355 non

1962 1412 2083 1459 esse
2111 1397 2356 1464 dimissa,
2389 1410 2575 1466 quaaro
2602 1396 2646 1450 si
2676 1405 2863 1464 postea
2898 1394 3163 1447 ﬁctionem
3197 1406 3348 1446 suam
3377 1391 3539 1447 corde

1965 1506 2230 1547 concusso
2277 1500 2332 1553 et
2369 1504 2495 1546 vero
2535 1489 2725 1544 dolore
2753 1488 3030 1552 fateretur,
3065 1486 3243 1541 denuo
3270 1486 3539 1553 baptizan-

1963 1581 2063 1637 dus
2087 1580 2451 1651 judicaretur?
2480 1577 2633 1647 Quod
2663 1578 2708 1632 si
2738 1576 3199 1633 dementissimum
3228 1583 3311 1631 est
3338 1575 3539 1639 dicere,

1966 1673 2228 1728 fateantur
2257 1686 2385 1727 vero
2413 1671 2676 1742 baptismo
2711 1668 2910 1723 Christi
2958 1666 3217 1736 baptizari
3248 1680 3407 1735 posse
3438 1666 3538 1720 bo-

286 1771 511 1835 buntur,
543 1767 668 1829 etsi
700 1767 771 1823 ita
796 1771 898 1828 est,
933 1761 1204 1830 inquiunt,
1233 1758 1539 1814 communio
1579 1765 1758 1811 nostra
1784 1764 1866 1810 eat

1972 1765 2188 1828 minem,
2219 1771 2273 1817 et
2302 1772 2479 1816 tamen
2507 1775 2600 1815 cor
2629 1758 2749 1828 ejus
2795 1760 2845 1813 in
2878 1757 3106 1821 malitia,
3136 1757 3218 1810 vel
3260 1755 3539 1825 sacrilegio

285 1862 526 1921 Ecclesia
551 1860 770 1917 Christi.
794 1857 907 1911 Non
939 1854 1081 1911 enim
1111 1863 1307 1924 prmter
1351 1851 1643 1905 Ecclesiam
1673 1847 1860 1905 dimis-

286 1958 493 2013 sionem
524 1960 863 2023 peccatorum
898 1947 1130 2017 Spiritus
1162 1953 1377 2000 sanctus
1415 1949 1667 2009 eperatur
1694 1956 1706 1989 :
1736 1945 1791 1992 et
1815 1936 1862 1990 si

286 2056 473 2101 nostra
501 2041 808 2101 communio
850 2048 933 2094 est
966 2036 1205 2095 Ecclesia
1232 2031 1451 2097 Christi,
1483 2045 1588 2085 non
1630 2039 1722 2083 est
1764 2028 1864 2083 Ec-

285 2137 445 2192 clesia
472 2132 672 2190 Christi
703 2141 881 2188 vestra
907 2126 1235 2184 communio.
1274 2122 1388 2178 Una
1421 2129 1503 2176 est
1538 2119 1680 2176 enim
1708 2130 1861 2186 qua:-

286 2242 496 2296 cunque
523 2225 610 2278 illa
634 2226 706 2279 sit
740 2222 809 2277 de
846 2234 949 2291 qua
992 2218 1193 2273 dictum
1222 2223 1303 2270 est
1328 2212 1477 2269 :Una
1505 2221 1589 2265 est
1618 2207 1863 2263 columba

289 2334 437 2385 mea,
470 2332 570 2371 una
598 2324 683 2369 est
727 2313 885 2368 matri
934 2323 1066 2365 sum.
1095 2307 1206 2363 Nec
1233 2313 1458 2375 possunt
1502 2301 1755 2358 Ecclesia:
1785 2306 1864 2353 tot

290 2423 438 2475 esse,
467 2416 599 2477 quot
645 2403 957 2459 schismata.
1007 2398 1066 2455 Si
1110 2406 1286 2450 autem
1317 2394 1626 2457 dixerimus,
1657 2403 1762 2444 non
1790 2386 1863 2442 ibi

286 2501 483 2557 dimitti
526 2504 743 2566 peccata
774 2512 787 2546 :
818 2494 980 2563 Ergo,
1024 2489 1299 2559 inquiunt,
1328 2501 1435 2541 non
1462 2493 1540 2538 est
1576 2482 1684 2537 illic
1708 2493 1864 2535 verus

286 2593 609 2662 baptismus,
645 2598 700 2641 et
743 2593 1025 2655 propterea
1053 2594 1188 2651 quos
1223 2592 1254 2632 a
1282 2577 1439 2632 nobis
1471 2572 1741 2642 suscipitis
1768 2584 1865 2627 vos

287 2659 559 2751 baptizare
585 2676 830 2733 debetis:
861 2670 1001 2743 quod
1029 2670 1153 2740 quia
1181 2682 1284 2721 non
1319 2664 1510 2729 facitis,
1541 2663 1593 2717 in
1625 2659 1864 2715 Ecclesia

288 2772 491 2828 Christi
518 2784 613 2823 vos
644 2782 749 2821 non
778 2779 900 2820 esse
922 2760 1181 2816 fatemini.
1211 2757 1305 2813 llis
1327 2756 1401 2811 ita
1430 2753 1750 2820 resistimus,
1779 2763 1865 2804 se-

289 2864 526 2919 cundum
557 2859 851 2927 scripturas
878 2869 971 2910 eos
1008 2853 1419 2920 interrogantes,
1453 2854 1508 2901 ut
1537 2843 1679 2915 quod
1709 2856 1738 2896 a
1770 2854 1865 2894 uo-

289 2956 367 3011 bis
401 2964 648 3025 quaerunt
693 2950 795 3005 sibi
826 2949 925 3018 ipsi
974 2945 1353 3017 respondeant.
1399 2940 1591 3006 Qumro
1635 2934 1777 2990 enim
1809 2940 1867 2987 ut

290 3050 471 3105 dicant
510 3056 685 3100 utrum
736 3042 1072 3097 dimittantur
1118 3047 1333 3106 peccata
1364 3032 1452 3088 ubi
1482 3032 1714 3085 eharitas
1760 3041 1865 3080 non

1966 1868 2349 1923 perseverans,
2402 1862 2744 1921 peccatorum
2806 1849 3154 1904 abolitionem
3204 1861 3309 1902 non
3357 1847 3538 1901 sinere

1965 1945 2103 2013 ﬁeri,
2136 1954 2293 2013 atque
2320 1944 2389 1997 ita
2415 1942 2732 2010 intelligant,
2765 1939 2819 1994 in
2846 1938 3311 1993 communionibus
3341 1937 3409 1992 ab
3436 1937 3540 1991 Ec-

1964 2037 2127 2092 clesia
2156 2034 2442 2104 separatis,
2474 2047 2634 2102 posse
2658 2031 2904 2086 homines
2933 2029 3189 2100 baptizari
3220 2028 3308 2083 ubi
3339 2027 3541 2084 Christi

1965 2125 2261 2196 baptismus
2304 2124 2490 2179 eadem
2538 2120 2857 2176 sacramenti
2900 2118 3263 2177 celebratione
3293 2117 3450 2173 datur
3489 2130 3543 2171 et

1964 2218 2214 2283 sumitur,
2242 2217 2329 2286 qui
2359 2222 2534 2269 tamen
2568 2222 2692 2267 tunc
2725 2211 2893 2282 prosit
2925 2208 2992 2263 ad
3024 2208 3394 2265 remissionem
3421 2220 3543 2276 pec-

1962 2318 2225 2370 catorum,
2274 2320 2396 2361 cum
2452 2303 2573 2373 quis
2627 2300 3003 2356 reconciliatus
3058 2297 3269 2364 unitati,
3324 2296 3542 2351 sacrile-

1964 2400 2052 2469 gio
2075 2395 2425 2454 dissensionis
2471 2392 2706 2457 exuitur,
2738 2405 2845 2461 quo
2873 2388 2991 2458 ejus
3020 2400 3237 2457 peccata
3281 2388 3544 2442 teneban-

1966 2499 2073 2555 tur,
2113 2496 2171 2545 et
2214 2485 2409 2543 dimitti
2452 2498 2558 2539 non
2614 2482 2949 2537 sinebantur.
2998 2479 3149 2533 Sicut
3190 2479 3331 2532 enim
3366 2480 3420 2531 in
3451 2478 3542 2531 illo

1966 2581 2058 2650 qui
2091 2580 2244 2634 ﬁctus
2287 2582 2613 2640 accesserat,
2662 2574 2720 2626 lit
2750 2580 2809 2626 ut
2854 2584 2959 2625 non
3008 2568 3187 2624 denuo
3220 2568 3539 2639 baptizetur,

1965 2672 2061 2729 sed
2091 2670 2175 2741 pia
2197 2668 2355 2743 [ipsa]
2385 2667 2719 2722 correctione
2746 2673 2801 2717 et
2838 2661 3017 2718 veraci
3047 2659 3387 2717 confessione
3409 2673 3537 2727 pur-

1965 2771 2138 2832 getur,
2165 2758 2307 2829 quod
2335 2772 2441 2812 non
2476 2762 2661 2825 posset
2707 2753 2823 2807 sine
2851 2751 3136 2822 baptismo,
3175 2749 3271 2804 sed
3303 2757 3359 2802 ut
3389 2746 3531 2817 quod

1966 2864 2089 2909 ante
2115 2852 2295 2907 datum
2319 2858 2423 2915 est,
2445 2857 2572 2902 tunc
2598 2845 2773 2899 valere
2800 2841 3017 2912 incipiat
3042 2839 3109 2895 ad
3134 2839 3388 2904 salutem,
3413 2851 3534 2893 cum

1968 2945 2057 3000 illa
2095 2943 2239 2998 ﬁctio
2286 2940 2462 2997 veraci
2505 2937 2848 2993 confessione
2894 2931 3202 2989 recesserit.
3248 2930 3338 2986 Sic
3380 2930 3543 2985 etiam

1966 3038 2089 3102 iste,
2120 3035 2209 3106 qui
2238 3033 2501 3101 baptisma
2530 3029 2756 3092 Christi,
2789 3026 2931 3097 quod
2963 3041 3071 3080 non
3102 3024 3420 3087 amiserunt,
3450 3022 3544 3092 qui

291 3139 409 3194 ei”
433 3143 645 3205 ρθωθιδ
672 3132 814 3186 enim
845 3130 1077 3184 ιειιθδτω
1097 3130 1395 3181 animarum
1425 3130 1551 3176 ευιη
1578 3135 1594 3175 ἒ
1617 3117 1861 3175 ﬁndimus
1889 3133 1935 3197 α
1967 3143 2027 3185 se
2079 3132 2478 3196 separaverunt,
2514 3121 2761 3175 inimicus
2810 3116 3089 3172 charitatis
3131 3124 3186 3169 et
3212 3114 3359 3184 pacis
3392 3112 3545 3167 Chri-

291 3232 488 3301 quippe
511 3227 773 3281 Joannem
808 3223 1112 3276 dicentem:
1139 3218 1240 3286 Qui
1281 3216 1396 3270 odit
1433 3213 1653 3267 fratrem
1684 3224 1859 3275 suum,

292 3324 343 3377 in
372 3321 614 3377 tenebris
644 3328 726 3373 est
752 3330 918 3385 usque
944 3313 1160 3367 adhuc:
1190 3308 1320 3363 nulli
1360 3314 1538 3360 autem
1580 3303 1864 3358 schismata

293 3415 557 3478 facerent,
586 3413 631 3465 si
663 3410 899 3465 fraterno
930 3405 1057 3460 odio
1088 3418 1193 3457 non
1220 3405 1639 3457 exctecarentur.
1658 3395 1714 3451 Si
1739 3408 1867 3463 ergo

294 3506 524 3561 dicimus
552 3518 655 3558 non
692 3502 759 3555 ibi
790 3499 987 3553 ditmtti
1013 3504 1247 3565 peccata,
1276 3489 1543 3562 quomodo
1574 3486 1870 3543 renascitur

294 3598 381 3667 qui
413 3594 557 3663 apud
585 3608 680 3649 eos
717 3588 1050 3659 baptizatur?
1082 3586 1209 3655 quid
1238 3591 1322 3639 est
1369 3582 1510 3636 enim
1537 3578 1743 3635 renasci
1777 3592 1871 3646 per

295 3686 646 3757 baptismum,
672 3682 776 3736 nisi
806 3697 833 3734 a
863 3689 1127 3734 vetustate
1152 3673 1444 3732 renovari?
1473 3671 1751 3742 Quomodo
1776 3684 1871 3723 au-

297 3790 401 3835 tem
450 3785 745 3831 renovatur
794 3789 823 3826 a
857 3778 1139 3832 vetustate,
1198 3765 1285 3820 cui
1336 3773 1549 3833 peccata
1601 3759 1871 3830 praeterita

297 3888 399 3926 non
429 3866 798 3924 dimittuntur?
824 3862 976 3931 Quod
1005 3862 1048 3915 si
1076 3870 1295 3915 renatus
1322 3872 1428 3911 non
1457 3863 1559 3917 est,
1598 3868 1695 3907 nec
1718 3849 1875 3905 Chri-

295 3974 438 4018 stum
470 3960 661 4021 induit,
693 3972 756 4013 ex
787 3970 893 4025 quo
920 3953 1198 4009 conﬁcitur
1243 3959 1299 4003 ut
1320 3950 1496 4003 denuo
1528 3943 1875 4014 baptizandus

298 4056 575 4119 rideatur,
609 4052 730 4121 quia
761 4050 893 4104 dicit
945 4046 1229 4116 Apostolus
1267 4061 1279 4095 :
1315 4042 1584 4109 Quotquot
1629 4036 1771 4091 enim
1821 4034 1875 4088 in

296 4146 518 4213 Christo
564 4142 817 4212 baptizati
863 4139 1015 4203 estis,
1072 4136 1346 4192 Christum
1386 4128 1666 4198 induistis;
1716 4140 1875 4196 quem

296 4240 385 4295 ille
414 4239 460 4292 si
508 4252 615 4292 non
652 4234 845 4298 induit,
896 4246 995 4285 nec
1023 4230 1075 4283 in
1106 4227 1319 4283 Christo
1348 4224 1646 4293 baptizatus
1675 4219 1877 4273 baben-

296 4330 397 4384 dus
424 4338 530 4383 est.
562 4327 735 4381 Porro
762 4324 886 4393 quia
919 4323 971 4375 in
1012 4320 1227 4375 Christo
1254 4317 1485 4371 dicimus
1532 4313 1875 4381 baptizatum,

301 4426 533 4477 fatemur
580 4436 702 4475 eum
730 4420 1002 4475 Chri-lum
1055 4414 1317 4475 induisse,
1364 4410 1465 4465 etsi
1496 4413 1596 4464 hoc
1628 4408 1873 4469 fatemur,

1971 3220 2038 3275 sti
2064 3236 2077 3283 ;
2107 3218 2159 3272 in
2186 3216 2360 3284 aliqua
2391 3213 2583 3268 haeresi
2624 3218 2717 3265 aut
2743 3208 3030 3264 schismate
3068 3204 3295 3274 accepit,
3325 3219 3433 3272 quo
3460 3217 3546 3257 sa-

1969 3311 2168 3379 crilego
2193 3308 2398 3365 scelere
2428 3311 2645 3373 peccata
2683 3302 2802 3370 ejus
2831 3313 2936 3358 non
2968 3297 3394 3362 dimittebantur,
3423 3308 3543 3349 cum

1971 3418 2030 3456 se
2058 3399 2374 3463 correxerit,
2418 3402 2474 3449 et
2508 3394 2576 3449 ad
2611 3391 2865 3447 Ecclesia:
2910 3389 3226 3444 societatem
3256 3385 3547 3440 unitatem-

1971 3507 2076 3563 que
2103 3489 2325 3552 venerit,
2364 3501 2470 3540 non
2499 3486 2693 3539 iterum
2725 3478 3074 3551 baptizandus
3104 3489 3186 3532 est
3215 3478 3336 3547 quia
3367 3478 3481 3546 ipsa
3501 3478 3549 3531 ei

1975 3578 2409 3637 reconciliatione
2432 3590 2493 3630 ac
2519 3588 2651 3646 pace
2673 3580 2979 3643 praestatur,
3004 3577 3060 3621 ut
3085 3567 3152 3621 ad
3183 3566 3552 3621 remissionem

1974 3684 2313 3746 peccatorum
2342 3670 2458 3741 ejus
2491 3670 2542 3722 in
2576 3668 2781 3722 unitate
2804 3664 2915 3734 jam
2947 3661 3207 3733 prodesse
3237 3660 3456 3727 incipiat
3476 3673 3551 3714 sa

1974 3775 2329 3830 cramentum,
2362 3761 2503 3831 quod
2544 3769 2822 3828 acceptum
2872 3757 2925 3809 in
2974 3754 3262 3809 schismate
3292 3752 3550 3821 prodesse

1977 3874 2082 3912 non
2116 3864 2341 3925 poterat.
2372 3853 2429 3909 Si
2461 3861 2640 3905 autem
2667 3848 2900 3902 dixerint
2931 3847 2983 3900 in
3015 3846 3108 3899 illo
3137 3846 3229 3914 qui
3278 3844 3433 3898 ﬁctus
3462 3858 3552 3897 ac-

1976 3949 2161 4014 cessit,
2207 3961 2303 4017 per
2352 3952 2598 4001 sanctum
2652 3941 2758 3994 vim
2808 3940 2938 3991 tanti
2987 3935 3304 3990 sacramenti
3334 3934 3550 3989 dimissa

1978 4042 2191 4112 quidem
2222 4038 2299 4092 illi
2344 4051 2466 4091 esse
2496 4042 2734 4104 peccata,
2783 4030 2836 4084 in
2870 4030 2987 4099 ipso
3038 4028 3292 4098 temporis
3328 4035 3549 4095 puncto,

1980 4135 2072 4191 sed
2107 4130 2487 4202 perfectionem
2520 4127 2688 4197 ipsius
2718 4123 2941 4189 redisse,
2967 4120 3222 4176 continuo
3248 4128 3303 4173 ut
3326 4116 3553 4186 Spiritus

1982 4235 2200 4283 sanctus
2225 4234 2278 4278 et
2306 4219 2537 4277 adfuerit
2568 4217 2857 4287 baptizato,
2884 4223 2944 4268 ut
2976 4222 3189 4282 peccata
3220 4211 3553 4273 recederent,

1983 4329 2034 4372 et
2063 4312 2515 4384 perseverantiam
2566 4307 2795 4363 ﬁctionis
2838 4304 3054 4374 fugerit,
3100 4312 3159 4356 ut
3196 4300 3450 4356 redirent.
3487 4296 3556 4351 Ut

1984 4420 2039 4465 et
2085 4408 2210 4462 illud
2256 4419 2439 4461 verum
2492 4402 2585 4465 sit,
2628 4401 2897 4467 Quotquot
2949 4396 2999 4448 iu
3041 4392 3167 4449 Chri
3204 4400 3257 4447 to
3302 4387 3556 4460 baptizati

304 4524 678 4585 regeneratum
729 4514 958 4567 fatemur
986 4526 1001 4566 :
1031 4508 1170 4578 quod
1216 4508 1261 4560 si
1304 4507 1373 4558 ita
1416 4514 1521 4567 est,
1570 4513 1622 4556 et
1662 4509 1875 4570 peccata
1908 4499 1955 4559 Β
1985 4502 2136 4565 estis,
2187 4500 2457 4554 Christum
2501 4493 2774 4556 ittduislis;
2830 4498 2885 4544 et
2937 4488 3065 4543 illud
3101 4487 3361 4541 :Sanctus
3408 4483 3553 4539 enim

298 4606 522 4658 dimissa
548 4614 691 4658 sunt.
722 4600 1001 4669 Quomodo
1029 4614 1157 4668 ergo
1181 4597 1313 4651 dicit
1341 4596 1572 4649 Joannes
1603 4610 1614 4646 :
1640 4592 1740 4659 Qui
1763 4590 1876 4645 edit

300 4697 525 4752 fratrem
574 4710 726 4750 suum
778 4696 829 4748 in
876 4690 1112 4746 tenebris
1158 4696 1339 4742 manet
1377 4699 1544 4754 usque
1584 4683 1789 4747 adhuc,
1829 4682 1875 4736 si

296 4795 408 4863 jam
462 4793 597 4845 facta
646 4798 730 4843 est
774 4784 1017 4850 remissio
1056 4778 1426 4852 peccatorum?
1457 4780 1646 4831 Annon
1693 4783 1776 4830 est
1820 4774 1874 4830 in

298 4885 593 4939 st-hismate
620 4881 801 4935 odium
829 4874 1161 4934 fraternum?
1183 4874 1300 4942 quis
1328 4872 1429 4927 hoc
1451 4870 1647 4925 dixerit
1674 4882 1793 4923 cum
1820 4876 1875 4922 et

296 4979 453 5046 origo
497 4987 553 5031 et
599 4972 890 5042 pertinacia
937 4967 1244 5024 schismatis
1279 4965 1423 5020 nulla
1474 4964 1546 5018 sit
1594 4962 1717 5026 alia,
1769 4960 1872 5015 nisi

298 5069 482 5124 odium
508 5066 685 5120 fratris
717 5059 1094 5136 [fraternum]?
1122 5059 1265 5114 llanc
1284 5058 1356 5111 illi
1376 5057 1728 5126 quaestionem
1763 5053 1867 5107 sol-

299 5179 427 5219 vere
454 5161 555 5215 sibi
586 5160 832 5213 videntur
860 5171 978 5210 cum
1011 5156 1194 5209 dicunt
1219 5168 1234 5206 :
1260 5151 1375 5205 Non
1398 5161 1479 5204 est
1506 5163 1632 5217 ergo
1658 5148 1709 5202 in
1735 5145 1878 5201 schi-

299 5264 474 5311 smate
506 5251 753 5305 remissio
783 5259 1144 5318 peccatorum,
1176 5256 1228 5298 et
1260 5244 1381 5297 ideo
1413 5257 1511 5296 nec
1542 5241 1880 5309 regeneratio

302 5346 426 5400 novi
476 5342 729 5403 hominis,
778 5349 831 5395 et
883 5346 1164 5407 propterea
1200 5349 1296 5389 nec
1334 5333 1624 5400 baptismus
1654 5331 1878 5386 Christi.

300 5436 413 5489 Nos
443 5444 624 5489 autem
653 5434 774 5502 quia
807 5430 1035 5484 fatemur
1061 5428 1133 5483 ibi
1155 5440 1277 5482 esse
1310 5426 1627 5493 baptismum
1656 5422 1876 5487 Christi,

305 5525 445 5581 hanc
486 5527 566 5579 eis
605 5524 957 5592 qutestionetn
1006 5518 1317 5576 solvendam
1368 5516 1739 5584 proponimus,
1776 5513 1885 5567 Ma-

304 5632 404 5687 gus
434 5617 525 5672 ille
568 5616 778 5677 Simon,
809 5623 986 5667 utrum
1040 5627 1166 5667 vero
1193 5609 1387 5665 Christi
1432 5606 1750 5677 baptismate
1780 5604 1884 5658 tin-

309 5720 429 5767 ctus
468 5711 557 5767 sit.
597 5705 1032 5775 Respondebunt,
1085 5705 1179 5769 Ita,
1212 5704 1333 5773 quia
1377 5710 1574 5758 sancta:
1595 5699 1886 5769 Scriptura:

631 5824 901 5885 Parnon.
954 5818 1141 5879 LXII.

1982 4591 2210 4661 Spiritus
2241 4588 2539 4657 disciplina:
2566 4583 2783 4653 effugiet
2816 4582 2993 4635 ﬁctutn
3021 4597 3033 4632 :
3059 4579 3109 4633 id
3140 4588 3241 4640 est,
3290 4584 3349 4629 ut
3388 4584 3442 4628 et
3467 4576 3554 4631 iu-

1984 4688 2110 4737 duat
2139 4698 2260 4735 eum
2290 4680 2502 4733 Christo
2548 4676 2804 4730 sanctitas
2844 4671 3111 4739 baptismi,
3146 4679 3199 4723 et
3240 4675 3405 4722 exuat
3431 4682 3553 4722 eum

1980 4774 2194 4829 Christo
2238 4771 2504 4841 pernicies
2546 4765 2795 4829 ﬁctionis,
2853 4764 2989 4817 sicut
3039 4761 3096 4814 ﬁt
3144 4774 3266 4814 cum
3324 4760 3553 4827 quisque

1988 4870 2088 4941 16
2111 4885 2137 4921 a
2166 4866 2400 4922 tenebris
2447 4879 2540 4932 per
2569 4862 2739 4915 lucem
2769 4857 2961 4911 transit
2986 4855 3051 4908 ad
3088 4854 3338 4907 tenebras
3368 4869 3380 4905 :
3410 4851 3550 4904 oculi

1982 4940 2196 5030 quidem
2228 4958 2343 5025 ejus
2396 4955 2448 5008 in
2501 4951 2750 5007 tenebras
2804 4954 3064 5015 perpetuo
3093 4943 3414 5011 diriguntur.
3469 4940 3562 4993 sed

1983 5067 2086 5106 non
2120 5057 2293 5117 potest
2329 5059 2450 5100 eum
2500 5042 2612 5104 lux,
2667 5038 2767 5092 nisi
2798 5033 3118 5105 perfundere
3161 5039 3549 5086 transeuntem.

1983 5147 2037 5198 Si
2061 5158 2186 5210 ergo
2207 5139 2438 5195 dixerint
2460 5138 2557 5189 hoc
2580 5133 2701 5205 [Qui
2725 5146 2851 5201 ergo
2874 5129 2973 5182 hoc
2990 5124 3388 5195 dixerint],'boc
3403 5121 3562 5175 etiam

1985 5236 2036 5287 in
2068 5233 2146 5285 eis
2174 5228 2468 5295 intelligant
2502 5222 2641 5285 ﬁeri,
2688 5220 2779 5287 qui
2828 5225 2977 5271 extra
3025 5213 3278 5267 Ecclesiae
3319 5223 3562 5263 commu-

1987 5328 2225 5385 nionem,
2254 5319 2349 5373 sed
2373 5327 2548 5372 tamen
2570 5315 2886 5383 baptismate
2915 5308 3170 5363 Ecclesite
3193 5303 3561 5370 baptizantur;

1988 5416 2127 5487 quod
2159 5414 2477 5480 ubicumque
2506 5408 2686 5468 fuerit.
2712 5415 2952 5459 sanctum
2985 5409 3066 5453 est
3101 5412 3193 5465 per
3214 5394 3472 5461 seipsum,
3503 5400 3561 5446 et

1990 5511 2107 5565 ideo
2140 5523 2242 5562 non
2271 5515 2560 5558 esteorum
2584 5500 2675 5569 qui
2698 5513 2757 5553 se
2784 5500 3048 5563 separant,
3080 5478 3173 5544 Sed
3203 5486 3319 5555 ejus
3343 5484 3482 5541 unde
3506 5499 3563 5539 so

1990 5608 2261 5669 separant.
2294 5596 2445 5651 Valet
2472 5604 2648 5649 tamen
2677 5599 2730 5645 et
2757 5584 2894 5655 apud
2925 5597 3015 5638 eos
3058 5580 3334 5641 hactenus,
3377 5583 3434 5629 ut
3471 5588 3563 5643 per

1995 5666 2109 5767 ejus
2142 5696 2312 5749 lucem
2349 5694 2620 5745 transeant
2665 5681 2729 5736 ad
2771 5674 3123 5734 dissensionis
3150 5684 3262 5727 sua:
3291 5666 3564 5737 tenebras,

3011 5787 3090 5849 28
