  <div class='ocr_page' id='page_1' title='image "/cluster/home/n/w/nwhite01/storage/ocr_20150623/62/hvd.32044054758693/443.png"; bbox 0 0 3986 6190; ppageno 0'>
   <div class='ocr_carea' id='block_1_1' title="bbox 509 326 611 379">
    <p class='ocr_par' dir='ltr' id='par_1_1' title="bbox 509 326 611 379">
     <span class='ocr_line' id='line_1_1' title="bbox 509 326 611 379; baseline -0.02 0"><span class='ocrx_word' id='word_1_1' title='bbox 509 326 611 379; x_wconf 82' lang='lat'><strong>875</strong></span> 
     </span>
    </p>
   </div>
   <div class='ocr_carea' id='block_1_2' title="bbox 1573 312 2673 373">
    <p class='ocr_par' dir='ltr' id='par_1_2' title="bbox 1573 312 2673 373">
     <span class='ocr_line' id='line_1_2' title="bbox 1573 312 2673 373; baseline -0.002 0"><span class='ocrx_word' id='word_1_2' title='bbox 1573 320 1632 373; x_wconf 92' lang='lat' dir='ltr'><strong>D.</strong></span> <span class='ocrx_word' id='word_1_3' title='bbox 1678 314 1987 373; x_wconf 78' lang='lat' dir='ltr'><strong>EUGYPPII</strong></span> <span class='ocrx_word' id='word_1_4' title='bbox 2030 312 2317 369; x_wconf 77' lang='lat' dir='ltr'><strong>ABBATIS</strong></span> <span class='ocrx_word' id='word_1_5' title='bbox 2356 313 2673 371; x_wconf 70' lang='lat' dir='ltr'><strong>AFRICANI</strong></span> 
     </span>
    </p>
   </div>
   <div class='ocr_carea' id='block_1_3' title="bbox 3654 320 3751 375">
    <p class='ocr_par' dir='ltr' id='par_1_3' title="bbox 3654 320 3751 375">
     <span class='ocr_line' id='line_1_3' title="bbox 3654 320 3751 375; baseline 0.041 -5"><span class='ocrx_word' id='word_1_6' title='bbox 3654 320 3751 375; x_wconf 60' lang='grc' dir='ltr'><strong>ὅτε</strong></span> 
     </span>
    </p>
   </div>
   <div class='ocr_carea' id='block_1_4' title="bbox 507 426 3755 502">
    <p class='ocr_par' dir='ltr' id='par_1_4' title="bbox 507 426 3755 502">
     <span class='ocr_line' id='line_1_4' title="bbox 507 426 3755 502; baseline -0.003 -11"><span class='ocrx_word' id='word_1_7' title='bbox 507 436 759 491; x_wconf 88' lang='lat' dir='ltr'><strong>continuo</strong></span> <span class='ocrx_word' id='word_1_8' title='bbox 786 434 1132 490; x_wconf 76' lang='lat' dir='ltr'><strong>redeuntibus</strong></span> <span class='ocrx_word' id='word_1_9' title='bbox 1163 433 1416 502; x_wconf 87' lang='lat' dir='ltr'><strong>peccatis,</strong></span> <span class='ocrx_word' id='word_1_10' title='bbox 1450 445 1567 500; x_wconf 80' lang='lat' dir='ltr'><strong>quae</strong></span> <span class='ocrx_word' id='word_1_11' title='bbox 1599 427 1933 497; x_wconf 81' lang='lat' dir='ltr'><strong>baptismatis</strong></span> <span class='ocrx_word' id='word_1_12' title='bbox 1959 442 2079 479; x_wconf 84' lang='lat' dir='ltr'><strong>san-</strong></span> <span class='ocrx_word' id='word_1_13' title='bbox 2112 429 2156 486; x_wconf 78' lang='grc' dir='ltr'>Α</span> <span class='ocrx_word' id='word_1_14' title='bbox 2188 439 2360 479; x_wconf 91' lang='lat' dir='ltr'><strong>smum</strong></span> <span class='ocrx_word' id='word_1_15' title='bbox 2390 442 2549 496; x_wconf 83' lang='lat' dir='ltr'><strong>quem</strong></span> <span class='ocrx_word' id='word_1_16' title='bbox 2580 437 2721 482; x_wconf 87' lang='lat' dir='ltr'><strong>tanta</strong></span> <span class='ocrx_word' id='word_1_17' title='bbox 2764 427 3104 484; x_wconf 78' lang='lat' dir='ltr'><strong>festinatione</strong></span> <span class='ocrx_word' id='word_1_18' title='bbox 3142 426 3358 495; x_wconf 89' lang='lat' dir='ltr'><strong>accipit,</strong></span> <span class='ocrx_word' id='word_1_19' title='bbox 3405 436 3461 481; x_wconf 89' lang='lat' dir='ltr'><strong>ut</strong></span> <span class='ocrx_word' id='word_1_20' title='bbox 3507 444 3755 485; x_wconf 71' lang='lat' dir='ltr'><strong>accessa-</strong></span> 
     </span>
    </p>
   </div>
   <div class='ocr_carea' id='block_1_5' title="bbox 506 522 2072 594">
    <p class='ocr_par' dir='ltr' id='par_1_5' title="bbox 506 522 2072 594">
     <span class='ocr_line' id='line_1_5' title="bbox 506 522 2072 594; baseline -0.008 -11"><span class='ocrx_word' id='word_1_21' title='bbox 506 530 660 583; x_wconf 85' lang='lat' dir='ltr'><strong>etitas</strong></span> <span class='ocrx_word' id='word_1_22' title='bbox 682 529 733 584; x_wconf 91' lang='lat' dir='ltr'><strong>in</strong></span> <span class='ocrx_word' id='word_1_23' title='bbox 764 528 852 581; x_wconf 89' lang='lat' dir='ltr'><strong>illo</strong></span> <span class='ocrx_word' id='word_1_24' title='bbox 874 528 1126 594; x_wconf 86' lang='lat' dir='ltr'><strong>temporis</strong></span> <span class='ocrx_word' id='word_1_25' title='bbox 1155 534 1348 593; x_wconf 91' lang='lat' dir='ltr'><strong>puncto</strong></span> <span class='ocrx_word' id='word_1_26' title='bbox 1378 522 1679 585; x_wconf 71' lang='lat' dir='ltr'><strong>dimiserat,</strong></span> <span class='ocrx_word' id='word_1_27' title='bbox 1712 529 1963 588; x_wconf 81' lang='lat' dir='ltr'><strong>tanquam</strong></span> <span class='ocrx_word' id='word_1_28' title='bbox 1989 533 2072 571; x_wconf 86' lang='lat' dir='ltr'><strong>re-</strong></span> 
     </span>
    </p>
   </div>
   <div class='ocr_carea' id='block_1_6' title="bbox 507 611 2080 684">
    <p class='ocr_par' dir='ltr' id='par_1_6' title="bbox 507 611 2080 684">
     <span class='ocr_line' id='line_1_6' title="bbox 507 611 2080 684; baseline -0.008 -11"><span class='ocrx_word' id='word_1_29' title='bbox 507 619 704 673; x_wconf 88' lang='lat' dir='ltr'><strong>deunte</strong></span> <span class='ocrx_word' id='word_1_30' title='bbox 747 616 1092 679; x_wconf 84' lang='lat' dir='ltr'><strong>obscuritate,</strong></span> <span class='ocrx_word' id='word_1_31' title='bbox 1147 629 1304 684; x_wconf 87' lang='lat' dir='ltr'><strong>quam</strong></span> <span class='ocrx_word' id='word_1_32' title='bbox 1358 613 1447 666; x_wconf 76' lang='lat' dir='ltr'><strong>lux</strong></span> <span class='ocrx_word' id='word_1_33' title='bbox 1491 612 1542 666; x_wconf 94' lang='lat' dir='ltr'><strong>in</strong></span> <span class='ocrx_word' id='word_1_34' title='bbox 1601 611 1830 665; x_wconf 87' lang='lat' dir='ltr'><strong>transitu</strong></span> <span class='ocrx_word' id='word_1_35' title='bbox 1886 622 2080 664; x_wconf 75' lang='lat' dir='ltr'><strong>excus-</strong></span> 
     </span>
    </p>
   </div>
   <div class='ocr_carea' id='block_1_7' title="bbox 505 724 1523 831">
    <p class='ocr_par' dir='ltr' id='par_1_7' title="bbox 505 724 1523 831">
     <span class='ocr_line' id='line_1_7' title="bbox 505 724 1523 831; baseline -0.003 -1"><span class='ocrx_word' id='word_1_36' title='bbox 505 724 665 768; x_wconf 60' lang='lat' dir='ltr'><strong>sem&#39;</strong></span> <span class='ocrx_word' id='word_1_37' title='bbox 1058 776 1281 831; x_wconf 84' lang='lat' dir='ltr'><strong>CAPUT</strong></span> <span class='ocrx_word' id='word_1_38' title='bbox 1321 774 1523 830; x_wconf 87' lang='lat' dir='ltr'><strong>ccxu.</strong></span> 
     </span>
    </p>
   </div>
   <div class='ocr_carea' id='block_1_8' title="bbox 504 876 2075 943">
    <p class='ocr_par' dir='ltr' id='par_1_8' title="bbox 504 876 2075 943">
     <span class='ocr_line' id='line_1_8' title="bbox 504 876 2075 943; baseline -0.008 -6"><span class='ocrx_word' id='word_1_39' title='bbox 504 883 723 939; x_wconf 81' lang='lat' dir='ltr'><strong>Peccata</strong></span> <span class='ocrx_word' id='word_1_40' title='bbox 748 885 856 937; x_wconf 87' lang='lat' dir='ltr'><strong>sine</strong></span> <span class='ocrx_word' id='word_1_41' title='bbox 892 880 1139 933; x_wconf 83' lang='lat' dir='ltr'><strong>clmritate</strong></span> <span class='ocrx_word' id='word_1_42' title='bbox 1172 896 1274 932; x_wconf 84' lang='lat' dir='ltr'><strong>non</strong></span> <span class='ocrx_word' id='word_1_43' title='bbox 1300 877 1487 930; x_wconf 78' lang='lat' dir='ltr'><strong>dimitti</strong></span> <span class='ocrx_word' id='word_1_44' title='bbox 1509 893 1527 930; x_wconf 91' lang='lat'><em>:</em></span> <span class='ocrx_word' id='word_1_45' title='bbox 1551 876 1727 940; x_wconf 84' lang='lat' dir='ltr'><strong>probat</strong></span> <span class='ocrx_word' id='word_1_46' title='bbox 1760 890 1848 943; x_wconf 85' lang='lat' dir='ltr'><strong>per</strong></span> <span class='ocrx_word' id='word_1_47' title='bbox 1877 889 2075 927; x_wconf 77' lang='lat' dir='ltr'><strong>servum</strong></span> 
     </span>
    </p>
   </div>
   <div class='ocr_carea' id='block_1_9' title="bbox 837 946 1727 1005">
    <p class='ocr_par' dir='ltr' id='par_1_9' title="bbox 837 946 1727 1005">
     <span class='ocr_line' id='line_1_9' title="bbox 837 946 1727 1005; baseline -0.004 -2"><span class='ocrx_word' id='word_1_48' title='bbox 837 952 917 1005; x_wconf 83' lang='lat' dir='ltr'><strong>cui</strong></span> <span class='ocrx_word' id='word_1_49' title='bbox 939 951 1175 1004; x_wconf 85' lang='lat' dir='ltr'><strong>dominus</strong></span> <span class='ocrx_word' id='word_1_50' title='bbox 1198 948 1416 1001; x_wconf 76' lang='lat' dir='ltr'><strong>debitum</strong></span> <span class='ocrx_word' id='word_1_51' title='bbox 1441 946 1727 1000; x_wconf 72' lang='lat' dir='ltr'><strong>dimiserat.</strong></span> 
     </span>
    </p>
   </div>
   <div class='ocr_carea' id='block_1_10' title="bbox 572 1054 2077 1130">
    <p class='ocr_par' dir='ltr' id='par_1_10' title="bbox 572 1054 2077 1130">
     <span class='ocr_line' id='line_1_10' title="bbox 572 1054 2077 1130; baseline -0.009 -8"><span class='ocrx_word' id='word_1_52' title='bbox 572 1067 704 1122; x_wconf 86' lang='lat' dir='ltr'><strong>Nam</strong></span> <span class='ocrx_word' id='word_1_53' title='bbox 735 1066 913 1120; x_wconf 73' lang='lat' dir='ltr'><strong>redire</strong></span> <span class='ocrx_word' id='word_1_54' title='bbox 940 1062 1160 1117; x_wconf 91' lang='lat' dir='ltr'><strong>dimissa</strong></span> <span class='ocrx_word' id='word_1_55' title='bbox 1199 1068 1415 1130; x_wconf 88' lang='lat' dir='ltr'><strong>peccata</strong></span> <span class='ocrx_word' id='word_1_56' title='bbox 1457 1058 1544 1113; x_wconf 90' lang='lat' dir='ltr'><strong>ubi</strong></span> <span class='ocrx_word' id='word_1_57' title='bbox 1578 1057 1807 1112; x_wconf 78' lang='lat' dir='ltr'><strong>fraterna</strong></span> <span class='ocrx_word' id='word_1_58' title='bbox 1841 1054 2077 1109; x_wconf 89' lang='lat' dir='ltr'><strong>cbaritas</strong></span> 
     </span>
    </p>
   </div>
   <div class='ocr_carea' id='block_1_11' title="bbox 502 1146 2078 1227">
    <p class='ocr_par' dir='ltr' id='par_1_11' title="bbox 502 1146 2078 1227">
     <span class='ocr_line' id='line_1_11' title="bbox 502 1146 2078 1227; baseline -0.01 -12"><span class='ocrx_word' id='word_1_59' title='bbox 502 1175 609 1215; x_wconf 90' lang='lat' dir='ltr'><strong>non</strong></span> <span class='ocrx_word' id='word_1_60' title='bbox 641 1168 743 1221; x_wconf 88' lang='lat' dir='ltr'><strong>est,</strong></span> <span class='ocrx_word' id='word_1_61' title='bbox 765 1156 1097 1227; x_wconf 82' lang='lat' dir='ltr'><strong>apertissime</strong></span> <span class='ocrx_word' id='word_1_62' title='bbox 1126 1152 1380 1206; x_wconf 88' lang='lat' dir='ltr'><strong>Dominus</strong></span> <span class='ocrx_word' id='word_1_63' title='bbox 1402 1151 1455 1204; x_wconf 90' lang='lat' dir='ltr'><strong>in</strong></span> <span class='ocrx_word' id='word_1_64' title='bbox 1483 1148 1776 1217; x_wconf 86' lang='lat' dir='ltr'><strong>Evangelio</strong></span> <span class='ocrx_word' id='word_1_65' title='bbox 1806 1147 1985 1211; x_wconf 83' lang='lat' dir='ltr'><strong>docet,</strong></span> <span class='ocrx_word' id='word_1_66' title='bbox 2008 1146 2078 1200; x_wconf 89' lang='lat' dir='ltr'><strong>de</strong></span> 
     </span>
    </p>
   </div>
   <div class='ocr_carea' id='block_1_12' title="bbox 502 1236 2075 1315">
    <p class='ocr_par' dir='ltr' id='par_1_12' title="bbox 502 1236 2075 1315">
     <span class='ocr_line' id='line_1_12' title="bbox 502 1236 2075 1315; baseline -0.011 -10"><span class='ocrx_word' id='word_1_67' title='bbox 502 1251 598 1306; x_wconf 89' lang='lat' dir='ltr'><strong>illo</strong></span> <span class='ocrx_word' id='word_1_68' title='bbox 641 1263 817 1312; x_wconf 91' lang='lat' dir='ltr'><strong>servo,</strong></span> <span class='ocrx_word' id='word_1_69' title='bbox 865 1260 1021 1315; x_wconf 86' lang='lat' dir='ltr'><strong>quem</strong></span> <span class='ocrx_word' id='word_1_70' title='bbox 1050 1258 1170 1297; x_wconf 92' lang='lat' dir='ltr'><strong>cum</strong></span> <span class='ocrx_word' id='word_1_71' title='bbox 1220 1240 1514 1295; x_wconf 85' lang='lat' dir='ltr'><strong>invenisset</strong></span> <span class='ocrx_word' id='word_1_72' title='bbox 1557 1237 1854 1292; x_wconf 83' lang='lat' dir='ltr'><strong>debitorem</strong></span> <span class='ocrx_word' id='word_1_73' title='bbox 1888 1236 2075 1291; x_wconf 59' lang='lat' dir='ltr'><strong>decem</strong></span> 
     </span>
    </p>
   </div>
   <div class='ocr_carea' id='block_1_13' title="bbox 503 1327 2078 1402">
    <p class='ocr_par' dir='ltr' id='par_1_13' title="bbox 503 1327 2078 1402">
     <span class='ocr_line' id='line_1_13' title="bbox 503 1327 2078 1402; baseline -0.01 -6"><span class='ocrx_word' id='word_1_74' title='bbox 503 1342 726 1396; x_wconf 89' lang='lat' dir='ltr'><strong>millium</strong></span> <span class='ocrx_word' id='word_1_75' title='bbox 760 1339 1101 1400; x_wconf 84' lang='lat' dir='ltr'><strong>talentorum,</strong></span> <span class='ocrx_word' id='word_1_76' title='bbox 1135 1332 1447 1402; x_wconf 82' lang='lat' dir='ltr'><strong>deprecanti</strong></span> <span class='ocrx_word' id='word_1_77' title='bbox 1495 1330 1672 1385; x_wconf 88' lang='lat' dir='ltr'><strong>omnia</strong></span> <span class='ocrx_word' id='word_1_78' title='bbox 1703 1328 1912 1383; x_wconf 89' lang='lat' dir='ltr'><strong>dimisit</strong></span> <span class='ocrx_word' id='word_1_79' title='bbox 1940 1346 1953 1381; x_wconf 88' lang='lat'>:</span> <span class='ocrx_word' id='word_1_80' title='bbox 1988 1327 2078 1382; x_wconf 88' lang='lat' dir='ltr'><strong>ille</strong></span> 
     </span>
    </p>
   </div>
   <div class='ocr_carea' id='block_1_14' title="bbox 501 1418 2076 1493">
    <p class='ocr_par' dir='ltr' id='par_1_14' title="bbox 501 1418 2076 1493">
     <span class='ocr_line' id='line_1_14' title="bbox 501 1418 2076 1493; baseline -0.007 -9"><span class='ocrx_word' id='word_1_81' title='bbox 501 1442 678 1485; x_wconf 88' lang='lat' dir='ltr'><strong>autem</strong></span> <span class='ocrx_word' id='word_1_82' title='bbox 713 1443 1027 1484; x_wconf 86' lang='lat' dir='ltr'><strong>conservum</strong></span> <span class='ocrx_word' id='word_1_83' title='bbox 1077 1439 1228 1479; x_wconf 91' lang='lat' dir='ltr'><strong>suum</strong></span> <span class='ocrx_word' id='word_1_84' title='bbox 1255 1424 1345 1493; x_wconf 86' lang='lat' dir='ltr'><strong>qui</strong></span> <span class='ocrx_word' id='word_1_85' title='bbox 1377 1422 1426 1477; x_wconf 85' lang='lat' dir='ltr'><strong>ei</strong></span> <span class='ocrx_word' id='word_1_86' title='bbox 1473 1422 1703 1476; x_wconf 85' lang='lat' dir='ltr'><strong>debebat</strong></span> <span class='ocrx_word' id='word_1_87' title='bbox 1732 1430 1946 1475; x_wconf 87' lang='lat' dir='ltr'><strong>centum</strong></span> <span class='ocrx_word' id='word_1_88' title='bbox 1979 1418 2076 1474; x_wconf 87' lang='lat' dir='ltr'><strong>de-</strong></span> 
     </span>
    </p>
   </div>
   <div class='ocr_carea' id='block_1_15' title="bbox 502 1511 2082 1585">
    <p class='ocr_par' dir='ltr' id='par_1_15' title="bbox 502 1511 2082 1585">
     <span class='ocr_line' id='line_1_15' title="bbox 502 1511 2082 1585; baseline -0.008 -8"><span class='ocrx_word' id='word_1_89' title='bbox 502 1523 704 1585; x_wconf 88' lang='lat' dir='ltr'><strong>narios,</strong></span> <span class='ocrx_word' id='word_1_90' title='bbox 732 1536 851 1575; x_wconf 90' lang='lat' dir='ltr'><strong>cum</strong></span> <span class='ocrx_word' id='word_1_91' title='bbox 886 1519 1169 1573; x_wconf 85' lang='lat' dir='ltr'><strong>miseratus</strong></span> <span class='ocrx_word' id='word_1_92' title='bbox 1199 1530 1301 1571; x_wconf 91' lang='lat' dir='ltr'><strong>non</strong></span> <span class='ocrx_word' id='word_1_93' title='bbox 1334 1514 1542 1578; x_wconf 82' lang='lat' dir='ltr'><strong>fuisset,</strong></span> <span class='ocrx_word' id='word_1_94' title='bbox 1570 1513 1733 1585; x_wconf 87' lang='lat' dir='ltr'><strong>jussit</strong></span> <span class='ocrx_word' id='word_1_95' title='bbox 1760 1527 1880 1568; x_wconf 89' lang='lat' dir='ltr'><strong>eum</strong></span> <span class='ocrx_word' id='word_1_96' title='bbox 1906 1511 2082 1566; x_wconf 90' lang='lat' dir='ltr'><strong>domi-</strong></span> 
     </span>
    </p>
   </div>
   <div class='ocr_carea' id='block_1_16' title="bbox 502 1606 2080 1679">
    <p class='ocr_par' dir='ltr' id='par_1_16' title="bbox 502 1606 2080 1679">
     <span class='ocr_line' id='line_1_16' title="bbox 502 1606 2080 1679; baseline -0.008 -10"><span class='ocrx_word' id='word_1_97' title='bbox 502 1631 601 1669; x_wconf 91' lang='lat' dir='ltr'><strong>nus</strong></span> <span class='ocrx_word' id='word_1_98' title='bbox 632 1613 856 1668; x_wconf 82' lang='lat' dir='ltr'><strong>reddere</strong></span> <span class='ocrx_word' id='word_1_99' title='bbox 883 1627 1002 1679; x_wconf 64' lang='lat' dir='ltr'><strong>quae</strong></span> <span class='ocrx_word' id='word_1_100' title='bbox 1030 1610 1078 1663; x_wconf 92' lang='lat' dir='ltr'><strong>ei</strong></span> <span class='ocrx_word' id='word_1_101' title='bbox 1106 1609 1403 1663; x_wconf 70' lang='lat' dir='ltr'><strong>dimiserat.</strong></span> <span class='ocrx_word' id='word_1_102' title='bbox 1438 1606 1671 1675; x_wconf 85' lang='lat' dir='ltr'><strong>Tempus</strong></span> <span class='ocrx_word' id='word_1_103' title='bbox 1701 1619 1828 1673; x_wconf 86' lang='lat' dir='ltr'><strong>ergo</strong></span> <span class='ocrx_word' id='word_1_104' title='bbox 1855 1618 1962 1674; x_wconf 89' lang='lat' dir='ltr'><strong>quo</strong></span> <span class='ocrx_word' id='word_1_105' title='bbox 1988 1618 2080 1657; x_wconf 88' lang='lat' dir='ltr'><strong>ac-</strong></span> 
     </span>
    </p>
   </div>
   <div class='ocr_carea' id='block_1_17' title="bbox 499 1700 2079 1775">
    <p class='ocr_par' dir='ltr' id='par_1_17' title="bbox 499 1700 2079 1775">
     <span class='ocr_line' id='line_1_17' title="bbox 499 1700 2079 1775; baseline -0.008 -15"><span class='ocrx_word' id='word_1_106' title='bbox 499 1708 693 1775; x_wconf 89' lang='lat' dir='ltr'><strong>cipitur</strong></span> <span class='ocrx_word' id='word_1_107' title='bbox 721 1703 1051 1774; x_wconf 85' lang='lat' dir='ltr'><strong>indulgentia</strong></span> <span class='ocrx_word' id='word_1_108' title='bbox 1083 1716 1176 1771; x_wconf 89' lang='lat' dir='ltr'><strong>per</strong></span> <span class='ocrx_word' id='word_1_109' title='bbox 1205 1700 1549 1768; x_wconf 81' lang='lat' dir='ltr'><strong>baptismum,</strong></span> <span class='ocrx_word' id='word_1_110' title='bbox 1581 1708 1832 1766; x_wconf 86' lang='lat' dir='ltr'><strong>tanquam</strong></span> <span class='ocrx_word' id='word_1_111' title='bbox 1866 1705 2079 1763; x_wconf 84' lang='lat' dir='ltr'><strong>tempus</strong></span> 
     </span>
    </p>
   </div>
   <div class='ocr_carea' id='block_1_18' title="bbox 499 1787 2155 1862">
    <p class='ocr_par' dir='ltr' id='par_1_18' title="bbox 499 1787 2155 1862">
     <span class='ocr_line' id='line_1_18' title="bbox 499 1787 2155 1862; baseline -0.01 -10"><span class='ocrx_word' id='word_1_112' title='bbox 499 1807 581 1853; x_wconf 88' lang='lat' dir='ltr'><strong>est</strong></span> <span class='ocrx_word' id='word_1_113' title='bbox 609 1796 895 1851; x_wconf 69' lang='lat' dir='ltr'><strong>reddenda:</strong></span> <span class='ocrx_word' id='word_1_114' title='bbox 925 1793 1168 1857; x_wconf 88' lang='lat' dir='ltr'><strong>rationis,</strong></span> <span class='ocrx_word' id='word_1_115' title='bbox 1203 1800 1260 1846; x_wconf 90' lang='lat' dir='ltr'><strong>ut</strong></span> <span class='ocrx_word' id='word_1_116' title='bbox 1285 1790 1461 1844; x_wconf 89' lang='lat' dir='ltr'><strong>omnia</strong></span> <span class='ocrx_word' id='word_1_117' title='bbox 1490 1788 1672 1842; x_wconf 88' lang='lat' dir='ltr'><strong>debita</strong></span> <span class='ocrx_word' id='word_1_118' title='bbox 1702 1802 1821 1857; x_wconf 66' lang='lat' dir='ltr'><strong>quae</strong></span> <span class='ocrx_word' id='word_1_119' title='bbox 1859 1787 2073 1839; x_wconf 74' lang='lat' dir='ltr'><strong>intenta</strong></span> <span class='ocrx_word' id='word_1_120' title='bbox 2109 1804 2155 1862; x_wconf 78' lang='grc' dir='ltr'>Β</span> 
     </span>
    </p>
   </div>
   <div class='ocr_carea' id='block_1_19' title="bbox 499 1878 2077 1949">
    <p class='ocr_par' dir='ltr' id='par_1_19' title="bbox 499 1878 2077 1949">
     <span class='ocr_line' id='line_1_19' title="bbox 499 1878 2077 1949; baseline -0.008 -9"><span class='ocrx_word' id='word_1_121' title='bbox 499 1888 716 1949; x_wconf 82' lang='lat' dir='ltr'><strong>fuerint,</strong></span> <span class='ocrx_word' id='word_1_122' title='bbox 763 1886 1128 1947; x_wconf 87' lang='lat' dir='ltr'><strong>dimittantur;</strong></span> <span class='ocrx_word' id='word_1_123' title='bbox 1180 1898 1288 1935; x_wconf 84' lang='lat' dir='ltr'><strong>non</strong></span> <span class='ocrx_word' id='word_1_124' title='bbox 1322 1891 1497 1934; x_wconf 90' lang='lat' dir='ltr'><strong>tamen</strong></span> <span class='ocrx_word' id='word_1_125' title='bbox 1538 1878 1632 1933; x_wconf 87' lang='lat' dir='ltr'><strong>ille</strong></span> <span class='ocrx_word' id='word_1_126' title='bbox 1673 1892 1862 1932; x_wconf 89' lang='lat' dir='ltr'><strong>servus</strong></span> <span class='ocrx_word' id='word_1_127' title='bbox 1895 1887 2077 1944; x_wconf 91' lang='lat' dir='ltr'><strong>postea</strong></span> 
     </span>
    </p>
   </div>
   <div class='ocr_carea' id='block_1_20' title="bbox 501 1969 2077 2039">
    <p class='ocr_par' dir='ltr' id='par_1_20' title="bbox 501 1969 2077 2039">
     <span class='ocr_line' id='line_1_20' title="bbox 501 1969 2077 2039; baseline -0.008 -7"><span class='ocrx_word' id='word_1_128' title='bbox 501 1979 648 2032; x_wconf 86' lang='lat' dir='ltr'><strong>dedit</strong></span> <span class='ocrx_word' id='word_1_129' title='bbox 692 1989 953 2031; x_wconf 83' lang='lat' dir='ltr'><strong>conservo</strong></span> <span class='ocrx_word' id='word_1_130' title='bbox 982 1989 1080 2027; x_wconf 92' lang='lat' dir='ltr'><strong>suo</strong></span> <span class='ocrx_word' id='word_1_131' title='bbox 1131 1981 1367 2026; x_wconf 89' lang='lat' dir='ltr'><strong>mutuam</strong></span> <span class='ocrx_word' id='word_1_132' title='bbox 1419 1969 1716 2039; x_wconf 74' lang='lat' dir='ltr'><strong>pecuniam,</strong></span> <span class='ocrx_word' id='word_1_133' title='bbox 1769 1983 1927 2035; x_wconf 90' lang='lat' dir='ltr'><strong>quam</strong></span> <span class='ocrx_word' id='word_1_134' title='bbox 1959 1982 2077 2021; x_wconf 91' lang='lat' dir='ltr'><strong>cum</strong></span> 
     </span>
    </p>
   </div>
   <div class='ocr_carea' id='block_1_21' title="bbox 500 2060 2077 2139">
    <p class='ocr_par' dir='ltr' id='par_1_21' title="bbox 500 2060 2077 2139">
     <span class='ocr_line' id='line_1_21' title="bbox 500 2060 2077 2139; baseline -0.008 -14"><span class='ocrx_word' id='word_1_135' title='bbox 500 2071 595 2125; x_wconf 89' lang='lat' dir='ltr'><strong>ille</strong></span> <span class='ocrx_word' id='word_1_136' title='bbox 615 2086 718 2124; x_wconf 92' lang='lat' dir='ltr'><strong>non</strong></span> <span class='ocrx_word' id='word_1_137' title='bbox 747 2078 925 2139; x_wconf 88' lang='lat' dir='ltr'><strong>posset</strong></span> <span class='ocrx_word' id='word_1_138' title='bbox 953 2066 1196 2131; x_wconf 87' lang='lat' dir='ltr'><strong>reddere,</strong></span> <span class='ocrx_word' id='word_1_139' title='bbox 1223 2080 1329 2120; x_wconf 91' lang='lat' dir='ltr'><strong>non</strong></span> <span class='ocrx_word' id='word_1_140' title='bbox 1351 2064 1465 2132; x_wconf 90' lang='lat' dir='ltr'><strong>ejus</strong></span> <span class='ocrx_word' id='word_1_141' title='bbox 1492 2062 1761 2126; x_wconf 89' lang='lat' dir='ltr'><strong>misertus,</strong></span> <span class='ocrx_word' id='word_1_142' title='bbox 1785 2060 1877 2115; x_wconf 91' lang='lat' dir='ltr'><strong>sed</strong></span> <span class='ocrx_word' id='word_1_143' title='bbox 1899 2062 2006 2128; x_wconf 86' lang='lat' dir='ltr'><strong>jam</strong></span> <span class='ocrx_word' id='word_1_144' title='bbox 2031 2060 2077 2113; x_wconf 91' lang='lat' dir='ltr'><strong>ei</strong></span> 
     </span>
    </p>
   </div>
   <div class='ocr_carea' id='block_1_22' title="bbox 501 2150 2079 2227">
    <p class='ocr_par' dir='ltr' id='par_1_22' title="bbox 501 2150 2079 2227">
     <span class='ocr_line' id='line_1_22' title="bbox 501 2150 2079 2227; baseline -0.009 -10"><span class='ocrx_word' id='word_1_145' title='bbox 501 2162 730 2217; x_wconf 87' lang='lat' dir='ltr'><strong>debebat</strong></span> <span class='ocrx_word' id='word_1_146' title='bbox 756 2174 1050 2216; x_wconf 87' lang='lat' dir='ltr'><strong>conservus</strong></span> <span class='ocrx_word' id='word_1_147' title='bbox 1077 2157 1215 2227; x_wconf 88' lang='lat' dir='ltr'><strong>ejus,</strong></span> <span class='ocrx_word' id='word_1_148' title='bbox 1262 2170 1382 2210; x_wconf 89' lang='lat' dir='ltr'><strong>cum</strong></span> <span class='ocrx_word' id='word_1_149' title='bbox 1413 2154 1529 2223; x_wconf 89' lang='lat' dir='ltr'><strong>ipse</strong></span> <span class='ocrx_word' id='word_1_150' title='bbox 1568 2153 1831 2207; x_wconf 69' lang='lat' dir='ltr'><strong>rationem</strong></span> <span class='ocrx_word' id='word_1_151' title='bbox 1863 2150 2079 2204; x_wconf 88' lang='lat' dir='ltr'><strong>domino</strong></span> 
     </span>
    </p>
   </div>
   <div class='ocr_carea' id='block_1_23' title="bbox 501 2243 2081 2321">
    <p class='ocr_par' dir='ltr' id='par_1_23' title="bbox 501 2243 2081 2321">
     <span class='ocr_line' id='line_1_23' title="bbox 501 2243 2081 2321; baseline -0.01 -10"><span class='ocrx_word' id='word_1_152' title='bbox 501 2274 601 2311; x_wconf 89' lang='lat' dir='ltr'><strong>suo</strong></span> <span class='ocrx_word' id='word_1_153' title='bbox 630 2255 881 2321; x_wconf 85' lang='lat' dir='ltr'><strong>reddens,</strong></span> <span class='ocrx_word' id='word_1_154' title='bbox 916 2252 1046 2307; x_wconf 90' lang='lat' dir='ltr'><strong>tanti</strong></span> <span class='ocrx_word' id='word_1_155' title='bbox 1080 2249 1285 2306; x_wconf 87' lang='lat' dir='ltr'><strong>numeri</strong></span> <span class='ocrx_word' id='word_1_156' title='bbox 1312 2249 1493 2304; x_wconf 88' lang='lat' dir='ltr'><strong>debito</strong></span> <span class='ocrx_word' id='word_1_157' title='bbox 1522 2247 1838 2301; x_wconf 87' lang='lat' dir='ltr'><strong>solveretur.</strong></span> <span class='ocrx_word' id='word_1_158' title='bbox 1870 2243 1978 2299; x_wconf 83' lang='lat' dir='ltr'><strong>Nec</strong></span> <span class='ocrx_word' id='word_1_159' title='bbox 2001 2243 2081 2296; x_wconf 85' lang='lat' dir='ltr'><strong>di-</strong></span> 
     </span>
    </p>
   </div>
   <div class='ocr_carea' id='block_1_24' title="bbox 504 2337 2083 2411">
    <p class='ocr_par' dir='ltr' id='par_1_24' title="bbox 504 2337 2083 2411">
     <span class='ocr_line' id='line_1_24' title="bbox 504 2337 2083 2411; baseline -0.009 -8"><span class='ocrx_word' id='word_1_160' title='bbox 504 2352 721 2403; x_wconf 86' lang='lat' dir='ltr'><strong>miserat</strong></span> <span class='ocrx_word' id='word_1_161' title='bbox 751 2360 1017 2401; x_wconf 87' lang='lat' dir='ltr'><strong>conservo</strong></span> <span class='ocrx_word' id='word_1_162' title='bbox 1043 2358 1140 2397; x_wconf 85' lang='lat' dir='ltr'><strong>suo</strong></span> <span class='ocrx_word' id='word_1_163' title='bbox 1167 2341 1308 2411; x_wconf 90' lang='lat' dir='ltr'><strong>quod</strong></span> <span class='ocrx_word' id='word_1_164' title='bbox 1334 2344 1380 2395; x_wconf 86' lang='lat' dir='ltr'><strong>ei</strong></span> <span class='ocrx_word' id='word_1_165' title='bbox 1414 2339 1666 2402; x_wconf 88' lang='lat' dir='ltr'><strong>debebat,</strong></span> <span class='ocrx_word' id='word_1_166' title='bbox 1696 2345 1751 2391; x_wconf 92' lang='lat' dir='ltr'><strong>et</strong></span> <span class='ocrx_word' id='word_1_167' title='bbox 1777 2337 1855 2391; x_wconf 91' lang='lat' dir='ltr'><strong>sic</strong></span> <span class='ocrx_word' id='word_1_168' title='bbox 1896 2348 2083 2409; x_wconf 37' lang='lat' dir='ltr'><strong>access</strong></span> 
     </span>
    </p>
   </div>
   <div class='ocr_carea' id='block_1_25' title="bbox 500 2425 2079 2504">
    <p class='ocr_par' dir='ltr' id='par_1_25' title="bbox 500 2425 2079 2504">
     <span class='ocr_line' id='line_1_25' title="bbox 500 2425 2079 2504; baseline -0.009 -10"><span class='ocrx_word' id='word_1_169' title='bbox 500 2448 663 2504; x_wconf 82' lang='lat' dir='ltr'><strong>serat,</strong></span> <span class='ocrx_word' id='word_1_170' title='bbox 697 2446 755 2490; x_wconf 89' lang='lat' dir='ltr'><strong>ut</strong></span> <span class='ocrx_word' id='word_1_171' title='bbox 786 2438 833 2490; x_wconf 90' lang='lat' dir='ltr'><strong>ei</strong></span> <span class='ocrx_word' id='word_1_172' title='bbox 864 2436 1156 2489; x_wconf 84' lang='lat' dir='ltr'><strong>dimitteret</strong></span> <span class='ocrx_word' id='word_1_173' title='bbox 1184 2432 1451 2486; x_wconf 88' lang='lat' dir='ltr'><strong>dominus.</strong></span> <span class='ocrx_word' id='word_1_174' title='bbox 1487 2430 1596 2483; x_wconf 88' lang='lat' dir='ltr'><strong>lloc</strong></span> <span class='ocrx_word' id='word_1_175' title='bbox 1638 2428 1872 2483; x_wconf 87' lang='lat' dir='ltr'><strong>indicant</strong></span> <span class='ocrx_word' id='word_1_176' title='bbox 1916 2425 2079 2479; x_wconf 87' lang='lat' dir='ltr'><strong>verba</strong></span> 
     </span>
    </p>
   </div>
   <div class='ocr_carea' id='block_1_26' title="bbox 502 2517 2075 2584">
    <p class='ocr_par' dir='ltr' id='par_1_26' title="bbox 502 2517 2075 2584">
     <span class='ocr_line' id='line_1_26' title="bbox 502 2517 2075 2584; baseline -0.01 0"><span class='ocrx_word' id='word_1_177' title='bbox 502 2528 746 2584; x_wconf 80' lang='lat' dir='ltr'><strong>conservi</strong></span> <span class='ocrx_word' id='word_1_178' title='bbox 793 2526 1058 2581; x_wconf 64' lang='lat' dir='ltr'><strong>dicentis:</strong></span> <span class='ocrx_word' id='word_1_179' title='bbox 1096 2524 1413 2577; x_wconf 83' lang='lat' dir='ltr'><strong>Patientiam</strong></span> <span class='ocrx_word' id='word_1_180' title='bbox 1446 2522 1580 2574; x_wconf 88' lang='lat' dir='ltr'><strong>habe</strong></span> <span class='ocrx_word' id='word_1_181' title='bbox 1628 2520 1681 2573; x_wconf 93' lang='lat' dir='ltr'><strong>in</strong></span> <span class='ocrx_word' id='word_1_182' title='bbox 1714 2524 1837 2577; x_wconf 81' lang='lat' dir='ltr'><strong>me.’</strong></span> <span class='ocrx_word' id='word_1_183' title='bbox 1864 2526 1917 2571; x_wconf 92' lang='lat' dir='ltr'><strong>et</strong></span> <span class='ocrx_word' id='word_1_184' title='bbox 1954 2517 2075 2570; x_wconf 89' lang='lat' dir='ltr'><strong>red-</strong></span> 
     </span>
    </p>
   </div>
   <div class='ocr_carea' id='block_1_27' title="bbox 501 2612 2076 2689">
    <p class='ocr_par' dir='ltr' id='par_1_27' title="bbox 501 2612 2076 2689">
     <span class='ocr_line' id='line_1_27' title="bbox 501 2612 2076 2689; baseline -0.011 -11"><span class='ocrx_word' id='word_1_185' title='bbox 501 2624 623 2678; x_wconf 87' lang='lat' dir='ltr'><strong>dam</strong></span> <span class='ocrx_word' id='word_1_186' title='bbox 661 2620 786 2686; x_wconf 86' lang='lat' dir='ltr'><strong>tibi;</strong></span> <span class='ocrx_word' id='word_1_187' title='bbox 816 2621 1049 2689; x_wconf 89' lang='lat' dir='ltr'><strong>alioquin</strong></span> <span class='ocrx_word' id='word_1_188' title='bbox 1076 2617 1302 2685; x_wconf 90' lang='lat' dir='ltr'><strong>diceret,</strong></span> <span class='ocrx_word' id='word_1_189' title='bbox 1333 2617 1441 2681; x_wconf 91' lang='lat' dir='ltr'><strong>jam</strong></span> <span class='ocrx_word' id='word_1_190' title='bbox 1474 2614 1602 2667; x_wconf 78' lang='lat' dir='ltr'><strong>milii</strong></span> <span class='ocrx_word' id='word_1_191' title='bbox 1632 2615 1732 2666; x_wconf 91' lang='lat' dir='ltr'><strong>hoc</strong></span> <span class='ocrx_word' id='word_1_192' title='bbox 1774 2612 2076 2674; x_wconf 81' lang='lat' dir='ltr'><strong>dimiseras,</strong></span> 
     </span>
    </p>
   </div>
   <div class='ocr_carea' id='block_1_28' title="bbox 498 2702 2079 2780">
    <p class='ocr_par' dir='ltr' id='par_1_28' title="bbox 498 2702 2079 2780">
     <span class='ocr_line' id='line_1_28' title="bbox 498 2702 2079 2780; baseline -0.01 -11"><span class='ocrx_word' id='word_1_193' title='bbox 498 2730 591 2769; x_wconf 89' lang='lat' dir='ltr'><strong>cur</strong></span> <span class='ocrx_word' id='word_1_194' title='bbox 621 2713 815 2768; x_wconf 89' lang='lat' dir='ltr'><strong>iterum</strong></span> <span class='ocrx_word' id='word_1_195' title='bbox 840 2708 1080 2780; x_wconf 83' lang='lat' dir='ltr'><strong>repetis?</strong></span> <span class='ocrx_word' id='word_1_196' title='bbox 1111 2709 1222 2762; x_wconf 89' lang='lat' dir='ltr'><strong>lloc</strong></span> <span class='ocrx_word' id='word_1_197' title='bbox 1252 2717 1305 2762; x_wconf 91' lang='lat' dir='ltr'><strong>et</strong></span> <span class='ocrx_word' id='word_1_198' title='bbox 1334 2708 1500 2776; x_wconf 85' lang='lat' dir='ltr'><strong>ipsius</strong></span> <span class='ocrx_word' id='word_1_199' title='bbox 1544 2704 1753 2758; x_wconf 87' lang='lat' dir='ltr'><strong>Domini</strong></span> <span class='ocrx_word' id='word_1_200' title='bbox 1780 2702 1941 2755; x_wconf 86' lang='lat' dir='ltr'><strong>verba</strong></span> <span class='ocrx_word' id='word_1_201' title='bbox 1968 2718 2079 2754; x_wconf 85' lang='lat' dir='ltr'><strong>ma-</strong></span> 
     </span>
    </p>
   </div>
   <div class='ocr_carea' id='block_1_29' title="bbox 501 2799 2081 2873">
    <p class='ocr_par' dir='ltr' id='par_1_29' title="bbox 501 2799 2081 2873">
     <span class='ocr_line' id='line_1_29' title="bbox 501 2799 2081 2873; baseline -0.006 -14"><span class='ocrx_word' id='word_1_202' title='bbox 501 2804 744 2860; x_wconf 79' lang='lat' dir='ltr'><strong>nifestius</strong></span> <span class='ocrx_word' id='word_1_203' title='bbox 774 2803 1048 2873; x_wconf 89' lang='lat' dir='ltr'><strong>aperiunt;</strong></span> <span class='ocrx_word' id='word_1_204' title='bbox 1079 2800 1153 2855; x_wconf 86' lang='lat' dir='ltr'><strong>ait</strong></span> <span class='ocrx_word' id='word_1_205' title='bbox 1180 2800 1322 2856; x_wconf 85' lang='lat' dir='ltr'><strong>enim</strong></span> <span class='ocrx_word' id='word_1_206' title='bbox 1352 2816 1363 2851; x_wconf 86' lang='lat'><strong>:</strong></span> <span class='ocrx_word' id='word_1_207' title='bbox 1402 2799 1661 2866; x_wconf 75' lang='lat' dir='ltr'><strong>Egressus</strong></span> <span class='ocrx_word' id='word_1_208' title='bbox 1692 2807 1866 2851; x_wconf 89' lang='lat' dir='ltr'><strong>autem</strong></span> <span class='ocrx_word' id='word_1_209' title='bbox 1897 2808 2081 2849; x_wconf 76' lang='lat' dir='ltr'><strong>servus</strong></span> 
     </span>
    </p>
   </div>
   <div class='ocr_carea' id='block_1_30' title="bbox 500 2886 2080 2962">
    <p class='ocr_par' dir='ltr' id='par_1_30' title="bbox 500 2886 2080 2962">
     <span class='ocr_line' id='line_1_30' title="bbox 500 2886 2080 2962; baseline -0.008 -11"><span class='ocrx_word' id='word_1_210' title='bbox 500 2898 609 2962; x_wconf 85' lang='lat' dir='ltr'><strong>ille,</strong></span> <span class='ocrx_word' id='word_1_211' title='bbox 642 2898 846 2952; x_wconf 76' lang='lat' dir='ltr'><strong>invenit</strong></span> <span class='ocrx_word' id='word_1_212' title='bbox 875 2911 1037 2950; x_wconf 91' lang='lat' dir='ltr'><strong>unum</strong></span> <span class='ocrx_word' id='word_1_213' title='bbox 1066 2894 1133 2949; x_wconf 89' lang='lat' dir='ltr'><strong>de</strong></span> <span class='ocrx_word' id='word_1_214' title='bbox 1170 2892 1451 2948; x_wconf 86' lang='lat' dir='ltr'><strong>conservis</strong></span> <span class='ocrx_word' id='word_1_215' title='bbox 1481 2890 1594 2944; x_wconf 89' lang='lat' dir='ltr'><strong>suis</strong></span> <span class='ocrx_word' id='word_1_216' title='bbox 1623 2890 1715 2959; x_wconf 87' lang='lat' dir='ltr'><strong>qui</strong></span> <span class='ocrx_word' id='word_1_217' title='bbox 1759 2886 1989 2943; x_wconf 87' lang='lat' dir='ltr'><strong>debebat</strong></span> <span class='ocrx_word' id='word_1_218' title='bbox 2028 2886 2080 2940; x_wconf 93' lang='lat' dir='ltr'><strong>ei</strong></span> 
     </span>
    </p>
   </div>
   <div class='ocr_carea' id='block_1_31' title="bbox 499 2982 2078 3053">
    <p class='ocr_par' dir='ltr' id='par_1_31' title="bbox 499 2982 2078 3053">
     <span class='ocr_line' id='line_1_31' title="bbox 499 2982 2078 3053; baseline -0.008 -8"><span class='ocrx_word' id='word_1_219' title='bbox 499 3001 710 3045; x_wconf 81' lang='lat' dir='ltr'><strong>centum</strong></span> <span class='ocrx_word' id='word_1_220' title='bbox 738 2990 1007 3043; x_wconf 81' lang='lat' dir='ltr'><strong>denarios.</strong></span> <span class='ocrx_word' id='word_1_221' title='bbox 1033 2989 1147 3042; x_wconf 75' lang='lat' dir='ltr'><strong>Non</strong></span> <span class='ocrx_word' id='word_1_222' title='bbox 1171 2987 1328 3051; x_wconf 85' lang='lat' dir='ltr'><strong>dixit,</strong></span> <span class='ocrx_word' id='word_1_223' title='bbox 1361 2985 1445 3039; x_wconf 89' lang='lat' dir='ltr'><strong>cui</strong></span> <span class='ocrx_word' id='word_1_224' title='bbox 1473 2983 1709 3038; x_wconf 87' lang='lat' dir='ltr'><strong>debitum</strong></span> <span class='ocrx_word' id='word_1_225' title='bbox 1729 2982 1841 3053; x_wconf 85' lang='lat' dir='ltr'><strong>jam</strong></span> <span class='ocrx_word' id='word_1_226' title='bbox 1865 2991 2078 3035; x_wconf 87' lang='lat' dir='ltr'><strong>centum</strong></span> 
     </span>
    </p>
   </div>
   <div class='ocr_carea' id='block_1_32' title="bbox 499 3068 2078 3141">
    <p class='ocr_par' dir='ltr' id='par_1_32' title="bbox 499 3068 2078 3141">
     <span class='ocr_line' id='line_1_32' title="bbox 499 3068 2078 3141; baseline -0.008 -8"><span class='ocrx_word' id='word_1_227' title='bbox 499 3080 841 3135; x_wconf 76' lang='lat' dir='ltr'><strong>denariorum</strong></span> <span class='ocrx_word' id='word_1_228' title='bbox 886 3078 1199 3141; x_wconf 84' lang='lat' dir='ltr'><strong>dimiserat;</strong></span> <span class='ocrx_word' id='word_1_229' title='bbox 1252 3077 1295 3129; x_wconf 92' lang='lat' dir='ltr'><strong>si</strong></span> <span class='ocrx_word' id='word_1_230' title='bbox 1339 3075 1484 3129; x_wconf 89' lang='lat' dir='ltr'><strong>enim</strong></span> <span class='ocrx_word' id='word_1_231' title='bbox 1530 3073 1829 3136; x_wconf 87' lang='lat' dir='ltr'><strong>dimiserat,</strong></span> <span class='ocrx_word' id='word_1_232' title='bbox 1882 3085 1987 3123; x_wconf 92' lang='lat' dir='ltr'><strong>non</strong></span> <span class='ocrx_word' id='word_1_233' title='bbox 2028 3068 2078 3121; x_wconf 80' lang='lat' dir='ltr'><strong>ei</strong></span> 
     </span>
    </p>
   </div>
   <div class='ocr_carea' id='block_1_33' title="bbox 498 3164 2148 3238">
    <p class='ocr_par' dir='ltr' id='par_1_33' title="bbox 498 3164 2148 3238">
     <span class='ocr_line' id='line_1_33' title="bbox 498 3164 2148 3238; baseline -0.008 -13"><span class='ocrx_word' id='word_1_234' title='bbox 498 3171 891 3238; x_wconf 75' lang='lat' dir='ltr'><strong>debebatzqnia</strong></span> <span class='ocrx_word' id='word_1_235' title='bbox 918 3182 1047 3236; x_wconf 63' lang='lat' dir='ltr'><strong>ergo</strong></span> <span class='ocrx_word' id='word_1_236' title='bbox 1068 3168 1222 3233; x_wconf 70' lang='lat' dir='ltr'><strong>dixit,</strong></span> <span class='ocrx_word' id='word_1_237' title='bbox 1250 3166 1476 3221; x_wconf 88' lang='lat' dir='ltr'><strong>debebat</strong></span> <span class='ocrx_word' id='word_1_238' title='bbox 1502 3167 1573 3229; x_wconf 87' lang='lat' dir='ltr'><strong>ei,</strong></span> <span class='ocrx_word' id='word_1_239' title='bbox 1602 3164 1941 3217; x_wconf 80' lang='lat' dir='ltr'><strong>maniiestum</strong></span> <span class='ocrx_word' id='word_1_240' title='bbox 1969 3169 2068 3222; x_wconf 89' lang='lat' dir='ltr'><strong>est,</strong></span> <span class='ocrx_word' id='word_1_241' title='bbox 2101 3166 2148 3229; x_wconf 75' lang='grc' dir='ltr'>ο</span> 
     </span>
    </p>
   </div>
   <div class='ocr_carea' id='block_1_34' title="bbox 495 3256 2074 3331">
    <p class='ocr_par' dir='ltr' id='par_1_34' title="bbox 495 3256 2074 3331">
     <span class='ocr_line' id='line_1_34' title="bbox 495 3256 2074 3331; baseline -0.003 -19"><span class='ocrx_word' id='word_1_242' title='bbox 495 3262 637 3331; x_wconf 86' lang='lat' dir='ltr'><strong>quod</strong></span> <span class='ocrx_word' id='word_1_243' title='bbox 667 3278 773 3316; x_wconf 87' lang='lat' dir='ltr'><strong>non</strong></span> <span class='ocrx_word' id='word_1_244' title='bbox 807 3262 1098 3316; x_wconf 77' lang='lat' dir='ltr'><strong>dimiserat.</strong></span> <span class='ocrx_word' id='word_1_245' title='bbox 1133 3259 1200 3312; x_wconf 87' lang='lat' dir='ltr'><strong>Et</strong></span> <span class='ocrx_word' id='word_1_246' title='bbox 1227 3259 1418 3313; x_wconf 89' lang='lat' dir='ltr'><strong>melius</strong></span> <span class='ocrx_word' id='word_1_247' title='bbox 1447 3256 1663 3326; x_wconf 89' lang='lat' dir='ltr'><strong>quidem</strong></span> <span class='ocrx_word' id='word_1_248' title='bbox 1689 3256 1881 3319; x_wconf 80' lang='lat' dir='ltr'><strong>fuerat,</strong></span> <span class='ocrx_word' id='word_1_249' title='bbox 1916 3263 2074 3322; x_wconf 80' lang='lat' dir='ltr'><strong>atque</strong></span> 
     </span>
    </p>
   </div>
   <div class='ocr_carea' id='block_1_35' title="bbox 499 3345 2068 3421">
    <p class='ocr_par' dir='ltr' id='par_1_35' title="bbox 499 3345 2068 3421">
     <span class='ocr_line' id='line_1_35' title="bbox 499 3345 2068 3421; baseline -0.005 -16"><span class='ocrx_word' id='word_1_250' title='bbox 499 3356 598 3406; x_wconf 81' lang='lat' dir='ltr'><strong>hoc</strong></span> <span class='ocrx_word' id='word_1_251' title='bbox 627 3351 805 3421; x_wconf 81' lang='lat' dir='ltr'><strong>petitis</strong></span> <span class='ocrx_word' id='word_1_252' title='bbox 834 3350 1161 3419; x_wconf 83' lang='lat' dir='ltr'><strong>congruebat</strong></span> <span class='ocrx_word' id='word_1_253' title='bbox 1184 3355 1330 3401; x_wconf 91' lang='lat' dir='ltr'><strong>tanto</strong></span> <span class='ocrx_word' id='word_1_254' title='bbox 1354 3347 1582 3401; x_wconf 89' lang='lat' dir='ltr'><strong>debitori</strong></span> <span class='ocrx_word' id='word_1_255' title='bbox 1607 3345 1884 3401; x_wconf 90' lang='lat' dir='ltr'><strong>reddituro</strong></span> <span class='ocrx_word' id='word_1_256' title='bbox 1914 3346 2068 3399; x_wconf 86' lang='lat' dir='ltr'><strong>ratio-</strong></span> 
     </span>
    </p>
   </div>
   <div class='ocr_carea' id='block_1_36' title="bbox 497 3437 2074 3510">
    <p class='ocr_par' dir='ltr' id='par_1_36' title="bbox 497 3437 2074 3510">
     <span class='ocr_line' id='line_1_36' title="bbox 497 3437 2074 3510; baseline -0.006 -14"><span class='ocrx_word' id='word_1_257' title='bbox 497 3457 649 3508; x_wconf 73' lang='lat' dir='ltr'><strong>nem,</strong></span> <span class='ocrx_word' id='word_1_258' title='bbox 692 3449 748 3495; x_wconf 90' lang='lat' dir='ltr'><strong>et</strong></span> <span class='ocrx_word' id='word_1_259' title='bbox 790 3439 1123 3510; x_wconf 78' lang='lat' dir='ltr'><strong>exspectanti</strong></span> <span class='ocrx_word' id='word_1_260' title='bbox 1166 3438 1591 3493; x_wconf 88' lang='lat' dir='ltr'><strong>misericordiam</strong></span> <span class='ocrx_word' id='word_1_261' title='bbox 1624 3437 1825 3491; x_wconf 89' lang='lat' dir='ltr'><strong>domini</strong></span> <span class='ocrx_word' id='word_1_262' title='bbox 1873 3438 1977 3500; x_wconf 92' lang='lat' dir='ltr'><strong>sui,</strong></span> <span class='ocrx_word' id='word_1_263' title='bbox 2019 3448 2074 3490; x_wconf 90' lang='lat' dir='ltr'><strong>ut</strong></span> 
     </span>
    </p>
   </div>
   <div class='ocr_carea' id='block_1_37' title="bbox 497 3530 2070 3606">
    <p class='ocr_par' dir='ltr' id='par_1_37' title="bbox 497 3530 2070 3606">
     <span class='ocr_line' id='line_1_37' title="bbox 497 3530 2070 3606; baseline -0.009 -14"><span class='ocrx_word' id='word_1_264' title='bbox 497 3537 641 3605; x_wconf 90' lang='lat' dir='ltr'><strong>prior</strong></span> <span class='ocrx_word' id='word_1_265' title='bbox 671 3538 785 3606; x_wconf 89' lang='lat' dir='ltr'><strong>ipse</strong></span> <span class='ocrx_word' id='word_1_266' title='bbox 830 3550 1092 3589; x_wconf 89' lang='lat' dir='ltr'><strong>conservo</strong></span> <span class='ocrx_word' id='word_1_267' title='bbox 1138 3533 1454 3597; x_wconf 84' lang='lat' dir='ltr'><strong>dimitteret,</strong></span> <span class='ocrx_word' id='word_1_268' title='bbox 1485 3531 1625 3601; x_wconf 91' lang='lat' dir='ltr'><strong>quod</strong></span> <span class='ocrx_word' id='word_1_269' title='bbox 1676 3533 1723 3584; x_wconf 91' lang='lat' dir='ltr'><strong>ei</strong></span> <span class='ocrx_word' id='word_1_270' title='bbox 1756 3530 2070 3594; x_wconf 88' lang='lat' dir='ltr'><strong>debebatur,</strong></span> 
     </span>
    </p>
   </div>
   <div class='ocr_carea' id='block_1_38' title="bbox 492 3620 2075 3688">
    <p class='ocr_par' dir='ltr' id='par_1_38' title="bbox 492 3620 2075 3688">
     <span class='ocr_line' id='line_1_38' title="bbox 492 3620 2075 3688; baseline -0.008 -4"><span class='ocrx_word' id='word_1_271' title='bbox 492 3637 549 3685; x_wconf 90' lang='lat' dir='ltr'><strong>et</strong></span> <span class='ocrx_word' id='word_1_272' title='bbox 571 3624 649 3683; x_wconf 83' lang='lat' dir='ltr'><strong>sic</strong></span> <span class='ocrx_word' id='word_1_273' title='bbox 675 3627 741 3682; x_wconf 90' lang='lat' dir='ltr'><strong>ad</strong></span> <span class='ocrx_word' id='word_1_274' title='bbox 768 3627 1029 3681; x_wconf 86' lang='lat' dir='ltr'><strong>rationem</strong></span> <span class='ocrx_word' id='word_1_275' title='bbox 1072 3624 1422 3688; x_wconf 89' lang='lat' dir='ltr'><strong>reddendam,</strong></span> <span class='ocrx_word' id='word_1_276' title='bbox 1456 3623 1544 3675; x_wconf 92' lang='lat' dir='ltr'><strong>ubi</strong></span> <span class='ocrx_word' id='word_1_277' title='bbox 1584 3621 1950 3676; x_wconf 87' lang='lat' dir='ltr'><strong>misericordia</strong></span> <span class='ocrx_word' id='word_1_278' title='bbox 1978 3620 2075 3673; x_wconf 92' lang='lat' dir='ltr'><strong>do-</strong></span> 
     </span>
    </p>
   </div>
   <div class='ocr_carea' id='block_1_39' title="bbox 497 3711 2072 3788">
    <p class='ocr_par' dir='ltr' id='par_1_39' title="bbox 497 3711 2072 3788">
     <span class='ocr_line' id='line_1_39' title="bbox 497 3711 2072 3788; baseline -0.006 -14"><span class='ocrx_word' id='word_1_279' title='bbox 497 3722 625 3775; x_wconf 90' lang='lat' dir='ltr'><strong>mini</strong></span> <span class='ocrx_word' id='word_1_280' title='bbox 672 3719 1000 3788; x_wconf 87' lang='lat' dir='ltr'><strong>imploranda</strong></span> <span class='ocrx_word' id='word_1_281' title='bbox 1046 3727 1186 3782; x_wconf 86' lang='lat' dir='ltr'><strong>erat,</strong></span> <span class='ocrx_word' id='word_1_282' title='bbox 1238 3716 1541 3773; x_wconf 77' lang='lat' dir='ltr'><strong>accederet.</strong></span> <span class='ocrx_word' id='word_1_283' title='bbox 1596 3714 1703 3768; x_wconf 86' lang='lat' dir='ltr'><strong>Nec</strong></span> <span class='ocrx_word' id='word_1_284' title='bbox 1735 3723 1912 3768; x_wconf 86' lang='lat' dir='ltr'><strong>tamen</strong></span> <span class='ocrx_word' id='word_1_285' title='bbox 1944 3711 2072 3767; x_wconf 89' lang='lat' dir='ltr'><strong>illud</strong></span> 
     </span>
    </p>
   </div>
   <div class='ocr_carea' id='block_1_40' title="bbox 495 3804 2074 3885">
    <p class='ocr_par' dir='ltr' id='par_1_40' title="bbox 495 3804 2074 3885">
     <span class='ocr_line' id='line_1_40' title="bbox 495 3804 2074 3885; baseline -0.005 -19"><span class='ocrx_word' id='word_1_286' title='bbox 495 3813 634 3885; x_wconf 90' lang='lat' dir='ltr'><strong>quod</strong></span> <span class='ocrx_word' id='word_1_287' title='bbox 663 3812 896 3867; x_wconf 90' lang='lat' dir='ltr'><strong>nondum</strong></span> <span class='ocrx_word' id='word_1_288' title='bbox 924 3825 1187 3867; x_wconf 82' lang='lat' dir='ltr'><strong>conservo</strong></span> <span class='ocrx_word' id='word_1_289' title='bbox 1230 3810 1508 3864; x_wconf 88' lang='lat' dir='ltr'><strong>dimiserat</strong></span> <span class='ocrx_word' id='word_1_290' title='bbox 1553 3806 1830 3876; x_wconf 86' lang='lat' dir='ltr'><strong>impedivit</strong></span> <span class='ocrx_word' id='word_1_291' title='bbox 1855 3804 2074 3859; x_wconf 92' lang='lat' dir='ltr'><strong>domino</strong></span> 
     </span>
    </p>
   </div>
   <div class='ocr_carea' id='block_1_41' title="bbox 496 3897 2076 3977">
    <p class='ocr_par' dir='ltr' id='par_1_41' title="bbox 496 3897 2076 3977">
     <span class='ocr_line' id='line_1_41' title="bbox 496 3897 2076 3977; baseline -0.006 -19"><span class='ocrx_word' id='word_1_292' title='bbox 496 3902 813 3977; x_wconf 86' lang='lat' dir='ltr'><strong>[dominum]</strong></span> <span class='ocrx_word' id='word_1_293' title='bbox 854 3903 994 3971; x_wconf 84' lang='lat' dir='ltr'><strong>ejus,</strong></span> <span class='ocrx_word' id='word_1_294' title='bbox 1045 3902 1351 3970; x_wconf 88' lang='lat' dir='ltr'><strong>quominus,</strong></span> <span class='ocrx_word' id='word_1_295' title='bbox 1400 3899 1455 3951; x_wconf 91' lang='lat' dir='ltr'><strong>in</strong></span> <span class='ocrx_word' id='word_1_296' title='bbox 1503 3899 1593 3952; x_wconf 92' lang='lat' dir='ltr'><strong>illo</strong></span> <span class='ocrx_word' id='word_1_297' title='bbox 1643 3906 1885 3965; x_wconf 87' lang='lat' dir='ltr'><strong>tempore</strong></span> <span class='ocrx_word' id='word_1_298' title='bbox 1934 3897 2076 3949; x_wconf 84' lang='lat' dir='ltr'><strong>acci-</strong></span> 
     </span>
    </p>
   </div>
   <div class='ocr_carea' id='block_1_42' title="bbox 494 3988 2070 4065">
    <p class='ocr_par' dir='ltr' id='par_1_42' title="bbox 494 3988 2070 4065">
     <span class='ocr_line' id='line_1_42' title="bbox 494 3988 2070 4065; baseline -0.005 -18"><span class='ocrx_word' id='word_1_299' title='bbox 494 3997 701 4065; x_wconf 69' lang='lat' dir='ltr'><strong>pienda:</strong></span> <span class='ocrx_word' id='word_1_300' title='bbox 743 3995 964 4049; x_wconf 86' lang='lat' dir='ltr'><strong>rationis</strong></span> <span class='ocrx_word' id='word_1_301' title='bbox 1010 3993 1305 4047; x_wconf 90' lang='lat' dir='ltr'><strong>dimitteret</strong></span> <span class='ocrx_word' id='word_1_302' title='bbox 1346 3993 1397 4044; x_wconf 89' lang='lat' dir='ltr'><strong>ei</strong></span> <span class='ocrx_word' id='word_1_303' title='bbox 1445 3990 1627 4050; x_wconf 86' lang='lat' dir='ltr'><strong>omnia</strong></span> <span class='ocrx_word' id='word_1_304' title='bbox 1657 4004 1775 4058; x_wconf 64' lang='lat' dir='ltr'><strong>quae</strong></span> <span class='ocrx_word' id='word_1_305' title='bbox 1816 3988 2070 4041; x_wconf 87' lang='lat' dir='ltr'><strong>debebat.</strong></span> 
     </span>
    </p>
   </div>
   <div class='ocr_carea' id='block_1_43' title="bbox 493 4082 2075 4157">
    <p class='ocr_par' dir='ltr' id='par_1_43' title="bbox 493 4082 2075 4157">
     <span class='ocr_line' id='line_1_43' title="bbox 493 4082 2075 4157; baseline -0.005 -14"><span class='ocrx_word' id='word_1_306' title='bbox 493 4090 601 4143; x_wconf 85' lang='lat' dir='ltr'><strong>Sed</strong></span> <span class='ocrx_word' id='word_1_307' title='bbox 644 4087 768 4157; x_wconf 89' lang='lat' dir='ltr'><strong>quid</strong></span> <span class='ocrx_word' id='word_1_308' title='bbox 803 4086 999 4155; x_wconf 78' lang='lat' dir='ltr'><strong>profuit</strong></span> <span class='ocrx_word' id='word_1_309' title='bbox 1037 4083 1469 4157; x_wconf 85' lang='lat' dir='ltr'><strong>quandoquidem</strong></span> <span class='ocrx_word' id='word_1_310' title='bbox 1518 4084 1572 4138; x_wconf 92' lang='lat' dir='ltr'><strong>in</strong></span> <span class='ocrx_word' id='word_1_311' title='bbox 1601 4092 1761 4152; x_wconf 85' lang='lat' dir='ltr'><strong>caput</strong></span> <span class='ocrx_word' id='word_1_312' title='bbox 1789 4082 1906 4152; x_wconf 90' lang='lat' dir='ltr'><strong>ejus</strong></span> <span class='ocrx_word' id='word_1_313' title='bbox 1948 4095 2075 4151; x_wconf 91' lang='lat' dir='ltr'><strong>pro-</strong></span> 
     </span>
    </p>
   </div>
   <div class='ocr_carea' id='block_1_44' title="bbox 493 4175 2072 4252">
    <p class='ocr_par' dir='ltr' id='par_1_44' title="bbox 493 4175 2072 4252">
     <span class='ocr_line' id='line_1_44' title="bbox 493 4175 2072 4252; baseline -0.005 -16"><span class='ocrx_word' id='word_1_314' title='bbox 493 4192 610 4252; x_wconf 90' lang='lat' dir='ltr'><strong>pter</strong></span> <span class='ocrx_word' id='word_1_315' title='bbox 636 4182 879 4234; x_wconf 89' lang='lat' dir='ltr'><strong>odiorum</strong></span> <span class='ocrx_word' id='word_1_316' title='bbox 911 4177 1368 4247; x_wconf 88' lang='lat' dir='ltr'><strong>pcrscverantiam</strong></span> <span class='ocrx_word' id='word_1_317' title='bbox 1400 4190 1583 4230; x_wconf 82' lang='lat' dir='ltr'><strong>rursus</strong></span> <span class='ocrx_word' id='word_1_318' title='bbox 1614 4175 1791 4230; x_wconf 88' lang='lat' dir='ltr'><strong>omnia</strong></span> <span class='ocrx_word' id='word_1_319' title='bbox 1818 4175 2072 4229; x_wconf 87' lang='lat' dir='ltr'><strong>continuo</strong></span> 
     </span>
    </p>
   </div>
   <div class='ocr_carea' id='block_1_45' title="bbox 494 4266 2068 4341">
    <p class='ocr_par' dir='ltr' id='par_1_45' title="bbox 494 4266 2068 4341">
     <span class='ocr_line' id='line_1_45' title="bbox 494 4266 2068 4341; baseline -0.006 -14"><span class='ocrx_word' id='word_1_320' title='bbox 494 4273 743 4341; x_wconf 86' lang='lat' dir='ltr'><strong>replicata</strong></span> <span class='ocrx_word' id='word_1_321' title='bbox 787 4273 946 4324; x_wconf 84' lang='lat' dir='ltr'><strong>sunt?</strong></span> <span class='ocrx_word' id='word_1_322' title='bbox 997 4269 1085 4325; x_wconf 92' lang='lat' dir='ltr'><strong>Sic</strong></span> <span class='ocrx_word' id='word_1_323' title='bbox 1131 4284 1235 4321; x_wconf 92' lang='lat' dir='ltr'><strong>non</strong></span> <span class='ocrx_word' id='word_1_324' title='bbox 1281 4268 1566 4336; x_wconf 89' lang='lat' dir='ltr'><strong>impeditur</strong></span> <span class='ocrx_word' id='word_1_325' title='bbox 1605 4266 1854 4335; x_wconf 90' lang='lat' dir='ltr'><strong>baptismi</strong></span> <span class='ocrx_word' id='word_1_326' title='bbox 1904 4267 2068 4334; x_wconf 87' lang='lat' dir='ltr'><strong>gratia</strong></span> 
     </span>
    </p>
   </div>
   <div class='ocr_carea' id='block_1_46' title="bbox 494 4360 2074 4436">
    <p class='ocr_par' dir='ltr' id='par_1_46' title="bbox 494 4360 2074 4436">
     <span class='ocr_line' id='line_1_46' title="bbox 494 4360 2074 4436; baseline -0.001 -22"><span class='ocrx_word' id='word_1_327' title='bbox 494 4366 775 4436; x_wconf 76' lang='lat' dir='ltr'><strong>quotninus</strong></span> <span class='ocrx_word' id='word_1_328' title='bbox 807 4363 986 4418; x_wconf 86' lang='lat' dir='ltr'><strong>omnia</strong></span> <span class='ocrx_word' id='word_1_329' title='bbox 1016 4372 1230 4430; x_wconf 90' lang='lat' dir='ltr'><strong>peccata</strong></span> <span class='ocrx_word' id='word_1_330' title='bbox 1255 4361 1506 4428; x_wconf 90' lang='lat' dir='ltr'><strong>dimittat,</strong></span> <span class='ocrx_word' id='word_1_331' title='bbox 1525 4360 1685 4415; x_wconf 90' lang='lat' dir='ltr'><strong>etiam</strong></span> <span class='ocrx_word' id='word_1_332' title='bbox 1706 4362 1748 4413; x_wconf 92' lang='lat' dir='ltr'><strong>si</strong></span> <span class='ocrx_word' id='word_1_333' title='bbox 1769 4360 1949 4413; x_wconf 92' lang='lat' dir='ltr'><strong>odium</strong></span> <span class='ocrx_word' id='word_1_334' title='bbox 1970 4360 2074 4413; x_wconf 80' lang='lat' dir='ltr'><strong>fra-</strong></span> 
     </span>
    </p>
   </div>
   <div class='ocr_carea' id='block_1_47' title="bbox 495 4453 2065 4523">
    <p class='ocr_par' dir='ltr' id='par_1_47' title="bbox 495 4453 2065 4523">
     <span class='ocr_line' id='line_1_47' title="bbox 495 4453 2065 4523; baseline -0.006 -11"><span class='ocrx_word' id='word_1_335' title='bbox 495 4465 703 4513; x_wconf 89' lang='lat' dir='ltr'><strong>ternum</strong></span> <span class='ocrx_word' id='word_1_336' title='bbox 744 4458 797 4509; x_wconf 91' lang='lat' dir='ltr'><strong>iu</strong></span> <span class='ocrx_word' id='word_1_337' title='bbox 848 4453 963 4523; x_wconf 85' lang='lat' dir='ltr'><strong>ejus</strong></span> <span class='ocrx_word' id='word_1_338' title='bbox 1009 4455 1091 4508; x_wconf 91' lang='lat' dir='ltr'><strong>cui</strong></span> <span class='ocrx_word' id='word_1_339' title='bbox 1122 4454 1466 4508; x_wconf 88' lang='lat' dir='ltr'><strong>dimittuntur</strong></span> <span class='ocrx_word' id='word_1_340' title='bbox 1516 4453 1696 4506; x_wconf 90' lang='lat' dir='ltr'><strong>animo</strong></span> <span class='ocrx_word' id='word_1_341' title='bbox 1738 4460 2065 4521; x_wconf 82' lang='lat' dir='ltr'><strong>perseverat.</strong></span> 
     </span>
    </p>
   </div>
   <div class='ocr_carea' id='block_1_48' title="bbox 495 4511 2975 4614">
    <p class='ocr_par' dir='ltr' id='par_1_48' title="bbox 495 4511 2975 4614">
     <span class='ocr_line' id='line_1_48' title="bbox 495 4511 2975 4614; baseline -0.009 -12"><span class='ocrx_word' id='word_1_342' title='bbox 495 4549 730 4603; x_wconf 78' lang='lat' dir='ltr'><strong>Solvitur</strong></span> <span class='ocrx_word' id='word_1_343' title='bbox 758 4511 898 4601; x_wconf 63' lang='lat' dir='ltr'><strong>enini</strong></span> <span class='ocrx_word' id='word_1_344' title='bbox 933 4549 1212 4600; x_wconf 76' lang='lat' dir='ltr'><strong>hesternos</strong></span> <span class='ocrx_word' id='word_1_345' title='bbox 1241 4546 1379 4610; x_wconf 89' lang='lat' dir='ltr'><strong>dies,</strong></span> <span class='ocrx_word' id='word_1_346' title='bbox 1421 4554 1475 4599; x_wconf 91' lang='lat' dir='ltr'><strong>et</strong></span> <span class='ocrx_word' id='word_1_347' title='bbox 1503 4544 1760 4614; x_wconf 88' lang='lat' dir='ltr'><strong>quidquid</strong></span> <span class='ocrx_word' id='word_1_348' title='bbox 1796 4524 2067 4613; x_wconf 55' lang='lat' dir='ltr'><strong>supra.est</strong></span> <span class='ocrx_word' id='word_1_349' title='bbox 2100 4542 2147 4602; x_wconf 90' lang='lat' dir='ltr'><strong>D</strong></span> <span class='ocrx_word' id='word_1_350' title='bbox 2176 4511 2808 4614; x_wconf 34' lang='lat' dir='ltr'><strong>93‘ssgﬂtgroglﬁ&#39;fia‘ff&#39;</strong></span> <span class='ocrx_word' id='word_1_351' title='bbox 2834 4523 2975 4614; x_wconf 39' lang='lat' dir='ltr'><strong>e‘ssefl</strong></span> 
     </span>
    </p>
   </div>
   <div class='ocr_carea' id='block_1_49' title="bbox 495 4640 2070 4711">
    <p class='ocr_par' dir='ltr' id='par_1_49' title="bbox 495 4640 2070 4711">
     <span class='ocr_line' id='line_1_49' title="bbox 495 4640 2070 4711; baseline -0.003 -12"><span class='ocrx_word' id='word_1_352' title='bbox 495 4644 738 4706; x_wconf 69' lang='lat' dir='ltr'><strong>solvitur,</strong></span> <span class='ocrx_word' id='word_1_353' title='bbox 771 4644 927 4697; x_wconf 89' lang='lat' dir='ltr'><strong>etiam</strong></span> <span class='ocrx_word' id='word_1_354' title='bbox 975 4641 1089 4707; x_wconf 81' lang='lat' dir='ltr'><strong>ipsa</strong></span> <span class='ocrx_word' id='word_1_355' title='bbox 1132 4640 1260 4694; x_wconf 74' lang='lat' dir='ltr'><strong>hora</strong></span> <span class='ocrx_word' id='word_1_356' title='bbox 1308 4649 1685 4710; x_wconf 81' lang='lat' dir='ltr'><strong>momentoque</strong></span> <span class='ocrx_word' id='word_1_357' title='bbox 1723 4652 1847 4697; x_wconf 88' lang='lat' dir='ltr'><strong>ante</strong></span> <span class='ocrx_word' id='word_1_358' title='bbox 1896 4642 2070 4711; x_wconf 55' lang='lat' dir='ltr'><strong>bapti.</strong></span> 
     </span>
    </p>
   </div>
   <div class='ocr_carea' id='block_1_50' title="bbox 496 4732 2072 4801">
    <p class='ocr_par' dir='ltr' id='par_1_50' title="bbox 496 4732 2072 4801">
     <span class='ocr_line' id='line_1_50' title="bbox 496 4732 2072 4801; baseline 0.001 -12"><span class='ocrx_word' id='word_1_359' title='bbox 496 4747 669 4789; x_wconf 67' lang='lat' dir='ltr'><strong>unum</strong></span> <span class='ocrx_word' id='word_1_360' title='bbox 696 4745 749 4787; x_wconf 88' lang='lat' dir='ltr'><strong>et</strong></span> <span class='ocrx_word' id='word_1_361' title='bbox 779 4734 829 4785; x_wconf 91' lang='lat' dir='ltr'><strong>in</strong></span> <span class='ocrx_word' id='word_1_362' title='bbox 859 4732 1123 4800; x_wconf 89' lang='lat' dir='ltr'><strong>baptismo</strong></span> <span class='ocrx_word' id='word_1_363' title='bbox 1152 4750 1162 4784; x_wconf 88' lang='lat'>:</span> <span class='ocrx_word' id='word_1_364' title='bbox 1188 4733 1440 4801; x_wconf 90' lang='lat' dir='ltr'><strong>deinceps</strong></span> <span class='ocrx_word' id='word_1_365' title='bbox 1467 4744 1642 4787; x_wconf 87' lang='lat' dir='ltr'><strong>autem</strong></span> <span class='ocrx_word' id='word_1_366' title='bbox 1670 4739 1927 4788; x_wconf 81' lang='lat' dir='ltr'><strong>continuo</strong></span> <span class='ocrx_word' id='word_1_367' title='bbox 1951 4750 2072 4789; x_wconf 89' lang='lat' dir='ltr'><strong>reus</strong></span> 
     </span>
    </p>
   </div>
   <div class='ocr_carea' id='block_1_51' title="bbox 496 4825 2070 4894">
    <p class='ocr_par' dir='ltr' id='par_1_51' title="bbox 496 4825 2070 4894">
     <span class='ocr_line' id='line_1_51' title="bbox 496 4825 2070 4894; baseline 0.001 -15"><span class='ocrx_word' id='word_1_368' title='bbox 496 4838 618 4879; x_wconf 84' lang='lat' dir='ltr'><strong>esse</strong></span> <span class='ocrx_word' id='word_1_369' title='bbox 648 4825 850 4893; x_wconf 87' lang='lat' dir='ltr'><strong>incipit,</strong></span> <span class='ocrx_word' id='word_1_370' title='bbox 892 4840 994 4877; x_wconf 82' lang='lat' dir='ltr'><strong>non</strong></span> <span class='ocrx_word' id='word_1_371' title='bbox 1044 4825 1215 4878; x_wconf 91' lang='lat' dir='ltr'><strong>solum</strong></span> <span class='ocrx_word' id='word_1_372' title='bbox 1264 4826 1728 4894; x_wconf 86' lang='lat' dir='ltr'><strong>consequentium,</strong></span> <span class='ocrx_word' id='word_1_373' title='bbox 1764 4825 1857 4879; x_wconf 90' lang='lat' dir='ltr'><strong>sed</strong></span> <span class='ocrx_word' id='word_1_374' title='bbox 1909 4835 2070 4880; x_wconf 89' lang='lat' dir='ltr'><strong>etam</strong></span> 
     </span>
    </p>
   </div>
   <div class='ocr_carea' id='block_1_52' title="bbox 496 4914 2075 4985">
    <p class='ocr_par' dir='ltr' id='par_1_52' title="bbox 496 4914 2075 4985">
     <span class='ocr_line' id='line_1_52' title="bbox 496 4914 2075 4985; baseline 0.002 -18"><span class='ocrx_word' id='word_1_375' title='bbox 496 4914 890 4985; x_wconf 63' lang='lat' dir='ltr'><strong>praeteritorum</strong></span> <span class='ocrx_word' id='word_1_376' title='bbox 943 4915 1173 4978; x_wconf 88' lang='lat' dir='ltr'><strong>dierum,</strong></span> <span class='ocrx_word' id='word_1_377' title='bbox 1224 4916 1498 4979; x_wconf 84' lang='lat' dir='ltr'><strong>horartnn,</strong></span> <span class='ocrx_word' id='word_1_378' title='bbox 1532 4924 1947 4983; x_wconf 77' lang='lat' dir='ltr'><strong>momentorum,</strong></span> <span class='ocrx_word' id='word_1_379' title='bbox 1993 4933 2075 4970; x_wconf 85' lang='lat' dir='ltr'><strong>rc-</strong></span> 
     </span>
    </p>
   </div>
   <div class='ocr_carea' id='block_1_53' title="bbox 496 5007 2070 5077">
    <p class='ocr_par' dir='ltr' id='par_1_53' title="bbox 496 5007 2070 5077">
     <span class='ocr_line' id='line_1_53' title="bbox 496 5007 2070 5077; baseline 0 -16"><span class='ocrx_word' id='word_1_380' title='bbox 496 5007 783 5061; x_wconf 84' lang='lat' dir='ltr'><strong>deuntibus</strong></span> <span class='ocrx_word' id='word_1_381' title='bbox 811 5008 1058 5060; x_wconf 89' lang='lat' dir='ltr'><strong>omnibus</strong></span> <span class='ocrx_word' id='word_1_382' title='bbox 1097 5024 1215 5076; x_wconf 78' lang='lat' dir='ltr'><strong>qua:</strong></span> <span class='ocrx_word' id='word_1_383' title='bbox 1261 5008 1479 5062; x_wconf 90' lang='lat' dir='ltr'><strong>dimissa</strong></span> <span class='ocrx_word' id='word_1_384' title='bbox 1529 5017 1676 5074; x_wconf 88' lang='lat' dir='ltr'><strong>sunt,</strong></span> <span class='ocrx_word' id='word_1_385' title='bbox 1714 5018 1770 5063; x_wconf 92' lang='lat' dir='ltr'><strong>et</strong></span> <span class='ocrx_word' id='word_1_386' title='bbox 1797 5022 1941 5077; x_wconf 59' lang='lat' dir='ltr'><strong>saepe</strong></span> <span class='ocrx_word' id='word_1_387' title='bbox 1975 5011 2070 5061; x_wconf 73' lang='lat' dir='ltr'><strong>ista</strong></span> 
     </span>
    </p>
   </div>
   <div class='ocr_carea' id='block_1_54' title="bbox 498 5098 1195 5168">
    <p class='ocr_par' dir='ltr' id='par_1_54' title="bbox 498 5098 1195 5168">
     <span class='ocr_line' id='line_1_54' title="bbox 498 5098 1195 5168; baseline 0.006 -17"><span class='ocrx_word' id='word_1_388' title='bbox 498 5098 817 5168; x_wconf 81' lang='lat' dir='ltr'><strong>contingunt</strong></span> <span class='ocrx_word' id='word_1_389' title='bbox 846 5100 898 5154; x_wconf 92' lang='lat' dir='ltr'><strong>in</strong></span> <span class='ocrx_word' id='word_1_390' title='bbox 934 5100 1195 5155; x_wconf 88' lang='lat' dir='ltr'><strong>Ecclesia.</strong></span> 
     </span>
    </p>
   </div>
   <div class='ocr_carea' id='block_1_55' title="bbox 1041 5212 1531 5271">
    <p class='ocr_par' dir='ltr' id='par_1_55' title="bbox 1041 5212 1531 5271">
     <span class='ocr_line' id='line_1_55' title="bbox 1041 5212 1531 5271; baseline 0 -2"><span class='ocrx_word' id='word_1_391' title='bbox 1041 5212 1268 5270; x_wconf 78' lang='lat' dir='ltr'><strong>CAPUT</strong></span> <span class='ocrx_word' id='word_1_392' title='bbox 1305 5216 1531 5271; x_wconf 79' lang='lat' dir='ltr'><strong>CCXIII.</strong></span> 
     </span>
    </p>
   </div>
   <div class='ocr_carea' id='block_1_56' title="bbox 498 5322 2075 5411">
    <p class='ocr_par' dir='ltr' id='par_1_56' title="bbox 498 5322 2075 5411">
     <span class='ocr_line' id='line_1_56' title="bbox 498 5322 2075 5411; baseline 0.004 -33"><span class='ocrx_word' id='word_1_393' title='bbox 498 5322 576 5379; x_wconf 75' lang='lat' dir='ltr'><strong>De</strong></span> <span class='ocrx_word' id='word_1_394' title='bbox 601 5324 910 5395; x_wconf 75' lang='lat' dir='ltr'><strong>baptizando</strong></span> <span class='ocrx_word' id='word_1_395' title='bbox 956 5328 1009 5382; x_wconf 85' lang='lat' dir='ltr'><strong>in</strong></span> <span class='ocrx_word' id='word_1_396' title='bbox 1042 5330 1272 5411; x_wconf 66' lang='lat' dir='ltr'><strong>periculo</strong></span> <span class='ocrx_word' id='word_1_397' title='bbox 1319 5330 1499 5383; x_wconf 85' lang='lat' dir='ltr'><strong>mortis</strong></span> <span class='ocrx_word' id='word_1_398' title='bbox 1544 5331 1840 5399; x_wconf 84' lang='lat' dir='ltr'><strong>constituto,</strong></span> <span class='ocrx_word' id='word_1_399' title='bbox 1885 5346 1947 5384; x_wconf 84' lang='lat' dir='ltr'><strong>ac</strong></span> <span class='ocrx_word' id='word_1_400' title='bbox 1977 5331 2075 5385; x_wconf 85' lang='lat' dir='ltr'><strong>ini-</strong></span> 
     </span>
    </p>
   </div>
   <div class='ocr_carea' id='block_1_57' title="bbox 1059 5412 1530 5469">
    <p class='ocr_par' dir='ltr' id='par_1_57' title="bbox 1059 5412 1530 5469">
     <span class='ocr_line' id='line_1_57' title="bbox 1059 5412 1530 5469; baseline 0 -16"><span class='ocrx_word' id='word_1_401' title='bbox 1059 5412 1279 5453; x_wconf 74' lang='grc' dir='ltr'><strong>ηυιίιιαδ</strong></span> <span class='ocrx_word' id='word_1_402' title='bbox 1309 5413 1530 5469; x_wconf 84' lang='lat' dir='ltr'><strong>gerente.</strong></span> 
     </span>
    </p>
   </div>
   <div class='ocr_carea' id='block_1_58' title="bbox 566 5509 2077 5591">
    <p class='ocr_par' dir='ltr' id='par_1_58' title="bbox 566 5509 2077 5591">
     <span class='ocr_line' id='line_1_58' title="bbox 566 5509 2077 5591; baseline 0.008 -26"><span class='ocrx_word' id='word_1_403' title='bbox 566 5509 700 5565; x_wconf 83' lang='lat' dir='ltr'><strong>Nam</strong></span> <span class='ocrx_word' id='word_1_404' title='bbox 723 5514 1035 5583; x_wconf 83' lang='lat' dir='ltr'><strong>plerumque</strong></span> <span class='ocrx_word' id='word_1_405' title='bbox 1062 5515 1118 5569; x_wconf 80' lang='lat' dir='ltr'><strong>tit</strong></span> <span class='ocrx_word' id='word_1_406' title='bbox 1146 5525 1203 5569; x_wconf 94' lang='lat' dir='ltr'><strong>ut</strong></span> <span class='ocrx_word' id='word_1_407' title='bbox 1224 5515 1384 5569; x_wconf 93' lang='lat' dir='ltr'><strong>homo</strong></span> <span class='ocrx_word' id='word_1_408' title='bbox 1403 5516 1593 5572; x_wconf 89' lang='lat' dir='ltr'><strong>habeat</strong></span> <span class='ocrx_word' id='word_1_409' title='bbox 1620 5520 1890 5575; x_wconf 88' lang='lat' dir='ltr'><strong>inimicum</strong></span> <span class='ocrx_word' id='word_1_410' title='bbox 1917 5537 2077 5591; x_wconf 87' lang='lat' dir='ltr'><strong>quem</strong></span> 
     </span>
    </p>
   </div>
   <div class='ocr_carea' id='block_1_59' title="bbox 499 5600 2081 5680">
    <p class='ocr_par' dir='ltr' id='par_1_59' title="bbox 499 5600 2081 5680">
     <span class='ocr_line' id='line_1_59' title="bbox 499 5600 2081 5680; baseline 0.011 -29"><span class='ocrx_word' id='word_1_411' title='bbox 499 5600 833 5670; x_wconf 73' lang='lat' dir='ltr'><strong>iniquissime</strong></span> <span class='ocrx_word' id='word_1_412' title='bbox 862 5606 1055 5673; x_wconf 88' lang='lat' dir='ltr'><strong>odertt,</strong></span> <span class='ocrx_word' id='word_1_413' title='bbox 1083 5623 1382 5677; x_wconf 89' lang='lat' dir='ltr'><strong>quanquam</strong></span> <span class='ocrx_word' id='word_1_414' title='bbox 1414 5610 1573 5663; x_wconf 83' lang='lat' dir='ltr'><strong>etiam</strong></span> <span class='ocrx_word' id='word_1_415' title='bbox 1603 5610 1811 5680; x_wconf 89' lang='lat' dir='ltr'><strong>iniquos</strong></span> <span class='ocrx_word' id='word_1_416' title='bbox 1835 5613 2081 5669; x_wconf 90' lang='lat' dir='ltr'><strong>inimicos</strong></span> 
     </span>
    </p>
   </div>
   <div class='ocr_carea' id='block_1_60' title="bbox 498 5690 2076 5769">
    <p class='ocr_par' dir='ltr' id='par_1_60' title="bbox 498 5690 2076 5769">
     <span class='ocr_line' id='line_1_60' title="bbox 498 5690 2076 5769; baseline 0.01 -24"><span class='ocrx_word' id='word_1_417' title='bbox 498 5690 722 5758; x_wconf 75' lang='lat' dir='ltr'><strong>diligere</strong></span> <span class='ocrx_word' id='word_1_418' title='bbox 751 5697 1053 5764; x_wconf 86' lang='lat' dir='ltr'><strong>jubeatnur,</strong></span> <span class='ocrx_word' id='word_1_419' title='bbox 1105 5712 1157 5753; x_wconf 90' lang='lat' dir='ltr'><strong>et</strong></span> <span class='ocrx_word' id='word_1_420' title='bbox 1207 5716 1363 5755; x_wconf 89' lang='lat' dir='ltr'><strong>orare</strong></span> <span class='ocrx_word' id='word_1_421' title='bbox 1407 5716 1501 5769; x_wconf 87' lang='lat' dir='ltr'><strong>pro</strong></span> <span class='ocrx_word' id='word_1_422' title='bbox 1531 5704 1849 5758; x_wconf 81' lang='lat' dir='ltr'><strong>eiszsubito</strong></span> <span class='ocrx_word' id='word_1_423' title='bbox 1898 5718 2076 5760; x_wconf 87' lang='lat' dir='ltr'><strong>autem</strong></span> 
     </span>
    </p>
   </div>
   <div class='ocr_carea' id='block_1_61' title="bbox 501 5779 2075 5869">
    <p class='ocr_par' dir='ltr' id='par_1_61' title="bbox 501 5779 2075 5869">
     <span class='ocr_line' id='line_1_61' title="bbox 501 5779 2075 5869; baseline 0.013 -35"><span class='ocrx_word' id='word_1_424' title='bbox 501 5779 736 5849; x_wconf 83' lang='lat' dir='ltr'><strong>periculo</strong></span> <span class='ocrx_word' id='word_1_425' title='bbox 765 5797 952 5844; x_wconf 86' lang='lat' dir='ltr'><strong>morts</strong></span> <span class='ocrx_word' id='word_1_426' title='bbox 998 5790 1184 5862; x_wconf 86' lang='lat' dir='ltr'><strong>incipit</strong></span> <span class='ocrx_word' id='word_1_427' title='bbox 1228 5793 1568 5864; x_wconf 83' lang='lat' dir='ltr'><strong>petturbari,</strong></span> <span class='ocrx_word' id='word_1_428' title='bbox 1618 5804 1670 5851; x_wconf 92' lang='lat' dir='ltr'><strong>ct</strong></span> <span class='ocrx_word' id='word_1_429' title='bbox 1701 5800 1872 5868; x_wconf 87' lang='lat' dir='ltr'><strong>poscit</strong></span> <span class='ocrx_word' id='word_1_430' title='bbox 1904 5799 2075 5869; x_wconf 87' lang='lat' dir='ltr'><strong>bapti-</strong></span> 
     </span>
    </p>
   </div>
   <div class='ocr_carea' id='block_1_62' title="bbox 2183 516 3750 588">
    <p class='ocr_par' dir='ltr' id='par_1_62' title="bbox 2183 516 3750 588">
     <span class='ocr_line' id='line_1_62' title="bbox 2183 516 3750 588; baseline 0.005 -21"><span class='ocrx_word' id='word_1_431' title='bbox 2183 516 2313 568; x_wconf 90' lang='lat' dir='ltr'><strong>riam</strong></span> <span class='ocrx_word' id='word_1_432' title='bbox 2344 517 2817 586; x_wconf 84' lang='lat' dir='ltr'><strong>interrogationem</strong></span> <span class='ocrx_word' id='word_1_433' title='bbox 2859 532 3147 588; x_wconf 87' lang='lat' dir='ltr'><strong>paucorum</strong></span> <span class='ocrx_word' id='word_1_434' title='bbox 3181 519 3465 572; x_wconf 86' lang='lat' dir='ltr'><strong>verborum</strong></span> <span class='ocrx_word' id='word_1_435' title='bbox 3503 520 3590 572; x_wconf 79' lang='lat' dir='ltr'><strong>vix</strong></span> <span class='ocrx_word' id='word_1_436' title='bbox 3618 520 3750 588; x_wconf 86' lang='lat' dir='ltr'><strong>peri-</strong></span> 
     </span>
    </p>
   </div>
   <div class='ocr_carea' id='block_1_63' title="bbox 2182 606 3760 681">
    <p class='ocr_par' dir='ltr' id='par_1_63' title="bbox 2182 606 3760 681">
     <span class='ocr_line' id='line_1_63' title="bbox 2182 606 3760 681; baseline 0.004 -22"><span class='ocrx_word' id='word_1_437' title='bbox 2182 606 2509 676; x_wconf 85' lang='lat' dir='ltr'><strong>culitompus</strong></span> <span class='ocrx_word' id='word_1_438' title='bbox 2532 610 2797 664; x_wconf 88' lang='lat' dir='ltr'><strong>ammittat</strong></span> <span class='ocrx_word' id='word_1_439' title='bbox 2815 608 3127 681; x_wconf 85' lang='lat' dir='ltr'><strong>[admittat],</strong></span> <span class='ocrx_word' id='word_1_440' title='bbox 3146 618 3344 678; x_wconf 90' lang='lat' dir='ltr'><strong>quanto</strong></span> <span class='ocrx_word' id='word_1_441' title='bbox 3368 610 3545 668; x_wconf 85' lang='lat' dir='ltr'><strong>minus</strong></span> <span class='ocrx_word' id='word_1_442' title='bbox 3564 625 3760 666; x_wconf 88' lang='lat' dir='ltr'><strong>sermo-</strong></span> 
     </span>
    </p>
   </div>
   <div class='ocr_carea' id='block_1_64' title="bbox 2182 698 3756 770">
    <p class='ocr_par' dir='ltr' id='par_1_64' title="bbox 2182 698 3756 770">
     <span class='ocr_line' id='line_1_64' title="bbox 2182 698 3756 770; baseline 0.004 -21"><span class='ocrx_word' id='word_1_443' title='bbox 2182 710 2305 751; x_wconf 90' lang='lat' dir='ltr'><strong>nem</strong></span> <span class='ocrx_word' id='word_1_444' title='bbox 2356 698 2722 767; x_wconf 79' lang='lat' dir='ltr'><strong>longvssimum</strong></span> <span class='ocrx_word' id='word_1_445' title='bbox 2776 709 2834 754; x_wconf 90' lang='lat' dir='ltr'><strong>ut</strong></span> <span class='ocrx_word' id='word_1_446' title='bbox 2884 700 3013 754; x_wconf 90' lang='lat' dir='ltr'><strong>illud</strong></span> <span class='ocrx_word' id='word_1_447' title='bbox 3065 700 3245 755; x_wconf 89' lang='lat' dir='ltr'><strong>odium</strong></span> <span class='ocrx_word' id='word_1_448' title='bbox 3295 702 3457 755; x_wconf 89' lang='lat' dir='ltr'><strong>corde</strong></span> <span class='ocrx_word' id='word_1_449' title='bbox 3514 701 3756 770; x_wconf 85' lang='lat' dir='ltr'><strong>pellatur,</strong></span> 
     </span>
    </p>
   </div>
   <div class='ocr_carea' id='block_1_65' title="bbox 2181 787 3761 858">
    <p class='ocr_par' dir='ltr' id='par_1_65' title="bbox 2181 787 3761 858">
     <span class='ocr_line' id='line_1_65' title="bbox 2181 787 3761 858; baseline 0.003 -18"><span class='ocrx_word' id='word_1_450' title='bbox 2181 787 2390 842; x_wconf 88' lang='lat' dir='ltr'><strong>etiamsi</strong></span> <span class='ocrx_word' id='word_1_451' title='bbox 2430 790 2715 858; x_wconf 87' lang='lat' dir='ltr'><strong>baptizanti</strong></span> <span class='ocrx_word' id='word_1_452' title='bbox 2757 792 2827 845; x_wconf 90' lang='lat' dir='ltr'><strong>sit</strong></span> <span class='ocrx_word' id='word_1_453' title='bbox 2873 792 3185 858; x_wconf 78' lang='lat' dir='ltr'><strong>cognitum?</strong></span> <span class='ocrx_word' id='word_1_454' title='bbox 3214 800 3363 847; x_wconf 88' lang='lat' dir='ltr'><strong>certe</strong></span> <span class='ocrx_word' id='word_1_455' title='bbox 3395 793 3498 847; x_wconf 85' lang='lat' dir='ltr'><strong>ista</strong></span> <span class='ocrx_word' id='word_1_456' title='bbox 3548 807 3654 845; x_wconf 90' lang='lat' dir='ltr'><strong>non</strong></span> <span class='ocrx_word' id='word_1_457' title='bbox 3680 807 3761 846; x_wconf 58' lang='lat' dir='ltr'><strong>se.</strong></span> 
     </span>
    </p>
   </div>
   <div class='ocr_carea' id='block_1_66' title="bbox 2182 879 3759 951">
    <p class='ocr_par' dir='ltr' id='par_1_66' title="bbox 2182 879 3759 951">
     <span class='ocr_line' id='line_1_66' title="bbox 2182 879 3759 951; baseline 0.003 -18"><span class='ocrx_word' id='word_1_458' title='bbox 2182 879 2289 933; x_wconf 88' lang='lat' dir='ltr'><strong>lum</strong></span> <span class='ocrx_word' id='word_1_459' title='bbox 2320 881 2459 950; x_wconf 90' lang='lat' dir='ltr'><strong>apud</strong></span> <span class='ocrx_word' id='word_1_460' title='bbox 2492 897 2609 946; x_wconf 88' lang='lat' dir='ltr'><strong>nos,</strong></span> <span class='ocrx_word' id='word_1_461' title='bbox 2643 882 2735 937; x_wconf 90' lang='lat' dir='ltr'><strong>sed</strong></span> <span class='ocrx_word' id='word_1_462' title='bbox 2768 883 2928 937; x_wconf 91' lang='lat' dir='ltr'><strong>etiam</strong></span> <span class='ocrx_word' id='word_1_463' title='bbox 2960 884 3100 951; x_wconf 88' lang='lat' dir='ltr'><strong>apud</strong></span> <span class='ocrx_word' id='word_1_464' title='bbox 3128 883 3247 938; x_wconf 90' lang='lat' dir='ltr'><strong>illos</strong></span> <span class='ocrx_word' id='word_1_465' title='bbox 3274 886 3495 938; x_wconf 88' lang='lat' dir='ltr'><strong>evenire</strong></span> <span class='ocrx_word' id='word_1_466' title='bbox 3520 898 3625 939; x_wconf 93' lang='lat' dir='ltr'><strong>non</strong></span> <span class='ocrx_word' id='word_1_467' title='bbox 3647 897 3759 937; x_wconf 87' lang='lat' dir='ltr'><strong>ces-</strong></span> 
     </span>
    </p>
   </div>
   <div class='ocr_carea' id='block_1_67' title="bbox 2181 969 3764 1043">
    <p class='ocr_par' dir='ltr' id='par_1_67' title="bbox 2181 969 3764 1043">
     <span class='ocr_line' id='line_1_67' title="bbox 2181 969 3764 1043; baseline 0.004 -20"><span class='ocrx_word' id='word_1_468' title='bbox 2181 978 2323 1023; x_wconf 90' lang='lat' dir='ltr'><strong>sant.</strong></span> <span class='ocrx_word' id='word_1_469' title='bbox 2355 969 2491 1036; x_wconf 83' lang='lat' dir='ltr'><strong>Quid</strong></span> <span class='ocrx_word' id='word_1_470' title='bbox 2537 986 2664 1041; x_wconf 87' lang='lat' dir='ltr'><strong>ergo</strong></span> <span class='ocrx_word' id='word_1_471' title='bbox 2694 972 2958 1027; x_wconf 85' lang='lat' dir='ltr'><strong>dicimus?</strong></span> <span class='ocrx_word' id='word_1_472' title='bbox 2997 973 3348 1027; x_wconf 88' lang='lat' dir='ltr'><strong>Dimittuntur</strong></span> <span class='ocrx_word' id='word_1_473' title='bbox 3391 985 3615 1043; x_wconf 86' lang='lat' dir='ltr'><strong>peccata</strong></span> <span class='ocrx_word' id='word_1_474' title='bbox 3646 975 3764 1030; x_wconf 80' lang='lat' dir='ltr'><strong>huic</strong></span> 
     </span>
    </p>
   </div>
   <div class='ocr_carea' id='block_1_68' title="bbox 2183 1059 3762 1133">
    <p class='ocr_par' dir='ltr' id='par_1_68' title="bbox 2183 1059 3762 1133">
     <span class='ocr_line' id='line_1_68' title="bbox 2183 1059 3762 1133; baseline 0.004 -20"><span class='ocrx_word' id='word_1_475' title='bbox 2183 1059 2408 1126; x_wconf 90' lang='lat' dir='ltr'><strong>homini,</strong></span> <span class='ocrx_word' id='word_1_476' title='bbox 2452 1076 2517 1115; x_wconf 92' lang='lat' dir='ltr'><strong>an</strong></span> <span class='ocrx_word' id='word_1_477' title='bbox 2574 1078 2679 1117; x_wconf 91' lang='lat' dir='ltr'><strong>non</strong></span> <span class='ocrx_word' id='word_1_478' title='bbox 2722 1063 3096 1118; x_wconf 78' lang='lat' dir='ltr'><strong>dimittuntur?</strong></span> <span class='ocrx_word' id='word_1_479' title='bbox 3130 1064 3354 1119; x_wconf 76' lang='lat' dir='ltr'><strong>Prorsus</strong></span> <span class='ocrx_word' id='word_1_480' title='bbox 3398 1066 3544 1133; x_wconf 91' lang='lat' dir='ltr'><strong>quod</strong></span> <span class='ocrx_word' id='word_1_481' title='bbox 3578 1067 3762 1119; x_wconf 88' lang='lat' dir='ltr'><strong>volunt</strong></span> 
     </span>
    </p>
   </div>
   <div class='ocr_carea' id='block_1_69' title="bbox 2181 1150 3765 1225">
    <p class='ocr_par' dir='ltr' id='par_1_69' title="bbox 2181 1150 3765 1225">
     <span class='ocr_line' id='line_1_69' title="bbox 2181 1150 3765 1225; baseline 0.005 -23"><span class='ocrx_word' id='word_1_482' title='bbox 2181 1150 2419 1218; x_wconf 85' lang='lat' dir='ltr'><strong>eligant;</strong></span> <span class='ocrx_word' id='word_1_483' title='bbox 2469 1151 2516 1203; x_wconf 87' lang='lat' dir='ltr'><strong>si</strong></span> <span class='ocrx_word' id='word_1_484' title='bbox 2563 1153 2706 1205; x_wconf 91' lang='lat' dir='ltr'><strong>enim</strong></span> <span class='ocrx_word' id='word_1_485' title='bbox 2766 1153 3129 1217; x_wconf 92' lang='lat' dir='ltr'><strong>dimittuntur,</strong></span> <span class='ocrx_word' id='word_1_486' title='bbox 3179 1156 3438 1209; x_wconf 87' lang='lat' dir='ltr'><strong>continuo</strong></span> <span class='ocrx_word' id='word_1_487' title='bbox 3492 1154 3765 1225; x_wconf 85' lang='lat' dir='ltr'><strong>[continuo</strong></span> 
     </span>
    </p>
   </div>
   <div class='ocr_carea' id='block_1_70' title="bbox 2183 1236 3763 1313">
    <p class='ocr_par' dir='ltr' id='par_1_70' title="bbox 2183 1236 3763 1313">
     <span class='ocr_line' id='line_1_70' title="bbox 2183 1236 3763 1313; baseline 0.004 -22"><span class='ocrx_word' id='word_1_488' title='bbox 2183 1250 2279 1305; x_wconf 92' lang='lat' dir='ltr'><strong>pro</strong></span> <span class='ocrx_word' id='word_1_489' title='bbox 2324 1236 2526 1308; x_wconf 88' lang='lat' dir='ltr'><strong>statim]</strong></span> <span class='ocrx_word' id='word_1_490' title='bbox 2580 1240 2826 1295; x_wconf 89' lang='lat' dir='ltr'><strong>redeunt.</strong></span> <span class='ocrx_word' id='word_1_491' title='bbox 2877 1242 3222 1311; x_wconf 83' lang='lat' dir='ltr'><strong>Evangelum</strong></span> <span class='ocrx_word' id='word_1_492' title='bbox 3270 1244 3529 1313; x_wconf 90' lang='lat' dir='ltr'><strong>loquitur,</strong></span> <span class='ocrx_word' id='word_1_493' title='bbox 3573 1246 3763 1299; x_wconf 85' lang='lat' dir='ltr'><strong>veritas</strong></span> 
     </span>
    </p>
   </div>
   <div class='ocr_carea' id='block_1_71' title="bbox 2183 1328 3763 1400">
    <p class='ocr_par' dir='ltr' id='par_1_71' title="bbox 2183 1328 3763 1400">
     <span class='ocr_line' id='line_1_71' title="bbox 2183 1328 3763 1400; baseline 0.004 -18"><span class='ocrx_word' id='word_1_494' title='bbox 2183 1328 2417 1382; x_wconf 90' lang='lat' dir='ltr'><strong>clamat:</strong></span> <span class='ocrx_word' id='word_1_495' title='bbox 2443 1329 2557 1383; x_wconf 90' lang='lat' dir='ltr'><strong>sive</strong></span> <span class='ocrx_word' id='word_1_496' title='bbox 2588 1344 2716 1398; x_wconf 85' lang='lat' dir='ltr'><strong>ergo</strong></span> <span class='ocrx_word' id='word_1_497' title='bbox 2747 1329 3103 1397; x_wconf 85' lang='lat' dir='ltr'><strong>dimittantur,</strong></span> <span class='ocrx_word' id='word_1_498' title='bbox 3135 1335 3249 1387; x_wconf 88' lang='lat' dir='ltr'><strong>sive</strong></span> <span class='ocrx_word' id='word_1_499' title='bbox 3277 1350 3380 1387; x_wconf 90' lang='lat' dir='ltr'><strong>non</strong></span> <span class='ocrx_word' id='word_1_500' title='bbox 3405 1334 3763 1400; x_wconf 83' lang='lat' dir='ltr'><strong>dimittantur,</strong></span> 
     </span>
    </p>
   </div>
   <div class='ocr_carea' id='block_1_72' title="bbox 2185 1418 3764 1486">
    <p class='ocr_par' dir='ltr' id='par_1_72' title="bbox 2185 1418 3764 1486">
     <span class='ocr_line' id='line_1_72' title="bbox 2185 1418 3764 1486; baseline 0.005 -17"><span class='ocrx_word' id='word_1_501' title='bbox 2185 1418 2492 1471; x_wconf 89' lang='lat' dir='ltr'><strong>necessaria</strong></span> <span class='ocrx_word' id='word_1_502' title='bbox 2522 1428 2604 1471; x_wconf 88' lang='lat' dir='ltr'><strong>est</strong></span> <span class='ocrx_word' id='word_1_503' title='bbox 2635 1428 2817 1486; x_wconf 87' lang='lat' dir='ltr'><strong>postea</strong></span> <span class='ocrx_word' id='word_1_504' title='bbox 2860 1420 3159 1485; x_wconf 87' lang='lat' dir='ltr'><strong>medicina;</strong></span> <span class='ocrx_word' id='word_1_505' title='bbox 3196 1436 3293 1475; x_wconf 89' lang='lat' dir='ltr'><strong>nec</strong></span> <span class='ocrx_word' id='word_1_506' title='bbox 3325 1431 3503 1476; x_wconf 88' lang='lat' dir='ltr'><strong>tamen</strong></span> <span class='ocrx_word' id='word_1_507' title='bbox 3546 1423 3594 1477; x_wconf 90' lang='lat' dir='ltr'><strong>si</strong></span> <span class='ocrx_word' id='word_1_508' title='bbox 3628 1425 3764 1477; x_wconf 76' lang='lat' dir='ltr'><strong>vixe-</strong></span> 
     </span>
    </p>
   </div>
   <div class='ocr_carea' id='block_1_73' title="bbox 2186 1507 3761 1583">
    <p class='ocr_par' dir='ltr' id='par_1_73' title="bbox 2186 1507 3761 1583">
     <span class='ocr_line' id='line_1_73' title="bbox 2186 1507 3761 1583; baseline 0.004 -21"><span class='ocrx_word' id='word_1_509' title='bbox 2186 1507 2277 1573; x_wconf 87' lang='lat' dir='ltr'><strong>rit,</strong></span> <span class='ocrx_word' id='word_1_510' title='bbox 2305 1519 2465 1579; x_wconf 87' lang='lat' dir='ltr'><strong>atque</strong></span> <span class='ocrx_word' id='word_1_511' title='bbox 2492 1511 2543 1565; x_wconf 91' lang='lat' dir='ltr'><strong>id</strong></span> <span class='ocrx_word' id='word_1_512' title='bbox 2586 1513 2962 1581; x_wconf 84' lang='lat' dir='ltr'><strong>corrigendum</strong></span> <span class='ocrx_word' id='word_1_513' title='bbox 3011 1528 3131 1569; x_wconf 84' lang='lat' dir='ltr'><strong>esse</strong></span> <span class='ocrx_word' id='word_1_514' title='bbox 3155 1513 3421 1579; x_wconf 88' lang='lat' dir='ltr'><strong>didicerit,</strong></span> <span class='ocrx_word' id='word_1_515' title='bbox 3456 1522 3621 1583; x_wconf 82' lang='lat' dir='ltr'><strong>atque</strong></span> <span class='ocrx_word' id='word_1_516' title='bbox 3650 1531 3761 1568; x_wconf 77' lang='lat' dir='ltr'><strong>cor-</strong></span> 
     </span>
    </p>
   </div>
   <div class='ocr_carea' id='block_1_74' title="bbox 2186 1602 3763 1676">
    <p class='ocr_par' dir='ltr' id='par_1_74' title="bbox 2186 1602 3763 1676">
     <span class='ocr_line' id='line_1_74' title="bbox 2186 1602 3763 1676; baseline 0.003 -21"><span class='ocrx_word' id='word_1_517' title='bbox 2186 1605 2404 1668; x_wconf 76' lang='lat' dir='ltr'><strong>rexerit,</strong></span> <span class='ocrx_word' id='word_1_518' title='bbox 2429 1602 2605 1657; x_wconf 85' lang='lat' dir='ltr'><strong>denuo</strong></span> <span class='ocrx_word' id='word_1_519' title='bbox 2636 1604 2951 1673; x_wconf 81' lang='lat' dir='ltr'><strong>baptizatur,</strong></span> <span class='ocrx_word' id='word_1_520' title='bbox 2984 1620 3097 1659; x_wconf 80' lang='lat' dir='ltr'><strong>Sive</strong></span> <span class='ocrx_word' id='word_1_521' title='bbox 3124 1606 3263 1674; x_wconf 89' lang='lat' dir='ltr'><strong>apud</strong></span> <span class='ocrx_word' id='word_1_522' title='bbox 3310 1606 3456 1672; x_wconf 91' lang='lat' dir='ltr'><strong>illos,</strong></span> <span class='ocrx_word' id='word_1_523' title='bbox 3488 1608 3603 1660; x_wconf 87' lang='lat' dir='ltr'><strong>sive</strong></span> <span class='ocrx_word' id='word_1_524' title='bbox 3633 1607 3763 1676; x_wconf 85' lang='lat' dir='ltr'><strong>apud</strong></span> 
     </span>
    </p>
   </div>
   <div class='ocr_carea' id='block_1_75' title="bbox 2184 1693 3761 1765">
    <p class='ocr_par' dir='ltr' id='par_1_75' title="bbox 2184 1693 3761 1765">
     <span class='ocr_line' id='line_1_75' title="bbox 2184 1693 3761 1765; baseline 0.006 -21"><span class='ocrx_word' id='word_1_525' title='bbox 2184 1706 2300 1745; x_wconf 91' lang='lat' dir='ltr'><strong>nos.</strong></span> <span class='ocrx_word' id='word_1_526' title='bbox 2334 1693 2423 1747; x_wconf 91' lang='lat' dir='ltr'><strong>Sic</strong></span> <span class='ocrx_word' id='word_1_527' title='bbox 2448 1705 2499 1747; x_wconf 89' lang='lat' dir='ltr'><strong>et</strong></span> <span class='ocrx_word' id='word_1_528' title='bbox 2530 1694 2621 1747; x_wconf 92' lang='lat' dir='ltr'><strong>illa</strong></span> <span class='ocrx_word' id='word_1_529' title='bbox 2652 1710 2769 1765; x_wconf 73' lang='lat' dir='ltr'><strong>quae</strong></span> <span class='ocrx_word' id='word_1_530' title='bbox 2798 1696 3121 1752; x_wconf 88' lang='lat' dir='ltr'><strong>schismatici</strong></span> <span class='ocrx_word' id='word_1_531' title='bbox 3156 1699 3237 1753; x_wconf 89' lang='lat' dir='ltr'><strong>vel</strong></span> <span class='ocrx_word' id='word_1_532' title='bbox 3273 1697 3515 1753; x_wconf 71' lang='lat' dir='ltr'><strong>hmretiei</strong></span> <span class='ocrx_word' id='word_1_533' title='bbox 3547 1714 3651 1752; x_wconf 92' lang='lat' dir='ltr'><strong>non</strong></span> <span class='ocrx_word' id='word_1_534' title='bbox 3674 1701 3761 1753; x_wconf 83' lang='lat' dir='ltr'><strong>ali-</strong></span> 
     </span>
    </p>
   </div>
   <div class='ocr_carea' id='block_1_76' title="bbox 2186 1781 3761 1856">
    <p class='ocr_par' dir='ltr' id='par_1_76' title="bbox 2186 1781 3761 1856">
     <span class='ocr_line' id='line_1_76' title="bbox 2186 1781 3761 1856; baseline 0.008 -26"><span class='ocrx_word' id='word_1_535' title='bbox 2186 1791 2265 1833; x_wconf 88' lang='lat' dir='ltr'><strong>ter</strong></span> <span class='ocrx_word' id='word_1_536' title='bbox 2314 1781 2531 1847; x_wconf 85' lang='lat' dir='ltr'><strong>babent,</strong></span> <span class='ocrx_word' id='word_1_537' title='bbox 2579 1798 2677 1837; x_wconf 90' lang='lat' dir='ltr'><strong>nec</strong></span> <span class='ocrx_word' id='word_1_538' title='bbox 2726 1786 2885 1839; x_wconf 69' lang='lat' dir='ltr'><strong>aliter</strong></span> <span class='ocrx_word' id='word_1_539' title='bbox 2926 1794 3091 1855; x_wconf 83' lang='lat' dir='ltr'><strong>agunt</strong></span> <span class='ocrx_word' id='word_1_540' title='bbox 3135 1803 3293 1856; x_wconf 92' lang='lat' dir='ltr'><strong>quam</strong></span> <span class='ocrx_word' id='word_1_541' title='bbox 3336 1803 3462 1841; x_wconf 88' lang='lat' dir='ltr'><strong>vera</strong></span> <span class='ocrx_word' id='word_1_542' title='bbox 3509 1789 3761 1850; x_wconf 86' lang='lat' dir='ltr'><strong>Ecclesia,</strong></span> 
     </span>
    </p>
   </div>
   <div class='ocr_carea' id='block_1_77' title="bbox 2185 1873 3759 1947">
    <p class='ocr_par' dir='ltr' id='par_1_77' title="bbox 2185 1873 3759 1947">
     <span class='ocr_line' id='line_1_77' title="bbox 2185 1873 3759 1947; baseline 0.004 -22"><span class='ocrx_word' id='word_1_543' title='bbox 2185 1886 2303 1926; x_wconf 83' lang='lat' dir='ltr'><strong>cum</strong></span> <span class='ocrx_word' id='word_1_544' title='bbox 2332 1873 2399 1927; x_wconf 90' lang='lat' dir='ltr'><strong>ad</strong></span> <span class='ocrx_word' id='word_1_545' title='bbox 2433 1888 2531 1928; x_wconf 90' lang='lat' dir='ltr'><strong>nos</strong></span> <span class='ocrx_word' id='word_1_546' title='bbox 2554 1874 2796 1939; x_wconf 89' lang='lat' dir='ltr'><strong>veniunt,</strong></span> <span class='ocrx_word' id='word_1_547' title='bbox 2821 1891 2927 1929; x_wconf 92' lang='lat' dir='ltr'><strong>non</strong></span> <span class='ocrx_word' id='word_1_548' title='bbox 2954 1876 3327 1937; x_wconf 85' lang='lat' dir='ltr'><strong>emendamus,</strong></span> <span class='ocrx_word' id='word_1_549' title='bbox 3356 1879 3449 1932; x_wconf 91' lang='lat' dir='ltr'><strong>sed</strong></span> <span class='ocrx_word' id='word_1_550' title='bbox 3479 1880 3654 1947; x_wconf 83' lang='lat' dir='ltr'><strong>potius</strong></span> <span class='ocrx_word' id='word_1_551' title='bbox 3678 1880 3759 1932; x_wconf 86' lang='lat' dir='ltr'><strong>ad-</strong></span> 
     </span>
    </p>
   </div>
   <div class='ocr_carea' id='block_1_78' title="bbox 2187 1964 3754 2035">
    <p class='ocr_par' dir='ltr' id='par_1_78' title="bbox 2187 1964 3754 2035">
     <span class='ocr_line' id='line_1_78' title="bbox 2187 1964 3754 2035; baseline 0.006 -20"><span class='ocrx_word' id='word_1_552' title='bbox 2187 1964 2507 2030; x_wconf 89' lang='lat' dir='ltr'><strong>probamus;</strong></span> <span class='ocrx_word' id='word_1_553' title='bbox 2541 1966 2593 2019; x_wconf 91' lang='lat' dir='ltr'><strong>in</strong></span> <span class='ocrx_word' id='word_1_554' title='bbox 2617 1965 2808 2035; x_wconf 87' lang='lat' dir='ltr'><strong>quibus</strong></span> <span class='ocrx_word' id='word_1_555' title='bbox 2850 1968 2993 2021; x_wconf 89' lang='lat' dir='ltr'><strong>enim</strong></span> <span class='ocrx_word' id='word_1_556' title='bbox 3025 1983 3130 2021; x_wconf 90' lang='lat' dir='ltr'><strong>non</strong></span> <span class='ocrx_word' id='word_1_557' title='bbox 3157 1968 3480 2023; x_wconf 87' lang='lat' dir='ltr'><strong>dissentiunt</strong></span> <span class='ocrx_word' id='word_1_558' title='bbox 3529 1983 3561 2021; x_wconf 91' lang='lat' dir='ltr'><strong>a</strong></span> <span class='ocrx_word' id='word_1_559' title='bbox 3591 1971 3754 2033; x_wconf 89' lang='lat' dir='ltr'><strong>nobis,</strong></span> 
     </span>
    </p>
   </div>
   <div class='ocr_carea' id='block_1_79' title="bbox 2184 2056 3760 2129">
    <p class='ocr_par' dir='ltr' id='par_1_79' title="bbox 2184 2056 3760 2129">
     <span class='ocr_line' id='line_1_79' title="bbox 2184 2056 3760 2129; baseline 0.003 -21"><span class='ocrx_word' id='word_1_560' title='bbox 2184 2056 2235 2108; x_wconf 91' lang='lat' dir='ltr'><strong>in</strong></span> <span class='ocrx_word' id='word_1_561' title='bbox 2267 2056 2345 2110; x_wconf 90' lang='lat' dir='ltr'><strong>eis</strong></span> <span class='ocrx_word' id='word_1_562' title='bbox 2373 2071 2477 2111; x_wconf 90' lang='lat' dir='ltr'><strong>non</strong></span> <span class='ocrx_word' id='word_1_563' title='bbox 2509 2057 2889 2128; x_wconf 88' lang='lat' dir='ltr'><strong>disjunguntur</strong></span> <span class='ocrx_word' id='word_1_564' title='bbox 2918 2074 2947 2112; x_wconf 89' lang='lat' dir='ltr'><strong>a</strong></span> <span class='ocrx_word' id='word_1_565' title='bbox 2979 2059 3153 2125; x_wconf 84' lang='lat' dir='ltr'><strong>nobis;</strong></span> <span class='ocrx_word' id='word_1_566' title='bbox 3182 2061 3275 2114; x_wconf 87' lang='lat' dir='ltr'><strong>sed</strong></span> <span class='ocrx_word' id='word_1_567' title='bbox 3312 2072 3492 2114; x_wconf 85' lang='lat' dir='ltr'><strong>tamen</strong></span> <span class='ocrx_word' id='word_1_568' title='bbox 3525 2063 3646 2129; x_wconf 84' lang='lat' dir='ltr'><strong>quia</strong></span> <span class='ocrx_word' id='word_1_569' title='bbox 3688 2062 3760 2114; x_wconf 52' lang='lat' dir='ltr'><strong>ni.</strong></span> 
     </span>
    </p>
   </div>
   <div class='ocr_carea' id='block_1_80' title="bbox 2184 2145 3755 2219">
    <p class='ocr_par' dir='ltr' id='par_1_80' title="bbox 2184 2145 3755 2219">
     <span class='ocr_line' id='line_1_80' title="bbox 2184 2145 3755 2219; baseline 0.003 -20"><span class='ocrx_word' id='word_1_570' title='bbox 2184 2145 2255 2199; x_wconf 90' lang='lat' dir='ltr'><strong>hil</strong></span> <span class='ocrx_word' id='word_1_571' title='bbox 2286 2147 2365 2201; x_wconf 89' lang='lat' dir='ltr'><strong>eis</strong></span> <span class='ocrx_word' id='word_1_572' title='bbox 2389 2156 2611 2217; x_wconf 90' lang='lat' dir='ltr'><strong>prosunt</strong></span> <span class='ocrx_word' id='word_1_573' title='bbox 2636 2150 2872 2219; x_wconf 87' lang='lat' dir='ltr'><strong>quandiu</strong></span> <span class='ocrx_word' id='word_1_574' title='bbox 2904 2149 3228 2204; x_wconf 88' lang='lat' dir='ltr'><strong>schismatici</strong></span> <span class='ocrx_word' id='word_1_575' title='bbox 3252 2151 3332 2205; x_wconf 90' lang='lat' dir='ltr'><strong>vel</strong></span> <span class='ocrx_word' id='word_1_576' title='bbox 3363 2152 3603 2206; x_wconf 65' lang='lat' dir='ltr'><strong>haeretici</strong></span> <span class='ocrx_word' id='word_1_577' title='bbox 3623 2160 3755 2215; x_wconf 88' lang='lat' dir='ltr'><strong>sunt,</strong></span> 
     </span>
    </p>
   </div>
   <div class='ocr_carea' id='block_1_81' title="bbox 2184 2240 3753 2311">
    <p class='ocr_par' dir='ltr' id='par_1_81' title="bbox 2184 2240 3753 2311">
     <span class='ocr_line' id='line_1_81' title="bbox 2184 2240 3753 2311; baseline 0.002 -19"><span class='ocrx_word' id='word_1_578' title='bbox 2184 2250 2401 2308; x_wconf 89' lang='lat' dir='ltr'><strong>propter</strong></span> <span class='ocrx_word' id='word_1_579' title='bbox 2432 2240 2537 2294; x_wconf 89' lang='lat' dir='ltr'><strong>alia</strong></span> <span class='ocrx_word' id='word_1_580' title='bbox 2569 2241 2620 2296; x_wconf 91' lang='lat' dir='ltr'><strong>in</strong></span> <span class='ocrx_word' id='word_1_581' title='bbox 2653 2242 2848 2311; x_wconf 87' lang='lat' dir='ltr'><strong>quibus</strong></span> <span class='ocrx_word' id='word_1_582' title='bbox 2875 2257 2904 2295; x_wconf 92' lang='lat' dir='ltr'><strong>a</strong></span> <span class='ocrx_word' id='word_1_583' title='bbox 2935 2242 3159 2297; x_wconf 80' lang='lat' dir='ltr'><strong>veritate</strong></span> <span class='ocrx_word' id='word_1_584' title='bbox 3184 2242 3531 2309; x_wconf 86' lang='lat' dir='ltr'><strong>dissentiunt,</strong></span> <span class='ocrx_word' id='word_1_585' title='bbox 3559 2254 3613 2298; x_wconf 89' lang='lat' dir='ltr'><strong>et</strong></span> <span class='ocrx_word' id='word_1_586' title='bbox 3643 2259 3753 2311; x_wconf 87' lang='lat' dir='ltr'><strong>pro-</strong></span> 
     </span>
    </p>
   </div>
   <div class='ocr_carea' id='block_1_82' title="bbox 2183 2331 3757 2401">
    <p class='ocr_par' dir='ltr' id='par_1_82' title="bbox 2183 2331 3757 2401">
     <span class='ocr_line' id='line_1_82' title="bbox 2183 2331 3757 2401; baseline 0.001 -17"><span class='ocrx_word' id='word_1_587' title='bbox 2183 2340 2303 2399; x_wconf 89' lang='lat' dir='ltr'><strong>pter</strong></span> <span class='ocrx_word' id='word_1_588' title='bbox 2334 2331 2509 2399; x_wconf 90' lang='lat' dir='ltr'><strong>ipsum</strong></span> <span class='ocrx_word' id='word_1_589' title='bbox 2536 2333 2891 2401; x_wconf 88' lang='lat' dir='ltr'><strong>separationis</strong></span> <span class='ocrx_word' id='word_1_590' title='bbox 2926 2333 3368 2388; x_wconf 85' lang='lat' dir='ltr'><strong>immanissimum</strong></span> <span class='ocrx_word' id='word_1_591' title='bbox 3414 2334 3618 2399; x_wconf 90' lang='lat' dir='ltr'><strong>scelus,</strong></span> <span class='ocrx_word' id='word_1_592' title='bbox 3654 2335 3757 2386; x_wconf 85' lang='lat' dir='ltr'><strong>sive</strong></span> 
     </span>
    </p>
   </div>
   <div class='ocr_carea' id='block_1_83' title="bbox 2183 2424 3756 2494">
    <p class='ocr_par' dir='ltr' id='par_1_83' title="bbox 2183 2424 3756 2494">
     <span class='ocr_line' id='line_1_83' title="bbox 2183 2424 3756 2494; baseline 0.004 -20"><span class='ocrx_word' id='word_1_593' title='bbox 2183 2424 2577 2490; x_wconf 84' lang='lat' dir='ltr'><strong>permanserint</strong></span> <span class='ocrx_word' id='word_1_594' title='bbox 2617 2424 2669 2479; x_wconf 89' lang='lat' dir='ltr'><strong>in</strong></span> <span class='ocrx_word' id='word_1_595' title='bbox 2719 2426 2798 2480; x_wconf 89' lang='lat' dir='ltr'><strong>eis</strong></span> <span class='ocrx_word' id='word_1_596' title='bbox 2828 2434 3068 2494; x_wconf 78' lang='lat' dir='ltr'><strong>peccata,</strong></span> <span class='ocrx_word' id='word_1_597' title='bbox 3100 2427 3215 2481; x_wconf 73' lang='lat' dir='ltr'><strong>sive</strong></span> <span class='ocrx_word' id='word_1_598' title='bbox 3244 2429 3507 2482; x_wconf 89' lang='lat' dir='ltr'><strong>continuo</strong></span> <span class='ocrx_word' id='word_1_599' title='bbox 3547 2427 3756 2480; x_wconf 76' lang='lat' dir='ltr'><strong>dimissa</strong></span> 
     </span>
    </p>
   </div>
   <div class='ocr_carea' id='block_1_84' title="bbox 2182 2515 3755 2590">
    <p class='ocr_par' dir='ltr' id='par_1_84' title="bbox 2182 2515 3755 2590">
     <span class='ocr_line' id='line_1_84' title="bbox 2182 2515 3755 2590; baseline 0.004 -22"><span class='ocrx_word' id='word_1_600' title='bbox 2182 2515 2459 2581; x_wconf 90' lang='lat' dir='ltr'><strong>redierint,</strong></span> <span class='ocrx_word' id='word_1_601' title='bbox 2491 2527 2549 2572; x_wconf 96' lang='lat' dir='ltr'><strong>ut</strong></span> <span class='ocrx_word' id='word_1_602' title='bbox 2595 2519 2662 2573; x_wconf 89' lang='lat' dir='ltr'><strong>ad</strong></span> <span class='ocrx_word' id='word_1_603' title='bbox 2703 2521 2929 2574; x_wconf 90' lang='lat' dir='ltr'><strong>salutem</strong></span> <span class='ocrx_word' id='word_1_604' title='bbox 2981 2522 3127 2589; x_wconf 89' lang='lat' dir='ltr'><strong>pacis</strong></span> <span class='ocrx_word' id='word_1_605' title='bbox 3168 2530 3328 2590; x_wconf 90' lang='lat' dir='ltr'><strong>atque</strong></span> <span class='ocrx_word' id='word_1_606' title='bbox 3363 2524 3646 2576; x_wconf 89' lang='lat' dir='ltr'><strong>cbaritatis</strong></span> <span class='ocrx_word' id='word_1_607' title='bbox 3672 2538 3755 2576; x_wconf 82' lang='lat' dir='ltr'><strong>ve-</strong></span> 
     </span>
    </p>
   </div>
   <div class='ocr_carea' id='block_1_85' title="bbox 2181 2605 3757 2680">
    <p class='ocr_par' dir='ltr' id='par_1_85' title="bbox 2181 2605 3757 2680">
     <span class='ocr_line' id='line_1_85' title="bbox 2181 2605 3757 2680; baseline 0.004 -21"><span class='ocrx_word' id='word_1_608' title='bbox 2181 2605 2352 2672; x_wconf 91' lang='lat' dir='ltr'><strong>niant,</strong></span> <span class='ocrx_word' id='word_1_609' title='bbox 2402 2608 2786 2675; x_wconf 82' lang='lat' dir='ltr'><strong>adhortantur;</strong></span> <span class='ocrx_word' id='word_1_610' title='bbox 2821 2627 2924 2663; x_wconf 80' lang='lat' dir='ltr'><strong>non</strong></span> <span class='ocrx_word' id='word_1_611' title='bbox 2973 2612 3169 2676; x_wconf 88' lang='lat' dir='ltr'><strong>solum,</strong></span> <span class='ocrx_word' id='word_1_612' title='bbox 3202 2624 3257 2665; x_wconf 92' lang='lat' dir='ltr'><strong>ut</strong></span> <span class='ocrx_word' id='word_1_613' title='bbox 3302 2612 3507 2680; x_wconf 87' lang='lat' dir='ltr'><strong>aliquid</strong></span> <span class='ocrx_word' id='word_1_614' title='bbox 3540 2613 3757 2665; x_wconf 87' lang='lat' dir='ltr'><strong>habeant</strong></span> 
     </span>
    </p>
   </div>
   <div class='ocr_carea' id='block_1_86' title="bbox 2181 2698 3755 2774">
    <p class='ocr_par' dir='ltr' id='par_1_86' title="bbox 2181 2698 3755 2774">
     <span class='ocr_line' id='line_1_86' title="bbox 2181 2698 3755 2774; baseline 0.006 -26"><span class='ocrx_word' id='word_1_615' title='bbox 2181 2698 2320 2765; x_wconf 88' lang='lat' dir='ltr'><strong>quod</strong></span> <span class='ocrx_word' id='word_1_616' title='bbox 2356 2714 2459 2753; x_wconf 92' lang='lat' dir='ltr'><strong>non</strong></span> <span class='ocrx_word' id='word_1_617' title='bbox 2495 2700 2781 2766; x_wconf 83' lang='lat' dir='ltr'><strong>habebant,</strong></span> <span class='ocrx_word' id='word_1_618' title='bbox 2817 2702 2911 2757; x_wconf 87' lang='lat' dir='ltr'><strong>sed</strong></span> <span class='ocrx_word' id='word_1_619' title='bbox 2943 2714 2998 2755; x_wconf 91' lang='lat' dir='ltr'><strong>ut</strong></span> <span class='ocrx_word' id='word_1_620' title='bbox 3037 2705 3121 2757; x_wconf 80' lang='lat' dir='ltr'><strong>eis</strong></span> <span class='ocrx_word' id='word_1_621' title='bbox 3148 2706 3307 2758; x_wconf 89' lang='lat' dir='ltr'><strong>etlam</strong></span> <span class='ocrx_word' id='word_1_622' title='bbox 3340 2704 3464 2757; x_wconf 91' lang='lat' dir='ltr'><strong>illud</strong></span> <span class='ocrx_word' id='word_1_623' title='bbox 3509 2704 3755 2774; x_wconf 83' lang='lat' dir='ltr'><strong>prodesse</strong></span> 
     </span>
    </p>
   </div>
   <div class='ocr_carea' id='block_1_87' title="bbox 2182 2788 2908 2860">
    <p class='ocr_par' dir='ltr' id='par_1_87' title="bbox 2182 2788 2908 2860">
     <span class='ocr_line' id='line_1_87' title="bbox 2182 2788 2908 2860; baseline 0.01 -18"><span class='ocrx_word' id='word_1_624' title='bbox 2182 2788 2425 2859; x_wconf 82' lang='lat' dir='ltr'><strong>incipiat,</strong></span> <span class='ocrx_word' id='word_1_625' title='bbox 2449 2793 2593 2860; x_wconf 90' lang='lat' dir='ltr'><strong>quod</strong></span> <span class='ocrx_word' id='word_1_626' title='bbox 2618 2793 2908 2849; x_wconf 82' lang='lat' dir='ltr'><strong>habebant.</strong></span> 
     </span>
    </p>
   </div>
   <div class='ocr_carea' id='block_1_88' title="bbox 2722 2880 3214 2939">
    <p class='ocr_par' dir='ltr' id='par_1_88' title="bbox 2722 2880 3214 2939">
     <span class='ocr_line' id='line_1_88' title="bbox 2722 2880 3214 2939; baseline 0.002 -2"><span class='ocrx_word' id='word_1_627' title='bbox 2722 2880 2949 2939; x_wconf 80' lang='lat' dir='ltr'><strong>CAPUT</strong></span> <span class='ocrx_word' id='word_1_628' title='bbox 2988 2882 3214 2939; x_wconf 74' lang='lat' dir='ltr'><strong>CCXIV.</strong></span> 
     </span>
    </p>
   </div>
   <div class='ocr_carea' id='block_1_89' title="bbox 2184 2970 3754 3050">
    <p class='ocr_par' dir='ltr' id='par_1_89' title="bbox 2184 2970 3754 3050">
     <span class='ocr_line' id='line_1_89' title="bbox 2184 2970 3754 3050; baseline 0.006 -27"><span class='ocrx_word' id='word_1_629' title='bbox 2184 2970 2337 3037; x_wconf 84' lang='lat' dir='ltr'><strong>Quod</strong></span> <span class='ocrx_word' id='word_1_630' title='bbox 2365 2972 2844 3050; x_wconf 80' lang='lat' dir='ltr'><strong>baptismus_Deisit</strong></span> <span class='ocrx_word' id='word_1_631' title='bbox 2872 2991 2915 3029; x_wconf 77' lang='lat' dir='ltr'><strong>et</strong></span> <span class='ocrx_word' id='word_1_632' title='bbox 2944 2976 3189 3032; x_wconf 54' lang='lat' dir='ltr'><strong>Ecclesia:</strong></span> <span class='ocrx_word' id='word_1_633' title='bbox 3212 2979 3499 3050; x_wconf 79' lang='lat' dir='ltr'><strong>ubicunque</strong></span> <span class='ocrx_word' id='word_1_634' title='bbox 3531 2981 3754 3035; x_wconf 82' lang='lat' dir='ltr'><strong>inventus</strong></span> 
     </span>
    </p>
   </div>
   <div class='ocr_carea' id='block_1_90' title="bbox 2643 3047 3283 3114">
    <p class='ocr_par' dir='ltr' id='par_1_90' title="bbox 2643 3047 3283 3114">
     <span class='ocr_line' id='line_1_90' title="bbox 2643 3047 3283 3114; baseline 0.006 -16"><span class='ocrx_word' id='word_1_635' title='bbox 2643 3047 2820 3114; x_wconf 69' lang='lat' dir='ltr'><strong>fuerit,</strong></span> <span class='ocrx_word' id='word_1_636' title='bbox 2846 3064 2907 3101; x_wconf 77' lang='lat' dir='ltr'><strong>ea:</strong></span> <span class='ocrx_word' id='word_1_637' title='bbox 2934 3051 3108 3102; x_wconf 86' lang='lat' dir='ltr'><strong>eodem</strong></span> <span class='ocrx_word' id='word_1_638' title='bbox 3135 3051 3283 3103; x_wconf 86' lang='lat' dir='ltr'><strong>libro.</strong></span> 
     </span>
    </p>
   </div>
   <div class='ocr_carea' id='block_1_91' title="bbox 2256 3131 3748 3206">
    <p class='ocr_par' dir='ltr' id='par_1_91' title="bbox 2256 3131 3748 3206">
     <span class='ocr_line' id='line_1_91' title="bbox 2256 3131 3748 3206; baseline 0.007 -21"><span class='ocrx_word' id='word_1_639' title='bbox 2256 3131 2476 3187; x_wconf 83' lang='lat' dir='ltr'><strong>Frustra</strong></span> <span class='ocrx_word' id='word_1_640' title='bbox 2505 3149 2634 3206; x_wconf 85' lang='lat' dir='ltr'><strong>ergo</strong></span> <span class='ocrx_word' id='word_1_641' title='bbox 2657 3135 2808 3190; x_wconf 76' lang='lat' dir='ltr'><strong>nobis</strong></span> <span class='ocrx_word' id='word_1_642' title='bbox 2831 3137 3011 3192; x_wconf 92' lang='lat' dir='ltr'><strong>dicunt</strong></span> <span class='ocrx_word' id='word_1_643' title='bbox 3039 3156 3051 3190; x_wconf 93' lang='lat'>:</span> <span class='ocrx_word' id='word_1_644' title='bbox 3077 3138 3134 3194; x_wconf 88' lang='lat' dir='ltr'><strong>Si</strong></span> <span class='ocrx_word' id='word_1_645' title='bbox 3163 3139 3485 3206; x_wconf 85' lang='lat' dir='ltr'><strong>baptismum</strong></span> <span class='ocrx_word' id='word_1_646' title='bbox 3517 3148 3748 3195; x_wconf 87' lang='lat' dir='ltr'><strong>nostrum</strong></span> 
     </span>
    </p>
   </div>
   <div class='ocr_carea' id='block_1_92' title="bbox 2179 3226 3751 3297">
    <p class='ocr_par' dir='ltr' id='par_1_92' title="bbox 2179 3226 3751 3297">
     <span class='ocr_line' id='line_1_92' title="bbox 2179 3226 3751 3297; baseline 0.007 -20"><span class='ocrx_word' id='word_1_647' title='bbox 2179 3226 2491 3293; x_wconf 87' lang='lat' dir='ltr'><strong>acceptatis,</strong></span> <span class='ocrx_word' id='word_1_648' title='bbox 2522 3228 2645 3295; x_wconf 86' lang='lat' dir='ltr'><strong>quid</strong></span> <span class='ocrx_word' id='word_1_649' title='bbox 2679 3229 2853 3283; x_wconf 90' lang='lat' dir='ltr'><strong>minus</strong></span> <span class='ocrx_word' id='word_1_650' title='bbox 2885 3229 3163 3297; x_wconf 87' lang='lat' dir='ltr'><strong>habemus,</strong></span> <span class='ocrx_word' id='word_1_651' title='bbox 3213 3240 3272 3285; x_wconf 92' lang='lat' dir='ltr'><strong>ut</strong></span> <span class='ocrx_word' id='word_1_652' title='bbox 3298 3233 3452 3286; x_wconf 90' lang='lat' dir='ltr'><strong>nobis</strong></span> <span class='ocrx_word' id='word_1_653' title='bbox 3477 3233 3551 3288; x_wconf 91' lang='lat' dir='ltr'><strong>de</strong></span> <span class='ocrx_word' id='word_1_654' title='bbox 3588 3242 3751 3288; x_wconf 85' lang='lat' dir='ltr'><strong>vestra</strong></span> 
     </span>
    </p>
   </div>
   <div class='ocr_carea' id='block_1_93' title="bbox 2181 3320 3750 3392">
    <p class='ocr_par' dir='ltr' id='par_1_93' title="bbox 2181 3320 3750 3392">
     <span class='ocr_line' id='line_1_93' title="bbox 2181 3320 3750 3392; baseline 0.005 -22"><span class='ocrx_word' id='word_1_655' title='bbox 2181 3320 2559 3372; x_wconf 89' lang='lat' dir='ltr'><strong>communione</strong></span> <span class='ocrx_word' id='word_1_656' title='bbox 2623 3320 3006 3375; x_wconf 83' lang='lat' dir='ltr'><strong>consulendum</strong></span> <span class='ocrx_word' id='word_1_657' title='bbox 3067 3323 3295 3392; x_wconf 88' lang='lat' dir='ltr'><strong>putetis?</strong></span> <span class='ocrx_word' id='word_1_658' title='bbox 3350 3324 3750 3390; x_wconf 76' lang='lat' dir='ltr'><strong>Respondemus</strong></span> 
     </span>
    </p>
   </div>
   <div class='ocr_carea' id='block_1_94' title="bbox 2177 3412 3751 3487">
    <p class='ocr_par' dir='ltr' id='par_1_94' title="bbox 2177 3412 3751 3487">
     <span class='ocr_line' id='line_1_94' title="bbox 2177 3412 3751 3487; baseline 0.004 -22"><span class='ocrx_word' id='word_1_659' title='bbox 2177 3412 2318 3466; x_wconf 85' lang='lat' dir='ltr'><strong>enim</strong></span> <span class='ocrx_word' id='word_1_660' title='bbox 2348 3430 2359 3465; x_wconf 91' lang='lat'><strong>:</strong></span> <span class='ocrx_word' id='word_1_661' title='bbox 2387 3413 2503 3468; x_wconf 86' lang='lat' dir='ltr'><strong>Non</strong></span> <span class='ocrx_word' id='word_1_662' title='bbox 2557 3415 2875 3483; x_wconf 89' lang='lat' dir='ltr'><strong>baptismum</strong></span> <span class='ocrx_word' id='word_1_663' title='bbox 2932 3427 3168 3471; x_wconf 88' lang='lat' dir='ltr'><strong>vestrum</strong></span> <span class='ocrx_word' id='word_1_664' title='bbox 3216 3426 3564 3485; x_wconf 85' lang='lat' dir='ltr'><strong>acceptamus</strong></span> <span class='ocrx_word' id='word_1_665' title='bbox 3613 3417 3751 3487; x_wconf 84' lang='lat' dir='ltr'><strong>(quia</strong></span> 
     </span>
    </p>
   </div>
   <div class='ocr_carea' id='block_1_95' title="bbox 2178 3506 3754 3574">
    <p class='ocr_par' dir='ltr' id='par_1_95' title="bbox 2178 3506 3754 3574">
     <span class='ocr_line' id='line_1_95' title="bbox 2178 3506 3754 3574; baseline 0.003 -17"><span class='ocrx_word' id='word_1_666' title='bbox 2178 3519 2283 3558; x_wconf 93' lang='lat' dir='ltr'><strong>non</strong></span> <span class='ocrx_word' id='word_1_667' title='bbox 2310 3515 2395 3559; x_wconf 90' lang='lat' dir='ltr'><strong>est</strong></span> <span class='ocrx_word' id='word_1_668' title='bbox 2416 3506 2715 3574; x_wconf 86' lang='lat' dir='ltr'><strong>baptismus</strong></span> <span class='ocrx_word' id='word_1_669' title='bbox 2747 3508 2838 3563; x_wconf 92' lang='lat' dir='ltr'><strong>ille</strong></span> <span class='ocrx_word' id='word_1_670' title='bbox 2862 3509 3328 3564; x_wconf 88' lang='lat' dir='ltr'><strong>schismaticorum</strong></span> <span class='ocrx_word' id='word_1_671' title='bbox 3362 3511 3447 3563; x_wconf 91' lang='lat' dir='ltr'><strong>vel</strong></span> <span class='ocrx_word' id='word_1_672' title='bbox 3485 3511 3754 3565; x_wconf 75' lang='lat' dir='ltr'><strong>lizeretico-</strong></span> 
     </span>
    </p>
   </div>
   <div class='ocr_carea' id='block_1_96' title="bbox 2177 3594 3754 3669">
    <p class='ocr_par' dir='ltr' id='par_1_96' title="bbox 2177 3594 3754 3669">
     <span class='ocr_line' id='line_1_96' title="bbox 2177 3594 3754 3669; baseline 0.004 -22"><span class='ocrx_word' id='word_1_673' title='bbox 2177 3594 2340 3661; x_wconf 88' lang='lat' dir='ltr'><strong>rum),</strong></span> <span class='ocrx_word' id='word_1_674' title='bbox 2373 3597 2466 3650; x_wconf 90' lang='lat' dir='ltr'><strong>sed</strong></span> <span class='ocrx_word' id='word_1_675' title='bbox 2502 3597 2594 3651; x_wconf 90' lang='lat' dir='ltr'><strong>Dei</strong></span> <span class='ocrx_word' id='word_1_676' title='bbox 2627 3607 2679 3652; x_wconf 91' lang='lat' dir='ltr'><strong>et</strong></span> <span class='ocrx_word' id='word_1_677' title='bbox 2707 3598 2981 3662; x_wconf 67' lang='lat' dir='ltr'><strong>Ecclesiae.</strong></span> <span class='ocrx_word' id='word_1_678' title='bbox 3016 3600 3337 3669; x_wconf 86' lang='lat' dir='ltr'><strong>ubicumque</strong></span> <span class='ocrx_word' id='word_1_679' title='bbox 3369 3600 3537 3655; x_wconf 73' lang='lat' dir='ltr'><strong>fuerit</strong></span> <span class='ocrx_word' id='word_1_680' title='bbox 3583 3602 3754 3654; x_wconf 85' lang='lat' dir='ltr'><strong>iuven-</strong></span> 
     </span>
    </p>
   </div>
   <div class='ocr_carea' id='block_1_97' title="bbox 2180 3689 3752 3757">
    <p class='ocr_par' dir='ltr' id='par_1_97' title="bbox 2180 3689 3752 3757">
     <span class='ocr_line' id='line_1_97' title="bbox 2180 3689 3752 3757; baseline 0.004 -20"><span class='ocrx_word' id='word_1_681' title='bbox 2180 3694 2283 3748; x_wconf 92' lang='lat' dir='ltr'><strong>tus,</strong></span> <span class='ocrx_word' id='word_1_682' title='bbox 2327 3693 2382 3737; x_wconf 91' lang='lat' dir='ltr'><strong>et</strong></span> <span class='ocrx_word' id='word_1_683' title='bbox 2413 3701 2733 3757; x_wconf 88' lang='lat' dir='ltr'><strong>quocunque</strong></span> <span class='ocrx_word' id='word_1_684' title='bbox 2785 3690 3095 3744; x_wconf 82' lang='lat' dir='ltr'><strong>translatus.</strong></span> <span class='ocrx_word' id='word_1_685' title='bbox 3136 3689 3384 3746; x_wconf 77' lang='lat' dir='ltr'><strong>Vestrum</strong></span> <span class='ocrx_word' id='word_1_686' title='bbox 3431 3701 3613 3745; x_wconf 88' lang='lat' dir='ltr'><strong>autem</strong></span> <span class='ocrx_word' id='word_1_687' title='bbox 3655 3705 3752 3743; x_wconf 89' lang='lat' dir='ltr'><strong>non</strong></span> 
     </span>
    </p>
   </div>
   <div class='ocr_carea' id='block_1_98' title="bbox 2176 3778 3740 3853">
    <p class='ocr_par' dir='ltr' id='par_1_98' title="bbox 2176 3778 3740 3853">
     <span class='ocr_line' id='line_1_98' title="bbox 2176 3778 3740 3853; baseline 0.003 -22"><span class='ocrx_word' id='word_1_688' title='bbox 2176 3787 2277 3843; x_wconf 88' lang='lat' dir='ltr'><strong>est,</strong></span> <span class='ocrx_word' id='word_1_689' title='bbox 2306 3778 2406 3832; x_wconf 87' lang='lat' dir='ltr'><strong>nisi</strong></span> <span class='ocrx_word' id='word_1_690' title='bbox 2437 3781 2577 3848; x_wconf 92' lang='lat' dir='ltr'><strong>quod</strong></span> <span class='ocrx_word' id='word_1_691' title='bbox 2612 3795 2772 3849; x_wconf 88' lang='lat' dir='ltr'><strong>prave</strong></span> <span class='ocrx_word' id='word_1_692' title='bbox 2820 3783 3053 3847; x_wconf 91' lang='lat' dir='ltr'><strong>sentitis,</strong></span> <span class='ocrx_word' id='word_1_693' title='bbox 3095 3791 3150 3837; x_wconf 89' lang='lat' dir='ltr'><strong>et</strong></span> <span class='ocrx_word' id='word_1_694' title='bbox 3178 3782 3436 3851; x_wconf 87' lang='lat' dir='ltr'><strong>sacrilege</strong></span> <span class='ocrx_word' id='word_1_695' title='bbox 3481 3784 3660 3853; x_wconf 83' lang='lat' dir='ltr'><strong>agitis,</strong></span> <span class='ocrx_word' id='word_1_696' title='bbox 3691 3792 3740 3836; x_wconf 89' lang='lat' dir='ltr'><strong>et</strong></span> 
     </span>
    </p>
   </div>
   <div class='ocr_carea' id='block_1_99' title="bbox 2178 3867 3751 3936">
    <p class='ocr_par' dir='ltr' id='par_1_99' title="bbox 2178 3867 3751 3936">
     <span class='ocr_line' id='line_1_99' title="bbox 2178 3867 3751 3936; baseline 0.001 -15"><span class='ocrx_word' id='word_1_697' title='bbox 2178 3867 2336 3935; x_wconf 91' lang='lat' dir='ltr'><strong>impie</strong></span> <span class='ocrx_word' id='word_1_698' title='bbox 2363 3871 2713 3936; x_wconf 86' lang='lat' dir='ltr'><strong>separamini.</strong></span> <span class='ocrx_word' id='word_1_699' title='bbox 2742 3871 2872 3924; x_wconf 81' lang='lat' dir='ltr'><strong>Nam</strong></span> <span class='ocrx_word' id='word_1_700' title='bbox 2899 3872 2943 3926; x_wconf 90' lang='lat' dir='ltr'><strong>si</strong></span> <span class='ocrx_word' id='word_1_701' title='bbox 2970 3883 3162 3926; x_wconf 67' lang='lat' dir='ltr'><strong>cietera</strong></span> <span class='ocrx_word' id='word_1_702' title='bbox 3196 3873 3374 3925; x_wconf 84' lang='lat' dir='ltr'><strong>omnia</strong></span> <span class='ocrx_word' id='word_1_703' title='bbox 3397 3886 3526 3926; x_wconf 88' lang='lat' dir='ltr'><strong>vera</strong></span> <span class='ocrx_word' id='word_1_704' title='bbox 3557 3873 3638 3925; x_wconf 89' lang='lat' dir='ltr'><strong>vel</strong></span> <span class='ocrx_word' id='word_1_705' title='bbox 3670 3872 3751 3924; x_wconf 82' lang='lat' dir='ltr'><strong>ba-</strong></span> 
     </span>
    </p>
   </div>
   <div class='ocr_carea' id='block_1_100' title="bbox 2177 3958 3753 4033">
    <p class='ocr_par' dir='ltr' id='par_1_100' title="bbox 2177 3958 3753 4033">
     <span class='ocr_line' id='line_1_100' title="bbox 2177 3958 3753 4033; baseline 0.004 -23"><span class='ocrx_word' id='word_1_706' title='bbox 2177 3958 2344 4011; x_wconf 81' lang='lat' dir='ltr'><strong>beatis</strong></span> <span class='ocrx_word' id='word_1_707' title='bbox 2368 3960 2447 4013; x_wconf 88' lang='lat' dir='ltr'><strong>vel</strong></span> <span class='ocrx_word' id='word_1_708' title='bbox 2491 3961 2733 4016; x_wconf 79' lang='lat' dir='ltr'><strong>sentiatis</strong></span> <span class='ocrx_word' id='word_1_709' title='bbox 2766 3963 2840 4032; x_wconf 91' lang='lat' dir='ltr'><strong>(et</strong></span> <span class='ocrx_word' id='word_1_710' title='bbox 2887 3964 2939 4017; x_wconf 90' lang='lat' dir='ltr'><strong>in</strong></span> <span class='ocrx_word' id='word_1_711' title='bbox 2972 3964 3158 4018; x_wconf 87' lang='lat' dir='ltr'><strong>eadem</strong></span> <span class='ocrx_word' id='word_1_712' title='bbox 3194 3974 3368 4018; x_wconf 90' lang='lat' dir='ltr'><strong>tamen</strong></span> <span class='ocrx_word' id='word_1_713' title='bbox 3423 3965 3753 4033; x_wconf 83' lang='lat' dir='ltr'><strong>separatione</strong></span> 
     </span>
    </p>
   </div>
   <div class='ocr_carea' id='block_1_101' title="bbox 2176 4048 3749 4123">
    <p class='ocr_par' dir='ltr' id='par_1_101' title="bbox 2176 4048 3749 4123">
     <span class='ocr_line' id='line_1_101' title="bbox 2176 4048 3749 4123; baseline 0.003 -23"><span class='ocrx_word' id='word_1_714' title='bbox 2176 4048 2400 4113; x_wconf 89' lang='lat' dir='ltr'><strong>duretis,</strong></span> <span class='ocrx_word' id='word_1_715' title='bbox 2428 4049 2685 4106; x_wconf 81' lang='lat' dir='ltr'><strong>adversus</strong></span> <span class='ocrx_word' id='word_1_716' title='bbox 2716 4053 2983 4107; x_wconf 90' lang='lat' dir='ltr'><strong>vinculum</strong></span> <span class='ocrx_word' id='word_1_717' title='bbox 3019 4053 3268 4109; x_wconf 64' lang='lat' dir='ltr'><strong>fraterna:</strong></span> <span class='ocrx_word' id='word_1_718' title='bbox 3300 4051 3464 4123; x_wconf 80' lang='lat' dir='ltr'><strong>pacis,</strong></span> <span class='ocrx_word' id='word_1_719' title='bbox 3496 4054 3749 4108; x_wconf 81' lang='lat' dir='ltr'><strong>adversus</strong></span> 
     </span>
    </p>
   </div>
   <div class='ocr_carea' id='block_1_102' title="bbox 2178 4138 3750 4214">
    <p class='ocr_par' dir='ltr' id='par_1_102' title="bbox 2178 4138 3750 4214">
     <span class='ocr_line' id='line_1_102' title="bbox 2178 4138 3750 4214; baseline 0.004 -25"><span class='ocrx_word' id='word_1_720' title='bbox 2178 4138 2433 4192; x_wconf 86' lang='lat' dir='ltr'><strong>unitatem</strong></span> <span class='ocrx_word' id='word_1_721' title='bbox 2477 4142 2717 4195; x_wconf 92' lang='lat' dir='ltr'><strong>omnium</strong></span> <span class='ocrx_word' id='word_1_722' title='bbox 2750 4142 2975 4198; x_wconf 85' lang='lat' dir='ltr'><strong>fratrum</strong></span> <span class='ocrx_word' id='word_1_723' title='bbox 3027 4145 3119 4214; x_wconf 91' lang='lat' dir='ltr'><strong>qui</strong></span> <span class='ocrx_word' id='word_1_724' title='bbox 3166 4153 3277 4198; x_wconf 91' lang='lat' dir='ltr'><strong>toto</strong></span> <span class='ocrx_word' id='word_1_725' title='bbox 3318 4153 3583 4198; x_wconf 89' lang='lat' dir='ltr'><strong>terrarum</strong></span> <span class='ocrx_word' id='word_1_726' title='bbox 3627 4144 3750 4197; x_wconf 89' lang='lat' dir='ltr'><strong>orbe</strong></span> 
     </span>
    </p>
   </div>
   <div class='ocr_carea' id='block_1_103' title="bbox 2175 4229 3750 4304">
    <p class='ocr_par' dir='ltr' id='par_1_103' title="bbox 2175 4229 3750 4304">
     <span class='ocr_line' id='line_1_103' title="bbox 2175 4229 3750 4304; baseline 0.003 -24"><span class='ocrx_word' id='word_1_727' title='bbox 2175 4229 2312 4282; x_wconf 88' lang='lat' dir='ltr'><strong>sicut</strong></span> <span class='ocrx_word' id='word_1_728' title='bbox 2341 4231 2591 4298; x_wconf 87' lang='lat' dir='ltr'><strong>promissi</strong></span> <span class='ocrx_word' id='word_1_729' title='bbox 2644 4242 2787 4301; x_wconf 91' lang='lat' dir='ltr'><strong>sunt,</strong></span> <span class='ocrx_word' id='word_1_730' title='bbox 2833 4235 2903 4287; x_wconf 88' lang='lat' dir='ltr'><strong>ita</strong></span> <span class='ocrx_word' id='word_1_731' title='bbox 2950 4235 3195 4301; x_wconf 80' lang='lat' dir='ltr'><strong>exhibiti,</strong></span> <span class='ocrx_word' id='word_1_732' title='bbox 3242 4249 3470 4304; x_wconf 90' lang='lat' dir='ltr'><strong>quorum</strong></span> <span class='ocrx_word' id='word_1_733' title='bbox 3519 4235 3750 4289; x_wconf 90' lang='lat' dir='ltr'><strong>omnium</strong></span> 
     </span>
    </p>
   </div>
   <div class='ocr_carea' id='block_1_104' title="bbox 2175 4320 3749 4395">
    <p class='ocr_par' dir='ltr' id='par_1_104' title="bbox 2175 4320 3749 4395">
     <span class='ocr_line' id='line_1_104' title="bbox 2175 4320 3749 4395; baseline 0.004 -24"><span class='ocrx_word' id='word_1_734' title='bbox 2175 4332 2361 4373; x_wconf 85' lang='lat' dir='ltr'><strong>causas</strong></span> <span class='ocrx_word' id='word_1_735' title='bbox 2390 4329 2443 4374; x_wconf 91' lang='lat' dir='ltr'><strong>et</strong></span> <span class='ocrx_word' id='word_1_736' title='bbox 2469 4323 2654 4387; x_wconf 86' lang='lat' dir='ltr'><strong>corda,</strong></span> <span class='ocrx_word' id='word_1_737' title='bbox 2698 4324 2842 4379; x_wconf 92' lang='lat' dir='ltr'><strong>nullo</strong></span> <span class='ocrx_word' id='word_1_738' title='bbox 2872 4325 3032 4380; x_wconf 91' lang='lat' dir='ltr'><strong>modo</strong></span> <span class='ocrx_word' id='word_1_739' title='bbox 3064 4341 3294 4395; x_wconf 80' lang='lat' dir='ltr'><strong>unquam</strong></span> <span class='ocrx_word' id='word_1_740' title='bbox 3327 4339 3487 4379; x_wconf 89' lang='lat' dir='ltr'><strong>nosse</strong></span> <span class='ocrx_word' id='word_1_741' title='bbox 3516 4339 3582 4378; x_wconf 88' lang='lat' dir='ltr'><strong>ac</strong></span> <span class='ocrx_word' id='word_1_742' title='bbox 3617 4320 3749 4395; x_wconf 80' lang='lat' dir='ltr'><strong>[aut]</strong></span> 
     </span>
    </p>
   </div>
   <div class='ocr_carea' id='block_1_105' title="bbox 2175 4407 3748 4486">
    <p class='ocr_par' dir='ltr' id='par_1_105' title="bbox 2175 4407 3748 4486">
     <span class='ocr_line' id='line_1_105' title="bbox 2175 4407 3748 4486; baseline 0.004 -24"><span class='ocrx_word' id='word_1_743' title='bbox 2175 4407 2441 4466; x_wconf 91' lang='lat' dir='ltr'><strong>discutere</strong></span> <span class='ocrx_word' id='word_1_744' title='bbox 2483 4414 2749 4481; x_wconf 88' lang='lat' dir='ltr'><strong>potuistis,</strong></span> <span class='ocrx_word' id='word_1_745' title='bbox 2794 4427 2852 4470; x_wconf 91' lang='lat' dir='ltr'><strong>ut</strong></span> <span class='ocrx_word' id='word_1_746' title='bbox 2894 4418 3086 4472; x_wconf 86' lang='lat' dir='ltr'><strong>merito</strong></span> <span class='ocrx_word' id='word_1_747' title='bbox 3135 4417 3462 4472; x_wconf 90' lang='lat' dir='ltr'><strong>damnaretis</strong></span> <span class='ocrx_word' id='word_1_748' title='bbox 3510 4418 3603 4486; x_wconf 90' lang='lat' dir='ltr'><strong>qui</strong></span> <span class='ocrx_word' id='word_1_749' title='bbox 3648 4432 3748 4470; x_wconf 93' lang='lat' dir='ltr'><strong>non</strong></span> 
     </span>
    </p>
   </div>
   <div class='ocr_carea' id='block_1_106' title="bbox 3000 4508 3749 4577">
    <p class='ocr_par' dir='ltr' id='par_1_106' title="bbox 3000 4508 3749 4577">
     <span class='ocr_line' id='line_1_106' title="bbox 3000 4508 3749 4577; baseline -0.003 -16"><span class='ocrx_word' id='word_1_750' title='bbox 3000 4510 3118 4576; x_wconf 88' lang='lat' dir='ltr'><strong>quia</strong></span> <span class='ocrx_word' id='word_1_751' title='bbox 3137 4508 3408 4577; x_wconf 87' lang='lat' dir='ltr'><strong>judicibus</strong></span> <span class='ocrx_word' id='word_1_752' title='bbox 3428 4508 3749 4562; x_wconf 75' lang='lat' dir='ltr'><strong>ecclesiasti-</strong></span> 
     </span>
    </p>
   </div>
   <div class='ocr_carea' id='block_1_107' title="bbox 2178 4592 3756 4667">
    <p class='ocr_par' dir='ltr' id='par_1_107' title="bbox 2178 4592 3756 4667">
     <span class='ocr_line' id='line_1_107' title="bbox 2178 4592 3756 4667; baseline 0.004 -24"><span class='ocrx_word' id='word_1_753' title='bbox 2178 4592 2259 4644; x_wconf 92' lang='lat' dir='ltr'><strong>cis</strong></span> <span class='ocrx_word' id='word_1_754' title='bbox 2290 4592 2487 4661; x_wconf 90' lang='lat' dir='ltr'><strong>potius,</strong></span> <span class='ocrx_word' id='word_1_755' title='bbox 2521 4611 2679 4662; x_wconf 90' lang='lat' dir='ltr'><strong>quam</strong></span> <span class='ocrx_word' id='word_1_756' title='bbox 2712 4597 3065 4667; x_wconf 82' lang='lat' dir='ltr'><strong>litigatoribus</strong></span> <span class='ocrx_word' id='word_1_757' title='bbox 3094 4599 3372 4654; x_wconf 90' lang='lat' dir='ltr'><strong>credidere</strong></span> <span class='ocrx_word' id='word_1_758' title='bbox 3407 4614 3422 4652; x_wconf 87' lang='lat'><strong>:</strong></span> <span class='ocrx_word' id='word_1_759' title='bbox 3456 4599 3559 4651; x_wconf 89' lang='lat' dir='ltr'><strong>hoc</strong></span> <span class='ocrx_word' id='word_1_760' title='bbox 3586 4598 3756 4652; x_wconf 87' lang='lat' dir='ltr'><strong>solum</strong></span> 
     </span>
    </p>
   </div>
   <div class='ocr_carea' id='block_1_108' title="bbox 2181 4684 3755 4760">
    <p class='ocr_par' dir='ltr' id='par_1_108' title="bbox 2181 4684 3755 4760">
     <span class='ocr_line' id='line_1_108' title="bbox 2181 4684 3755 4760; baseline 0.003 -22"><span class='ocrx_word' id='word_1_761' title='bbox 2181 4684 2356 4742; x_wconf 90' lang='lat' dir='ltr'><strong>minus</strong></span> <span class='ocrx_word' id='word_1_762' title='bbox 2392 4687 2624 4754; x_wconf 89' lang='lat' dir='ltr'><strong>habetis,</strong></span> <span class='ocrx_word' id='word_1_763' title='bbox 2673 4691 2811 4760; x_wconf 90' lang='lat' dir='ltr'><strong>quod</strong></span> <span class='ocrx_word' id='word_1_764' title='bbox 2861 4692 3038 4745; x_wconf 87' lang='lat' dir='ltr'><strong>minus</strong></span> <span class='ocrx_word' id='word_1_765' title='bbox 3081 4693 3262 4757; x_wconf 87' lang='lat' dir='ltr'><strong>habet,</strong></span> <span class='ocrx_word' id='word_1_766' title='bbox 3318 4691 3405 4759; x_wconf 91' lang='lat' dir='ltr'><strong>qui</strong></span> <span class='ocrx_word' id='word_1_767' title='bbox 3440 4690 3755 4744; x_wconf 83' lang='lat' dir='ltr'><strong>charitatem</strong></span> 
     </span>
    </p>
   </div>
   <div class='ocr_carea' id='block_1_109' title="bbox 2181 4774 3757 4850">
    <p class='ocr_par' dir='ltr' id='par_1_109' title="bbox 2181 4774 3757 4850">
     <span class='ocr_line' id='line_1_109' title="bbox 2181 4774 3757 4850; baseline 0.003 -24"><span class='ocrx_word' id='word_1_768' title='bbox 2181 4788 2286 4827; x_wconf 90' lang='lat' dir='ltr'><strong>non</strong></span> <span class='ocrx_word' id='word_1_769' title='bbox 2326 4774 2503 4830; x_wconf 90' lang='lat' dir='ltr'><strong>habet.</strong></span> <span class='ocrx_word' id='word_1_770' title='bbox 2534 4776 2651 4832; x_wconf 84' lang='lat' dir='ltr'><strong>Jam</strong></span> <span class='ocrx_word' id='word_1_771' title='bbox 2698 4779 2827 4848; x_wconf 91' lang='lat' dir='ltr'><strong>quid</strong></span> <span class='ocrx_word' id='word_1_772' title='bbox 2873 4795 3008 4850; x_wconf 90' lang='lat' dir='ltr'><strong>opus</strong></span> <span class='ocrx_word' id='word_1_773' title='bbox 3048 4789 3151 4845; x_wconf 83' lang='lat' dir='ltr'><strong>est,</strong></span> <span class='ocrx_word' id='word_1_774' title='bbox 3200 4793 3256 4833; x_wconf 90' lang='lat' dir='ltr'><strong>ut</strong></span> <span class='ocrx_word' id='word_1_775' title='bbox 3307 4793 3403 4833; x_wconf 87' lang='lat' dir='ltr'><strong>nos</strong></span> <span class='ocrx_word' id='word_1_776' title='bbox 3449 4789 3757 4833; x_wconf 79' lang='lat' dir='ltr'><strong>retexamns</strong></span> 
     </span>
    </p>
   </div>
   <div class='ocr_carea' id='block_1_110' title="bbox 2182 4866 3757 4947">
    <p class='ocr_par' dir='ltr' id='par_1_110' title="bbox 2182 4866 3757 4947">
     <span class='ocr_line' id='line_1_110' title="bbox 2182 4866 3757 4947; baseline 0.001 -27"><span class='ocrx_word' id='word_1_777' title='bbox 2182 4866 2565 4941; x_wconf 76' lang='lat' dir='ltr'><strong>[retexemus]?</strong></span> <span class='ocrx_word' id='word_1_778' title='bbox 2600 4884 2690 4927; x_wconf 88' lang='lat' dir='ltr'><strong>vos</strong></span> <span class='ocrx_word' id='word_1_779' title='bbox 2741 4871 2842 4941; x_wconf 91' lang='lat' dir='ltr'><strong>ipsi</strong></span> <span class='ocrx_word' id='word_1_780' title='bbox 2874 4872 2931 4927; x_wconf 92' lang='lat' dir='ltr'><strong>in</strong></span> <span class='ocrx_word' id='word_1_781' title='bbox 2979 4872 3238 4947; x_wconf 73' lang='lat' dir='ltr'><strong>Apostolo</strong></span> <span class='ocrx_word' id='word_1_782' title='bbox 3280 4869 3549 4940; x_wconf 90' lang='lat' dir='ltr'><strong>inspicite,</strong></span> <span class='ocrx_word' id='word_1_783' title='bbox 3593 4884 3757 4939; x_wconf 85' lang='lat' dir='ltr'><strong>quan—</strong></span> 
     </span>
    </p>
   </div>
   <div class='ocr_carea' id='block_1_111' title="bbox 2185 4959 3757 5030">
    <p class='ocr_par' dir='ltr' id='par_1_111' title="bbox 2185 4959 3757 5030">
     <span class='ocr_line' id='line_1_111' title="bbox 2185 4959 3757 5030; baseline 0.003 -22"><span class='ocrx_word' id='word_1_784' title='bbox 2185 4963 2294 5009; x_wconf 93' lang='lat' dir='ltr'><strong>tum</strong></span> <span class='ocrx_word' id='word_1_785' title='bbox 2348 4967 2418 5011; x_wconf 67' lang='lat' dir='ltr'><strong>sut</strong></span> <span class='ocrx_word' id='word_1_786' title='bbox 2464 4959 2607 5027; x_wconf 85' lang='lat' dir='ltr'><strong>quod</strong></span> <span class='ocrx_word' id='word_1_787' title='bbox 2640 4963 2817 5015; x_wconf 91' lang='lat' dir='ltr'><strong>minus</strong></span> <span class='ocrx_word' id='word_1_788' title='bbox 2863 4961 3089 5017; x_wconf 86' lang='lat' dir='ltr'><strong>habetis.</strong></span> <span class='ocrx_word' id='word_1_789' title='bbox 3123 4963 3259 5030; x_wconf 86' lang='lat' dir='ltr'><strong>Quid</strong></span> <span class='ocrx_word' id='word_1_790' title='bbox 3306 4975 3482 5015; x_wconf 88' lang='lat' dir='ltr'><strong>autem</strong></span> <span class='ocrx_word' id='word_1_791' title='bbox 3514 4962 3757 5025; x_wconf 88' lang='lat' dir='ltr'><strong>interest,</strong></span> 
     </span>
    </p>
   </div>
   <div class='ocr_carea' id='block_1_112' title="bbox 2188 5046 3760 5120">
    <p class='ocr_par' dir='ltr' id='par_1_112' title="bbox 2188 5046 3760 5120">
     <span class='ocr_line' id='line_1_112' title="bbox 2188 5046 3760 5120; baseline 0.003 -22"><span class='ocrx_word' id='word_1_792' title='bbox 2188 5046 2275 5114; x_wconf 89' lang='lat' dir='ltr'><strong>qui</strong></span> <span class='ocrx_word' id='word_1_793' title='bbox 2303 5049 2617 5103; x_wconf 62' lang='lat' dir='ltr'><strong>cbaritatt-m</strong></span> <span class='ocrx_word' id='word_1_794' title='bbox 2652 5068 2756 5105; x_wconf 92' lang='lat' dir='ltr'><strong>non</strong></span> <span class='ocrx_word' id='word_1_795' title='bbox 2787 5054 2965 5119; x_wconf 89' lang='lat' dir='ltr'><strong>habet,</strong></span> <span class='ocrx_word' id='word_1_796' title='bbox 2994 5062 3169 5108; x_wconf 90' lang='lat' dir='ltr'><strong>utrum</strong></span> <span class='ocrx_word' id='word_1_797' title='bbox 3211 5055 3352 5107; x_wconf 78' lang='lat' dir='ltr'><strong>[oras</strong></span> <span class='ocrx_word' id='word_1_798' title='bbox 3380 5052 3555 5106; x_wconf 89' lang='lat' dir='ltr'><strong>avolet</strong></span> <span class='ocrx_word' id='word_1_799' title='bbox 3586 5051 3760 5120; x_wconf 82' lang='lat' dir='ltr'><strong>aliquo</strong></span> 
     </span>
    </p>
   </div>
   <div class='ocr_carea' id='block_1_113' title="bbox 2186 5140 3757 5208">
    <p class='ocr_par' dir='ltr' id='par_1_113' title="bbox 2186 5140 3757 5208">
     <span class='ocr_line' id='line_1_113' title="bbox 2186 5140 3757 5208; baseline 0.002 -19"><span class='ocrx_word' id='word_1_800' title='bbox 2186 5148 2349 5191; x_wconf 87' lang='lat' dir='ltr'><strong>vento</strong></span> <span class='ocrx_word' id='word_1_801' title='bbox 2393 5149 2478 5192; x_wconf 90' lang='lat' dir='ltr'><strong>ten</strong></span> <span class='ocrx_word' id='word_1_802' title='bbox 2508 5141 2703 5195; x_wconf 91' lang='lat' dir='ltr'><strong>atiouis</strong></span> <span class='ocrx_word' id='word_1_803' title='bbox 2734 5143 2960 5208; x_wconf 89' lang='lat' dir='ltr'><strong>ablatus,</strong></span> <span class='ocrx_word' id='word_1_804' title='bbox 2990 5158 3057 5197; x_wconf 91' lang='lat' dir='ltr'><strong>an</strong></span> <span class='ocrx_word' id='word_1_805' title='bbox 3090 5145 3230 5197; x_wconf 92' lang='lat' dir='ltr'><strong>intus</strong></span> <span class='ocrx_word' id='word_1_806' title='bbox 3260 5145 3326 5197; x_wconf 90' lang='lat' dir='ltr'><strong>de</strong></span> <span class='ocrx_word' id='word_1_807' title='bbox 3380 5156 3556 5195; x_wconf 90' lang='lat' dir='ltr'><strong>messe</strong></span> <span class='ocrx_word' id='word_1_808' title='bbox 3583 5140 3757 5194; x_wconf 85' lang='lat' dir='ltr'><strong>domi-</strong></span> 
     </span>
    </p>
   </div>
   <div class='ocr_carea' id='block_1_114' title="bbox 2186 5229 3763 5304">
    <p class='ocr_par' dir='ltr' id='par_1_114' title="bbox 2186 5229 3763 5304">
     <span class='ocr_line' id='line_1_114' title="bbox 2186 5229 3763 5304; baseline 0 -20"><span class='ocrx_word' id='word_1_809' title='bbox 2186 5229 2304 5285; x_wconf 88' lang='lat' dir='ltr'><strong>nica</strong></span> <span class='ocrx_word' id='word_1_810' title='bbox 2328 5246 2431 5285; x_wconf 91' lang='lat' dir='ltr'><strong>non</strong></span> <span class='ocrx_word' id='word_1_811' title='bbox 2464 5234 2697 5299; x_wconf 89' lang='lat' dir='ltr'><strong>recedat,</strong></span> <span class='ocrx_word' id='word_1_812' title='bbox 2733 5238 2783 5288; x_wconf 91' lang='lat' dir='ltr'><strong>in</strong></span> <span class='ocrx_word' id='word_1_813' title='bbox 2809 5235 2991 5291; x_wconf 90' lang='lat' dir='ltr'><strong>ultima</strong></span> <span class='ocrx_word' id='word_1_814' title='bbox 3023 5237 3369 5291; x_wconf 89' lang='lat' dir='ltr'><strong>ventilatione</strong></span> <span class='ocrx_word' id='word_1_815' title='bbox 3395 5234 3763 5304; x_wconf 77' lang='lat' dir='ltr'><strong>separandos?</strong></span> 
     </span>
    </p>
   </div>
   <div class='ocr_carea' id='block_1_115' title="bbox 2187 5326 3760 5399">
    <p class='ocr_par' dir='ltr' id='par_1_115' title="bbox 2187 5326 3760 5399">
     <span class='ocr_line' id='line_1_115' title="bbox 2187 5326 3760 5399; baseline -0.001 -21"><span class='ocrx_word' id='word_1_816' title='bbox 2187 5332 2242 5378; x_wconf 91' lang='lat' dir='ltr'><strong>et</strong></span> <span class='ocrx_word' id='word_1_817' title='bbox 2273 5335 2449 5379; x_wconf 87' lang='lat' dir='ltr'><strong>tamen</strong></span> <span class='ocrx_word' id='word_1_818' title='bbox 2483 5329 2645 5381; x_wconf 87' lang='lat' dir='ltr'><strong>etiam</strong></span> <span class='ocrx_word' id='word_1_819' title='bbox 2694 5330 2848 5394; x_wconf 85' lang='lat' dir='ltr'><strong>tales,</strong></span> <span class='ocrx_word' id='word_1_820' title='bbox 2890 5330 2935 5384; x_wconf 89' lang='lat' dir='ltr'><strong>si</strong></span> <span class='ocrx_word' id='word_1_821' title='bbox 2958 5329 3067 5399; x_wconf 92' lang='lat' dir='ltr'><strong>jam</strong></span> <span class='ocrx_word' id='word_1_822' title='bbox 3099 5330 3267 5385; x_wconf 88' lang='lat' dir='ltr'><strong>semel</strong></span> <span class='ocrx_word' id='word_1_823' title='bbox 3301 5344 3395 5396; x_wconf 89' lang='lat' dir='ltr'><strong>per</strong></span> <span class='ocrx_word' id='word_1_824' title='bbox 3442 5326 3760 5397; x_wconf 86' lang='lat' dir='ltr'><strong>baptismum</strong></span> 
     </span>
    </p>
   </div>
   <div class='ocr_carea' id='block_1_116' title="bbox 2191 5417 3416 5489">
    <p class='ocr_par' dir='ltr' id='par_1_116' title="bbox 2191 5417 3416 5489">
     <span class='ocr_line' id='line_1_116' title="bbox 2191 5417 3416 5489; baseline 0.006 -21"><span class='ocrx_word' id='word_1_825' title='bbox 2191 5417 2330 5470; x_wconf 90' lang='lat' dir='ltr'><strong>nacti</strong></span> <span class='ocrx_word' id='word_1_826' title='bbox 2362 5428 2504 5482; x_wconf 90' lang='lat' dir='ltr'><strong>sunt,</strong></span> <span class='ocrx_word' id='word_1_827' title='bbox 2530 5417 2720 5474; x_wconf 90' lang='lat' dir='ltr'><strong>iterum</strong></span> <span class='ocrx_word' id='word_1_828' title='bbox 2749 5434 2844 5473; x_wconf 89' lang='lat' dir='ltr'><strong>eos</strong></span> <span class='ocrx_word' id='word_1_829' title='bbox 2873 5421 3019 5477; x_wconf 90' lang='lat' dir='ltr'><strong>nasci</strong></span> <span class='ocrx_word' id='word_1_830' title='bbox 3049 5438 3155 5476; x_wconf 91' lang='lat' dir='ltr'><strong>non</strong></span> <span class='ocrx_word' id='word_1_831' title='bbox 3184 5430 3416 5489; x_wconf 89' lang='lat' dir='ltr'><strong>oportet.</strong></span> 
     </span>
    </p>
   </div>
   <div class='ocr_carea' id='block_1_117' title="bbox 2718 5510 3185 5567">
    <p class='ocr_par' dir='ltr' id='par_1_117' title="bbox 2718 5510 3185 5567">
     <span class='ocr_line' id='line_1_117' title="bbox 2718 5510 3185 5567; baseline 0.004 -2"><span class='ocrx_word' id='word_1_832' title='bbox 2718 5510 2944 5566; x_wconf 80' lang='lat' dir='ltr'><strong>CAPUT</strong></span> <span class='ocrx_word' id='word_1_833' title='bbox 2981 5512 3185 5567; x_wconf 78' lang='lat' dir='ltr'><strong>CCXV.</strong></span> 
     </span>
    </p>
   </div>
   <div class='ocr_carea' id='block_1_118' title="bbox 2191 5576 3763 5651">
    <p class='ocr_par' dir='ltr' id='par_1_118' title="bbox 2191 5576 3763 5651">
     <span class='ocr_line' id='line_1_118' title="bbox 2191 5576 3763 5651; baseline 0 -24"><span class='ocrx_word' id='word_1_834' title='bbox 2191 5576 2342 5642; x_wconf 81' lang='lat' dir='ltr'><strong>Quod</strong></span> <span class='ocrx_word' id='word_1_835' title='bbox 2370 5576 2596 5633; x_wconf 74' lang='lat' dir='ltr'><strong>Ecclesia</strong></span> <span class='ocrx_word' id='word_1_836' title='bbox 2622 5583 2813 5649; x_wconf 83' lang='lat' dir='ltr'><strong>pariat,</strong></span> <span class='ocrx_word' id='word_1_837' title='bbox 2848 5584 2947 5635; x_wconf 84' lang='lat' dir='ltr'><strong>sive</strong></span> <span class='ocrx_word' id='word_1_838' title='bbox 2975 5599 3062 5649; x_wconf 84' lang='lat' dir='ltr'><strong>per</strong></span> <span class='ocrx_word' id='word_1_839' title='bbox 3101 5601 3172 5649; x_wconf 78' lang='lat' dir='ltr'><strong>se,</strong></span> <span class='ocrx_word' id='word_1_840' title='bbox 3197 5584 3300 5637; x_wconf 87' lang='lat' dir='ltr'><strong>sive</strong></span> <span class='ocrx_word' id='word_1_841' title='bbox 3328 5597 3415 5651; x_wconf 82' lang='lat' dir='ltr'><strong>per</strong></span> <span class='ocrx_word' id='word_1_842' title='bbox 3457 5579 3763 5634; x_wconf 76' lang='lat' dir='ltr'><strong>ancillarum</strong></span> 
     </span>
    </p>
   </div>
   <div class='ocr_carea' id='block_1_119' title="bbox 2260 5651 3760 5723">
    <p class='ocr_par' dir='ltr' id='par_1_119' title="bbox 2260 5651 3760 5723">
     <span class='ocr_line' id='line_1_119' title="bbox 2260 5651 3760 5723; baseline 0 -25"><span class='ocrx_word' id='word_1_843' title='bbox 2260 5660 2453 5723; x_wconf 70' lang='lat' dir='ltr'><strong>nierum</strong></span> <span class='ocrx_word' id='word_1_844' title='bbox 2498 5653 2559 5703; x_wconf 84' lang='lat' dir='ltr'><strong>de</strong></span> <span class='ocrx_word' id='word_1_845' title='bbox 2592 5654 2782 5705; x_wconf 84' lang='lat' dir='ltr'><strong>semine</strong></span> <span class='ocrx_word' id='word_1_846' title='bbox 2823 5654 2915 5705; x_wconf 82' lang='lat' dir='ltr'><strong>viri</strong></span> <span class='ocrx_word' id='word_1_847' title='bbox 2945 5656 3046 5723; x_wconf 86' lang='lat' dir='ltr'><strong>sui,</strong></span> <span class='ocrx_word' id='word_1_848' title='bbox 3076 5655 3160 5707; x_wconf 82' lang='lat' dir='ltr'><strong>ubi</strong></span> <span class='ocrx_word' id='word_1_849' title='bbox 3188 5656 3330 5723; x_wconf 83' lang='lat' dir='ltr'><strong>ponit</strong></span> <span class='ocrx_word' id='word_1_850' title='bbox 3357 5651 3760 5711; x_wconf 75' lang='lat' dir='ltr'><strong>similitudinem,</strong></span> 
     </span>
    </p>
   </div>
   <div class='ocr_carea' id='block_1_120' title="bbox 2258 5718 2746 5776">
    <p class='ocr_par' dir='ltr' id='par_1_120' title="bbox 2258 5718 2746 5776">
     <span class='ocr_line' id='line_1_120' title="bbox 2258 5718 2746 5776; baseline 0.016 -9"><span class='ocrx_word' id='word_1_851' title='bbox 2258 5718 2319 5770; x_wconf 77' lang='lat' dir='ltr'><strong>de</strong></span> <span class='ocrx_word' id='word_1_852' title='bbox 2349 5719 2488 5773; x_wconf 77' lang='lat' dir='ltr'><strong>Esau</strong></span> <span class='ocrx_word' id='word_1_853' title='bbox 2531 5732 2576 5772; x_wconf 84' lang='lat' dir='ltr'><strong>et</strong></span> <span class='ocrx_word' id='word_1_854' title='bbox 2600 5724 2746 5776; x_wconf 77' lang='lat' dir='ltr'><strong>Aser.</strong></span> 
     </span>
    </p>
   </div>
   <div class='ocr_carea' id='block_1_121' title="bbox 2258 5808 3768 5885">
    <p class='ocr_par' dir='ltr' id='par_1_121' title="bbox 2258 5808 3768 5885">
     <span class='ocr_line' id='line_1_121' title="bbox 2258 5808 3768 5885; baseline 0.006 -23"><span class='ocrx_word' id='word_1_855' title='bbox 2258 5808 2492 5866; x_wconf 71' lang='lat' dir='ltr'><strong>Ecclesia</strong></span> <span class='ocrx_word' id='word_1_856' title='bbox 2525 5814 2720 5882; x_wconf 85' lang='lat' dir='ltr'><strong>quippe</strong></span> <span class='ocrx_word' id='word_1_857' title='bbox 2745 5829 2932 5873; x_wconf 77' lang='lat' dir='ltr'><strong>omnes</strong></span> <span class='ocrx_word' id='word_1_858' title='bbox 2966 5828 3060 5885; x_wconf 84' lang='lat' dir='ltr'><strong>per</strong></span> <span class='ocrx_word' id='word_1_859' title='bbox 3104 5813 3428 5884; x_wconf 89' lang='lat' dir='ltr'><strong>baptisnmm</strong></span> <span class='ocrx_word' id='word_1_860' title='bbox 3458 5819 3613 5885; x_wconf 90' lang='lat' dir='ltr'><strong>parit,</strong></span> <span class='ocrx_word' id='word_1_861' title='bbox 3655 5817 3768 5871; x_wconf 84' lang='lat' dir='ltr'><strong>sive</strong></span> 
     </span>
    </p>
   </div>
  </div>
