4016 6184
396 271 504 327 877

1566 255 2001 314 TIIESAIIRUS.
2044 255 2195 311 CAP.
2242 253 2490 311 CCXVII.

3567 259 3667 313 8‘78

396 386 542 454 apud
573 399 652 450 se,
684 382 736 437 id
767 386 849 438 est
893 395 956 437 cx
985 388 1139 435 utero
1168 392 1288 443 suo,
1319 379 1432 433 sive
1459 386 1609 431 extra
1641 391 1721 440 se,
1754 375 1819 429 de
1850 374 1986 446 [sive
2016 380 2064 435 Α
2095 373 2215 437 Dei,
2246 388 2351 442 quo
2401 386 2496 428 eos
2538 372 2784 425 hortatur
2814 385 2992 426 sermo
3022 373 3368 441 apostolicus,
3399 373 3463 427 ad
3510 374 3670 429 Vetus

396 480 469 535 de
498 495 580 544 se,
610 479 723 532 sive
752 477 818 530 de
855 472 1070 544 ancilla]
1099 472 1305 527 semine
1345 470 1444 524 viri
1477 470 1558 523 sui
1588 486 1599 518 :
1629 467 1720 522 sed
1753 475 1808 521 et
1846 466 2012 520 Esau~

398 570 473 625 de
505 584 670 625 uxore
700 576 882 631 natus,
910 573 1132 633 propter
1164 563 1453 616 fraternam
1484 559 1804 613 discordiam
1832 571 1987 625 sepa-

401 670 553 716 ratus
574 668 654 714 est
676 675 706 712 a
735 656 934 727 populo
964 656 1087 719 Dei;
1115 663 1169 708 et
1185 658 1318 707 Aser
1342 668 1435 722 per
1456 650 1641 705 uxoris
1656 649 1869 719 quidem
1896 663 1986 716 po-

403 760 680 819 testatem,
726 749 819 803 sed
870 763 936 803 ex
979 746 1176 800 ancilla
1217 754 1393 810 natus,
1440 748 1656 812 propter
1699 740 1985 793 fraternam

402 842 750 899 concordiam
798 848 995 894 terram
1049 833 1423 905 promissionis
1473 832 1703 899 accepit.
1747 829 1901 885 Unde
1934 838 1989 884 et

406 933 683 999 Ismaheli,
714 940 773 985 ut
816 936 1162 999 separarctur
1209 942 1239 981 a
1282 926 1479 995 populo
1525 923 1644 987 Dei,
1676 937 1780 976 non
1820 921 1989 976 obfuit

404 1038 582 1082 mater
611 1025 831 1087 ancilla,
863 1023 957 1076 sed
991 1018 1163 1075 obfuit
1190 1021 1424 1073 fraterna
1451 1015 1745 1083 discordia,
1794 1022 1848 1068 et
1884 1028 1988 1068 non

406 1117 607 1187 profuit
639 1122 879 1184 potestas
908 1112 1115 1177 uxoris,
1146 1112 1299 1179 cujus
1331 1109 1501 1177 magis
1532 1107 1675 1160 ﬁlius
1701 1117 1837 1171 erat,
1866 1104 1988 1174 quia

409 1230 507 1281 per
538 1213 701 1278 ipsius
725 1211 845 1278 jura
896 1205 1223 1275 coniugalia,
1272 1212 1328 1258 et
1367 1203 1419 1256 in
1467 1200 1661 1254 ancilla
1700 1199 1990 1253 seminatus

408 1314 523 1359 erat
547 1312 603 1356 et.
624 1316 689 1355 ex
721 1298 913 1352 ancilla
943 1305 1223 1364 susceptus
1250 1311 1263 1349 :
1288 1294 1427 1347 sicut
1462 1292 1600 1363 apud
1640 1292 1771 1345 istos
1799 1289 1990 1345 Eccle-

407 1396 507 1448 sia»
529 1392 649 1462 jure
680 1389 840 1460 (quod
864 1396 945 1443 est
972 1389 1024 1441 in
1049 1386 1339 1455 baptismo)
1368 1393 1660 1439 nascuntur
1686 1383 1991 1452 quicunque

410 1493 729 1538 nascuntur.
780 1481 889 1536 Sed
935 1481 979 1534 si
1027 1478 1357 1534 concordent
1400 1493 1521 1532 eum
1555 1476 1835 1543 fratribus,
1896 1490 1991 1544 per

410 1579 673 1629 unitatem
730 1572 897 1639 pacis,
963 1569 1025 1624 ad
1070 1581 1266 1624 terram
1323 1570 1553 1627 veniunt
1599 1568 1983 1639 promissionis,

412 1684 519 1720 non
567 1667 635 1719 de
679 1672 923 1716 materno
954 1671 1106 1715 utero
1154 1674 1341 1714 rursus
1370 1659 1644 1729 ejiciendi,
1679 1660 1771 1715 sed
1806 1661 1856 1712 in
1895 1673 1987 1726 pa-

2094 466 2496 520 Testamentum
2547 464 3001 534 pertinebuntzsi
3052 475 3229 520 autem
3274 465 3577 534 proficiunt,
3619 475 3673 517 et

2091 568 2373 627 antequam
2406 557 2623 625 capiant
2669 556 2785 625 ipso
2816 555 3054 625 profectu
3095 566 3148 611 et
3190 571 3431 623 accessu,
3473 557 3538 610 ad
3566 556 3672 611 No-

2094 665 2214 702 vum
2248 649 2546 716 pertinent;
2590 656 2647 701 et
2693 649 2735 701 si
2767 648 3076 717 priusquam
3108 648 3380 716 spiritales
3417 647 3570 712 flant,
3608 662 3674 710 ex

2092 741 2190 795 hac
2221 742 2327 793 vita
2362 739 2660 808 rapiantur,
2696 739 2949 796 custoditi
2994 753 3088 807 per
3114 740 3438 797 sacramenti
3471 741 3672 797 Sancti-

2092 843 2276 897 tatem,
2303 834 2355 885 in
2390 842 2531 886 terra
2560 832 2850 886 viventium
2875 837 3274 898 computantur,
3306 831 3394 885 ubi
3435 840 3519 885 est
3549 844 3672 897 spes

2092 936 2276 981 nostra
2318 936 2369 979 et
2400 926 2575 994 portio
2619 926 2897 981 Dominus.
2928 928 3036 982 Nec
3074 928 3286 983 invenio
3328 928 3456 997 quid
3486 929 3663 982 verius

2093 1019 2423 1088 intelligatur
2463 1020 2515 1070 in
2554 1032 2622 1073 eo
2652 1018 2794 1086 quod
2839 1018 3097 1089 scriptum
3150 1029 3233 1073 est
3261 1018 3675 1089 :Imperfectum

2091 1126 2270 1166 meum
2317 1110 2571 1165 viderunt
2613 1110 2756 1165 oculi
2805 1112 2876 1164 tui
2905 1128 2917 1164 :
2943 1111 3372 1181 quandoquidem
3414 1113 3675 1180 sequitur,

2096 1204 2162 1257 Et
2182 1203 2233 1256 in
2259 1203 2396 1256 lihro
2425 1212 2515 1257 tuo
2556 1217 2745 1256 omnes
2776 1202 3099 1257 scribentur.
3137 1202 3268 1268 Qua:
3297 1210 3474 1255 autem
3508 1217 3675 1270 pepe-

2095 1297 2162 1349 rit
2192 1295 2321 1349 Abel
2343 1303 2397 1349 et
2421 1294 2628 1357 Enoch,
2662 1302 2715 1349 et
2750 1293 2883 1359 Noe,
2917 1303 2973 1350 et
3002 1293 3296 1360 Abraham,
3329 1293 3443 1362 ipsa
3474 1292 3680 1362 peperit

2092 1397 2145 1442 et
2186 1386 2432 1456 Moysen,
2484 1394 2536 1439 et
2581 1385 2877 1454 Prophetas
2908 1394 3154 1455 tempore
3201 1385 3527 1453 posteriores
3557 1394 3682 1438 ante

2096 1477 2304 1531 Domini
2335 1477 2624 1532 adventum
2651 1494 2666 1531 :
2689 1488 2746 1532 et
2792 1493 2910 1546 quae
2957 1478 3112 1543 istos,
3156 1477 3269 1547 ipsa
3299 1486 3353 1531 et
3383 1479 3680 1546 apostolos,

2093 1578 2147 1623 et
2185 1578 2447 1640 martyres
2492 1578 2731 1636 nostros,
2785 1577 2839 1623 et
2887 1583 3076 1623 omnes
3120 1569 3288 1623 bonos
3337 1567 3680 1622 christianos.

2092 1662 2294 1717 Omnes
2316 1662 2462 1716 enim
2494 1660 2722 1715 diversis
2753 1661 2969 1730 quidem
3008 1663 3341 1731 temporibus
3365 1662 3473 1715 nati
3520 1675 3684 1729 appa-

356 1810 359 1813 ,
410 1767 569 1812 terno
620 1754 828 1808 semine
885 1752 1233 1822 agnoscendi.
1287 1753 1343 1808 Si
1404 1762 1582 1807 autem
1629 1755 1682 1806 in
1733 1752 1994 1807 discordia
2030 1755 2077 1814 B
2104 1764 2349 1819 ruerunt,
2381 1754 2475 1808 scd
2521 1753 2779 1809 societate
2812 1754 2968 1808 unius
3013 1753 3191 1824 populi
3236 1754 3598 1819 continentur,
3630 1761 3686 1807 ct

411 1852 784 1911 perseverent,
842 1843 908 1896 ad
952 1841 1231 1897 Ismahelis
1273 1843 1568 1897 funiculum
1626 1844 1990 1909 pertinebunt.

413 1941 569 1994 I‘rior
597 1949 776 1992 autem
823 1936 922 1990 fuit
956 1936 1203 2005 lsmahel,
1254 1945 1308 1991 et
1350 1947 1533 2006 postea
1566 1935 1736 2001 Isaac,
1768 1943 1821 1990 et
1850 1935 1995 2004 prior

414 2036 577 2094 Esau.
614 2033 877 2102 posterior
919 2040 1096 2085 autem
1128 2029 1310 2084 Jacob.
1347 2028 1461 2083 Non
1500 2029 1625 2098 quia
1657 2028 1801 2097 prior
1832 2040 1994 2095 pepe-

413 2127 484 2179 rit
526 2122 770 2187 lucresis,
810 2136 967 2190 quam
1002 2120 1241 2176 Ecclesia
1268 2138 1282 2186 ;
1314 2128 1406 2174 aut
1441 2121 1551 2189 ipsa
1584 2119 1823 2173 Ecclesia
1852 2118 1997 2186 prius

413 2216 685 2281 carnales,
743 2214 826 2269 vel
880 2212 1173 2278 animales,
1205 2221 1260 2267 et
1308 2210 1496 2282 postea
1545 2210 1835 2280 spiritales.
1894 2210 1998 2265 Sed

415 2307 539 2375 quia
574 2308 626 2359 in
677 2307 791 2375 ipsa
837 2313 983 2359 sorte
1031 2304 1373 2359 mortalitatis
1421 2314 1642 2367 nostras,
1676 2317 1741 2357 ex
1789 2316 1894 2371 quo
1932 2302 2001 2358 de

416 2396 591 2450 Adam
633 2396 927 2459 nascimur,
962 2395 1062 2464 17
1094 2409 1199 2448 non
1250 2403 1335 2448 est
1375 2395 1521 2462 prius
1567 2394 1708 2461 quod
1736 2393 1997 2462 spiritale,

418 2485 517 2539 sed
551 2484 691 2554 quod
736 2485 989 2548 animale,
1021 2492 1207 2553 postea
1252 2482 1519 2551 Spiritale.
1554 2482 1632 2536 Ex
1679 2484 1793 2551 ipso
1823 2491 1999 2535 autern

420 2576 644 2630 animali
676 2590 859 2639 sensu,
885 2575 1008 2643 quia
1040 2575 1201 2629 homo
1229 2574 1477 2628 animalis
1506 2587 1610 2627 non
1638 2573 1861 2643 percipit
1884 2588 2001 2641 qua:

421 2680 551 2724 sunt
582 2669 811 2739 Spiritus
844 2668 956 2733 Dei,
987 2684 1175 2723 omnes
1202 2668 1569 2723 dissensiones
1615 2677 1670 2722 et
1711 2668 2003 2723 schismata

422 2767 769 2829 generantur.
800 2759 852 2811 In
884 2773 989 2827 quo
1033 2774 1193 2813 sensu
1227 2766 1659 2827 perseverantes,
1710 2757 2004 2826 Apostolus

423 2852 577 2917 dicit,
626 2851 689 2903 ad
726 2851 888 2913 Vetus
931 2851 1333 2907 Testamentum
1368 2853 1657 2921 pertinere,
1692 2852 1743 2906 id
1789 2861 1891 2916 est,
1936 2851 2004 2905 ad

428 2953 763 2997 terrenorum
822 2944 1205 3011 promissorum
1258 2944 1646 3013 cupiditatem,
1704 2945 1759 2998 in
1812 2946 2006 3016 quibus

426 3035 643 3104 quidem
671 3034 933 3103 spiritalia
966 3035 1281 3104 figurantur,
1310 3037 1405 3092 sed
1435 3037 1685 3093 animalis
1713 3036 1876 3093 homo
1898 3054 2001 3093 non

429 3124 658 3194 percipit
683 3138 803 3194 quae
828 3135 953 3179 sunt
981 3124 1213 3194 Spiritus
1243 3126 1356 3181 Dei.

965 3235 1191 3290 CAPUT
1232 3236 1459 3291 CCXVI.

434 3324 587 3390 Quod
610 3327 819 3394 antiqua
843 3343 921 3379 res
947 3329 1012 3380 sit
1040 3326 1288 3393 Ecclesia,
1315 3330 1364 3382 in
1387 3330 1503 3383 aliis
1526 3330 1713 3386 habens
1734 3333 2011 3388 animalem

792 3397 1095 3465 portionem,
1129 3399 1182 3451 in
1216 3401 1332 3452 aliis
1354 3401 1655 3469 spiritalem.

503 3509 850 3577 Quocumque
878 3523 1005 3579 ergo
1032 3517 1272 3580 tempore
1318 3511 1449 3566 tales
1479 3512 1724 3567 homines
1752 3528 1871 3570 esse
1901 3530 2012 3571 cm-

431 3601 614 3667 perint
644 3599 694 3652 in
727 3599 826 3653 hac
854 3601 981 3669 vita,
1018 3600 1203 3673 utjam
1234 3602 1434 3658 divinis
1464 3619 1558 3671 pro
1581 3606 1908 3661 sreculorum
1932 3608 2014 3662 di-

428 3690 753 3745 stributione
783 3694 1135 3747 sacramentis
1163 3694 1373 3762 imbuti,
1405 3697 1581 3752 adhuc
1613 3708 1792 3754 tamen
1823 3715 2010 3755 carna-

428 3782 556 3834 liter
602 3782 829 3850 sapiant,
862 3791 917 3837 et
963 3784 1198 3839 carnalia
1229 3787 1296 3841 de
1351 3790 1457 3842 Deo
1487 3790 1604 3844 sive
1652 3792 1705 3843 in
1738 3794 1836 3847 hac
1881 3795 2009 3859 vita,

429 3871 548 3925 sive
576 3880 699 3939 post
730 3871 867 3927 hanc
895 3874 1056 3928 vitam
1088 3886 1313 3943 sperent
1343 3888 1503 3947 atque
1532 3880 1865 3948 desiderent,
1902 3885 2013 3938 ani-

431 3963 604 4017 rncrles
648 3974 791 4018 Sunt.
848 3966 1085 4021 Ecclesia
1119 3985 1266 4036 vero,
1315 3971 1455 4037 quod
1504 3982 1587 4027 est
1617 3975 1844 4042 populus
1895 3978 2009 4041 Dei,

430 4057 592 4107 etiam
625 4056 674 4108 in
708 4056 859 4115 istius
886 4059 1009 4113 vita:
1049 4064 1473 4131 peregrinatione
1523 4066 1741 4134 antiqua
1772 4082 1861 4122 res
1906 4079 2009 4133 e~t,

430 4148 483 4199 in
518 4146 635 4199 aliis
666 4149 973 4207 hominibus
1017 4153 1218 4207 habens
1268 4154 1552 4211 animalem
1585 4161 1908 4227 portionem,
1959 4161 2010 4214 in

430 4238 553 4292 aliis
593 4248 770 4293 autem
803 4241 1095 4309 spiritalem
1125 4262 1135 4295 τ
1167 4244 1233 4297 ad
1285 4246 1546 4302 animales
1589 4250 1820 4318 pertinet
1848 4249 2012 4309 Vetus

430 4327 861 4394 Testamentum,
894 4331 958 4385 ad
980 4332 1251 4399 spiritales
1274 4334 1475 4389 Novum
1500 4354 1513 4401 ;
1546 4340 1638 4393 sed
1662 4341 1847 4408 primis
1873 4350 2009 4396 tem-

432 4420 651 4485 poribus
682 4431 965 4493 utrumque
1004 4427 1269 4480 occultum
1301 4428 1421 4495 fuit,
1454 4432 1521 4485 ab
1549 4433 1717 4487 Adam
1747 4450 1915 4504 usque
1944 4437 2008 4490 ad

430 4510 669 4580 Moysen.
698 4514 741 4569 A
769 4515 950 4586 Moyse
976 4526 1151 4572 autem
1184 4522 1522 4577 manifestum
1552 4534 1635 4579 est
1664 4526 1849 4593 Vetus,
1880 4539 1931 4583 et
1957 4530 2006 4585 in

431 4615 501 4653 eo
529 4602 642 4671 ipso
669 4605 1035 4661 occultabatur
1078 4608 1306 4676 Novum,
1340 4615 1463 4681 quia
1496 4617 1704 4671 occulte
1734 4620 2005 4687 significa-

431 4693 611 4747 batur.
658 4695 847 4750 Postea
896 4713 1205 4770 veroquam
1252 4703 1305 4757 in
1355 4719 1514 4761 carne
1558 4708 1812 4764 Dominus
1840 4714 2009 4777 venit,

431 4785 731 4841 revelatum
783 4800 866 4844 est
909 4790 1137 4861 Novum,
1194 4794 1403 4850 Veteris
1451 4808 1629 4853 autem
1671 4814 2009 4858 sacramenta

430 4890 742 4944 cessarunt;
794 4882 886 4935 sed
940 4885 1390 4954 concupiscentia:
1443 4890 1575 4946 tales
1622 4907 1725 4948 non
1768 4908 2013 4955 cessave-

432 4975 580 5020 runt.
616 4968 671 5022 In
706 4970 816 5025 illis
842 4974 981 5027 enim
1011 4984 1139 5029 sunt
1169 4993 1304 5044 quos
1344 4980 1635 5047 Apostolus
1663 4984 1770 5052 jam
1805 5002 1899 5055 per
1928 5002 2014 5041 sa-

429 5070 763 5116 cramentum
794 5061 926 5117 Novi
962 5064 1290 5123 Testameuti
1323 5080 1496 5137 natos,
1521 5074 1696 5130 adhuc
1727 5086 1900 5132 tamen
1934 5079 2014 5133 di-

430 5146 506 5199 cit
534 5150 812 5219 animales,
845 5167 950 5206 non
979 5169 1135 5222 posse
1165 5158 1442 5227 percipere
1467 5176 1587 5230 quae
1618 5176 1744 5219 sunt
1779 5166 2009 5236 Spiritus

435 5238 530 5293 Dei
558 5257 569 5292 ε
594 5242 736 5296 sicut
778 5243 920 5297 enim
954 5246 1007 5299 iu
1049 5252 1399 5305 sacramentis
1448 5252 1656 5311 Veteris
1686 5258 2013 5317 Testamenti

430 5330 681 5386 vivebant
711 5334 927 5403 quidam
959 5338 1247 5406 spiritales,
1279 5343 1345 5395 ad
1367 5343 1571 5404 Novum
1594 5348 1798 5405 scilicet
1826 5352 2012 5408 Tesrao

430 5434 698 5491 mentum,
723 5427 865 5496 quod
894 5438 1019 5484 tunc
1036 5434 1403 5489 occultabatur
1430 5440 1634 5494 occulte
1658 5444 2007 5511 pertinentes,

428 5520 512 5568 sic
570 5528 625 5571 et
668 5534 809 5573 nunc
840 5520 893 5573 in
944 5534 1283 5578 sacramento
1328 5528 1457 5582 Novi
1502 5529 1826 5587 Testamenti
1872 5537 2010 5604 quod

424 5607 537 5676 jam
586 5610 882 5664 revelatum
932 5622 1015 5667 est
1066 5616 1309 5686 plerique
1354 5620 1538 5673 vivunt
1584 5624 1865 5679 animales.
1911 5628 2009 5694 Qui

431 5701 698 5768 proﬁcere
728 5706 770 5758 si
802 5706 989 5761 nolunt
1018 5709 1079 5762 ad
1113 5709 1452 5785 percip’enda
1486 5730 1602 5785 quae
1627 5725 1752 5774 sunt
1773 5718 2004 5790 Spiritus

2102 1846 2343 1915 ejusdem
2369 1846 2609 1900 civitatis
2632 1847 2779 1900 cives
2809 1846 3024 1901 labores
3055 1845 3213 1915 hujus
3243 1846 3687 1915 peregrinationis

2100 1937 2307 2005 experti
2337 1946 2499 1989 sunt:
2525 1945 2579 1990 et
2605 1936 2818 2005 quidam
2848 1950 3033 1991 eorum
3061 1952 3202 1991 nunc
3232 1936 3601 2005 experiuntur,
3634 1945 3691 1991 et

2101 2042 2271 2097 usque
2296 2028 2349 2080 in
2386 2026 2757 2081 ﬁnem‘czeteri
2784 2028 3147 2097 experientur.
3184 2026 3312 2081 Item
3343 2041 3460 2096 quae
3484 2027 3692 2095 peperit

2101 2120 2256 2188 Cain,
2289 2130 2343 2172 et
2373 2117 2565 2184 Cham,
2596 2129 2645 2173 et
2673 2119 3035 2174 Hismahelem
3062 2115 3410 2191 [Ismaelem],
3440 2126 3496 2174 et
3521 2118 3688 2184 Esau,

2102 2214 2290 2269 eadem
2325 2214 2437 2280 ipsa
2474 2212 2705 2281 peperit,
2756 2221 2811 2266 et
2849 2212 3079 2278 Dathan,
3137 2221 3190 2266 et
3218 2212 3351 2266 alios
3400 2212 3453 2266 in
3498 2211 3689 2266 eodem

2104 2302 2299 2373 populo
2324 2301 2529 2357 similes
2555 2320 2567 2352 :
2593 2310 2648 2355 et
2692 2316 2809 2371 qua:
2839 2302 2995 2367 istos,
3039 2303 3227 2358 eadem
3275 2304 3386 2372 ipsa
3417 2311 3472 2358 et
3497 2301 3689 2357 Judam

2102 2391 2625 2462 p-eudoapostolum,
2676 2401 2731 2446 ct
2769 2392 3043 2447 Simonem
3091 2393 3321 2461 Magum,
3366 2401 3421 2446 et
3461 2402 3690 2447 czeteros

2104 2500 2273 2555 usque
2325 2484 2390 2537 ad
2425 2485 2539 2537 haec
2587 2493 2829 2553 tempora
2876 2484 3429 2552 pseudochristianns,
3471 2484 3523 2537 in
3564 2484 3691 2538 affe-

2105 2578 2286 2633 ctione
2335 2576 2558 2632 animali
2606 2576 2955 2644 pertinaciter
2984 2575 3305 2630 obduratos:
3331 2576 3443 2629 sive
3484 2575 3536 2628 in
3569 2575 3690 2629 uni-

2109 2678 2216 2723 tate
2257 2668 2509 2738 permixti
2558 2668 2687 2733 siut,
2732 2667 2851 2722 sive
2896 2677 3079 2735 aperta
3124 2665 3439 2735 praecisione
3483 2666 3691 2720 dissm-

2109 2760 2260 2813 ﬁanh

2594 2876 2599 2881 ι
2641 2835 2866 2893 CAPUT
2906 2836 3153 2892 CCXVII.

2111 2951 2380 3017 Quomodo
2424 2961 2625 3023 generet
2682 2951 3106 3023 Eccles‘iabonos
3149 2961 3193 3005 et
3220 2952 3403 3018 malos,
3444 2961 3693 3021 tanquam

2457 3039 2547 3091 per
2570 3039 2623 3077 se
2645 3023 2811 3089 ipsam
2840 3021 3066 3075 Rebecca
3102 3023 3351 3093 geminos.

2031 3123 2077 3185 δ
2184 3156 2289 3211 Sed
2322 3171 2441 3211 cum
2473 3156 2605 3227 tales
2650 3157 2715 3209 ab
2758 3154 3087 3224 spiritalibus
3132 3156 3590 3224 evangelizantur,
3638 3166 3694 3212 et

2112 3247 2465 3301 sacramentis
2496 3247 2831 3312 imbuuntur,
2872 3255 3125 3316 tanquam
3171 3262 3268 3316 per
3295 3263 3354 3303 se
3382 3247 3553 3317 ipsam
3588 3249 3695 3302 lle-

2115 3337 2277 3392 becca
2308 3353 2402 3393 eos
2432 3340 2575 3407 parit
2598 3339 2737 3393 sicut
2776 3339 2935 3393 Esau.
2964 3338 3099 3393 Cum
3123 3349 3301 3394 autem
3336 3355 3430 3409 per
3460 3339 3579 3393 illos
3610 3343 3699 3413 qui

2114 3444 2220 3483 non
2242 3436 2391 3483 caste
2412 3429 2732 3483 aununtiant
2750 3430 3122 3500 Evangelium,
3151 3429 3287 3485 tales
3310 3433 3362 3484 in
3388 3430 3479 3484 Dei
3507 3431 3698 3500 prpulo

2113 3528 2458 3588 generantur,
2501 3534 2606 3573 non
2647 3519 2778 3573 Sara
2810 3520 3049 3589 quidem,
3094 3519 3188 3575 sed
3230 3534 3324 3593 per
3363 3522 3505 3589 Agar
3545 3520 3699 3593 [Sara

2114 3610 2329 3679 quidem
2357 3611 2449 3665 sed
2494 3626 2585 3678 per
2614 3610 2800 3692 Agar].
2847 3612 2975 3666 Item
3006 3611 3131 3666 boui
3156 3611 3447 3680 spiritales,
3489 3613 3701 3682 quando

2114 3701 2608 3770 evangelizantibus
2640 3701 2720 3753 vel
2755 3700 3149 3769 baptizantibus
3194 3702 3500 3757 carnalibus
3538 3719 3700 3772 gene-

2115 3802 2319 3856 rantur,
2349 3792 2439 3844 Lia
2463 3791 2674 3860 quidem
2700 3790 2784 3844 vel
2812 3791 3011 3846 Itachel
3036 3791 3156 3860 jure
3176 3791 3444 3861 conjugali
3466 3807 3579 3860 eos,
3605 3794 3700 3849 sed

2114 3900 2210 3951 per
2238 3884 2558 3937 ancillarum
2585 3892 2797 3937 uterum
2838 3882 2994 3951 parit.
3039 3883 3174 3938 Cum
3207 3899 3336 3939 vero
3364 3899 3461 3954 per
3481 3887 3696 3953 spirita-

2118 3977 2193 4029 les
2236 3976 2287 4028 in
2324 3974 2616 4044 Evangello
2665 3984 2996 4053 generantur
3039 3975 3163 4029 boni
3215 3975 3424 4040 ﬁdeles,
3474 3977 3565 4045 qui
3616 3976 3700 4037 vel

2114 4069 2348 4123 evadunt
2374 4069 2426 4122 in
2460 4069 2718 4140 sp'ritalis
2752 4068 2927 4122 aetatis
2956 4067 3228 4135 allectum,
3262 4069 3345 4123 vel
3376 4082 3444 4122 eo
3482 4068 3701 4128 tendere

2117 4176 2221 4213 nun
2267 4160 2553 4224 desistunt,
2581 4159 2664 4214 vel
2707 4158 2827 4213 ideo
2858 4174 2962 4213 non
3009 4158 3231 4227 faciunt,
3273 4158 3397 4227 quia
3437 4173 3543 4214 non
3574 4174 3699 4234 pos-

2115 4262 2259 4315 sunt,
2291 4253 2429 4307 sicut
2456 4267 2523 4306 es
2550 4260 2703 4307 utero
2729 4252 2877 4306 Sara:
2900 4251 3069 4319 Isaac,
3102 4252 3186 4306 vel
3225 4252 3483 4313 Rebeccae
3508 4252 3695 4322 Iacob,

2116 4344 2166 4397 in
2202 4359 2389 4397 novam
2423 4344 2587 4397 vitam
2629 4353 2683 4398 et
2711 4342 2916 4397 Novum
2949 4342 3352 4404 Testamentum
3383 4352 3693 4398 nascuntur.

2117 4434 2297 4501 Itaque
2318 4435 2430 4488 sive
2471 4434 2614 4488 intus
2637 4435 2840 4489 versari
2872 4433 3173 4501 videantur,
3206 4434 3318 4491 sive
3344 4444 3530 4503 aperte
3563 4435 3697 4490 foris

2114 4529 2244 4591 sint,
2288 4528 2427 4597 quod
2459 4542 2584 4582 caro
2614 4537 2719 4599 est,
2770 4542 2897 4582 caro
2941 4537 3062 4592 est;
3097 4527 3208 4587 sive
3250 4528 3302 4580 iu
3348 4541 3475 4582 area
3514 4529 3569 4581 in
3600 4542 3697 4585 sua

2116 4623 2398 4675 sterilitate
2468 4634 2808 4693 perseveret,
2866 4621 2979 4674 sive
3038 4622 3321 4682 occas'onc
3384 4621 3696 4680 tentarionis

2119 4724 2367 4781 tanquam
2388 4720 2545 4769 vento
2575 4720 2724 4765 extra
2758 4711 3037 4775 tollantur,
3064 4710 3205 4779 quod
3235 4711 3385 4783 palea
3408 4720 3511 4776 est,
3539 4712 3696 4781 palea

2115 4816 2197 4858 est
2223 4820 2236 4856 :
2261 4813 2316 4858 et
2353 4817 2569 4876 semper
2597 4802 2664 4854 ab
2705 4801 2847 4855 illius
2884 4801 3137 4855 Ecclesia:
3175 4817 3296 4873 quae
3341 4802 3460 4857 sine
3487 4804 3694 4858 macula

2116 4904 2170 4949 et
2200 4910 2324 4961 ruga
2356 4904 2457 4959 est,
2492 4895 2695 4948 unitate
2721 4893 2923 4947 divisus
2961 4902 3064 4953 est,
3094 4893 3255 4946 etiam
3287 4893 3377 4962 qui
3400 4909 3695 4963 congrega-

2117 4987 2246 5041 tioni
2269 4996 2576 5040 sanctorum
2604 4987 2656 5039 in
2683 4985 2887 5044 carnali
2917 4983 3273 5041 obduratione
3313 4986 3589 5040 miscetur.
3620 4985 3696 5040 De

2118 5080 2264 5133 nullo
2307 5086 2487 5137 tamen
2534 5077 2930 5146 desperandum
2976 5086 3080 5143 est,
3125 5078 3238 5133 sive
3266 5079 3354 5148 qui
3405 5080 3545 5133 intus
3576 5077 3696 5141 talis

2116 5179 2361 5239 apparet,
2384 5171 2498 5226 sive
2527 5170 2616 5239 qui
2642 5169 2770 5224 foris
2797 5169 3132 5226 manifestius
3160 5171 3491 5226 adversatur.
3526 5169 3696 5238 Spiri-

2120 5265 2252 5319 tales
2281 5274 2456 5319 autem
2488 5264 2600 5320 sive
2627 5265 2693 5320 ad
2725 5265 2827 5320 hoc
2855 5266 3027 5335 ipsum
3070 5266 3157 5335 pio
3186 5267 3365 5320 studio
3405 5263 3693 5335 proficien-

2122 5369 2223 5422 tes,
2254 5373 2359 5412 non
2394 5369 2521 5413 eunt
2554 5359 2719 5425 foras,
2742 5362 2864 5430 quia
2893 5371 2947 5414 et
2974 5375 3093 5414 cum
3118 5360 3293 5429 aliqua
3317 5360 3404 5413 vel
3428 5360 3697 5426 perversi-

2122 5458 2247 5516 tate,
2282 5452 2363 5504 vel
2398 5453 2716 5508 necessitate
2767 5454 3039 5507 hominum
3084 5453 3333 5505 virlentur
3374 5450 3594 5520 expelli,
3623 5451 3696 5505 ibi

2120 5543 2285 5609 magis
2315 5542 2603 5609 probantur
2625 5559 2780 5613 quam
2810 5545 2855 5597 si
2884 5544 3029 5597 intus
3062 5550 3432 5611 permaneant,
3458 5557 3580 5598 eum
3603 5546 3700 5597 ad.-

2120 5646 2308 5686 versus
2336 5632 2629 5687 Ecclesiam
2660 5634 2961 5687 nullatenus
2984 5634 3285 5703 eriguntur,
3317 5635 3412 5690 sed
3440 5634 3494 5689 in
3522 5634 3691 5689 solida

2122 5722 2343 5785 unitatis
2376 5736 2524 5799 petra
2558 5723 2853 5788 lenissimo
2903 5725 3184 5789 charitatis
3223 5728 3417 5791 robore
3451 5727 3702 5793 radicap.»
