3986 6190
426 332 526 384 879

1516 320 1578 375 D.
1620 317 1941 375 EUGYPl’Il
1982 316 2271 375 ADD.\TIS
2301 317 2617 376 AFRICANI

3573 323 3675 378 880

412 440 527 498 tur.
562 438 639 494 Ad
666 440 767 494 hoc
804 438 947 492 enim
980 432 1210 505 pertinet
1246 430 1386 501 quod
1428 432 1481 485 in
1512 431 1608 486 illo
1635 431 1863 487 Abrahae
1914 446 1999 485 sa-
2030 439 2076 495 Λ
2102 434 2197 487 sire
2237 435 2667 488 communionem
2718 446 2822 487 non
2870 431 3065 488 habeat
3097 433 3236 489 Deus
3283 434 3512 504 aliquem
3556 444 3718 505 δυο-ε’

422 532 625 587 criﬁcio
652 530 866 593 ilicttur,
898 542 1022 581 aves
1058 536 1232 578 autem
1266 537 1369 577 non
1398 521 1601 576 divisit.

922 634 1148 691 CAPUT
1186 634 1464 689 CCXVIII.

425 755 572 820 Quod
594 762 853 821 prapterea
888 748 1135 802 Dominus
1166 765 1264 800 non
1294 748 1494 821 aperuit
1525 745 1871 821 Cyprianode
1895 746 2001 798 Bn-

492 816 1000 892 ptisnto'sctttcntiam
1023 834 1175 892 quam
1204 828 1377 892 postea
1404 820 1635 887 plenario
1662 816 1878 869 concilio
1901 834 1998 892 pa-

492 888 679 961 tefecit,
703 901 754 943 ut
784 892 894 961 ejus
923 890 1147 942 citat'itas
1175 888 1376 956 plenius
1407 898 1699 959 appareret,
1724 903 1787 941 ex
1816 888 2003 940 eodem

491 966 645 1017 libro.

474 1074 699 1127 Exstant
713 1066 1383 1140 beatimartyrisCypriani
1404 1070 1456 1122 in
1468 1068 1587 1137 ejus
1607 1068 1798 1123 litteris
1810 1078 2001 1135 magna

419 1168 764 1227 documenta,
798 1173 858 1217 ut
886 1164 952 1217 ad
984 1163 1134 1216 illum
1175 1162 1280 1229 jam
1334 1162 1569 1226 veniam,
1608 1160 1679 1225 de
1719 1160 1871 1228 cujus
1900 1160 2003 1213 sibi

423 1261 743 1314 auctoritate
795 1256 880 1309 isti
927 1254 1214 1309 carnaliter
1269 1253 1649 1314 blandiuntur,
1706 1266 1827 1304 cum
1882 1250 2003 1319 ejus

420 1352 691 1405 charitatc
736 1345 1047 1415 spiritaliter
1086 1344 1434 1412 perimantur.
1490 1342 1620 1396 Nam
1655 1342 1761 1395 illis
1790 1350 2003 1410 tempo-

420 1443 573 1496 ribus
602 1452 886 1506 anteqnam
931 1435 1155 1505 plenarii
1185 1434 1412 1489 Concilii
1458 1432 1750 1497 sententia,
1788 1430 1915 1502 quid
1949 1432 2001 1486 in

426 1534 525 1586 ltac
568 1546 626 1584 rc
653 1527 982 1598 sequendum
1026 1534 1192 1592 esset,
1230 1525 1390 1579 totius
1422 1525 1672 1579 Ecclesia:
1714 1525 2003 1578 consensio

425 1620 821 1682 conﬁrmasset,
850 1618 1020 1671 visum
1045 1625 1125 1671 est
1150 1618 1219 1682 ei,
1246 1631 1367 1670 cum
1403 1614 1569 1670 ferme
1588 1615 1853 1685 octoginta
1880 1626 2005 1669 coe-

424 1712 659 1783 piscopis
721 1710 836 1763 suis
883 1708 1254 1763 Africanarum
1309 1706 1691 1770 Ecc’lesiarum,
1731 1707 1999 1760 hominem

2104 477 2195 487 νην
2718 477 2822 487 ..νη
2872 477 3065 488 ..ηυνιη
3098 477 3235 489 ην..-
3283 477 3512 504 .....,...,...
3558 477 3674 490 ea..-

2104 538 2242 587 rnrn,
2274 526 2413 579 sicut
2443 527 2582 579 inter
2607 524 2828 594 angelos
2852 533 3068 579 sanctos
3097 539 3204 579 non
3239 526 3400 580 habet
3428 477 3712 582 diabolusl

2096 614 2333 683 aliquem
2390 630 2635 668 suorum.
2684 612 2935 669 Ecclesia:
2983 627 3112 668 vero
3159 613 3308 680 huic,
3346 630 3462 683 quae
3504 616 3683 671 adhuc

2103 705 2280 757 carnis
2306 706 2682 758 mortalitatem
2730 712 2927 772 portat,
2957 704 3192 773 quandiu
3224 706 3610 775 peregrinatur
3650 706 3695 775 εις

2102 795 2351 861 Domino,
2387 796 2597 850 licuerit
2634 794 2858 849 diabolo
2907 794 3137 850 miscere
3165 773 3394 861 zizania',
3432 794 3541 849 hoc
3578 773 3692 861 est:

2102 887 2275 941 malos
2306 886 2571 950 homines,
2602 895 2658 940 et
2694 886 2990 951 permissus
3021 886 3091 939 sit
3116 894 3340 953 pr0pter
3373 885 3547 952 ipsius
3578 884 3685 938 Ec-

2102 976 2285 1031 clesia:
2310 977 2823 1046 peregrinationem,
2852 984 2914 1029 ut
2938 976 3154 1043 requies
3185 975 3331 1028 illius
3357 975 3545 1043 patrie
3581 989 3687 1043 qua

2101 1066 2272 1120 Sancti
2303 1066 2478 1135 angeli
2529 1064 2889 1135 perfruuntur,
2934 1063 3337 1118 desideraretur
3376 1063 3680 1118 ardentius.

2104 1155 2182 1208 De
2212 1155 2579 1209 Sacratneutis
2626 1164 2804 1208 autem
2850 1153 2951 1207 huc
2982 1153 3096 1207 dici
3144 1168 3249 1207 non
3294 1161 3488 1221 potest.
3531 1152 3687 1208 Sicut

2100 1247 2247 1301 enim
2276 1261 2337 1302 ea
2367 1256 2589 1315 possunt
2612 1245 2817 1300 habere
2852 1255 3014 1313 atque
3040 1254 3272 1298 tractare
3304 1259 3409 1297 non
3440 1245 3507 1296 ad
3540 1244 3685 1297 salu-

2103 1346 2235 1403 tem,
2276 1337 2370 1390 sed
2413 1337 2479 1390 ad
2512 1337 2801 1405 perniciem
2847 1349 3021 1401 suam,
3055 1335 3106 1388 in
3135 1348 3237 1404 qna
3269 1336 3373 1404 igni
3404 1336 3687 1390 destinata

2102 1436 2231 1480 sunt
2266 1428 2523 1481 interiora
2550 1426 2777 1490 tzizauia,
2806 1424 2885 1479 sic
2921 1424 3190 1479 exteriora
3218 1425 3440 1490 zizania,
3464 1439 3590 1494 quae
3619 1426 3687 1480 ab

2068 1590 2073 1595 η
2104 1517 2453 1573 interioribus
2492 1516 2873 1572 recedentibus
2895 1522 3245 1586 acceperunt,
3274 1519 3393 1585 quia
3420 1516 3687 1571 receden-

2110 1612 2179 1664 tia
2215 1624 2320 1664 non
2360 1609 2674 1665 amiserunt.
2706 1607 2861 1674 Quod
2909 1608 3028 1663 sine
3073 1607 3235 1662 dubio
3283 1605 3687 1673 manifestatur,

2108 1715 2228 1754 cum
2270 1698 2618 1755 redeuntibus
2660 1712 2770 1752 non
2808 1697 3134 1761 restituitur,
3165 1698 3379 1766 quando
3406 1696 3555 1752 forte
3595 1699 3687 1752 ali-

426 1800 685 1878 [omnem]
718 1802 805 1872 qui
849 1810 1001 1855 extra
1050 1799 1306 1855 Ecclesiae
1336 1797 1623 1852 catholica:
1669 1798 2001 1850 communio—
2035 1804 2082 1865 Β
2108 1792 2197 1859 qui
2236 1805 2301 1845 ex
2347 1789 2427 1844 eis
2480 1789 2611 1857 ipsis
2640 1786 2730 1856 qui
2777 1797 3114 1842 recesserant
3161 1794 3527 1841 revertuntur.
3585 1786 3688 1841 Nec

428 1912 551 1952 item
586 1896 884 1964 baptizatus
925 1893 1133 1953 fuisset,
1168 1898 1426 1958 oportere
1476 1888 1541 1942 ad
1584 1887 1876 1942 Ecclesiam
1912 1903 2003 1943 ve-

434 1990 666 2042 nientem
698 1987 874 2040 denuo
905 1982 1185 2052 baptizari,
1206 1980 1345 2050 quod
1372 1994 1480 2033 nou
1522 1988 1667 2033 recte
1705 1978 1822 2032 ﬁeri
1857 1987 2003 2033 tanto

429 2080 544 2131 viro
566 2079 818 2130 nimirum
848 2084 1127 2143 propterea
1152 2073 1407 2126 Dominus
1431 2086 1537 2124 non
1556 2072 1788 2138 aperuit,
1809 2080 1864 2124 ttt
1886 2071 2003 2141 ejus

432 2169 516 2236 pia
546 2176 603 2221 et
630 2167 923 2230 humilitas,
946 2175 1000 2218 et
1027 2163 1284 2228 charitas,
1312 2164 1363 2216 in
1396 2162 1743 2216 custodienda
1775 2162 2003 2217 salubri-

433 2271 514 2314 ter
542 2258 798 2311 Ecclesiae
829 2270 980 2324 pace,
1014 2260 1331 2320 putesceret.
1363 2252 1537 2307 Minus
1560 2266 1687 2320 ergo
1716 2251 1805 2305 ille
1832 2266 2003 2320 pene-

434 2349 592 2404 travit
605 2355 919 2403 utcerneret
932 2353 1196 2401 secretum
1210 2346 1446 2399 abditum
1462 2343 1781 2398 sacramenti
1800 2343 1944 2407 :sed,
1958 2343 2004 2397 si

431 2442 786 2498 seiretomnia
810 2444 1164 2505 sacramenta,
1183 2438 1496 2492 charitatem
1516 2447 1691 2490 autem
1716 2450 1820 2489 non
1841 2434 2005 2489 habes

433 2546 535 2601 ret,
569 2536 700 2591 nihil
724 2545 886 2591 esset.
920 2534 1053 2589 Cum
1078 2543 1253 2588 autem
1295 2532 1474 2587 minus
1501 2529 1629 2585 illud
1654 2529 2006 2599 perspiciens,

433 2630 574 2685 hanc
594 2639 769 2683 tamen
793 2625 1088 2690 humiliter,
1104 2624 1356 2689 ﬁdeliter,
1372 2623 1583 2676 fortiter
1602 2619 1911 2684 custodivit,
1942 2618 2006 2672 ad

434 2721 675 2793 Martyrii
703 2734 959 2775 coronam
979 2717 1173 2772 meruit
1191 2718 1494 2787 pervenire,
1522 2725 1579 2769 ut
1602 2716 1651 2769 si
1682 2730 1785 2784 qua
1816 2713 1869 2767 in
1892 2712 2010 2781 ejus

436 2814 664 2868 lucidam
698 2819 931 2867 mentem
962 2826 1029 2865 ex
1053 2811 1282 2863 humana
1306 2807 1615 2863 conditione
1644 2805 1835 2860 nebula
1868 2806 2010 2859 inre-

434 2912 653 2974 pserant
704 2899 1077 2976 [irrepserat],
1134 2898 1365 2969 gloriosa
1413 2897 1703 2952 serenitate
1761 2896 2012 2963 fulgentis

422 2994 715 3065 sanguinis
746 2994 1040 3064 fugaretur.
1072 2990 1187 3045 Non
1217 2989 1359 3045 enim
1390 2990 1586 3043 frustra
1619 2989 1732 3057 ipse
1755 2987 2012 3042 Dominus

433 3088 592 3144 .Icsus
636 3085 899 3149 Christus,
944 3098 1064 3140 cum
1095 3097 1156 3139 se
1203 3084 1375 3153 ipsum
1416 3083 1619 3137 diceret
1646 3081 1834 3144 vitem,
1886 3095 2012 3135 suos

434 3190 612 3237 autem
655 3190 903 3249 tanquam
935 3178 989 3233 in
1024 3178 1134 3232 vite
1171 3184 1442 3231 sarmenta
1489 3173 1704 3244 praecidi
1735 3173 1871 3228 dixit
1894 3188 2007 3239 eos,
2036 3174 2083 3235 ρ

437 3271 589 3325 etde
618 3269 725 3324 vite
771 3267 988 3333 auferri,
1038 3276 1290 3336 tanquam
1340 3265 1544 3319 inutilia
1587 3272 1857 3319 sarmenta
1888 3278 2007 3333 quae

440 3358 667 3413 fructum
699 3372 802 3410 non
850 3357 1062 3411 darent.
1103 3355 1233 3423 Quis
1270 3365 1354 3410 est
1403 3363 1583 3409 autem
1636 3355 1859 3417 fructus,
1908 3353 2011 3407 nisi

436 3463 608 3504 novus
637 3448 725 3501 ille
756 3446 937 3512 foetus,
966 3447 1033 3500 de
1063 3462 1168 3515 quo
1209 3448 1337 3501 item
1371 3446 1501 3499 dicit
1526 3464 1540 3501 :
1564 3446 1867 3500 Mandatum
1915 3461 2013 3499 no-

435 3553 560 3591 vum
594 3536 663 3588 do
683 3535 861 3598 vobis,
886 3542 945 3588 ut
983 3549 1076 3588 vos
1100 3534 1327 3588 invicem
1357 3534 1628 3603 diligatis?
1659 3536 1773 3602 Ipsa
1813 3543 1894 3588 est
1920 3534 2010 3588 illa

436 3629 692 3693 rharitas,
720 3628 837 3680 sine
858 3642 959 3696 qua
988 3636 1181 3681 caetera
1205 3626 1335 3680 nihil
1358 3610 1599 3697 prosunt,
1634 3628 1774 3681 Dicit
1796 3638 1847 3682 ct
1871 3630 2012 3695 Apo-

442 3717 904 3774 stolus:Fructtts
946 3725 1120 3772 autem
1167 3716 1387 3786 spiritus
1435 3726 1517 3771 est
1563 3717 1828 3781 charitas,
1885 3731 2012 3786 gau-

436 3812 603 3878 dium,
638 3824 762 3876 pax,
798 3806 1201 3876 longanimitas,
1232 3806 1554 3875 benignitas,
1593 3807 1825 3872 bonitas,
1859 3808 2010 3868 ﬁdes,

436 3898 825 3964 mansuetudo,
876 3898 1226 3952 continentia.
1275 3896 1404 3964 Quae
1451 3897 1630 3951 omnia
1679 3896 1942 3965 incipiunt
1982 3909 2010 3947 a

433 3992 716 4055 cltaritate,
748 3996 804 4042 et
849 4002 943 4057 per
988 3994 1237 4041 crateram
1266 3985 1568 4056 juncturam
1609 3986 1760 4054 quasi
1798 3986 2012 4040 botrum

434 4079 732 4134 mirabilem
766 4078 984 4132 faciunt.
1018 4076 1127 4132 Nec
1160 4086 1335 4132 tamen
1368 4077 1566 4131 frustra
1597 4077 1737 4132 idem
1758 4077 2014 4131 Dominus

434 4172 655 4237 addidit,
683 4170 813 4239 Quae
838 4180 1018 4225 autem
1063 4178 1334 4224 sarmenta
1374 4170 1427 4223 in
1468 4184 1555 4224 me
1594 4170 1725 4224 dant
1762 4170 2012 4233 fructum,

435 4270 625 4332 purgat
648 4262 735 4314 illa
763 4269 913 4329 pater
938 4275 1112 4324 meus,
1135 4267 1193 4314 ut
1220 4260 1475 4327 majorem
1500 4258 1732 4314 fructum
1755 4257 2008 4319 aﬁerant:

436 4355 538 4409 nisi
579 4353 699 4424 quia
738 4361 795 4409 et
842 4352 976 4423 ipsi,
1018 4350 1109 4421 qui
1155 4349 1329 4405 fructu
1382 4349 1674 4419 praevalent
1713 4348 2010 4414 charitatis,

436 4448 662 4514 possunt
680 4454 856 4499 tamen
874 4443 1076 4513 aliquid
1097 4444 1294 4497 habere
1312 4441 1665 4512 purgandum,
1686 4440 1823 4510 quod
1843 4440 2012 4494 incul-

2106 1882 2385 1951 quisquam
2415 1881 2612 1934 dixerit
2642 1896 2654 1932 :
2680 1878 2816 1944 Quid
2848 1878 2990 1932 enim
3023 1877 3272 1931 frumenti
3304 1877 3499 1930 habent
3546 1878 3687 1930 ziza-

2104 1974 2234 2028 nia?
2264 1974 2309 2027 si
2355 1972 2495 2028 enim
2546 1971 2649 2025 hoc
2684 1970 2758 2024 ita
2799 1978 2908 2036 est,
2954 1978 3009 2023 et
3038 1970 3180 2058 inte};
3224 1978 3282 2021 et
3312 1967 3441 2022 foris
3486 1970 3559 2020 ad
3589 1967 3687 2021 hoc

2105 2065 2369 2118 duntaxat
2396 2076 2494 2132 par
2512 2060 2750 2116 conditio
2776 2066 2879 2114 est.
2904 2058 3086 2127 Neque
3114 2057 3255 2112 enim
3279 2057 3332 2111 in
3353 2057 3580 2111 zizaniis
3594 2071 3688 2111 ex-

2106 2155 2398 2212 terioribus
2427 2168 2534 2210 non
2563 2152 2910 2207 inveniuntur
2940 2163 3106 2219 grana
3136 2150 3407 2215 frumenti,
3438 2159 3493 2205 et
3518 2148 3579 2203 in
3610 2151 3689 2203 in.

2106 2246 2398 2301 terioribus
2424 2244 2791 2302 inveniuntur.
2821 2243 2895 2298 De
2916 2252 3255 2298 sacramento
3285 2240 3688 2313 [sacramentisj

2109 2348 2287 2393 autem
2333 2352 2453 2392 cum
2503 2336 2785 2405 queritur,
2833 2348 2940 2389 non
2984 2342 3161 2388 utrum
3206 2334 3438 2387 habeant
3484 2334 3687 2402 aliquid

2109 2428 2361 2484 frumenti
2402 2427 2601 2483 zizania
2645 2427 2923 2497 quaeritur,
2967 2423 3065 2479 sed
3108 2433 3283 2479 utrum
3328 2425 3567 2478 habeant
3596 2426 3689 2479 ali-

2108 2519 2235 2591 quid
2258 2520 2419 2575 cteli‘i
2443 2529 2495 2574 et
2520 2517 2873 2573 exterioribus
2901 2515 3041 2569 enim
3070 2524 3128 2570 et
3158 2514 3504 2569 interioribus
3532 2514 3676 2567 ziza-

2111 2611 2235 2674 niis,
2267 2624 2388 2664 cum
2412 2609 2529 2677 ipso
2564 2609 2742 2661 tritico
2758 2616 2847 2661 est
2868 2606 3052 2675 pluvia
3079 2604 3399 2668 communis,
3431 2619 3556 2673 quae
3582 2617 3688 2658 cte-

2110 2702 2264 2757 lestis
2291 2711 2346 2757 et
2368 2700 2538 2755 dulcis
2559 2708 2644 2753 est
2674 2714 2688 2753 :
2721 2698 2834 2766 ipsa
2865 2696 3025 2751 etiam
3053 2694 3099 2749 si
3130 2710 3193 2749 ex
3237 2709 3299 2749 ea
3339 2694 3539 2748 zizania
3586 2706 3689 2750 ste-

2114 2794 2288 2849 riliter
2331 2801 2602 2856 crescunt,
2641 2790 2721 2844 sic
2764 2798 2821 2844 et
2853 2786 3229 2855 Evangelicum
3270 2784 3470 2839 Christi
3510 2799 3689 2839 sacra-

2110 2896 2352 2940 mentum
2382 2882 2619 2937 divinum
2650 2888 2703 2934 et
2728 2893 2897 2933 suave
2912 2886 3019 2943 est,
3054 2890 3228 2945 neque
3251 2885 3471 2945 propter
3499 2889 3688 2930 eorum

2110 2974 2455 3030 sterilitatem
2504 2986 2641 3042 quos
2680 2969 2845 3025 etiam
2886 2967 3016 3023 foris
3060 2981 3185 3022 cum
3214 2965 3353 3034 pluit
3382 2966 3691 3035 improban-

2112 3067 2261 3122 dum.

2664 3130 2891 3186 CAPUT
2929 3128 3139 3184 CCXX.

2117 3247 2264 3313 Quod
2308 3262 2407 3299 non
2449 3246 2521 3297 ita
2569 3243 2666 3296 sibi
2715 3241 2989 3311 baptisma:
3025 3255 3179 3313 peras
3221 3237 3689 3313 succedereupossit

2184 3319 2312 3370 sicut
2356 3320 2502 3385 fa'src
2540 3314 2662 3383 ﬁdei
2700 3308 2816 3364 vera
2852 3309 3114 3375 succedit;
3154 3324 3216 3362 ea:
3261 3308 3433 3359 eodem
3465 3308 3600 3360 libro
3628 3309 3689 3360 de

2185 3387 2453 3457 Baptismo
2476 3400 2549 3439 tv.

2184 3501 2299 3556 Jam
2346 3500 2477 3554 satis
2525 3497 2854 3553 ostendimus
2899 3494 2964 3548 ad
3006 3493 3328 3563 baptismum
3378 3491 3472 3561 qui
3517 3491 3692 3547 verbis

2115 3590 2439 3661 evangelicis
2486 3597 2859 3651 consecratur,
2909 3599 3015 3639 non
3059 3586 3329 3654 pertinere
3376 3583 3690 3651 cujusquam

2115 3685 2199 3738 vel
2226 3683 2403 3737 dantis
2449 3682 2529 3735 vel
2580 3680 2898 3750 accipientis
2941 3692 3205 3741 errorem,
3253 3678 3366 3731 sive
3395 3676 3461 3730 de
3514 3674 3690 3741 Patre,

2115 3774 2227 3829 sive
2258 3774 2325 3828 de
2348 3772 2518 3839 Filio,
2574 3772 2687 3826 sive
2725 3771 2793 3827 de
2820 3769 3022 3841 Spiritu
3062 3784 3157 3823 san
3195 3778 3250 3824 to
3294 3769 3449 3822 aliter
3495 3766 3692 3821 sentiat

2112 3880 2273 3935 quam
2302 3864 2544 3919 doctrina
2575 3863 2811 3919 ctelestis
2850 3863 3103 3918 insinuat.
3132 3860 3284 3916 Multi
3325 3859 3469 3914 enim
3498 3872 3692 3913 Carna-

2118 3958 2195 4011 les
2221 3964 2277 4010 et
2301 3956 2558 4010 animales
2596 3955 2754 4009 etiam
2788 3954 2930 4007 intus
2967 3952 3326 4022 baptizantur,
3364 3964 3487 4005 cum
3511 3958 3692 4018 aperte

2116 4050 2261 4104 dicat
2290 4049 2617 4119 Apostolus:
2645 4046 2911 4102 Anintalis
2938 4056 3113 4099 autem
3144 4044 3303 4097 homo
3334 4056 3439 4095 non
3470 4040 3692 4110 percipit

2117 4153 2177 4194 ca
2208 4154 2328 4210 quae
2356 4149 2478 4194 sunt
2505 4139 2724 4207 spiritus
2757 4138 2869 4201 Dei,
2896 4146 2949 4192 et
2989 4142 3239 4205 percepto
3263 4133 3372 4201 jam
3406 4130 3689 4201 baptismo,

2116 4233 2247 4288 dicit
2282 4246 2377 4288 eos
2412 4231 2588 4286 adhuc
2633 4230 2890 4285 animales
2936 4243 3077 4284 esse.
3123 4225 3429 4283 Secundum
3475 4236 3692 4276 sensum

2116 4335 2293 4381 autem
2334 4325 2625 4389 carnalem,
2677 4337 2784 4377 non
2814 4330 2986 4389 potest
3018 4320 3116 4372 nisi
3158 4316 3451 4371 carnaliter
3478 4312 3546 4367 de
3581 4312 3693 4365 Deo

2118 4432 2307 4486 sapere
2327 4417 2500 4471 anima
2525 4416 2800 4484 corporeis
2830 4411 3082 4468 sensibus
3120 4407 3325 4463 dedita.
3350 4404 3500 4459 Unde
3540 4402 3696 4455 multi

438 4492 662 4514 ι-ν---η-
682 4492 856 4499 -----ν--
875 4492 1076 4513 --ητψ
1098 4492 1246 4497 τ--π
1270 4492 1291 4497 ν
1313 4492 1635 4512 rrum—rw
1652 4492 1665 4506 τ
1694 4492 1779 4510 γ-
1802 4492 1823 4493 κ
1843 4492 1857 4494 —
1885 4492 1981 4494 κη

438 4550 546 4590 tum
578 4536 806 4606 agricola
831 4550 934 4589 non
959 4535 1231 4603 relinquit.
1256 4532 1407 4599 Quod
1432 4547 1561 4602 ergo
1584 4533 1675 4586 ille
1706 4541 1925 4586 sanctus
1944 4529 2010 4585 de

2121 4518 2241 4577 post
2264 4509 2587 4577 baptismum
2613 4504 2981 4574 proﬁcientes,
3006 4510 3059 4555 et
3086 4498 3320 4552 maxime
3345 4495 3432 4563 qui
3462 4492 3699 4546 infantes

2190 4602 2200 4606 -
2369 4600 2380 4606 _
2418 4600 2430 4606 _
2549 4599 2559 4606 .
2656 4598 2667 4606 .
2828 4604 2834 4606 Α
3039 4602 3048 4606 -
3187 4604 3196 4606 Α
3231 4589 3259 4606 ,9
3328 4600 3503 4606 ---ηρ
3540 4582 3668 4606 ina“!

438 4626 713 4695 Baptismo
738 4626 893 4679 aliter
920 4624 1158 4678 sentiens
1186 4636 1342 4693 quam
1373 4637 1430 4676 se
1472 4637 1559 4676 res
1603 4621 1853 4684 habebat,
1896 4634 2014 4689 quae

439 4726 625 4784 p05tca
678 4724 999 4782 pertractata
1046 4724 1099 4767 et
1146 4714 1554 4785 diligentissima
1583 4710 2015 4766 consideratione

439 4815 647 4867 ﬁrmata
680 4821 782 4876 est,
807 4813 862 4866 in
891 4812 1157 4866 catholica
1182 4815 1385 4866 unitate
1412 4811 1725 4882 permansit,
1757 4817 1813 4863 et
1841 4807 2015 4863 chari-

438 4906 560 4961 tatis
604 4904 847 4959 ubertate
895 4912 1299 4971 compensatnm
1331 4911 1434 4969 est,
1477 4911 1530 4958 et
1575 4900 1841 4971 passionis
1882 4899 2019 4954 falce

440 5005 746 5067 purgatum.

981 5084 1208 5143 CAPUT
1248 5086 1474 5141 CCXIX.

445 5191 549 5262 18
574 5187 721 5262 Quod
749 5186 877 5262 sicut
908 5181 1045 5262 iullus
1066 5181 1200 5261 quod
1224 5179 1415 5231 diaboli
1439 5187 1509 5230 est
1534 5181 2014 5262 unrgumr‘ntutn‘est,

509 5243 643 5313 sic}!
667 5258 793 5325 [oris
814 5251 947 5323 quod
965 5243 1152 5303 Christi
1174 5259 1266 5317 est,
1285 5243 1659 5318 agnoscendum
1683 5254 1752 5297 est
1771 5262 1789 5311 ;
1810 5261 1873 5298 ex
1892 5243 2022 5295 libro

512 5332 575 5384 de
598 5327 861 5397 Baptismo
893 5336 968 5375 tv.
1055 5348 1063 5358 ·

514 5440 664 5498 Sicut
693 5452 822 5509 ergo
847 5446 901 5492 et
940 5438 1103 5501 intus,
1145 5431 1285 5499 quod
1317 5430 1515 5483 diaboli
1542 5437 1645 5494 est,
1689 5425 2018 5495 arguendum

440 5540 547 5595 est,
578 5536 654 5585 sic
678 5537 732 5585 et
770 5529 919 5591 foris,
961 5525 1101 5596 quod
1129 5522 1327 5579 Christi
1360 5529 1445 5574 est
1487 5517 1884 5588 agnoscendum
1915 5524 2017 5568 est.

444 5631 523 5677 An
556 5634 710 5676 extra
737 5621 994 5674 unitatem
1020 5615 1273 5671 Ecclesia:
1305 5628 1408 5666 non
1435 5610 1593 5663 habet
1632 5622 1725 5661 sua
1754 5605 2020 5667 Christus,

447 5722 501 5765 et
531 5716 579 5763 in
610 5715 814 5766 unitate
844 5708 1101 5763 Ecclesia:
1132 5706 1293 5761 habet
1321 5718 1415 5759 sua
1446 5699 1733 5757 diabolus?
1776 5697 1887 5751 Hoc
1912 5695 2022 5749 for-

451 5813 592 5858 tasse
618 5801 726 5874 [de]
754 5800 1059 5858 hominibus
1083 5798 1188 5855 dici
1225 5805 1422 5872 potest,
1454 5803 1511 5851 ut
1544 5793 1621 5851 sic
1650 5798 1799 5848 extra
1836 5789 2025 5846 Eccle-

2123 4602 2203 4656 vcl
2236 4600 2385 4669 pueri
2418 4598 2670 4667 baptizati
2719 4604 2862 4660 sunt,
2892 4602 3091 4661 quanto
3123 4589 3291 4656 magis
3322 4600 3506 4640 eorum
3540 4582 3698 4637 intel-

2123 4691 2294 4746 lectus
2346 4700 2623 4743 serenatur
2666 4696 2722 4742 et
2765 4685 3093 4740 illuminatur
3123 4672 3513 4751 [iliutninetur],
3565 4672 3697 4727 dum

2125 4784 2346 4838 interior
2388 4781 2547 4835 homo
2587 4787 2875 4833 renovatur
2903 4775 2972 4829 de
3009 4774 3095 4827 die
3126 4772 3178 4823 itt
3222 4768 3385 4828 diem,
3417 4762 3698 4833 propiores

2126 4871 2399 4948 [priore-,1
2426 4888 2549 4926 suas
2571 4869 2867 4938 opiniones,
2892 4879 3024 4936 quas
3041 4864 3106 4918 de
3132 4864 3239 4914 Dco
3267 4858 3556 4917 habebant,
3574 4867 3697 4948 cum

2124 4967 2235 5020 suis
2266 4962 2649 5032 phatttasmatis
2680 4959 3101 5016 ludilit'arenlur,
3146 4950 3379 5004 inrident
3402 4939 3698 5017 [irrident],

2123 5057 2451 5111 detestantes
2486 5064 2648 5121 atque
2697 5048 3016 5103 conﬁtentes
3064 5043 3335 5097 abiiciunt.
3381 5038 3489 5091 Nec
3522 5045 3699 5089 tamen

2124 5146 2369 5199 ideonon
2388 5140 2656 5207 accepisse
2675 5135 2992 5205 baptismum
3014 5129 3403 5189 existimantur,
3427 5132 3517 5176 aut
3543 5121 3700 5174 taletn

2125 5235 2444 5302 baptismum
2502 5230 2782 5297 accepisse
2836 5226 3114 5285 dicuntur,
3176 5218 3347 5287 qualis
3402 5216 3499 5267 fuit
3551 5226 3703 5266 error

2126 5330 2361 5397 ipsorum
2389 5343 2401 5376 :
2427 5325 2518 5378 sed
2568 5323 2619 5377 itt
2652 5323 2731 5375 eis
2764 5331 2818 5374 et
2854 5317 3185 5373 Sacramenti
3218 5311 3495 5377 integritas
3535 5306 3703 5358 honu-

2131 5396 2298 5483 ratur,
2328 5423 2382 5470 et
2411 5415 2603 5468 mentis
2628 5412 2837 5467 vanitas
2880 5406 3217 5470 emendatur,
3260 5400 3470 5457 etiamsi
3504 5396 3703 5451 contir-

2134 5517 2271 5562 mata
2318 5518 2371 5561 et
2403 5506 2628 5560 fortasse
2665 5503 2845 5556 multis
2884 5495 3318 5555 contentionibus
3345 5490 3567 5545 defensa
3598 5482 3706 5538 cal-

2134 5602 2323 5655 lnerat.
2360 5598 2695 5667 Quapropter
2739 5596 2902 5650 etiam
2952 5590 3257 5652 haereticus,
3302 5584 3393 5654 qui
3425 5578 3705 5648 perspicue

2134 5695 2264 5749 foris
2292 5706 2393 5758 εει,
2419 5693 2464 5746 si
2489 5690 2806 5761 baptismum
2834 5688 2941 5741 illic
2962 5683 3325 5754 evangelicum
3350 5674 3574 5741 accepit,
3600 5686 3645 5722 η.
3672 5683 3704 5720 n

2137 5788 2297 5843 talem
2313 5786 2492 5855 utique
2514 5783 2833 5854 baptismum
2852 5778 3076 5848 accepit,
3093 5775 3233 5844 quali
3256 5784 3437 5828 errore
3454 5773 3691 5822 caecatur.
