4016 6184
370 336 472 391 831

1540 338 1971 397 τηεδλυιιυδ.
2013 339 2168 397 CAP.
2206 343 2457 400 CCXXII.

3518 354 3621 408 88‘2

310 445 322 458 ⁸
370 456 440 509 Et
481 462 763 524 propterea
816 457 860 511 si
909 458 1227 526 resipiscens
1267 455 1490 519 viderit,
1532 458 1940 526 relinquendum
1971 457 2021 521 Α
2046 471 2163 513 eam
2195 459 2479 525 miserans,
2513 461 2707 531 ubique
2735 463 2900 518 voluit
2926 464 2990 518 ad
3022 480 3178 535 quem
3213 465 3619 527 redeatammo-

368 560 494 601 esse
520 544 663 615 quod
707 546 848 603 male
886 556 1151 613 tenuerat,
1193 562 1300 602 non
1349 545 1507 601 simul
1541 546 1590 602 ei
1643 548 1951 618 relinquen-

368 636 503 690 dum
529 646 610 691 est
641 635 843 693 bonum
869 638 1014 706 quod
1044 645 1347 705 acceperat.
1387 634 1495 691 Nec
1522 636 1645 704 quia
1692 652 1843 694 error
1889 639 1951 693 il-

369 729 479 783 lius
518 728 904 796 improbandus
948 740 1051 795 est,
1101 738 1383 799 propterea
1416 728 1473 795 in
1499 728 1589 781 illo
1631 727 1825 783 Christi
1859 733 1950 786 ba-

366 818 599 887 ptismus
625 819 991 874 exsufﬂandus
1011 829 1113 875 est.
1144 822 1260 876 Iam
1288 822 1428 873 enim
1450 832 1514 874 ex
1544 820 1625 875 his
1650 836 1785 890 quos
1810 824 1950 876 intus

364 910 597 978 contigit
618 909 688 963 de
718 909 829 964 Deo
868 908 997 964 falsa
1028 911 1312 977 opinantes
1356 914 1631 984 baptizari,
1678 913 1807 967 satis
1834 911 1950 965 elu-

363 1010 454 1056 cet
478 1000 897 1055 discernendum
923 1015 1045 1056 esse
1080 1005 1401 1058 sacramenti
1430 1006 1730 1064 veritatem,
1757 1017 1787 1056 a
1812 1001 1951 1056 male

363 1092 645 1148 credentis
673 1106 883 1157 errore,
914 1096 1156 1161 quamvis
1190 1104 1473 1166 utrumque
1508 1100 1560 1153 in
1601 1096 1953 1152 homine‘uno

367 1188 549 1242 valeat
592 1188 819 1241 inveniri
854 1203 870 1242 :
899 1198 955 1242 et
1000 1189 1124 1243 ideo
1163 1205 1285 1244 cum
1316 1191 1476 1245 etiam
1508 1190 1637 1245 foris
1684 1192 1736 1244 in
1766 1203 1951 1243 errore

370 1280 559 1347 aliquo
609 1281 954 1344 constitutus,
1006 1296 1135 1335 vero
1180 1293 1359 1337 tamen
1409 1292 1746 1338 sacramento
1792 1282 1953 1335 fuerit

373 1372 701 1439 baptizatus,
733 1384 853 1424 cum
886 1370 1143 1426 Ecclesia:
1173 1372 1415 1427 redditur
1441 1375 1651 1438 unitati,
1681 1373 1820 1427 sicut
1856 1372 1952 1425 Ial-

372 1478 452 1517 s:e
485 1462 609 1516 tidci
639 1476 762 1517 vera
791 1461 1051 1525 succedit,
1084 1477 1188 1515 non
1219 1464 1297 1517 sic
1322 1473 1494 1530 potest
1516 1462 1677 1518 etiam
1706 1478 1833 1518 vero
1861 1464 1951 1516 ba~

368 1554 571 1622 ptismo
607 1565 767 1606 verus
816 1536 1109 1621 baptismus
1150 1555 1458 1619 succedere,
1492 1556 1613 1624 quia
1644 1554 1784 1609 idem
1833 1556 1949 1623 ipse

367 1643 475 1697 sibi
527 1643 819 1698 succedere
866 1658 971 1697 non
1007 1653 1201 1712 potest,
1244 1646 1366 1713 quia
1412 1661 1510 1701 nec
1551 1646 1813 1700 decedere
1854 1663 1947 1715 pat-

369 1740 497 1786 test.
552 1732 631 1785 Ad
664 1732 765 1786 hoc
805 1747 932 1802 ergo
965 1734 1199 1788 haeretici
1249 1736 1314 1788 ad
1357 1734 1671 1790 catholicam
1705 1738 1944 1805 veniunt,

2051 565 2180 605 nere
2204 550 2557 623 [admonere].
2640 602 2656 609 -

2582 645 2812 699 CAPUT
2852 645 3083 700 CCXXI.

2052 732 2129 789 De
2158 734 2403 790 bonarum
2445 753 2643 808 morum
2673 737 2906 791 Iucretico
2934 747 2992 808 et
3039 740 3289 793 catholico
3316 741 3623 808 criminose;

2391 822 2453 859 ea:
2479 807 2652 859 eadem
2683 809 2810 859 libro
2834 808 2894 859 de
2921 806 3185 875 Baptismo
3208 825 3279 862 tv.

2122 913 2523 971 Constituamus
2553 930 2681 985 ergo
2710 915 2941 986 aliquem
2975 928 3202 985 castum,
3234 920 3621 984 continentem,

2052 1018 2157 1058 non
2180 1019 2421 1068 avarum,
2458 1020 2561 1061 non
2590 1006 2748 1061 idolis
2786 1008 3131 1073 servientem,
3167 1008 3511 1078 hospitalem,
3542 1014 3623 1065 iu-

2051 1092 2360 1163 digentibus
2392 1096 2813 1161 ministrantem,
2854 1112 2958 1149 non
2988 1098 3298 1168 cujusquam
3327 1100 3620 1167 inimicum,

2054 1200 2157 1239 non
2204 1188 2626 1250 contentiosttm,
2665 1189 2978 1256 patientem,
3012 1191 3269 1257 quietum,
3318 1192 3520 1254 pullum
3551 1208 3622 1246 ωε

2053 1278 2366 1343 mulantem,
2402 1278 2533 1335 nulli
2557 1278 2905 1344 invidentem,
2937 1279 3197 1345 sobrium,
3236 1280 3489 1351 l'rugalem
3518 1282 3623 1337 ιω

2053 1367 2278 1421 relicum
2307 1386 2319 1421 :
2343 1369 2476 1425 nulli
2500 1371 2679 1436 utique
2700 1369 2919 1425 dubium
2942 1380 3046 1436 est,
3080 1380 3299 1440 propter
3322 1374 3421 1426 hoc
3450 1373 3621 1427 solum

2053 1457 2190 1526 quod
2223 1459 2510 1512 haereticus
2550 1467 2655 1521 est,
2692 1474 2915 1525 regnum
2948 1459 3039 1512 Dei
3079 1474 3185 1513 non
3228 1474 3618 1529 possessurum.

2054 1544 2451 1601 Constituamus
2473 1547 2637 1602 alium
2663 1547 3060 1609 Iornicatorem,
3086 1546 3442 1615 immundum,
3472 1551 3619 1604 luxu-

2056 1635 2278 1701 riosum,
2309 1652 2549 1700 avarum,
2583 1638 2664 1691 vel
2703 1640 2863 1692 etiam
2911 1638 3145 1706 apertius
3175 1639 3332 1693 idolis
3359 1639 3617 1705 deditum,

2056 1724 2373 1789 veneficum,
2421 1727 2834 1791 discordiosum,
2884 1728 3299 1794 cotttentiosum,
3350 1730 3620 1793 a'mulum,

370 1821 594 1891 utquod
625 1836 812 1877 eorum
839 1823 1037 1877 malum
1069 1832 1153 1878 est
1195 1824 1516 1896 catrigatur,
1551 1841 1656 1879 nttll
1684 1827 1823 1895 quod
1858 1827 1949 1881 Dei
1985 1813 2024 1870 Β
2053 1818 2348 1871 animosum
2403 1820 2523 1890 [pro
2574 1819 2917 1890 temerario].
2965 1820 3309 1889 seditiosum.
3365 1823 3620 1887 invidum.

370 1913 573 1969 bonum
603 1922 686 1967 est
712 1923 1003 1981 repetatur.
1038 1914 1172 1969 Dicit
1197 1916 1388 1984 aliquis
1418 1932 1433 1972 :
1464 1915 1673 1970 Nihilne
1701 1930 1830 1985 ergo
1860 1917 1952 1969 in-

372 2012 545 2060 terest
578 2002 622 2057 si
648 2002 753 2058 duo
777 2002 830 2059 in
877 2017 1061 2059 errore
1090 2005 1202 2072 pari
1232 2014 1392 2074 atque
1436 2004 1639 2058 malitia
1675 2004 1953 2059 constituti

373 2090 504 2158 sint,
542 2105 639 2145 nec
665 2092 769 2145 vita
802 2105 901 2146 nec
930 2091 1096 2147 corde
1141 2099 1368 2159 mutato,
1400 2092 1536 2147 alius
1582 2105 1767 2146 eorum
1800 2092 1947 2159 loris,

370 2182 515 2234 alius
560 2182 701 2236 intus
731 2181 1069 2251 baptizetur?
1100 2182 1294 2238 Fateor
1342 2182 1602 2237 interesse
1630 2198 1645 2235 :
1676 2182 1769 2237 ille
1807 2184 1951 2236 enim

372 2271 530 2340 pejor
579 2279 682 2333 est,
713 2272 803 2340 qui
852 2272 1012 2327 etiam
1051 2273 1179 2326 foris
1216 2272 1541 2342 baptizatur,
1588 2286 1693 2324 non
1718 2286 1783 2326 eo
1810 2273 1952 2341 quod

374 2359 553 2427 baptiz
573 2371 695 2427 itur,
745 2362 839 2416 sed
871 2376 937 2415 eo
962 2362 1105 2431 quod
1134 2362 1263 2417 foris
1309 2370 1412 2417 est.
1446 2362 1545 2417 Est
1571 2363 1731 2417 etiam
1761 2360 1951 2432 [enim]

373 2449 546 2517 ipsius
569 2450 867 2515 divisionis,
898 2466 999 2504 nec
1020 2452 1247 2520 nullum,
1274 2466 1371 2506 nec
1402 2466 1624 2521 parvum
1654 2452 1872 2518 malum,
1904 2451 1950 2505 si

374 2548 561 2593 tamen
586 2540 675 2594 ille
711 2540 801 2609 qui
829 2540 973 2595 intus
997 2541 1315 2609 baptizatur,
1350 2556 1455 2595 non
1483 2550 1702 2611 propter
1736 2540 1949 2607 aliquod

374 2644 654 2689 terrenum
700 2644 793 2688 aut
826 2635 1120 2702 temporale
1149 2635 1490 2689 commodum
1519 2634 1662 2688 intus
1698 2647 1819 2688 esse
1849 2647 1948 2686 vo-

374 2721 499 2787 luit,
543 2721 638 2776 sed
674 2722 815 2791 quod
864 2724 1120 2778 unitatem
1154 2723 1407 2777 Ecclesiae
1438 2732 1553 2778 toto
1592 2727 1726 2777 orbe
1745 2721 1949 2776 diffusis

370 2811 722 2865 schismatum
760 2813 1155 2868 concisionibus
1201 2814 1464 2881 praetulit;
1504 2812 1739 2881 alioquin
1784 2815 1946 2869 etiam

373 2905 496 2970 ipse
534 2904 671 2956 inter
702 2903 825 2958 illos
869 2904 956 2971 qui
983 2903 1113 2957 foris
1138 2914 1260 2957 sunt
1297 2904 1634 2971 deputandus
1662 2913 1766 2958 est.
1798 2904 1946 2957 Con-

370 2996 662 3048 s:itttamus
704 3009 832 3063 ergo
860 2995 996 3049 duos
1025 2996 1237 3064 aliquos
1285 2998 1387 3050 isto
1437 2997 1597 3050 modo
1627 3014 1639 3049 :
1669 3011 1831 3050 unum
1857 3010 1950 3051 eo-

372 3100 516 3149 rum,
551 3085 696 3139 vcrbi
726 3086 913 3155 gratia,
949 3086 1000 3139 id
1029 3086 1231 3140 sentire
1253 3087 1320 3141 de
1349 3086 1564 3142 Christo
1594 3089 1734 3157 quod
1766 3087 1948 3144 Photi-

2053 1907 2887 1974 ebriosum,comessatorem,sed
2898 1910 3480 1981 catholicumznunquid
3496 1929 3619 1978 pro-

2055 2008 2169 2066 pter
2197 1997 2298 2052 hoc
2318 2000 2491 2054 solum
2513 2000 2652 2069 quod
2682 2001 2981 2056 catholicus
3008 2010 3107 2065 est,
3135 2018 3356 2072 regnum
3383 2004 3475 2058 Dei
3504 2020 3622 2072 pos-

2052 2089 2245 2143 sidebit
2265 2129 2281 2156 ,
2309 2105 2473 2159 agens
2506 2092 2628 2145 talia
2658 2091 2725 2146 de
2756 2092 2948 2160 quibus
2980 2094 3060 2145 sic
3097 2094 3368 2149 concludit
3396 2096 3622 2163 Aposto-

2054 2178 2136 2233 lus
2161 2195 2173 2231 :
2198 2180 2327 2246 Quae
2354 2182 2451 2253 ι’]
2473 2181 2706 2248 μνωάὶεο
2728 2182 2902 2244 vobis,
2935 2184 3072 2238 sicut
3104 2184 3341 2253 praedixi,
3371 2188 3624 2254 quoniam

2052 2271 2139 2337 qui
2175 2271 2295 2324 tala
2322 2280 2484 2342 agunt
2509 2287 2731 2341 regnum
2761 2274 2852 2327 Dei
2886 2290 2989 2329 non
3031 2276 3411 2343 possidebunt?
3443 2277 3496 2333 Si
3526 2278 3624 2332 hor.

2051 2358 2301 2420 dicimus,
2337 2376 2433 2413 nos
2464 2359 2607 2429 ipsos
2647 2361 2973 2417 seducimtts.
3010 2364 3139 2418 Nam
3180 2379 3359 2419 sermo
3399 2365 3490 2419 Dei
3521 2382 3623 2422 nott

2053 2463 2151 2501 nos
2180 2450 2405 2517 seducit,
2431 2452 2518 2518 qui
2551 2466 2649 2505 nec
2684 2461 2843 2516 tacet,
2878 2468 2975 2508 nec
3007 2455 3195 2524 parcit,
3231 2471 3329 2509 nec
3354 2456 3460 2510 ulla
3491 2458 3621 2510 adu-

2052 2538 2249 2594 latione
2293 2554 2389 2595 nos
2419 2539 2637 2612 decipit.
2672 2540 2795 2596 Ideo
2826 2545 3021 2612 quippe
3066 2554 3118 2598 et
3149 2544 3274 2598 alibi
3314 2546 3484 2599 dicit:
3518 2547 3623 2602 lloc

2051 2636 2227 2680 autem
2258 2628 2467 2696 scitote,
2516 2644 2901 2699 cognoscentes
2952 2633 3203 2701 quoniam
3256 2634 3432 2688 omnis
3458 2632 3621 2689 furni-

2051 2727 2220 2783 cator,
2250 2728 2339 2771 aut
2364 2721 2691 2787 immundus,
2716 2733 2807 2775 aut
2846 2736 3059 2789 avarus,
3085 2724 3226 2793 quod
3250 2733 3331 2779 est
3361 2724 3621 2779 idolorum

2050 2808 2302 2873 servitus,
2352 2824 2456 2862 non
2505 2810 2664 2864 habet
2708 2810 3072 2866 hazrcditatent
3120 2814 3169 2866 itt
3223 2831 3388 2885 regno
3427 2816 3622 2869 Christi

2050 2905 2105 2951 et
2156 2896 2289 2963 Dei;
2359 2915 2516 2954 nemo
2563 2915 2657 2953 vos
2696 2903 2917 2955 stsducat
2969 2904 3213 2958 inanibus
3278 2907 3472 2961 verbis.
3508 2907 3621 2961 Non

2050 2996 2132 3041 est
2177 3002 2305 3057 ergo
2351 2988 2490 3058 quod
2543 2989 2611 3043 de
2656 3006 2901 3045 sermone
2953 2992 3158 3047 Domini
3215 3009 3623 3063 conqueramur.

2050 3079 2188 3135 Dicit
2243 3080 2462 3134 omnino
2518 3090 2571 3135 et
2623 3092 2804 3150 aperte
2859 3098 2921 3137 ac
2976 3082 3160 3147 libere,
3211 3085 3341 3138 dicit
3390 3102 3483 3140 eos
3536 3091 3625 3155 qui

377 3190 485 3230 nus
512 3176 756 3244 Opinatus
796 3185 898 3242 est,
930 3186 983 3231 et
1023 3176 1073 3230 in
1121 3176 1240 3246 ejus
1276 3177 1465 3232 hzcrcsi
1509 3179 1763 3247 baptizari
1794 3190 1942 3235 extra
1972 3166 2016 3228 C
2051 3174 2189 3228 male
2245 3174 2430 3227 vivunt
2483 3172 2551 3227 ad
2603 3188 2821 3242 regnum
2884 3174 2975 3228 Dei
3034 3190 3138 3227 non
3186 3176 3488 3244 pertinere;
3546 3178 3626 3232 his

376 3266 638 3322 Ecdesize
677 3267 953 3321 catholica:
997 3270 1465 3335 communionem;
1496 3272 1659 3326 alium
1688 3288 1816 3328 vero
1855 3276 1955 3333 hoc

381 3356 526 3411 idem
558 3357 777 3421 sentire,
806 3358 900 3411 sed
928 3357 981 3411 in
1022 3357 1295 3413 Catholica
1325 3360 1608 3427 baptizari,
1649 3362 1955 3421 existiman-

376 3461 486 3506 tem
539 3452 707 3517 ipsam
750 3466 871 3505 esse
898 3451 1227 3507 Catholicam
1268 3452 1459 3520 Iidem;
1510 3454 1668 3508 istum
1714 3458 1950 3515 nondum

374 3542 689 3597 been-ticum
713 3542 856 3605 dico,
881 3542 981 3596 nisi
1006 3542 1345 3599 manifestata
1377 3544 1477 3598 sibi
1502 3544 1743 3600 doctrina
1765 3550 1952 3601 catho-

373 3635 494 3689 licte
526 3634 647 3688 lldei
698 3635 951 3689 resistere
994 3635 1261 3701 maluerit,
1309 3644 1363 3691 et
1392 3637 1518 3691 illud
1551 3639 1693 3706 quod
1734 3644 1951 3695 tenebat

371 3727 617 3795 elegerit,
656 3726 797 3795 quod
826 3734 1112 3793 antequam
1142 3727 1253 3792 flat,
1302 3730 1640 3783 manifestum
1688 3740 1772 3785 est
1801 3732 1949 3785 illum

370 3819 464 3887 qui
498 3818 627 3872 foris
662 3828 743 3872 est
768 3833 887 3873 esse
931 3818 1199 3889 pejorem.
1230 3820 1411 3889 Itaque
1440 3824 1490 3873 in
1536 3822 1637 3874 hoc
1677 3823 1787 3876 sola
1822 3823 1950 3877 falsa

370 3911 579 3979 opinio,
614 3912 666 3963 itt
709 3911 803 3964 illo
848 3920 1027 3964 autem
1056 3911 1217 3965 etiam
1261 3912 1374 3978 ipsa
1412 3912 1606 3966 divisio
1636 3915 1950 3982 corrigenda

370 4012 485 4065 est;
516 4003 608 4057 sed
652 4003 705 4056 in
756 4012 944 4056 neutro
984 4003 1221 4071 ipsorum
1269 4006 1585 4057 sacramenti
1628 4004 1824 4059 veritas
1862 4020 1948 4060 re-

372 4093 638 4160 petenda;
664 4091 803 4160 quod
836 4093 880 4146 si
907 4094 1185 4161 quisquam
1218 4092 1357 4146 idem
1389 4092 1585 4147 sentiat
1604 4096 1743 4162 quod
1777 4095 1871 4163 illi,
1898 4106 1951 4150 et

370 4198 495 4238 esse
528 4182 773 4237 hzeresim
815 4185 1028 4237 noverit
1056 4184 1124 4238 ab
1168 4184 1374 4238 unitate
1421 4184 1683 4238 catholica
1732 4201 1951 4254 separa-

372 4284 508 4342 tam,
537 4273 626 4327 ubi
660 4274 761 4328 ltoc
787 4273 1008 4327 docetur
1032 4282 1085 4327 et
1114 4273 1360 4337 discitur,
1399 4276 1493 4328 sed
1525 4276 1746 4342 alicujus
1775 4291 1949 4330 saecu-

373 4366 507 4420 laris
554 4364 903 4419 emolumenti
933 4378 1118 4429 causa,
1166 4364 1218 4417 in
1249 4363 1512 4417 catholica
1547 4366 1749 4420 unitate
1780 4365 1950 4432 bapti-

375 4458 491 4512 zati
532 4456 786 4518 voluerit,
820 4457 900 4510 vel
929 4457 982 4510 in
1018 4472 1078 4510 ea
1105 4456 1406 4523 baptizatus
1438 4466 1656 4524 propter
1697 4458 1798 4512 hoc
1828 4459 1950 4514 inde

2003 3271 2007 3274 ’
2058 3264 2217 3334 igitur
2272 3264 2522 3318 omnibus
2589 3265 2737 3319 vitiis
2805 3265 3159 3333 cireutttsepto
3207 3265 3469 3319 catholico
3522 3284 3623 3320 llUll

2057 3356 2357 3419 adulemur,
2406 3371 2505 3410 nec
2555 3357 2602 3411 ei
2655 3358 2774 3426 quia
2813 3355 3148 3413 Christianus
3205 3358 3502 3413 catholicus
3546 3369 3629 3415 est

2058 3446 2448 3515 impunitatem,
2480 3462 2637 3516 quam
2670 3448 2942 3515 Scriptuta
2993 3448 3171 3501 divina
3204 3464 3308 3502 non
3344 3451 3627 3517 promittit.

2059 3538 2369 3604 promittere
2391 3538 2708 3593 audeamus.
2740 3538 2848 3591 Nec
2875 3538 2919 3592 si
2939 3538 3136 3608 aliquid
3167 3556 3327 3593 unum
3355 3540 3545 3595 habeat
3564 3558 3628 3595 ex

2062 3628 2145 3681 his
2175 3644 2294 3697 qua:
2324 3628 2463 3682 dicta
2508 3639 2650 3694 sunt,
2678 3629 2937 3683 debemus
2960 3630 3008 3683 ei
3051 3630 3363 3686 societatem
3388 3648 3629 3700 superna:

2058 3720 2202 3772 illitis
2251 3721 2438 3787 patrias
2482 3722 2746 3789 polliceri.
2793 3721 2872 3774 Ad
2906 3722 3212 3775 Corinthius
3248 3725 3390 3777 enim
3420 3724 3629 3793 singula

2056 3817 2358 3873 enumerat,
2401 3809 2454 3862 in
2501 3811 2691 3878 quibus
2736 3812 2960 3878 singulis
2998 3812 3312 3865 subauditur
3358 3815 3498 3880 quod
3548 3829 3631 3867 re-

2056 3912 2216 3966 gnum
2262 3897 2354 3951 Dei
2397 3910 2501 3949 non
2536 3898 2900 3965 possidebunt.
2950 3898 3143 3962 Nolite,
3187 3900 3376 3968 inquit,
3408 3916 3626 3954 errare:

2057 4003 2229 4055 neque
2269 3987 2643 4052 fornicatorts,
2694 4005 2866 4057 neque
2898 3989 3054 4043 idolis
3098 3992 3418 4053 srrvicnles,
3462 4006 3631 4060 neque

2055 4080 2307 4145 adulteri,
2344 4094 2514 4147 neque
2544 4080 2757 4145 molles,
2791 4095 2965 4149 neque
2995 4082 3351 4135 masculorum
3380 4081 3632 4135 concubi-

2058 4179 2222 4234 tores,
2256 4184 2426 4237 neque
2453 4168 2618 4233 fures,
2659 4185 2833 4238 neque
2864 4170 3033 4233 avari,
3081 4186 3255 4239 neque
3286 4173 3505 4234 ebriosi,
3540 4186 3632 4225 ne-

2056 4271 2160 4324 que
2196 4256 2466 4319 inab-dici,
2502 4272 2677 4326 neque
2725 4272 2967 4323 rapaces,
3013 4274 3232 4328 regnum
3268 4260 3360 4314 Dei
3394 4261 3633 4330 posside-

2058 4346 2207 4399 buttt.
2246 4346 2361 4398 Non
2386 4347 2461 4399 ait
2487 4363 2499 4397 :
2525 4347 2622 4411 Qui
2653 4346 2766 4401 haec
2805 4349 2985 4401 omnia
3008 4350 3133 4402 vitia
3164 4350 3319 4404 simul
3352 4351 3633 4405 habuerint

2057 4452 2275 4504 regnum
2304 4437 2397 4489 Dei
2436 4452 2539 4490 non
2564 4438 2936 4505 possidebunt;
2970 4441 3062 4493 sed
3093 4458 3103 4491 :
3134 4441 3314 4509 Neque
3336 4442 3435 4505 illi,
3462 4455 3636 4515 neque

373 4549 529 4605 “ire
572 4549 825 4609 noluerit,
858 4562 964 4601 non
1012 4548 1185 4601 solum
1230 4557 1507 4616 separatus
1542 4548 1816 4603 habendus
1845 4560 1949 4617 est,
1982 4539 2030 4599 ι)
2059 4527 2155 4590 illi,
2180 4536 2233 4580 ut
2257 4528 2305 4579 in
2329 4527 2547 4617 singulis
2571 4527 2670 4581 hoc
2689 4528 2997 4595 subaudias,
3022 4530 3162 4599 quod
3187 4531 3315 4585 nulli
3338 4547 3521 4585 eorum
3552 4546 3633 4586 re-

373 4654 561 4694 verum
592 4640 752 4692 etiam
786 4646 934 4694 tanto
965 4638 1299 4703 sceleratius,
1346 4647 1547 4706 quanto
1577 4639 1746 4705 magis
1784 4639 1954 4693 errori

376 4732 600 4786 haeresis
620 4741 676 4784 et
691 4730 939 4785 divisioni
963 4730 1179 4784 unitatis
1210 4728 1468 4783 fallaciam
1493 4729 1846 4783 simulationis
1866 4730 1957 4783 atl-

372 4822 570 4893 jungit.
586 4822 945 4889 Quamobrem
962 4822 1223 4889 cujusque
1248 4820 1479 4874 hominis
1500 4822 1731 4889 pravitas
1755 4832 1958 4889 quanto

374 4914 732 4985 periculosior
778 4926 861 4967 est
914 4923 966 4965 et
1017 4912 1327 4974 tortuOsior,
1389 4921 1537 4965 tanto
1583 4912 1869 4966 instantius
1906 4922 1960 4965 et

376 5005 665 5075 operosius
714 5002 1029 5071 corrigenda
1077 5010 1184 5054 est.
1219 5000 1328 5054 Nec
1358 4998 1478 5053 ideo
1509 5008 1712 5065 tamen,
1762 5001 1805 5053 si
1833 5000 1956 5068 quid

375 5099 544 5154 habet
574 5098 863 5165 integrum,
899 5094 1193 5163 praesertim
1226 5108 1329 5146 non
1358 5108 1537 5156 suum,
1567 5092 1661 5147 sed
1697 5092 1810 5155 Dei,
1839 5107 1961 5161 pro-

375 5202 495 5261 pter
531 5191 649 5259 ejus
685 5189 996 5254 pravitatem
1028 5186 1110 5240 vel
1161 5185 1363 5239 nulluttt
1405 5183 1695 5251 putandum
1742 5193 1846 5248 est,
1879 5185 1961 5237 vel

372 5282 570 5349 eodem
604 5282 764 5334 modo
807 5277 1239 5346 vituperandum,
1280 5276 1363 5330 vel
1412 5276 1529 5345 ejus
1573 5277 1822 5344 pravitati
1866 5278 1960 5330 tri—

372 5372 678 5435 buendum,
732 5386 793 5421 ac
851 5384 955 5423 non
1003 5368 1143 5422 illius
1188 5366 1441 5434 largitati,
1476 5366 1567 5433 qui
1616 5366 1776 5419 etiam
1806 5366 1961 5420 forni-

369 5462 517 5519 canti
548 5477 576 5515 a
604 5476 664 5515 se
692 5460 910 5524 attitnte,
954 5467 1010 5512 et
1036 5458 1179 5512 eunti
1225 5464 1345 5526 post
1386 5466 1653 5511 amatores
1683 5471 1830 5525 suos,
1864 5456 1961 5512 de-

371 5557 455 5611 tlit
500 5570 691 5623 partem
719 5567 902 5615 suum,
937 5560 991 5603 et
1031 5550 1216 5604 vinum
1256 5564 1433 5612 suum,
1466 5557 1521 5602 et
1560 5548 1739 5602 oleum
1782 5565 1957 5613 suum,

372 5658 431 5701 et
459 5648 559 5701 alia
589 5646 669 5699 vel
720 5645 998 5706 alimenta,
1051 5642 1131 5694 vel
1160 5650 1509 5706 ornamenta,
1539 5656 1658 5708 qum
1703 5655 1801 5695 nec
1830 5656 1858 5693 a
1897 5655 1957 5695 se

375 5740 517 5811 ipsa,
541 5754 640 5793 nec
669 5738 734 5791 ah
761 5734 877 5803 cj-ts
904 5733 1168 5790 a'natorib
1182 5748 1243 5789 us
1264 5733 1313 5788 ei
1339 5740 1484 5799 sunt,
1513 5732 1610 5786 sed
1643 5733 1710 5787 ab
1742 5732 1834 5787 illo
1860 5734 1953 5801 qui

2064 4632 2224 4685 gnum
2274 4617 2365 4668 Dei
2401 4616 2770 4683 possidebunt.
2801 4619 2948 4673 Sicut
2989 4634 3115 4687 ergo
3145 4620 3382 4673 hazrctici
3412 4636 3635 4689 regnum

2066 4709 2160 4762 Dei
2191 4722 2294 4761 non
2327 4707 2702 4776 possidebunt,
2727 4709 2805 4762 sic
2831 4710 2976 4762 avari
3005 4725 3224 4779 regnum
3259 4711 3351 4765 Dei
3381 4727 3485 4764 non
3516 4727 3639 4781 pos-

2065 4799 2332 4852 sidebunt.
2376 4798 2483 4852 Nec
2526 4797 2871 4852 dubitandum
2914 4810 2996 4854 est
3034 4800 3247 4869 quidem
3278 4816 3467 4870 pinnas
3496 4804 3639 4871 ipsas

2065 4891 2257 4958 quibus
2303 4888 2683 4942 cruciabuntur
2728 4888 2817 4956 qui
2862 4905 3082 4959 regnum
3118 4892 3207 4944 Dei
3242 4908 3345 4945 non
3400 4892 3638 4961 posside-

2067 4980 2199 5033 bunt
2226 4994 2320 5047 pro
2350 4979 2663 5037 diversitate
2689 4980 2971 5034 criminum
3000 4996 3120 5036 esse
3140 4983 3400 5047 diversas,
3432 4995 3486 5038 et
3508 4984 3639 5037 alias

2062 5071 2180 5123 aliis
2210 5070 2465 5136 acriores,
2491 5079 2544 5123 ut
2581 5071 2631 5123 in
2666 5071 2782 5139 ipso
2810 5071 2930 5140 igne
2966 5083 3171 5125 mterno
3205 5088 3301 5143 pro
3331 5073 3634 5141 disparibus

2067 5160 2393 5228 ponderibus
2438 5168 2776 5228 peccatorum
2828 5161 2936 5214 sint
2964 5162 3197 5231 disparia
3228 5171 3484 5217 tormenta
3517 5176 3631 5229 pte-

2066 5268 2269 5305 llal‘lltll.
2303 5250 2486 5319 Neque
2516 5250 2658 5305 enim
2685 5251 2880 5305 frustra
2914 5252 3029 5322 ipse
3055 5254 3306 5306 Dominus
3335 5254 3408 5305 ait
3432 5270 3444 5304 :
3470 5252 3632 5307 Tole-

2065 5342 2282 5397 rabilius
2303 5345 2405 5396 erit
2431 5340 2682 5396 Sodomis
2714 5358 2873 5413 quam
2906 5343 3056 5397 vobis
3086 5344 3136 5396 itt
3170 5344 3257 5396 die
3280 5340 3484 5409 judicii.

2596 5454 2821 5510 CAPUT
2857 5456 3110 5511 CCXXII.

2067 5549 2215 5615 Quod
2239 5564 2371 5629 aqua
2392 5547 2716 5629 .baptiswlatis
2746 5558 2790 5599 et
2821 5545 3441 5629 itttrqchclesiaanaltft't
3473 5557 3521 5600 et
3549 5566 3637 5601 rx-

2169 5628 2247 5671 tra
2278 5616 2558 5671 Ecclesium
2584 5616 2821 5679 damnet;
2850 5632 2914 5669 ex
2934 5618 3062 5668 libro
3092 5633 3119 5669 v
3148 5619 3210 5669 de
3239 5616 3523 5685 Baptisnw.

2134 5732 2265 5788 Sunt
2304 5733 2463 5789 etiam
2490 5729 2703 5801 quidam
2735 5745 2798 5785 ex
2844 5744 2910 5785 eo
2942 5746 3169 5787 numero
3200 5732 3289 5803 qui
3333 5731 3507 5787 adhuc
3539 5748 3631 5786 ne-
