4016 6184
428 378 530 433 833

425 494 604 561 quiter
634 490 838 553 vivant,
872 499 962 543 aut
990 487 1150 543 etiam
1186 488 1238 541 in
1291 485 1609 546 batrcsibus,
1634 481 1714 535 vel
1745 480 1797 532 in
1833 479 2007 550 genti-
2034 478 2085 532 A

428 584 554 637 lium
606 575 1073 649 superstitionibus
1094 579 1343 648 jaceant;
1384 587 1441 632 et
1480 585 1658 630 tamen
1705 577 1866 630 etiam
1900 572 2009 626 illic

427 673 576 728 novit
599 671 856 725 Dominus
886 670 977 740 qui
1009 678 1131 724 sunt
1176 668 1315 739 ejus.
1348 667 1589 737 Namque
1620 669 1671 721 in
1701 666 1791 721 illa
1821 664 2008 720 ineil'a-

431 766 524 820 bili
556 764 889 835 przescicntia
924 760 1090 834 [Dei],
1126 762 1276 817 multi
1306 764 1393 831 qui
1426 761 1558 816 fet-is
1591 760 1840 814 videntur
1868 758 2010 811 intus

428 869 576 925 sunt,
611 866 667 913 et
697 856 849 911 multi
876 856 963 926 qui
992 856 1135 909 intus
1175 855 1427 910 videmur
1458 854 1584 909 foris
1613 861 1757 907 sunt.
1793 851 1867 905 Ex
1908 849 2012 903 illis

429 964 560 1020 ergo
590 948 839 1003 omnibus
887 947 998 1017 qui,
1031 958 1089 1000 ut
1141 946 1211 1001 ita
1256 945 1456 1011 dicam,
1508 944 1834 1000 intrinsecus
1864 951 1919 996 et
1960 944 2010 994 in

429 1040 645 1095 occulto
689 1040 833 1093 intus
876 1048 1021 1106 sunt,
1065 1045 1281 1093 constat
1330 1037 1421 1092 ille
1470 1038 1658 1091 hortus
1702 1035 2010 1099 conclusus,

433 1136 551 1187 fens
578 1134 844 1201 signatus,
871 1140 1060 1199 puteus
1082 1144 1236 1199 aqua:
1261 1129 1417 1195 vivae,
1451 1128 1731 1198 paradisus
1757 1142 1877 1181 cum
1904 1125 2015 1179 fru-

432 1230 523 1278 ctu
574 1232 874 1291 pomorum.
919 1221 1122 1274 llorum
1171 1234 1394 1275 munera
1434 1234 1694 1275 concessa
1736 1216 2012 1283 divinitus,

436 1314 633 1382 partim
664 1321 789 1368 sunt
824 1314 1061 1382 propria,
1102 1313 1241 1367 sicut
1270 1308 1324 1366 in
1356 1312 1458 1367 hoc
1492 1321 1735 1381 tempore
1768 1308 2017 1377 infatiga-

437 1404 559 1458 bilis
588 1404 842 1469 Charitas,
868 1414 925 1459 et
954 1404 1006 1457 in
1040 1404 1220 1458 futuro
1251 1404 1361 1457 vita
1393 1407 1593 1458 aeterna
1622 1419 1636 1468 ;
1671 1401 1864 1471 partim
1888 1414 2019 1455 vero

438 1510 560 1549 cum
592 1494 745 1549 malis
775 1494 1153 1564 perversisque
1177 1494 1507 1559 communia,
1539 1494 1679 1547 sicut
1706 1492 1886 1546 omnia
1916 1505 2019 1544 c.12-

438 1595 577 1651 tera,
610 1585 665 1640 in
706 1585 899 1653 quibus
930 1593 1057 1639 sunt
1099 1592 1154 1638 ct
1182 1593 1526 1640 sacrosancta
1575 1584 1853 1655 mysteria.
1888 1582 2021 1637 Hinc

438 1674 620 1744 itaque
645 1673 757 1743 jam
794 1674 1009 1728 faciliOr
1034 1673 1191 1730 nobis
1240 1683 1295 1728 et
1324 1672 1625 1743 expeditior
1675 1686 1815 1726 arca:
1851 1670 2018 1735 illius,

438 1766 591 1836 cujus
634 1766 748 1822 Noe
796 1766 1087 1821 fabricator
1141 1775 1194 1820 et
1232 1764 1561 1836 gubernator
1608 1766 1708 1819 fuit
1747 1763 2020 1836 [exstitit],

439 1858 802 1915 consideratio
845 1859 1182 1930 proponitur.
1228 1859 1317 1914 Ait
1362 1858 1503 1913 enim
1538 1857 1766 1913 Petrus:
1794 1849 1847 1909 in
1896 1868 2020 1909 arca
2054 1870 2100 1930 Β

444 1947 555 2003 Noe
588 1949 763 2017 pauci,
794 1948 964 2015 idest,
988 1960 1111 2002 octo
1141 1948 1336 2002 animae
1369 1948 1643 2001 hominum
1677 1948 1839 2001 salva
1872 1945 2023 1998 facta:

444 2047 570 2092 sunt
597 2052 692 2106 per
722 2050 935 2105 aquam,
981 2038 1121 2106 quod
1155 2045 1207 2091 tt
1252 2050 1347 2091 vos
1377 2036 1539 2091 simili
1570 2036 1737 2090 forma
1766 2037 2024 2103 bapttsma

446 2127 623 2183 salvos
651 2127 801 2192 facit,
833 2143 938 2182 non
979 2128 1158 2183 carnis
1188 2126 1457 2195 depositio
1491 2126 1753 2191 sordium,
1779 2125 1872 2180 sed
1899 2136 2027 2179 con-

449 2222 691 2277 scientia:
744 2221 897 2276 bonae
951 2221 1322 2290 intertogatio.
1380 2220 1717 2291 Quapropter
1767 2220 1810 2274 si
1864 2230 2028 2287 appa-

446 2319 567 2368 rent
615 2312 921 2367 hominibus
964 2312 1015 2365 in
1064 2314 1264 2366 unitate
1293 2310 1552 2365 catholica
1599 2309 1849 2379 baptizati
1877 2348 1892 2373 ,
1940 2308 2028 2376 qui

447 2404 647 2459 saeculo
688 2404 865 2459 verbis
909 2404 1038 2457 solis
1083 2410 1136 2456 et
1185 2417 1290 2456 non
1331 2401 1482 2457 factis
1527 2401 1854 2463 renuntiant,
1892 2412 2028 2466 quo-

449 2492 613 2547 modo
643 2493 910 2561 pertinent
934 2492 999 2546 ad
1033 2491 1189 2561 hujus
1217 2507 1354 2547 are.e
1386 2491 1724 2562 mysterium,
1753 2490 1806 2543 in
1837 2489 2030 2558 quibus

451 2602 555 2640 non
595 2595 678 2640 est
728 2586 1072 2640 cooscieutia:
1126 2585 1281 2641 bonae
1330 2583 1715 2652 interrogatio?
1764 2579 1868 2635 Aut
1897 2591 2031 2650 quo-

451 2680 611 2735 modo
643 2679 773 2732 salvi
807 2679 940 2732 [inut
977 2695 1072 2748 per
1115 2693 1332 2747 aquam,
1378 2676 1468 2746 qui
1498 2685 1685 2730 sancto
1715 2673 2032 2742 baptismate

450 2771 591 2826 male
654 2778 902 2835 utentes,
955 2784 1074 2825 cum
1125 2768 1408 2823 videantur
1463 2781 1585 2821 esse
1639 2766 1812 2831 intus,
1864 2778 2033 2833 usque

452 2865 509 2918 in
537 2863 696 2917 finem
728 2863 850 2915 vita:
879 2860 933 2915 in
977 2859 1254 2930 ﬂagitiosis
1290 2869 1344 2914 et
1380 2857 1602 2926 perditis
1630 2855 1867 2910 moribus
1907 2870 2031 2923 pcr-

453 2952 746 3007 severaut?
792 2960 884 3005 aut
929 2950 1198 3020 quomodo
1244 2964 1349 3003 non
1398 2958 1522 3003 sunt
1562 2962 1656 3017 per
1694 2960 1884 3017 aquam
1929 2946 2035 2999 sal-

452 3044 584 3108 vati,
616 3058 749 3113 quos
781 3043 834 3097 in
864 3044 1190 3111 praeteritum
1221 3058 1340 3097 cum
1369 3056 1433 3095 eo
1467 3042 1788 3110 baptismate
1810 3040 1948 3107 quod
1979 3040 2032 3093 in

456 3136 647 3189 hzeresi
678 3141 995 3202 acceperant
1020 3129 1073 3187 in
1108 3132 1401 3187 Ecclesiam
1432 3132 1747 3200 simpliciter
1769 3130 2034 3185 admissos

452 3225 753 3299 Cyprianus
801 3226 916 3295 ipse
962 3222 1388 3280 commemorat?
1436 3225 1625 3278 eadem
1658 3223 1855 3292 quippe
1895 3236 2033 3275 arca:
2061 3237 2106 3294 ο

454 3319 633 3371 unitas
663 3332 757 3371 eos
786 3319 964 3371 salvos
994 3316 1139 3383 fecit,
1176 3317 1347 3385 inqua
1380 3330 1541 3370 nemo
1574 3317 1675 3369 nisi
1716 3328 1814 3383 per
1842 3329 2030 3382 aquam

455 3408 745 3461 salvandus
771 3402 1053 3476 [salvatus]
1087 3416 1187 3461 est.
1219 3407 1337 3476 Ipse
1359 3408 1499 3461 enim
1527 3407 1659 3461 dicit
1685 3423 1698 3458 :
1731 3405 1929 3460 Potens
1954 3416 2037 3459 est

456 3497 711 3551 Dominus
751 3498 1118 3551 misericordia
1150 3512 1245 3550 sua
1277 3498 1659 3567 indulgentiam
1689 3497 1817 3551 dare
1851 3506 1904 3549 et
1941 3512 2035 3550 eos

456 3588 547 3657 qui
596 3588 662 3641 ad
710 3587 1004 3642 Ecclesiam
1054 3586 1373 3657 simpliciter
1427 3590 1646 3644 admissi
1699 3588 1751 3643 in
1796 3582 2035 3643 Ecclesia

457 3682 811 3746 dormierunt,
845 3681 912 3735 ab
948 3680 1202 3736 Ecclesia:
1246 3696 1357 3737 suae
1385 3682 1696 3737 muneribus
1727 3696 1833 3737 non
1881 3696 2037 3750 sepa-

458 3777 598 3827 rare.
627 3770 682 3827 Si
726 3786 829 3825 non
863 3787 957 3841 per
985 3786 1203 3839 aquam,
1245 3769 1516 3840 quomodo
1558 3771 1612 3824 in
1658 3768 1828 3825 arca?
1857 3770 1901 3824 si
1932 3784 2035 3824 non

456 3864 509 3917 in
539 3877 685 3927 arca,
726 3860 999 3931 quomodo
1032 3862 1082 3915 in
1108 3861 1379 3916 Ecclesia?
1407 3862 1449 3915 si
1472 3872 1650 3915 autem
1682 3862 1735 3915 in
1770 3860 2036 3925 Ecclesia,

458 3956 640 4021 utique
692 3954 743 4008 in
792 3968 947 4018 arca;
982 3962 1036 4007 et
1087 3950 1133 4005 si
1182 3951 1231 4005 in
1285 3964 1430 4018 arca,
1473 3951 1655 4019 utique
1689 3966 1785 4019 per
1823 3964 2034 4019 aquam.

457 4044 642 4100 Potest
670 4060 799 4112 ergo
834 4044 948 4099 fieri
974 4051 1029 4097 ut
1058 4051 1112 4098 et
1141 4043 1356 4112 quidam
1389 4043 1519 4097 foris
1543 4041 1795 4111 baptizati
1821 4041 2037 4110 per‘Dei

459 4135 853 4205 praescientiam
887 4136 1067 4188 verius
1096 4134 1238 4187 intus
1270 4134 1521 4203 baptizati
1545 4133 1890 4201 deputentur,
1915 4131 2038 4200 quia

458 4230 571 4292 illic
610 4229 689 4284 eis
740 4226 921 4297 incipit
963 4242 1097 4297 aqua
1148 4225 1405 4295 prodesse
1452 4223 1519 4278 ad
1560 4226 1819 4286 sa‘utcm;
1865 4235 2039 4290 neque

459 4319 602 4375 enim
635 4318 793 4372 aliter
824 4318 926 4372 dici
962 4327 1188 4386 possunt
1217 4316 1350 4370 salvi
1383 4315 1505 4369 facti
1537 4314 1587 4368 in
1620 4329 1766 4378 arca,
1802 4313 1905 4366 nisi
1943 4327 2041 4381 per

461 4424 675 4479 aquam.
703 4408 766 4463 Et
791 4423 976 4462 rursus
1002 4407 1343 4477 quidam,qui
1362 4405 1679 4458 videbuntur
1703 4404 1844 4456 intus
1870 4402 2041 4469 bapti-

463 4501 567 4555 sati
596 4515 691 4570 per
742 4499 985 4555 eamdem
1029 4497 1417 4565 praescientiam
1464 4494 1581 4558 Dei,
1615 4495 1743 4548 foris
1791 4494 2039 4561 baptizati

465 4592 647 4645 verius
666 4593 1003 4660 deputentur.
1029 4589 1164 4643 Male
1187 4589 1381 4656 quippe
1400 4596 1611 4640 utentes
1633 4585 1921 4654 baptismo,
1950 4599 2041 4652 per
2072 4596 2120 4655 ι)

466 4690 654 4751 aquam
684 4684 1002 4744 moriuntur,
1048 4678 1189 4748 quod
1232 4678 1362 4732 nulli
1406 4687 1533 4731 tunc
1563 4676 1778 4735 accidit,
1813 4675 1916 4728 nisi
1947 4674 2035 4742 qui

465 4782 658 4839 praeter
684 4787 860 4827 aream
894 4774 993 4827 fuit
1038 4773 1196 4828 Certe
1228 4770 1566 4825 manifestum
1594 4779 1676 4823 est
1706 4769 1754 4821 id
1787 4767 1926 4836 quod
1958 4767 2037 4821 di-

463 4863 601 4915 citur
650 4862 701 4915 in
739 4862 975 4917 Ecclesia
1031 4860 1173 4917 intus
1222 4872 1277 4916 et
1332 4860 1483 4921 Γοιὶδ,
1520 4860 1571 4912 in
1619 4857 1802 4919 corde,
1836 4873 1940 4911 non
1985 4858 2035 4910 in

464 4966 728 5019 corpore,
783 4952 1160 5021 cogitandum;
1218 4950 1648 5023 quandoquidem
1706 4962 1894 5002 omnes
1951 4949 2035 5016 qui

465 5045 627 5101 corde
673 5051 797 5097 sunt
842 5045 895 5096 in
944 5059 1081 5098 arcae
1140 5047 1359 5109 unitate,
1411 5058 1504 5111 per
1558 5038 1802 5095 eamdem
1847 5055 2035 5107 aquam

466 5137 601 5192 salvi
630 5136 783 5199 ﬁunt,
831 5151 923 5207 per
963 5152 1121 5205 quam
1168 5153 1356 5192 omnes
1400 5136 1487 5205 qui
1520 5128 1682 5190 corde
1728 5141 1853 5187 Sunt
1892 5131 2039 5188 foris.

463 5232 577 5286 sive
612 5233 770 5286 etiam
804 5246 1028 5303 corpore
1080 5230 1207 5285 foris
1259 5230 1385 5295 sint,
1441 5230 1556 5283 sive
1596 5243 1701 5282 non
1751 5227 1881 5289 sint,
1929 5234 2039 5277 tan-

464 5336 623 5389 quam
654 5322 870 5377 unitatis
917 5321 1207 5374 adversarii
1239 5319 1559 5373 moriuutur.
1592 5320 1743 5373 Sicut
1780 5331 1908 5384 etgo
1939 5329 2040 5367 non

465 5416 589 5478 alia,
623 5414 717 5469 sed
747 5412 935 5468 eadem
967 5426 1123 5481 aqua,
1152 5420 1203 5466 et
1233 5409 1285 5464 in
1311 5424 1431 5463 arca
1466 5408 1668 5478 positos
1695 5407 1871 5460 saIVos
1897 5405 2039 5468 fecit,

466 5517 518 5560 et
556 5515 706 5559 extra
739 5518 917 5557 arcam
954 5502 1154 5571 positos
1201 5500 1493 5565 interemit,
1526 5499 1603 5553 sic
1651 5512 1757 5552 non
1789 5497 1915 5559 alio,
1948 5494 2039 5548 scd

465 5597 655 5652 eodem
690 5598 974 5664 baptismo,
1001 5605 1054 5649 et
1079 5593 1204 5650 boui
1227 5592 1475 5648 catholici
1500 5591 1632 5649 salvi
1660 5590 1811 5656 fiunt,
1843 5599 1895 5643 et
1918 5587 2039 5641 ntali

466 5688 713 5744 catholici
746 5688 827 5744 vel
859 5688 1097 5743 hrretici
1132 5695 1371 5758 pereunt.

1495 371 1556 423 D.
1602 362 1916 421 EUCYPI’il
1960 357 2250 413 ABBATIS
2290 352 2631 412 AFlilCAN'.

3584 345 3687 401 884

2627 460 2852 519 CAPUT
2888 412 3181 517 CCXXIII.

2118 577 2268 643 Quod
2294 576 2441 629 multi
2467 575 2574 644 lupi
2606 574 2704 629 sint
2726 572 2940 626 interius
2971 572 3271 644 insidiantes
3303 576 3355 625 el
3373 570 3551 644 mttth
3579 578 3689 623 oves

2185 648 2410 701 exterius
2446 640 2696 710 errantes,
2736 646 2866 697 scire
2910 652 3080 695 tamen
3123 640 3404 695 Dominum
3441 640 3540 710 qui
3574 650 3689 691 sunt

2185 719 2296 787 ejus
2318 732 2337 769 :
2360 726 2408 770 et
2436 717 2500 767 de
2524 708 2700 787 sancto
2730 712 3012 787 Cypriano,
3046 712 3125 767 vel
3148 713 3213 768 de
3241 711 3481 782 apostolo
3508 708 3660 762 Petro
3677 723 3692 736 ·

2185 782 2247 840 ea:
2277 787 2407 839 libro
2433 800 2485 839 v1
2513 786 2575 837 de
2602 782 2887 853 Baptismo.

2186 899 2357 954 Etiam
2385 897 2548 952 corde
2581 895 2865 961 tardiores,
2896 903 3157 965 quantum
3186 892 3461 956 existimo,
3493 888 3692 945 intelli-

2115 1000 2246 1061 gunt
2273 988 2597 1057 baptismum
2627 985 2830 1041 Christi
2874 986 3016 1041 nulla
3047 982 3398 1055 perversitate
3439 980 3691 1046 hominis,

2116 1080 2453 1145 sivedantis,
2485 1080 2600 1133 sive
2640 1078 2975 1147 accipientis,
3019 1090 3178 1145 posse
3224 1073 3435 1128 violari.
3487 1072 3594 1126 Nec
3626 1071 3693 1125 ob

2116 1172 2260 1227 aliud
2308 1171 2415 1226 illis
2462 1170 2820 1239 temporibus,
2863 1167 3077 1238 quando
3105 1166 3202 1221 ista
3245 1164 3472 1235 quaestio
3511 1171 3694 1218 contra

2118 1263 2302 1318 utilem
2348 1259 2793 1316 consuetudinem
2831 1256 3283 1328 disputationibus
3331 1254 3476 1310 salva
3519 1255 3691 1307 chari-

2120 1362 2228 1409 tate
2256 1364 2418 1423 atque
2441 1352 2645 1406 unitate
2674 1350 3055 1406 altercantibus
3084 1348 3492 1410 discutiebatur,
3524 1346 3694 1399 visum

2117 1456 2202 1505 est
2233 1444 2547 1515 quibusdam
2575 1444 2738 1498 etiam
2768 1442 2997 1513 egregiis
3028 1441 3155 1495 viris
3180 1439 3511 1495 antistitibus
3541 1438 3697 1492 Citri-

2120 1538 2213 1606 8ιί,
2235 1540 2377 1593 inter
2396 1551 2532 1607 quos
2563 1535 2831 1605 prteripue
2856 1536 3047 1591 beatus
3074 1532 3371 1603 Cyprianus
3399 1531 3695 1597 eminebat,

2123 1646 2229 1686 non
2256 1644 2378 1685 esse
2400 1643 2558 1698 posse
2586 1627 2726 1696 apud
2768 1625 3052 1681 haereticos
3089 1626 3173 1680 vel
3202 1624 3574 1679 schismaticos
3603 1623 3699 1677 ba-

2124 1723 2380 1791 ptismum
2420 1718 2648 1787 Christi,
2680 1719 2782 1774 nisi
2835 1718 2959 1787 quia
3013 1732 3119 1771 non
3151 1715 3580 1784 distinguebatur
3616 1727 3699 1766 sa-

2126 1819 2461 1867 cramentum
2507 1808 2576 1864 ab
2610 1807 2805 1865 effectu
2832 1807 2918 1861 vel
2964 1819 3062 1860 usu
3114 1805 3474 1868 sacramenti;
3505 1812 3560 1858 et
3581 1801 3700 1872 quia

2128 1903 2246 1971 ejus
2273 1901 2498 1956 effectus
2527 1909 2687 1968 atque
2718 1914 2845 1954 usus
2875 1900 2927 1952 in
2977 1896 3288 1952 liberatione
3316 1911 3347 1961 a
3385 1896 3621 1964 peccatis
3649 1903 3703 1949 et

2127 1990 2306 2048 cordis
2336 1988 2663 2046 rectitudine
2686 1987 2826 2057 apud
2853 1986 3139 2041 hzereticos
3172 2000 3278 2039 non
3308 1984 3700 2045 inveniebatur,

2128 2081 2303 2145 ipsum
2350 2094 2564 2151 quoque
2592 2086 2989 2134 sacramentum
3036 2076 3146 2129 illic
3174 2090 3278 2129 non
3320 2089 3442 2129 esse
3482 2078 3619 2143 puta?
3643 2088 3702 2126 a-

2129 2180 2234 2225 tur.
2267 2170 2374 2225 Sed
2416 2168 2852 2225 convertentibus
2898 2166 3086 2222 oculos
3115 2166 3179 2219 ad
3232 2166 3506 2219 interioris
3537 2163 3705 2232 paleze

2130 2261 2548 2325 multitudinem,
2598 2273 2718 2314 cum
2763 2269 2819 2313 et
2866 2258 2918 2311 hi
2948 2258 3037 2326 qui
3083 2257 3135 2310 in
3179 2255 3293 2323 ipsa
3349 2256 3555 2309 unitate
3587 2270 3707 2322 per-

2130 2353 2272 2406 versi
2319 2359 2463 2415 sunt,
2505 2359 2558 2406 et
2609 2349 2820 2419 perdite
2849 2348 3052 2415 vivunt,
3085 2355 3379 2416 appareant
3424 2346 3702 2399 remissio-

2134 2459 2252 2499 nem
2285 2453 2629 2514 peccatorum
2660 2456 2759 2497 nec
2787 2442 2916 2495 dare
2955 2454 3131 2509 posse,
3181 2453 3279 2493 nec
3327 2438 3553 2503 habere,
3587 2439 3707 2505 quia

2135 2551 2239 2591 non
2266 2536 2534 2606 malignis,
2566 2534 2660 2590 sed
2701 2534 2857 2589 bonis
2902 2533 3025 2587 filiis
3052 2532 3253 2586 dictum
3283 2539 3367 2585 est
3392 2549 3403 2583 :
3429 2530 3488 2585 Si
3518 2530 3603 2583 cui
3629 2530 3707 2582 di-

2134 2626 2388 2683 miseritis
2420 2639 2658 2697 peccata,
2691 2624 3027 2680 dimittentur
3053 2623 3136 2686 ei;
3165 2623 3209 2677 si
3240 2623 3325 2677 eui
3360 2621 3705 2683 retinueritis,

2136 2718 2479 2782 tenebuntur,
2506 2718 2705 2772 habere
2734 2726 2937 2779 tamen,
2983 2724 3038 2769 et
3064 2714 3213 2779 dare,
3245 2722 3301 2767 et
3326 2713 3577 2780 accipere
3622 2710 3708 2763 ba.

2138 2808 2315 2878 ptismi
2342 2814 2737 2862 sacramentum
2768 2804 2899 2859 satis
2922 2803 3089 2857 eluxit
3118 2802 3423 2871 pastoribus
3454 2799 3709 2853 Ecclesia!

2134 2900 2415 2954 catholicae
2446 2906 2560 2953 toto
2589 2897 2721 2952 orbe
2762 2895 2988 2959 diffusae,
3035 2910 3131 2962 per
3159 2908 3291 2963 quos
3320 2900 3501 2961 postea
3530 2893 3709 2960 plenas

2136 2993 2199 3047 rii
2222 2991 2433 3046 concilii
2464 2990 2783 3045 auctoritate
2817 2986 3096 3055 originalis
3134 2984 3469 3040 consuetudo
3504 2984 3706 3037 firmata

2138 3094 2239 3151 est,
2268 3084 2428 3139 etiam
2467 3097 2619 3137 ovem
2650 3095 2767 3148 quae
2812 3078 2946 3133 foris
2998 3077 3236 3141 errabat,
3279 3084 3335 3131 et
3376 3076 3710 3129 Dominicum

2138 3176 2504 3231 characterem
2552 3187 2581 3226 a
2633 3170 2914 3225 fallacibus
2942 3167 3401 3236 deptmdatoribus
3445 3169 3557 3219 suis
3588 3165 3712 3219 furis

2139 3273 2439 3335 acceperat,
2493 3264 2794 3318 venientem
2841 3260 2909 3314 ad
2941 3257 3259 3313 Christiana:
3304 3257 3530 3311 unitatis
3572 3256 3711 3312 salu-

2141 3368 2269 3423 tem,
2301 3357 2368 3411 ab
2397 3370 2582 3410 errore
2610 3354 2828 3423 corrigi,
2861 3366 2892 3407 a
2942 3351 3254 3420 captivitate
3283 3350 3522 3415 liberari,
3552 3365 3580 3402 a
3605 3349 3713 3403 vul-

2140 3466 2269 3507 nere
2307 3450 2486 3505 sanari
2514 3465 2528 3503 :
2553 3449 2920 3501 characterem
2955 3452 3133 3497 tamen
3183 3440 3511 3496 dominicum
3557 3455 3715 3511 agno-

2139 3542 2215 3595 sci
2266 3541 2440 3607 potius
2490 3552 2648 3608 quatn
2698 3534 3011 3604 improbari,
3063 3531 3494 3600 quandoquidem
3547 3532 3715 3599 ipsum

2140 3632 2511 3705 characterem
2543 3627 2694 3681 multi
2725 3625 2821 3698 [et|
2855 3625 2964 3693 lupi
2995 3632 3048 3679 et
3076 3623 3215 3691 lupis
3245 3621 3495 3692 infigunt,
3528 3623 3622 3691 qui
3644 3624 3717 3673 vi-

2139 3726 2331 3777 dentur
2382 3721 2597 3791 quidem
2643 3721 2788 3775 intus
2824 3734 2984 3784 esse,
3031 3727 3402 3773 verumtamen
3456 3718 3525 3771 ad
3579 3718 3718 3771 illam

2139 3829 2316 3879 ovem,
2351 3828 2468 3883 qua:
2498 3814 2660 3868 etiam
2694 3827 2759 3866 ex
2803 3810 2988 3865 multis
3018 3824 3121 3864 una
3151 3821 3256 3876 eSt,
3309 3824 3415 3862 non
3448 3808 3719 3878 pertinere

2142 3921 2347 3962 morum
2374 3920 2591 3960 suorum
2617 3903 2878 3958 fructibus
2908 3903 3325 3965 convincuntur,
3354 3902 3408 3954 in
3438 3902 3638 3970 quibus
3669 3902 3718 3953 iu

2143 4001 2300 4053 finem
2342 4011 2509 4066 usque
2558 3995 2872 4064 perdurant,
2924 3998 3045 4064 quia
3091 3993 3385 4050 secundum
3437 3994 3719 4061 praescien-

2143 4092 2267 4145 tiam
2297 4090 2390 4144 Dei
2420 4090 2563 4144 sicut
2589 4086 2772 4142 multae
2799 4101 2927 4141 oves
2956 4094 3138 4141 errant
3165 4085 3426 4149 exterius,
3459 4084 3541 4140 sic
3572 4086 3719 4139 multi

2142 4183 2252 4253 lupi
2275 4181 2595 4237 insidiantur
2618 4179 2867 4243 interius,
2899 4178 3039 4233 inter
3069 4191 3206 4245 quos
3236 4185 3412 4229 tamen
3445 4177 3594 4229 novit
3624 4176 3720 4229 Dn-

2142 4275 2323 4331 minus
2373 4273 2461 4342 qui
2506 4280 2627 4325 sunt
2673 4270 2811 4339 ejus,
2842 4270 2930 4339 qui
2978 4283 3085 4323 non
3132 4267 3357 4322 audiunt
3388 4282 3580 4321 vocem
3622 4267 3723 4320 nisi

2142 4366 2395 4437 pastoris,
2443 4365 2606 4419 etiam
2657 4377 2777 4417 cum
2811 4361 3011 4415 clamat
3043 4374 3139 4429 per
3169 4358 3372 4412 similes
3422 4357 3724 4410 Pharisato-

2144 4475 2285 4525 rum,
2337 4458 2405 4513 de
2462 4474 2530 4527 qu
2557 4457 2655 4512 bus
2714 4454 2915 4509 dictum
2958 4460 3084 4506 est:
3122 4449 3252 4515 Qua!
3304 4448 3489 4502 dicunt
3547 4445 3722 4499 facite.

2146 4550 2296 4605 Sicut
2340 4548 2484 4605 enim
2518 4549 2676 4601 homo
2716 4545 2992 4613 spiritalis,
3026 4541 3225 4596 habens
3256 4538 3411 4592 finem
3446 4539 3726 4606 praecepti,

2149 4641 2203 4696 id
2234 4650 2316 4695 est
2344 4639 2678 4701 charitatem,
2709 4635 2776 4690 de
2804 4636 2913 4704 20
2942 4630 3106 4687 corde
3130 4644 3284 4699 puro,
3314 4638 3363 4679 ct
3395 4626 3728 4680 conscientia

2148 4733 2308 4793 bona,
2357 4739 2409 4784 et
2442 4729 2545 4783 fide
2585 4742 2691 4780 non
2744 4726 2888 4789 (icta,
2936 4731 3113 4792 potest
3150 4717 3351 4788 aliquid
3392 4731 3456 4771 ex
3500 4730 3729 4785 corpore

2147 4820 2289 4890 quod
2320 4821 2495 4872 adhuc
2525 4815 2885 4883 corrumpitur
2910 4821 2962 4866 et
2987 4810 3236 4876 adgravat
3265 4806 3524 4870 animam,
3557 4809 3731 4857 minus

2146 4910 2349 4979 liquide
2392 4922 2639 4970 cernere,
2678 4914 2733 4958 et
2780 4903 2936 4956 aliter
2985 4912 3193 4966 sapere,
3246 4895 3389 4965 quod
3437 4895 3490 4947 in
3538 4895 3724 4948 eadem

2147 4999 2405 5054 charitate
2446 4992 2781 5063 permanenti
2820 4992 2962 5045 Dens
3010 5004 3130 5041 cum
3159 4985 3386 5039 voluerit
3424 4984 3724 5037 revelabit:

2149 5092 2225 5146 sic
2255 5092 2307 5144 in
2353 5090 2570 5143 homine
2602 5086 2801 5140 carnali
2830 5095 2990 5151 atque
3020 5093 3273 5150 perverso
3305 5085 3483 5145 potest
3512 5073 3724 5144 aliquod

2149 5185 2347 5240 bonum
2390 5191 2444 5238 et
2472 5181 2601 5236 utile
2645 5179 2893 5247 reperiri,
2938 5174 3080 5244 quod
3124 5169 3337 5226 aliunde
3373 5169 3467 5235 sit,
3517 5184 3626 5221 non
3665 5184 3726 5221 ex

2150 5280 2289 5348 ipso.
2321 5275 2451 5330 Nam
2487 5284 2542 5329 nt
2570 5274 2622 5327 in
2665 5270 2884 5337 palmite
2926 5268 3199 5321 fructuoso
3230 5261 3501 5316 invenitur
3530 5258 3723 5347 aliquid

2155 5338 2293 5437 quod
2326 5366 2659 5437 purgandum
2690 5364 2783 5427 sit,
2814 5370 2867 5413 ttt
2902 5358 3160 5427 majorem
3192 5354 3424 5407 fructum
3456 5351 3619 5417 ferat,
3663 5338 3728 5400 ita

2152 5471 2207 5516 et
2239 5462 2292 5514 in
2332 5457 2593 5513 arundine
2622 5455 2791 5510 sterili
2820 5460 2979 5519 atque
3007 5448 3177 5514 arida,
3205 5444 3289 5499 vel
3326 5442 3563 5511 alligata,
3596 5440 3729 5495 solet

2154 5567 2257 5606 uva
2285 5550 2539 5619 pendete.
2576 5548 2641 5600 Et
2666 5546 2786 5599 ideo
2808 5545 2950 5598 sicut
2977 5540 3196 5597 stultum
3224 5543 3307 5591 est
3335 5533 3600 5588 fructifcii
3624 5532 3731 5600 pal-

2155 5646 2296 5699 mitis
2328 5648 2675 5711 purgantcnta
2704 5637 2951 5700 dilivere,
2976 5628 3255 5686 commode
3279 5634 3459 5679 autem
3488 5623 3619 5677 facit
3641 5620 3727 5690 qui

2157 5750 2310 5805 poma
2356 5749 2449 5787 sua
2480 5732 2561 5785 via
2601 5731 2924 5796 ubicumque
2964 5738 3222 5792 suspensa
3255 5738 3359 5773 non
3398 5721 3626 5787 respuit,
3661 5719 3729 5770 ita

2156 5826 2389 5899 quisquis
2401 5825 2465 5879 ab
2482 5823 2679 5879 unitate
2698 5819 2968 5890 praecisus,
2990 5823 3273 5887 propterea
3300 5810 3591 5877 rebaptizat
3612 5809 3728 5878 quia
