4016 6184
295 354 408 409 8κῦ

1464 348 1895 407 TIIESAL‘RUS.
1934 349 2086 407 CAP.
2126 348 2398 407 CCXXXV
2414 390 2428 402 .

3462 350 3565 403 886

291 464 571 534 Cypri-ano
616 461 792 516 visum
836 469 920 516 CSl
969 460 1037 515 ab
1084 460 1348 515 haireticis
1401 462 1679 515 venientes
1712 460 1888 515 denuo
1920 456 1966 519 Α
1994 466 2196 527 quanto
2225 459 2417 514 melior
2459 456 2592 531 [dat]
2621 475 2633 521 ;
2664 466 2823 528 atque
2864 460 2935 513 ita
2962 461 3093 515 nihil
3124 457 3312 533 [aliud]
3344 460 3568 514 interes‘t
3606 530 3609 533 Α

292 554 557 624 baptizari
606 561 883 621 Oportcre,
932 550 1193 605 laudanda
1243 551 1296 604 in
1343 557 1492 606 tanto
1515 550 1630 605 viro
1667 564 1881 606 aversa-

291 655 409 710 tur,
435 654 491 699 et
524 643 860 699 emendanda
892 651 1155 707 sectatur,
1188 655 1287 696 nec
1320 657 1383 696 ea
1424 642 1539 710 ipsa
1567 657 1686 710 qua:
1712 651 1886 697 secta-

291 745 388 790 tur
414 734 743 805 assequitur.
779 733 870 788 Ille
897 733 1043 786 enim
1075 732 1202 786 dum
1240 732 1357 786 zelo
1402 730 1496 787 Dei
1526 732 1759 799 graviter
1785 732 1883 785 de-

291 834 529 880 testatur
557 838 653 879 eos
697 822 785 892 qui
833 838 892 876 se
922 822 994 876 ab
1025 822 1227 876 unitate
1270 832 1676 890 separaverunt,
1721 824 1883 877 etiam

288 916 363 968 ab
393 915 511 982 ipso
546 912 812 982 baptismo
857 919 1140 981 separatos
1167 923 1288 965 esse
1327 909 1617 965 arbitratus
1647 919 1767 966 est:
1795 911 1884 965 isti

286 1015 476 1059 autem
522 1019 709 1073 parum
750 1004 975 1059 sceleris
1010 1012 1256 1070 putantes
1302 1002 1445 1072 quod
1476 1003 1577 1072 ipsi
1622 1017 1652 1057 a
1682 1003 1882 1059 Christi

290 1096 502 1149 unitate
529 1093 761 1161 separati
786 1102 932 1157 sunt,
954 1094 1118 1147 etiam
1145 1093 1471 1161 baptismum
1498 1093 1618 1164 ejus
1640 1092 1752 1149 illic
1778 1108 1882 1150 non

286 1197 417 1238 esse
451 1191 507 1237 et
551 1196 734 1236 secum
778 1183 961 1236 exisse
1007 1181 1363 1237 contendunt.
1388 1183 1517 1237 Tam
1547 1198 1677 1248 ergo
1725 1185 1885 1255 longe

290 1282 419 1328 sunt
451 1273 780 1328 fecunditate
806 1271 1085 1344 Cypriani,
1142 1282 1203 1329 ut
1231 1289 1333 1329 nec
1358 1276 1726 1345 purgamentis
1764 1276 1883 1347 ejus

289 1376 597 1436 aequentur.
630 1366 760 1420 Item
803 1366 1051 1435 quisquis
1089 1380 1193 1419 non
1228 1365 1796 1434 habenscharitatem,
1828 1376 1883 1424 et

290 1458 537 1526 perditas
567 1458 680 1513 vias
730 1472 939 1512 morum
985 1456 1295 1528 ingrediens
1328 1459 1702 1525 pes~imorum,
1737 1462 1882 1516 intus

288 1547 510 1601 videtur
557 1562 701 1614 esse,
745 1561 865 1601 cum
919 1545 1050 1601 foris
1101 1548 1190 1611 sit,
1229 1556 1284 1602 et
1328 1549 1650 1615 baptismum
1682 1550 1881 1605 Christi

288 1653 399 1693 nec
427 1638 480 1691 in
515 1636 781 1691 bzereticis
811 1638 1029 1705 repetit,
1074 1637 1205 1691 nihil
1231 1640 1347 1707 ejus
1378 1639 1594 1709 adjuvat
1622 1641 1878 1694 sterilita-

268 1739 402 1795 Item
432 1727 574 1797 quod
605 1742 711 1782 non
744 1726 1063 1781 fecundatur
1102 1743 1222 1792 suo,
1254 1729 1349 1784 sed
1404 1728 1579 1785 fructu
1627 1741 1881 1785 oneratur

287 1818 495 1873 alieno.
539 1818 681 1872 Fieri
710 1829 891 1873 autem
923 1826 1099 1884 potest
1121 1826 1172 1871 ιιι
1203 1819 1395 1887 aliquis
1424 1820 1599 1889 vigeat
1638 1821 1689 1874 in
1728 1821 1871 1876 radi-
1905 1822 1952 1882 Β

286 1922 413 1962 cem
446 1906 747 1971 charitatis,
779 1915 835 1961 et
865 1905 918 1960 in
952 1920 1057 1974 quo
1078 1906 1379 1977 Cyprianus
1406 1909 1563 1963 aliter
1593 1911 1769 1975 sapuit
1790 1926 1879 1966 re-
1906 1962 1909 1967 .

287 1997 536 2052 ctissime
566 1998 758 2066 sapiat,
806 2006 859 2051 et
906 1998 1164 2050 tamenin
1211 1998 1480 2068 (Typriano
1510 2015 1667 2067 quam
1694 2000 1747 2054 in
1780 2000 1881 2057 isto

292 2086 450 2154 plura
509 2086 737 2140 fecunda
789 2086 918 2152 sint,
968 2098 1022 2142 et
1064 2089 1123 2141 iu
1167 2087 1272 2142 isto
1314 2103 1475 2157 quam
1526 2088 1579 2143 in
1611 2090 1880 2160 Cypriane

292 2176 450 2245 plura
482 2177 755 2246 purganda
782 2177 909 2231 sint.
945 2178 1060 2232 Non
1083 2178 1256 2232 solum
1291 2181 1469 2248 itaque
1499 2182 1666 2236 malos
1690 2183 1881 2238 catho-

291 2269 430 2321 licos
462 2268 609 2321 nullo
638 2268 799 2322 modo
821 2282 1219 2336 comparamus,
1265 2268 1360 2323 sed
1393 2285 1495 2324 nec
1523 2269 1693 2327 honos
1727 2272 1881 2329 facile

290 2372 644 2427 coaeqnamus
686 2357 845 2413 beato
894 2358 1185 2427 Cypriano,
1234 2374 1391 2427 quem
1440 2360 1581 2415 inter
1627 2377 1778 2417 raros
1825 2373 1881 2419 et

293 2462 500 2515 paucos
549 2447 1017 2503 excellentissima:
1068 2450 1253 2517 gratia:
1300 2449 1444 2505 viros
1498 2462 1742 2509 numerat
1794 2456 1877 2524 pia

292 2547 471 2592 mater
496 2538 772 2593 Ecclesia:
797 2541 1040 2608 quamvis
1086 2539 1170 2593 isti
1202 2549 1257 2594 et
1296 2543 1435 2608 apud
1468 2543 1748 2599 haereticos
1789 2560 1881 2602 co-

288 2639 560 2697 gnoscant
586 2629 909 2698 baptismum
951 2631 1171 2697 Christi,
1197 2632 1273 2686 illi
1303 2644 1484 2689 autem
1514 2637 1673 2692 aliter
1704 2640 1877 2694 visum

293 2721 392 2781 sit,
422 2730 485 2775 ut
506 2736 601 2788 per
626 2735 748 2775 eum
777 2721 954 2775 minus
983 2721 1184 2791 aliquid
1215 2724 1481 2779 videntem
1506 2736 1561 2781 et
1593 2728 1643 2781 in
1677 2730 1879 2786 unitate

291 2810 608 2865 firmissime
639 2820 1063 2879 permanentem,
1107 2814 1438 2869 manifestius
1480 2816 1880 2875 demonstrare-

290 2912 385 2955 tur
437 2900 704 2956 ba’retieis
761 2916 918 2970 quam
972 2902 1236 2971 sacrilego
1288 2905 1491 2960 scelere
1539 2919 1880 2977 rumperetur

293 2991 573 3044 vinculum
600 2989 765 3057 pacis.
790 2990 972 3059 Neque
1000 2991 1143 3046 enim
1170 2990 1424 3046 Pharisaei
1455 2998 1605 3063 caici,
1637 2999 1879 3065 quamvis

292 3082 543 3137 dicentes
573 3083 863 3151 aliquando
891 3083 1033 3152 quod
1074 3083 1191 3137 fieri
1237 3085 1491 3151 debebat,
1532 3090 1875 3158 comparandi

293 3186 458 3232 erant
513 3178 757 3247 apostolo
810 3177 989 3245 Petro,
1042 3180 1290 3247 quamvis
1338 3181 1535 3236 dicenti
1586 3184 1950 3255 aliquandoc

296 3268 447 3336 quod
482 3268 591 3320 lit-ri
635 3284 738 3321 non
787 3268 1036 3322 debebat.
1085 3268 1198 3321 Non
1239 3270 1410 3324 solum
1438 3282 1620 3325 autem
1652 3274 1877 3330 istorum

292 3358 527 3412 ariditas
558 3358 703 3412 illius
724 3359 978 3413 viriditati
1024 3360 1349 3417 conferenda
1386 3380 1490 3417 non
1522 3376 1623 3430 εει,
1657 3369 1751 3423 sed
1782 3385 1880 3424 nec

294 3450 526 3504 aliorum
540 3451 748 3505 fructus
766 3452 907 3507 illius
932 3452 1158 3507 ubertati
1183 3455 1546 3525 adaequandos
1563 3469 1663 3513 est.
1682 3461 1879 3519 Gentes

294 3545 439 3598 enim
460 3559 616 3599 nemo
639 3545 908 3615 judaizare
931 3561 1088 3600 nemo
1112 3562 1251 3601 nunc
1267 3551 1426 3616 cogit,
1447 3567 1543 3606 nec
1566 3552 1688 3608 ideo
1703 3563 1877 3610 tamen

296 3635 579 3703 quisquam
621 3650 761 3689 nunc
809 3635 861 3689 in
896 3636 1131 3690 Ecclesia
1170 3641 1557 3705 quantumlibet
1591 3644 1880 3711 profecerit

298 3723 442 3777 Petri
474 3724 795 3792 apostolatui
848 3726 1206 3781 conlerendus
1254 3738 1354 3781 est.
1398 3730 1735 3801 Quapropter
1761 3738 1877 3791 red.

296 3815 440 3868 dens
493 3813 727 3868 debitam
793 3817 1152 3870 rth-rentiam
1207 3818 1529 3890 dignumque
1576 3825 1875 3894 honorem,

301 3914 567 3974 quantum
598 3908 771 3975 valeo,
805 3909 1117 3976 persolvens
1145 3913 1371 3979 paciﬁco
1400 3915 1653 3983 episcOpo
1684 3928 1736 3973 et
1765 3921 1879 3987 elo-

298 4000 447 4049 rLoso
478 3997 699 4067 martyri
750 3998 1042 4067 Cypriane,
1096 4003 1266 4056 audeo
1298 4013 1473 4059 tamen
1517 4006 1697 4062 dicere
1726 4010 1880 4065 aliter

295 4099 424 4136 eum
467 4084 704 4140 sensisse
733 4086 798 4139 de
830 4088 1184 4143 schismaticis
1208 4092 1287 4144 vel
1315 4092 1531 4149 lia-relic
1554 4110 1578 4149 s
1610 4096 1879 4164 baptizan-

294 4173 587 4242 dis,quam
617 4186 798 4243 postea
841 4177 1037 4231 veritas
1070 4180 1335 4247 prodidit:
1364 4199 1468 4238 non
1502 4202 1565 4241 ex
1615 4203 1752 4257 mea,
1783 4192 1877 4246 sed

292 4283 359 4319 ex
418 4268 688 4322 universa:
739 4269 995 4326 Ecclesia:
1042 4276 1334 4340 sententia,
1386 4279 1607 4347 plenarii
1665 4286 1877 4340 concilii

293 4359 617 4414 auctoritate
664 4359 914 4415 roborata
965 4371 1125 4433 atque
1174 4366 1577 4434 firmata;sicut
1616 4389 1877 4431 venerans

292 4464 395 4519 pro
423 4452 503 4504 sui
534 4452 729 4506 merito
756 4452 995 4519 Petrum,
1022 4457 1249 4525 primum
1274 4466 1639 4530 apostolorum
1663 4478 1716 4521 et
1745 4471 1878 4523 emi-

294 4541 673 4596 nentissimum
728 4554 1040 4614 martyrem,
1082 4549 1253 4605 audeo
1309 4562 1484 4608 tamen
1536 4558 1715 4613 dicere
1770 4578 1873 4615 non
1906 4565 1957 4625 D

289 4646 417 4684 eum
452 4642 598 4687 recte
630 4633 820 4691 fecisse
850 4647 905 4690 ut
932 4649 1115 4706 gentes
1134 4639 1407 4708 jndaizare
1438 4660 1649 4718 erigeret
1675 4668 1689 4716 ;
1713 4652 1873 4708 etiam

292 4721 399 4774 huc
440 4721 583 4775 enim
612 4723 753 4789 dico,
796 4742 900 4780 non
943 4744 1006 4782 ex
1058 4746 1199 4797 mea,
1241 4736 1333 4788 sed
1367 4753 1431 4790 ex
1463 4742 1691 4807 apostoli
1725 4744 1874 4800 Pauli

292 4810 523 4864 salutari
554 4812 822 4881 doctrina,
874 4832 967 4884 per
999 4820 1306 4877 universam
1341 4826 1635 4884 Ecclesiam
1667 4845 1873 4891 retenta

287 4910 456 4969 atque
503 4913 736 4958 servata.
791 4907 1077 4974 Disputans
1120 4927 1249 4982 ergo
1281 4915 1466 4988 [enim]
1496 4921 1563 4975 de
1610 4928 1871 4981 sententia

285 4989 570 5058 Cypriani,
629 4994 851 5047 multum
895 4997 1028 5050 infra
1086 5003 1276 5055 merita
1337 5010 1539 5072 positus
1583 5012 1869 5083 Cypriani,

288 5080 415 5132 dico
442 5092 836 5137 sacramentum
880 5087 1129 5155 baptismi
1161 5102 1216 5145 et
1248 5095 1413 5151 bonos
1443 5108 1496 5153 et
1518 5080 1687 5159 malos
1716 5080 1872 5175 posse

285 5170 511 5238 habere,
550 5186 705 5237 posse
753 5176 926 5241 dare,.
947 5193 1106 5246 posse
1138 5186 1419 5254 accipere;
1453 5201 1507 5244 et
1549 5170 1729 5249 bonos-
1759 5200 1874 5266 qui-

283 5258 409 5311 dem
454 5261 658 5315 utiliter
686 5278 748 5316 ac
780 5267 1086 5334 salubriter,
1140 5274 1310 5328 malos
1357 5290 1534 5335 autem
1573 5258 1873 5351 perniciose

285 5358 450 5417 atque
492 5353 956 5417 pmnaliterzcum
1008 5359 1133 5415 illud
1190 5374 1365 5422 tamen
1414 5368 1466 5424 in
1518 5376 1758 5446 utrisque
1804 5383 1873 5435 sit

285 5443 567 5510 aequaliter
598 5444 886 5515 integrum,
920 5458 1079 5519 atque
1110 5454 1241 5509 nihil
1270 5457 1529 5518 interesse
1557 5466 1620 5519 ad
1652 5443 1768 5536 ejus
1795 5487 1871 5527 ae-

286 5533 503 5600 qualem
536 5533 588 5587 in
618 5538 868 5593 omnibus
898 5541 1256 5613 integritatem
1282 5564 1480 5620 quanto
1507 5558 1662 5627 pejor
1681 5533 1739 5615 id
1777 5563 1865 5617 ha-

288 5626 410 5680 heat
452 5626 593 5681 inter
623 5629 813 5695 malos,
860 5632 997 5688 sicut
1025 5638 1155 5694 nihil
1187 5642 1409 5699 interest
1434 5626 1632 5717 quanto
1678 5656 1869 5712 melior

288 5715 336 5767 id
369 5715 567 5773 habeat
620 5718 759 5775 inter
790 5722 992 5791 bonos;
1042 5743 1104 5784 ac
1151 5746 1247 5801 per
1278 5733 1379 5791 hoc
1429 5715 1560 5795 nihil
1593 5745 1753 5801 etiam
1786 5748 1864 5802 in-

291 5814 455 5865 terest
501 5822 700 5881 quanto
746 5816 896 5886 pejor
942 5819 991 5875 id
1041 5823 1234 5892 tradat,
1281 5829 1420 5887 sicut
1469 5832 1598 5890 nihil
1643 5837 1864 5898 interest

1989 557 2189 614 quanto
2213 548 2362 616 pejor
2393 549 2445 601 id
2492 547 2742 615 accipiat,
2777 550 2917 603 sicut
2944 551 3080 604 nihil
3123 551 3345 604 interest
3363 557 3564 617 quanto

1988 639 2176 693 melior
2207 638 2470 709 [accipiat]
2503 657 2514 691 :
2542 638 2668 693 illud
2692 640 2831 692 enim
2866 655 2959 707 per
2995 641 3256 709 seipsum,
3280 647 3346 695 et
3384 639 3438 693 in
3481 640 3563 694 eis

1989 729 2078 795 qui
2104 745 2207 783 non
2236 730 2514 799 aequaliter
2547 730 2675 799 justi
2697 739 2839 794 sunt,
2866 741 2919 784 et
2955 731 3006 785 in
3030 731 3108 787 eis
3136 735 3226 802 qui
3258 747 3364 787 nou
3387 746 3565 800 aquar-

1986 820 2109 876 liter
2131 821 2297 891 iniqui
2321 832 2464 887 sunt,
2487 822 2760 890 :equaliter
2781 832 3026 877 sanctum
3047 834 3152 881 est.

2493 912 2719 967 CAPUT
2755 913 3035 971 CCXXIV.

1989 999 2136 1066 Quod
2164 1002 2258 1055 sub
2298 1004 2477 1057 eodem
2527 1004 2773 1069 baptismo
2813 1016 3021 1071 percata
3065 1007 3409 1071 dimittantur,
3447 1022 3567 1069 pro-

2056 1082 2168 1138 pter
2183 1073 2449 1147 cingulum
2462 1072 2758 1147 charitatis,
2796 1076 2887 1147 sub
2920 1094 3020 1142 quo
3045 1078 3342 1130 tenebantur
3362 1089 3566 1147 propter

2056 1142 2684 1217 sacrilegiunrdivisionis
2699 1160 2719 1209 ;
2750 1151 2799 1197 ct
2822 1144 2883 1199 de
2912 1147 3066 1200 laude
3088 1148 3255 1201 sancti
3281 1142 3564 1217 Cypriani;

2056 1226 2120 1264 ea:
2145 1212 2320 1265 eodem
2349 1213 2502 1266 libro.

2053 1302 2181 1369 Sed,
2205 1314 2258 1359 ut
2282 1305 2481 1360 dictum
2499 1316 2603 1373 est,
2623 1308 2755 1365 nihil
2772 1311 2993 1365 interest
3009 1311 3075 1365 ad
3101 1312 3348 1382 baptismi
3372 1315 3567 1367 sancti-

1988 1401 2148 1447 tatem
2166 1404 2368 1462 quanto
2382 1397 2607 1466 quisque
2626 1402 2777 1467 pejor
2798 1400 2848 1453 id
2877 1401 3091 1466 habeat,
3106 1411 3155 1457 et
3175 1413 3373 1470 quanto
3396 1403 3533 1472 pejor
3551 1404 3564 1456 i

1985 1484 2179 1537 tradat.
2198 1484 2382 1540 Potest
2399 1492 2575 1541 tamen
2595 1488 2806 1543 tradere
2826 1498 3123 1558 separatus,
3138 1492 3275 1546 sicut
3290 1501 3462 1561 potest
3481 1492 3566 1546 ha-

1983 1574 2113 1629 bere
2127 1589 2250 1643 sepa
2259 1578 2530 1644 ratus,sed
2549 1594 2706 1648 quam
2725 1582 3023 1648 perniciose
3037 1583 3256 1650 habere,
3275 1596 3380 1639 tam
3395 1588 3566 1653 perni-

1982 1664 2127 1719 ciose
2141 1665 2371 1732 tradere;
2395 1667 2484 1722 ille
2501 1678 2679 1724 autem
2697 1672 2783 1724 cui
2800 1673 2980 1738 tradit,
3002 1683 3173 1741 potest
3187 1677 3474 1731 salubriter
3486 1693 3565 1729 ar-

1983 1754 2183 1822 cipere,
2208 1756 2253 1809 si
2277 1756 2391 1824 ipse
2412 1772 2517 1811 non
2543 1770 2825 1828 separatus
2857 1766 3100 1831 accipiat,
3135 1766 3271 1821 sicut
3298 1768 3566 1837 plerisque

1987 1851 2203 1919 accidit,
2236 1863 2294 1907 ut
2321 1855 2586 1909 catholico
2615 1858 2796 1911 animo
2826 1867 2881 1913 et
2910 1860 3074 1915 corde
3096 1862 3163 1917 ab
3189 1864 3390 1917 unitate
3414 1868 3563 1933 pacis

1983 1959 2089 2000 non
2133 1945 2392 2009 alienato.
2433 1946 2611 2016 aliqua
2661 1951 2983 2005 necessitate
3025 1955 3209 2008 mortis
3240 1958 3479 2023 urgentis
3511 1958 3563 2010 in

1981 2034 2212 2103 aliquem
2243 2034 2555 2090 hrreticum
2588 2038 2875 2105 irruerent,
2907 2052 2961 2095 et
3008 2043 3076 2097 ab
3121 2059 3185 2098 eo
3234 2045 3433 2100 Christi
3474 2048 3563 2101 ba-

1984 2124 2235 2191 ptismum
2262 2126 2381 2180 sine
2412 2126 2573 2180 ullius
2605 2133 2956 2196 perversitate
2985 2134 3349 2203 perciperent,
3375 2146 3428 2191 et
3448 2137 3564 2191 sive

1982 2215 2247 2283 defuncti,
2294 2217 2409 2273 sive
2438 2218 2673 2287 liberali,
2706 2216 3039 2294 nequaquam
3089 2227 3229 2297 apud
3261 2244 3355 2282 eos
3382 2244 3563 2284 rcmaa

1982 2318 2197 2372 nerent,
2228 2308 2294 2362 ad
2324 2324 2460 2379 quos
2497 2327 2769 2380 nunquam
2803 2317 2967 2370 corde
3003 2320 3347 2373 transierant.
3384 2320 3438 2376 Si
3470 2338 3563 2375 an-

1982 2404 2091 2452 tem
2118 2398 2280 2453 ctiam
2310 2401 2425 2470 ipse
2464 2414 2742 2471 separatus
2784 2412 3071 2476 acceperit,
3109 2420 3257 2464 tanto
3293 2416 3561 2480 pernicio-

1982 2485 2093 2540 sius
2122 2487 2341 2557 accipit,
2374 2500 2576 2558 quanto
2604 2494 2773 2563 magis
2805 2497 2998 2550 bonum
3020 2508 3101 2553 est
3130 2501 3270 2568 quod
3296 2518 3397 2555 non
3427 2505 3562 2560 bene

1982 2577 2295 2645 accipit:et
2345 2589 2493 2635 tanto
2539 2585 2707 2653 magis
2738 2586 2883 2640 valet
2912 2587 2978 2640 ad
3028 2590 3246 2643 exitium
3289 2606 3557 2661 separato,

1981 2676 2179 2736 quanto
2211 2670 2378 2738 magis
2430 2678 2612 2739 posset
2653 2675 2718 2729 ad
2763 2677 2986 2731 salutem
3020 2681 3201 2735 valere
3232 2684 3518 2751 conjuurtn
3546 2704 3557 2737 :

1982 2768 2029 2811 et
2066 2757 2185 2812 ideo
2214 2759 2257 2811 si
2289 2761 2357 2813 ab
2385 2760 2478 2813 illa
2505 2766 2855 2830 perversitate
2879 2778 3178 2835 correctus,
3211 2781 3265 2825 ct
3287 2788 3315 2825 a
3344 2788 3561 2842 separa-

1984 2848 2128 2903 tione
2173 2865 2465 2907 conversus
2514 2857 2721 2910 venerit
2750 2858 2815 2911 ad
2847 2861 3171 2917 catholicam
3215 2880 3421 2933 pacem,
3464 2869 3563 2923 sub

1982 2942 2169 2995 eodem
2203 2942 2524 3013 baptismate
2570 2950 2710 3017 quod
2755 2964 3038 3020 acceparat
3082 2955 3201 3026 ejus
3232 2971 3446 3027 peccata
3474 2961 3559 3015 di-

1983 3030 2291 3099 mittuntur,
2322 3045 2542 3104 propter
2567 3038 2840 3093 vinculum
2870 3041 3168 3111 charitatis,
3204 3048 3306 3102 sub
3335 3065 3439 3118 quo
3467 3051 3561 3105 ba-

1982 3120 2231 3186 prismate
2261 3134 2479 3191 peccata
2526 3127 2645 3196 ejus
2696 3131 3038 3202 tenebantur,
3088 3146 3305 3207 propter
3344 3133 3564 3197 sacrilc4

1982 3209 2127 3276 gium
2162 3211 2471 3281 divisionis;
2513 3220 2635 3286 quia
2670 3220 2798 3274 illud
2829 3232 2881 3275 et
2911 3223 2963 3276 in
2998 3224 3213 3283 homine
3233 3229 3401 3297 justo,
3428 3233 3563 3287 etin

1988 3302 2205 3358 homine
2228 3304 2429 3374 injuste
2458 3323 2673 3378 semper
2701 3322 2943 3368 sanctum
2976 3330 3078 3382 est,
3112 3322 3251 3386 quoi
3282 3340 3455 3392 neque
3481 3326 3563 3380 ali-

1982 3395 2139 3463 cujus
2189 3400 2440 3467 :eqnitate
2490 3414 2736 3472 augetur,
2786 3422 2957 3477 neque
3005 3412 3231 3479 alicujus
3285 3414 3566 3484 iniquitate

1985 3490 2263 3544 tuinuilur.
2291 3492 2419 3557 Qua:
2442 3509 2563 3548 cum
2591 3497 2661 3550 ita
2686 3499 2813 3564 sint,
2841 3502 2964 3570 quid
2998 3502 3117 3558 huic
3142 3514 3247 3559 tam
3276 3511 3567 3578 perspicua:

1982 3583 2194 3637 veritati
2226 3584 2395 3640 ofﬁcit
2429 3588 2569 3656 quod
2604 3592 2756 3645 multi
2794 3597 3099 3665 coepiscopi
3132 3598 3400 3669 Cypriauo
3429 3603 3479 3656 in
3508 3605 3567 3658 il-

1984 3673 2089 3727 lam
2118 3678 2438 3731 sententiam
2467 3695 2882 3748 consenserunt,
2918 3702 3147 3756 suasque
3178 3692 3230 3743 in
3262 3692 3402 3746 idem
3436 3710 3567 3748 con-

1984 3765 2261 3819 venientes
2294 3771 2540 3836 proprias
2564 3773 2923 3837 protulerunt,
2958 3778 3058 3829 nisi
3090 3788 3145 3831 nt
3172 3783 3340 3850 magis
3372 3787 3567 3854 magis.

1984 3867 2089 3922 que
2118 3853 2262 3907 illius
2293 3855 2391 3909 \‘iri
2423 3871 2549 3926 erga
2595 3861 2851 3916 unitatem
2901 3862 3100 3919 Christi
3147 3868 3384 3925 charitas
3415 3853 3568 3929 inno-

1984 3945 2194 3997 tescat‘t
2221 3945 2275 3999 Si
2308 3948 2449 3999 enim
2482 3949 2631 4002 solus
2663 3952 2731 4004 ita
2756 3954 2994 4010 sentiens
3029 3958 3174 4013 nullo
3196 3966 3568 4023 consentiente

1984 4046 2313 4101 remaneret,
2347 4037 2621 4093 videretur
2662 4056 2943 4110 propterea
2991 4048 3302 4117 refriguisse
3333 4057 3399 4107 ab
3444 4072 3566 4111 see-

1985 4126 2096 4181 lerc
2123 4129 2450 4199 schismatis,
2486 4136 2607 4203 quia
2643 4139 2818 4193 socios
2852 4157 2955 4195 non
2988 4143 3291 4201 inveniebat
3321 4155 3520 4206 erroris
3550 4173 3563 4209 ε

1984 4230 2088 4272 tarn
2124 4222 2306 4275 mriltis
2338 4235 2515 4279 autem
2549 4228 2647 4282 sibi
2678 4233 3158 4303 consentientibus,
3190 4253 3347 4309 quam
3376 4242 3565 4316 [quod]

1981 4326 2103 4365 cum
2136 4314 2348 4369 czeteris
2380 4316 2592 4370 diversa
2619 4320 2973 4377 sentientibus
3005 4326 3056 4378 in
3092 4328 3295 4385 unitate
3320 4314 3563 4400 perman;

1983 4402 2055 4454 sit
2103 4404 2383 4458 catholicm
2423 4406 2808 4474 univcrsitatis,
2849 4414 3250 4472 sanctissimum
3296 4423 3564 4479 vinculum

1984 4506 2089 4570 non
2123 4493 2316 4548 timore
2347 4495 2671 4561 Solitudinis,
2713 4502 2806 4553 sed
2841 4505 2984 4570 pacis
3005 4522 3189 4563 amore
3210 4513 3459 4568 servavit.

1996 4566 2011 4576 ‘
2502 4590 2727 4648 eaeor
2766 4566 3019 4653 ccxxv.

1991 4673 2140 4739 Quod
2160 4691 2531 4758 sacramentum
2552 4682 2796 4758 baptismi
2822 4698 2867 4740 et
2892 4690 2941 4741 in
2972 4692 3108 4744 malo
3134 4704 3183 4747 et
3221 4696 3275 4751 in
3311 4698 3442 4755 bona
3467 4703 3563 4758 Ito.

2363 4752 2498 4802 mine
2516 4754 2583 4804 sit
2613 4757 2808 4823 aequale
2828 4774 2846 4822 ;
2870 4776 2932 4811 ex
2954 4761 3084 4816 libro
3108 4780 3180 4817 v1.

2057 4836 2240 4891 Potest
2286 4855 2413 4908 ergo
2448 4843 2562 4898 lieri
2611 4858 2665 4897 ut
2696 4847 2886 4917 aliquis
2930 4853 3077 4922 pejor
3117 4859 3188 4913 sit
3234 4865 3471 4935 ethnico,
3514 4881 3568 4927 et

1985 4934 2158 4980 tamen
2192 4928 2243 4981 in
2268 4945 2332 4982 eo
2360 4932 2559 4987 Christi
2583 4951 2979 4997 sacramentum
3019 4963 3123 5004 non
3156 4955 3329 5011 solum
3353 4928 3562 5024 sitised

1984 5021 2143 5071 C‘iam
2193 5035 2295 5074 non
2328 5024 2398 5076 sit
2445 5025 2593 5094 pejus
2626 5045 2781 5098 quam
2815 5032 2868 5086 in
2922 5036 3138 5096 homine
3169 5059 3357 5104 sancto
3386 5021 3439 5105 et
3472 5054 3562 5122 ju-

1983 5119 2232 5172 slozetsi
2283 5122 2468 5188 enim,
2508 5136 2766 5194 quantum
2817 5132 2869 5185 in
2899 5135 2992 5189 illo
3039 5137 3255 5197 homine
3302 5155 3404 5212 est,
3455 5165 3559 5203 non

1981 5222 2102 5261 eum
2144 5214 2399 5280 servavit,
2433 5217 2525 5271 sed
2579 5220 2757 5273 animo
2812 5233 2863 5279 et
2905 5228 3181 5285 voluntate
3210 5235 3447 5303 violavit,
3482 5249 3562 5294 ta-

1982 5313 2104 5353 men
2160 5313 2415 5370 quantum
2467 5307 2533 5362 ad
2583 5311 2754 5377 ipsum
2807 5318 2998 5371 attinet
3044 5334 3459 5392 sacramentum,
3505 5343 3559 5386 et

1981 5405 2102 5444 cum
2154 5404 2525 5465 contemplere
2570 5410 2626 5455 et
2655 5407 2993 5472 repudiatore
3024 5426 3122 5464 suo
3167 5418 3427 5483 integrum
3479 5422 3559 5474 in-

1979 5480 2345 5553 violatumque
2394 5492 2711 5556 permansit.
2769 5495 2958 5551 Nonne
3005 5480 3300 5556 Sodomitae
3354 5509 3554 5566 ethnici

1977 5581 2149 5635 erant,
2210 5574 2261 5626 id
2306 5586 2391 5629 est
2436 5581 2701 5646 gentiles?
2746 5585 2954 5653 pejores
3001 5603 3129 5658 ergo
3172 5607 3321 5647 erant
3364 5598 3551 5668 Judaei,

1975 5660 2165 5728 quibus
2200 5664 2456 5722 Dominus
2485 5670 2636 5738 dicit,
2685 5672 3041 5730 Tolerabilius
3082 5680 3185 5735 erit
3214 5682 3470 5747 Sodomis
3502 5660 3552 5751 in

1974 5752 2280 5822 die‘judieii
2326 5774 2482 5825 quam
2532 5763 2715 5819 vobis:
2759 5775 2813 5818 et
2856 5766 3048 5835 quibus
3082 5775 3340 5842 proliheta
3380 5782 3549 5843 dicit:

1975 5845 2287 5904 Justiﬁt‘atis
2316 5850 2623 5923 Sodomam,
2655 5855 2706 5911 id
2732 5865 2832 5927 est,
2866 5860 2918 5915 in
2944 5870 3344 5936 comparatione
3374 5885 3549 5931 vestra
