4016 6184
508 352 608 412 887

1581 346 1644 400 D.
1682 342 2007 401 EUGYPPII
2044 335 2334 399 ABBATIS
2370 341 2693 400 AFRICANI

3647 352 3756 408 88⁸

505 464 737 522 Sodoma
758 461 1047 534 iustiﬁcata
1091 467 1194 515 est.
1243 456 1487 527 Nunquid
1518 465 1694 513 tamen
1729 457 1850 511 ideo
1890 468 2069 511 sacra-
2095 455 2149 515 Δ
2174 455 2367 510 meruit
2391 456 2611 528 adipisci
2644 472 2738 526 per
2765 457 3131 529 charitatem].
3179 459 3412 529 Adjuvet
3439 459 3614 531 itaque
3646 480 3751 520 nos

506 562 688 610 menta
727 554 907 609 divina
937 566 1054 622 qua:
1100 550 1239 620 apud
1269 549 1484 604 Judteos
1530 557 1707 614 erant,
1753 547 1878 602 talia
1920 552 2077 601 erant

504 644 692 714 quales
731 644 832 713 ipsi
859 649 1013 698 erant
1041 655 1160 710 qua:
1200 638 1461 693 Dominus
1487 650 1699 707 quoque
1741 638 1855 703 ipse
1891 648 2078 690 susce-

505 735 602 804 pit,
635 743 689 790 et
725 735 791 789 ad
832 748 894 789 ea
922 730 1241 787 celebranda
1281 731 1521 797 leprosos
1552 743 1688 797 quos
1730 727 2079 783 mandaverat

506 825 671 891 misit,
726 834 782 880 et
830 839 891 880 ea
935 822 1213 878 Zachariae
1256 819 1582 876 ministranti
1630 820 1849 889 angelus
1890 817 2075 881 astitit,

504 930 736 984 eumque
761 916 813 968 in
836 914 1037 983 templo
1059 912 1448 969 sacrificantem
1474 911 1779 967 exauditum
1802 923 1923 965 esse
1944 923 2079 963 nun-

505 1008 691 1063 tiavit?
732 1008 857 1062 Haec
882 1008 1071 1063 eadem
1107 1013 1464 1069 sacramenta,
1494 1012 1551 1058 et
1581 1003 1634 1058 in
1669 1002 1825 1058 bonis
1848 999 2079 1055 homini-

506 1099 606 1153 bus
630 1098 770 1153 illius
791 1097 1048 1167 temporis
1068 1103 1241 1161 erant,
1270 1103 1328 1151 et
1353 1095 1405 1148 in
1434 1093 1588 1148 malis
1618 1091 1894 1161 peioribus
1917 1102 2077 1157 quam

505 1194 632 1241 Sunt
658 1187 879 1252 ethnici,
906 1184 1335 1255 quandoquidem
1356 1184 1420 1238 in
1452 1183 1556 1254 21
1588 1182 1785 1236 malitia
1829 1179 2079 1235 Sodomi-

507 1277 569 1332 tis
600 1277 808 1345 praelati
849 1286 975 1333 sunt
1000 1294 1012 1331 :
1036 1284 1090 1331 et
1123 1286 1299 1330 tamen
1344 1275 1436 1329 illa
1481 1279 1818 1327 sacramenta
1846 1270 2079 1323 erantin

503 1368 741 1438 utrisque
770 1366 976 1437 integra
1004 1375 1163 1435 atque
1209 1365 1410 1420 divina.
1439 1361 1570 1418 Nam
1600 1371 1654 1417 et
1693 1360 1792 1431 ipsi
1821 1358 2073 1430 gentiles,

503 1459 547 1512 si
572 1459 700 1528 quid
728 1459 966 1514 divinum
1011 1467 1066 1513 et
1098 1465 1304 1511 rectum
1350 1456 1404 1510 in
1432 1454 1695 1509 doctrinis
1738 1453 1852 1507 suis
1881 1450 2082 1505 habere

504 1557 811 1616 potuerunt,
838 1563 944 1604 non
974 1547 1409 1618 improbaverunt
1455 1544 1626 1600 sancti
1671 1543 1861 1610 nostri,
1894 1557 2076 1613 quanto

504 1640 584 1694 vis
623 1640 696 1695 illi
748 1655 843 1708 per
882 1653 1009 1696 suas
1054 1638 1468 1707 superstitiones
1515 1645 1573 1691 et
1600 1634 1983 1697 idololatriam,
2026 1642 2081 1688 et

503 1728 810 1798 superbiam
860 1739 1195 1799 cmterosque
1243 1742 1422 1782 mores
1450 1725 1751 1782 detestandi
1782 1734 1985 1791 essent,
2028 1731 2081 1778 et

2178 548 2509 603 orationibus
2556 550 2669 605 suis
2718 550 2771 603 in
2825 549 2979 604 istius
3024 551 3206 605 carnis
3249 552 3593 623 mortalitate,
3643 565 3758 611 tan-

2178 652 2334 708 quam
2361 638 2416 694 in
2446 640 2734 710 caliginosa
2760 642 2899 696 nube
2926 641 3254 707 laborantes,
3279 653 3361 709 ut,
3390 645 3627 701 donante
3654 647 3760 702 Do-

2181 727 2325 783 mino
2349 771 2365 797 ,
2420 729 2557 784 bona
2591 731 2708 800 ejus
2737 742 2994 801 quantum
3034 747 3320 803 possumus
3350 736 3649 792 imitemur.
3703 740 3761 794 Si

2180 821 2305 889 quid
2335 831 2512 877 autem
2540 823 2697 878 aliter
2724 825 2909 889 seuit,
2939 833 2993 880 et
3020 825 3343 895 quibusdam
3372 828 3631 883 fratribus
3652 830 3764 885 eol-

2182 910 2419 980 legisque
2449 913 2748 982 persuasit,
2781 916 2921 983 quod
2949 928 3090 970 nunc
3120 931 3187 971 eo
3208 933 3367 987 quem
3390 918 3586 973 dilexit
3610 936 3767 975 reve-

2181 1000 2323 1056 lante
2345 1003 2453 1069 jam
2480 1005 2669 1070 cernit,
2694 1018 2793 1058 nos
2821 1005 2980 1074 longe
3002 1005 3242 1074 impares
3270 1008 3477 1063 meritis
3496 1010 3634 1075 suis,
3660 1009 3766 1064 Ec-

2181 1092 2357 1147 desim
2382 1101 2561 1149 tamen
2583 1094 2859 1149 catholica:
2880 1095 3273 1162 auctoritatem,
3296 1094 3449 1167 cujus
3477 1099 3594 1166 ipse
3617 1104 3767 1168 egre

2180 1182 2325 1251 gium
2347 1192 2403 1237 et
2424 1182 2799 1239 cbarissimum
2824 1186 3122 1240 membrum
3151 1198 3259 1254 est,
3287 1202 3385 1257 pro
3415 1200 3599 1242 nostra
3629 1189 3771 1244 infir-

2183 1272 2364 1328 mitate
2392 1281 2677 1341 sectantes,
2718 1275 2976 1330 adversus
3006 1277 3288 1333 hereticos
3328 1280 3414 1332 vel
3450 1280 3770 1334 schismati-

2181 1378 2274 1418 cos
2318 1363 2634 1431 enodemus,
2671 1380 2805 1435 quos
2853 1369 3106 1435 praecisos
3143 1369 3213 1423 ab
3251 1370 3457 1426 unitate
3485 1386 3652 1439 quam
3692 1381 3770 1426 te-

2184 1458 2319 1521 nuit,
2350 1464 2405 1511 et
2429 1468 2737 1514 arescentes
2760 1474 2792 1513 a
2830 1460 3094 1517 charitate
3120 1477 3225 1531 qua
3252 1464 3442 1533 viguit,
3487 1473 3544 1519 et
3588 1465 3772 1534 lapsos

2181 1547 2249 1601 ab
2278 1547 2578 1604 humilitate
2598 1565 2702 1619 qua
2728 1552 2898 1617 stetit,
2919 1561 3069 1609 tanto
3111 1555 3340 1623 amplius
3380 1556 3659 1625 improbat
3688 1567 3770 1610 at—

2182 1651 2288 1704 que
2317 1638 2656 1704 condemnat,
2686 1649 2886 1709 quanto
2915 1642 3085 1712 magis
3112 1657 3208 1698 eos
3230 1644 3463 1699 novitad
3495 1645 3767 1700 insidian-

2182 1725 2308 1781 dum
2335 1729 2654 1794 perscrutari
2689 1731 2828 1786 velle
2857 1732 2997 1801 quod
3022 1732 3259 1801 scripsit,
3287 1742 3342 1788 et
3368 1734 3436 1787 ad
3475 1736 3769 1803 pacifican-

506 1824 609 1877 nisi
642 1822 1062 1892 corrigerentur,
1096 1820 1277 1873 divino
1302 1818 1509 1888 judicio
1549 1815 1828 1885 puniendi.
1857 1813 1987 1868 Nam
2031 1822 2085 1865 et
2118 1824 2161 1883 Β
2188 1816 2312 1871 dum
2332 1818 2525 1874 imitari
2552 1820 2694 1876 nolle
2714 1824 2853 1892 quod
2873 1820 3019 1877 fecit.
3047 1822 3199 1878 Sicut
3219 1824 3291 1877 illi
3310 1825 3399 1893 qui
3420 1839 3483 1879 se
3513 1825 3771 1881 christia-

505 1910 702 1966 l’aulus
748 1912 1047 1981 apostolus,
1098 1908 1239 1977 apud
1288 1907 1649 1963 Athenienses
1699 1920 1818 1959 cum
1864 1903 1932 1959 de
1976 1902 2086 1958 Deo

504 2007 749 2074 qumdam
774 2006 1002 2069 diceret,
1029 2002 1297 2073 perhibuit
1318 1997 1682 2057 testimonium
1702 1997 1843 2067 quod
1870 1997 2084 2066 quidam

500 2112 690 2152 eorum
722 2096 829 2151 tale
849 2095 1051 2163 aliquid
1077 2093 1347 2148 dixerint:
1373 2092 1515 2162 quod
1548 2091 1749 2159 utique,
1773 2090 1818 2144 si
1848 2090 1914 2143 ad
1933 2088 2088 2143 Chri-

505 2198 647 2244 stum
675 2188 948 2248 venirent,
978 2192 1364 2255 agnosceretur
1408 2183 1460 2236 in
1490 2181 1592 2246 eis,
1622 2196 1726 2234 non
1757 2178 2087 2248 improbare-

504 2292 609 2335 tur.
650 2278 716 2335 Et
757 2286 974 2335 sanctus
1001 2276 1301 2347 Cyprianus
1343 2272 1537 2328 talibus
1574 2270 1839 2326 adversus
1867 2269 2083 2325 eosdem

505 2372 749 2427 ethnicos
763 2372 927 2425 utitttr
947 2368 1199 2423 testibus:
1218 2382 1337 2420 nam
1351 2380 1470 2419 cum
1489 2363 1555 2419 de
1569 2364 1739 2432 magis
1753 2362 2083 2429 loqueretur,

505 2464 743 2528 Quorum
768 2471 966 2521 tamen,
984 2458 1174 2527 inquit,
1197 2456 1495 2525 pra'cipuus
1521 2454 1811 2509 Sosthenes
1835 2448 1934 2503 Ed.
1956 2446 2079 2503 Ben.

507 2548 841 2621 Illostanos],
875 2562 928 2602 et
964 2550 1187 2601 formam
1216 2545 1324 2600 veri
1353 2544 1445 2598 Dei
1469 2540 1880 2613 negatc0ti5pici
1907 2553 2084 2608 posse,

506 2653 562 2699 et
589 2644 808 2714 angelos
845 2655 1003 2695 veros
1030 2639 1162 2695 dicit
1207 2636 1322 2692 sedi
1368 2634 1486 2703 ejus
1514 2635 1765 2689 assistere
1787 2641 1847 2696 ﬂ;
1896 2632 1949 2686 in
1981 2647 2087 2701 quo

507 2744 563 2790 et
594 2736 746 2789 Plato
772 2732 888 2803 pari
917 2731 1125 2786 ratione
1154 2726 1443 2792 consentit,
1487 2736 1541 2781 et
1568 2740 1732 2780 unum
1761 2724 1930 2779 Deum
1970 2739 2087 2779 ser-

508 2840 664 2889 vans,
709 2833 938 2878 caeteros
988 2819 1207 2890 angelos
1244 2816 1325 2871 Vel
1358 2816 1632 2869 dmmonas
1675 2812 2089 2868 dicitzllermes

508 2932 720 2986 quoque
751 2914 1136 2982 Tristnegistus
1178 2926 1340 2964 unum
1378 2907 1543 2961 Deutn
1573 2905 1828 2974 loquitur,
1870 2913 1926 2959 et
1964 2919 2085 2958 eum

510 3004 1113 3074 incomprehensibilem
1162 3011 1325 3070 atque
1387 2995 1815 3051 inaestimabilem
1863 2994 2089 3048 confite-

510 3112 617 3156 tur.
649 3100 703 3156 Si
737 3114 864 3167 ergo
893 3097 976 3150 isti
1008 3093 1283 3150 venissent
1312 3091 1374 3144 ad
1400 3086 1794 3158 percipiendam
1823 3080 2083 3138 Christia-

513 3208 634 3247 nam
671 3190 923 3254 sulutem,
955 3198 1059 3240 non
1103 3183 1182 3238 eis
1212 3182 1397 3249 utique
1424 3180 1712 3243 diceretur,
1749 3175 1861 3229 lloc
1890 3174 2088 3228 malum
2119 3172 2168 3236 ο

514 3282 743 3347 habetis,
774 3279 879 3345 vel,
912 3277 1100 3330 falsum
1144 3273 1371 3337 habetis,
1410 3269 1505 3324 sed
1546 3267 1701 3337 plane
1729 3267 1921 3320 merito
1949 3262 2095 3319 dice-

511 3382 682 3435 retur,
714 3370 828 3425 iioc
854 3370 1005 3423 vobis
1031 3365 1279 3435 quamvis
1328 3364 1593 3430 integrum
1637 3369 1693 3414 et
1723 3374 1931 3421 verum,
1958 3355 2093 3410 nihil

513 3476 689 3518 tamen
714 3462 994 3531 prodesset
1019 3458 1120 3510 nisi
1146 3457 1211 3509 ad
1235 3454 1431 3508 Christi
1464 3452 1691 3520 gratiam
1720 3449 2002 3504 veniretis.
2034 3446 2090 3502 Si

511 3569 638 3623 ergo
666 3554 719 3607 in
751 3551 881 3620 ipsis
928 3545 1165 3602 ethnicis
1211 3553 1385 3613 potest
1433 3538 1637 3608 aliquid
1678 3538 1916 3593 divinum
1946 3536 2096 3589 inve-

513 3644 616 3698 niri
642 3650 895 3709 recteque
941 3636 1247 3706 approbari,
1280 3631 1521 3702 quamvis
1547 3629 1627 3683 eis
1676 3628 1822 3681 salus
1865 3625 2039 3678 adhuc
2067 3640 2097 3679 a

512 3733 726 3790 Christo
758 3727 1058 3801 prrcstanda
1091 3727 1180 3789 sit,
1231 3740 1337 3779 non
1372 3730 1586 3792 oportet
1614 3734 1712 3773 uos
1751 3718 1821 3771 ita
1864 3717 2093 3781 moveri,

512 3825 724 3882 etiamsi
758 3822 967 3892 pejores
992 3817 1099 3873 sint
1130 3815 1388 3880 hzcretici,
1423 3822 1480 3867 ut
1521 3812 1664 3882 quod
1695 3811 1747 3864 in
1778 3807 1856 3864 eis
1896 3808 2095 3863 malum

514 3916 749 3988 ipsorum
785 3924 867 3971 est
914 3914 1138 3969 velimus
1186 3911 1494 3981 corrigere,
1528 3917 1580 3962 et
1622 3903 1761 3974 quod
1793 3904 1847 3957 in
1893 3902 1973 3956 eis
2007 3901 2105 3955 bo-

514 4025 639 4066 num
670 4018 751 4064 est
780 4007 980 4063 Christi
1010 4006 1240 4060 nolimus
1267 4014 1577 4073 agnoscere.

1033 4118 1258 4174 CAPUT
1298 4112 1582 4170 CCXXVI.

518 4219 669 4286 Quod
693 4217 943 4270 charitate
973 4212 1217 4286 Cypriani
1246 4210 1297 4261 hi
1326 4208 1412 4274 qui
1442 4222 1531 4275 per
1559 4205 1697 4286 illius
1726 4199 2046 4286 sententia»:1
2054 4211 2106 4251 se

586 4267 1079 4348 {ditihiméscasafa
1127 4267 1470 4361 damnentur}
1519 4290 1585 4329 ea:
1627 4272 1756 4325 libro
1786 4285 1856 4322 vn
1901 4269 1963 4321 de
2004 4267 2107 4321 Btt-

588 4360 796 4428 ptismo.

591 4471 784 4527 Verius
810 4444 1146 4523 universitati
1171 4461 1427 4516 Ecclesiae
1457 4456 1738 4512 catholica:
1770 4454 2005 4523 placuit,
2048 4461 2107 4504 ttt

2188 1923 2285 1963 nos
2305 1909 2609 1967 Nazarenos
2640 1920 2850 1979 vocant,
2875 1922 2930 1967 et
2960 1927 3110 1968 more
3134 1912 3354 1981 judaico
3373 1915 3614 1969 carnalia
3641 1930 3773 1985 prte-

2188 2006 2332 2067 putia
2360 2003 2787 2071 circumcidunt;
2820 2004 2930 2058 nati
2963 2004 3228 2072 haeretici,
3256 2020 3325 2060 ex
3370 2005 3463 2059 illo
3498 2020 3692 2061 errore
3720 2006 3771 2060 in

2186 2111 2343 2167 quem
2374 2094 2565 2150 Petrus
2618 2095 2838 2150 devians
2872 2111 2905 2150 a
2934 2095 3100 2151 Paulo
3132 2104 3416 2151 revocatus
3444 2105 3552 2163 est,
3581 2097 3636 2151 in
3674 2098 3773 2152 hoc

2184 2185 2361 2240 adhuc
2388 2198 2559 2254 usque
2587 2188 2901 2253 persistunt.
2935 2185 3084 2240 Sicut
3109 2200 3238 2255 ergo
3260 2185 3361 2252 illi,
3389 2185 3553 2241 Petro
3584 2186 3639 2240 in
3668 2187 3773 2254 pri-

2187 2284 2333 2331 matu
2369 2275 2735 2344 apostolorum
2784 2275 3025 2345 martyrii
3064 2276 3231 2344 gloria
3262 2284 3545 2342 coronato,
3588 2276 3645 2329 in
3680 2290 3770 2330 sua

2187 2365 2537 2436 perversitate
2564 2362 2770 2434 praecisi
2796 2364 2863 2419 at-
2879 2364 3119 2419 Ecclesia
3142 2374 3537 2429 remanserunt,
3565 2365 3647 2419 sic
3665 2365 3770 2429 isti,

2185 2458 2451 2528 Cypriane
2474 2472 2568 2526 per
2587 2455 2964 2511 abundantiam
2979 2456 3250 2511 cltaritatis
3268 2457 3319 2510 in
3340 2466 3545 2511 sortem
3563 2467 3773 2511 sancto-

2187 2563 2305 2602 rum
2356 2546 2619 2616 passionis
2667 2545 2911 2602 claritate
2958 2554 3236 2616 suscepto,
3283 2546 3496 2612 seipsos
3552 2547 3772 2601 exsules

2188 2639 2408 2692 unitatis
2447 2647 2763 2705 agnoscunt,
2807 2645 2865 2691 et
2909 2646 3097 2692 contra
3141 2638 3361 2691 unitatis
3403 2637 3637 2706 patriam
3678 2650 3772 2705 pro

2188 2730 2302 2784 suis
2330 2730 2612 2785 calumniis
2634 2730 2808 2785 civem
2834 2729 3054 2784 unitatis
3085 2738 3383 2798 opponunt.

2696 2860 2921 2918 CAPUT
2960 2860 3261 2925 CCXXVII.

2192 2976 2344 3043 Quod
2370 2986 2425 3029 ut
2457 2976 2511 3028 in
2548 2976 2785 3045 pessimis
2814 2974 3077 3027 catholicis
3102 2975 3339 3027 correm's
3367 2974 3655 3042 baptisma:
3678 2990 3771 3027 non

2262 3046 2437 3115 incipit
2467 3048 2644 3098 σαι-ωε
2670 3047 2808 3113 quod
2838 3045 3032 3106 deerat,
3057 3046 3146 3097 sed
3169 3047 3406 3109 prodesse
3426 3046 3567 3115 qugd
3594 3048 3769 3110 fuerat,

2265 3117 2337 3170 sic
2364 3111 2411 3169 et
2439 3116 2494 3169 in
2524 3111 2807 3179 haereticis;
2838 3130 2901 3167 ea:
2927 3114 3101 3167 eadem
3132 3116 3259 3168 libro
3288 3129 3359 3167 vu
3385 3116 3449 3168 de
3478 3111 3767 3182 Baptism.

2270 3250 2369 3305 Ubi
2402 3249 2556 3304 nobis
2572 3248 3081 3317 ostenditDomiuus
3107 3246 3244 3303 Deus
3262 3257 3443 3303 noster
3470 3262 3570 3317 per
3597 3248 3770 3318 paciﬁ-

2197 3357 2318 3396 cum
2349 3340 2659 3409 episcopum
2688 3338 3010 3410 Cyprianum
3054 3346 3110 3393 et
3146 3338 3265 3391 illos
3294 3338 3383 3407 qui
3410 3339 3460 3393 ei
3488 3352 3768 3393 consense-

2199 3444 2346 3499 runt,
2374 3442 2627 3502 quantum
2659 3433 2728 3486 sit
2755 3430 3014 3487 catholica
3037 3430 3215 3485 unitas
3241 3430 3531 3500 diligenda,
3562 3441 3623 3486 ut
3642 3432 3691 3484 in
3710 3444 3769 3485 eo

2200 3525 2339 3595 quod
2368 3526 2524 3579 aliter
2550 3522 2847 3593 sapiebant,
2873 3523 3045 3579 donec
3068 3522 3211 3578 Deus
3248 3521 3300 3576 id
3323 3537 3538 3593 quoque
3570 3522 3767 3577 revela-

2202 3626 2303 3683 ret,
2341 3617 2631 3671 tolerarent
2660 3616 2834 3685 potius
2859 3614 3068 3669 diversa
3091 3614 3406 3678 sentientes,
3437 3629 3601 3682 quam
3629 3628 3684 3667 se
3710 3612 3768 3664 ab

2203 3711 2283 3765 eis
2325 3708 2527 3764 nefario
2556 3707 2849 3761 schismate
2875 3713 3189 3772 separarent
3221 3722 3234 3756 :
3264 3704 3350 3757 ubi
3382 3703 3769 3757 Donatistarum

2207 3813 2425 3869 prorsus
2455 3813 2547 3852 ora
2577 3797 2916 3859 clauduntur,
2961 3794 3121 3849 etiam
3167 3793 3213 3848 si
3260 3795 3328 3848 de
3375 3793 3770 3847 Maximianisus

2206 3891 2333 3945 nihil
2360 3890 2618 3943 dicamus.
2649 3889 2703 3942 Si
2743 3890 2883 3939 enim
2929 3885 3054 3939 mali
3083 3885 3251 3940 bonos
3283 3884 3338 3938 in
3369 3884 3573 3938 unitate
3597 3891 3767 3937 conta-

2206 3983 2432 4046 minant,
2460 3980 2657 4035 nullam
2677 3980 2784 4049 jam
2814 3978 3104 4033 Ecclesiam
3128 3976 3214 4031 cui
3239 3976 3541 4030 sociaretur
3565 3977 3647 4031 vel
3668 3975 3769 4041 ipse

2206 4074 2504 4144 Cyprianus
2536 4071 2776 4135 invenit;
2806 4068 2855 4125 si
2885 4078 3061 4124 autem
3106 4067 3231 4122 mali
3270 4068 3442 4122 bonos
3480 4068 3535 4121 in
3584 4068 3770 4121 unitate

2209 4183 2315 4222 non
2338 4167 2626 4231 maculant,
2656 4165 2859 4219 nullam
2879 4177 3094 4217 causam
3116 4161 3469 4229 separationis
3490 4160 3772 4229 sacrilegus

2210 4259 2481 4314 Donatista
2523 4255 2789 4327 proponit.
2850 4254 3174 4322 Baptismum
3204 4262 3381 4306 autem
3414 4253 3460 4305 si
3492 4251 3692 4307 habent
3727 4256 3774 4303 et

2210 4351 2425 4407 tradunt
2472 4350 2562 4402 alii
2603 4358 2711 4402 tam
2751 4346 2904 4400 tnulti
2934 4344 3021 4413 qui
3051 4352 3342 4413 operantur
3388 4358 3551 4411 opera
3582 4341 3773 4406 carnis,

2210 4445 2384 4511 qualia
2416 4443 2505 4513 qui
2536 4449 2729 4512 agunt,
2760 4453 2981 4508 regnum
3013 4436 3104 4491 Dei
3132 4451 3237 4490 non
3271 4435 3661 4503 possidebunt:
3692 4434 3776 4487 ba-

520 4562 756 4619 ha‘retici
791 4560 896 4626 vel,
929 4554 1261 4612 schismatici
1291 4552 1377 4621 qui
1408 4551 1517 4620 jam
1546 4548 1746 4601 Christi
1776 4545 2095 4614 baptismum
2127 4534 2178 4595 D
2208 4538 2332 4591 bent
2360 4549 2423 4589 ac
2448 4534 2659 4587 tradunt
2686 4530 2942 4595 hmretici,
2975 4529 3063 4596 qui
3095 4528 3235 4582 inter
3264 4526 3349 4580 illa
3373 4540 3539 4595 opera
3564 4540 3775 4581 enume-

522 4654 630 4708 illic
658 4650 801 4706 unde
822 4649 1043 4705 veniunt
1071 4652 1414 4712 acceperunt,
1445 4643 1495 4694 in
1518 4639 1834 4693 catholicam
1860 4649 2101 4692 commu-

524 4745 736 4797 nionem
759 4756 879 4796 cum
912 4740 1002 4793 illo
1031 4738 1403 4799 admittuntur,
1434 4732 1500 4785 ab
1520 4745 1705 4785 errore
1730 4744 1827 4782 suo
1852 4727 2105 4791 correcti;

524 4815 582 4887 in
607 4832 869 4889 charitate
898 4829 1124 4883 radicati
1149 4836 1308 4895 atque
1330 4822 1552 4886 fundati;
1578 4829 1636 4873 ut
1657 4818 1794 4887 quod
1823 4818 2009 4871 attinet
2037 4814 2102 4869 ad

526 4922 776 4992 baptismi
807 4927 1222 4981 sacramentum,
1278 4930 1380 4969 non
1424 4913 1564 4966 adsit
1600 4911 1740 4979 quod
1776 4909 1978 4972 deerat,
2011 4907 2103 4960 διιά

529 5013 698 5081 prosit
718 5010 856 5080 quod
887 5009 1079 5063 inerat.
1114 5007 1179 5061 Et
1201 5007 1388 5061 beatus
1414 5004 1629 5072 quidem
1660 4999 1960 5070 Cyprianus
1983 4997 2058 5050 ait
2087 5012 2100 5049 :

527 5103 766 5171 Corpore
796 5098 936 5167 quod
960 5097 1325 5165 corrumpitur
1352 5109 1457 5148 non
1484 5100 1805 5162 aggravante
1836 5090 2066 5142 animam
2089 5128 2102 5151 ,

527 5203 583 5250 et
610 5192 943 5263 deprimente
990 5198 1201 5242 terrena
1251 5186 1635 5241 iubabitatione
1681 5196 1893 5237 sensum
1944 5179 2108 5233 multa

530 5286 874 5355 cogitantem,
894 5295 1118 5335 serenus
1141 5278 1393 5348 perspicit
1422 5276 1722 5338 veritatem,
1738 5289 1894 5344 quam
1919 5272 2112 5327 meruit

529 5378 752 5448 adipisci
776 5392 870 5447 per
890 5375 1203 5430 charitatem
1229 5371 1317 5443 [Et
1341 5372 1529 5423 beatus
1542 5368 1837 5437 Cyprianus
1854 5365 2067 5435 quidem
2092 5378 2106 5416 :

530 5465 647 5522 1am
671 5481 899 5535 corpore
925 5464 1065 5535 quod
1094 5462 1455 5529 corrumpitur
1495 5474 1599 5511 non
1644 5458 1964 5527 aggravante
1996 5454 2107 5507 ani-

533 5574 705 5626 mam,
737 5572 837 5612 nec
865 5556 1198 5625 deprimente
1237 5560 1447 5607 terrena
1480 5549 1863 5603 inltabitatioue
1894 5558 2107 5599 sensum

532 5649 699 5703 multa
723 5648 1066 5717 cogitantem,
1084 5644 1325 5700 serenius
1348 5642 1604 5711 perspicit
1624 5638 1925 5698 veritatem,
1950 5648 2108 5703 quam

610 5769 634 5795 ι
685 5759 813 5813 Vide
839 5760 1187 5831 Cyprianum,
1219 5759 1313 5814 lib.
1346 5757 1411 5813 de
1444 5754 1710 5811 ldolorum
1742 5751 2006 5807 Vanit'atc.

2205 4628 2307 4683 rati
2336 4636 2481 4690 sunt,
2525 4624 2663 4693 quod
2717 4622 2840 4692 quia
2886 4618 3190 4675 recedendo
3236 4632 3341 4673 non
3389 4617 3705 4681 amiserunt,
3731 4622 3778 4669 et

2206 4719 2417 4774 tradere
2449 4714 2711 4770 manendo
2742 4720 3056 4783 potuerunt;
3085 4711 3178 4766 sed
3213 4720 3316 4764 tam
3341 4708 3673 4763 infructuose
3701 4716 3776 4760 at-

2206 4826 2308 4881 que
2339 4808 2597 4863 inutiliter
2626 4809 2756 4859 tales
2787 4804 3003 4867 talibus,
3028 4816 3187 4868 quam
3213 4811 3265 4855 et
3291 4800 3367 4854 illi
3394 4801 3581 4855 cmteri
3612 4810 3777 4868 patres

2206 4920 2414 4972 eorunt,
2444 4905 2497 4957 in
2524 4916 2590 4957 eo
2627 4899 2768 4969 quod
2792 4912 3013 4966 regnum
3051 4895 3141 4950 Dei
3172 4911 3277 4949 non
3316 4894 3663 4963 possidebunt
3686 4911 3703 4958 ,-
3728 4898 3778 4945 et

2210 4991 2659 5066 quemadmodum
2692 4989 2795 5042 illis
2834 4986 3091 5041 correctis
3139 4985 3397 5052 baptisma
3444 4999 3553 5038 non
3605 4981 3779 5049 incipit

2210 5087 2397 5141 adesse
2426 5082 2566 5153 quod
2598 5082 2812 5145 deerat,
2843 5079 2934 5133 sed
2965 5077 3217 5146 prodesse
3242 5076 3383 5145 quod
3410 5076 3606 5142 inerat,
3630 5076 3705 5129 sic
3729 5083 3776 5127 et

2212 5173 2497 5232 hmreticis.
2523 5174 2677 5229 Unde
2702 5170 3020 5242 Cyprianus,
3053 5178 3107 5223 et
3132 5169 3223 5237 qui
3250 5182 3370 5223 cum
3393 5182 3460 5222 eo
3482 5174 3771 5226 senserunt,

2213 5268 2494 5325 catholica:
2536 5262 2790 5320 Ecclesia:
2818 5278 2976 5332 quam
3014 5262 3301 5315 noluerunt
3336 5260 3643 5328 prmcidere,
3677 5260 3771 5310 nun

2218 5367 2507 5430 potuerunt
2550 5354 2921 5425 prmscrsbere.
2964 5353 3117 5420 Quod
3152 5368 3279 5405 vero
3318 5352 3473 5405 aliter
3500 5340 3771 5422 sapuerunt

2211 5464 2315 5503 non
2348 5446 2771 5515 expavescimus,
2816 5443 2937 5511 quia
2979 5457 3099 5495 cutn
3133 5442 3214 5496 eis
3255 5455 3576 5495 veneramur
3600 5450 3652 5494 et
3677 5437 3773 5492 Pc-

2215 5556 2351 5595 trunt
2374 5556 2386 5592 :
2422 5538 2559 5606 quod
2582 5546 2756 5592 autem
2784 5537 2850 5590 ab
2872 5534 3072 5589 unitate
3095 5549 3200 5587 non
3225 5541 3563 5587 recesserunt
3591 5528 3776 5602 gaude-

2214 5645 2353 5687 mus.
2388 5628 2507 5697 quia
2538 5642 2657 5682 cum
2689 5626 2767 5680 eis
2797 5623 3125 5679 :edificamur
3154 5623 3205 5677 in
3238 5621 3415 5676 Petra.
