4016 6184
324 351 438 407 sss
1164 420 1177 435 κ

827 458 1052 517 CAPUT
1088 453 1410 514 CCXXVIII.

320 552 466 618 Qut:
489 552 590 607 sint
625 549 841 604 tenebrre
880 549 1188 610 exteriores;
1231 565 1292 602 ex
1323 547 1450 600 libro
1477 546 1539 600 de
1566 544 1744 599 Gratia
1775 542 1911 597 Neri

745 619 1049 674 Testamenti
1079 621 1146 671 ad
1172 618 1516 672 Honoratum.

394 730 615 788 Timore
636 731 813 803 itaque
834 743 981 787 casto
1007 733 1337 802 permanenti
1360 734 1414 787 in
1428 732 1681 788 saeculum
1700 729 1907 795 smculi,

318 824 513 877 timeat
539 824 705 878 Deum
737 838 896 879 omne
921 838 1104 878 semen
1133 823 1319 879 Israel.
1351 824 1602 879 Timeant
1640 837 1798 889 quem
1830 822 1909 876 di-

319 912 524 981 ligunt,
555 928 660 967 non
688 912 793 966 alta
824 912 1101 981 sapicndo,
1132 913 1228 967 sed
1260 911 1546 966 humilibus
1570 912 1910 966 consentien-

318 1003 415 1068 do,
452 1018 573 1057 cum
604 1004 796 1058 timore
840 1012 893 1057 et
941 1012 1174 1057 tremore
1210 1018 1359 1057 suam
1403 1005 1638 1072 ipsorum
1680 1002 1903 1055 salutem

322 1104 621 1162 operentur
652 1090 964 1165 [operando]
989 1114 999 1145 :
1027 1092 1165 1147 Deus
1188 1105 1270 1148 est
1298 1094 1436 1146 enim
1464 1093 1551 1161 qui
1580 1099 1831 1159 cperatur
1852 1090 1904 1144 in

322 1186 406 1238 eis
438 1193 492 1239 et
522 1185 661 1239 velle
681 1195 735 1239 et
761 1185 968 1253 operari
1017 1198 1109 1253 per
1154 1185 1344 1238 bonam
1389 1183 1736 1237 voluntatem.
1782 1181 1907 1236 llaec

319 1283 406 1331 est
433 1275 643 1343 justitia
671 1276 781 1339 Dei,
816 1274 916 1330 hoc
936 1281 1019 1328 est
1044 1272 1185 1343 quod
1210 1274 1349 1329 Deus
1370 1272 1532 1327 donat
1558 1272 1761 1328 homini
1787 1287 1907 1326 cum

315 1368 583 1435 justificat
618 1364 873 1435 impium;
920 1365 1059 1421 hanc
1085 1365 1176 1420 Dei
1199 1364 1457 1435 justitiam
1488 1366 1793 1433 ignorantes
1820 1377 1909 1417 su-

316 1459 477 1527 perbi
509 1457 698 1523 Judaei,
729 1466 783 1512 et
828 1472 977 1512 suam
1030 1457 1271 1512 volentes
1310 1457 1658 1520 constituere,
1684 1456 1907 1524 justitia:

318 1546 421 1599 Dl'i
456 1561 563 1599 non
607 1556 731 1600 sunt
770 1546 1016 1615 subjecti.
1069 1545 1178 1600 Hac
1220 1545 1466 1615 superbia
1497 1545 1821 1612 dejieiuntur
1851 1553 1909 1599 ut

316 1634 545 1689 humilis
575 1635 841 1689 inseratur
868 1636 1128 1699 oleaster,
1162 1644 1215 1689 et
1250 1633 1325 1689 illi
1371 1634 1519 1689 ibunt
1562 1634 1616 1687 in
1661 1634 1906 1689 tenebras

320 1728 654 1795 exteriores,
702 1727 767 1782 de
793 1728 987 1798 quibus
1022 1728 1160 1782 inter
1185 1728 1286 1780 alia
1318 1725 1610 1796 requisisti,
1642 1726 1904 1780 venienti-

1468 342 1893 401 TIIESAURUS.
1939 340 2090 397 CAP.
2132 344 2456 402 CCXXVII].

1936 454 2161 519 Aram;
2222 456 2344 510 hinc
2390 456 2530 510 enim
2580 465 2634 511 et
2688 455 3030 527 Evangelium
3099 460 3265 516 dicit:
3323 464 3584 529 Quoniam

3488 359 3592 413 890

2012 542 2299 599 abundavit
2340 545 2610 616 iniquitas,
2651 546 2958 618 refrigescet
3000 550 3232 607 charitas
3275 554 3591 610 multorum.

2012 637 2081 691 At
2102 652 2229 691 vero
2256 638 2417 695 ﬂante
2437 649 2620 696 austro
2644 640 2844 712 glacies
2876 645 3181 712 resolvitur,
3222 656 3279 703 et
3317 659 3587 707 torrentes

2012 729 2209 795 ﬂuunt;
2239 731 2293 787 id
2318 742 2424 801 est,
2455 737 2687 804 peccatis
2714 738 2974 805 remissis,
3018 741 3197 811 pepuli
3219 742 3285 796 ad
3310 742 3585 797 Christum

2009 821 2271 878 eharitate
2320 835 2678 893 concurrunt;
2728 828 2853 885 hinc
2899 836 2953 884 et
2977 831 3103 884 alibi
3151 832 3407 901 scriptum
3458 841 3586 889 est:

2010 912 2157 966 Sicut
2187 912 2386 983 glacies
2417 915 2467 969 in
2498 930 2720 986 sereno,
2770 920 2840 973 ita
2890 921 3163 976 solventur
3209 932 3428 989 peccata
3469 933 3582 979 tua.

2011 1000 2241 1057 Proinde
2269 1004 2546 1060 rationalis
2575 1015 2819 1061 creatura
2857 1009 2969 1063 sive
3006 1010 3058 1063 in
3094 1011 3335 1079 angelico
3373 1012 3582 1080 spiritu,

2010 1093 2125 1148 sive
2148 1095 2199 1148 in
2237 1096 2412 1149 anima
2446 1095 2676 1151 humana
2707 1097 2777 1152 ita
2817 1098 2954 1153 facta
2982 1109 3062 1154 est
3084 1145 3097 1163 ,
3130 1110 3191 1154 ut
3216 1100 3317 1157 sibi
3342 1102 3452 1170 ipsa
3486 1102 3584 1156 bo-

2010 1200 2134 1240 num
2162 1201 2271 1256 quo
2308 1187 2461 1242 beata
2493 1189 2582 1244 ﬁat
2608 1204 2730 1246 esse
2760 1205 2865 1245 non
2899 1191 3106 1260 possit;
3139 1192 3231 1245 sed
3263 1192 3586 1247 mutabilitas

2009 1273 2126 1343 ejus
2152 1275 2196 1330 si
2238 1287 2579 1333 convertatur
2621 1280 2690 1333 ad
2741 1280 3174 1335 incommutabile
3222 1282 3441 1345 bonum,
3495 1281 3588 1335 ﬂat

2008 1364 2160 1420 beata
2188 1382 2201 1419 :
2227 1367 2366 1422 unde
2395 1368 2438 1422 si
2468 1381 2739 1425 avertatur
2766 1370 2957 1425 misera
2990 1379 3091 1425 est.
3116 1371 3343 1425 Aversio
3378 1370 3494 1439 ejus
3516 1372 3590 1424 vi-

2009 1454 2140 1508 tium
2155 1456 2292 1525 ejus,
2312 1466 2365 1512 et
2384 1459 2792 1533 eonversioejus
2804 1462 2976 1515 virtus
2992 1463 3107 1528 ejus
3124 1469 3222 1516 est.
3239 1460 3439 1515 Natura
3460 1474 3591 1531 ergo

2009 1560 2114 1599 non
2144 1556 2224 1601 est
2252 1548 2412 1615 mala,
2444 1549 2567 1617 quia
2597 1561 2839 1605 creatura
2867 1552 3087 1620 spiritus
3122 1549 3249 1621 [est]
3273 1552 3397 1604 vitae
3428 1552 3590 1604 ratio-

2010 1635 2167 1700 nalis,
2190 1637 2351 1691 etiam
2376 1640 2576 1706 privata
2606 1640 2767 1705 bono,
2794 1640 2947 1709 cujus
2985 1642 3390 1710 participatione
3418 1641 3589 1695 beati-

2010 1724 2217 1791 ﬁcatur,
2246 1727 2296 1781 id
2328 1736 2430 1794 est,
2462 1730 2621 1784 etiam
2652 1731 2836 1786 vitiosa
2867 1731 3058 1786 melior
3081 1741 3163 1785 est
3191 1745 3418 1800 corpore
3445 1731 3589 1801 quod

318 1817 425 1872 bus
456 1818 525 1872 ab
552 1816 758 1873 oriente
803 1827 858 1873 et
903 1817 1180 1873 occidente
1219 1816 1421 1883 multis,
1463 1817 1553 1886 qui
1594 1818 1906 1874 recumbent
1938 1807 1987 1869 B
2014 1831 2280 1872 summum
2308 1828 2389 1873 est
2418 1821 2471 1873 in
2503 1822 2835 1890 c0rporibus,
2863 1822 2914 1875 id
2940 1830 3039 1884 est,
3065 1821 3167 1877 hac
3194 1822 3315 1877 luce
3335 1837 3454 1889 qua:
3475 1837 3589 1876 sen-

313 1921 444 1960 cum
469 1906 774 1975 Abraham,
808 1907 954 1963 Isaac
996 1916 1051 1962 et
1094 1906 1261 1961 Jacob
1308 1906 1361 1960 in
1392 1920 1557 1975 regno
1598 1907 1899 1961 caelorum:

315 2007 447 2050 sunt
476 1998 619 2051 enim
651 1998 810 2053 modo
837 1998 889 2052 in
918 1997 1119 2051 exteris
1156 1997 1415 2061 tenebris,
1469 1995 1611 2050 unde
1637 1997 1902 2051 correctio

314 2088 659 2153 desperanda
688 2103 792 2142 non
824 2096 926 2155 est,
951 2102 1109 2157 quam
1138 2087 1184 2141 si
1210 2087 1632 2156 contempserint
1662 2087 1814 2141 ibunt
1846 2088 1899 2141 in

315 2177 571 2231 tenebras
600 2177 919 2241 exteriores,
951 2178 1041 2231 ubi
1073 2176 1424 2232 correctionis
1446 2177 1594 2230 locus
1627 2192 1730 2231 non
1754 2178 1858 2231 erit
1884 2194 1897 2241 ;

315 2268 576 2335 quoniam
607 2267 747 2322 Deus
776 2267 868 2321 lux
908 2275 1012 2333 est,
1049 2278 1101 2324 et
1146 2268 1383 2323 tenebrae
1420 2268 1473 2321 in
1516 2282 1583 2324 eo
1627 2283 1730 2322 non
1780 2279 1903 2323 sunt

322 2360 473 2423 ulla}.
499 2359 594 2414 sed
622 2360 709 2413 lux
740 2360 938 2426 cordis,
984 2376 1090 2415 non
1134 2359 1357 2415 istorum
1381 2359 1472 2431 qui
1502 2362 1557 2415 in
1589 2375 1749 2415 carne
1776 2371 1902 2414 sunt

321 2451 630 2518 «culorum,
665 2466 763 2506 nec
791 2451 1008 2507 omnino
1036 2451 1155 2507 talis
1183 2452 1355 2521 qualis
1385 2450 1542 2522 hujus
1572 2454 1797 2508 visibilis
1821 2454 1901 2507 lu-

317 2541 402 2596 cis
430 2539 710 2611 phantasia
738 2541 1023 2611 cogitatur,
1062 2556 1362 2612 quanquam
1392 2554 1448 2599 et
1474 2543 1549 2599 ibi
1580 2552 1662 2599 est
1691 2542 1895 2611 videre,

316 2631 417 2685 sed
445 2636 603 2701 longe
641 2632 828 2699 aliter,
858 2631 1015 2702 longe
1043 2631 1393 2687 dissimiliter.
1426 2633 1609 2700 Qualis
1636 2634 1780 2688 enim
1809 2635 1897 2688 lux

316 2729 409 2776 est
427 2722 538 2791 ipsa
561 2721 812 2787 charitas,
837 2722 956 2791 quis
977 2722 1154 2777 verbis
1174 2722 1441 2792 explicet}?
1461 2723 1580 2792 quis
1602 2738 1786 2779 earum
1813 2738 1897 2779 re-

316 2825 441 2865 rum
466 2826 585 2881 qua
603 2812 848 2867 sensibus
869 2814 1110 2882 corporis
1132 2813 1396 2883 adjacent,
1424 2815 1533 2869 ullo
1560 2816 1899 2871 demonstret

314 2903 609 2972 exemplo?
640 2906 719 2960 An
749 2905 998 2960 lorte‘lux
1028 2905 1262 2961 charitas
1290 2923 1396 2962 non
1425 2909 1541 2963 est?
1582 2908 1718 2963 Audi
1761 2924 1894 2978 apo-

315 2994 515 3049 stolum
543 2979 827 3060 Joannem,
861 2995 976 3064 ipse
1000 2997 1195 3066 quippe
1221 2996 1354 3052 dixit
1375 2998 1515 3066 quod
1559 2999 1718 3052 modo
1747 3013 1897 3053 com-

314 3085 631 3151 memoravi,
672 3085 921 3155 quoniam
961 3086 1101 3141 Deus
1146 3087 1234 3141 lux
1257 3097 1369 3155 est,
1401 3097 1454 3143 et
1486 3091 1719 3144 tenebrae
1749 3090 1801 3145 in
1830 3105 1898 3145 eo

2007 1906 2135 1960 titur
2162 1908 2334 1961 oculis
2361 1908 2561 1973 carnis,
2593 1909 2715 1976 quia
2743 1917 2797 1962 et
2826 1910 2939 1978 ipsa
2964 1924 3160 1977 corpus
3189 1919 3291 1965 est.
3319 1911 3475 1965 Omni
3498 1925 3588 1963 au-

2005 2001 2110 2048 tem
2141 2009 2365 2064 corpore
2391 1996 2644 2065 quaslibet
2670 1997 2986 2065 incorporea
3009 2006 3199 2052 natura
3228 2000 3585 2067 praestantior,

2004 2097 2110 2136 non
2143 2085 2285 2137 mole
2306 2085 2451 2154 (quia
2481 2100 2590 2139 non
2612 2086 2715 2140 nisi
2740 2100 3028 2155 corporum
3059 2098 3143 2143 est
3174 2086 3388 2157 moles),
3420 2090 3514 2143 sed
3535 2089 3588 2143 vi

2003 2173 2231 2241 quadam
2260 2191 2361 2245 qua
2389 2178 2794 2249 supergreditur
2821 2193 3036 2235 omnem
3069 2180 3400 2249 phantasiam
3430 2196 3588 2250 quam

2004 2264 2209 2320 volutat
2252 2266 2460 2320 animus
2492 2267 2737 2320 haustam
2784 2267 2855 2322 de
2903 2267 3149 2322 sensibus
3177 2268 3440 2337 corporis.
3482 2267 3589 2325 Sed

2002 2353 2451 2421 quemadmodum
2485 2355 2537 2409 in
2569 2355 2700 2424 ipsis
2728 2357 3064 2425 corporibus,
3102 2370 3165 2410 ea
3188 2371 3308 2424 qua:
3332 2356 3586 2411 inferiora

2000 2451 2145 2509 sunt,
2192 2444 2332 2498 sicut
2362 2453 2499 2499 terra
2543 2455 2597 2499 et
2637 2461 2795 2514 aqua,
2828 2456 2880 2500 et
2911 2447 3026 2514 ipse
3052 2461 3168 2511 aer,
3194 2447 3415 2500 meliora
3447 2446 3583 2501 ﬁunt

2002 2534 2407 2603 participatione
2436 2536 2695 2600 melioris,
2738 2537 2789 2591 id
2834 2545 2937 2600 est,
2970 2551 3091 2589 cum
3125 2537 3245 2590 luce
3277 2536 3582 2590 illuminan—

2003 2635 2088 2679 tur
2116 2635 2170 2680 et
2201 2626 2408 2681 fervore
2450 2634 2783 2695 vegetamur,
2834 2626 2912 2679 sie
2951 2625 3285 2694 incorporea:
3323 2636 3586 2680 creaturae

2002 2718 2289 2772 rationales
2334 2718 2504 2785 ipsius
2533 2717 2805 2772 Creatoris
2837 2717 2969 2770 ﬁunt
3010 2715 3419 2785 participatione
3467 2731 3586 2771 me-

2004 2810 2188 2874 liores,
2232 2823 2352 2862 cum
2396 2810 2443 2862 ei
2493 2824 2524 2863 c
2564 2810 2767 2862 haereat
2814 2810 3100 2877 purissima
3148 2819 3203 2863 et
3249 2807 3584 2861 sanctissima

2002 2899 2431 2967 charitate,‘qua
2463 2899 2771 2952 omnimodo
2799 2899 2843 2952 si
2873 2899 3164 2966 caruerint,
3208 2897 3585 2952 tenebresceut

2001 2999 2057 3042 et
2078 2988 2433 3043 obdurescent
2467 2988 2886 3056 quodaminodo.
2933 2988 3166 3043 Proinde
3206 2988 3453 3043 inﬁdeles
3492 2988 3586 3040 lto-

2002 3077 2173 3131 mines
2202 3078 2437 3132 tenebrae
2464 3087 2606 3143 sunt,
2629 3078 2719 3146 qui
2743 3093 2836 3147 per
2859 3077 3015 3132 ﬁdem
3037 3080 3283 3132 conversi
3306 3083 3370 3132 ad
3395 3079 3583 3143 Deum,

314 3191 427 3231 non
456 3186 582 3231 sunt
608 3177 760 3239 ulla;
792 3177 880 3247 qui
904 3192 1089 3232 rursus
1115 3179 1275 3247 dicit,
1327 3179 1469 3234 Deus
1513 3181 1746 3237 charitas
1791 3194 1893 3239 est.

2003 3166 2227 3236 quadam
2265 3166 2540 3235 praemissa
2586 3168 2974 3221 illuminatione
3025 3168 3115 3219 lux
3172 3168 3339 3220 ﬁunt:
3395 3166 3447 3219 in
3480 3181 3585 3235 qua

316 3266 397 3321 Ac
423 3282 518 3337 per
547 3268 649 3323 hoc
677 3268 720 3323 si
746 3267 887 3324 Deus
916 3268 1005 3322 lux
1030 3278 1130 3336 est,
1156 3277 1211 3325 et
1236 3269 1375 3325 Deus
1401 3270 1636 3328 charitas
1652 3282 1754 3339 est,
1776 3290 1899 3344 pro-

316 3357 456 3413 fecto
482 3358 716 3414 charitas
741 3359 831 3413 lux
861 3358 975 3428 ipsa
999 3366 1109 3424 est,
1145 3375 1265 3430 quae
1294 3348 1610 3417 diﬂ'unditur
1641 3364 1692 3418 in
1722 3366 1894 3421 cordi-

315 3446 415 3502 bus
445 3448 643 3502 nostris
685 3462 780 3516 per
811 3447 1067 3516 Spiritum
1118 3458 1361 3505 sanctum
1394 3452 1481 3520 qui
1501 3452 1658 3507 datus
1686 3465 1769 3510 est
1800 3472 1892 3509 no-

315 3537 419 3598 bis,
448 3536 580 3591 llem
609 3536 772 3592 dicit:
806 3538 908 3604 Qui
952 3539 1065 3593 odit
1105 3538 1323 3594 fratrem
1366 3554 1522 3595 suum
1571 3544 1623 3598 in
1664 3545 1897 3602 tenebris

314 3637 397 3681 est
426 3643 596 3697 usque
625 3628 820 3684 adhuc.
844 3629 965 3684 ista:
993 3640 1122 3685 sunt
1151 3631 1384 3686 tenebrat
1414 3633 1464 3688 in
1495 3650 1626 3704 quas
1655 3636 1896 3693 diabolus

314 3726 371 3770 et
419 3716 595 3786 angeli
631 3716 748 3787 ejus
780 3718 1003 3772 multum
1036 3720 1396 3788 superbiendo
1439 3726 1708 3792 progressi
1736 3737 1893 3793 sunt;

316 3807 554 3859 charitas
577 3808 716 3861 enim
740 3822 845 3862 non
873 3809 1174 3876 aemulatur,
1219 3825 1326 3865 non
1349 3812 1597 3879 inﬂatur;
1641 3816 1762 3870 ideo
1791 3834 1895 3871 non

317 3898 620 3962 aemulatur,
652 3899 773 3967 quia
806 3914 910 3952 non
938 3898 1175 3953 inﬂatur.
1219 3900 1319 3956 Ubi
1349 3902 1492 3956 enim
1524 3905 1779 3972 praecedit
1812 3906 1895 3959 in-

322 3985 489 4053 ﬂatio,
524 3992 777 4042 continuo
801 3989 1041 4056 sequitur
1068 3991 1361 4058 aemulatio,
1406 3995 1509 4063 22
1533 3994 1780 4062 quoniam
1809 4011 1898 4050 su-

318 4078 503 4144 perbia
554 4087 725 4132 mater
764 4086 848 4132 est
877 4078 1202 4133 invidentiat.
1236 4080 1492 4135 Diabolus
1520 4082 1679 4152 igitur
1722 4094 1774 4139 et
1803 4101 1896 4140 an-

316 4167 421 4237 geli
465 4164 605 4234 ejus,
649 4181 676 4217 a
711 4167 829 4221 luce
874 4175 1033 4235 atque
1074 4168 1282 4225 fervore
1311 4170 1585 4226 cltaritatis
1616 4176 1812 4243 aversi,
1847 4185 1899 4229 et

319 4255 477 4307 nimis
500 4255 554 4307 in
580 4256 883 4323 superbiam
912 4255 1273 4325 invidiamque
1301 4262 1591 4329 progressi,
1623 4263 1766 4317 velut
1786 4265 1898 4334 gla-

317 4343 443 4397 ciali
472 4343 667 4397 duritia
697 4354 1031 4414 torpuerunt,
1050 4356 1104 4400 et
1124 4348 1245 4402 ideo
1274 4364 1367 4418 per
1391 4349 1613 4420 ﬁguram
1646 4362 1896 4424 tanquam

320 4432 374 4485 in
400 4432 653 4501 aquilone
680 4446 969 4502 ponuntur.
1001 4434 1153 4491 Unde
1181 4453 1302 4491 cum
1326 4441 1507 4509 generi
1532 4441 1764 4496 humano
1785 4444 1895 4498 dia.

2001 3255 2329 3321 proﬁciendo
2349 3256 2395 3309 si
2428 3271 2495 3311 ex
2525 3256 2631 3315 ﬁde
2657 3258 2721 3311 ad
2752 3257 2987 3323 speciem
3020 3257 3391 3325 pervenerint,
3440 3265 3500 3310 ut
3529 3257 3582 3310 id

1997 3345 2137 3415 quod
2164 3345 2392 3401 credunt
2415 3348 2578 3401 etiam
2607 3349 2922 3417 prospicere
2939 3388 2952 3410 ,
2982 3347 3125 3403 sicut
3153 3356 3356 3402 tantum
3382 3348 3584 3402 bonum

1998 3445 2172 3506 potest
2198 3439 2458 3508 conspici,
2490 3448 2820 3503 mereantur,
2845 3441 3133 3508 perfectam
3160 3440 3419 3506 recipient
3451 3438 3587 3493 ima-

1995 3530 2172 3598 ginem
2211 3529 2302 3584 Dei
2326 3547 2340 3595 ;
2374 3529 2566 3585 talibus
2590 3532 2735 3586 enim
2760 3530 3195 3599 dicitApostoius
3221 3546 3234 3582 :
3272 3530 3467 3584 Fuistis
3489 3529 3588 3583 ali-

1998 3620 2213 3689 quando
2245 3621 2508 3686 tenebrte,
2545 3636 2689 3678 nunc
2718 3633 2895 3677 autem
2934 3621 3022 3675 lux
3065 3622 3115 3675 in
3146 3621 3393 3674 Domino.
3421 3620 3588 3674 l’orro

2000 3712 2247 3766 diabolus
2273 3721 2330 3765 et
2359 3712 2533 3781 angeli
2572 3713 2689 3781 ejus
2720 3712 2958 3767 tenebrat
2987 3722 3112 3765 sunt
3142 3712 3447 3766 inﬁdelibus
3490 3712 3588 3765 lto-

2000 3801 2229 3855 minibns
2246 3803 2571 3865 exteriores;
2594 3804 2710 3869 plus
2732 3804 2873 3858 enim
2897 3802 2967 3855 ab
2997 3802 3083 3855 illa
3103 3802 3367 3856 cbaritate
3387 3802 3586 3868 aversi,

1996 3902 2051 3947 et
2084 3893 2137 3945 in
2170 3907 2324 3946 suum
2361 3893 2554 3947 factum
2585 3893 3108 3961 obstinationemque
3142 3895 3409 3961 progressi
3432 3905 3583 3959 sunt;

1997 3990 2052 4037 et
2072 3984 2319 4052 quoniam
2348 3993 2588 4037 extremo
2613 3984 2815 4051 judicio
2841 3983 3079 4038 dicturus
3108 3994 3192 4038 est
3220 3982 3465 4037 Christus
3495 3984 3574 4036 eis

1998 4087 2134 4139 quos
2163 4072 2229 4125 ad
2259 4074 2527 4127 sinistram
2570 4074 2861 4138 discernet,
2900 4074 2975 4127 ite
3003 4075 3052 4126 in
3093 4074 3268 4141 ignem
3302 4082 3583 4136 aeternum,

1999 4164 2087 4230 qui
2118 4174 2332 4230 paratus
2363 4173 2447 4218 est
2470 4165 2682 4219 diabolo
2708 4176 2761 4219 et
2789 4164 2995 4233 angelis
3026 4164 3142 4232 ejus
3168 4179 3183 4229 ;
3228 4163 3309 4215 bis
3340 4162 3585 4228 malignis

2001 4252 2278 4321 spiritibus
2318 4253 2722 4324 conjungendos
2767 4252 3033 4321 simulque
3082 4250 3414 4305 damnandos
3454 4249 3586 4303 dicit

2002 4346 2171 4398 ituros
2212 4345 2264 4398 in
2311 4345 2558 4399 tenebras
2598 4345 2917 4408 exteriores,
2948 4344 3001 4397 id
3052 4352 3138 4403 est
3182 4343 3233 4395 in
3268 4340 3579 4394 societatem

2005 4436 2267 4503 ptenalem
2294 4434 2491 4489 diaboli
2515 4444 2569 4489 et
2594 4435 2902 4504 angelorum
2926 4434 3077 4503 ejns;
3110 4434 3237 4488 huic
3261 4447 3433 4500 piens:
3452 4445 3585 4485 con-

320 4524 473 4579 bolus
503 4525 800 4594 incubaret,
832 4537 1057 4581 ventura
1098 4531 1270 4597 gratia
1303 4531 1593 4588 Salvatoris
1624 4534 1817 4590 dicitur
1844 4537 1895 4592 in

2007 4528 2225 4582 trarium
2255 4538 2336 4582 est
2364 4527 2505 4597 quod
2536 4528 2678 4583 bono
2706 4542 2863 4582 servo
2894 4527 3089 4581 dicitur
3120 4544 3135 4580 :
3185 4526 3321 4578 Intra
3365 4525 3417 4577 in
3456 4538 3588 4593 gau-

318 4614 542 4669 Cantico
561 4617 919 4670 canticorum:
948 4616 1210 4688 Exsurge,
1235 4620 1434 4688 aquilo,
1460 4623 1671 4686 ctveni,
1694 4632 1897 4694 auster,

319 4705 486 4774 perﬂa
518 4706 729 4760 hortum
758 4723 959 4773 meum,
988 4716 1042 4761 et
1070 4707 1235 4763 ﬂuent
1263 4722 1500 4764 aromata
1524 4729 1536 4775 ;
1563 4726 1790 4782 exsurge
1812 4715 1901 4785 qui

321 4796 500 4862 ruisti,
533 4798 621 4867 qui
648 4798 873 4853 subditis
900 4800 1183 4863 incumbis,
1218 4804 1304 4871 qui
1349 4818 1624 4872 possessas
1658 4808 1855 4874 premis
1884 4826 1898 4875 ;

319 4904 579 4959 exsurge,
600 4899 660 4943 ut
686 4906 713 4942 a
745 4902 834 4945 tuo
861 4893 1096 4959 pondere
1124 4894 1342 4949 relevati
1371 4897 1643 4965 erigantur
1672 4915 1898 4965 quorum

321 4982 531 5035 animas
560 4985 852 5049 premendo
876 4986 1132 5038 curvasti.
1169 4985 1231 5038 Et
1269 4987 1413 5049 veni,
1459 4998 1661 5054 auster,
1706 4990 1897 5060 inquit,

322 5070 571 5140 spiritum
600 5072 853 5127 invocans
876 5075 1078 5143 gratiae,
1113 5076 1325 5131 ﬂantem
1358 5079 1425 5132 de
1456 5080 1711 5145 meridie,
1757 5083 1903 5137 velut

323 5178 353 5215 a
385 5173 535 5231 parte
566 5161 771 5217 fervida
798 5176 851 5220 et
880 5165 1165 5229 luminosa,
1196 5177 1250 5222 et
1277 5169 1442 5222 ﬂuant
1468 5182 1726 5226 aromata.
1755 5172 1903 5229 Unde

324 5252 616 5320 Apostolus
645 5252 810 5307 dicit:
856 5253 1057 5309 Christi
1094 5256 1266 5311 bonus
1295 5257 1428 5312 odor
1452 5274 1635 5314 sumus
1669 5262 1718 5314 in
1757 5263 1903 5318 omni

325 5343 478 5410 loco;
513 5345 637 5397 hinc
677 5344 836 5399 etiam
883 5347 1077 5402 dicitur
1122 5350 1171 5403 in
1222 5352 1450 5418 quodam
1498 5356 1726 5419 psalmo:
1763 5357 1901 5409 Con-

328 5442 498 5499 verte,
531 5435 772 5503 Domine,
812 5437 1172 5504 captivitatem
1226 5450 1484 5506 nostram,
1530 5445 1666 5499 sicut
1691 5454 1903 5503 torrens

326 5526 382 5579 in
432 5534 648 5592 austro;
703 5526 1061 5595 captivitatem
1120 5530 1340 5596 scilicet,
1389 5549 1491 5600 qua
1540 5535 1639 5589 sub
1691 5537 1904 5594 diabolo

328 5628 579 5684 tanquam
632 5617 730 5672 sub
781 5618 1027 5687 aquilone
1084 5622 1421 5693 tenebantur,
1469 5626 1559 5680 ubi
1599 5628 1900 5685 abundante

327 5706 607 5777 iniquitate
659 5706 990 5777 friguerant,
1042 5722 1095 5766 et
1141 5711 1536 5783 quodammodo
1586 5720 1901 5787 congelare-

2005 4619 2148 4671 dium
2174 4618 2383 4673 Domini
2416 4619 2520 4682 tui;
2561 4628 2613 4672 ut
2645 4629 2844 4687 quanto
2878 4628 2999 4672 sunt
3027 4617 3141 4670 istae
3173 4616 3408 4669 tenebras
3436 4624 3588 4667 exte—

2006 4710 2198 4773 riores,
2231 4716 2376 4761 tanto
2410 4708 2478 4762 sit
2509 4708 2688 4762 lumen
2736 4706 2864 4760 illud
2910 4705 3151 4760 interius.
3199 4704 3316 4757 Non
3350 4704 3463 4757 hac
3494 4718 3591 4771 per

2006 4800 2244 4853 locorum
2270 4798 2543 4852 intervalla
2564 4798 2707 4851 inani
2733 4798 3104 4866 phantasmate
3129 4796 3413 4865 cogitanda
3439 4805 3589 4856 sunt.

2005 4894 2188 4948 loc:i|ia
2222 4894 2389 4961 spatia
2419 4909 2522 4946 non
2545 4902 2807 4960 occupant
2836 4893 2938 4945 nisi
2969 4906 3254 4960 corporum
3302 4888 3587 4961 [corporis]

2011 4985 2201 5039 moles.
2235 4984 2347 5038 Non
2378 4995 2460 5039 est
2496 4984 2596 5039 hoc
2626 4984 2844 5052 spiritus
2868 4984 3009 5049 vitm,
3033 5000 3138 5036 non
3167 4992 3249 5037 est
3280 4985 3380 5036 hoc
3408 4983 3588 5035 anima

2012 5078 2315 5142 rationalis,
2351 5077 2517 5130 multo
2548 5077 2724 5129 tninns
2752 5076 2891 5129 Deus
2917 5076 3153 5129 omnium
3180 5073 3589 5142 benignissimus

2009 5168 2253 5221 conditor
2292 5179 2347 5223 et
2384 5167 2711 5235 justissituus
2760 5169 3057 5221 ordinatur.
3120 5165 3491 5219 Voluntatibus
3531 5170 3589 5213 et

2010 5256 2285 5312 aﬁ‘ectibus
2316 5259 2412 5313 ista
2444 5258 2525 5313 vel
2558 5261 2939 5328 pr0pinquare,
2988 5259 3072 5311 vel
3117 5256 3273 5322 longe
3314 5252 3449 5317 ﬁeri,
3504 5250 3586 5303 vel

2014 5352 2233 5413 intrare,
2257 5352 2340 5406 vel
2372 5353 2522 5406 exire
2552 5351 2821 5405 dicuntur.
2853 5349 2956 5404 Sed
2991 5348 3111 5416 quia
3139 5345 3279 5400 malo
3310 5356 3497 5409 Opere,
3536 5342 3585 5393 id

2005 5452 2089 5497 est
2135 5443 2449 5508 tenebroso,
2505 5443 2836 5498 delectantur
2884 5440 3170 5501 facientes,
3210 5443 3462 5490 secutura
3503 5440 3588 5486 est

2005 5546 2179 5591 autem
2213 5552 2366 5606 paena
2399 5552 2517 5605 qua:
2548 5545 2825 5603 torqueat;
2859 5532 2980 5585 ideo
3008 5530 3266 5583 Dominus
3293 5527 3386 5581 ubi
3412 5525 3581 5579 dit-it:

2006 5627 2278 5683 Tenebras
2306 5629 2622 5691 exteriores,
2665 5625 2812 5679 addit
2859 5623 3051 5683 etiam,
3107 5621 3180 5675 Ibi
3215 5618 3316 5673 erit
3343 5618 3584 5687 ploratus

2005 5720 2205 5793 [ﬂetus]
2232 5729 2286 5774 et
2322 5720 2518 5774 stridor
2552 5714 2831 5781 dentium;
2879 5728 2946 5768 ne
2984 5713 3182 5768 talibus
3210 5708 3582 5767 oblectationi-
