4016 6184
484 320 581 375 801

1566 325 1629 381 D.
1672 322 1989 380 EUGYPPII
2029 322 2319 382 ABBATIS
2356 325 2674 385 AFRICANI

3636 347 3699 400 89
3707 350 3735 407 '2.

482 433 603 499 bus,
630 431 876 502 qualibus
900 431 986 487 hic
1016 432 1177 503 iniqui
1210 433 1574 502 perfruuntur,
1612 435 1829 502 quando
1862 434 2053 489 inﬁde-
2090 437 2140 496 Α
2164 433 2459 505 longitudo,
2489 446 2543 493 et
2569 439 2815 505 altitudo,
2846 448 2899 495 et
2928 443 3276 511 profundum,
3307 448 3447 504 scire
3469 452 3626 506 etiam
3649 471 3731 510 su-

481 524 631 578 litate
655 533 817 592 atque
842 524 1097 593 injustitia
1130 527 1529 592 tenebrescunt,
1552 527 1711 581 etiam
1738 528 1791 580 in
1821 527 1911 580 illo
1931 543 1990 581 su
2002 542 2057 595 β-

480 619 640 686 plicio
668 634 728 673 se
758 633 953 673 usuros
981 618 1259 675 dementer
1287 616 1614 674 existiment.
1642 620 1777 686 Quia
1804 621 1947 674 enim
1971 634 2059 673 vo-

482 706 653 761 lentes
684 707 881 777 injuste
919 716 1141 762 utuutur
1182 709 1356 773 bonis,
1400 708 1543 777 juste
1577 710 1822 765 nolentes
1847 712 2055 764 crucia-

483 807 677 852 huntur
694 800 880 863 malis;
900 799 1042 853 unde
1064 809 1287 867 possunt
1309 801 1468 855 etiam
1495 800 1729 855 tenebrae
1752 802 2056 855 exteriores

479 888 702 957 intelligi
730 904 903 957 pmnm
933 890 1264 958 corporales.
1294 890 1500 959 Corpus
1531 891 1726 960 quippe
1753 901 1836 946 est
1860 893 2053 945 anima:

476 979 739 1043 exterius,
772 991 828 1032 ut
854 981 961 1035 sint
990 981 1181 1034 animae
1204 982 1366 1047 mala,
1392 982 1584 1049 quibus
1618 997 1647 1035 a
1675 980 1948 1036 charitatis
1977 983 2055 1035 lu-

475 1068 619 1123 mine
641 1084 832 1124 aversa
854 1068 1071 1142 [mens],
1090 1072 1142 1126 in
1167 1074 1398 1141 peccatis
1422 1073 1739 1136 oblectatur,
1759 1075 2054 1128 exteriores

473 1159 739 1225 tenebrae;
758 1161 1003 1229 corporis
1018 1171 1192 1216 autem
1210 1163 1368 1227 mala,
1386 1162 1577 1231 quibus
1594 1165 1806 1218 mternis
1826 1166 1876 1219 in
1893 1165 2051 1218 ﬁnetn

476 1249 831 1319 torquebitur,
875 1251 1169 1306 exteriores
1211 1253 1470 1321 tenebrae,
1509 1268 1641 1323 quas
1679 1254 1821 1308 solas
1867 1254 2053 1308 timent

469 1338 560 1405 qui
588 1340 770 1393 servili
797 1339 973 1394 adhuc
1002 1341 1194 1397 timore
1222 1342 1550 1398 detinentur.
1587 1343 1719 1398 Nam
1743 1342 1791 1398 si
1816 1345 1895 1398 eis
1928 1344 2052 1399 liee-

467 1436 552 1481 rct
580 1428 631 1481 in
660 1428 762 1483 illis
791 1430 991 1504 exteris
1014 1445 1133 1498 qua:
1162 1443 1288 1487 sunt
1314 1433 1369 1486 in
1401 1434 1632 1502 peccatis
1670 1435 1886 1502 impune
1911 1450 2049 1489 sem-

470 1530 566 1582 per
598 1519 733 1573 volvi
764 1527 819 1574 et
855 1520 1082 1588 involvi,
1118 1522 1355 1590 proiecto
1381 1540 1648 1592 nunquam
1674 1524 1873 1579 vellent
1897 1538 2050 1578 acce-

473 1612 601 1665 dere
626 1609 692 1663 ad
726 1610 919 1679 Deum,
948 1621 1003 1667 et
1030 1613 1317 1668 illuminari
1340 1625 1394 1670 et
1423 1615 1687 1670 inhaerere
1707 1615 1780 1669 illi
1807 1630 1899 1684 per
1922 1615 2049 1668 cha-

465 1701 698 1765 ritatem,
731 1703 819 1756 ubi
851 1713 932 1758 est
966 1704 1126 1759 timor
1163 1717 1344 1761 castus
1390 1722 1712 1775 permanens
1766 1708 1817 1761 in
1875 1721 2045 1759 szecu-

2164 526 2584 593 peremincntcm
2629 529 2907 585 scientiam
2951 533 3226 588 cliaritatis
3258 537 3494 607 Christi,
3540 553 3596 596 ut
3643 545 3731 597 itu-

2162 616 2411 685 pleamini
2453 620 2505 673 in
2545 635 2760 675 omnem
2795 623 3176 691 plenitudinem
3214 629 3328 684 Dei.
3362 634 3593 688 Attende
3629 649 3737 689 om-

2162 709 2248 760 nia
2279 708 2581 778 diligenter.
2609 711 2777 781 llujus
2808 715 2883 768 rei
2915 717 3103 783 gratia,
3157 718 3348 787 inquit,
3380 722 3542 776 ﬂecto
3571 740 3736 794 genua

2160 813 2274 852 mea
2308 801 2376 853 ad
2408 801 2619 856 Patrem
2660 803 2869 858 Domini
2908 807 3074 860 nostri
3108 807 3228 863 Iesu
3259 809 3492 877 Christi,
3536 831 3604 867 ex
3636 831 3737 884 quo

2159 891 2335 945 omnis
2365 890 2470 962 23
2501 895 2786 959 paternitas
2819 896 2870 950 in
2902 899 3041 953 caelo
3067 910 3120 954 et
3153 901 3203 954 in
3237 910 3375 955 terra
3411 905 3736 962 nominatur.

2157 978 2364 1045 Quaaris
2389 982 2540 1050 cujus
2564 983 2639 1038 rei
2668 987 2869 1055 gratia?
2898 987 3011 1044 lloc
3050 1005 3209 1059 supra
3239 990 3483 1047 dixerat:
3516 994 3737 1064 Propter

2155 1072 2298 1140 quod
2330 1084 2451 1143 peto
2473 1092 2577 1131 non
2603 1078 2857 1135 inﬁrmari
2901 1083 2952 1136 in
2995 1083 3430 1142 tribulationibus
3461 1090 3596 1144 meis
3645 1107 3738 1160 pro

2155 1163 2337 1227 vobis;
2381 1166 2482 1219 hoc
2511 1182 2640 1236 ergo
2668 1169 2747 1223 eis
2780 1178 2928 1237 optat
2959 1181 3014 1226 ut
3043 1188 3149 1227 non
3192 1174 3532 1231 inﬁrmentur
3558 1178 3611 1232 in
3647 1180 3736 1233 tri-

2154 1251 2512 1310 bulationibus
2536 1260 2773 1324 Apostoli
2788 1278 2920 1332 quas
2933 1280 3027 1331 pro
3050 1265 3154 1318 illis
3177 1269 3497 1334 sustinebat,
3513 1281 3734 1341 etprop-

2155 1351 2237 1397 ter
2258 1346 2360 1399 hoc
2386 1364 2559 1418 genua
2592 1350 2844 1408 flectebat
2873 1356 2939 1409 ad
2974 1356 3224 1421 Patrem;
3258 1360 3484 1427 proinde
3519 1378 3625 1415 non
3655 1364 3731 1417 in-

2152 1434 2349 1490 ﬁrmari
2383 1440 2522 1494 unde
2554 1442 2658 1496 illis
2689 1441 2778 1508 sit,
2808 1446 3050 1515 sequitur
3078 1456 3132 1502 et
3157 1450 3288 1504 dicit
3316 1469 3328 1504 :
3360 1451 3431 1507 Ut
3459 1452 3550 1507 dct
3581 1456 3735 1511 vobis

2150 1527 2442 1581 secundum
2490 1529 2703 1585 divitias
2742 1533 2929 1600 gloria:
2968 1550 3100 1602 sum,
3149 1538 3347 1592 virtute
3390 1542 3736 1599 corroborari

2153 1631 2246 1682 per
2275 1616 2528 1685 Spiritum
2557 1620 2707 1688 t-jus;
2757 1622 2838 1676 ba:
2864 1614 2987 1677 sunt
3013 1625 3213 1680 divitiae
3239 1628 3307 1682 de
3336 1629 3530 1696 quibus
3558 1632 3731 1687 dicit:

2149 1706 2192 1760 Ο
2217 1707 2441 1762 altitudo
2484 1710 2827 1766 divitiarum!
2858 1714 3081 1771 Abditas
3119 1720 3261 1773 enim
3306 1720 3505 1775 habent
3543 1738 3733 1780 causas
3776 1788 3777 1791 η

465 1793 575 1844 lum
617 1793 828 1858 saeculi;
880 1795 971 1863 qui
1004 1796 1161 1849 timor
1191 1812 1296 1850 non
1324 1798 1546 1860 cruciat,
1589 1797 1683 1851 sed
1724 1797 2045 1850 tenacioretn
2081 1788 2124 1847 Β
2156 1797 2443 1863 ubi,nu|lis
2466 1802 2670 1857 meritis
2695 1805 3137 1873 praecedentibus,
3159 1812 3283 1879 quid
3312 1812 3571 1870 habemus
3587 1817 3731 1885 quod

464 1879 590 1934 facit
611 1881 844 1936 animam
870 1882 996 1937 boni
1026 1884 1188 1948 illius,
1215 1885 1355 1952 quod
1384 1885 1428 1937 si
1458 1884 1740 1950 dimiserit,
1766 1883 1937 1939 cadet.

988 1993 1213 2050 CAPUT
1252 1997 1534 2052 CCXXIX.

464 2078 597 2158 Qua:
621 2081 687 2132 sit
714 2081 952 2158 latitudo,
976 2094 1023 2158 et
1054 2085 1339 2155 longitudo,
1379 2098 1423 2140 et
1455 2088 1692 2148 altitudo,
1716 2099 1789 2158 _et
1834 2090 2048 2158 profun-

543 2150 666 2223 dum
693 2154 827 2217 quod
868 2156 939 2205 ait
971 2150 1282 2223 Apostolus;
1328 2150 1392 2211 ex
1422 2159 1568 2211 libro
1606 2159 1668 2210 de
1697 2150 1876 2212 Gratia
1910 2150 2045 2214 Novi

538 2217 869 2275 Testamenti.

532 2329 722 2385 Merito
744 2347 872 2402 ergo
901 2335 1124 2391 istorum
1147 2339 1234 2407 qui
1266 2350 1575 2397 saturantur
1595 2344 1773 2400 vivent
1803 2347 1966 2401 corda
1991 2348 2041 2401 in

460 2420 713 2473 sa‘culutn
747 2425 929 2477 steculi
958 2441 972 2478 :
1025 2427 1130 2480 vita
1159 2428 1300 2482 enim
1333 2431 1576 2487 Christus
1596 2446 1679 2489 est
1709 2438 1797 2504 qui
1841 2436 2040 2491 habitat

458 2509 511 2562 in
536 2511 786 2567 cordibus
803 2528 1012 2581 eorum,
1049 2518 1261 2573 interim
1287 2535 1381 2589 per
1414 2523 1594 2589 fidem,
1621 2538 1739 2593 post
1764 2528 1922 2580 etiam
1948 2542 2042 2595 per

456 2603 714 2669 speciem.
750 2603 943 2660 Vident
971 2609 1111 2661 enim
1146 2626 1284 2664 nunc
1325 2626 1420 2681 per
1460 2616 1732 2682 speculum
1782 2617 1833 2669 iii
1879 2617 2039 2684 aenig-

454 2703 620 2760 mate,
646 2704 769 2749 tunc
794 2708 969 2752 autem
999 2700 1133 2754 facie
1158 2702 1223 2754 ad
1256 2701 1461 2757 faciem.
1500 2704 1648 2759 Unde
1673 2706 1782 2774 ipsa
1809 2707 2041 2760 charitas

457 2788 666 2842 nuncin
694 2789 847 2844 bonis
867 2792 1117 2860 operibus
1136 2794 1439 2849 dilectionis
1456 2806 1755 2858 exercetur,
1775 2813 1874 2866 qua
1892 2812 1951 2852 se
1970 2798 2038 2851 ad

456 2882 878 2938 subveniendum
895 2902 1324 2955 quaquaversum
1349 2896 1545 2957 potest,
1568 2890 1816 2958 porrigit;
1841 2898 1895 2943 ct
1923 2888 2037 2945 hazc

454 2974 675 3028 latitudo
696 2985 806 3040 est;
846 2993 984 3032 nunc
1006 2980 1402 3047 longanimitate
1423 2981 1644 3035 adversa
1670 2983 1878 3044 tolerat,
1901 2992 1953 3036 et
1984 2985 2035 3035 in

449 3081 515 3121 eo
535 3068 674 3135 quod
706 3070 967 3124 veraciter
990 3074 1160 3125 tenuit
1184 3084 1511 3140 perseverat,
1540 3084 1593 3127 et
1616 3074 1729 3127 haec
1758 3074 2028 3143 longitudo

2156 1904 2259 1941 non
2290 1892 2631 1958 accepimus?
2656 1894 2854 1951 Deinde
2883 1900 3123 1967 sequitur
3148 1911 3201 1955 et
3222 1903 3347 1971 quid
3372 1916 3522 1973 optet
3541 1907 3729 1974 adjun-

2150 1978 2255 2048 git:
2302 1979 2355 2033 In
2379 1980 2657 2048 interiore,
2692 1986 2882 2055 inquit,
2914 1988 3129 2045 homine
3156 1991 3398 2049 habitare
3431 1996 3725 2064 Christum,

2150 2082 2245 2136 per
2275 2069 2432 2123 ﬁdem
2466 2072 2517 2125 in
2550 2075 2800 2130 cordibus
2828 2079 3015 2132 vestri~
3042 2098 3056 2144 ;
3098 2082 3211 2135 haec
3238 2093 3322 2137 est
3351 2087 3453 2139 vita
3483 2088 3725 2142 cordiqu

2146 2171 2249 2225 qua
2281 2160 2509 2214 vivimus
2540 2162 2591 2215 in
2620 2166 2873 2219 saeculum
2901 2169 3106 2234 smculi,
3138 2170 3207 2225 ab
3232 2172 3383 2227 initio
3412 2176 3535 2230 ﬁdei
3560 2194 3726 2247 usque

2145 2248 2211 2301 ad
2244 2248 2402 2305 ﬁnem
2433 2254 2663 2321 Specici:
2695 2266 2749 2310 ut
2775 2258 2827 2311 in
2859 2259 3139 2325 charitate,
3172 2263 3375 2333 inquit,
3418 2268 3647 2322 radicati
3675 2280 3725 2325 et

2148 2340 2374 2409 fundati,
2417 2346 2751 2411 prmvaleatis
2799 2352 3257 2421 comprehendere
3303 2374 3424 2412 cum
3476 2362 3724 2417 omnibus

2143 2432 2365 2486 sanctis.
2404 2433 2507 2487 lsta
2549 2446 2631 2489 est
2669 2442 2974 2496 communio
2999 2444 3274 2512 cujusdam
3308 2448 3502 2504 divina:
3532 2452 3722 2507 cmles—

2146 2524 2321 2592 lisque
2348 2525 2677 2594 reipublicae,
2710 2528 2831 2586 hinc
2852 2544 3159 2589 saturantur
3184 2540 3465 2605 pauperes,
3493 2557 3599 2595 non
3630 2526 3723 2597 sua

2142 2624 2462 2683 quaerentes,
2488 2619 2581 2673 sed
2613 2636 2731 2688 qua:
2752 2621 2876 2676 Jesu
2904 2623 3123 2693 Christi,
3155 2626 3205 2680 id
3233 2636 3318 2681 est
3344 2645 3453 2683 non
3485 2648 3721 2688 commo-

2141 2706 2209 2759 da
2233 2708 2435 2774 privata
2461 2719 2750 2775 sectantes,
2795 2715 2887 2768 sed
2917 2716 2967 2769 in
2998 2732 3282 2773 commune
3314 2721 3399 2775 ubi
3430 2725 3579 2776 salus
3609 2740 3720 2777 om-

2144 2797 2288 2851 nium
2320 2808 2401 2853 est
2425 2803 2791 2859 consulentes.
2824 2805 2955 2861 Nam
2998 2808 3065 2862 de
3106 2810 3220 2879 ipso
3251 2827 3389 2881 pauc
3433 2829 3542 2883 quo
3588 2818 3719 2873 tales

2140 2896 2470 2959 saturantur,
2504 2892 2735 2960 quodam
2770 2895 2889 2949 loco
2920 2900 3209 2967 Apostolus
3238 2901 3406 2957 dicit:
3456 2904 3605 2959 Unus
3633 2923 3718 2976 pa-

2142 2979 2247 3046 nis,
2287 2996 2447 3033 unutn
2493 2997 2688 3051 corpus
2735 2987 2885 3040 multi
2914 3004 3116 3044 sumus.
3152 2992 3289 3057 Quid
3320 3008 3447 3063 ergo
3477 3010 3716 3065 compre-

2144 3069 2376 3125 hendere
2396 3072 2419 3123 ἴα
2442 3073 2568 3137 Qua:
2598 3076 2685 3140 sit,
2718 3076 2902 3145 inquit,
2930 3079 3183 3134 latitudo:
3209 3082 3346 3136 sicut
3375 3084 3534 3139 etiam
3565 3087 3711 3159 [jam]

449 3164 565 3210 est:
616 3158 716 3212 hoc
744 3172 916 3216 autem
951 3172 1118 3217 totum
1168 3175 1384 3235 propter
1427 3165 1822 3234 adipiscendam
1869 3167 2028 3221 vitam

2137 3158 2270 3225 dixi,
2301 3159 2352 3213 in
2380 3135 2532 3215 bonis
2560 3135 2810 3231 cperibus
2856 3135 3046 3235 quibus
3086 3135 3714 3248 benevolentia—porrigi:

448 3247 574 3301 facit
601 3260 879 3315 mternam,
901 3268 1017 3320 qua:
1045 3255 1119 3307 illi
1153 3258 1549 3322 promittitttrin
1583 3260 1817 3326 excelso,
1841 3271 1893 3316 et
1916 3261 2031 3316 haec

448 3338 677 3392 altitudo
705 3350 807 3395 est.
854 3344 1045 3398 Existit
1089 3361 1214 3399 vero
1266 3364 1329 3401 ex
1385 3350 1593 3402 occulto
1640 3352 1741 3405 ista
1772 3354 2025 3421 charitas,

449 3424 537 3477 ubi
586 3424 790 3481 fundati
842 3432 1238 3498 quodammodo
1268 3447 1318 3489 et
1379 3437 1597 3491 radicati
1640 3455 1865 3505 sumus;
1940 3444 2029 3497 ubi

446 3529 625 3569 causa:
656 3520 941 3573 voluntatis
971 3522 1063 3575 Dei
1092 3539 1193 3576 non
1234 3525 1637 3592 investigantur,
1678 3528 1833 3598 cujus
1860 3532 2028 3600 gratia

444 3620 630 3659 sumus
661 3608 792 3661 salvi
824 3607 971 3675 facti,
1004 3626 1108 3664 non
1140 3628 1205 3665 ex
1250 3615 1503 3682 operibus
1528 3616 1749 3684 justitiae
1787 3634 1905 3689 qua:
1932 3635 2028 3675 nos

444 3695 691 3763 fecimus,
720 3698 813 3752 sed
844 3700 1135 3756 secundum
1167 3704 1285 3771 ejus
1328 3705 1774 3763 misericordiam.
1826 3710 2025 3765 Volun-

443 3788 576 3841 tarie
629 3790 819 3861 quippe
866 3793 1049 3859 genuit
1093 3809 1189 3848 nos
1232 3798 1396 3850 verbo
1426 3797 1687 3864 veritatis,
1710 3809 1761 3854 et
1792 3800 1906 3854 haec
1935 3817 2027 3857 vo-

442 3878 616 3932 luntas
644 3895 759 3947 ejus
787 3881 837 3935 in
870 3882 1050 3937 abdito
1078 3893 1183 3949 est,
1209 3885 1362 3955 cujus
1385 3889 1579 3942 secreti
1608 3890 2024 3956 profunditatem

441 3971 837 4037 quodammodo
866 3991 1228 4045 expavescens
1250 3980 1542 4048 Apostolus
1570 3983 1801 4039 clamat:
1833 3985 1877 4040 0
1904 3986 2025 4039 alti-

442 4063 570 4116 tudo
598 4064 905 4120 divitiarum
940 4070 1216 4136 sapientize
1245 4082 1298 4125 et
1328 4072 1564 4127 scientia:
1592 4074 1686 4129 Dei
1713 4076 1725 4127 !
1757 4091 1912 4143 quam
1943 4078 2025 4129 in-

439 4156 749 4211 scrutabilia
783 4168 908 4213 sunt
940 4160 1137 4229 judicia
1182 4163 1329 4231 ejus,
1379 4173 1431 4218 et
1480 4164 1879 4233 investigabiles
1925 4167 2022 4221 vise

437 4245 585 4313 ejus!
613 4249 743 4314 Quis
774 4251 914 4303 enim
943 4254 1192 4321 cognovit
1215 4269 1428 4309 sensum
1455 4255 1663 4309 Domini
1687 4259 1709 4309 ?
1736 4266 1789 4311 et
1814 4257 1914 4311 hoc
1939 4268 2021 4311 est

440 4338 781 4404 profundum.
808 4340 1046 4394 Altitudo
1069 4343 1263 4411 quippe
1293 4359 1578 4400 commune
1609 4362 1801 4401 nomen
1825 4359 1901 4401 est
1927 4364 2018 4401 ex-

438 4428 585 4482 celso
614 4439 669 4484 et
700 4431 985 4498 profundo,
1019 4435 1112 4487 sed
1142 4451 1262 4490 cum
1292 4438 1343 4490 in
1367 4453 1447 4491 cxi
1467 4438 1581 4492 elso
1610 4438 1823 4504 dicitur,
1847 4439 2009 4494 subli-

435 4522 635 4575 mitatis
666 4525 951 4578 eminentia
983 4529 1420 4594 commendatur;
1453 4545 1572 4584 cum
1605 4542 1782 4584 autem
1810 4531 1860 4584 in
1885 4546 2008 4599 pro—

433 4608 616 4672 fundo,
646 4613 931 4667 difﬁcultas
962 4617 1380 4685 investigationis
1411 4628 1465 4674 et
1490 4620 1827 4686 cognitionis.
1857 4620 2009 4676 Unde

433 4707 484 4751 et
525 4699 651 4752 illttd
681 4702 790 4756 Deo
820 4704 1053 4757 dicitur:
1101 4706 1269 4773 Quam
1307 4708 1639 4777 magnificata
1683 4718 1809 4763 sunt
1847 4724 2006 4776 Opera

430 4799 545 4852 tua,
574 4790 815 4854 Domine,
847 4795 1001 4847 nimi:
1038 4796 1315 4862 profundae
1339 4798 1489 4852 facta:
1518 4809 1636 4852 sunt
1661 4800 2007 4868 cogitationes

437 4887 577 4942 tum;
609 4888 662 4930 et
693 4880 921 4935 iterum:
968 4883 1174 4937 Judicia
1216 4897 1303 4940 tua
1358 4887 1505 4942 velut
1553 4889 1714 4941 multa
1762 4890 2003 4957 aliyssns.

432 4968 567 5021 llinc
599 4968 759 5036 igitur
788 4982 869 5022 eet
904 4971 1033 5025 illud
1076 4976 1314 5041 Apostoli
1347 4978 1489 5045 quod
1524 4977 1904 5046 requirendum
1935 4980 2012 5031 in-

436 5076 516 5116 ter
544 5072 738 5114 cmtcra
790 5063 1047 5128 tos=tisti:
1097 5066 1263 5134 llujtts
1291 5069 1367 5123 rei
1395 5070 1584 5135 pratia,
1631 5071 1821 5137 inquit,
1856 5075 2011 5127 llecto

431 5167 605 5219 genua
636 5167 752 5206 mea
783 5152 846 5205 ad
881 5150 1091 5207 Patrem
1125 5156 1333 5210 Domini
1359 5161 1523 5213 nostri
1552 5163 1677 5214 .lcsu
1700 5161 1918 5227 Christi,
1942 5178 2005 5217 ex

427 5258 533 5309 quo
563 5243 737 5297 omnis
766 5245 1059 5310 paternitas
1091 5247 1141 5299 in
1174 5249 1310 5300 coelo
1337 5259 1390 5304 ct
1413 5251 1463 5304 in
1498 5261 1636 5307 terra
1677 5254 2000 5319 nominatur,

429 5343 485 5386 ut
506 5332 595 5387 det
625 5333 778 5388 vobis
807 5335 1097 5388 secundum
1131 5336 1344 5391 divitias
1376 5341 1560 5407 gloria:
1606 5358 1752 5409 sum,
1813 5345 2003 5400 virtute

427 5426 765 5480 corroborari
796 5442 890 5497 per
911 5428 1169 5495 Sp-‘ritnm
1201 5430 1315 5499 ejus
1341 5472 1354 5496 ,
1405 5431 1456 5485 in
1496 5433 1746 5489 interiore
1788 5436 2004 5492 homine

429 5513 669 5569 habitare
697 5515 991 5581 Christum,
1020 5535 1111 5583 per
1134 5520 1289 5574 ﬁdent
1325 5522 1375 5575 in
1405 5523 1652 5579 cordibus
1687 5529 1907 5594 vestris,
1946 5541 2000 5583 ut

426 5607 477 5658 in
507 5607 764 5664 charitatc
795 5613 1013 5665 radienti
1045 5623 1099 5666 et
1126 5613 1353 5682 fundati,
1396 5616 1725 5685 prmvaleatis
1749 5633 1997 5686 compre-

428 5691 663 5751 hendere
692 5714 810 5753 cum
851 5704 1096 5757 omnibus
1137 5706 1335 5761 sanctis
1380 5722 1499 5777 quae
1548 5708 1615 5764 sit
1666 5709 1906 5777 latitudo,
1940 5719 1992 5765 et

2137 3257 2221 3302 tur
2264 3266 2435 3332 usque
2489 3253 2554 3307 ad
2603 3254 2904 3325 diligendus
2950 3259 3220 3328 inimicos;
3261 3272 3314 3316 et
3335 3263 3631 3332 longitudo,
3662 3280 3711 3323 ut

2132 3329 2509 3410 longanimiter
2538 3360 2632 3412 pro
2663 3347 2762 3400 hac
2800 3349 3077 3404 latitudine
3104 3353 3361 3407 molesﬁa:
3394 3355 3707 3417 tolerentur;

2132 3444 2185 3487 et
2217 3435 2465 3503 altitudo,
2498 3447 2556 3492 ut
2587 3455 2683 3506 pro
2713 3442 2795 3495 his
2822 3453 3084 3499 mternum
3118 3448 3255 3515 quod
3287 3448 3337 3502 iii
3363 3454 3611 3518 supernis
3634 3464 3709 3507 cst

2133 3527 2429 3592 prazmium,
2478 3544 2584 3584 non
2620 3531 2825 3587 varium
2863 3534 3061 3603 aliquid
3091 3540 3385 3611 temporale
3413 3553 3662 3608 speretur
3691 3561 3703 3607 ;

2130 3626 2182 3669 et
2211 3619 2550 3687 profundum,
2577 3621 2714 3676 unde
2736 3625 2965 3691 gratuita
2993 3628 3160 3695 gratia
3191 3628 3281 3682 Dei
3311 3632 3606 3685 secundum
3628 3650 3705 3687 se-

2129 3713 2335 3761 cretum
2365 3718 2417 3762 et
2446 3710 2686 3764 abditum
2718 3713 3005 3770 voluntatis
3049 3717 3165 3785 ejus
3201 3720 3401 3773 existit.
3450 3722 3525 3775 lbi
3568 3726 3701 3777 enim

2129 3795 2373 3861 radicati,
2403 3798 2479 3851 ibi
2510 3798 2710 3854 fundati
2737 3815 2951 3868 sumus;
2986 3807 3207 3861 radicati
3239 3823 3456 3877 prepter
3477 3814 3700 3881 agricul-

2130 3894 2322 3952 turam,
2354 3887 2557 3943 fundati
2592 3903 2810 3958 propter
2839 3894 3266 3951 aediﬁcationem.
3299 3898 3427 3965 Quae
3457 3902 3701 3969 quoniam

2129 3990 2234 4028 non
2260 3987 2343 4030 est
2366 3977 2434 4032 ab
2458 3979 2671 4034 homine
2697 3982 2823 4041 dicit
2843 3983 2949 4036 alio
2971 3984 3086 4038 loco
3109 3985 3247 4040 idem
3274 3992 3588 4055 Apostolus:
3618 3990 3699 4042 Dei

2123 4066 2446 4135 agricultura
2479 4068 2676 4141 [esus],
2712 4071 2806 4126 Dei
2848 4074 3128 4129 mdiﬁcatio
3174 4078 3324 4131 estis.
3378 4079 3489 4133 lloe
3540 4090 3698 4133 totum

2125 4157 2283 4225 igitur
2305 4172 2423 4211 cum
2458 4161 2508 4212 in
2545 4163 2642 4215 hac
2674 4174 2853 4217 nostra
2882 4167 3311 4237 peregrinatione
3340 4170 3471 4224 ﬁdes
3505 4188 3598 4240 per
3626 4174 3698 4226 di-

2124 4247 2407 4303 lectionem
2432 4263 2705 4319 operatur,
2734 4256 2784 4308 in
2817 4255 2993 4310 futuro
3020 4270 3197 4312 autem
3231 4262 3428 4315 smculo
3476 4264 3696 4330 perfecta

2120 4348 2173 4392 et
2196 4339 2348 4406 plena
2378 4342 2629 4407 charitas,
2667 4346 2783 4398 sine
2812 4348 2921 4400 ulla
2951 4351 3210 4404 malorum
3247 4353 3551 4421 tolerantia,
3596 4372 3695 4409 non

2125 4430 2226 4483 ﬁde
2248 4432 2417 4485 credit
2439 4436 2577 4501 quod
2603 4453 2705 4489 non
2721 4436 2881 4503 videt,
2911 4455 3008 4494 nec
3024 4458 3119 4509 spe
3142 4442 3408 4497 desiderat
3426 4447 3567 4511 quod
3596 4464 3694 4499 ιιυςι

2119 4528 2279 4584 tenet,
2313 4521 2403 4573 sed
2437 4525 2483 4572 in
2517 4533 2776 4578 aztetnum
2802 4528 3042 4582 veritatis
3066 4530 3553 4586 incommutabilem
3577 4549 3691 4602 spe-

2115 4611 2250 4665 ciem
2301 4615 2769 4683 contctnplahitur,
2814 4619 2967 4687 cujus
2996 4621 3114 4674 sine
3147 4622 3250 4675 fine
3280 4625 3515 4691 quietum
3564 4641 3692 4692 Opus

2113 4701 2216 4755 erit
2262 4703 2476 4759 laudare
2526 4708 2666 4774 quod
2719 4721 2883 4772 amat,
2913 4721 2969 4764 et
3007 4727 3189 4767 amare
3212 4714 3352 4781 quod
3390 4717 3590 4771 laudat.
3622 4718 3691 4771 De

2114 4791 2238 4846 hinc
2277 4792 2419 4864 [hac]
2450 4806 2839 4865 consequenter
2872 4799 3040 4854 dicit:
3091 4802 3245 4857 Scire
3292 4805 3453 4857 etiam
3506 4822 3687 4874 snper-

2112 4883 2435 4939 eminentem
2468 4890 2743 4943 scientiam
2794 4884 3065 4947 charitatis
3100 4895 3330 4961 Christi,
3366 4906 3423 4950 ut
3474 4900 3686 4966 implea-

2118 4977 2245 5029 mini
2277 4979 2326 5030 iii
2359 4993 2569 5033 omnem
2605 4984 2982 5048 plenitudinem
3029 4988 3145 5041 Dei.
3193 4988 3246 5041 ln
3297 4989 3397 5042 hoc
3442 4994 3685 5062 mysterio

2116 5066 2282 5135 figura
2310 5071 2483 5123 crucis
2507 5055 2805 5127 eatenditur
2838 5093 2849 5126 :
2876 5076 2965 5144 qui
3006 5079 3147 5131 enim
3180 5081 3299 5148 quia
3338 5082 3508 5136 voluit
3552 5099 3684 5137 mor-

2114 5166 2237 5209 tuus
2264 5167 2380 5223 est,
2419 5160 2683 5226 quomodo
2720 5163 2888 5217 voluit
2923 5174 3165 5221 mortuus
3191 5179 3307 5233 est;
3352 5186 3463 5223 non
3498 5172 3683 5225 frustra

2110 5248 2268 5317 igitur
2296 5251 2399 5303 tale
2422 5266 2589 5319 genus
2612 5254 2797 5309 mortis
2820 5255 2999 5324 elegit,
3026 5258 3125 5311 nisi
3152 5268 3208 5312 ut
3232 5260 3281 5313 in
3301 5276 3365 5313 eo
3385 5276 3596 5330 quoque
3616 5262 3684 5313 la-

2112 5340 2353 5395 titudinis
2379 5343 2555 5410 hujus,
2584 5344 2946 5415 lungitudinis,
2975 5359 3029 5402 et
3048 5350 3366 5416 altitudinis,
3393 5362 3449 5406 ct
3479 5354 3682 5421 profun-

2108 5430 2289 5485 ditatis
2314 5434 2566 5501 magistcr
2597 5438 2869 5491 existeret.
2895 5438 3025 5492 Nam
3059 5440 3283 5495 latitudo
3312 5451 3396 5495 est
3436 5445 3489 5496 in
3534 5459 3597 5497 eo
3627 5444 3680 5495 Ii-

2104 5538 2210 5592 gno
2238 5525 2376 5593 quod
2409 5535 2769 5583 transversmn
2803 5531 3031 5602 desuper
3062 5535 3269 5604 ﬁgitur;
3302 5535 3404 5591 hoc
3442 5539 3509 5591 ad
3551 5539 3678 5592 bona

2105 5633 2263 5686 opera
2298 5619 2550 5687 pertinet,
2600 5623 2721 5689 quia
2755 5623 2821 5675 ibi
2867 5626 3225 5681 extenduntur
3255 5642 3478 5693 manus;
3512 5631 3678 5700 longi-

2103 5712 2229 5765 tudo
2260 5713 2311 5765 in
2341 5729 2404 5767 co
2433 5714 2572 5780 quod
2616 5716 2682 5770 ab
2711 5718 2823 5784 ipso
2867 5718 3009 5787 ligno
3037 5737 3204 5791 usque
3234 5723 3296 5776 ad
3332 5733 3527 5778 terrain
3556 5740 3679 5777 con-
