4016 6184
246 352 352 413 893

240 476 493 545 spicuum
517 478 619 534 est,
645 467 714 523 ibi
738 466 881 523 enim
904 458 1298 534 quodammodo
1327 465 1517 519 statur,
1544 456 1595 509 id
1618 463 1699 508 est
1720 462 1839 522 per‘
1871 446 1919 504 Λ

240 566 461 622 sistitur
481 572 535 617 et
552 567 946 632 perseveratur,
972 558 1113 625 quod
1141 548 1526 621 longanimitati
1554 546 1827 601 tribuitur:

243 658 482 714 altitudo
511 664 591 710 est
621 655 672 708 in
705 668 768 708 ea
799 650 928 721 ligni
959 657 1107 718 parte
1136 662 1257 718 qua:
1281 645 1349 699 ab
1378 645 1470 698 illo
1500 640 1643 712 quod
1668 650 1845 694 trans-

243 767 473 809 versum
506 749 685 819 ﬁgitur
710 759 924 801 sursum
953 756 1142 797 versus
1172 738 1511 808 relinquitur,
1542 736 1645 791 hoc
1672 744 1754 789 est
1778 732 1844 787 ad

242 852 413 912 caput
446 838 708 903 cruciﬁxi,
737 837 858 905 quia
882 833 1021 889 bene
1043 826 1377 901 sperantium
1400 840 1630 895 superna
1654 838 1846 894 exspe-

245 935 551 1015 ctatio‘est.
583 928 702 985 1am
722 941 852 982 vero
881 924 1010 980 illud
1038 938 1104 979 ex
1136 922 1282 993 ligno
1304 916 1446 991 quod
1475 934 1580 973 non
1602 924 1844 987 apparet,

247 1028 397 1097 quod
427 1009 604 1079 ﬁxum
648 1021 973 1084 occultatur,
1022 1015 1161 1071 unde
1211 1022 1378 1070 totum
1422 1011 1549 1066 illud
1579 1009 1844 1079 exsurgit,

251 1118 678 1189 profunditatem
708 1112 974 1182 significat
998 1107 1243 1179 gratuita:
1265 1104 1472 1176 gratize,
1506 1103 1559 1157 in
1582 1116 1686 1172 quo
1707 1099 1844 1154 mul-

252 1219 437 1263 torum
493 1207 709 1275 ingenia
757 1210 1111 1258 conteruntur
1160 1198 1211 1251 id
1256 1193 1603 1264 pervestigari
1647 1205 1849 1247 conan-

254 1300 417 1362 tium,
451 1304 511 1351 ut
538 1296 603 1350 ad
628 1303 925 1351 extremum
953 1290 1034 1345 eis
1064 1289 1271 1344 dicatur
1296 1306 1309 1341 :
1347 1285 1390 1342 0
1429 1284 1611 1352 homo,
1645 1295 1699 1338 tu
1728 1282 1849 1354 quis

255 1404 341 1455 es,
375 1388 470 1458 qui
509 1384 840 1452 respondeas
870 1381 1014 1436 Deo?
1048 1379 1237 1433 Vivent
1276 1392 1404 1447 ergo
1434 1374 1598 1432 corda
1641 1382 1850 1429 satura-

256 1492 445 1537 torum
475 1491 771 1549 pauperum
802 1474 855 1528 in
884 1470 1137 1526 saaculum
1168 1469 1371 1534 saeculi,
1404 1466 1506 1520 hoc
1543 1474 1627 1521 est
1667 1463 1848 1519 bumi-

258 1575 394 1631 lium
424 1573 686 1629 charitate
717 1565 1075 1635 ﬂagrantium,
1102 1578 1206 1617 non
1231 1577 1326 1618 sua
1356 1557 1728 1631 quaerentium,
1752 1555 1849 1612 sed

260 1675 576 1722 sanctorum
606 1661 861 1717 societate
889 1654 1256 1728 gaudentium.

793 1771 1020 1828 CAPUT
1067 1766 1329 1825 CCXXX.

267 1893 462 1949 Utrum
492 1897 725 1961 paren'es
771 1884 1038 1961 baptjzotis
1081 1880 1310 1949 parvulis
1350 1886 1584 1938 noceant,
1603 1891 1728 1960 _cum
1770 1889 1856 1926 eos

338 1949 717 2017 damoniorum
731 1949 997 2022 sacriﬁciis
1015 1967 1198 2007 sanare
1210 1959 1479 2022 conantur,
1505 1961 1550 2002 et
1570 1949 1614 1998 si
1639 1962 1738 1997 non
1761 1959 1857 1995 no-

338 2042 479 2095 cent,
509 2028 761 2099 quomodo
796 2019 874 2099 eis
895 2026 1057 2094 prosit
1096 2019 1567 2099 cum_bapti_zo}ttu.r
1595 2022 1860 2099 parentum

338 2086 495 2173 ﬁdes,
517 2086 735 2171 quorum
762 2098 830 2151 eis
855 2086 954 2149 non
985 2101 1145 2164 potest
1171 2092 1343 2145 obesse
1365 2086 1644 2157 inﬁdelitas
1669 2087 1693 2137 ?

348 2218 565 2286 Qumris
595 2231 624 2269 a
670 2229 755 2269 me
798 2221 977 2267 utrum
1024 2215 1275 2277 parentes
1306 2202 1592 2275 baptizatis
1625 2196 1862 2269 parvulis

273 2311 389 2367 suis
418 2313 651 2363 noceant
671 2318 791 2360 cum
822 2315 917 2357 eos
946 2298 1333 2355 daemoniorum
1362 2291 1642 2350 sacriﬁciis
1673 2301 1864 2343 sanare

276 2401 583 2459 conantur?
615 2407 669 2454 et
690 2398 734 2453 si
767 2410 873 2450 non
904 2402 1117 2458 nocent,
1148 2388 1418 2460 quomodo
1439 2388 1518 2441 eis
1550 2383 1718 2453 prosit
1740 2395 1861 2436 cum

275 2494 618 2564 baptizantur
646 2496 922 2559 parentum
954 2484 1086 2539 ﬁdes
1111 2524 1127 2549 ,
1154 2496 1380 2552 quorum
1438 2480 1513 2534 eis
1556 2491 1663 2530 non
1694 2482 1867 2543 potest

276 2586 477 2641 obesse
518 2578 773 2649 perﬁdia?
803 2576 904 2632 Ubi
944 2573 1242 2644 reSpondec
1277 2578 1477 2626 tantam
1507 2568 1652 2622 illius
1682 2578 1862 2618 sacra-

277 2674 471 2738 menti,
506 2672 606 2726 hoc
621 2678 703 2724 est
727 2665 975 2736 baptismi
1015 2661 1288 2726 salutaris,
1335 2673 1453 2714 esse
1482 2658 1731 2711 virtutem
1763 2694 1777 2718 ,
1813 2652 1865 2705 in

280 2776 470 2823 sancta
481 2773 737 2831 compage
748 2756 988 2827 corporis
1000 2754 1280 2819 Christi,ut
1294 2749 1455 2805 semel
1470 2754 1759 2818 generatus
1774 2759 1869 2812 per

282 2861 512 2915 aliorum
530 2855 798 2911 carnalem
816 2852 1163 2919 voluptatem,
1185 2861 1306 2901 cum
1327 2843 1494 2899 semel
1516 2849 1862 2911 regeneratus

284 2950 452 3005 fuerit
479 2964 575 3017 per
601 2946 826 3000 aliorum
866 2939 1164 3009 spiritalem
1205 2938 1557 3000 voluntatem,
1606 2932 1862 3001 deinceps

288 3058 399 3098 non
436 3040 605 3110 possit
631 3036 847 3092 vinculo
889 3034 1077 3087 alienae
1125 3028 1422 3099 iniquitatis
1452 3027 1757 3096 obstringi,
1790 3025 1875 3080 cui

289 3134 436 3189 nulla
464 3146 559 3187 sua
581 3130 856 3185 voluntate
887 3124 1179 3181 consentit.
1214 3122 1279 3176 Et
1307 3121 1481 3174 anima
1515 3120 1658 3174 enim
1704 3118 1868 3184 patris

292 3242 413 3284 mea
443 3236 545 3290 est,
575 3221 767 3292 inquit,
799 3231 852 3275 et
876 3220 1055 3273 anima
1098 3217 1193 3270 filii
1235 3231 1353 3270 mea
1384 3223 1502 3269 est:
1534 3214 1707 3266 animo
1753 3229 1869 3281 qua:

293 3315 602 3389 peccaverit
648 3316 760 3383 ipsa
807 3315 1087 3366 morietur.
1137 3307 1253 3362 Non
1283 3317 1459 3360 autem
1505 3312 1687 3373 peccat
1732 3303 1869 3371 ipsa,

295 3424 417 3463 eum
448 3413 695 3475 parentes
720 3403 768 3456 ei
796 3399 1013 3457 omnino
1055 3396 1318 3453 nescienti
1348 3396 1433 3450 vel
1483 3394 1709 3463 quilibet
1736 3392 1874 3445 alius

297 3498 518 3553 adhibet
546 3494 823 3563 sacrilegia
851 3491 1259 3546 daemoniorum.
1292 3485 1393 3540 Sed
1447 3484 1565 3538 ideo
1608 3498 1675 3537 ex
1705 3481 1873 3535 Adam

300 3589 463 3642 traxit
492 3584 637 3654 quod
661 3581 985 3638 sacramenti
1020 3579 1162 3631 illius
1192 3579 1361 3643 gratia
1393 3575 1691 3629 solveretur
1712 3614 1726 3638 ,
1751 3572 1877 3641 quia

302 3681 539 3736 nondum
572 3686 689 3731 erat
720 3676 894 3730 anima
927 3671 1216 3741 separatim
1254 3667 1439 3723 vivens
1462 3708 1479 3734 ,
1510 3666 1560 3721 id
1601 3674 1685 3720 est
1710 3666 1877 3719 altera

304 3772 477 3826 anima
500 3769 570 3824 de
593 3781 695 3836 qua
726 3766 993 3819 diceretur
1020 3780 1031 3815 :
1061 3762 1128 3815 Et
1155 3759 1333 3814 anima
1362 3757 1525 3826 patris
1548 3771 1666 3810 mea
1695 3764 1798 3821 est,
1829 3763 1883 3809 et

306 3864 483 3917 anima
516 3860 613 3914 ﬁlii
648 3871 767 3913 mea
794 3863 896 3910 est.
930 3854 1044 3909 Jam
1077 3852 1254 3918 itaque
1281 3862 1403 3903 cum
1435 3846 1596 3900 homo
1628 3846 1681 3898 in
1702 3844 1883 3917 seipso

308 3966 388 4011 est
414 3955 483 4009 ab
512 3968 578 4008 eo
604 3951 693 4021 qui
720 3950 904 4020 genuit
928 3948 1084 4001 aliter
1122 3944 1343 3999 eﬁ‘ectus
1365 3983 1379 4008 ,
1414 3950 1637 4009 peccato
1665 3939 1883 3993 alterius

310 4048 421 4103 sine
446 4062 544 4101 sua
584 4042 939 4098 consensione
970 4053 1079 4093 non
1132 4046 1341 4091 tenetur
1375 4030 1641 4087 obnoxius
1676 4048 1688 4081 ε
1726 4028 1887 4082 traxit

312 4142 456 4210 origo
490 4148 716 4205 reatum,
760 4137 881 4205 quia
926 4148 1063 4187 unus
1086 4140 1203 4186 erat
1236 4144 1357 4184 cum
1395 4126 1481 4180 ille
1509 4140 1540 4178 a
1568 4138 1674 4191 quo
1704 4122 1885 4183 traxit,

312 4229 526 4301 quando
555 4228 696 4297 quod
729 4225 889 4281 traxit
914 4222 1206 4278 admissum
1237 4228 1341 4274 est.
1373 4217 1488 4272 Non
1518 4223 1695 4270 autem
1729 4212 1891 4266 trahit

313 4326 448 4377 alter
478 4322 547 4373 ab
574 4319 764 4383 altero,
795 4315 1007 4386 quando
1040 4328 1133 4367 sua
1173 4322 1496 4379 unoquoque
1540 4304 1750 4374 pr0pria
1781 4302 1891 4356 vita

316 4414 554 4475 vivente;
602 4410 711 4479 jam
753 4417 835 4461 est
873 4406 1013 4460 unde
1042 4404 1247 4458 dicatur
1277 4417 1291 4454 :
1324 4399 1513 4454 Anima
1544 4410 1663 4465 qua:
1706 4408 1893 4462 pecca—

319 4505 453 4558 verit
498 4503 611 4569 ipsa
640 4500 917 4555 morietur.
951 4496 1017 4552 Ut
1044 4503 1219 4550 autem
1269 4490 1441 4560 possit
1465 4486 1768 4558 regenerari
1799 4500 1893 4554 per

318 4595 554 4649 ofﬁcium
587 4590 876 4646 voluntatis
919 4588 1108 4641 aliena:
1135 4624 1151 4651 ,
1185 4599 1305 4638 cum
1335 4581 1554 4636 oil‘ertur
1583 4590 1899 4631 consecran-

320 4688 441 4748 dus,
473 4684 599 4737 facit
648 4684 749 4737 hoc
797 4696 935 4734 unus
980 4677 1209 4746 Spiritus
1236 4714 1251 4741 ,
1295 4688 1359 4728 ex
1407 4685 1513 4741 quo
1560 4675 1905 4737 regeneratur

320 4778 556 4832 oblatus.
588 4775 702 4828 Non
734 4778 875 4828 enim
922 4771 1178 4838 scriptum
1208 4775 1311 4832 est,
1360 4762 1471 4817 Nisi
1522 4762 1640 4831 quis
1688 4768 1906 4812 renatus

322 4868 481 4922 fuerit
518 4882 582 4920 ex
615 4872 891 4933 parentum
921 4861 1214 4923 voluntate,
1247 4863 1341 4910 aut
1365 4869 1429 4908 ex
1461 4846 1795 4906 oﬁ'erentium
1820 4845 1903 4899 vel

324 4957 745 5014 ministrantium
778 4954 911 5017 ﬁde;
944 4952 1037 5006 sed
1074 4968 1087 5002 :
1118 4948 1229 5004 Nisi
1260 4947 1381 5016 quis
1416 4951 1629 4999 renatus
1662 4939 1817 4992 fuerit
1840 4952 1904 4988 cx

325 5068 463 5123 aqua
512 5061 565 5106 et
614 5049 836 5116 Spiritu.
887 5045 1035 5113 Aqua
1085 5042 1245 5110 igitur
1293 5037 1554 5092 exhibens
1607 5031 1906 5086 forinsecus

326 5146 723 5204 sacramentum
752 5141 960 5211 gratim,
986 5148 1039 5191 et
1068 5136 1302 5205 Spiritus
1325 5144 1554 5199 operans
1584 5126 1909 5181 intrinsecus

331 5238 652 5296 beneﬁcium
683 5234 871 5304 gratia:
891 5273 906 5293 .
938 5231 1151 5284 solvens
1196 5225 1468 5279 vinculum
1496 5220 1689 5286 culpat,
1722 5229 1910 5269 reetmo

331 5333 528 5387 cilians
555 5330 753 5383 bonum
782 5333 1021 5388 natura),
1055 5322 1372 5389 regenerant
1412 5312 1684 5366 hominem
1728 5308 1779 5360 in
1805 5317 1912 5357 uno

332 5426 554 5481 Christo
582 5439 649 5478 ex
678 5435 784 5475 uno
825 5418 994 5472 Adam
1021 5419 1355 5484 generatum.
1400 5406 1739 5473 Regenerans
1784 5410 1913 5465 ergo

334 5523 571 5593 Spiritus
600 5519 653 5571 in
685 5512 975 5582 majoribus
997 5504 1360 5571 offerentibus,
1392 5509 1446 5555 et
1477 5497 1697 5567 parvulo
1736 5491 1914 5546 oblato

339 5624 527 5672 renato
553 5652 568 5677 ,
610 5624 727 5680 quae
780 5605 1079 5662 communis
1125 5610 1207 5657 est
1250 5617 1263 5650 :
1300 5596 1418 5651 ideo
1466 5607 1558 5659 per
1606 5589 1916 5641 societatem

342 5711 499 5765 unius
522 5703 870 5775 ejusdemque
899 5695 1117 5765 spiritus
1143 5732 1160 5758 ,
1202 5687 1420 5758 prodest
1445 5678 1779 5735 oll‘erentium
1823 5686 1919 5722 vo-

343 5798 516 5860 luntas
551 5796 771 5869 parvulo
813 5791 1013 5848 oblato.
1058 5783 1279 5853 Quando
1311 5788 1488 5835 autem
1539 5777 1589 5830 in
1640 5767 1916 5841 ιωννιιιυιιι

1433 327 1867 394 TllESAURUS.
1908 328 2061 383 CAP.
2102 322 2359 381 CCXXX.

3419 317 3479 372 88
3491 317 3519 369 τι

1945 442 2174 512 majores
2199 445 2455 510 peccant,
2487 431 2773 489 offerentes
2798 447 2918 490 eum
2946 440 3109 503 atque
3150 431 3390 502 obligare
3431 444 3523 485 coa

1948 543 2133 590 nantes
2155 533 2457 588 daemonum
2487 527 2763 597 sacrilegis
2810 525 3071 590 vinculis,
3100 538 3209 578 non
3236 532 3319 577 est
3345 521 3523 576 anima

1947 634 2295 690 utrorumque
2321 617 2641 682 communis,
2668 625 2728 670 ut
2760 617 2924 670 etiam
2945 616 3155 684 culpam
3184 613 3392 682 possint
3423 611 3521 665 ha-

1947 717 2077 770 bere
2099 725 2436 770 communem
2460 726 2472 762 :
2498 724 2605 762 nor.
2633 707 2775 762 enim
2807 706 2889 761 sic
2916 705 3344 760 communicatur
3369 702 3525 769 culpa

1948 820 2046 876 per
2075 802 2298 858 alterius
2326 800 2655 857 voluntatem
2683 835 2699 861 ,
2741 795 3189 867 quemadmodum
3232 792 3528 848 communi-

1946 906 2100 951 catur
2154 893 2326 964 gratia
2378 907 2472 960 per
2506 890 2743 959 Spiritus
2780 889 2952 943 sancti
3001 887 3284 941 unitatem.
3342 885 3529 939 Potest

1947 987 2089 1043 enim
2116 994 2171 1040 et
2200 985 2253 1039 in
2280 983 2382 1038 hoc
2416 992 2469 1037 et
2501 983 2552 1035 in
2586 980 2682 1035 illo
2724 980 2944 1034 homine
2970 993 3091 1033 esse
3136 992 3274 1032 unus
3300 976 3531 1045 Spiritus

1948 1085 2200 1145 sanctus,
2256 1074 2465 1131 etiamsi
2520 1072 2749 1127 invicem
2808 1070 3051 1125 nesciant
3108 1083 3202 1136 per
3248 1082 3405 1135 quem
3461 1066 3531 1119 sit

1950 1173 2225 1241 utriusque
2252 1169 2423 1239 gratia
2447 1165 2771 1222 Communis.
2797 1164 2913 1218 Non
2943 1173 3121 1215 autem
3161 1168 3339 1229 potest
3367 1159 3531 1227 spiri-

1949 1274 2039 1320 tus
2062 1264 2294 1318 hominis
2335 1276 2455 1317 esse
2481 1269 2531 1315 et
2570 1259 2730 1327 hujus
2760 1264 2811 1311 et
2857 1254 2996 1309 illius
3022 1294 3038 1321 ,
3077 1268 3172 1324 per
3201 1266 3380 1322 quem,
3416 1264 3535 1319 pcc~

1955 1367 2114 1415 caute
2145 1359 2315 1411 altero
2342 1364 2397 1410 et
2424 1355 2598 1409 altero
2625 1368 2729 1406 non
2762 1357 3046 1420 peccante,
3075 1348 3139 1401 sit
3172 1354 3350 1401 tamen
3379 1345 3535 1411 culpa

1951 1449 2298 1505 communis:
2343 1461 2408 1501 ac
2458 1460 2554 1515 per
2586 1444 2689 1497 hoc
2736 1450 2911 1509 potest
2963 1438 3215 1508 parvulus
3257 1434 3423 1497 semel
3468 1448 3537 1487 ex

1954 1550 2234 1612 parentum
2282 1552 2445 1592 carne
2483 1532 2793 1604 generantis
2823 1528 3151 1604 [generatus]
3186 1527 3277 1581 Dei
3331 1524 3536 1594 Spiritu

1953 1630 2262 1701 regenerari
2295 1670 2311 1693 ,
2360 1637 2417 1681 ut
2444 1641 2509 1681 ex
2543 1624 2650 1679 illis
2679 1622 2934 1693 obligatio
2965 1627 3236 1675 contracta
3278 1616 3535 1671 solvatur.

1952 1721 2069 1778 Non
2096 1727 2271 1790 potest
2297 1728 2473 1772 autem
2505 1715 2673 1769 semel
2719 1712 2808 1767 Dei
2837 1711 3036 1779 Spiritu
3070 1715 3415 1777 regeneratus
3464 1720 3533 1759 ex

1885 1813 1929 1873 Β
1960 1817 2234 1880 parentum
2254 1818 2416 1861 carne
2438 1802 2765 1874 regenerari,
2785 1809 2842 1854 ut
2863 1798 3113 1867 obligatio
3129 1811 3247 1866 qua:
3266 1796 3440 1849 soluta
3464 1802 3542 1849 est

1966 1901 2161 1955 iterum
2202 1895 2552 1951 contrahatur
2587 1908 2602 1947 :
2642 1902 2698 1947 et
2725 1892 2846 1947 ideo
2890 1890 3057 1944 semel
3087 1896 3387 1957 perceptam
3420 1899 3543 1954 par-

1961 1989 2117 2045 vulus
2152 1985 2351 2040 Christi
2381 1984 2606 2054 gratiam
2651 1998 2758 2035 non
2789 1979 3011 2043 amittit,
3046 1978 3142 2032 nisi
3192 1976 3408 2044 propria
3442 1976 3545 2027 im-

1968 2085 2192 2155 pietate,
2218 2080 2263 2135 si
2292 2079 2464 2134 mtatis
2492 2090 2714 2131 accessu
2758 2086 2863 2127 tam
2904 2073 3075 2127 malus
3118 2069 3370 2125 evaserit.
3400 2066 3549 2119 Tunc

1965 2178 2110 2233 enim
2140 2175 2301 2230 etiam
2327 2170 2539 2241 propria
2568 2167 2783 2237 incipiet
2813 2166 3010 2220 habere
3027 2171 3274 2233 peccata,
3299 2176 3417 2230 quae
3443 2174 3549 2212 non

1966 2266 2379 2339 regeneratione
2408 2261 2750 2324 auferantur,
2785 2259 2879 2312 sed
2908 2257 3011 2309 alia
3044 2253 3323 2309 curatiOne
3350 2266 3548 2304 sanen-

1972 2372 2076 2416 tur.
2112 2357 2490 2412 Verumtamen
2520 2361 2666 2405 reete
2695 2350 2942 2404 dicuntur
2992 2353 3274 2415 parentes,
3312 2343 3391 2397 vel
3437 2341 3553 2411 qni-

1966 2464 2194 2519 cumque
2218 2446 2449 2515 majores
2491 2442 2656 2507 ﬁlios,
2687 2454 2780 2493 seu
2805 2437 3070 2507 quoslibet
3100 2434 3354 2503 parvulos
3385 2430 3552 2500 bapti-

1970 2518 2149 2603 satos,
2176 2535 2564 2591 daamoniorum
2589 2526 2869 2596 sacrilegio
2893 2525 3129 2593 obligare
3145 2528 3418 2584 Conantes,
3445 2518 3552 2585 spi-

1970 2630 2205 2687 ritaliter
2236 2623 2519 2680 homicida:
2550 2638 2564 2674 :
2597 2633 2718 2673 nam
2751 2618 2802 2671 in
2831 2615 2932 2669 illis
2962 2612 3173 2683 quidem
3223 2607 3554 2665 interfectio-

1974 2738 2094 2777 nem
2128 2718 2236 2790 24.
2266 2708 2371 2771 neu
2397 2714 2596 2768 iaciunt
2618 2754 2633 2780 ,
2664 2708 2789 2772 sed,
2811 2716 3068 2777 quantum
3098 2703 3153 2756 in
3183 2702 3310 2770 ipsis
3340 2706 3442 2764 est,
3475 2697 3553 2750 in-

1976 2789 2289 2866 terfectores
2329 2807 2494 2868 ﬁunt;
2528 2810 2674 2856 reete
2723 2799 2829 2852 illis
2857 2796 3088 2857 dicitur,
3120 2791 3330 2861 quando
3361 2789 3428 2841 ab
3458 2789 3556 2841 hoc

1978 2906 2189 2960 scelere
2238 2899 2587 2970 prohibentur
2633 2912 2643 2922 ο
2678 2892 2855 2946 Nolite
2880 2889 3127 2943 occidere
3159 2882 3406 2954 parvulos
3436 2893 3557 2932 ves-

1980 3008 2119 3061 tros;
2154 2994 2285 3048 dicit
2318 2994 2458 3047 enim
2501 2984 2794 3056 Apostolus
2826 2998 2837 3033 :
2873 2980 3131 3050 Spiritum
3164 2977 3327 3030 nolite
3353 2973 3560 3026 exstin-

1979 3104 2160 3159 guere.
2196 3085 2309 3140 Non
2333 3084 2452 3151 quia
2479 3080 2569 3132 ille
2593 3073 2858 3143 exstingui
2882 3078 3085 3141 petest,
3110 3067 3203 3122 sed
3228 3072 3479 3136 quantum
3506 3062 3556 3114 in

1898 3175 1941 3231 C
1979 3181 2107 3249 ipsis
2160 3186 2244 3232 est
2285 3174 2640 3229 exSIinctores
2686 3167 2802 3233 ejus
2845 3163 3037 3217 merito
3067 3161 3312 3213 dicuntur
3358 3152 3447 3224 qui
3484 3153 3561 3206 sic

1974 3278 2139 3340 agunt
2204 3279 2260 3320 ut
2308 3263 2633 3318 exstinctum
2692 3258 2884 3319 velint;
2944 3253 2988 3308 si
3037 3251 3179 3306 enim
3229 3253 3562 3301 sacramenta

1977 3360 2260 3433 quamdam
2308 3352 2708 3410 similitudinem
2761 3360 2937 3402 rerum
2997 3355 3179 3398 earum
3224 3350 3449 3406 quarum
3473 3348 3563 3385 sa-

1977 3461 2249 3512 cramenta
2296 3455 2421 3502 sont
2463 3460 2566 3499 non
2626 3441 2915 3502 haberent,
2965 3433 3185 3488 omnino
3229 3431 3566 3483 sacramenta

1981 3564 2087 3603 non
2148 3552 2348 3599 essent.
2405 3537 2485 3591 Ex
2555 3536 2654 3587 hac
2707 3537 2881 3585 autem
2933 3522 3283 3580 similitudine
3331 3518 3567 3587 plerum-

1980 3657 2087 3712 que
2143 3637 2252 3707 jatn
2299 3636 2533 3702 ipsarum
2587 3640 2763 3681 rerum
2822 3620 3035 3675 nomina
3087 3614 3437 3681 accipiuntur.
3487 3607 3573 3660 Si-

1984 3706 2077 3790 cut
2129 3706 2257 3797 ergo
2313 3721 2603 3779 secundum
2657 3712 2940 3784 quemdam
3000 3706 3213 3761 modum
3271 3712 3574 3754 sacramen-

1988 3836 2099 3879 tum
2165 3794 2410 3887 corporis
2464 3808 2659 3865 Christi
2707 3817 2900 3870 corpus
2956 3794 3181 3857 Christi,
3252 3799 3335 3844 est
3396 3799 3573 3840 sacra-

1988 3923 2223 3971 mentum
2271 3902 2545 3973 sanguinis
2594 3896 2786 3952 Christi
2838 3888 3055 3958 sanguis
3104 3881 3299 3938 Christi
3356 3885 3457 3941 est,
3504 3876 3577 3927 ita

1990 4010 2379 4063 sacramentum
2425 3993 2545 4049 ﬁdei
2588 3990 2719 4043 ﬁdes
2772 3997 2877 4040 est.
2933 3980 3071 4036 Nihil
3096 3985 3270 4030 autem
3314 3978 3396 4023 est
3437 3966 3577 4020 aliud

1991 4098 2214 4154 credere
2262 4104 2420 4160 quwm
2457 4085 2614 4138 ﬁdem
2668 4077 2866 4131 habere
2898 4090 2911 4126 :
2942 4086 3004 4125 ac
3057 4083 3148 4134 per
3192 4065 3292 4117 hoc
3333 4075 3454 4114 cum
3496 4071 3579 4110 re-

1993 4187 2290 4261 Spoudetur
2341 4178 2590 4250 parvu‘us
2641 4168 2862 4225 credere
2899 4163 2987 4233 qui
3033 4157 3153 4212 ﬁdei
3203 4151 3435 4208 umidum
3486 4149 3579 4199 Ita-

1994 4247 2121 4340 bent
2188 4247 2480 4335 affectum,
2536 4263 2924 4334 respondetur,
2973 4255 3132 4308 ﬁdem
3197 4247 3395 4302 habere
3454 4252 3580 4308 pro-

2000 4387 2114 4448 pter
2162 4370 2287 4426 ﬁdei
2332 4368 2754 4421 sacramentum,
2786 4361 2840 4406 et
2876 4356 3189 4404 convertere
3218 4356 3275 4394 se
3304 4337 3368 4389 ad
3412 4334 3577 4386 Deum

2000 4425 2218 4539 propter
2272 4451 2638 4514 conversitmis
2692 4449 3124 4500 saeramentum,
3172 4431 3294 4502 quia
3346 4435 3400 4479 et
3469 4425 3584 4523 ipsa

1928 4514 2291 4627 Diesponsio
2337 4550 2405 4605 ad
2465 4540 2884 4601 celebrationem
2936 4531 3164 4602 pertinet
3226 4514 3582 4577 sacramenti;

2010 4607 2148 4707 sicut
2174 4647 2240 4701 de
2269 4636 2660 4711 ipsohaptismo
2683 4625 3008 4698 Apostolus:
3033 4619 3072 4674 C
3112 4610 3363 4683 nsepulti,
3395 4607 3587 4711 inquit,

2011 4752 2195 4796 sumus
2209 4733 2420 4790 Christo
2444 4742 2540 4795 per
2562 4720 2879 4789 baptismqu
2900 4714 2950 4766 in
2972 4718 3195 4764 mortem
3216 4722 3227 4755 :
3247 4716 3350 4755 nou
3375 4697 3469 4762 ait,
3492 4694 3591 4748 Se—

2013 4834 2278 4904 pulturam
2302 4817 2748 4891 signiﬁcavimus,
2779 4807 2871 4862 sed
2905 4814 3119 4872 prorsus
3141 4797 3234 4857 ait,
3277 4784 3594 4856 Consepulti

2012 4880 2216 4980 sumus.
2263 4917 2664 4973 sacramentum
2710 4913 2836 4967 ergo
2867 4903 3024 4949 tanta:
3053 4890 3124 4943 rei
3169 4902 3272 4939 non
3319 4882 3417 4934 nisi
3450 4880 3594 4944 ejus-

2014 5022 2132 5073 dem
2166 5011 2243 5067 rei
2281 5002 2540 5061 vocabulo
2582 4989 2923 5060 nuncupavit.
2966 4984 3142 5051 Itaque
3190 4977 3487 5047 parvulam,
3515 4980 3596 5024 el-

2018 5114 2061 5166 si
2112 5102 2345 5162 nonduin
2384 5095 2516 5150 ﬁdes
2558 5092 2644 5144 illa
2678 5100 2794 5155 quze
2844 5084 2896 5135 in
2945 5073 3277 5132 credentium
3323 5068 3597 5121 voluntate

2017 5193 2401 5261 eonsistit,jam
2424 5196 2599 5240 tamen
2628 5180 2792 5249 ipsius
2820 5174 2939 5228 fidei
2959 5172 3350 5223 sacramentum
3384 5156 3591 5261 ﬁdeli-lin

2019 5293 2173 5354 facit;
2219 5240 2342 5339 nam
2386 5278 2522 5333 sicut
2548 5271 2768 5328 credere
2814 5258 3186 5336 respondetur,
3234 5252 3301 5304 ita
3346 5248 3502 5354 eiiaut
3538 5242 3597 5354 fi.-
3638 5240 3639 5247 ‘

2023 5330 2173 5354 ww,
2868 5330 2874 5336 η
2912 5330 2915 5331 ν

2023 5386 2171 5441 deles
2201 5385 2436 5435 vocatur,
2486 5382 2591 5422 non
2628 5378 2738 5418 rem
2768 5360 2880 5427 ipsa
2923 5360 3104 5406 mente
3151 5336 3465 5399 annuendo,
3500 5330 3592 5385 sed

2027 5476 2193 5548 ipsius
2244 5470 2319 5525 rei
2374 5466 2763 5519 sacramentum
2820 5440 3179 5518 percipiendo.
3236 5432 3363 5485 Cum
3419 5433 3597 5479 autem

2029 5531 2219 5638 sapere
2248 5563 2409 5616 homo
2450 5550 2695 5621 coeperit,
2730 5559 2834 5598 non
2866 5536 2993 5592 illud
3023 5531 3417 5585 sacramentum
3448 5532 3600 5582 repe-

2030 5623 2126 5726 tet',
2175 5656 2267 5711 sed
2321 5649 2611 5715 intelliget,
2654 5639 2872 5707 ejusque
2914 5623 3113 5681 veritati
3155 5631 3386 5673 cons‘oua
3439 5623 3603 5665 etiam

2032 5713 2301 5810 VUi’ttlllﬂlC
2371 5713 2719 5808 coztp-tabilut‘.
2768 5726 2877 5779 Hoc
2944 5713 3178 5787 quandiu
3232 5724 3334 5764 non
3383 5713 3605 5774 potest,
