3986 6190
489 327 594 384 895

1553 325 1616 381 D.
1659 319 1981 382 EUGYPPII
2019 313 2309 375 ABBA'I'IS
2346 309 2665 369 AFRICANI

3630 301 3737 357 S96

492 444 692 497 valebit
718 452 1107 498 sacramentum
1131 441 1201 497 ad
1228 441 1345 511 ejus
1383 438 1605 495 tutelam
1648 435 1907 490 adversus
1926 445 2057 487 con-
2091 432 2141 492 B
2166 428 2299 481 forte
2315 440 2451 495 quos
2478 422 2724 494 angustia
2749 419 3013 489 passionis
3036 417 3257 483 invenit,
3289 422 3344 471 et
3371 415 3615 469 uolentes
3641 429 3739 470 ne-

492 534 691 588 trarias
726 544 1035 603 potestates,
1077 542 1132 588 et
1156 540 1358 587 tantum
1395 529 1614 594 valebit,
1646 535 1709 581 ut
1740 525 1785 580 si
1814 533 1942 579 ante
1976 537 2060 576 ra-

491 628 653 681 tionis
678 644 833 682 usum
862 643 927 682 ex
960 627 1058 681 hac
1090 628 1198 680 vita
1221 623 1551 695 migraverit,
1576 618 1857 689 peripsum
1878 630 2060 671 sacra-

492 729 754 785 mentum,
786 718 1195 773 commendante
1238 717 1492 770 Ecclesia:
1532 714 1828 773 charitate,
1861 708 1931 762 ab
1974 707 2058 761 illa

491 807 939 862 condemnatione
966 822 1086 877 quze
1114 822 1211 875 per
1254 821 1416 859 unum
1448 803 1716 857 hominem
1749 799 1964 854 intravit
2008 796 2061 849 in

493 897 771 964 mundum,
800 895 1104 951 Christiano
1118 896 1384 966 adiutorio
1404 896 1683 950 liberetur.
1713 892 1824 949 Hoc
1845 890 1934 961 qui
1957 904 2062 943 non

490 989 661 1042 credit
688 998 740 1042 et
767 989 877 1043 fieri
918 1006 1021 1043 non
1054 1004 1212 1058 posse
1230 986 1806 1056 arbitratur,profeclo
1832 981 2064 1037 infidelis

488 1088 603 1142 est,
632 1080 730 1131 etsi
755 1078 951 1133 haheat
973 1079 1096 1132 fidei
1122 1090 1519 1133 sacramentum
1549 1094 1562 1143 ;
1588 1078 1847 1145 longeque
1874 1072 2064 1128 melior

492 1176 581 1220 est
603 1168 691 1221 ille
719 1168 972 1234 parvulus
1001 1169 1095 1237 qui
1120 1168 1326 1223 etiamsi
1344 1168 1496 1221 fidem
1524 1166 1764 1221 nondum
1796 1164 1985 1218 habeat
2010 1163 2065 1216 in

491 1257 837 1323 cogitatione,
870 1274 973 1311 non
1004 1259 1052 1315 ei
1099 1267 1279 1312 tamen
1308 1259 1513 1312 obicem
1555 1255 1839 1311 contrariae
1864 1253 2065 1322 cogita—

494 1347 655 1400 tionis
684 1349 943 1416 Opponit,
994 1349 1137 1406 unde
1164 1358 1557 1404 sacramentum
1604 1347 1722 1415 ejus
1779 1344 2064 1400 salubriter

492 1438 743 1506 percipit.

985 1508 1211 1566 CAPUT
1285 1506 1567 1563 CCXXXI.

489 1595 570 1649 An
600 1600 820 1668 apostoli
844 1600 1032 1667 fuerint
1058 1600 1332 1670 baptismi;
1362 1614 1426 1652 ex
1454 1597 1673 1668 epistola
1701 1597 1768 1649 ad
1794 1594 2063 1651 Seleucia-

1212 1685 1350 1723 nam.

2161 531 2290 585 gare
2333 514 2606 568 Christum
2636 522 2924 580 antequam
2958 509 3356 576 baptizarentur
3395 506 3555 560 occisi
3590 513 3739 569 sunt,

2162 605 2354 674 quibus
2381 605 2492 673 ipsa
2530 601 2713 670 passio
2760 615 2857 669 pro
2908 598 3174 668 baptismo
3218 597 3467 665 deputata
3498 603 3604 649 est.
3632 595 3745 650 Sed

2163 695 2398 765 nunquid
2426 698 2525 748 hoc
2555 705 2837 761 possumus
2860 691 2929 744 de
2948 688 3215 757 Apostolis
3235 687 3434 753 dicere,
3462 688 3551 755 qui
3575 700 3748 755 usque

2163 785 2298 840 adeo
2329 785 2531 855 largum
2565 794 2775 854 tempus
2823 780 3128 834 habuerunt
3170 794 3276 847 quo
3320 776 3743 846 baptizarentur,

2164 883 2222 927 ut
2250 873 2384 927 alios
2427 872 2588 926 etiam
2629 868 3049 940 baptizaverint?
3096 866 3200 923 Sed
3250 882 3353 920 non
3399 866 3573 919 omnia
3618 880 3746 934 quae

2167 965 2301 1018 facta
2331 972 2454 1017 sunt
2501 963 2661 1017 etiam
2705 960 2900 1029 scripta
2949 958 3319 1021 inveniuntur;
3371 968 3744 1010 verumtamen

2164 1056 2297 1110 facta
2320 1070 2438 1109 esse
2458 1070 2521 1107 ex
2541 1052 2746 1107 caeteris
2766 1050 3103 1105 documentis
3133 1048 3443 1116 probantur.
3463 1046 3744 1114 Scriptum

2165 1156 2245 1201 est
2272 1146 2483 1216 quando
2513 1144 2807 1214 baptizatus
2836 1143 2907 1196 sit
2930 1142 3217 1209 Apostolus
3249 1139 3466 1205 Paulus,
3490 1147 3545 1192 et
3572 1139 3747 1205 scrip-

2167 1250 2274 1294 tum
2309 1257 2411 1293 non
2458 1248 2539 1293 est
2569 1236 2782 1305 quando
2810 1234 3057 1303 baptizati
3085 1234 3193 1288 sint
3237 1232 3325 1285 alii
3362 1232 3609 1295 apostoli,
3645 1245 3745 1283 ve-

2166 1348 2283 1386 rum
2322 1344 2497 1385 tamen
2530 1330 2690 1384 etiam
2737 1327 2884 1395 ipsos
2916 1325 3213 1391 baptizatos
3238 1322 3532 1391 intelligere
3570 1320 3747 1374 debe-

2167 1437 2283 1477 mus
2302 1462 2315 1485 ,
2349 1417 2797 1490 quemadmodum
2825 1416 3081 1484 scriptum
3105 1424 3205 1480 est,
3234 1413 3583 1482 quandubapt
3608 1420 3747 1465 ιιι-ε

2165 1524 2285 1567 sunt
2320 1511 2498 1580 plebes
2528 1509 2885 1565 Ecclesiarum
2906 1505 3299 1561 inllierusalem
3320 1506 3437 1559 etin
3457 1504 3746 1570 Samaria;

2166 1602 2378 1672 quando
2391 1610 2567 1655 autem
2582 1598 2861 1669 baptizata:
2888 1597 2993 1651 sint
3012 1596 3129 1650 alia:
3143 1594 3324 1664 plebes
3340 1595 3600 1663 gentium,
3624 1594 3746 1662 qui-

2165 1694 2264 1748 bus
2288 1691 2517 1760 apostoli
2534 1690 2789 1760 epistolas
2805 1689 3086 1751 miserunt,
3110 1702 3218 1740 non
3248 1694 3331 1741 est
3360 1686 3543 1754 utique
3568 1685 3743 1752 serip-

562 1777 926 1848 Nescioqnale
954 1794 1050 1835 COI'
1081 1780 1273 1835 habeat
1302 1781 1412 1849 qui,
1444 1794 1566 1834 cum
1592 1777 1863 1845 aDOSIOIOS
1889 1775 2062 1844 bapti-
2096 1792 2139 1850 Β
2167 1793 2277 1839 tum
2308 1802 2322 1839 ε
2354 1793 2407 1839 ει
2432 1794 2607 1838 tamen
2629 1782 2788 1837 etiam
2820 1781 2964 1850 ipsas
2978 1780 3270 1849 baptizata
3288 1777 3509 1832 minime
3532 1777 3743 1831 dubita-

489 1880 639 1926 zatos
670 1872 842 1936 dicat,
887 1873 1103 1929 Petrum
1149 1873 1473 1941 baptizatum
1502 1880 1679 1941 negat.
1703 1869 1856 1937 Quod
1884 1878 2062 1921 autem

491 1960 683 2015 dicitur
716 1962 904 2017 Petrus
934 1964 1109 2034 egisse
1138 1963 1532 2033 paenitentiam,
1556 1962 1849 2017 cavendum
1876 1968 1958 2014 est
1998 1973 2065 2015 ne

492 2049 566 2103 ita
598 2058 811 2120 putetur
858 2052 1032 2122 egisse
1079 2054 1347 2124 quomodo
1397 2063 1563 2124 agunt
1591 2054 1643 2107 in
1691 2051 1925 2107 Ecclesia
1977 2052 2063 2120 qui

492 2143 711 2210 proprie
759 2143 1082 2209 ptenitentes
1111 2153 1370 2198 vocantur
1415 2153 1516 2199 :et
1544 2143 1665 2212 quis
1707 2142 1805 2197 hoc
1847 2140 1983 2195 ferat
2010 2147 2067 2192 nt

492 2230 719 2297 primum
750 2235 1110 2300 apostolorum
1155 2234 1293 2288 inter
1324 2234 1457 2289 tales
1502 2236 1827 2303 pmnitentes
1876 2246 2065 2285 nume.

496 2320 720 2375 randum
786 2325 1063 2391 putemus?
1115 2324 1370 2379 Pmnituit
1424 2325 1566 2379 enim
1641 2339 1761 2380 eum
1840 2338 2066 2393 negasse

492 2409 765 2466 Christum
793 2453 807 2475 ,
844 2414 989 2482 quod
1041 2418 1157 2481 ejus
1209 2414 1445 2469 indicant
1484 2415 1767 2486 laeryma‘;
1813 2414 1892 2467 sic
1921 2414 2063 2467 enim

491 2499 747 2567 scriptum
771 2510 890 2556 est:
918 2503 1051 2569 Quia
1083 2503 1227 2558 ﬂevit
1253 2518 1455 2559 amare.
1497 2504 1740 2558 Nondum
1784 2503 1922 2557 enim
1954 2503 2067 2558 fue-

493 2596 615 2641 rant
642 2592 1034 2647 resurrectione
1068 2592 1274 2646 Domini
1296 2593 1595 2647 conlirmati
1612 2601 1698 2657 ,et
1726 2592 1814 2647 illo
1835 2592 2066 2647 adventu

493 2677 724 2746 Spiritus
762 2682 964 2746 sancti,
1006 2682 1095 2750 qui
1138 2681 1381 2751 apparuit
1425 2681 1512 2736 die
1564 2681 1947 2749 Pentecostes,
1980 2681 2066 2736 vel

492 2766 585 2823 illa
614 2770 962 2839 inspiratione
998 2786 1157 2841 quam
1199 2772 1587 2827 demonstravit
1631 2771 1889 2826 Dominus
1922 2781 2069 2839 post-

494 2874 653 2928 quam
680 2863 975 2917 resurrexit
1004 2877 1033 2915 a
1058 2863 1301 2927 mortuis,
1326 2878 1446 2916 cum
1484 2862 1770 2916 insufflavit
1807 2861 1856 2914 iu
1880 2876 2063 2915 eorum

494 2951 680 3006 faciem
729 2952 955 3007 dicens:
988 2953 1232 3022 Accipite
1277 2953 1538 3021 Spiritum
1589 2959 1856 3005 sanctum.
1916 2951 2066 3005 Unde

494 3050 638 3097 recte
663 3041 767 3097 dici
796 3052 969 3112 petest
999 3045 1121 3113 quia
1150 3059 1268 3098 cum
1293 3043 1482 3098 Petrus
1514 3044 1725 3113 negavit
1754 3044 2061 3111 Dominum,

2168 1888 2309 1937 mus,
2333 1882 2551 1943 propter
2577 1872 2720 1925 il'am
2747 1870 2959 1926 Domini
2978 1868 3297 1923 sententiam
3323 1885 3338 1921 :
3370 1866 3482 1921 Nisi
3510 1866 3635 1935 quis
3659 1880 3743 1921 re-

2168 1974 2324 2018 natus
2346 1964 2505 2018 fuerit
2527 1978 2593 2017 ex
2613 1976 2749 2032 aqua
2784 1971 2837 2016 et
2854 1962 3058 2030 Spiritu
3086 1968 3295 2023 sancto,
3312 1974 3416 2013 non
3444 1958 3669 2011 intrabit
3693 1957 3743 2011 in

2167 2071 2391 2125 regnum
2414 2053 2695 2109 cmlorum.
2711 2051 3006 2116 Utrumque
3033 2059 3209 2104 autem
3230 2050 3297 2103 de
3321 2049 3553 2102 Domino
3573 2048 3744 2116 scrip-

2167 2156 2277 2201 tum
2297 2154 2398 2210 est,
2417 2144 2539 2214 quia
2562 2143 2860 2212 baptizabat
2883 2142 3060 2210 plures
3081 2155 3240 2210 quam
3265 2138 3519 2203 Joannes,
3544 2148 3601 2193 et
3622 2139 3744 2208 quia

2170 2240 2285 2311 ipse
2311 2253 2416 2293 non
2464 2237 2785 2306 baptizabat,
2817 2234 2911 2290 sed
2937 2234 3182 2303 discipuli
3208 2232 3322 2301 ejus
3349 2273 3364 2298 ,
3396 2240 3453 2285 ut
3481 2232 3743 2301 intellige-

2167 2344 2349 2384 remus
2377 2337 2432 2385 et
2453 2330 2623 2397 Ipsum
2655 2326 2868 2397 quidem
2898 2326 3197 2393 baptizasse
3226 2323 3511 2392 prassentia
3542 2320 3743 2391 majes-

2169 2420 2327 2485 tatis,
2360 2432 2466 2473 non
2495 2426 2673 2471 tamen
2696 2418 2870 2484 ipsum
2893 2415 3190 2484 baptizasse
3217 2412 3464 2467 manibus
3488 2411 3642 2465 suis:
3667 2411 3744 2480 ip-

2168 2512 2279 2567 sius
2306 2512 2448 2566 enim
2477 2520 2593 2567 erat
2624 2509 2879 2579 Baptismi
2911 2515 3323 2567 sacramentum;
3354 2506 3421 2559 ad
3451 2503 3745 2572 discipulos

2166 2612 2346 2657 autem
2375 2601 2675 2671 baptizandi
2708 2600 3061 2654 ministerium
3092 2596 3411 2666 pertinebat.
3441 2594 3593 2649 Tunc
3616 2607 3743 2662 ergo

2167 2691 2382 2761 quando
2409 2691 2538 2746 dicit
2561 2690 2796 2747 Joannes
2831 2687 3156 2758 evangelista
3190 2685 3244 2739 iu
3292 2683 3585 2754 Evangelia
3614 2698 3743 2749 suo,

2170 2782 2297 2837 Post
2320 2782 2435 2837 haec
2454 2781 2586 2837 exiit
2613 2780 2769 2837 Jesus
2794 2789 2848 2834 et
2872 2778 3118 2847 discipuli
3140 2777 3259 2847 ejus
3285 2776 3339 2829 in
3368 2775 3607 2831 Judmam
3641 2782 3745 2829 ter-

2168 2888 2304 2938 ram,
2334 2883 2390 2929 et
2420 2874 2526 2928 illic
2564 2873 2872 2928 morabatur
2898 2886 3017 2925 cum
3047 2869 3146 2931 eis,
3176 2877 3232 2923 et
3253 2868 3556 2938 baptizabat
3581 2884 3595 2932 ;
3617 2877 3743 2921 tunc

2171 2964 2327 3033 paqu
2360 2975 2474 3032 post
2497 2962 2565 3018 de
2607 2963 2697 3016 illo
2726 2962 2945 3030 loquens
2975 2960 3047 3013 ait
3077 2976 3089 3012 :
3129 2958 3191 3013 Ut
3221 2972 3348 3026 ergo
3375 2956 3629 3027 cognovit
3649 2955 3737 3010 Je-

2170 3069 2262 3108 sus
2285 3054 2405 3122 quia
2436 3053 2714 3107 audierant
2735 3051 2987 3106 Pharisaei
3018 3048 3158 3119 quod
3188 3048 3343 3103 Jesus
3373 3048 3555 3115 plures
3578 3046 3742 3101 disci-

493 3134 728 3188 nondum
756 3136 964 3190 fuerant
993 3138 1217 3205 apostoli
1251 3136 1497 3205 baptizati
1524 3177 1539 3203 ,
1567 3151 1671 3190 non
1705 3145 1879 3190 tamen
1908 3152 2059 3203 aqua,

2175 3147 2325 3215 pulos
2373 3146 2610 3211 faceret,
2652 3153 2708 3200 et
2754 3144 3046 3214 baptizaret
3088 3142 3269 3212 plures
3312 3155 3468 3209 quam
3506 3139 3741 3193 Joannes

492 3224 586 3279 sed
608 3226 811 3293 Spiritu
832 3236 1039 3283 sancto.
1072 3228 1181 3282 Iloc
1224 3229 1305 3282 eis
1348 3228 1482 3281 dixit
1510 3236 1852 3297 posteaquam
1887 3243 2064 3282 resur-

493 3317 648 3377 rexit.
681 3330 730 3371 et
767 3327 1114 3373 conversatus
1159 3328 1245 3373 est
1287 3333 1407 3373 cum
1456 3319 1557 3373 eis.
1586 3318 1819 3373 Joannes
1847 3318 2063 3387 quidem

493 3405 781 3472 baptizavit
827 3422 1002 3476 aqua,
1052 3422 1147 3462 vos
1200 3417 1377 3462 autem
1426 3407 1822 3475 baptizahimini
1865 3407 2066 3477 Spiritu

494 3505 719 3556 sancto,
769 3511 925 3562 quem
977 3507 1031 3550 et
1082 3497 1351 3564 accepturi
1402 3497 1532 3551 estis
1586 3513 1690 3551 non
1749 3507 1869 3565 post
1926 3498 2063 3551 mul-

492 3596 577 3639 tos
623 3586 719 3639 bos
766 3586 901 3639 dies.
952 3587 1130 3656 Aliqui
1175 3598 1350 3640 autem
1401 3587 1614 3641 codices
1669 3587 1906 3641 habent:
1959 3587 2063 3641 Vos

493 3685 670 3728 autem
754 3674 955 3740 Spiritu
1029 3687 1214 3731 sancto
1292 3677 1553 3745 incipietis
1618 3676 1910 3744 baptizari;
1969 3677 2062 3730 sed

493 3769 606 3822 sive
661 3768 867 3821 dicatur
914 3768 1338 3836 Baptizabimini,
1387 3768 1502 3823 sive
1540 3767 1744 3821 dicatur
1800 3766 2066 3836 Incipietis

490 3857 767 3927 baptizari,
798 3858 863 3912 ad
891 3874 1001 3914 rem
1044 3859 1175 3912 nihil
1208 3861 1451 3914 interest.
1480 3859 1609 3913 Nam
1659 3858 1710 3911 in
1742 3858 2064 3928 quibuscun-

408 3972 413 4003 τ
492 3965 596 4018 que
638 3949 909 4004 codicibus
944 3949 1211 4005 invenitur
1255 3951 1614 4020 Baptizaberis
1665 3961 1754 4003 aut
1800 3952 2063 4020 lncipietis

490 4039 785 4106 baptizari,
819 4039 1059 4094 mendosi
1091 4048 1214 4093 sunt
1258 4056 1271 4093 :
1319 4042 1406 4107 qui
1439 4055 1503 4094 ex
1549 4041 1754 4093 Grzecis
1809 4041 2063 4097 facillime

485 4129 890 4184 convincuntur.
912 4132 966 4185 Si
992 4140 1167 4185 autem
1197 4130 1423 4185 dicimus
1445 4146 1580 4200 aqua
1615 4146 1718 4186 non
1750 4130 1919 4188 fuisse
1941 4133 2063 4203 bap-

487 4223 699 4285 tizatos,
731 4223 1070 4278 metuendum
1103 4234 1184 4278 est
1215 4239 1281 4277 ne
1330 4223 1561 4293 graviter
1604 4224 1655 4277 in
1689 4226 1766 4279 eis
1796 4240 2060 4294 erremus,

487 4325 554 4365 ne
616 4310 803 4367 demus
871 4313 1179 4368 hominibus
1254 4313 1623 4368 auctoritatem
1685 4316 2057 4369 contemnendi

486 4398 804 4468 baptismum
832 4440 847 4466 ,
879 4417 1033 4471 quem
1087 4419 1253 4473 usque
1284 4404 1418 4457 adeo
1470 4420 1574 4456 non
1606 4406 2057 4460 contemnendum

2172 3237 2497 3308 (quanquam
2537 3235 2695 3290 Jesus
2721 3235 2836 3303 ipse
2867 3249 2971 3289 non
3018 3232 3331 3299 baptizaret,
3361 3229 3456 3285 sed
3493 3228 3738 3296 discipuli

2168 3328 2329 3399 ejus),
2357 3328 2570 3398 reliquit
2596 3327 2830 3382 Judzeam
2863 3333 3081 3390 terram,
3113 3333 3168 3377 et
3191 3321 3322 3375 abiit
3354 3324 3544 3375 iterum
3570 3322 3623 3373 in
3642 3318 3738 3373 Ga-

2169 3419 2382 3473 lilaaam.
2405 3418 2554 3471 Tunc
2582 3432 2711 3486 ergo
2732 3416 2944 3485 quando
2965 3414 3032 3468 ab
3063 3412 3445 3482 Hierosolymis
3466 3410 3601 3466 exiit
3621 3426 3736 3464 cum

2168 3510 2447 3578 discipulis
2479 3510 2589 3563 suis
2619 3508 2670 3562 in
2713 3506 2951 3563 Judtcam
2979 3544 2995 3571 ,
3039 3512 3094 3558 et
3119 3503 3227 3559 illic
3272 3504 3581 3557 morabatur
3620 3516 3737 3554 cum

2167 3599 2266 3662 eis,
2303 3599 2605 3667 baptizabat
2635 3612 2741 3652 non
2774 3612 2868 3665 per
2898 3597 3131 3665 seipsum
3153 3636 3169 3661 ,
3200 3594 3295 3647 sed
3332 3609 3424 3660 per
3444 3592 3735 3661 discipulos

2166 3704 2293 3743 suos
2324 3703 2495 3759 :quos
2525 3678 2872 3758 intelligimus
2910 3687 3018 3754 jam
3052 3684 3214 3739 fuisse
3255 3684 3551 3751 baptizatos
3577 3722 3593 3747 ,
3623 3682 3738 3736 sive

2168 3779 2435 3848 baptismo
2464 3778 2714 3843 Joannis,
2741 3779 2878 3831 sicut
2901 3773 3141 3829 nonnulli
3172 3774 3499 3827 arbitrantur
3522 3810 3536 3833 ,
3585 3771 3730 3833 sive,

2166 3870 2309 3940 quod
2354 3871 2522 3939 magis
2568 3867 2824 3922 credibile
2855 3874 2955 3929 est,
2992 3865 3257 3933 baptismo
3300 3860 3530 3924 Christi;
3566 3874 3735 3927 neque

2165 3961 2307 4014 enim
2348 3958 2706 4015 ministerium
2760 3955 3061 4025 baptizandi
3091 3953 3383 4022 defugeret,
3415 3961 3473 4005 ut
3516 3951 3737 4005 haberet

2164 4051 2458 4120 baptizatos
2484 4064 2670 4106 servos
2701 4063 2794 4118 per
2840 4063 2975 4116 quos
3021 4054 3244 4101 exteros
3288 4044 3616 4111 baptizaret,
3647 4043 3734 4110 qui

2165 4157 2270 4196 non
2298 4141 2497 4210 defugit
2537 4139 2898 4195 memorabilis
2949 4138 3091 4192 illius
3128 4135 3447 4191 humilitati
3496 4134 3734 4188 ministe-

2164 4234 2320 4297 rium,
2351 4232 2563 4302 quando
2588 4232 2666 4286 eis
2692 4230 2819 4284 lavit
2842 4229 3030 4298 pedes,
3058 4236 3112 4282 et
3140 4232 3337 4295 petenti
3362 4224 3522 4279 Petro
3550 4234 3606 4276 ut
3632 4238 3734 4276 non

2162 4333 2365 4378 tantum
2395 4322 2582 4391 pedes.
2612 4336 2795 4375 verum
2821 4322 2980 4376 etiam
3009 4334 3197 4373 manus
3238 4328 3291 4372 et
3319 4327 3478 4385 caput
3503 4316 3553 4369 ei
3586 4316 3733 4368 lava-

2162 4425 2275 4482 ret,
2304 4414 2620 4482 respondit:
2649 4413 2750 4479 Qui
2776 4412 2918 4467 Intus
2946 4420 3047 4478 est,
3074 4425 3179 4465 non
3210 4409 3406 4478 indiget
3434 4406 3538 4462 nisi
3572 4417 3735 4473 utpo-

485 4478 597 4545 ipsa
630 4481 923 4548 apostolica
951 4483 1231 4550 diSciplina
1270 4484 1648 4549 commendat,
1690 4495 1747 4537 ut
1775 4484 2056 4541 Cornelius

2166 4478 2270 4561 des?
2287 4478 2446 4575 lavet,
2479 4505 2571 4561 sed
2601 4478 2689 4560 est
2704 4503 3119 4569 mundustotus;
3151 4502 3237 4556 ubi
3263 4498 3576 4569 intelligitur
3597 4496 3732 4568 quod

485 4570 727 4624 centurio
751 4578 803 4624 et
827 4570 878 4624 hi
904 4571 989 4640 qui
1021 4587 1140 4625 cum
1180 4574 1270 4625 illo
1300 4582 1473 4636 erant,
1515 4574 1671 4627 etiam
1697 4574 1805 4642 jam
1836 4585 2056 4644 accepto

481 4660 680 4729 Spiritu
727 4672 934 4729 sancto,
966 4663 1160 4719 fuerint
1189 4665 1435 4732 baptizati
1470 4681 1481 4716 :
1514 4665 1651 4718 sicut
1679 4664 1881 4733 antiqui
1904 4664 2055 4733 justi,

479 4749 523 4800 si
554 4764 658 4801 non
686 4750 1191 4806 circuntcitl.~rcntur
1214 4792 1230 4817 ,
1256 4767 1359 4805 non
1384 4760 1499 4806 erat
1526 4751 1604 4805 eis
1622 4760 1918 4819 peceatum,
1935 4768 2057 4821 pos~

481 4844 565 4889 tea
591 4851 716 4891 vero
744 4853 898 4906 quam
943 4840 1105 4907 jussit
1134 4842 1274 4895 Deus
1305 4851 1359 4894 ut
1388 4842 1862 4898 circumcideretur
1887 4844 2056 4898 Abra-

478 4921 854 4995 ham‘cjusque
897 4933 1202 5000 posteritas,
1245 4931 1355 5001 jam
1401 4933 1445 4986 si
1496 4948 1600 4986 non
1653 4933 1840 5001 ﬁeret,
1892 4950 2053 5005 grave

474 5026 753 5081 peccatum
779 5016 903 5072 fuit:
928 5020 1004 5074 sic
1033 5024 1192 5075 etiam
1223 5032 1504 5092 postquam
1531 5024 1785 5079 Dominus
1806 5025 2050 5092 Christus

474 5103 527 5157 in
562 5104 802 5162 Ecclesia
832 5124 925 5163 sua
966 5124 1360 5168 sacramentum
1393 5114 1525 5169 Novi
1558 5090 2049 5188 Testamenti,‘pro

472 5200 881 5256 circumcisione
911 5204 1089 5258 carnis
1137 5218 1378 5259 sanctum
1432 5206 1753 5275 baptismum
1800 5208 1949 5263 dedit
1995 5220 2047 5263 et

472 5291 809 5357 apertissime
852 5293 1029 5348 dixit:
1073 5295 1127 5349 Si
1179 5297 1297 5363 quis
1345 5311 1448 5348 non
1500 5306 1718 5350 renatus
1768 5299 1926 5352 fuerit
1975 5313 2039 5351 ex

469 5396 607 5451 aqua
638 5392 691 5438 et
723 5386 925 5454 Spiritu
954 5397 1139 5441 sancto
1164 5430 1178 5453 ,
1210 5401 1315 5441 non
1345 5389 1565 5444 intrabit
1588 5390 1638 5442 in
1664 5389 1902 5459 Regnum
1934 5404 2044 5444 cm-

470 5475 688 5551 lorum;
724 5478 834 5549 jam
864 5496 967 5534 non
999 5480 1254 5535 debemus
1295 5496 1534 5549 qumrere
1570 5482 1782 5549 quando
1818 5482 2043 5552 quisque

472 5568 628 5621 fuerit
649 5572 965 5638 liaptiz:ttu-',
998 5573 1089 5627 Sed
1119 5588 1461 5641 quoscunque
1487 5573 1711 5642 legimus
1740 5574 1790 5626 in
1820 5588 2044 5642 corpore

471 5656 688 5714 Christi.
723 5664 862 5731 quod
894 5673 976 5718 est
1002 5664 1258 5729 Ecclesia,
1293 5664 1556 5732 pertinuere
1586 5666 1647 5717 ad
1684 5680 1903 5734 regnum
1934 5681 2042 5719 em-

469 5743 666 5817 lorum,
702 5755 934 5809 nonnisi
958 5755 1256 5825 baptizatos
1288 5755 1583 5826 intelligere
1625 5756 1900 5823 debemus,
1936 5757 2037 5811 nisi

2156 4599 2263 4669 jam
2297 4600 2484 4653 Petrus
2510 4597 2681 4652 fuerat
2707 4596 3022 4664 baptizatus.

2648 4685 2873 4741 CAPUT
2920 4685 3224 4741 CCXXXII.

2156 4782 2263 4852 25
2297 4781 2445 4846 Quod
2500 4780 2726 4852 superbis
2776 4780 2851 4831 vel
2902 4775 3454 4852 occultepecmntilms
3506 4775 3632 4829 utile
3671 4776 3734 4827 sit

2225 4849 2406 4904 cadere
2427 4853 2477 4903 in
2505 4850 2711 4915 aliquod
2736 4858 2963 4918 apertum
2988 4849 3409 4917 manifestumque
3432 4856 3731 4909 peccatum;

2226 4936 2289 4974 ea:
2314 4921 2443 4975 libro
2473 4937 2559 4975 xw
2582 4922 2644 4974 de
2673 4921 2885 4974 Civitate
2910 4918 3027 4972 Dei.

2226 5031 2505 5087 Manifesta
2530 5044 2660 5101 ergo
2690 5038 2987 5099 apertoque
3018 5036 3240 5097 peccato
3262 5067 3276 5091 ,
3302 5028 3390 5081 ubi
3422 5026 3627 5083 factum
3656 5039 3733 5084 est

2152 5122 2294 5189 quod
2329 5122 2468 5177 Deus
2502 5120 2614 5174 fieri
2646 5120 3013 5190 prohibuerat,
3047 5118 3298 5172 Diabolus
3327 5120 3602 5174 hominem
3629 5136 3730 5173 non

2151 5211 2381 5278 cepisset
2427 5208 2793 5280 [decepisset],
2848 5210 2950 5264 nisi
2988 5209 3096 5278 jam
3129 5209 3218 5262 ille
3247 5210 3344 5262 sibi
3376 5209 3475 5275 ipsi
3520 5212 3730 5276 placere

2150 5303 2425 5367 coepisset.
2462 5302 2592 5357 Hinc
2614 5303 2753 5356 enim
2782 5310 2837 5356 et
2865 5300 3157 5357 delectavit
3196 5298 3337 5368 quod
3371 5298 3577 5352 dictum
3608 5310 3687 5353 est
3713 5318 3723 5349 ;

2156 5390 2318 5446 Erilis
2357 5390 2493 5444 sicut
2520 5390 2592 5443 dii
2619 5404 2635 5455 ;
2667 5388 2807 5458 quod
2854 5388 3049 5443 melius
3091 5403 3213 5442 esse
3258 5397 3478 5455 possent
3518 5402 3726 5443 summo

2152 5495 2388 5549 veroque
2421 5479 2680 5550 principio
2708 5478 3029 5534 coltmrendo
3060 5494 3153 5546 per
3193 5476 3577 5543 obedientiam,
3622 5493 3723 5530 non

2152 5589 2306 5628 suum
2338 5573 2441 5628 sibi
2471 5571 2760 5627 existendo
2790 5570 3111 5639 principium
3145 5584 3239 5637 per
3270 5568 3600 5637 superbiam.
3645 5568 3720 5621 Dii

2150 5664 2291 5718 enim
2332 5662 2499 5717 creati
2531 5678 2635 5716 non
2660 5676 2753 5715 sua
2778 5661 3022 5725 veritate,
3054 5659 3147 5715 sed
3174 5659 3266 5713 Dei
3295 5660 3405 5712 veri
3437 5660 3721 5729 participa-

2149 5755 2296 5811 tione
2337 5764 2465 5810 sunt
2493 5753 2586 5809 dii.
2616 5752 2742 5809 Plus
2781 5760 2959 5809 autem
2985 5749 3191 5826 [homo]
3213 5750 3513 5821 appetendo
3543 5750 3718 5807 minus
