4016 6184
308 292 412 347 897

1458 299 1677 355 TIIESA
1690 298 1885 356 URUS.
1926 298 2079 355 CAP.
2120 301 2443 361 CCXXXIII.

3453 320 3557 376 898

302 426 408 479 eat,
440 419 529 484 qui
554 417 680 473 dum
720 419 821 473 sibi
861 420 1108 476 sufﬁcere
1134 418 1302 489 eligit,
1330 420 1515 475 abillo
1545 422 1632 488 qui
1671 422 1722 475 ei
1753 435 1878 475 vere
1910 424 1959 480 A
1982 420 2079 474 dit.
2108 421 2162 476 Si
2194 429 2373 477 autem
2407 436 2507 476 nec
2534 422 2704 491 capit,
2735 430 2791 476 et
2816 436 2877 478 ea
2904 437 3025 494 qua:
3053 425 3391 497 intelligenda
3430 448 3556 490 sum

302 506 525 571 Stlmrit.
563 510 763 567 deﬁcit.
811 510 947 565 Illud
976 512 1155 581 itaque
1200 511 1422 576 malum,
1452 527 1584 581 quo,
1610 528 1734 567 cum
1781 512 1883 566 sibi

301 593 471 647 homo
502 607 676 670 placet
700 610 948 669 tamquam
980 601 1049 655 sit
1070 609 1128 655 et
1150 602 1267 670 ipse
1295 602 1496 666 lumen,
1526 604 1784 657 avertitur
1812 602 1882 657 ab

302 698 370 736 ‘30
414 692 633 756 lumine,
676 690 816 760 quod
847 690 895 744 ei
927 690 971 746 si
1003 692 1228 759 placeat,
1246 698 1307 745 et
1329 691 1447 760 ipse
1478 691 1540 745 fit
1564 693 1741 746 lumen
1774 709 1787 744 :
1820 691 1886 745 il-

302 781 427 846 lud,
460 755 710 848 inquam,
732 755 926 835 malum
960 755 1235 850 praecessit
1264 782 1319 836 in
1349 755 1553 846 abdito,
1588 791 1646 836 ut
1691 794 1886 851 aeque-

306 881 465 926 retur
501 872 606 926 hoc
660 873 858 926 malum
914 873 1054 941 quod
1111 888 1251 927 nunc
1294 880 1651 941 perpetratum
1699 881 1783 926 est
1826 871 1886 925 in

307 971 524 1032 aperto.
571 963 765 1019 Verum
812 975 897 1021 est
928 964 1078 1020 enim
1121 965 1263 1034 quod
1316 965 1575 1034 scripturn
1594 963 1887 1021 est:Ante

307 1054 524 1110 ruinam
565 1056 831 1111 exaltatur
872 1070 989 1123 eor,
1019 1068 1074 1112 et
1118 1067 1246 1111 ante
1284 1058 1511 1126 gloriam
1554 1057 1884 1111 humiliatur.

309 1145 406 1198 Illa
443 1161 662 1213 prorsus
692 1148 867 1213 ruina,
900 1163 1018 1215 qua:
1043 1147 1102 1200 ﬁt
1142 1147 1194 1202 in
1235 1150 1466 1213 occulto,
1502 1149 1755 1216 praecedit
1778 1147 1887 1201 rui-

312 1252 439 1289 nam
470 1252 589 1305 quae
627 1248 709 1291 est
736 1240 787 1290 in
818 1239 1121 1304 manifesto,
1152 1238 1277 1292 dum
1300 1238 1389 1292 illa
1428 1239 1583 1293 ruina
1626 1254 1748 1294 esse
1779 1252 1885 1292 non

308 1336 551 1393 putatur.
578 1326 709 1392 Quis
729 1329 874 1381 enim
914 1329 1295 1383 exaltationem
1320 1328 1530 1382 ruinam
1558 1335 1733 1397 putat,
1760 1342 1884 1383 cum

304 1417 421 1485 jam
457 1418 527 1473 ibi
555 1418 622 1472 sit
646 1418 911 1484 defer-tus,
940 1435 1046 1488 quo
1085 1420 1304 1474 relictus
1336 1429 1419 1473 est
1462 1419 1737 1474 excelsus?
1767 1418 1888 1487 quis

304 1517 494 1561 autem
528 1507 734 1561 ruinam
780 1524 902 1562 esse
928 1523 1032 1561 non
1064 1508 1260 1575 videat,
1308 1508 1522 1578 quando
1558 1508 1618 1561 ﬁt
1651 1506 1885 1562 mandati

304 1598 538 1650 evidens
567 1606 726 1665 atque
765 1597 1061 1652 indubitata
1088 1598 1479 1667 transgressio?
1520 1597 1746 1666 Propter
1787 1597 1888 1653 hoc

310 1692 463 1745 Deus
506 1690 635 1744 illud
690 1691 982 1759 prohibuit,
1026 1690 1169 1760 quod
1204 1705 1324 1745 cum
1373 1701 1520 1745 esset
1564 1690 1881 1754 admissum,

1988 511 2254 566 credenda
2284 512 2652 567 tantummodo
2684 515 2976 579 existimat,
3006 518 3092 571 cui
3122 532 3199 573 ret
3227 519 3360 576 ﬁdes
3387 528 3558 591 presit

1988 601 2212 671 ignorat.
2259 602 2393 656 Nam
2440 604 2526 672 pia
2573 603 2705 658 ﬁdes
2740 605 2859 659 sine
2893 620 2990 674 spe
3042 615 3100 662 et
3144 610 3263 665 sine
3298 613 3563 672 ebaritate

1984 708 2107 748 esse
2136 708 2240 748 non
2278 696 2410 749 vnit.
2442 695 2532 750 Sic
2561 697 2718 764 igitur
2746 696 2907 751 homo
2937 698 3108 753 ﬁdelis
3132 700 3300 756 debet
3337 706 3561 762 credere

1986 783 2132 853 quod
2158 783 2396 838 nondum
2426 784 2591 851 videt,
2620 795 2676 839 ut
2701 786 2960 843 visionem
2990 797 3044 843 et
3073 801 3274 858 Speret,
3307 804 3360 848 et
3391 807 3556 852 amet.

1992 873 2059 927 Et
2088 874 2377 928 visibilium
2407 876 2621 943 quidem
2652 890 2830 931 mum
2854 880 3404 950 praeteritarum,qu:e
3426 894 3559 940 tem-

1988 965 2249 1034 porali'er
2297 969 2644 1035 transierunt,
2693 971 2807 1025 sola
2838 970 2971 1027 ﬁdes
3016 983 3096 1026 est
3123 990 3137 1038 ;
3169 978 3421 1042 quoniam
3450 993 3557 1033 non

1987 1056 2162 1114 adhuc
2189 1058 2418 1113 videnda
2443 1069 2749 1128 sperantur,
2771 1064 2865 1118 sed
2894 1064 3033 1119 facta
3061 1074 3114 1120 et
3142 1074 3405 1123 transacta
3436 1085 3557 1127 cre—

1987 1147 2204 1202 duntur.
2257 1149 2407 1207 Sicut
2456 1161 2535 1204 est
2586 1152 2723 1206 istud
2775 1152 2917 1222 quod
2965 1153 3209 1209 Christus
3244 1160 3412 1214 semel
3459 1176 3559 1230 pro

1991 1239 2222 1308 peccatis
2248 1242 2443 1293 nostris
2466 1250 2714 1296 mortuus
2742 1250 2845 1308 est,
2875 1253 2929 1297 et
2970 1247 3288 1313 resurrexit,
3316 1263 3417 1303 nec
3446 1250 3560 1319 jam

1990 1330 2235 1395 moritur,
2268 1339 2321 1384 et
2349 1346 2493 1386 mors
2512 1332 2560 1386 ei
2592 1333 2730 1387 ultra
2761 1348 2867 1388 non
2895 1334 3278 1391 dominabitur.
3325 1339 3401 1394 Ea
3432 1356 3562 1396 vero

1991 1434 2107 1487 qua:
2138 1420 2371 1474 nondum
2395 1433 2542 1487 sunt,
2570 1425 2663 1477 sed
2694 1424 2866 1477 futura
2896 1433 3042 1490 sunt,
3072 1428 3225 1483 sicuti
3252 1438 3558 1487 nostrorum

1988 1509 2307 1577 spiritalium
2355 1525 2641 1580 corporum
2684 1517 3029 1579 resurrectio,
3060 1516 3133 1570 ita
3164 1518 3472 1587 creduntur,
3501 1531 3562 1575 ut

1989 1598 2152 1651 etiam
2194 1598 2417 1653 videnda
2465 1610 2765 1668 sperentur,
2816 1602 2909 1656 sed
2954 1604 3169 1658 ostendi
3216 1607 3376 1661 modo
3410 1610 3560 1663 nullo

1994 1698 2216 1756 possunt
2244 1691 2425 1745 modo.
2448 1690 2577 1757 Quae
2619 1706 2747 1747 vero
2787 1693 2857 1746 ita
2895 1703 3017 1747 sunt
3048 1705 3105 1749 ut
3130 1711 3303 1766 neque
3338 1706 3559 1765 praeter-

306 1780 465 1834 nulla
498 1779 709 1834 defendi
739 1789 921 1849 posset
944 1781 1320 1850 imaginatione
1346 1782 1565 1849 justitiai
1594 1798 1608 1834 :
1633 1790 1689 1835 et
1719 1779 1885 1851 [ideo]
1916 1796 1964 1855 Β
1993 1790 2134 1843 eant,
2162 1791 2219 1834 ut
2254 1795 2426 1849 neque
2457 1782 2633 1836 futura
2677 1786 2805 1848 sint,
2835 1784 2931 1838 sed
2957 1795 3157 1840 asterna
3186 1802 3557 1854 permaneant.

307 1872 492 1927 audeo
528 1872 730 1937 dicere,
771 1872 1019 1943 superbis
1044 1888 1169 1928 esse
1196 1873 1324 1928 utile
1352 1873 1546 1928 cadere
1582 1874 1638 1927 in
1669 1871 1886 1940 aliquod

308 1972 561 2032 apertum
593 1965 1039 2033 manifestumque
1064 1974 1365 2034 peccatum,
1408 1963 1548 2017 unde
1574 1964 1675 2017 sibi
1705 1962 1889 2028 displi-

316 2062 505 2119 ceant,
536 2053 625 2123 qui
652 2053 763 2122 jam
803 2054 906 2109 sibi
930 2055 1189 2122 placendo
1236 2055 1561 2109 ceciderant.
1610 2051 1890 2108 Salubrius

316 2144 467 2199 enim
502 2143 693 2199 Petrus
721 2145 823 2199 sibi
855 2145 1123 2215 displicuit
1159 2146 1371 2212 quando
1398 2145 1563 2209 licvit,
1594 2160 1750 2215 quam
1788 2143 1888 2198 sibi

316 2234 521 2303 placuit
547 2235 758 2303 quando
783 2238 1150 2305 praesumpsit.
1187 2237 1298 2291 IIoc
1324 2236 1455 2290 dicit
1475 2246 1530 2290 et
1558 2250 1711 2290 sacer
1742 2235 1883 2304 psal-

314 2338 439 2377 mus
464 2341 475 2375 :
502 2322 670 2393 Imple
698 2326 1068 2379 faeies‘eorum
1099 2324 1408 2394 ignominia,
1435 2335 1491 2379 et
1514 2336 1761 2395 qurerent
1788 2339 1889 2379 no-

316 2428 443 2468 men
478 2421 646 2477 tuum,
676 2414 927 2479 Domine;
959 2414 1012 2467 id
1041 2423 1144 2479 est,
1178 2424 1235 2467 ut
1283 2424 1336 2467 tu
1381 2416 1458 2468 eis
1497 2416 1707 2483 placeas
1748 2429 1892 2483 qua:-

317 2503 567 2558 rentibus
600 2518 791 2557 nomen
823 2514 967 2558 tuum
1000 2504 1087 2573 qui
1118 2506 1219 2558 sibi
1263 2505 1575 2573 placuerant
1602 2504 1893 2574 quaerendo

319 2608 507 2649 suum.
550 2592 653 2648 Sed
702 2604 784 2649 est
810 2595 956 2663 pejor
985 2595 1446 2663 danmabiliorque
1491 2596 1760 2665 superbia,
1790 2610 1891 2665 qua

320 2687 488 2741 etiam
530 2686 581 2739 in
618 2688 849 2756 peccatis
893 2687 1190 2741 manifestis
1221 2686 1502 2756 suﬁ‘ugium
1534 2687 1893 2741 excusationis

322 2779 651 2847 inquiritur:
681 2779 821 2833 sicut
863 2778 940 2832 illi
964 2779 1128 2847 primi
1176 2779 1420 2833 homines
1447 2793 1675 2846 quorum
1716 2788 1771 2832 et
1803 2778 1894 2832 illa

320 2871 760 2937 d.xit:Serpens
799 2872 1013 2927 seduxit
1056 2886 1164 2939 me,
1212 2880 1267 2927 et
1310 2870 1659 2937 manducavi;
1704 2880 1760 2926 et
1807 2871 1896 2925 ille

314 2963 481 3025 dixit,
534 2962 721 3016 Mulier
746 2977 903 3031 quam
947 2962 1139 3017 dedisti
1171 2978 1404 3029 mecum,
1428 2962 1544 3017 haec
1587 2962 1719 3016 mihi
1748 2963 1898 3018 dedit

322 3054 393 3107 de
433 3053 578 3122 ligno
609 3060 663 3107 et
708 3052 813 3107 edi.
847 3052 1117 3122 Nusquam
1159 3052 1245 3109 hic
1293 3060 1452 3109 sonat
1466 3052 1657 3123 petitio
1702 3053 1891 3119 veniae,

322 3158 588 3214 nusquam
613 3142 916 3213 imploratio
937 3143 1237 3199 medicinae.

806 3275 1040 3333 CAPUT
1077 3275 1404 3333 CCXXXIII.

526 3385 606 3440 De
634 3386 905 3455 Trinitate,
931 3404 995 3443 ea:
1020 3389 1235 3457 epistola
1255 3390 1321 3443 ad
1352 3388 1696 3444 Consentium.

400 3500 753 3579 Cogitationis
809 3502 1044 3558 carnalis
1100 3504 1541 3572 compositionem
1601 3516 1901 3572 vanumque

327 3591 644 3660 ﬁgmentum
675 3592 765 3646 ubi
791 3607 924 3647 .vera
956 3594 1093 3648 ratio
1132 3592 1456 3648 labefactare
1483 3593 1695 3661 incipit,
1726 3594 1901 3647 conti-

326 3699 439 3738 nuo
468 3684 611 3737 intus
643 3683 760 3752 (illo
788 3683 1075 3753 adjuvante
1104 3693 1266 3753 atque
1287 3684 1624 3739 illuminante
1652 3685 1740 3753 qui
1780 3698 1901 3739 cum

326 3776 533 3830 talibus
562 3775 717 3831 idolis
755 3776 809 3830 in
837 3776 999 3831 corde
1038 3786 1221 3832 nostro
1267 3776 1509 3831 habitare
1534 3790 1639 3830 non
1664 3775 1795 3845 vult)
1832 3776 1902 3829 ita

326 3875 430 3928 ista
454 3872 794 3941 confringere
816 3881 974 3942 atque
995 3886 1022 3924 a
1052 3870 1159 3925 ﬁde
1189 3879 1370 3925 nostra
1401 3868 1791 3939 quodammado
1811 3883 1904 3922 ex-

328 3978 516 4019 cutere
539 3964 871 4029 festinamus,
905 3972 961 4016 ut
992 3978 1059 4017 ne
1087 3962 1361 4032 pulverem
1385 3960 1598 4030 quidem
1629 3959 1791 4013 ullum
1825 3966 1903 4011 ta-

329 4056 459 4110 Lum
487 4055 913 4124 phantasmatum
943 4054 1053 4109 illic
1083 4068 1362 4108 remanere
1390 4051 1675 4121 patiamur.
1708 4048 1902 4115 Quam-

329 4148 518 4201 obrem
568 4146 667 4200 nisi
722 4146 930 4199 ratione
979 4144 1391 4213 disputationis,
1453 4158 1552 4213 qua
1609 4140 1904 4195 forinsecus

329 4239 593 4294 admoniti
656 4238 771 4307 ipsa
836 4238 1156 4292 intrinsecus
1216 4237 1445 4290 veritate
1523 4234 1733 4287 lucente
1792 4232 1907 4285 haec

329 4330 465 4382 falsa
519 4343 638 4383 esse
690 4328 1059 4397 perspicimus,
1096 4326 1226 4381 ﬁdes
1279 4325 1332 4379 in
1372 4334 1557 4379 nostro
1603 4323 1766 4378 corde
1810 4336 1905 4377 an-

333 4418 651 4474 tecessisset
684 4434 801 4488 quae
828 4433 927 4475 nos
970 4418 1216 4473 indueret
1248 4420 1469 4487 pietate;
1520 4432 1699 4472 nonne
1728 4416 1904 4470 incas-

1990 1871 2179 1936 partim
2221 1879 2343 1923 sunt
2372 1870 2678 1937 invisibilia,
2729 1874 2869 1927 sicut
2892 1873 3123 1941 justitia,
3157 1878 3299 1931 sicut
3343 1881 3558 1948 sapien-

1988 1959 2100 2011 tia:
2136 1961 2329 2027 partim
2378 1961 2629 2028 visibilia,
2676 1964 2815 2015 sicut
2852 1962 3050 2017 Clu-isti
3094 1968 3396 2025 immortale
3435 1971 3548 2039 jam

1997 2063 2213 2118 corpus.
2245 2049 2351 2104 Sed
2382 2051 2666 2106 invisibilia
2712 2052 2981 2107 intellecta
3032 2056 3457 2125 consp'cittntur,
3496 2073 3560 2115 Ic

1988 2153 2087 2208 per
2114 2140 2215 2193 hoc
2236 2149 2291 2193 et
2321 2141 2433 2208 ipsa
2464 2141 2622 2197 modo
2643 2144 2872 2210 quodam
2895 2144 2997 2198 sibi
3027 2158 3265 2216 congruo
3286 2148 3557 2215 videntur,

1982 2239 2043 2282 et
2066 2243 2189 2283 cum
2220 2230 2488 2295 videntur,
2534 2232 2703 2285 multo
2728 2233 2959 2286 certiora
2991 2244 3116 2288 sunt
3153 2249 3311 2304 quam
3351 2252 3411 2290 ea
3441 2251 3562 2306 qua:

1991 2320 2230 2387 corporis
2255 2336 2445 2376 sensus
2466 2322 2708 2391 attingit;
2741 2323 2833 2377 sed
2884 2324 3002 2379 ideo
3032 2324 3281 2379 dicuntur
3323 2327 3561 2381 invisibi-

1993 2411 2083 2471 lia.
2116 2413 2237 2477 quia
2265 2412 2434 2465 oculis
2482 2413 2595 2466 istis
2638 2414 2950 2467 mortalibus
2982 2415 3148 2469 videri
3194 2418 3414 2471 omnino
3453 2433 3560 2473 non

1988 2511 2238 2569 possum.
2267 2504 2334 2554 At
2356 2502 2447 2555 illa
2475 2518 2595 2569 qua:
2615 2504 2844 2558 visibilis
2870 2514 2993 2558 sunt
3014 2507 3405 2574 permanentia,
3436 2522 3561 2577 pos-

1992 2601 2115 2644 sunt
2163 2593 2208 2645 si
2260 2593 2609 2647 ostendantur
2657 2596 2817 2649 etiam
2874 2594 2958 2648 his
3004 2596 3323 2651 mortalibus
3387 2599 3560 2653 oculis

1993 2681 2248 2749 conspici,
2277 2682 2415 2735 sicut
2441 2696 2498 2735 se
2518 2683 2801 2752 discipulis
2831 2694 2950 2753 post
2978 2688 3423 2740 resurrectionem
3452 2687 3561 2741 Do-

1996 2778 2172 2830 minus
2201 2779 2455 2841 ostendit,
2484 2780 2623 2832 sicut
2656 2779 2814 2831 etiam
2840 2790 2965 2845 post
3012 2780 3395 2835 Asc'ensionem
3425 2794 3561 2850 apo-

1996 2868 2135 2921 stolo
2165 2868 2329 2921 Paulo
2354 2878 2409 2923 et
2448 2870 2672 2922 diacono
2699 2869 2995 2937 Stephano.
3030 2869 3263 2924 Proinde
3300 2870 3397 2924 ista
3426 2872 3562 2926 visi-

1995 2958 2122 3013 bilia
2160 2961 2525 3028 permanentia
2559 2961 2631 3013 ita
2654 2962 2950 3027 credimus,
2992 2969 3073 3026 ut,
3097 2962 3307 3015 etiamsi
3330 2975 3435 3017 non
3456 2961 3558 3018 de-

1996 3061 2376 3115 monstrentur,
2414 3066 2689 3120 Speremus
2732 3065 2791 3105 ea
2833 3066 2930 3105 nos
2952 3050 3270 3120 quandoque
3306 3053 3557 3115 visuros;

1926 3147 1970 3210 ε
2000 3154 2099 3195 nec
2113 3156 2173 3195 ea
2190 3155 2446 3195 conemur
2462 3144 2666 3196 ratione
2687 3140 3066 3211 intellectuque
3082 3141 3565 3209 comprehendere,

2001 3232 2101 3285 nisi
2137 3241 2192 3285 ut
2216 3246 2303 3295 ea,
2326 3232 2453 3301 quia
2476 3232 2700 3285 visibilis
2732 3240 2878 3303 sunt,
2908 3233 2975 3286 ab
3002 3231 3355 3286 im'isibilibus
3373 3231 3569 3285 distin-

2000 3322 2137 3376 ctius
2157 3323 2452 3390 cogitemus
2480 3340 2492 3374 :
2517 3334 2571 3376 et
2596 3336 2718 3377 cum
2754 3322 3077 3391 cogitatione
3096 3321 3275 3389 qualia
3305 3321 3412 3375 sint
3439 3323 3570 3374 ima-

2000 3416 2263 3485 g'namur,
2310 3417 2440 3467 satis
2477 3414 2657 3483 utique
2698 3414 2944 3467 novimus
2990 3426 3054 3467 ea
3099 3413 3254 3467 nobis
3293 3421 3416 3467 nota
3463 3426 3571 3466 non

1996 3518 2143 3557 esse.
2172 3504 2301 3558 Nam
2327 3515 2382 3559 et
2412 3505 2747 3559 Antiochiam
2774 3502 2961 3575 cogito
2980 3504 3324 3573 incognitam,
3347 3502 3443 3557 sed
3465 3517 3573 3556 nou

2002 3595 2138 3649 sicut
2161 3596 2539 3666 Carthaginem
2574 3595 2840 3665 cognitam
2872 3596 3055 3650 :illam
3091 3596 3286 3664 quippe
3315 3594 3574 3649 visionem

2003 3688 2253 3756 cogitatio
2275 3703 2392 3743 mea
2421 3687 2589 3756 lingit,
2616 3688 2755 3742 hanc
2787 3687 3004 3751 recolit;
3034 3693 3575 3754 nequaquamvtamen

2003 3776 2208 3842 dubito,
2240 3778 2353 3831 sive
2388 3779 2528 3845 quod
2556 3777 2624 3831 de
2668 3778 2758 3830 illa
2801 3776 3029 3830 testibus
3060 3775 3262 3838 multis,
3290 3775 3405 3830 sive
3430 3778 3573 3843 quod

2002 3864 2071 3918 de
2092 3864 2192 3918 ista
2216 3864 2349 3918 meis
2368 3864 2673 3931 aSpectibus
2698 3862 2923 3918 credidi.
2948 3862 3216 3917 Justitiam
3238 3876 3389 3929 vero,
3411 3868 3467 3916 et
3486 3876 3574 3916 sa-

2003 3955 2281 4025 pientiam,
2306 3965 2359 4009 et
2380 3954 2633 4024 quidquid
2656 3955 2922 4023 ejusmodi
2957 3963 3059 4017 est,
3082 3968 3189 4007 non
3211 3952 3368 4007 aliter
3388 3953 3575 4022 imagi-

2006 4063 2216 4112 namur,
2241 4046 2397 4101 aliter
2416 4053 2752 4109 contuemur,
2777 4044 2869 4099 sed
2895 4043 3009 4098 haec
3038 4042 3326 4097 inviSihilia
3344 4040 3575 4111 simplici

2004 4139 2201 4195 mentis
2229 4148 2388 4208 atque
2416 4138 2638 4192 rationis
2679 4142 2979 4191 lntentioie
3010 4135 3278 4189 intellecta
3307 4133 3577 4204 conspici-

2004 4247 2144 4295 mus,
2171 4230 2289 4285 sine
2319 4229 2440 4283 ullis
2471 4229 2658 4283 formis
2681 4237 2735 4282 et
2762 4228 2996 4282 molibus
3027 4226 3421 4295 corporalibus,
3455 4226 3576 4279 sine

2006 4320 2130 4375 ullis
2159 4320 2501 4374 lineamentis
2549 4318 2836 4387 ﬁgurisque
2878 4317 3265 4382 membrorum,
3296 4317 3412 4369 sine
3457 4314 3578 4369 ullis

2009 4415 2271 4470 localibus
2299 4414 2413 4467 sive
2442 4410 2637 4467 finibus
2669 4410 2780 4464 sive
2809 4410 2997 4479 spatiis
3024 4408 3274 4471 inﬁnitis;
3299 4405 3579 4476 ipsumque

331 4528 455 4566 sum
487 4527 604 4581 quae
632 4526 758 4567 vera
781 4522 903 4566 sunt
930 4511 1270 4566 audiremus?
1293 4526 1355 4565 ac
1383 4527 1475 4580 per
1499 4511 1618 4575 hoc,
1649 4508 1900 4579 quoniam
1936 4501 1982 4561 D
2008 4510 2184 4563 lumen
2215 4521 2320 4576 quo
2346 4512 2534 4558 cuncta
2564 4505 2663 4557 ista
2685 4501 3063 4565 discernimus,
3090 4501 3143 4553 in
3171 4513 3276 4567 quo
3301 4497 3453 4552 nobis
3493 4510 3580 4551 sa-

332 4604 388 4658 id
420 4602 562 4673 quod
595 4603 661 4657 ad
712 4618 829 4658 eam
880 4602 1180 4671 pertinebat
1220 4602 1352 4657 ﬁdes
1388 4602 1514 4671 egit,
1548 4600 1669 4654 ideo
1718 4598 1905 4655 subse-

333 4710 509 4766 quens
536 4697 670 4750 ratio
698 4695 894 4764 aliquid
934 4710 1125 4751 eorum
1173 4710 1294 4765 quae
1340 4691 1644 4762 inquirebat
1677 4692 1904 4746 invenit.

332 4786 519 4841 Falsa:
544 4787 722 4853 itaque
762 4786 952 4839 rationi
995 4801 1100 4840 non
1138 4785 1311 4840 solum
1352 4785 1489 4838 ratio
1535 4797 1682 4849 vera,
1721 4797 1823 4853 qua
1855 4782 1907 4837 id

333 4877 479 4946 quod
508 4876 774 4931 credimus
811 4876 1175 4945 intelligimus,
1206 4891 1387 4929 verum
1434 4875 1593 4929 etiam
1635 4874 1765 4929 ﬁdes
1796 4875 1907 4943 ipsa

333 4982 518 5020 rerum
543 4967 775 5021 nondum
809 4968 1200 5022 iutellectarum
1229 4968 1344 5022 sine
1376 4968 1537 5021 dubio
1575 4966 1907 5037 praifereuda

334 5066 444 5110 est.
478 5056 664 5112 Melius
696 5068 777 5112 est
823 5058 986 5123 enim,
1018 5058 1261 5127 quamvis
1298 5058 1530 5111 nondum
1558 5061 1753 5122 visum,
1793 5074 1908 5111 cre-

334 5151 469 5205 dere
500 5150 640 5219 quod
673 5165 855 5204 verum
882 5160 987 5215 est,
1025 5166 1181 5219 quam
1217 5160 1399 5217 putare
1435 5159 1486 5202 te
1514 5161 1695 5203 verum
1728 5149 1908 5204 videre

334 5240 479 5311 quod
512 5241 701 5295 falsum
732 5250 835 5295 est.
872 5240 1039 5296 liabet
1080 5255 1308 5307 namque
1358 5239 1488 5293 ﬁdes
1528 5240 1714 5295 oculos
1755 5255 1903 5305 suos,

334 5333 533 5401 quibus
554 5332 948 5402 quodammodo
978 5333 1121 5386 videt
1149 5347 1333 5385 verum
1358 5346 1476 5385 esse
1497 5330 1636 5399 quod
1671 5330 1905 5384 nondum

334 5426 507 5490 videt,
540 5434 595 5480 et
628 5425 820 5494 quibus
848 5425 1145 5479 certissime
1182 5424 1325 5477 videt
1371 5423 1605 5477 nondum
1639 5438 1697 5477 se
1728 5422 1908 5478 videre

336 5514 482 5584 qund
521 5514 713 5571 credit.
741 5514 909 5569 Porro
935 5523 1111 5569 autem
1146 5514 1231 5583 qui
1259 5528 1387 5568 vera
1411 5514 1617 5568 ratione
1636 5516 1745 5582 jam
1768 5514 1909 5584 quod

341 5608 715 5664 tantummodo
759 5607 1033 5677 credebat,
1084 5607 1369 5677 intelligit,
1422 5607 1661 5675 profecto
1710 5620 1912 5677 priapo—

342 5699 552 5754 neudus
579 5707 662 5754 est
690 5699 738 5753 ei
780 5700 869 5769 qui
914 5700 1058 5769 cupit
1081 5698 1253 5755 adhuc
1296 5698 1591 5768 intelligere
1621 5697 1762 5767 quod
1794 5711 1913 5752 cre-

2011 4600 2080 4654 tis
2107 4605 2326 4667 apparet
2358 4595 2485 4665 quid
2524 4595 2812 4649 credamus
2846 4592 3197 4661 incognitum,
3238 4589 3363 4659 quid
3394 4586 3580 4657 cogni-

2014 4701 2121 4743 tum
2162 4698 2440 4742 teneamus
2465 4702 2480 4739 :
2504 4700 2662 4755 quam
2690 4685 2914 4737 formam
2943 4680 3183 4750 corporis
3212 4680 3579 4747 recordemur,

2011 4794 2169 4850 quam
2196 4777 2521 4848 cogitatione
2554 4780 2833 4844 fingamus.
2856 4772 2986 4844 quid
3015 4771 3259 4840 corporis
3283 4784 3474 4826 sensus
3498 4778 3583 4822 at-

2014 4873 2202 4942 tingat,
2230 4868 2356 4939 quid
2390 4868 2710 4936 imaginetur
2738 4866 2951 4920 animus
2981 4863 3157 4918 simile
3183 4860 3413 4929 corpori,
3454 4858 3583 4929 quid

2013 4975 2242 5027 certum,
2264 4971 2325 5016 ‘et
2338 4959 2575 5014 omnium
2601 4973 2883 5028 corporum
2912 4954 3354 5016 dissimillimum,
3384 4950 3583 5005 intelli-

2010 5060 2187 5128 gentia
2217 5055 2629 5123 contempletur.
2666 5052 2777 5104 Hoc
2805 5064 2933 5117 ergo
2961 5050 3162 5108 lumen,
3191 5044 3279 5099 uhi
3305 5043 3419 5097 haec
3446 5057 3581 5095 eun-

2012 5158 2095 5203 cta
2123 5146 2502 5215 dijudicantur,
2532 5158 2634 5196 non
2667 5141 2850 5209 utique
2879 5141 3020 5193 sicut
3049 5136 3208 5205 hujus
3230 5135 3379 5197 solis,
3411 5141 3464 5186 et
3485 5146 3581 5184 cu-

2005 5240 2202 5309 jusque
2238 5238 2481 5306 corporis
2533 5235 2750 5289 luminis
2783 5233 3012 5303 fulgore,
3059 5245 3153 5299 per
3182 5226 3368 5282 localia
3406 5219 3583 5289 spatia

2010 5332 2425 5396 circumquaque
2497 5324 2856 5387 diffunditur,
2924 5329 3264 5384 mentemque
3340 5321 3579 5364 nostram

2012 5422 2166 5492 quasi
2196 5418 2396 5474 visibili
2425 5417 2657 5472 candore
2684 5416 2967 5469 collustrat
2991 5427 3004 5463 :
3028 5408 3119 5463 sed
3150 5402 3489 5459 invisibiliter
3531 5408 3587 5453 et

2013 5513 2374 5580 ineliabiliter,
2418 5519 2474 5567 et
2514 5521 2690 5564 tamen
2738 5503 3151 5573 intelligibiliter
3180 5499 3339 5559 lucet.
3372 5503 3586 5561 tamque

2015 5606 2172 5660 nobis
2199 5615 2403 5659 certum
2434 5611 2539 5667 est,
2580 5614 2737 5670 quam
2775 5598 2927 5651 nobis
2974 5592 3137 5647 efﬁcit
3163 5598 3306 5643 certa
3336 5601 3455 5657 quae
3500 5599 3590 5639 sc-

2012 5694 2246 5755 cundum
2277 5698 2449 5766 ipsum
2481 5701 2671 5750 cuncta
2697 5685 3074 5758 conspicimus.
3120 5681 3251 5735 Cum
3293 5681 3453 5748 igitur
3484 5678 3589 5731 tria
