4016 6184
524 309 623 361 830

1584 298 1643 350 D.
1691 293 2012 351 EUGYl‘PlI
2054 294 2340 351 ABBATlS
2380 293 2697 351 AFRICANI

3686 300 3803 353 9‘30

522 422 832 475 sintrerum
855 429 1053 486 genera
1076 427 1193 484 qua:
1226 412 1685 477 videntur,unum
1703 408 2089 478 corporalium,
2124 413 2172 471 Α
2201 409 2456 464 Trinitas.
2493 408 2572 462 Ad
2615 422 2773 479 quam
2819 407 3104 463 videndam
3150 410 3539 479 quantumlibet
3587 413 3639 467 in
3694 412 3805 468 hac

526 513 665 565 sicut
702 509 804 562 hoc
843 508 1039 562 emlum
1082 516 1137 560 et
1182 506 1296 559 limo
1338 515 1504 567 terra,
1545 512 1600 556 et
1638 500 1894 571 quidquid
1944 501 1995 553 in
2026 500 2105 554 eis

529 613 821 673 corporeus
864 611 1056 653 sensus
1096 598 1271 650 cernit
1304 605 1360 650 et
1413 592 1610 663 tangit;
1665 592 1891 646 alterum
1931 591 2109 644 simile

528 690 920 759 corporalibus,
947 690 1083 743 sicut
1114 697 1239 742 sunt
1265 701 1327 743 ea
1352 700 1472 757 quze
1495 684 1688 754 spiritu
1717 684 1947 753 cogitata
1978 682 2110 736 ima-

528 784 793 851 ginamur,
837 780 949 833 sive
994 778 1300 843 recordata,
1332 778 1414 831 vel
1458 775 1646 835 oblita.
1692 775 1844 845 quasi
1881 787 2108 843 corpora

529 869 1053 926 contuemurzunde
1100 878 1223 924 sunt
1271 868 1429 923 etiam
1480 868 1712 922 visiones
1755 882 1874 937 qua:
1923 865 2009 920 vel
2058 866 2111 920 in

532 965 761 1030 somnis,
800 964 883 1017 vel
928 965 978 1016 in
1011 964 1191 1030 aliquo
1234 960 1431 1016 mentis
1461 974 1708 1025 excessu,
1741 960 1823 1013 his
1853 959 1995 1028 quali
2032 958 2110 1013 lo-

527 1054 735 1108 calibus
779 1054 1169 1122 quantitatibus
1209 1051 1563 1121 ingeruntur;
1595 1050 1807 1105 tertium
1853 1050 1921 1104 ab
1964 1058 2111 1102 utro-

526 1162 629 1217 que
657 1148 971 1209 discretum,
1002 1146 1143 1215 quod
1168 1159 1343 1213 neque
1368 1144 1438 1197 sit
1464 1156 1684 1211 corpus,
1716 1156 1891 1211 neque
1920 1142 2111 1195 habeat

531 1240 695 1292 ullam
743 1237 1144 1291 similitudinem
1195 1235 1460 1304 corporis,
1492 1234 1651 1288 sicuti
1699 1242 1782 1287 est
1828 1232 2108 1300 sapientia,

529 1343 649 1397 quae
684 1337 865 1381 mente
908 1327 1191 1380 intellecta
1228 1325 1577 1394 conSpicitur,
1610 1332 1664 1378 et
1716 1323 1767 1377 in
1801 1323 1955 1391 cujus
1994 1321 2113 1376 luce

529 1420 597 1472 de
629 1419 712 1472 bis
742 1418 988 1471 omnibus
1018 1418 1278 1471 veraciter
1300 1416 1592 1485 judicatur.
1627 1415 1681 1469 In
1710 1415 1818 1485 26
1844 1430 1948 1483 quo
1976 1414 2111 1468 isto-

531 1524 649 1561 rum
680 1522 877 1577 genere
926 1507 1254 1562 credendum
1298 1518 1380 1561 est
1429 1521 1550 1561 esse
1581 1505 1734 1560 istam
1762 1520 1921 1574 quam
1954 1520 2112 1560 nosse

531 1600 799 1664 volumus,
825 1598 1181 1653 Trinitatem?
1220 1598 1467 1652 Profecto
1497 1606 1589 1651 aut
1616 1598 1668 1650 in
1704 1597 1905 1664 aliquo,
1936 1605 2029 1650 aut
2058 1597 2110 1650 in

533 1690 699 1743 nullo.
732 1690 788 1744 Si
826 1691 876 1743 in
908 1692 1110 1760 aliquo,
1139 1705 1205 1745 eo
1250 1692 1433 1760 utique
1473 1690 1613 1759 quod
1645 1699 1727 1745 est
1760 1690 1876 1744 aliis
1905 1691 2112 1745 duobus

2211 498 2316 553 vita
2348 499 2709 568 proficiamus,
2759 514 2855 569 per
2880 500 3155 569 speculum
3201 501 3304 555 erit
3333 511 3390 555 et
3427 503 3479 555 in
3508 502 3806 572 mnigmate

2209 589 2351 657 quod
2390 588 2707 644 videbimus.
2763 590 2897 644 Cum
2928 605 3057 645 vero
3102 590 3245 660 quod
3291 593 3343 645 in
3390 596 3805 649 resurrectione

2213 681 2545 748 promittitur
2569 681 2810 750 spiritale
2846 697 3042 752 corpus
3082 682 3284 738 habere
3311 686 3657 753 ceperimus,
3687 689 3807 741 sive

2213 770 2357 824 illant
2390 780 2588 837 mente,
2622 770 2734 825 sive
2760 772 2992 825 mirabili
3021 771 3203 840 modo,
3227 774 3481 842 quoniam
3508 775 3806 830 ineﬂabilis

2210 870 2295 916 est
2334 862 2588 931 spiritalis
2620 862 2865 932 corporis
2903 864 3091 932 gratia,
3124 864 3288 918 etiam
3336 880 3566 935 corpore
3610 866 3807 922 videa-

2211 968 2350 1018 mus,
2376 969 2479 1008 non
2506 963 2683 1008 tamen
2712 970 2808 1023 per
2832 955 3072 1009 locorum
3106 956 3406 1020 intervalla,
3433 971 3531 1013 nec
3564 957 3620 1011 in
3651 968 3808 1026 parte

2213 1045 2501 1112 minorem,
2550 1046 2602 1099 in
2637 1054 2788 1113 parte
2827 1046 3107 1115 majorem,
3138 1049 3389 1116 quoniam
3420 1063 3527 1103 non
3569 1059 3657 1104 est
3686 1066 3806 1105 cor-

2214 1150 2310 1204 pus
2339 1144 2394 1189 et
2424 1137 2618 1205 ubique
2662 1145 2770 1189 tota
2816 1146 2920 1205 est,
2952 1152 3049 1206 pro
3090 1148 3267 1193 nostra
3313 1140 3615 1208 capacitaze
3654 1142 3805 1197 vidc-

2214 1228 2410 1283 bimus.
2436 1228 2589 1294 Quod
2614 1243 2743 1283 vero
2770 1230 2991 1297 posuisti
3020 1231 3072 1284 in
3098 1231 3326 1300 epismla
3355 1240 3464 1297 tua,
3482 1233 3654 1286 videri
3684 1234 3805 1302 tibi,

2215 1320 2298 1375 vel
2332 1322 2508 1390 potius
2535 1320 2676 1389 quod
2718 1320 3001 1376 videbatur
3032 1321 3144 1388 tibi,
3196 1323 3326 1376 nihil
3370 1325 3548 1377 vivum
3601 1338 3805 1380 secun-

2212 1411 2337 1465 dum
2388 1412 2740 1466 substantiam
2784 1414 2963 1469 inesse
3002 1414 3257 1481 jttstitize;
3300 1414 3529 1482 ideoque
3586 1424 3641 1469 te
3692 1430 3805 1471 non

2216 1518 2372 1571 posse
2418 1504 2590 1559 adhuc
2627 1506 2822 1573 Deum,
2851 1506 2899 1559 id
2929 1513 3013 1559 est
3052 1507 3316 1561 viventem
3364 1518 3615 1561 naturam
3644 1510 3806 1577 justl-

2218 1594 2303 1647 tia:
2332 1595 2562 1649 similem
2594 1596 2829 1664 cogitare
2862 1614 2875 1648 :
2907 1598 3030 1666 quia
3072 1597 3299 1665 justitia,
3329 1598 3468 1653 sicut
3496 1599 3659 1663 dicis,
3700 1615 3803 1653 non

2217 1685 2268 1738 in
2301 1700 2381 1751 se,
2419 1685 2513 1741 sed
2559 1687 2610 1740 in
2644 1686 2797 1741 nobis
2825 1684 2981 1751 vivit,
3015 1688 3121 1742 imo
3168 1688 3341 1756 potius
3370 1705 3466 1744 nos
3496 1690 3799 1743 secundum

534 1781 897 1849 praestantius,
927 1781 1064 1835 sicut
1085 1789 1167 1834 est
1188 1778 1478 1849 Sapientia.
1512 1779 1665 1843 Quod
1692 1780 1737 1833 si
1758 1779 1962 1833 donum
1994 1780 2112 1847 ejus
2145 1800 2190 1857 Β
2219 1776 2361 1829 illam
2391 1776 2645 1842 vivimus,
2674 1776 2785 1846 ipsa
2828 1792 2957 1832 vero
3004 1793 3099 1848 per
3135 1793 3193 1833 se
3214 1779 3418 1848 justitia
3458 1794 3800 1849 nequaquam

532 1870 586 1923 in
626 1871 779 1923 nobis
809 1880 912 1935 est,
943 1879 995 1924 et
1041 1871 1215 1923 minus
1263 1881 1346 1923 est
1372 1884 1529 1938 quam
1560 1869 1648 1922 illa
1692 1883 1898 1922 summa
1939 1878 1993 1924 et
2032 1870 2112 1923 in-

536 1961 932 2014 commutabilis
972 1976 1089 2029 quae
1118 1960 1212 2015 Dei
1257 1961 1519 2029 sapientia
1551 1960 1770 2025 dicitur,
1803 1969 1930 2029 puto
1970 1961 2114 2029 quod

535 2069 641 2119 non
676 2054 936 2107 debemus
964 2052 1107 2106 dono
1136 2067 1234 2106 suo
1277 2053 1499 2105 inferius
1528 2050 1762 2121 cogitare
1800 2051 2109 2105 donantem.

537 2143 593 2196 Si
622 2151 799 2196 autem
824 2143 1014 2210 aliquis
1044 2142 1299 2209 splendor
1335 2143 1450 2209 ejus
1479 2143 1530 2195 in
1561 2141 1715 2196 nobis
1736 2150 1840 2207 est,
1871 2156 1989 2209 qua:
2014 2156 2109 2195 no-

535 2240 647 2285 stra
678 2232 940 2299 sapientia
980 2230 1194 2296 dicitur,
1228 2238 1700 2300 quantumcunque
1725 2231 1840 2298 ejus
1872 2244 1963 2298 per
1991 2244 2113 2299 spec

538 2323 716 2377 culum
740 2332 794 2377 et
819 2322 870 2375 in
900 2322 1180 2390 aenigmate
1205 2336 1398 2391 capere
1423 2334 1727 2391 possumus,
1759 2328 1970 2389 oportet
1995 2333 2112 2374 eam

535 2425 591 2468 et
619 2413 687 2468 ab
713 2414 959 2467 omnibus
981 2412 1298 2480 corporibus
1337 2413 1487 2467 etab
1532 2411 1783 2465 omnibus
1826 2424 2110 2479 corporum

535 2502 973 2557 similitudinibus
1004 2510 1376 2557 secernamus.
1402 2504 1456 2557 Si
1488 2513 1665 2557 autem
1706 2502 1759 2557 in
1803 2502 1950 2556 nullo
1979 2502 2100 2557 ἰδιο-

534 2608 651 2645 rum
675 2607 875 2661 genere
902 2605 1022 2644 esse
1052 2591 1285 2659 putanda
1316 2601 1398 2645 est
1425 2591 1524 2645 ista
1549 2590 1806 2657 Trinitas,
1838 2599 1891 2645 et
1926 2590 2005 2645 sic
2032 2600 2113 2645 est

535 2682 815 2737 invisibilis
842 2691 897 2736 ut
918 2696 1017 2736 nec
1044 2690 1225 2737 mente
1252 2682 1509 2748 videatur,
1541 2682 1708 2736 multo
1733 2682 1906 2737 minus
1929 2682 2111 2752 hujus-

536 2773 677 2828 modi
700 2772 1008 2842 opinionem
1036 2774 1233 2828 habere
1260 2774 1539 2841 debemus,
1571 2783 1628 2828 ut
1649 2789 1766 2829 eam
1809 2775 1968 2830 rebus
1990 2789 2112 2831 cor-

536 2864 828 2933 poralibus,
861 2866 945 2918 vel
979 2865 1339 2932 corporalium
1374 2881 1552 2920 rerum
1586 2866 1925 2937 imaginibus,
1958 2868 2108 2922 simi-

538 2957 640 3013 lem
672 2971 791 3012 esse
813 2957 1117 3011 credamus.
1156 2955 1273 3011 Non
1300 2958 1440 3011 enim
1468 2973 1691 3027 corpora
1716 2959 2110 3027 pulchritudine

536 3049 691 3103 molis
716 3056 805 3101 aut
849 3047 1218 3118 magnitudine
1257 3057 1498 3117 superat,
1548 3048 1641 3103 sed
1674 3048 2106 3105 dissimilitudine

2224 1867 2351 1919 vivit
2378 1884 2391 1920 :
2417 1868 2482 1921 ad
2512 1867 2613 1921 hoc
2639 1877 2695 1921 ut
2725 1866 2821 1922 tibi
2847 1867 2965 1932 ipse
3005 1869 3348 1938 respondeas,
3393 1871 3520 1924 illud
3561 1870 3797 1935 intuere,

2220 1965 2395 2010 utrum
2438 1965 2580 2011 recte
2621 1957 2727 2011 dici
2775 1959 2963 2026 possit,
3010 1959 3173 2013 vitam
3213 1960 3380 2029 ipsam
3432 1975 3536 2013 non
3594 1961 3800 2026 vivere,

2219 2061 2319 2114 qua
2354 2048 2411 2099 lit
2455 2057 2511 2100 ut
2539 2049 2681 2101 vivat
2724 2048 2979 2118 quidquid
3010 2063 3114 2103 nou
3158 2049 3294 2103 falso
3334 2050 3559 2105 dicimus
3597 2054 3800 2107 vivere.

2220 2137 2352 2191 Puto
2384 2139 2524 2192 enim
2567 2138 2851 2193 absurdum
2885 2139 2977 2193 tibi
3008 2140 3198 2206 videri,
3238 2151 3294 2194 ut
3324 2156 3419 2209 per
3458 2142 3622 2196 vitam
3650 2144 3800 2197 viva-

2220 2237 2323 2291 tur,
2356 2236 2409 2280 et
2450 2227 2553 2280 vita
2584 2243 2689 2281 non
2732 2230 2894 2283 vivat.
2930 2231 3117 2296 Porro,
3160 2232 3205 2283 si
3235 2230 3340 2284 vita
3372 2232 3487 2301 ipsa
3524 2234 3802 2302 praecipue

2216 2318 2368 2384 vivit,
2409 2334 2512 2387 qua
2540 2319 2667 2373 vivit
2714 2335 2871 2375 omne
2913 2320 3056 2390 quod
3095 2320 3241 2387 vivit,
3289 2323 3493 2386 recole,
3538 2324 3796 2391 obicem,

2216 2422 2348 2477 quas
2376 2409 2518 2462 dicat
2555 2410 2824 2479 Scriptura
2853 2411 3028 2464 divina
3069 2413 3272 2464 animas
3302 2423 3577 2480 mortuas,
3611 2416 3797 2481 profe-

2215 2508 2303 2553 Cto
2352 2498 2589 2553 invenies
2636 2499 2879 2568 injustas,
2937 2500 3152 2569 impias,
3187 2499 3456 2567 inﬁdeles;
3500 2518 3625 2556 nam
3674 2504 3799 2558 licet

2216 2602 2308 2657 per
2356 2590 2475 2645 illas
2518 2591 2699 2644 vivant
2742 2606 2967 2660 corpora
3009 2593 3315 2661 impiorum,
3366 2593 3434 2649 de
3470 2595 3665 2663 quibus
3722 2598 3799 2650 di-

2213 2690 2357 2735 ctum
2401 2690 2501 2746 est,
2553 2682 2695 2750 quod
2742 2685 2934 2737 mortui
2981 2685 3241 2753 sepeliant
3279 2695 3522 2741 mortuos
3557 2701 3717 2753 suos,
3748 2698 3801 2743 et

2218 2777 2287 2830 ibi
2318 2776 2688 2847 intelligantur
2716 2778 2874 2832 etiam
2913 2780 3108 2848 iniquae
3144 2780 3337 2834 animze
3377 2794 3480 2833 non
3523 2794 3648 2835 esse.
3676 2782 3801 2837 sine

2212 2870 2384 2939 aliqua
2417 2870 2553 2935 vita;
2588 2885 2760 2939 neque
2806 2870 2947 2924 enim
2993 2871 3150 2925 aliter
3192 2886 3259 2925 ex
3291 2871 3372 2926 eis
3418 2882 3638 2940 possent
3672 2888 3799 2927 cor-

2212 2976 2338 3031 pora
2368 2962 2570 3029 vivere,
2606 2963 2709 3017 nisi
2739 2965 3093 3033 qualicunque
3121 2966 3251 3029 vita,
3283 2980 3385 3033 qua
3425 2967 3645 3019 omnino
3669 2967 3795 3020 ani-

2211 3068 2313 3106 mae
2363 3067 2548 3107 carere
2597 3070 2703 3107 non
2752 3064 2994 3123 possunt,
3038 3056 3179 3110 unde
3232 3056 3558 3111 immortales
3603 3063 3798 3112 merito

534 3155 598 3194 ac
625 3139 978 3209 disparilitate
1026 3148 1261 3203 naturae;
1291 3148 1344 3193 et
1374 3140 1420 3194 si
1459 3140 1692 3194 discreta
1733 3148 1815 3195 est
1836 3155 1865 3193 a
1891 3154 2107 3209 compa-
2133 3172 2181 3238 C
2213 3155 2501 3211 vocantur;
2540 3160 2643 3200 non
2670 3156 2847 3201 tamen
2872 3147 2941 3201 ob
2984 3147 3126 3202 aliud
3158 3147 3350 3202 amissa
3368 3149 3576 3218 justitia
3602 3150 3793 3205 dicun-

536 3235 742 3286 ratione
767 3232 1022 3286 bonorum
1062 3231 1224 3284 animi
1259 3232 1447 3295 nostri,
1468 3232 1641 3303 qualia
1670 3243 1797 3286 sunt
1822 3233 2100 3302 sapientia,

534 3325 587 3391 jn
623 3324 754 3388 tilia,
787 3321 1041 3388 charitas,
1069 3320 1307 3385 castitas,
1330 3328 1382 3375 et
1424 3331 1619 3376 caetera
1649 3323 1797 3384 talia,
1829 3337 1949 3390 quae
1977 3338 2101 3391 pro-

537 3416 674 3466 fecto
704 3426 808 3466 non
838 3412 977 3466 mole
1007 3412 1249 3480 corporis
1280 3410 1583 3479 pendimus,
1620 3426 1715 3465 nec
1746 3426 1930 3466 eorum
1954 3412 2105 3481 quasi

531 3516 819 3570 eorporeas
877 3502 1076 3555 formas
1132 3500 1455 3568 cogitatione
1508 3501 1837 3567 ﬁguramus,
1894 3502 1988 3556 sed
2040 3516 2105 3558 ea

533 3593 747 3663 quando
776 3604 921 3648 recte
959 3592 1324 3661 intelligimus,
1374 3592 1491 3647 sine
1533 3593 1710 3662 aliqua
1754 3593 2103 3659 corpulentia,

536 3686 619 3739 vel
664 3684 1017 3738 similitudine
1043 3685 1391 3754 corpulentia:
1437 3684 1490 3737 in
1532 3684 1651 3739 luce
1691 3685 1883 3739 mentis
1915 3684 2105 3754 aspici-

532 3792 687 3847 mus;
717 3791 914 3847 quanto
942 3786 1025 3832 est
1050 3777 1117 3831 ab
1153 3778 1389 3831 omnium
1421 3778 1732 3846 qualitatum
1764 3789 1818 3833 et
1841 3778 2107 3846 quantita-

530 3882 645 3925 tum
677 3870 1036 3939 corporalium
1075 3870 1476 3938 comparatione
1505 3870 1823 3924 discretior?
1853 3870 1967 3925 Non
1990 3885 2107 3925 eam

532 3973 714 4015 tamen
743 3976 772 4014 a
804 3971 989 4015 nostro
1014 3960 1286 4015 intellectu
1319 3962 1536 4016 omnino
1563 3960 1855 4015 abhorrere
1888 3962 2108 4029 Aposto-

532 4060 615 4109 lus
646 4058 795 4111 testis
819 4065 923 4119 est,
964 4057 1052 4109 ubi
1088 4057 1158 4109 ait
1186 4072 1199 4109 :
1223 4056 1509 4109 Invisibilia
1540 4057 1680 4109 enim
1708 4056 1823 4124 ejus
1851 4070 1881 4109 a
1910 4056 2110 4110 consti-

533 4151 742 4205 tutione
769 4148 947 4202 mundi
983 4165 1076 4217 per
1106 4163 1169 4203 ea
1212 4163 1331 4217 quae
1362 4148 1498 4202 facta
1526 4156 1649 4201 sunt
1677 4146 1947 4201 intellecta
1982 4162 2110 4202 con-

529 4241 849 4310 spiciuntur,
882 4241 1207 4308 sempiterna
1242 4252 1455 4308 quoque
1482 4239 1600 4307 ejus
1633 4238 1802 4291 virtus
1834 4252 1897 4291 ac
1920 4237 2110 4292 divini-

532 4343 632 4384 tas.
666 4328 741 4382 Ac
773 4343 865 4397 per
890 4329 1011 4394 hoc,
1054 4343 1174 4382 cum
1207 4327 1394 4382 eadem
1427 4327 1661 4382 Trinitas
1693 4326 1880 4381 fecerit
1910 4336 1965 4395 et
1990 4341 2109 4382 cor-

532 4438 629 4492 pus
654 4432 708 4477 et
740 4424 993 4489 animam,
1045 4422 1161 4475 sine
1188 4420 1524 4475 dubitatione
1566 4429 1652 4474 est
1696 4429 1926 4489 utroque
1968 4434 2109 4487 prae-

526 4517 774 4569 stantior.
842 4514 1032 4567 Anima
1083 4512 1261 4580 itaque
1314 4511 1651 4565 considerata
1716 4511 1949 4565 maxime
2012 4510 2110 4563 hu-

532 4618 708 4665 mana,
739 4613 791 4657 et
818 4600 1092 4656 rationalis
1134 4609 1293 4668 atque
1321 4598 1720 4665 intellectualis,
1753 4613 1870 4667 qua:
1899 4597 1964 4651 ad
1992 4597 2109 4666 ejus

535 4693 820 4761 imaginem
852 4692 985 4747 facta
1015 4702 1117 4757 εει,
1147 4689 1571 4761 εἰᾼροςίῐθιὶοηθε
1598 4699 1808 4744 nostras
1836 4698 1891 4744 et
1913 4689 2109 4745 intelli-

532 4783 758 4850 gentias,
791 4798 895 4836 non
944 4782 1199 4847 evicerit,
1243 4779 1338 4836 sed
1376 4779 1495 4849 ejus
1541 4780 1681 4850 quod
1725 4779 1886 4835 habet
1923 4781 2109 4849 prmci-

534 4885 717 4937 puum,
760 4869 811 4924 id
857 4880 937 4923 est
989 4871 1158 4939 ipsam
1208 4879 1441 4925 mentem
1473 4878 1635 4939 atque
1678 4868 2102 4941 intelligentiam,

535 4967 713 5012 mente
746 4967 903 5024 atque
935 4958 1282 5029 intelligentia
1310 4960 1640 5029 potuerimus
1679 4960 2105 5030 apprehendere,

535 5064 640 5103 non
670 5048 769 5103 erit
818 5047 1055 5102 fortassis
1086 5050 1397 5117 absurdum,
1432 5061 1488 5105 ut
1521 5066 1641 5107 eam
1688 5052 1752 5105 ad
1794 5066 1947 5106 suum
1975 5068 2109 5122 quo-

532 5155 636 5211 que
660 5148 956 5196 creatorem
986 5138 1412 5208 intelligendum,
1448 5143 1562 5210 ipso
1592 5142 1897 5212 adjuvante,
1941 5143 2109 5198 medi-

533 5243 710 5288 temur
738 5231 1005 5286 attollere.
1041 5231 1096 5286 Si
1137 5242 1316 5285 autem
1358 5233 1412 5286 in
1458 5234 1637 5303 seipsa
1666 5234 1866 5302 deficit,
1900 5235 2109 5303 sibique

532 5322 856 5386 succumbit,
896 5324 979 5392 pia
1012 5322 1116 5377 fide
1140 5331 1389 5377 contenta
1419 5325 1510 5391 sit,
1541 5326 1773 5393 quandiu
1806 5328 2110 5397 peregrina-

533 5424 621 5469 tur
649 5431 678 5467 a
720 5414 967 5479 Domino,
1008 5413 1183 5469 donec
1214 5414 1305 5468 liat
1338 5415 1391 5468 in
1438 5414 1653 5471 homine
1699 5418 1839 5488 quod
1876 5420 2109 5489 promis-

534 5520 651 5558 sum
679 5514 791 5569 est;
826 5506 1053 5561 faciente
1095 5507 1185 5561 illo
1217 5508 1305 5577 qui
1334 5518 1523 5577 potens
1566 5520 1669 5576 est,
1698 5516 1836 5565 sicut
1859 5512 1933 5565 ait
1962 5514 2117 5582 Apo-

536 5595 726 5657 stolus,
757 5594 930 5652 facere
966 5612 1126 5667 supra
1175 5614 1334 5667 quant
1386 5601 1617 5670 petimus
1664 5612 1717 5655 et
1746 5601 2113 5672 intelligimus.

535 5683 723 5737 Restat
751 5686 928 5755 itaque
959 5698 1016 5742 ut
1044 5690 1113 5743 ita
1157 5690 1439 5746 credamus
1467 5692 1625 5746 unius
1656 5706 1775 5769 esse
1804 5693 2115 5749 substantia:

541 5773 873 5843 Trinitatem,
899 5789 957 5834 ut
990 5785 1102 5849 ipsa
1128 5785 1361 5841 essentia
1391 5800 1495 5842 non
1529 5784 1673 5841 aliud
1707 5786 1777 5841 sit
1805 5799 1965 5857 quam
1999 5802 2112 5858 Ipsa

2213 3245 2301 3289 tur
2330 3245 2575 3302 mortuae,
2598 3236 2702 3291 nisi
2737 3238 2857 3307 quia
2886 3246 2942 3293 et
2975 3242 3295 3306 animarum,
3326 3239 3452 3295 licet
3472 3240 3792 3296 immortali-

2209 3334 2289 3380 ter
2315 3328 2419 3381 vita
2442 3327 2798 3398 qualicunque
2836 3328 3153 3397 viventium,
3193 3330 3373 3385 verior
3404 3340 3459 3386 et
3480 3332 3653 3401 major
3680 3333 3790 3385 vita

2204 3418 2408 3484 justitia
2438 3428 2539 3483 est,
2572 3426 2825 3485 tanquam
2856 3420 2957 3473 vita
2985 3422 3237 3487 vitarum,
3281 3437 3401 3491 qua:
3434 3436 3553 3477 cum
3592 3424 3705 3477 siut
3737 3426 3785 3476 in

2208 3508 2544 3574 corporibus,
2572 3510 2732 3563 etiam
2781 3512 2894 3580 ipsa
2940 3526 3169 3581 corpora
3217 3516 3336 3567 viva
3363 3524 3509 3580 sunt,
3540 3530 3661 3583 qua:
3696 3529 3786 3584 per

2208 3599 2382 3667 seipsa
2429 3601 2610 3655 vivere
2653 3613 2945 3673 nequeunt.
2994 3603 3334 3675 Quapropter
3360 3607 3407 3661 si
3441 3608 3638 3663 animae
3682 3624 3783 3665 non

2211 3698 2430 3755 possunt
2460 3689 2559 3743 nisi
2600 3691 2758 3744 etiam
2804 3692 2859 3746 in
2903 3693 3097 3763 seipsis
3123 3704 3390 3766 utcunque
3431 3698 3636 3763 vivere,
3666 3701 3789 3768 quia

2208 3794 2273 3834 ex
2300 3779 2379 3833 eis
2406 3780 2588 3835 vivunt
2617 3791 2670 3836 et
2695 3797 2943 3851 corpora,
2996 3799 3026 3839 a
3056 3785 3251 3853 quibus
3297 3787 3512 3843 deserta
3552 3790 3787 3847 moriun-

2211 3880 2314 3933 tur,
2347 3881 2547 3940 quanto
2587 3873 2754 3941 magis
2785 3887 2907 3927 vera
2932 3873 3141 3943 justitia
3188 3885 3243 3930 et
3264 3876 3374 3945 jam
3402 3879 3452 3930 in
3496 3880 3671 3948 seipsa
3702 3882 3786 3935 vi-

2209 3975 2335 4015 vere
2369 3964 2719 4032 intelligenda‘
2742 3974 2845 4031 est,
2904 3980 2969 4019 ex
2998 3982 3099 4035 qua
3147 3968 3223 4021 sic
3254 3972 3444 4023 vivunt
3488 3972 3697 4037 animat,
3730 3982 3789 4025 ut

2211 4054 2311 4106 hac
2339 4056 2532 4109 amissa
2565 4066 2791 4110 mortuae
2815 4068 3188 4129 nuncupentur
3206 4101 3221 4127 ,
3252 4062 3495 4130 quamvis
3518 4065 3789 4133 quantula-

2209 4162 2417 4217 cunque
2446 4151 2552 4203 vita
2599 4163 2703 4204 non
2753 4151 3001 4207 desinant
3030 4154 3229 4211 vivere.
3272 4156 3342 4209 Ea
3393 4171 3555 4222 porro
3586 4157 3792 4229 justitia

2209 4254 2328 4309 qua:
2356 4240 2484 4295 vivit
2513 4242 2565 4295 in
2591 4243 2788 4312 seipsa,
2819 4245 3171 4312 proculdubio
3202 4247 3342 4301 Deus
3370 4256 3477 4313 est,
3506 4259 3670 4317 atque
3707 4251 3792 4305 in-

2209 4332 2655 4411 commutabiliter
2667 4333 2814 4389 vivit.
2831 4335 2982 4390 Sicut
2998 4345 3175 4392 autem
3194 4338 3307 4394 hazc
3323 4354 3443 4393 cum
3461 4341 3529 4395 sit
3547 4341 3597 4393 in
3615 4342 3794 4411 seipsa

2210 4410 2340 4477 vita,
2383 4413 2542 4466 etiam
2572 4413 2725 4468 nobis
2752 4415 2812 4468 lit
2839 4416 2971 4485 vita,
3003 4430 3124 4470 cum
3157 4416 3275 4486 ejus
3309 4419 3575 4473 efficimur
3602 4410 3795 4475 utcun-

2212 4518 2315 4572 que
2345 4505 2659 4575 participes;
2687 4507 2758 4560 ita
2806 4522 2930 4562 cum
2972 4509 3024 4563 in
3053 4510 3226 4579 seipsa
3266 4511 3335 4565 sit
3355 4510 3584 4581 justitia,
3627 4515 3792 4568 etiam

2213 4594 2365 4650 nobis
2399 4597 2455 4650 fit
2476 4594 2703 4666 justitia,
2743 4612 2863 4653 eum
2906 4600 2956 4654 ei
2993 4602 3312 4658 cobatrendo
3338 4604 3480 4673 juste
3509 4604 3747 4661 vivimus
3777 4624 3793 4660 :

2212 4696 2266 4739 et
2288 4697 2434 4742 tanto
2461 4691 2631 4758 magis
2677 4691 2918 4747 minusve
2938 4692 3067 4763 justi
3110 4709 3312 4760 sumus,
3341 4705 3538 4765 quanto
3567 4698 3643 4751 illi
3672 4713 3795 4753 ma-

2210 4779 2292 4848 gis
2318 4780 2560 4836 minusve
2587 4781 2937 4839 cobaeremus.
2974 4782 3127 4840 Unde
3167 4786 3423 4854 scriptum
3465 4788 3644 4850 estde
3674 4791 3795 4843 uni-

2213 4871 2387 4939 genito
2410 4870 2545 4926 Filio
2589 4872 2704 4939 Dei,
2736 4888 2859 4929 cum
2888 4876 2959 4930 sit
2989 4875 3171 4946 utique
3199 4875 3373 4931 Patris
3403 4878 3667 4944 sapientia
3708 4889 3795 4933 at-

2213 4977 2316 5029 que
2338 4962 2563 5031 justitia,
2596 4977 2650 5018 et
2681 4980 2894 5033 semper
2925 4967 2976 5020 in
3023 4969 3198 5036 seipsa
3232 4968 3320 5033 sit,
3350 4969 3492 5037 quod
3522 4969 3695 5026 factus
3721 4974 3795 5025 sit

2216 5052 2370 5106 nobis
2397 5068 2425 5106 a
2456 5053 2567 5108 Deo
2594 5053 2872 5124 sapientia,
2906 5066 2959 5111 et
2982 5058 3206 5127 justitia,
3242 5072 3297 5115 et
3334 5061 3710 5130 sanctiﬁcatio,
3740 5076 3795 5118 et

2216 5144 2532 5215 redemptio,
2561 5158 2618 5202 ut
2647 5149 3095 5217 quemadmodum
3126 5152 3381 5221 scriptum
3410 5162 3494 5208 est
3520 5171 3531 5206 :
3560 5154 3658 5219 Qui
3680 5155 3795 5224 glo-

2218 5241 2403 5306 riatur,
2438 5243 2489 5295 in
2515 5243 2736 5297 Domino
2764 5243 3045 5314 glorietur.
3069 5246 3223 5312 Quod
3251 5248 3464 5317 quidem
3494 5258 3551 5302 et
3576 5248 3691 5317 ipse
3714 5250 3793 5303 vi-

2218 5333 2343 5387 disti
2379 5333 2624 5388 addendo
2661 5342 2821 5403 atque
2846 5336 3095 5403 dicendo,
3128 5338 3227 5392 nisi
3255 5340 3389 5393 forte
3418 5354 3526 5395 non
3556 5339 3673 5395 bare
3699 5340 3793 5393 hu-

2221 5437 2391 5475 mance
2427 5423 2715 5491 aequitatis,
2744 5424 2838 5480 sed
2867 5425 2955 5479 illa
2988 5441 3108 5496 quae
3140 5427 3278 5483 Deus
3302 5438 3404 5493 est,
3434 5429 3550 5484 sola
3582 5443 3793 5484 assera-

2222 5522 2306 5566 tur
2335 5528 2454 5567 esse
2480 5514 2706 5583 juStitia.
2741 5516 2837 5570 Est
2877 5517 3036 5586 plane
3084 5519 3173 5573 ille
3217 5534 3457 5574 summus
3498 5521 3637 5576 Deus
3671 5536 3795 5579 vera

2216 5604 2443 5671 justitia,
2476 5605 2559 5659 vel
2610 5606 2698 5661 ille
2742 5623 2902 5663 verus
2954 5609 3095 5665 Deus
3142 5626 3345 5665 summa
3373 5611 3605 5681 justitia,
3637 5629 3795 5684 quam

2222 5695 2459 5765 proleeto
2486 5697 2692 5753 esurire
2720 5713 2782 5755 ac
2805 5699 2977 5764 sitire,
3010 5714 3071 5754 ea
3099 5713 3279 5757 nosua
3313 5712 3394 5756 est
3423 5704 3476 5758 in
3506 5703 3603 5757 hac
3637 5719 3796 5771 pere-

2222 5785 2518 5858 grinatione
2544 5786 2771 5858 justitia,
2811 5800 2865 5846 et
2891 5807 2991 5862 qua
3015 5805 3199 5862 postea
3230 5795 3481 5859 saturari,
3511 5809 3573 5850 ea
3612 5806 3793 5852 nostra
