4016 6184
332 296 434 350 901
1376 322 1379 331 ι
1484 295 1917 354 TllESAURUS.
1956 296 2107 354 CAP.
2149 300 2485 358 CCXXXIV.‘

327 420 418 467 est
462 409 517 463 in
545 412 845 464 aeternitate
872 410 1025 478 plena
1060 412 1282 482 justitia.
1315 413 1431 469 Non
1459 428 1587 483 ergo
1618 413 1785 467 Deum
1817 428 1911 465 no-
1941 413 1988 472 Α
2017 424 2110 466 sna
2133 412 2262 468 dicit
2296 433 2311 469 :
2340 414 2550 470 Scimus
2575 414 2715 485 quod
2759 414 2924 471 Filius
2952 417 3044 472 Dei
3085 418 3291 473 venerit
3315 429 3369 474 et
3398 421 3602 477 dederit

3503 313 3673 369 90%.

329 512 459 556 stne
484 499 708 570 justitiac
736 501 963 555 similem
1005 502 1321 571 cogitemus,
1354 503 1448 558 sed
1480 505 1778 573 cogitemus
1813 516 1911 555 nos

331 593 515 660 potius
542 600 691 646 tanto
720 592 1010 648 similiores
1043 593 1173 663 Deo,
1204 606 1401 664 quanto
1432 610 1552 650 esse
1581 595 1910 665 potuerimus

331 682 451 753 ejus
483 684 892 753 participatione
918 684 1195 754 justiores.
1238 688 1293 741 Si
1334 702 1465 757 ergo
1493 687 1788 742 cavendum
1830 695 1913 742 est

330 792 400 830 ne
422 775 645 841 justitize
675 787 875 830 nosmn
905 778 1145 833 similem
1168 788 1415 847 putemus
1442 780 1609 835 Deum
1638 779 1909 849 (quoniam

328 868 511 921 lumen
539 866 681 935 quod
730 867 999 922 illuminat
1041 870 1530 938 incomparabiliter
1558 870 1910 925 excellentius

329 969 417 1012 est
446 959 539 1013 illo
560 959 699 1029 quod
733 960 1106 1030 illuminatur),
1131 973 1328 1032 quanto
1352 965 1517 1032 magis
1542 964 1720 1018 caveri
1745 978 1907 1032 opor-

328 1064 427 1117 tet,
463 1068 531 1106 ue
558 1052 754 1121 aliquid
797 1054 1019 1108 inferius
1044 1064 1098 1109 et
1126 1056 1521 1123 quodammodo
1548 1057 1908 1111 decoloratius

325 1159 451 1196 eum
492 1157 551 1196 es
581 1159 612 1197 e
638 1144 944 1207 credamus,
976 1161 1135 1213 quam
1174 1156 1259 1200 est
1300 1158 1477 1200 uestra
1502 1147 1743 1216 jnStitia?
1771 1147 1907 1215 Quid

326 1243 415 1287 est
437 1242 615 1287 autem
639 1234 778 1287 aliud
798 1234 1000 1303 justitia
1025 1250 1145 1288 cum
1170 1237 1223 1289 in
1247 1236 1398 1290 nobis
1415 1248 1520 1299 est,
1546 1238 1628 1291 vel
1658 1238 1908 1305 quaelibet

333 1324 507 1377 virtus
531 1338 634 1393 qua
657 1336 801 1379 recte
824 1326 1201 1396 sapienterque
1216 1328 1428 1394 vivitur,
1447 1343 1602 1397 quam
1637 1329 1907 1383 i..terioris

328 1416 564 1469 hominis
583 1416 918 1484 pulchritudo
934 1418 957 1471 ?
972 1428 1023 1472 et
1041 1427 1185 1472 certe
1203 1419 1495 1473 secundum
1522 1422 1658 1472 hanc
1676 1421 1907 1489 pulchri-

325 1506 594 1573 tudinem,
615 1509 779 1576 magis
796 1524 952 1575 quam
972 1509 1259 1563 secundum
1273 1525 1488 1577 corpus,
1509 1511 1630 1565 laeti
1644 1526 1824 1564 sumus
1840 1512 1905 1564 ad

322 1597 614 1663 imaginem
648 1595 763 1649 Dei.
793 1595 944 1650 Unde
967 1596 1119 1650 nobis
1140 1597 1552 1651 dicitur:Nolite
1580 1598 1907 1652 conformari

321 1685 454 1738 huic
466 1686 776 1747 saeculo,sed
793 1685 1159 1741 reformamini
1172 1687 1223 1741 in
1239 1689 1473 1744 novitate
1486 1689 1679 1744 mentis
1691 1699 1902 1755 vestrae,

2016 503 2173 556 nobis
2223 505 2546 561 intellectum
2593 516 2653 560 ut
2699 522 3084 577 cognoscamus
3112 510 3275 563 Deum
3315 526 3500 566 verum
3548 522 3601 568 et

2017 593 2185 646 simus
2238 594 2291 648 in
2341 610 2468 650 vero
2498 596 2633 650 Filio
2662 596 2779 666 ejus
2801 598 2926 653 Jesu
2955 598 3188 653 Christo.
3216 600 3312 653 llic
3341 610 3422 656 est
3446 615 3602 656 verus

2013 683 2156 736 Deus
2188 695 2242 737 et
2265 685 2370 738 vita
2394 698 2614 741 :eterua.
2652 687 2785 743 lliuc
2811 688 2972 742 etiam
2996 699 3386 758 consequenter
3410 691 3602 747 intelli-

2012 774 2153 842 gitur
2180 791 2284 829 non
2317 780 2681 833 tantununodo
2708 781 2774 834 de
2798 779 2955 835 Patre
2984 782 3181 836 dixisse
3212 782 3432 837 Paulum
3463 797 3597 850 apo-

2013 867 2233 933 snolum,
2267 868 2365 934 Qui
2397 870 2542 924 solus
2572 872 2728 925 habet
2758 871 3246 941 immortalitatem;
3276 874 3367 928 sed
3391 874 3459 929 de
3488 888 3597 929 uno

2012 967 2065 1011 et
2087 957 2204 1012 solo
2229 959 2355 1025 Deo,
2382 960 2519 1028 quod
2552 971 2626 1013 est
2675 961 2784 1029 ipsa
2815 963 3067 1019 Trinitas.
3100 963 3279 1032 Neque
3304 964 3447 1018 enim
3481 965 3595 1033 ipsa

2012 1048 2119 1101 vita
2156 1058 2351 1102 mterna
2383 1051 2622 1104 mortalis
2665 1061 2769 1115 est,
2812 1053 3100 1106 secundum
3153 1054 3383 1123 aliquam
3428 1063 3596 1107 muta—

2012 1138 2288 1204 hilitatem,
2341 1155 2402 1193 ac
2454 1155 2545 1208 per
2599 1140 2700 1195 hoc
2752 1140 2916 1194 Filius
2948 1142 3062 1207 Dei,
3115 1144 3234 1209 quia
3265 1145 3367 1196 vita
3397 1152 3593 1197 aeterna

2009 1240 2113 1294 est,
2152 1245 2272 1283 cum
2309 1230 2461 1284 Patre
2515 1232 2673 1285 etiam
2730 1232 2843 1299 ipse
2893 1234 3222 1301 intelligitur,
3256 1234 3341 1285 tibi
3392 1235 3595 1287 dictum

2009 1333 2090 1373 est
2124 1337 2136 1372 :
2170 1321 2326 1374 Solus
2356 1321 2515 1375 habet
2561 1324 3007 1377 immortalitatem
3040 1321 3160 1393 [Qui
3189 1324 3335 1377 solus
3373 1322 3592 1393 habet]:

2008 1410 2125 1480 ejus
2177 1411 2317 1465 enim
2369 1413 2493 1465 vita:
2522 1421 2757 1475 :eternzn,
2788 1421 2844 1467 et
2887 1428 2983 1466 nos
3011 1413 3296 1481 participes
3327 1413 3469 1477 facti,
3500 1428 3596 1482 pro

2010 1500 2226 1553 modulo
2270 1511 2453 1555 nostro
2484 1503 2813 1555 immortales
2857 1501 3142 1556 efficimur.
3196 1502 3301 1558 Sed
3339 1504 3480 1556 aliud
3512 1513 3595 1557 est

2009 1590 2120 1658 ipsa
2145 1591 2297 1660 cujus
2322 1592 2610 1660 participes
2637 1590 2901 1645 efﬁcimur
2927 1593 3029 1645 vita
3062 1604 3283 1658 mterna,
3318 1593 3458 1646 aliud
3494 1608 3593 1646 nos

2009 1682 2097 1749 qui
2129 1680 2243 1749 ejus
2272 1683 2676 1750 participatione
2708 1684 2946 1737 vivemus
2977 1684 3028 1736 in
3052 1693 3331 1737 mteruum.
3367 1685 3423 1739 Si
3450 1686 3591 1738 enim

322 1777 392 1829 ad
415 1777 746 1845 probandum
760 1793 851 1831 v0s
866 1794 981 1847 qua:
995 1779 1326 1834 sitvoluntas
1347 1779 1463 1845 Dei,
1479 1780 1618 1849 quod
1637 1782 1832 1835 bonum
1852 1790 1904 1836 et

2009 1771 2251 1836 dixisset,
2280 1771 2446 1838 Quem
2489 1773 2819 1841 temporibus
2852 1773 3080 1841 propriis
3120 1774 3368 1829 ostendet
3413 1774 3589 1839 Pater,

323 1867 605 1934 placitum,
629 1877 679 1919 et
704 1869 1020 1936 perfectum.
1046 1870 1102 1923 Si
1124 1884 1252 1938 ergo
1274 1884 1378 1924 non
1403 1871 1452 1924 in
1477 1872 1641 1936 mole,
1661 1886 1831 1941 neque
1850 1873 1902 1925 in

320 1958 649 2012 distantibus
676 1971 768 2026 per
796 1958 911 2012 loca
943 1974 1035 2013 sua
1068 1961 1325 2028 partibus,
1356 1963 1494 2016 sicut
1532 1976 1756 2030 corpora
1792 1964 1905 2019 sive

317 2056 640 2113 cernuntur,
671 2048 785 2103 sive
836 2050 1156 2118 cogitantur,
1206 2052 1300 2106 sed
1333 2052 1383 2105 iu
1417 2054 1611 2107 virtute
1650 2053 1904 2123 inteiligi-

318 2138 445 2204 bili,
478 2139 651 2208 qualis
678 2148 760 2193 est
791 2139 1016 2208 justitia,
1054 2151 1284 2195 mentem
1325 2141 1577 2209 dicimus,
1625 2156 1721 2195 seu
1756 2143 1904 2195 novi-

319 2245 467 2296 mus,
497 2243 591 2283 seu
621 2229 865 2306 volumus
894 2231 1191 2299 pulchram,
1221 2243 1274 2286 et
1304 2232 1596 2286 secundum
1625 2232 1763 2287 hanc
1787 2234 1903 2302 pul-

317 2319 681 2375 chritudinem
710 2320 1064 2376 reformamur
1084 2322 1149 2375 ad
1185 2322 1469 2392 imaginem
1498 2323 1631 2391 Dei;
1664 2324 1904 2392 profecto

317 2409 494 2477 ipsius
526 2409 621 2464 Dei
648 2411 737 2479 qui
769 2425 864 2465 nos
896 2411 1206 2467 reformavit
1245 2424 1299 2467 et
1327 2414 1586 2470 reformat
1623 2416 1689 2468 ad
1712 2416 1903 2485 imagi-

318 2516 449 2555 nem
478 2517 652 2568 snam,
690 2520 792 2558 non
824 2504 878 2559 in
906 2504 1082 2574 aliqua
1120 2507 1262 2560 mole
1292 2521 1553 2575 corporea
1583 2508 1901 2576 suspicanda

317 2601 409 2647 est
438 2594 809 2663 pulchritudo;
853 2610 1027 2666 eoque
1073 2597 1332 2664 iustorum
1382 2596 1647 2652 mentibus
1678 2598 1904 2652 creden'

316 2690 425 2744 dus
467 2698 548 2744 est
587 2690 1074 2759 incomparabiliter
1099 2688 1395 2760 pulchrior,
1429 2706 1539 2762 quo
1588 2702 1672 2747 est
1702 2694 1907 2747 ineunt-

315 2782 635 2851 parabiliter
658 2782 873 2851 justior.

785 2913 1013 2970 CAPUT
1040 2916 1370 2973 CCXXXIV.

317 3026 425 3097 27
466 3025 543 3079 De
588 3026 794 3082 Unftate
834 3027 1009 3105 Patris
1046 3039 1092 3082 et
1128 3028 1257 3085 Filii
1292 3043 1339 3086 et
1372 3034 1598 3101 Spiritus
1627 3038 1788 3089 sancti
1819 3039 1904 3105 qui

1417 3098 1425 3101 π
1832 3098 1869 3126 ,ι
2011 3098 2094 3120 η.--
2135 3098 2279 3104 ηρ-

390 3098 1016 3206 ξιῖίίξξήίξι¹ξξ⁴ξζήξξη⁸⁰ία³’
1059 3111 1105 3154 et
1156 3118 1301 3157 "erus
1352 3105 1515 3172 Deus’
1556 3123 1619 3159 ⁸³³
1672 3106 1799 3160 Mm,
1842 3125 1905 3161 αθ
1933 3128 1977 3190 C
2012 3140 2458 3206 inaccessibilem,

396 3168 646 3221 Trinitate
670 3172 854 3237 primo.

395 3284 499 3349 Qui
525 3283 773 3339 dixerunt
803 3285 1078 3341 Dominum
1108 3288 1394 3362 [nostrum]
1426 3291 1604 3346 Jesum
1629 3293 1897 3348 Christum

318 3392 428 3430 non
473 3392 592 3431 esse
624 3378 810 3445 Deum,
843 3390 935 3434 aut
964 3397 1070 3435 non
1100 3398 1219 3438 esse
1251 3399 1433 3438 verum
1463 3387 1649 3452 Deum,
1675 3398 1764 3441 aut
1796 3403 1898 3442 non

319 3488 445 3525 eum
492 3473 646 3525 Patre
696 3488 853 3527 unum
883 3484 937 3529 et
964 3479 1135 3530 solum
1172 3477 1359 3544 Deum,
1390 3488 1480 3533 aut
1510 3496 1611 3534 non
1642 3497 1763 3535 vere
1790 3481 1901 3535 im-

318 3564 604 3619 mortalem
625 3562 741 3636 [aut
756 3581 857 3619 non
879 3580 998 3622 esse
1018 3569 1397 3643 immortalem]
1418 3614 1432 3636 ,
1452 3574 1575 3640 quia
1592 3577 1900 3629 nuitabilein

318 3657 758 3712 manifestissima
788 3657 1087 3713 divinorum
1134 3663 1561 3717 testimoniorum
1589 3674 1642 3719 et
1666 3681 1900 3721 consona

319 3763 457 3803 voce
502 3749 728 3803 convicti
759 3763 904 3815 sum,
937 3751 1076 3806 unde
1103 3764 1225 3806 sunt
1254 3753 1339 3807 illa
1370 3772 1383 3809 :
1414 3754 1468 3807 ln
1511 3757 1768 3825 principio
1790 3769 1904 3812 erat

322 3838 582 3903 Verbum,
603 3850 657 3893 et.
682 3839 910 3894 Verbum
930 3852 1045 3896 erat
1060 3843 1195 3912 apud
1218 3844 1405 3912 Deum,
1427 3847 1631 3902 etDeus
1646 3860 1758 3902 erat
1774 3850 1902 3902 Ver-

321 3933 470 3985 bum.
494 3933 827 3989 Manifestum
854 3947 935 3990 est
959 3940 1099 3991 enim
1132 3938 1271 4008 quod
1299 3939 1529 3993 Verbum
1564 3941 1673 4007 Dei,
1714 3943 1901 3997 Filium

320 4027 420 4081 Dei
450 4028 663 4081 unicum
693 4028 1094 4097 accipituuszde
1115 4046 1220 4100 quo
1239 4031 1504 4099 postdiclt
1536 4050 1557 4109 εΔ
1585 4035 1648 4087 Ει
1675 4035 1902 4089 Verbum

316 4136 451 4177 caro
498 4123 696 4177 factum
752 4133 836 4178 est
868 4140 881 4176 :
909 4134 1122 4192 propter
1168 4126 1494 4180 nativitatem
1526 4127 1904 4183 incarnationis

317 4215 460 4283 ejus,
508 4231 625 4284 qua:
664 4215 799 4269 facta
844 4224 928 4270 est
976 4216 1028 4270 in
1082 4226 1321 4287 tempore
1373 4234 1437 4273 ex
1484 4219 1713 4291 Virg‘ne.
1748 4221 1800 4275 ln
1840 4236 1905 4276 eo

316 4318 501 4360 autem
556 4307 792 4362 declarat
827 4324 931 4364 non
968 4317 1171 4363 tantum
1200 4310 1367 4364 Deum
1417 4326 1555 4376 esse,
1610 4313 1702 4366 sed
1743 4314 1903 4367 etiam

318 4401 561 4469 ejusdem
596 4417 715 4455 cum
742 4403 896 4458 Patre
920 4403 1254 4467 substantia),
1280 4405 1399 4473 quia
1420 4405 1798 4473 cumdixisset,
1835 4407 1902 4461 Et

2006 1861 2195 1917 beatus
2222 1873 2275 1917 et
2318 1863 2462 1917 solus
2493 1873 2704 1932 potens,
2735 1879 2827 1918 rex
2853 1878 3034 1931 regum
3058 1873 3112 1918 et
3138 1864 3394 1918 Dominus
3419 1866 3593 1920 domi~

2006 1956 2267 2021 nautium,
2316 1958 2406 2025 qui
2454 1958 2599 2011 solus
2656 1958 2814 2011 habet
2852 1957 3340 2025 immortalitatem;
3383 1974 3477 2013 nec
3515 1961 3592 2013 sic

2005 2048 2128 2102 inde
2147 2057 2451 2116 separatum
2478 2047 2668 2101 Filium
2688 2056 2960 2115 oporteret
2981 2048 3222 2117 intelligi.
3248 2047 3430 2114 Neque
3447 2050 3588 2103 enim

2003 2142 2128 2210 quia
2149 2140 2264 2210 ipse
2293 2140 2458 2194 Filius
2481 2139 2610 2192 alibi
2635 2140 2857 2206 loquens
2889 2153 3019 2193 voce
3039 2137 3350 2206 Sapientia),
3374 2140 3486 2208 ipse
3508 2150 3591 2193 est

2004 2232 2146 2286 enim
2196 2231 2457 2299 sapientia
2500 2230 2614 2291 Dei,
2658 2232 2754 2293 ait,
2787 2228 2985 2298 Gyrum
3025 2229 3146 2283 caali
3187 2228 3403 2282 cirenivi
3454 2231 3589 2293 sola,

2004 2323 2268 2391 separavit
2299 2337 2329 2373 a
2358 2336 2418 2376 se
2466 2320 2676 2374 Patrem
2706 2335 2719 2374 :
2744 2329 2944 2388 quanto
2988 2319 3153 2388 magis
3192 2334 3319 2387 ergo
3348 2334 3451 2371 non
3509 2328 3592 2374 est

2005 2426 2247 2477 necesse,
2286 2421 2344 2465 ut
2370 2412 2739 2465 tantummodo
2770 2411 2835 2463 de
2868 2411 3020 2463 Patre
3061 2417 3254 2478 printer
3287 2409 3477 2463 Filium
3512 2412 3591 2464 in-

2007 2503 2305 2571 telligatur,
2352 2502 2494 2571 quod
2540 2502 2739 2555 dictum
2792 2509 2915 2554 est:
2959 2501 3117 2553 Solus
3168 2498 3329 2552 habet
3370 2500 3587 2552 immor-

2008 2592 2308 2655 talitatem;
2368 2590 2500 2663 [qui]
2545 2607 2664 2646 cum
2723 2592 2793 2644 ita
2850 2591 3048 2644 dictum
3106 2589 3175 2643 sit
3215 2606 3226 2640 :
3262 2588 3329 2643 Ut
3378 2604 3579 2657 serves,

2008 2683 2196 2753 inquit,
2278 2684 2585 2737 mandatum
2652 2686 2769 2737 sine
2829 2682 3056 2745 macula,
3114 2680 3583 2749 irrcprehensibile

2009 2790 2177 2843 usque
2236 2775 2286 2827 in
2349 2776 2634 2827 adventum
2696 2774 2903 2826 Domini
2977 2775 3145 2825 nostri
3200 2771 3326 2825 .lesu
3389 2770 3585 2824 Christi

2008 2883 2167 2938 quem
2248 2868 2579 2936 temporibus
2653 2868 2880 2936 propriis
2950 2864 3195 2919 ostendet
3285 2864 3469 2916 beatus
3535 2871 3590 2916 et

2007 2959 2149 3020 solus
2208 2968 2396 3026 potens
2447 2973 2538 3011 rex
2591 2972 2771 3026 regum
2800 2965 2853 3010 et
2899 2955 3148 3008 dominus
3178 2952 3586 3017 dominantium,

2008 3052 2094 3120 qui
2135 3051 2281 3104 solis
2340 3049 2498 3103 habet
2556 3048 3032 3112 immortalitatem,
3074 3055 3129 3099 et
3173 3046 3344 3098 lurem
3388 3042 3590 3096 habitat

2489 3153 2645 3208 quem
2676 3151 2832 3193 nemo
2857 3136 3130 3190 hominum
3159 3134 3416 3197 vidit,nec
3445 3133 3590 3185 vide-

2006 3248 2065 3287 re
2119 3241 2309 3301 potest,
2355 3231 2436 3285 cui
2464 3240 2544 3285 est
2573 3230 2740 3283 honor
2766 3237 2819 3284 et
2847 3229 3012 3298 gloria
3050 3227 3101 3279 in
3125 3226 3318 3280 smcnla
3361 3223 3587 3279 sarculo-

2002 3340 2141 3379 rnm.
2212 3324 2266 3377 In
2334 3323 2528 3390 quibus
2584 3322 2783 3386 verbis,
2846 3334 2944 3373 nec
3015 3318 3171 3371 Pater
3222 3314 3433 3385 proprie
3495 3328 3586 3366 no-

2005 3416 2238 3468 initiatus
2281 3424 2382 3481 est,
2429 3428 2527 3467 nec
2579 3413 2762 3479 Filius,
2814 3427 2911 3466 nec
2957 3409 3186 3479 Spiritus
3232 3417 3468 3473 sanctus,
3499 3405 3593 3460 sed

2005 3507 2192 3560 beatus
2255 3518 2309 3561 et
2359 3505 2505 3559 solus
2568 3514 2756 3574 potens
2823 3519 2914 3557 rex
2966 3516 3149 3571 regum
3210 3507 3265 3553 et
3335 3498 3596 3552 Dominus

2004 3598 2411 3659 dominantium,
2469 3597 2612 3666 quod
2673 3604 2755 3651 est
2816 3609 2952 3649 unus
3017 3605 3070 3649 et
3128 3591 3275 3647 solus
3328 3602 3381 3646 et
3441 3605 3597 3644 verus

2009 3688 2184 3754 Dius,
2239 3688 2352 3756 ipsa
2409 3687 2663 3741 Trinitas.
2726 3686 2836 3740 Nisi
2899 3687 3035 3739 forte
3091 3700 3208 3752 qua:
3266 3690 3592 3750 Sequuntur,

2007 3777 2391 3845 perturbabuut
2446 3775 2586 3829 hunc
2632 3775 2991 3835 intellectum,
3040 3774 3159 3839 quia
3197 3771 3332 3823 dixit
3375 3786 3387 3822 :
3429 3768 3596 3834 Quem

2009 3886 2169 3924 nemo
2223 3870 2499 3922 hominum
2554 3867 2706 3931 vidit,
2740 3881 2837 3919 nec
2874 3866 3054 3918 videre
3106 3873 3460 3932 potestzeum
3497 3859 3598 3915 hoc

2007 3964 2167 4017 etiam
2234 3962 2301 4015 ad
2351 3960 2627 4013 Christum
2685 3958 2956 4025 pertinere
3010 3953 3304 4009 secundum
3354 3952 3596 4022 ejusdem

2008 4053 2167 4126 [ejus]
2222 4052 2554 4107 divinitatem
2618 4050 2934 4118 accipiatur,
2990 4060 3149 4116 quam
3197 4061 3303 4101 non
3345 4044 3597 4098 viderunt

2007 4147 2195 4210 Judxi,
2227 4146 2314 4215 qui
2347 4152 2524 4197 tamen
2553 4157 2768 4197 carnem
2792 4142 3061 4209 viderunt,
3091 4148 3146 4195 et
3172 4139 3552 4195 crucifixerunt
3577 4155 3593 4193 :

2012 4237 2187 4291 \lideri
2212 4246 2389 4290 autem
2409 4234 2658 4289 divinitas
2684 4234 2915 4287 humano
2932 4233 3044 4287 visu
3063 4233 3208 4287 nullo
3225 4230 3383 4285 modo
3400 4237 3595 4298 potest,

2007 4327 2102 4382 sed
2123 4342 2189 4380 eo
2211 4328 2324 4382 visu
2348 4326 2575 4391 videtur,
2604 4339 2708 4394 quo
2733 4323 2841 4392 jam
2868 4326 2956 4393 qui
2980 4323 3181 4387 vident,
3205 4336 3310 4376 non
3333 4320 3595 4383 homines,

2012 4419 2103 4472 sed
2146 4417 2279 4471 ulra
2319 4416 2560 4471 homines
2583 4426 2725 4469 sunt.
2752 4414 2913 4469 Recte
2939 4428 3064 4483 ergo
3095 4413 3207 4482 ipse
3245 4412 3385 4466 Deus
3418 4410 3598 4464 Triui-

322 4494 468 4546 Deus
491 4494 885 4549 eratVerhum:
914 4496 1162 4562 hocerat,
1191 4494 1382 4565 inquit,
1411 4497 1462 4551 in
1486 4498 1742 4568 principio
1762 4500 1899 4568 apud
1935 4495 1981 4552 D
2013 4518 2090 4563 ras
2148 4509 2478 4577 intelligitur,
2547 4510 2731 4562 beatus
2767 4516 2821 4560 ει
2858 4505 3007 4560 solus
3049 4514 3257 4573 potens,
3309 4502 3599 4559 ostendens

322 4586 516 4638 Deum.
542 4585 731 4639 Omnia
760 4596 851 4655 per
877 4587 1049 4655 ipsum
1074 4584 1210 4640 facta
1232 4598 1378 4653 sunt,
1410 4598 1463 4643 et
1489 4590 1603 4644 sine
1634 4591 1748 4658 ipso
1788 4590 1900 4643 fac-

320 4686 436 4729 tum
477 4682 557 4731 est
579 4676 728 4731 nihil.
754 4677 936 4746 Neque
973 4677 1113 4732 enim
1136 4677 1481 4745 dicitomnia,
1510 4682 1607 4735 nisi
1630 4698 1748 4750 qua:
1771 4683 1903 4737 fat-ta

324 4778 474 4835 sunt,
501 4769 552 4822 id
573 4780 654 4823 est
676 4784 889 4826 omnem
918 4781 1238 4827 creaturam.
1283 4771 1435 4827 Unde
1465 4773 1666 4843 liquido
1687 4785 1906 4844 apparet

322 4874 502 4928 ipsum
533 4859 726 4915 factum
774 4877 877 4915 non
899 4876 1018 4916 esse
1049 4877 1144 4931 per
1169 4878 1325 4933 quem
1361 4862 1492 4919 facta
1524 4876 1645 4919 sunt
1675 4867 1850 4921 omnia
1888 4884 1899 4918 :

319 4962 381 5007 et
421 4952 464 5005 si
517 4952 685 5007 factus
726 4968 829 5007 non
869 4964 970 5019 est,
1012 4966 1252 5011 creatura
1299 4972 1402 5012 non
1458 4967 1568 5024 est,
1628 4959 1671 5014 si
1726 4973 1905 5015 autem

320 5052 570 5099 creatura
612 5060 716 5099 non
757 5054 861 5111 est,
915 5046 1153 5114 ejusdem
1214 5062 1335 5102 cum
1388 5049 1547 5103 Patre
1592 5051 1906 5108 substantia:

322 5145 429 5189 est.
465 5134 649 5189 Omnis
674 5137 814 5191 enim
838 5138 1133 5191 substantia
1163 5153 1282 5208 quae
1322 5140 1459 5195 Deus
1491 5154 1722 5209 nonest,
1753 5160 1906 5201 crea-

323 5238 448 5280 tura
485 5236 588 5292 est,
628 5236 684 5281 et
734 5243 853 5296 qua:
881 5237 1124 5283 creatura
1154 5244 1257 5284 non
1306 5242 1407 5299 est,
1445 5234 1585 5288 Deus
1624 5246 1729 5294 est.
1777 5240 1907 5297 Etsi

325 5336 437 5375 non
468 5331 551 5375 est
579 5320 744 5376 Filius
772 5322 1012 5392 ejusdem
1041 5325 1349 5383 substantia:
1392 5329 1543 5398 cujus
1581 5333 1756 5405 Pater,
1783 5352 1910 5409 ergo

325 5412 468 5465 facta
524 5412 820 5469 substantia
865 5423 949 5470 est
998 5432 1014 5472 :
1052 5417 1097 5471 si
1155 5418 1288 5474 facta
1326 5422 1614 5480 substantia
1661 5440 1762 5490 est,
1806 5448 1909 5487 non

326 5505 510 5559 omnia
556 5522 652 5574 per
682 5510 852 5576 ipsum
878 5508 1012 5563 facta
1060 5518 1217 5575 sunt;
1250 5522 1305 5566 at
1342 5513 1386 5567 si
1418 5518 1593 5571 omnia
1624 5535 1715 5585 per
1737 5521 1909 5590 ipsum

328 5597 468 5652 facta
517 5610 659 5667 sunt,
693 5602 847 5655 unius
888 5602 1048 5671 igitur
1076 5604 1423 5674 ejusdemque
1452 5623 1569 5662 cum
1604 5610 1756 5666 Patre
1788 5616 1913 5667 sub-

327 5695 543 5747 stantiae
571 5704 674 5749 est.
707 5695 769 5749 Et
798 5695 917 5751 ideo
942 5710 1048 5750 non
1090 5706 1289 5752 tantum
1325 5699 1485 5765 Deus,
1532 5702 1625 5756 sed
1666 5713 1719 5756 et
1753 5718 1913 5761 vetus

331 5789 511 5858 Deus;
550 5789 690 5859 quod
737 5789 876 5846 idem
914 5789 1147 5847 Joannes
1184 5792 1519 5861 apertissime
1568 5796 1621 5849 in
1670 5796 1909 5867 Epistula

2008 4603 2294 4657 adventum
2356 4600 2567 4654 Domini
2622 4600 2789 4653 nostri
2847 4598 2972 4653 Jesu
3017 4597 3213 4651 Christi
3269 4595 3598 4663 temporibus

2010 4693 2279 4763 propriis;
2325 4694 2402 4748 sic
2442 4693 2583 4747 enim
2615 4692 2813 4747 dictum
2845 4699 2945 4755 est,
2979 4690 3137 4744 Solus
3182 4688 3342 4743 habet
3382 4688 3597 4742 immor-

2009 4785 2290 4849 talitatem,
2344 4782 2612 4853 quomodo
2644 4783 2841 4837 dictmu
2890 4790 3003 4847 est,
3052 4781 3151 4848 Qui
3183 4780 3310 4835 facit
3338 4779 3600 4835 mirabilia

2011 4878 2178 4931 solos.
2211 4876 2362 4943 Quod
2408 4877 2566 4929 velim
2608 4875 2765 4940 seire,
2806 4873 2874 4928 de
2913 4888 3019 4943 quo
3053 4873 3254 4926 dictum
3284 4871 3552 4942 accipiant
3583 4887 3598 4926 :

2012 4970 2059 5023 si
2103 4970 2171 5023 de
2212 4968 2368 5023 Patre
2409 4974 2635 5029 tantum,
2668 4966 2935 5035 quomodo
2967 4980 3094 5035 ergo
3135 4980 3319 5019 verum
3350 4973 3433 5020 est
3461 4962 3600 5032 quod

2014 5060 2127 5128 ipse
2171 5058 2338 5113 Filius
2387 5057 2554 5111 dicit:
2598 5058 2939 5125 Quaecunque
2960 5059 3102 5111 enim
3131 5056 3288 5111 Pater
3319 5056 3461 5133 facit,
3487 5054 3599 5107 hate

2011 5150 2197 5206 eadem
2242 5160 2296 5204 et
2349 5149 2513 5203 Filius
2561 5148 2809 5203 similiter
2863 5147 3020 5202 facit?
3064 5148 3146 5202 An
3193 5148 3473 5217 quicquam
3518 5156 3597 5201 est

2012 5243 2149 5298 inter
2179 5240 2432 5295 mirabilia
2468 5239 2783 5304 mirabilius,
2812 5255 2971 5310 quam
3004 5240 3320 5294 resuscitare
3339 5246 3394 5291 et
3431 5236 3597 5290 viviﬁ-

2013 5348 2137 5389 care
2170 5333 2447 5387 mortuos?
2479 5332 2612 5386 Dacit
2640 5346 2817 5385 amem
2848 5331 2989 5386 idem
3023 5330 3189 5384 Filius
3220 5346 3232 5379 :
3264 5328 3414 5382 Sicut
3440 5325 3596 5380 Patet

2022 5428 2241 5480 suscitat
2285 5436 2525 5481 mortuos
2555 5434 2608 5479 et
2647 5423 2900 5486 viviﬁeat,
2932 5423 3009 5475 sic
3048 5435 3100 5476 et
3133 5420 3297 5474 Filius
3325 5434 3457 5485 quos
3485 5419 3597 5473 vult

2022 5520 2268 5573 vivifieat.
2321 5520 2598 5587 Quomodo
2627 5534 2755 5589 ergo
2795 5517 2941 5571 solus
2972 5515 3125 5568 Pater
3156 5513 3277 5565 iacit
3308 5511 3597 5570 mirabilia.

2020 5629 2141 5667 cum
2177 5613 2290 5667 haec
2314 5615 2472 5668 verba
2520 5629 2619 5667 nec
2657 5614 2862 5665 Patrem
2891 5617 3113 5670 tantum,
3143 5621 3239 5659 nec.
3272 5604 3463 5662 Filium
3486 5614 3597 5658 tau-

2024 5714 2130 5758 tum
2164 5705 2471 5772 permittant
2522 5702 2767 5771 intelligi,
2822 5700 2916 5752 sed
2963 5700 3143 5767 utique
3198 5697 3361 5751 Deum
3412 5712 3596 5761 unum,

2021 5813 2224 5865 verum,
2255 5796 2449 5861 solum,
2500 5795 2551 5850 id
2599 5803 2678 5848 est
2723 5794 2931 5847 Patrem
2962 5801 3013 5847 ct
3042 5792 3231 5847 Filium
3262 5802 3312 5846 ct
3340 5791 3596 5863 Spiritum
