4016 6184
432 311 541 367 905

1500 304 1561 357 Ι).
1604 300 1926 358 EUGYPPII
1969 303 2261 359 ABBATIS
2300 305 2623 362 AFRICANI

3602 315 3713 370 804

434 421 710 478 sanctum?
732 418 906 493 [Cum]
926 420 1052 475 item
1072 416 1198 472 dicit
1217 414 1356 470 idem
1375 415 1670 483 apostolus,
1689 414 1854 467 Nobis
1876 428 2014 468 unus
2039 419 2091 476 Α
2118 416 2206 470 tali
2230 420 2487 475 servitute
2517 428 2779 475 creatum
2821 421 3031 479 servire
3070 424 3434 493 prohibemur,
3459 431 3710 498 quando-

436 521 614 584 Pater,
634 516 822 590 [Deus]
844 534 907 573 ex
927 530 1033 586 quo
1050 514 1251 579 omnia,
1271 520 1325 565 et
1342 525 1440 565 nos
1458 511 1510 564 in
1528 510 1666 578 ipso,
1686 519 1738 563 et
1757 525 1893 563 unus
1923 510 2026 561 Do-

435 614 612 665 minus
655 610 812 665 Jesus
860 609 1104 663 Christus
1146 620 1238 675 per
1281 617 1439 673 quem
1467 603 1668 668 omnia,
1701 612 1754 656 et
1784 614 1883 654 nos
1930 616 2025 669 per

435 702 639 769 ipsum;
689 699 810 768 quis
856 698 1063 751 dubitet
1105 708 1230 749 eum
1281 692 1459 746 omnia
1513 706 1632 760 qua:
1684 700 1864 744 creata
1902 698 2026 742 sunt

434 793 634 855 dicere,
654 784 1038 860 sicutlbeatus]
1057 786 1287 840 Joannes
1313 800 1327 837 :
1351 783 1539 838 Omnia
1567 795 1659 850 per
1685 782 1856 847 ipsum
1890 780 2026 834 facta

433 884 593 938 sunt?
623 883 816 947 Quaero
842 880 1018 948 itaque
1045 876 1113 931 de
1140 888 1245 946 quo
1273 874 1412 929 dicat
1443 872 1546 926 alio
1576 873 1732 926 loco:
1763 870 2023 937 Quoniam

433 990 499 1028 ex
520 975 637 1042 ipso
650 982 704 1027 et
725 987 819 1041 per
842 972 1035 1039 ipsum,
1059 976 1113 1023 et
1135 968 1187 1021 in
1208 969 1346 1035 ipso,
1364 973 1487 1020 sunt
1515 964 1713 1029 omnia,
1730 964 1832 1031 ipsi
1856 962 2024 1031 gloria

432 1065 485 1117 in
533 1066 725 1118 Stecula
773 1061 1087 1117 saeculorum
1112 1055 1337 1129 [amen].
1383 1055 1439 1111 Si
1487 1055 1629 1109 enim
1659 1053 1725 1106 de
1767 1053 1923 1106 Patre
1970 1056 2026 1107 et

434 1157 569 1210 Filio
622 1167 676 1210 et
722 1154 922 1222 Spiritu
970 1159 1177 1215 sancto,
1220 1157 1279 1202 ut
1298 1146 1519 1217 singulis
1556 1144 1799 1215 personis
1816 1143 2025 1211 singula

433 1249 760 1312 tribuantur,
786 1260 850 1298 ex
876 1243 1011 1311 ipso,
1036 1256 1103 1295 ex
1133 1239 1317 1303 Patre;
1344 1252 1436 1306 per
1460 1239 1654 1305 ipsum,
1682 1250 1776 1304 per
1799 1234 2019 1291 Filium;

432 1340 488 1392 in
538 1339 674 1405 ipso,
704 1338 755 1390 in
785 1334 986 1404 Spiritu
1032 1340 1217 1387 sancto
1243 1330 1329 1400 [ex
1356 1330 1492 1398 ipso,
1526 1329 1577 1383 id
1602 1338 1687 1383 est
1725 1342 1790 1381 ex
1818 1326 1977 1381 Patre
2006 1343 2021 1381 :

429 1444 529 1498 per
556 1430 750 1495 ipsum,
778 1426 831 1480 id
853 1434 935 1479 est
970 1438 1064 1493 per
1098 1422 1329 1485 Filium;
1357 1422 1408 1474 in
1434 1421 1568 1488 ipso,
1594 1419 1644 1474 id
1668 1426 1752 1474 est
1779 1433 1871 1488 per
1899 1418 2020 1486 Spi-

429 1523 590 1575 ritum
618 1515 885 1588 sanetum]
926 1512 1267 1570 manifestum
1320 1512 1459 1582 quod
1494 1512 1648 1565 Pater
1680 1519 1733 1565 et
1766 1510 1936 1563 Filius
1965 1518 2020 1563 et

428 1612 659 1682 Spiritus
722 1617 937 1663 sanctus
979 1619 1116 1659 unus
1150 1606 1289 1659 Deus
1309 1612 1411 1669 est,
1444 1602 1657 1672 quando
1683 1601 2023 1671 singulariter

2129 508 2345 575 quidem
2392 509 2590 564 dictum
2622 521 2726 578 est,
2763 511 3043 567 Dominum
3085 514 3249 569 Deum
3283 525 3430 570 tuum
3458 519 3713 575 adorabis

2128 608 2183 653 et
2210 601 2290 655 illi
2312 602 2411 656 soli
2455 604 2679 667 servies,
2714 604 2855 659 unde
2883 613 2938 659 et
2965 607 3254 675 Apostolus
3285 607 3584 664 detestatur
3610 626 3710 667 eos

2127 693 2217 761 qui
2266 694 2544 748 coluerunt
2595 704 2649 750 et
2693 696 2997 751 servierunt
3040 706 3304 752 creaturae
3334 700 3513 767 potius
3542 714 3705 771 quam

2126 783 2387 851 creatori;
2432 799 2538 838 non
2567 794 2650 840 est
2696 788 2878 855 utique
2923 795 3165 842 creatura
3194 786 3424 857 Spiritus
3465 800 3706 860 sanctus,

2126 874 2209 925 cui
2241 873 2309 928 ab
2336 876 2580 929 omnibus
2623 877 2824 930 sanctis
2876 877 2996 931 talis
3024 876 3254 932 servitus
3282 880 3588 949 exhibetur,
3620 882 3709 936 di-

2126 973 2282 1019 cente
2310 966 2566 1034 Apostolo
2591 984 2604 1020 :
2630 966 2737 1022 Nos
2780 969 2925 1023 enim
2969 984 3155 1023 sumus
3190 971 3548 1038 circumcisio,
3583 973 3709 1042 Spi-

2124 1056 2248 1109 ritui
2282 1056 2373 1111 Dei
2400 1058 2716 1124 servientes,
2739 1060 2879 1129 quod
2909 1070 2992 1114 est
3024 1059 3077 1114 in
3109 1061 3297 1116 Graec
3353 1063 3706 1136 λατρεύοντες.

2126 1144 2312 1200 Plures
2357 1149 2500 1202 enim
2540 1150 2754 1205 codices
2793 1150 2954 1205 etiam
3006 1150 3179 1205 Latini
3219 1154 3298 1207 sic
3341 1152 3536 1209 habent
3564 1154 3707 1220 :Qui

2125 1234 2324 1302 Spiritu
2361 1235 2452 1291 Dei
2487 1238 2783 1307 servimus;
2811 1239 2981 1295 Graeci
3011 1251 3186 1296 autem
3227 1256 3417 1297 omnes
3447 1255 3533 1297 aut
3565 1259 3707 1313 pene

2122 1338 2329 1380 omnes.
2379 1328 2433 1381 lu
2462 1330 2731 1385 nonnullis
2758 1342 2935 1387 autem
2965 1334 3361 1403 exemplaribus
3383 1335 3587 1391 Latinis
3619 1338 3704 1393 in-

2125 1418 2387 1488 venimus,
2412 1438 2538 1488 non,
2560 1423 2775 1491 Spiritui
2801 1425 2889 1480 Dei
2913 1427 3191 1489 servimus,
3217 1425 3331 1494 sed,
3358 1427 3557 1497 Spiritu
3588 1430 3702 1486 Deo

2123 1513 2402 1569 servimus.
2435 1516 2541 1571 Sed
2584 1517 2674 1587 qui
2719 1518 2773 1572 in
2796 1520 2897 1574 hoc
2926 1530 3131 1586 errant,
3160 1531 3215 1576 et
3240 1524 3546 1577 auctoritati
3575 1539 3701 1595 gra-

2122 1602 2258 1657 viori
2312 1605 2502 1660 cedere
2529 1606 2848 1674 detrectant,
2881 1610 3117 1679 nunquid
3148 1620 3201 1665 et
3233 1611 3361 1666 illud
3396 1616 3602 1667 varium
3636 1616 3695 1669 in

428 1702 605 1769 intulit
630 1717 642 1751 :
670 1698 772 1767 lpsi
814 1695 981 1767 gloria
1019 1697 1072 1749 in
1102 1694 1295 1749 saecula
1325 1693 1665 1747 saeculorum.
1700 1690 1850 1746 Unde
1876 1691 2017 1745 enim
2055 1765 2081 1769 Α
2122 1694 2396 1749 codicibus
2420 1698 2728 1765 reperiunt:
2756 1698 2979 1754 Nescitis
2995 1700 3115 1769 quia
3133 1714 3357 1768 corpora
3373 1713 3697 1759 veStratem-

428 1765 593 1859 cmpit
640 1765 782 1842 hunc
809 1765 1049 1852 sensum,
1084 1800 1190 1838 non
1231 1781 1304 1837 ait
1330 1800 1344 1836 :
1372 1785 1415 1837 0
1445 1781 1673 1835 altitudo
1710 1780 2012 1833 divitiarum
2047 1765 2090 1823 Β
2120 1783 2261 1851 plum
2284 1784 2335 1836 in
2368 1784 2515 1839 vobis
2542 1794 2624 1839 est
2649 1785 2881 1855 Spiritus
2903 1765 3090 1853 sancti,
3117 1765 3273 1859 quem
3288 1791 3698 1848 habetisaDeo?

427 1878 705 1949 sapientia:
753 1886 807 1932 et
850 1876 1089 1930 scientiae
1130 1875 1326 1938 Patris,
1356 1880 1447 1926 aut
1492 1871 1637 1938 Filii,
1665 1882 1756 1924 aut
1787 1870 2014 1939 Spiritus

427 1971 617 2033 sancti,
643 1968 735 2022 sed
761 1986 779 2018 α
803 1966 1080 2034 sapientia:
1101 1977 1153 2018 et
1180 1964 1417 2018 scientias
1437 1962 1557 2015 Dei!
1591 1981 1609 2013 ι
1632 1976 1787 2031 quam
1810 1962 2016 2015 inseru-

427 2060 605 2114 tabilia
634 2067 759 2110 sunt
787 2056 982 2124 judic'a
1008 2053 1205 2123 ejus,et
1228 2052 1623 2121 investigabiles
1669 2052 1768 2106 via:
1803 2052 1971 2120 ipsius
1996 2055 2009 2106 !

427 2152 555 2218 Quis
604 2149 744 2203 enim
794 2146 1043 2216 cognovit
1098 2158 1315 2197 sensum
1362 2142 1592 2207 Domini,
1623 2151 1713 2196 aut
1733 2144 1854 2210 quis
1880 2158 2009 2197 con-

428 2240 655 2294 siliarius
683 2237 799 2305 ejus
829 2237 944 2302 fuit,
972 2233 1195 2302 autqnis
1218 2233 1265 2288 ei
1298 2232 1443 2301 prior
1472 2231 1637 2295 dedit,
1669 2244 1723 2285 et
1752 2232 2014 2286 retribue-

427 2339 511 2384 tur
538 2329 622 2383 ei?
650 2327 899 2395 quoniam
922 2340 986 2379 ex
1012 2326 1147 2393 ipso,
1174 2332 1230 2379 et
1260 2323 1569 2392 peripsum,
1591 2331 1645 2378 et
1667 2325 1717 2377 in
1746 2324 1862 2392 ipso
1891 2334 2013 2379 sunt

427 2421 629 2483 omnia;
665 2420 759 2486 ipsi
791 2416 979 2483 gloria
1007 2415 1059 2469 in
1103 2419 1297 2469 saecuEa
1346 2414 1687 2469 szeculorum.
1722 2418 1912 2469 Amen.
1951 2415 2006 2469 Si

428 2523 598 2565 autem
646 2511 746 2563 hoc
786 2509 853 2562 de
906 2507 1063 2561 Patre
1111 2506 1481 2560 tantummodo
1525 2506 1751 2576 intelligi
1800 2507 2006 2573 volunt,

425 2600 695 2668 quomodo
748 2613 875 2667 ergo
912 2599 1090 2651 omnia
1115 2612 1208 2666 per
1236 2597 1448 2651 Patrem
1476 2606 1620 2662 sunt,
1653 2600 1792 2651 sicut
1819 2598 1907 2653 hic
1926 2598 2009 2652 di-

427 2695 584 2755 citur,
632 2700 687 2745 et
712 2690 889 2744 omnia
922 2704 1016 2757 per
1056 2687 1272 2751 Filium,
1305 2688 1442 2741 sicut
1468 2686 1535 2741 ad
1555 2686 1885 2750 Corinthios,
1913 2688 2005 2742 ubi

425 2784 493 2837 ait
519 2800 533 2834 :
576 2782 640 2836 Et
667 2795 803 2834 unus
843 2779 1098 2833 Dominus
1126 2779 1283 2833 Jesus
1304 2777 1549 2831 Christus
1578 2792 1671 2846 per
1700 2791 1858 2846 quem
1880 2790 2002 2831 om-

424 2881 544 2945 nia;
572 2887 627 2932 et
652 2876 789 2931 sicut
812 2876 863 2929 in
900 2874 1185 2943 Evangelia
1211 2872 1433 2928 Joannis
1458 2889 1472 2926 :
1497 2873 1685 2927 Omnia
1715 2887 1809 2941 per
1829 2872 2001 2941 ipsum

426 2971 558 3027 facta
584 2968 740 3025 sunt?
770 2967 823 3024 Si
853 2966 995 3021 enim
1023 2965 1123 3019 alia
1156 2980 1251 3034 per
1275 2964 1506 3030 Patrem,
1531 2964 1633 3018 alia
1671 2979 1765 3033 per
1784 2963 2000 3029 Filium,

425 3060 527 3129 iam
560 3074 665 3113 non
711 3058 891 3112 omnia
924 3069 1017 3124 per
1040 3055 1280 3118 Patrem,
1314 3067 1412 3108 nec
1441 3052 1621 3107 omnia
1653 3066 1747 3121 per
1776 3052 1996 3120 Filium;

425 3152 465 3205 si
490 3160 662 3204 autem
693 3146 872 3202 omnia
899 3160 994 3215 per
1022 3145 1233 3199 Patrem
1260 3152 1317 3199 et
1343 3143 1524 3199 omnia
1552 3157 1648 3213 per
1672 3142 1885 3211 Filium,
1914 3157 2004 3198 ea-

423 3244 542 3297 dem
599 3256 694 3310 per
740 3239 952 3293 Patrem
983 3251 1102 3305 quae
1134 3251 1230 3305 per
1260 3234 1298 3288 F
1304 3236 1450 3289 ilium
1477 3251 1490 3300 ;
1524 3236 1745 3305 aequalis
1772 3242 1857 3289 est
1884 3249 2013 3304 ergo

426 3331 568 3386 Patri
620 3329 787 3384 Filius
827 3336 882 3382 et
929 3326 1301 3394 inseparabilis
1355 3327 1598 3395 operatio
1626 3334 1711 3380 est
1757 3326 1933 3380 Patris
1959 3334 2013 3380 et

424 3425 569 3485 Filii,
601 3423 723 3490 quia
770 3421 816 3474 si
852 3420 933 3472 vel
971 3418 1163 3472 Filium
1199 3418 1325 3471 fecit
1348 3418 1527 3482 Pater,
1556 3432 1713 3485 quem
1745 3433 1849 3472 non
1884 3408 2013 3472 fecit

422 3515 537 3584 ipse
577 3512 765 3577 Filius,
814 3524 921 3563 non
973 3507 1152 3562 omnia
1198 3522 1291 3575 per
1334 3507 1525 3560 Filium
1583 3507 1720 3560 facta
1769 3515 1910 3571 sunt,
1955 3515 2012 3561 at

423 3608 596 3662 omnia
646 3619 739 3673 per
771 3602 959 3656 Filium
991 3599 1125 3654 facta
1153 3609 1297 3653 sunt.
1343 3598 1461 3665 Ipse
1483 3599 1642 3670 igitur
1683 3600 1853 3652 fattus
1901 3614 2009 3652 non

422 3708 520 3762 est,
548 3706 605 3751 ut
628 3711 746 3750 cum
772 3695 927 3747 Patre
949 3692 1148 3745 iaceret
1169 3689 1349 3744 omnia
1372 3705 1487 3756 qua!
1508 3692 1641 3743 facta
1660 3699 1804 3743 sunt.
1831 3688 2012 3755 Quatt-

422 3804 575 3860 quam
605 3802 703 3841 nec
740 3786 807 3839 ab
835 3785 951 3853 ipso
992 3783 1171 3837 Verbo
1192 3783 1424 3835 tacuerit
1450 3781 1755 3849 Apostolus,
1784 3792 1832 3833 et
1859 3796 2015 3850 aper-

421 3885 622 3937 tissime
643 3880 860 3935 omnino
892 3876 1087 3931 dixerit
1120 3893 1132 3929 :
1165 3875 1267 3941 Qui
1287 3890 1407 3929 cuzn
1439 3874 1490 3928 in
1524 3872 1696 3927 era
1727 3874 1783 3927 D.
1805 3873 1821 3927 i
1843 3886 2011 3951 esset,

421 3990 525 4028 non
557 3973 793 4040 rapinam
836 3968 1122 4022 arbitratus
1169 3979 1245 4023 est
1306 3979 1428 4019 esse
1471 3963 1692 4032 aequalis
1731 3962 1887 4018 Deo:
1925 3962 2013 4016 hic

423 4068 588 4121 Deum
636 4060 854 4133 proprie
880 4060 1092 4113 Patrem
1138 4055 1436 4126 appellans,
1470 4056 1609 4109 sicut
1636 4055 1765 4109 alibi
1794 4071 1809 4108 :
1843 4054 2009 4123 Caput

422 4167 598 4213 autem
628 4154 827 4208 Christi
881 4152 1018 4205 Deus
1051 4165 1067 4204 τ
1096 4149 1343 4203 similiter
1369 4155 1425 4201 et
1465 4146 1532 4201 de
1579 4146 1782 4215 Spiritu
1828 4156 2012 4199 sancto

422 4250 641 4303 collecta
689 4252 813 4297 sunt
858 4240 1190 4303 testimonia,
1240 4238 1432 4307 quibus
1463 4250 1587 4291 ante
1637 4251 1733 4289 nos
1766 4237 1857 4303 qui
1898 4236 2012 4290 hmc

423 4341 825 4408 disputaverunt
878 4332 1234 4385 abundantius
1283 4329 1363 4383 usi
1418 4338 1566 4391 sunt,
1618 4326 1739 4396 quia
1789 4337 1844 4380 et
1895 4326 2011 4393 ipse

426 4434 584 4495 Deus,
641 4437 696 4483 et
740 4443 845 4480 non
896 4432 1139 4479 creatura
1168 4439 1180 4473 :
1207 4420 1350 4489 quod
1397 4421 1442 4474 si
1476 4434 1580 4473 non
1603 4429 1871 4480 creatura,
1901 4432 2007 4471 non

2113 1875 2251 1940 Quid
2292 1884 2468 1930 autem
2499 1878 2737 1934 insanius
2764 1879 3037 1950 magisque
3057 1881 3371 1951 sacrilegum
3401 1892 3501 1949 est,
3532 1899 3694 1953 quam

2115 1972 2174 2017 ut
2213 1966 2486 2034 quisquam
2507 1967 2687 2023 dicere
2712 1970 2906 2024 audeat
2935 1970 3170 2026 membra
3201 1972 3397 2028 Christi
3428 1976 3689 2043 templum

2114 2068 2233 2109 esse
2260 2067 2520 2112 creatura:
2549 2059 2790 2128 minoris,
2818 2061 3111 2115 secundum
3141 2064 3283 2131 ipsos
3305 2078 3464 2133 quam
3504 2065 3693 2122 Chris-

2113 2154 2198 2198 tus
2227 2147 2350 2200 est?
2377 2147 2498 2202 Alio
2524 2150 2668 2203 enim
2698 2149 2816 2205 loco
2840 2151 2971 2205 dicit
3005 2169 3018 2203 :
3050 2150 3285 2221 Corpora
3307 2164 3484 2208 vestra
3516 2171 3693 2210 mem-

2113 2236 2208 2291 bra
2242 2249 2364 2291 sunt
2384 2238 2580 2295 Christi
2612 2258 2626 2294 :
2655 2242 2699 2295 si
2726 2250 2901 2297 autem
2925 2257 3044 2312 quae
3071 2245 3307 2298 membra
3337 2254 3461 2298 sunt
3490 2243 3693 2300 Christi

2114 2328 2369 2396 templum
2391 2338 2474 2385 est
2495 2330 2725 2400 Spiritus
2754 2333 2946 2399 sancti,
2978 2349 3084 2387 non
3109 2345 3192 2389 est
3221 2334 3452 2404 Spiritus
3477 2347 3693 2392 sanctus

2110 2426 2376 2485 creatura,
2405 2420 2527 2488 quia
2573 2421 2660 2476 cui
2684 2435 2879 2491 corpus
2909 2432 3147 2478 nostrum
3176 2424 3431 2493 templum
3460 2426 3690 2481 exhibe-

2112 2522 2249 2572 mus,
2298 2524 2520 2564 necesse
2548 2519 2631 2566 est
2665 2520 2720 2566 ut
2738 2512 2860 2566 huic
2889 2527 3007 2566 eam
3035 2513 3347 2568 servitutem
3372 2514 3687 2583 debeamus,

2109 2614 2214 2668 qua
2251 2614 2356 2654 non
2396 2602 2500 2655 nisi
2530 2601 2639 2656 Deo
2660 2602 2998 2657 serviendum
3026 2612 3130 2669 est,
3158 2619 3277 2673 quae
3294 2602 3485 2659 Graice
3506 2606 3691 2674 appel-

2107 2692 2245 2744 latur
2290 2688 2516 2767 λατρεία.
2560 2693 2711 2748 Unde
2752 2680 3143 2763 consequenter
3178 2695 3309 2749 dicit
3341 2712 3353 2747 :
3386 2694 3693 2753 Glorillelte

2106 2796 2232 2850 ergo
2252 2792 2304 2836 et
2330 2792 2534 2851 portate
2592 2788 2754 2839 Ueum
2784 2785 2836 2840 in
2865 2801 3091 2854 corpore
3117 2794 3315 2841 vestro.

2607 2916 2831 2974 CAPUT
2870 2916 3173 2973 CCXXXV.

2108 3021 2255 3097 Quod
2278 3025 2567 3093 un’geuitus
2586 3024 2683 3078 Dei
2703 3024 2871 3080 Filius
2894 3037 3098 3097 propter
3121 3028 3339 3096 formam
3367 3029 3501 3082 serti
3523 3029 3689 3086 minor

2178 3092 2336 3168 Patre
2356 3092 2575 3168 dicatur,
2594 3098 2679 3168 qui
2701 3097 2755 3150 in
2781 3092 2947 3167 farina
2977 3092 3072 3152 Dei
3097 3092 3307 3168 utquam
3325 3108 3402 3153 est
3432 3098 3604 3168 Patri,
3624 3116 3689 3155 ex

2181 3166 2355 3217 eodem
2378 3165 2526 3232 libro,
2549 3167 2627 3219 tit.
2647 3167 2699 3219 7.

2184 3298 2278 3353 llis
2303 3308 2360 3354 et
2387 3300 2577 3355 talibus
2600 3300 2896 3354 divinarum
2921 3302 3313 3371 Scripturarum
3339 3304 3685 3371 tesﬁmoniis,

2112 3389 2321 3458 quibus,
2356 3397 2414 3442 ut
2438 3389 2569 3456 dixi,
2597 3391 2801 3460 priores
2827 3391 3095 3460 copiosius
3122 3392 3222 3455 usi,
3252 3404 3690 3464 expugnaverunt

2116 3480 2492 3536 hmreticorum
2527 3481 2657 3536 tales
2687 3482 2979 3535 calumnias
3014 3482 3099 3536 vel
3129 3496 3359 3548 errores,
3390 3483 3689 3538 insinuatur

2118 3574 2238 3628 ﬁdei
2272 3587 2469 3628 nosme
2500 3576 2694 3638 unitas,
2722 3586 2774 3628 et
2804 3575 3082 3645 aequalitas
3107 3574 3538 3630 Trinitatis.’Sed
3569 3577 3688 3644 quia

2117 3669 2278 3722 multa
2322 3669 2372 3723 in
2404 3671 2603 3723 sanctis
2648 3669 2802 3724 libris
2834 3676 3050 3737 propter
3078 3669 3499 3723 incarnationem
3534 3668 3689 3723 Verbi

2114 3760 2231 3824 Dei,
2264 3776 2382 3830 qua:
2420 3776 2517 3830 pro
2559 3762 2732 3815 salute
2774 3771 2954 3815 nostra
2995 3759 3283 3829 reparanda
3320 3760 3455 3814 facta
3499 3770 3601 3825 est,
3634 3771 3692 3814 ut

2115 3852 2377 3907 mediator
2424 3852 2517 3907 Dei
2565 3860 2620 3908 et
2663 3852 2936 3906 hominum
2966 3860 3110 3905 esset
3140 3852 3298 3904 homo
3326 3850 3574 3905 Chrisms
3602 3853 3691 3907 Je-

2115 3960 2228 4007 sus,
2248 3947 2315 3998 ita
2336 3945 2605 4010 dicuntur,
2620 3956 2678 3999 ut
2700 3945 2953 4013 majorem
2977 3943 3111 3998 Filio
3132 3943 3342 3998 Patrem
3365 3944 3687 4013 signiﬁcent,

2114 4038 2200 4093 vel
2226 4040 2384 4092 etiam
2415 4036 2746 4104 apertissime
2770 4037 3088 4101 ostendant;
3110 4044 3422 4088 erraverunt
3445 4034 3687 4088 homines

2118 4132 2295 4184 minus
2324 4131 2603 4195 diligenter
2631 4136 2933 4182 scrutantes
2960 4128 3039 4181 vel
3072 4127 3341 4180 intuentes
3380 4126 3686 4180 universam

2113 4224 2306 4275 seriem
2337 4219 2725 4286 Scripturarum
2743 4259 2759 4283 ,
2786 4225 2841 4272 et
2868 4231 2929 4271 ea
2960 4232 3078 4285 quae
3103 4215 3169 4269 de
3196 4214 3411 4269 Christo
3439 4216 3568 4269 Jesu
3606 4230 3689 4270 se-

2114 4312 2343 4367 cundum
2365 4310 2633 4363 hominem
2656 4306 2800 4362 dicta
2817 4313 2961 4374 sunt,
2976 4306 3041 4359 ad
3058 4305 3172 4375 ejus
3195 4304 3547 4359 substantiam
3570 4320 3688 4374 qua:

2115 4414 2239 4460 ante
2256 4403 2667 4458 incarnationem
2686 4400 3011 4467 sempiterna
3030 4407 3162 4462 erat,
3177 4408 3229 4451 et
3240 4398 3565 4465 sempiterna
3584 4404 3689 4463 est,

426 4487 628 4577 tantum
674 4520 838 4580 Deus,
890 4532 1012 4570 nam
1065 4523 1119 4569 et
1168 4487 1411 4567 homines
1457 4512 1585 4567 dicti
1626 4520 1750 4566 sunt
1790 4510 1886 4577 dii,
1914 4510 2007 4563 sed

2118 4495 2403 4550 transferre
2432 4493 2607 4547 conati
2651 4501 2792 4546 sunt.
2824 4491 2889 4545 Et
2920 4491 2993 4544 illi
3024 4489 3240 4558 quidem
3278 4487 3492 4552 dicunt,
3518 4490 3691 4543 mino-

425 4616 585 4668 etiam
604 4625 759 4666 verus
780 4609 942 4664 Deus.
970 4609 1104 4676 Ergo
1130 4606 1271 4660 Patri
1295 4615 1350 4659 et
1369 4604 1504 4658 Filio
1529 4619 1748 4673 prorsus
1770 4603 2011 4671 aequalis,

425 4713 481 4756 ct
505 4704 556 4755 in
587 4701 861 4755 Trinitatis
886 4698 1089 4752 unitate
1112 4696 1581 4751 consnbstantialis
1602 4702 1658 4750 et
1678 4704 2007 4759 coaeternus;

429 4794 659 4846 maxime
718 4806 844 4844 vero
900 4789 991 4843 illo
1047 4788 1165 4842 loco
1213 4787 1343 4841 satis
1389 4788 1580 4851 claret,
1613 4784 1752 4855 quod
1780 4783 2011 4854 Spiritus

429 4891 647 4938 smctus
694 4896 801 4934 non
847 4880 917 4934 sit
966 4887 1233 4941 creatura,
1266 4878 1352 4930 uhi
1393 4876 1645 4946 juhemur
1675 4889 1780 4929 non
1811 4874 2012 4929 servire

428 4982 710 5038 creaturis,
761 4970 854 5024 sed
908 4969 1161 5036 creatori,
1197 4983 1304 5021 non
1344 4982 1410 5022 eo
1440 4966 1599 5021 modo
1625 4981 1731 5035 qtto
1760 4966 2011 5033 juhemur

431 5083 528 5137 per
556 5065 868 5119 charitatem
899 5065 1101 5116 servire
1131 5063 1380 5124 invicem,
1404 5061 1566 5131 {quod
1595 5070 1675 5114 est
1696 5074 1867 5128 gra‘ce
1896 5058 2011 5114 δου-

430 5159 611 5222 λεύειν,
640 5152 734 5207 sed
790 5166 856 5204 eo
889 5147 1046 5202 modo
1068 5148 1119 5219 [θ
1159 5164 1420 5203 converso
1466 5147 1645 5217 modo]
1675 5162 1779 5216 quo
1809 5154 2010 5201 tantum

431 5249 542 5303 Deo
571 5244 819 5304 servitur,
855 5238 998 5310 quod
1042 5247 1125 5293 est
1167 5253 1339 5306 graece
1367 5239 1649 5312 λατρεύειν,
1680 5238 1819 5291 unde
1847 5237 2013 5291 idolo-

432 5342 584 5395 latine
629 5336 896 5395 dicuntur,
931 5331 1017 5401 qui
1049 5329 1349 5383 simulacris
1374 5343 1489 5383 eam
1528 5330 1838 5383 servitutent
1863 5330 2014 5383 exhi-

435 5432 578 5493 hcnt,
624 5442 742 5497 quae
773 5425 995 5480 debetur
1048 5422 1187 5485 Deo’;
1219 5419 1511 5474 secundum
1541 5421 1650 5491 28
1681 5421 1820 5473 hanc
1868 5420 2010 5473 enim

436 5523 739 5575 servitutem
764 5518 959 5572 dictum
980 5524 1062 5570 est
1079 5532 1093 5570 ;
1113 5513 1395 5567 Dominum
1416 5512 1580 5566 Deum
1601 5523 1746 5565 tuum
1762 5510 2012 5566 ador-diis

431 5621 486 5665 et
515 5611 591 5665 illi
623 5610 723 5663 soli
755 5608 977 5663 servies.
1012 5604 1144 5671 Nam
1173 5602 1268 5675 [et]
1300 5602 1399 5657 hoc
1421 5602 1724 5657 distinctius
1753 5603 1802 5654 in
1828 5598 2012 5655 Grécca

432 5702 695 5770 scriptura
720 5700 992 5754 invenitur
1014 5714 1027 5763 ;
1049 5698 1346 5771 λατρεύσεις
1368 5694 1509 5751 enim
1543 5695 1721 5749 habet.
1756 5692 1924 5747 Porro
1965 5694 2013 5748 si

2116 4606 2230 4646 rem
2261 4606 2380 4645 esse
2412 4590 2601 4643 Filium
2634 4604 2791 4652 quam
2823 4588 2981 4642 Pater
3008 4596 3111 4651 est,
3138 4588 3257 4656 quia
3287 4586 3542 4653 scriptum
3584 4593 3685 4644 est,

2116 4687 2233 4752 ipso
2278 4684 2501 4738 Domino
2545 4682 2756 4736 dicente
2797 4697 2812 4733 :
2856 4680 3013 4733 Pater
3040 4677 3207 4746 major
3238 4692 3323 4731 me
3348 4684 3447 4730 est.
3480 4673 3691 4728 Veritas

2116 4788 2293 4835 autem
2324 4777 2588 4840 ostendit,
2617 4776 2907 4831 secundmn
2936 4775 3094 4828 istum
3127 4772 3339 4827 modum
3358 4813 3372 4835 ,
3401 4771 3561 4825 etiam
3606 4783 3692 4823 se.

2118 4874 2235 4943 ipso
2264 4872 2521 4925 minorem
2556 4868 2784 4933 Filium;
2812 4866 3079 4936 quomodo
3108 4865 3248 4919 enim
3281 4878 3385 4917 non
3415 4862 3577 4917 etiam
3610 4876 3695 4915 se-

2114 4966 2233 5035 ipso
2264 4965 2437 5017 minor
2468 4962 2635 5016 factus
2660 4969 2762 5026 est,
2784 4960 2874 5027 qui
2901 4960 3240 5025 semetipsum
3265 4954 3563 5009 exinanivit
3586 4952 3697 5005 for-

2116 5073 2255 5113 mam
2280 5055 2417 5111 servi
2445 5052 2746 5122 accipicns?
2768 5051 2946 5119 Neque
2967 5052 3106 5104 enim
3133 5048 3211 5102 sic
3233 5046 3441 5113 accepit
3466 5042 3693 5097 formam

2115 5148 2289 5210 servi,
2319 5158 2375 5199 ut
2404 5145 2671 5199 amitteret
2706 5143 2927 5196 fortnam
2962 5140 3086 5206 Dei,
3116 5140 3165 5192 in
3196 5152 3298 5207 qua
3330 5145 3444 5191 erat
3473 5134 3698 5202 aequalis

2118 5237 2281 5294 Patri.
2310 5236 2365 5292 Si
2412 5250 2542 5304 ergo
2587 5236 2661 5289 ita
2704 5242 2919 5302 accepta
2967 5241 3051 5285 est
3098 5230 3264 5283 forma
3309 5228 3473 5289 servi,
3502 5238 3558 5279 ut
3590 5241 3695 5278 non

2117 5328 2452 5383 amitteretur
2480 5325 2647 5380 forma
2680 5324 2947 5391 Dei,\Cum
2993 5331 3048 5376 et
3090 5321 3141 5374 in
3186 5319 3353 5372 l‘nrma
3386 5319 3529 5371 servi
3557 5330 3613 5370 et
3640 5317 3693 5369 in

2116 5419 2283 5473 lorma
2315 5417 2406 5472 Dei
2444 5416 2581 5471 idem
2626 5415 2740 5484 ipse
2761 5414 2831 5467 sit
2858 5413 3020 5467 Filius
3048 5410 3347 5481 unigenitus
3374 5408 3468 5463 Dei
3500 5407 3692 5469 Patris,

2116 5511 2170 5564 in
2198 5510 2363 5564 forma
2397 5508 2486 5563 Dei
2516 5507 2731 5577 mqualis
2762 5505 2930 5569 Patri,
2961 5507 3011 5558 in
3042 5503 3209 5557 forma
3240 5499 3383 5555 servi
3432 5497 3692 5552 mediator

2118 5601 2213 5656 Dei
2238 5611 2292 5654 et
2319 5600 2621 5666 hominum,
2649 5598 2808 5653 homo
2830 5597 3073 5653 Christus
3106 5594 3294 5661 Jesus;
3321 5590 3440 5662 quis
3466 5605 3575 5645 nun
3608 5588 3687 5643 in-

2118 5692 2318 5763 telligat
2347 5692 2486 5764 quod
2534 5692 2587 5748 in
2634 5690 2803 5746 forma
2848 5688 2944 5743 Dei
2989 5687 3147 5743 etiam
3175 5685 3290 5755 ipse
3317 5683 3495 5752 seipso
3522 5680 3699 5749 major
