4016 6184
307 275 419 332 905

1418 273 1856 332 TIIESAUBUS.
1897 274 2050 331 CAP.
2090 275 2421 334 CCXXXVI.

3461 295 3565 353 906

298 403 420 462 εει,
447 393 498 447 in
528 390 697 445 ιυιρηη
726 397 902 444 autem
937 387 1109 457 servi,
1137 388 1298 444 etiam
1345 385 1522 456 seipse
1564 388 1739 445 minor
1767 386 1881 444 est?
1914 388 1963 447 Α
1988 386 2040 441 in
2074 388 2192 456 ejus
2220 398 2463 444 naturam
2503 391 2594 460 qui
2642 391 2720 448 illi
2745 393 2971 461 subjecit
3023 400 3198 452 omnia
3226 416 3238 453 :
3270 410 3393 458 tunc
3424 403 3536 458 futu

299 488 425 544 Non
451 487 630 554 itaque
653 481 919 537 immerito
937 480 1213 548 Scriptura
1236 490 1520 549 utrumque
1547 479 1697 547 dicit,
1717 493 1888 548 mqua-
1921 515 1927 520 .

299 575 412 633 lem
458 574 602 629 Patri
643 572 855 636 Filium,
885 579 939 626 et
964 570 1175 626 Patrem
1217 570 1472 640 majorem
1516 570 1652 626 Filio
1699 588 1712 624 :
1760 569 1888 625 illud

300 671 451 724 enim
487 676 703 738 propter
733 665 957 720 formam
1005 665 1121 730 Dei,
1156 665 1260 720 hoc
1295 677 1471 719 autem
1517 672 1730 732 propter
1777 661 1888 717 foro

303 774 450 812 mam
480 757 656 820 servi,
685 756 800 811 sine
834 754 938 810 ulla
967 754 1282 811 confusione
1311 755 1621 826 intelligitur
1652 773 1664 806 ;
1691 765 1746 808 et
1776 753 1892 807 haec

305 852 463 904 nobis
495 850 698 919 regula,
732 864 829 916 per
869 862 1059 904 omnes
1105 859 1316 904 sanctas
1361 847 1666 920 Scripturas
1696 846 1890 901 dissol-

302 941 498 996 vendae
544 939 700 1008 hujus
740 939 1075 1007 quaestionis,
1114 954 1179 994 ex
1227 954 1334 996 uno
1379 953 1496 1008 cap.
1542 939 1712 1008 Epist.
1746 938 1893 993 Pauli

301 1029 534 1098 apostoli
559 1028 839 1096 promitur,
865 1026 952 1084 ubi
971 1026 1306 1083 manifestius
1333 1028 1429 1082 ista
1453 1027 1723 1084 distinctio
1749 1043 1895 1082 com-

304 1122 616 1178 mendatur.
641 1122 728 1175 Ait
757 1122 899 1174 enim
947 1139 960 1174 :
1003 1122 1101 1186 Qui
1145 1137 1266 1177 cum
1311 1121 1362 1179 in
1412 1121 1582 1176 forma
1615 1121 1704 1175 Dei
1731 1129 1892 1184 esset,

309 1229 418 1266 non
452 1216 696 1284 rapinam
723 1211 1016 1266 arbitratus
1041 1221 1124 1268 est
1146 1226 1265 1268 esse
1289 1213 1508 1282 aqualis
1539 1212 1670 1274 Deo.
1693 1210 1787 1266 sed
1812 1223 1896 1265 se-

310 1306 600 1370 metipsum
631 1302 953 1366 exinanivit,
983 1301 1206 1357 formam
1248 1303 1386 1358 servi
1421 1303 1714 1371 accipiens,
1740 1303 1794 1356 in
1823 1302 1896 1356 si-

310 1393 668 1448 militudinem
698 1391 968 1446 hominum
1001 1391 1191 1456 factus,
1222 1400 1276 1446 et
1319 1392 1500 1446 habitu
1550 1394 1794 1449 inventus
1839 1401 1900 1443 ut

313 1486 499 1539 homo.
543 1484 635 1542 Est
660 1499 792 1553 ergo
821 1483 914 1537 Dei
941 1484 1102 1536 Filius
1131 1484 1240 1537 Deo
1270 1483 1412 1540 Patri
1439 1495 1624 1540 natura
1652 1481 1894 1550 aequalis,

312 1575 506 1628 habitu
537 1576 708 1630 minor
750 1590 766 1630 :
817 1574 870 1628 in
913 1573 1081 1628 forma
1124 1573 1264 1630 enim
1308 1574 1447 1628 servi
1485 1587 1645 1643 quam
1691 1573 1898 1640 accepit

1990 493 2107 532 rum
2142 487 2364 546 putant,
2421 495 2541 536 cum
2588 491 2708 550 post
2751 483 2892 538 diem
2933 487 3117 553 judicii
3163 491 3438 546 tradiderit
3482 510 3566 548 ro.

1989 581 2149 635 gnum
2173 568 2284 623 Deo
2307 579 2360 624 et
2384 570 2548 625 Patri.
2574 572 2650 626 Ac
2672 587 2768 642 per
2789 575 2891 628 hoc
2913 577 3074 632 etiam
3099 582 3390 638 secundum
3416 584 3570 644 istam

1990 656 2318 724 opinionem,
2343 660 2514 714 adhuc
2544 663 2698 718 Pater
2724 665 2893 732 major
2915 678 3016 732 est,
3033 684 3190 737 quam
3217 671 3384 728 furata
3409 678 3572 743 servi,

1991 764 2112 819 qua:
2154 749 2320 826 [quis]
2360 754 2428 808 de
2457 753 2670 822 Virgine
2701 769 2915 828 ccepta
2945 769 3044 816 est.
3077 762 3228 828 Quod
3259 767 3304 819 si
3335 776 3388 819 ct
3413 768 3573 836 aliqui

1998 839 2099 894 hoc
2131 841 2420 909 affirmant,
2450 845 2590 913 quod
2626 846 2735 914 jam
2779 848 2936 905 fuerit
2985 852 3035 906 in
3081 853 3177 910 Dei
3222 857 3572 919 substantiam

1996 937 2229 985 mutatus
2259 930 2418 986 homo
2446 933 2694 990 Christus
2719 937 2895 1004 Jesus,
2922 942 3047 996 illud
3075 955 3220 1000 certe
3243 963 3437 1017 negare
3466 967 3574 1008 non

1995 1032 2236 1088 possunt,
2261 1023 2398 1091 quod
2426 1024 2600 1080 adhuc
2623 1035 2812 1083 natura
2841 1031 3070 1087 hominis
3101 1038 3369 1108 manebat,
3397 1055 3570 1108 quan-

1995 1110 2066 1164 do
2089 1120 2216 1166 ante
2238 1114 2537 1179 passionem
2565 1116 2777 1172 dicebat
2800 1136 2814 1173 :
2835 1120 3096 1187 Quoniam
3121 1126 3280 1182 Pater
3301 1131 3472 1200 major
3491 1148 3578 1188 me

1996 1209 2098 1252 est.
2126 1199 2279 1256 Unde
2311 1202 2452 1256 nulla
2475 1207 2746 1260 cunctatio
2771 1217 2873 1273 est,
2899 1212 3191 1268 secundum
3224 1214 3324 1272 hoc
3353 1199 3473 1274 esse
3496 1223 3574 1274 di-

1997 1299 2161 1359 ctum,
2178 1283 2324 1360 quod
2346 1294 2517 1349 forma
2540 1299 2683 1352 servi
2716 1301 2886 1368 major
2912 1311 2993 1356 est
3019 1303 3196 1369 Pater,
3221 1307 3306 1360 cui
3330 1307 3382 1362 in
3409 1311 3579 1366 forma

2001 1382 2092 1437 Dei
2136 1385 2358 1452 aequalis
2393 1396 2477 1440 est
2519 1387 2708 1443 Filius.
2741 1387 2848 1447 Nec
2887 1393 3169 1461 quisquam
3198 1411 3318 1450 cum
3347 1398 3580 1455 audii-rit

1999 1475 2138 1542 quod
2167 1476 2242 1529 ait
2270 1477 2579 1546 Apostolus.
2635 1482 2765 1534 Cum
2797 1492 2974 1537 autem
3004 1485 3224 1551 dixerit,
3251 1489 3370 1556 quia
3401 1493 3577 1544 omnia

1999 1566 2237 1634 subjecta
2256 1576 2380 1621 sunt
2395 1569 2468 1636 ei,
2493 1570 2831 1625 manifestum
2852 1574 2972 1641 quia
2995 1584 3189 1641 prtrti-r
3206 1591 3326 1631 eum
3344 1579 3433 1646 qui
3456 1581 3573 1634 sub-

313 1667 492 1720 minor
531 1673 614 1721 est
654 1664 834 1732 Patre,
869 1665 920 1719 itt
969 1663 1137 1719 foima
1181 1674 1369 1720 autem.
1407 1664 1523 1731 Dei,
1548 1664 1600 1718 in
1639 1677 1742 1731 qua
1781 1671 1897 1718 erat
1995 1659 2122 1727 jecit
2151 1660 2199 1714 ei
2229 1661 2428 1723 omnia,
2460 1661 2530 1713 ita
2563 1662 2835 1718 existimet
2878 1664 2946 1719 de
2995 1666 3150 1720 Patre
3181 1667 3578 1737 intelligendum

315 1758 478 1812 etiam
522 1765 804 1826 antequam
843 1756 979 1813 hanc
1017 1758 1331 1825 accepisset,
1361 1757 1580 1824 aequalis
1608 1765 1692 1810 est
1731 1756 1890 1810 Patri.
1927 1744 1974 1804 B
2001 1749 2144 1821 [cum
2185 1756 2363 1804 autem
2407 1749 2586 1804 omnia
2621 1752 2672 1805 ei
2711 1752 2949 1823 subjecta
2995 1755 3209 1821 fuerint,
3238 1757 3577 1816 manifestum

317 1849 374 1904 in
407 1849 574 1902 forma
606 1848 701 1904 Dei
737 1847 962 1906 Verbum
1001 1862 1094 1916 per
1121 1847 1262 1916 quod
1294 1847 1428 1902 facta
1458 1855 1582 1902 sunt
1607 1847 1813 1913 omnia,
1842 1846 1892 1901 in

315 1938 489 1993 forma
521 1947 698 1993 autem
723 1939 860 1992 servi
886 1938 1057 1994 factus
1077 1953 1145 1994 ex
1172 1938 1419 2004 muliere,
1439 1939 1608 1993 factus
1630 1938 1730 1992 sub
1758 1938 1893 2004 iege,

317 2037 378 2082 ut
400 2044 494 2083 eos
523 2029 609 2100 qui
637 2028 735 2083 sub
768 2029 883 2097 iege
912 2037 1064 2086 erant
1095 2028 1406 2085 redimeret.
1434 2028 1662 2084 Proinde
1702 2030 1752 2082 in
1788 2027 1896 2082 for-

321 2136 408 2174 tna
439 2120 534 2174 Dei
564 2120 687 2176 fecit
720 2121 1010 2183 hominem,
1037 2121 1090 2172 in
1123 2120 1289 2178 forma
1321 2121 1461 2175 servi
1490 2120 1660 2175 factus
1689 2130 1773 2174 est
1804 2121 1900 2174 ho-

321 2224 431 2264 mo.
456 2210 586 2264 Nam
610 2211 654 2264 si
674 2210 827 2266 Pater
848 2219 1051 2269 tantum
1073 2212 1190 2267 sine
1211 2212 1342 2266 Filio
1367 2212 1581 2267 fecisset
1607 2213 1898 2276 hominem,

322 2315 429 2356 non
467 2301 722 2366 scriptum
762 2309 950 2356 esset:
984 2301 1267 2356 Faciamus
1301 2303 1571 2357 hominem
1611 2303 1676 2356 ad
1720 2303 1904 2371 imagi-

324 2410 449 2448 nem
479 2403 535 2448 ct
560 2394 962 2449 similitudinem
994 2403 1232 2462 nostrain
1262 2411 1277 2448 :
1309 2410 1438 2464 ergo
1463 2396 1584 2463 quia
1613 2397 1780 2450 forma
1811 2397 1902 2452 Dei

325 2486 531 2555 accepit
571 2484 792 2539 formam
833 2486 998 2553 servi,
1031 2493 1316 2555 utrumque
1349 2487 1486 2540 Deus
1529 2496 1584 2541 et
1624 2498 1905 2556 utrumque

326 2574 489 2627 homo
539 2592 552 2628 :
603 2576 694 2630 sed
743 2585 1030 2644 utrumque
1083 2576 1252 2641 Deus,
1297 2586 1514 2646 prepter
1553 2579 1903 2646 accipientem

329 2664 525 2728 Deum,
551 2674 834 2734 utrumque
855 2674 1030 2724 autem
1061 2665 1244 2732 homo,
1269 2675 1484 2734 propter
1510 2678 1785 2736 acceptum
1813 2668 1908 2722 ho.

329 2756 561 2821 minent;
603 2772 775 2827 neque
803 2758 948 2814 enim
990 2758 1076 2814 illa
1107 2760 1447 2826 susceptione
1473 2761 1695 2814 alterum
1723 2775 1906 2815 eorum

330 2847 384 2900 in
415 2847 638 2906 alterum
669 2862 987 2906 conversum
1020 2858 1178 2916 atque
1208 2858 1464 2906 mutatum
1493 2861 1575 2905 est
1602 2867 1615 2903 :
1650 2865 1749 2905 nec
1776 2851 1910 2905 divi.

330 2939 468 2995 nitas
497 2939 689 3007 quippe
733 2940 786 2994 in
826 2950 1125 2998 creaturam
1172 2950 1370 2998 mutata
1400 2953 1502 3009 cst,
1545 2952 1600 2996 ut
1627 2944 1912 2998 desisteret

330 3042 452 3084 esse
483 3029 751 3095 divinitas,
783 3045 879 3084 nec
919 3038 1164 3088 creatura
1207 3031 1260 3088 in
1301 3032 1653 3100 divinitatem,
1678 3043 1734 3088 ut
1764 3032 1910 3089 desi-

333 3127 498 3176 steret
525 3135 646 3176 esse
673 3131 941 3178 creatura.

833 3253 1059 3312 CAPUT
1096 3256 1225 3312 CCX
1237 3258 1273 3312 X
1286 3259 1420 3315 XVI.

339 3366 414 3421 De
440 3368 744 3440 subjectione
771 3384 870 3436 qua
897 3367 1063 3440 Filius
1086 3369 1428 3440 subjiciendus
1454 3371 1641 3424 dicitur
1665 3371 1836 3439 Patri,
1860 3389 1922 3428 ea:

949 3438 1121 3491 eodem
1150 3438 1299 3494 libro.

409 3547 545 3602 illud
580 3558 756 3603 autem
786 3549 926 3618 quod
957 3549 1087 3604 dicit
1117 3551 1401 3620 Apostolus
1444 3571 1458 3606 :
1497 3551 1630 3608 Cum
1659 3564 1836 3612 autem
1875 3555 1924 3610 ei

339 3640 520 3692 omnia
548 3640 788 3706 subjecta
825 3639 1050 3706 fuerint,
1075 3649 1200 3696 tunc
1229 3651 1282 3700 et
1311 3643 1426 3712 ipse
1456 3644 1626 3701 Filius
1653 3646 1928 3715 subjectus

338 3727 445 3782 erit
468 3727 517 3780 ei
545 3729 633 3796 qui
662 3729 740 3780 illi
775 3729 1001 3795 subjecit
1022 3730 1197 3786 omnia
1223 3749 1235 3783 :
1259 3743 1349 3788 aut
1373 3733 1489 3788 ideo
1518 3735 1714 3792 dictutn
1742 3749 1927 3806 est,ne

340 3821 622 3889 quisquam
669 3831 874 3889 putaret
923 3820 1159 3876 habitum
1199 3822 1421 3891 Christi,
1451 3826 1538 3893 qui
1580 3841 1648 3880 ex
1697 3827 1926 3882 humana

346 3920 591 3962 creatura
621 3918 896 3977 susceptus
917 3921 1019 3974 est,
1043 3926 1357 3966 conversum
1382 3914 1442 3968 iri
1478 3926 1658 3982 postea
1685 3917 1738 3972 in
1760 3917 1924 3985 ipsam

342 4001 534 4053 divinit
572 4009 697 4065 tem,
719 4000 797 4055 vel
829 4011 883 4054 ut
905 4003 1100 4055 certius
1122 4005 1476 4071 expresserim
1507 4006 1788 4073 Dcitatem,
1811 4023 1928 4077 Quae

346 4105 451 4141 non
467 4099 550 4143 est
569 4099 810 4144 creatura
824 4133 837 4154 ,
853 4090 945 4146 sed
961 4103 1039 4145 est
1064 4094 1239 4148 unitas
1254 4094 1530 4151 Trinitatis
1550 4098 1858 4165 incorporea
1875 4107 1930 4156 et

347 4180 799 4234 incommutabilis
813 4191 866 4233 et
885 4181 1572 4240 sihimetconsubstantialis
1594 4196 1646 4242 et
1661 4197 1927 4248 comterna

348 4279 561 4323 natura.
595 4271 698 4322 Aut
743 4270 786 4323 si
829 4271 1106 4340 quisquam
1148 4275 1443 4342 contendit,
1475 4285 1530 4330 tit
1558 4278 1716 4344 aiiqui
1748 4294 1931 4338 sense-

350 4367 494 4420 runt,
529 4358 597 4410 ita
639 4358 857 4424 dictum,
882 4371 934 4413 et
968 4362 1078 4430 ipse
1123 4363 1292 4418 Filius
1329 4366 1599 4434 subjectus
1627 4372 1729 4426 erit
1757 4371 1805 4426 ei
1840 4373 1926 4442 qui

1997 1841 2118 1908 quia
2149 1849 2343 1908 praeter
2367 1854 2488 1894 eum
2515 1842 2604 1911 qui
2636 1842 2710 1896 illi
2739 1845 2968 1911 subjecit
2995 1849 3193 1914 omnia,
3219 1850 3288 1902 ita
3315 1851 3584 1907 existimet

1998 1929 2066 1982 de
2089 1929 2244 1984 Patre
2273 1929 2720 2003 intelligendum],
2746 1934 2888 2002 quod
2911 1936 3202 2006 subjecerit
3224 1941 3401 1993 omnia
3426 1941 3580 2005 Filio,

2001 2028 2059 2076 ut
2084 2021 2254 2088 ipsum
2283 2020 2477 2077 Filium
2507 2022 2610 2076 sibi
2632 2024 2810 2078 omnia
2838 2026 3130 2095 subjecisse
3155 2044 3260 2081 non
3290 2042 3434 2097 putet
3461 2049 3474 2089 ;
3505 2032 3585 2085 iu-

2001 2112 2316 2180 separaiiilis
2335 2113 2476 2169 enim
2498 2121 2580 2168 est
2599 2116 2841 2183 operatio
2865 2117 3040 2173 Patris
3065 2128 3119 2172 et
3160 2118 3297 2175 Filii.
3334 2122 3584 2191 Alioquin

2003 2213 2101 2254 nec
2115 2199 2229 2266 ipse
2243 2199 2401 2256 Pater
2415 2199 2515 2256 sibi
2531 2201 2754 2270 subjecit
2768 2204 2970 2272 omnia,
2985 2205 3078 2260 sed
3097 2206 3262 2261 Filius
3273 2208 3584 2278 cisubjecit,

2003 2290 2093 2361 qni
2134 2289 2186 2346 ei
2228 2305 2448 2358 regnum
2483 2290 2722 2359 tradidit,
2751 2301 2806 2346 et
2832 2304 3055 2348 evacuat
3080 2309 3294 2352 omnem
3321 2298 3588 2367 principa-

2007 2389 2152 2447 tum,
2190 2391 2247 2436 et
2284 2396 2498 2437 omnem
2539 2393 2889 2452 potestatem,
2932 2395 2988 2441 et
3035 2389 3305 2443 virtutem.
3339 2391 3412 2444 De
3453 2391 3588 2449 Filio

2006 2473 2202 2542 quippe
2239 2474 2338 2528 ista
2372 2473 2513 2528 dicta
2554 2483 2678 2528 sunt
2709 2493 2722 2529 :
2753 2477 2886 2529 Cum
2931 2478 3229 2544 tradiderit,
3261 2482 3369 2556 29
3400 2482 3586 2548 inqui:,

2008 2562 2370 2633 rcgttuntDco
2398 2574 2453 2618 ct
2479 2565 2646 2632 Patri,
2679 2581 2799 2621 cum
2830 2569 3171 2623 evacuaverit
3200 2585 3413 2624 outnctn
3447 2574 3590 2640 prin-

2008 2657 2265 2726 cipatum,
2284 2667 2339 2712 et
2359 2672 2571 2713 omnem
2591 2668 2930 2728 potestatem,
2949 2671 3003 2714 et
3017 2660 3265 2716 virtutem
3283 2681 3295 2716 :
3315 2661 3429 2731 ipse
3449 2665 3589 2716 enim

2010 2746 2225 2814 subjicit
2267 2749 2356 2817 qui
2403 2758 2648 2802 evacuat.
2679 2748 2789 2803 Nec
2837 2750 2916 2803 sic
2955 2750 3279 2806 arbitremur
3323 2752 3592 2811 Christum

2012 2837 2328 2893 traditurum
2359 2853 2580 2907 regnum
2609 2839 2716 2894 Deo
2741 2849 2794 2894 et
2817 2839 2982 2906 Patri,
3011 2853 3064 2895 ut
3094 2843 3294 2897 adimat
3317 2844 3439 2899 sibi.
3463 2844 3594 2901 Nam

2011 2936 2066 2981 et
2127 2926 2228 2982 hoc
2283 2928 2496 2997 quidam
2542 2929 2812 2998 vaniloqui
2861 2931 3218 2986 crediderunt.
3269 2932 3404 2988 Cum
3450 2937 3593 2991 enim

2015 3018 2224 3083 dicitur,
2253 3019 2552 3074 Tradiilerit
2583 3035 2802 3088 regnum
2838 3022 2947 3078 Deo
2983 3033 3037 3077 et
3075 3024 3250 3088 Patri,
3297 3041 3403 3080 non
3435 3042 3596 3094 sepa-

1943 3102 1991 3166 C
2024 3117 2168 3162 ratur
2198 3110 2330 3178 ipsc,
2357 3112 2478 3175 quia
2508 3113 2670 3167 simul
2697 3128 2818 3168 cum
2851 3114 3009 3169 Patre
3035 3133 3172 3170 unus
3203 3119 3337 3171 Dens
3363 3126 3465 3172 est.
3495 3119 3600 3174 Sed

2022 3198 2321 3254 divinarum
2363 3201 2758 3270 Scripturarum
2793 3205 3093 3261 incuriosos
3124 3218 3177 3262 et
3205 3211 3601 3271 contentionum

2022 3290 2290 3348 studiosos
2318 3293 2452 3348 fallit
2481 3295 2698 3350 verbum
2728 3297 2870 3365 quod
2903 3299 3132 3366 positum
3165 3309 3272 3366 est,
3301 3301 3498 3355 Donec.
3530 3303 3602 3355 Ita

2025 3395 2254 3449 namque
2277 3383 2517 3451 sequitur
2544 3402 2555 3436 :
2581 3385 2806 3452 Oportet
2829 3387 2971 3441 enim
3001 3388 3147 3443 illum
3173 3405 3414 3460 regnare,
3439 3392 3607 3446 donec

2027 3485 2188 3542 ponat
2213 3475 2460 3530 inimicos
2486 3490 2614 3532 suos
2641 3477 2742 3532 sub
2764 3479 2992 3548 pedibus
3019 3483 3162 3546 suis;
3208 3496 3453 3553 tanquam
3489 3500 3610 3540 cntn

2029 3565 2266 3632 posuerit
2297 3583 2400 3620 non
2446 3567 2517 3622 sit
2557 3580 2894 3639 regnaturus.
2925 3573 3035 3628 Nec
3065 3574 3369 3646 intelligunt
3411 3578 3479 3630 ita
3527 3577 3612 3631 di-

2027 3664 2170 3708 ctum
2206 3658 2344 3712 sicut
2370 3668 2454 3713 est
2483 3659 2612 3716 illud
2646 3677 2658 3712 :
2693 3661 3075 3719 Confirmatum
3105 3673 3189 3722 est
3217 3682 3310 3721 cor
3333 3668 3476 3737 ejus,
3505 3685 3610 3725 non

2027 3749 2454 3805 commovebitur
2500 3752 2675 3806 donec
2730 3755 2910 3809 videat
2954 3771 3116 3824 super
3165 3760 3411 3815 inimicos
3460 3779 3608 3816 suos.

2028 3837 2142 3891 Non
2201 3840 2342 3893 enim
2397 3856 2518 3894 cum
2572 3842 2770 3897 viderit
2809 3845 2921 3914 jam
2983 3852 3423 3905 commovebitur.
3479 3853 3612 3921 Quid

2029 3943 2158 3998 ergo
2206 3938 2320 3995 est,
2364 3945 2483 3986 cum
2548 3933 2829 3993 tradiderit
2887 3952 3110 4006 regnum
3176 3939 3288 3994 Deo
3337 3951 3390 3997 et
3437 3943 3614 3999 Patri?

2029 4017 2178 4087 quasi
2227 4017 2387 4074 modo
2422 4033 2527 4074 non
2561 4020 2755 4078 habeat
2793 4038 3015 4094 regnum
3051 4027 3190 4083 Deus
3220 4039 3275 4083 et
3303 4030 3491 4096 Pater,
3521 4036 3614 4088 sed

2031 4109 2152 4176 quia
2195 4123 2384 4166 omnes
2422 4110 2598 4180 justos
2647 4114 2701 4169 in
2744 4115 2937 4184 quibus
2981 4132 3122 4172 nuiic
3164 4130 3376 4189 regnat,
3407 4137 3472 4176 ex
3516 4124 3617 4178 tida

2031 4198 2364 4268 viventibus,
2396 4203 2656 4259 mediator
2705 4205 2801 4261 Dei
2843 4215 2900 4262 et
2942 4207 3216 4262 hominum
3269 4209 3429 4266 homo
3467 4214 3618 4268 Citri-

2031 4298 2145 4344 stus
2190 4289 2348 4346 Jesus
2391 4293 2741 4361 perducturus
2781 4306 2866 4353 est
2907 4298 2973 4352 ad
3020 4301 3254 4368 Speciem
3279 4342 3294 4366 ,
3340 4317 3498 4371 quam
3543 4307 3618 4358 vi-

2033 4382 2237 4438 sionem
2294 4386 2424 4440 dicit
2471 4387 2611 4442 idein
2663 4391 2988 4458 Apostolus.
3043 4392 3200 4447 Facie
3253 4395 3320 4448 ad
3380 4395 3620 4454 faciem:

351 4448 430 4500 illi
454 4447 684 4516 ευιιὶοείῐ
709 4452 907 4518 omnia.
927 4460 989 4553 .01
1011 4452 1177 4520 Ῐιιείιηι
1207 4456 1612 4524 ευὺὶεειῖοηεῐη,
1636 4471 1928 4516 commula-
1955 4462 2010 4524 D
2035 4472 2104 4527 ita
2133 4475 2330 4532 dictum
2358 4486 2441 4532 est
2468 4494 2481 4531 :
2517 4479 2650 4534 Cum
2684 4481 2960 4536 tradiderit
2988 4498 3210 4553 regnum
3243 4486 3350 4539 Deo
3374 4496 3424 4540 et
3447 4485 3620 4552 Patri,

356 4539 582 4605 tionem,
611 4548 666 4594 et
697 4542 1100 4597 conversionem
1130 4547 1312 4601 credat
1344 4548 1568 4604 futuram
1601 4562 1859 4611 creaturae
1888 4556 1940 4614 in

359 4631 526 4696 ipsam
558 4630 908 4684 substantiam
938 4635 1019 4686 vel
1045 4635 1329 4690 essentiam
1358 4637 1647 4705 Creatoris,
1673 4641 1722 4694 id
1755 4652 1858 4710 est,
1878 4655 1937 4700 ut

357 4735 478 4786 qua:
507 4719 681 4774 fuerat
710 4722 1002 4776 substantia
1033 4736 1294 4782 creaturae
1336 4729 1425 4782 fiat
1456 4729 1747 4786 substantia
1778 4733 1938 4789 Crea-

356 4811 526 4875 toris;
554 4822 698 4867 certe
721 4815 806 4868 vel
845 4814 947 4871 hoc
972 4819 1238 4884 concedit,
1265 4824 1404 4890 quod
1437 4840 1539 4877 non
1574 4825 1731 4880 habet
1773 4829 1934 4886 ullam

357 4901 760 4967 dubitationem,
787 4906 1020 4960 nondum
1052 4905 1151 4963 hoc
1180 4910 1343 4966 fuisse
1373 4911 1588 4978 factum,
1613 4931 1732 4968 cum
1757 4916 1937 4972 Domi-

360 5012 460 5050 nus
490 4999 712 5064 diceret,
739 5000 892 5054 Pater
921 5001 1092 5072 major
1122 5020 1207 5059 me
1232 5017 1332 5059 εει.
1362 5007 1507 5061 Dixit
1534 5012 1675 5064 enim
1708 5010 1808 5064 hoc
1833 5027 1935 5066 non

360 5091 531 5144 solum
578 5102 862 5160 antequam
909 5096 1235 5150 ascendisset
1266 5098 1317 5151 in
1350 5101 1567 5163 cmium,
1595 5104 1937 5160 Vrrttmeiiam

361 5190 646 5250 antequam
679 5199 866 5251 passus
897 5191 1277 5244 resurrexisset
1317 5205 1345 5242 a
1386 5208 1488 5245 mm
1509 5193 1630 5246 tuis.
1661 5196 1732 5249 Illi
1765 5207 1940 5252 autem

366 5275 454 5340 qui
487 5284 669 5341 putant
697 5275 978 5332 humanam
1026 5281 1075 5332 in
1118 5296 1181 5334 eo
1222 5291 1462 5338 naturain
1496 5284 1546 5338 in
1575 5285 1786 5342 deitatis
1816 5289 1942 5344 sub-

363 5365 613 5419 stantiam
643 5369 833 5421 mutari
875 5378 1035 5440 atque
1071 5375 1329 5440 converti,
1357 5387 1411 5430 et
1451 5377 1520 5430 ita
1561 5377 1759 5434 dictum
1786 5395 1946 5436 esse:

366 5455 519 5509 Tunc
547 5466 600 5510 et
626 5458 738 5526 ipse
769 5458 933 5514 Filius
961 5460 1237 5531 subjectus
1266 5466 1368 5520 erit
1393 5468 1440 5521 ei
1485 5469 1574 5536 qui
1618 5469 1692 5524 illi
1722 5471 1950 5539 subjecit

372 5548 578 5610 omnia,
597 5561 658 5600 ac
687 5549 730 5601 si
760 5549 1047 5619 diceretur,
1074 5562 1200 5609 tunc
1225 5569 1276 5610 et
1300 5557 1408 5628 ipse
1432 5558 1594 5614 Filius
1621 5562 1874 5626 hominis,
1900 5575 1952 5620 ct

369 5652 399 5689 a
431 5636 608 5691 Verbo
636 5637 729 5692 Dei
759 5651 1002 5709 suscepta
1035 5645 1259 5702 humana
1289 5659 1476 5705 natura
1500 5692 1512 5716 ,
1539 5657 1952 5712 commutabitur

692 5756 966 5816 ΡΑτιιοι.
1000 5759 1193 5826 LXII,

2046 4579 2108 4622 ac
2131 4567 2175 4622 si
2199 4566 2488 4637 diceretur,
2513 4584 2632 4624 cum
2661 4573 2964 4640 perduxerit
2987 4575 3268 4628 credentes
3289 4576 3352 4629 ad
3383 4588 3625 4635 content-

2047 4659 2334 4725 plationem
2362 4659 2454 4715 Dei
2479 4670 2532 4716 et
2561 4662 2753 4716 Patris.
2801 4664 2892 4719 Sic
2917 4666 3056 4718 enim
3085 4665 3236 4730 dicit,
3281 4667 3470 4722 Omnia
3493 4672 3622 4724 mihi

2045 4752 2234 4805 tradita
2259 4762 2382 4807 sunt
2407 4770 2437 4807 a
2465 4752 2621 4808 Patre
2652 4754 2840 4826 [meo].
2863 4767 2916 4809 et
2946 4773 3102 4812 nemo
3135 4759 3278 4813 novit
3307 4761 3501 4817 Filium
3527 4766 3624 4820 nisi

2045 4840 2225 4908 Pater,
2256 4859 2424 4911 neque
2455 4844 2664 4902 Patrem
2694 4849 2817 4914 quis
2850 4849 2995 4900 novit
3026 4850 3123 4902 nisi
3161 4851 3324 4905 Filius
3361 4852 3438 4922 [et
3469 4870 3629 4911 nemo

2043 4934 2187 4991 novit
2213 4935 2420 4992 Patrem
2451 4936 2549 4990 nisi
2584 4935 2804 5005 Filius],
2833 4947 2887 4991 et
2912 4939 2998 4992 cui
3029 4940 3255 4995 voluerit
3285 4943 3448 4998 Filius
3479 4961 3629 5001 revet-

2044 5022 2172 5078 lare.
2196 5025 2343 5078 Tunc
2374 5027 2694 5082 revelabitur
2723 5043 2752 5082 a
2789 5028 2926 5083 Filio
2958 5030 3114 5085 Pater
3137 5049 3258 5086 cum
3289 5040 3627 5092 evacuaverit

2044 5129 2256 5168 omnem
2290 5116 2668 5185 principatum,
2693 5130 2746 5174 et
2777 5135 2988 5177 omnem
3025 5133 3361 5191 potestatem,
3384 5135 3438 5181 et
3463 5132 3631 5181 virtu.

2048 5212 2180 5269 tein;
2208 5204 2260 5258 id
2289 5216 2400 5271 est,
2430 5217 2490 5259 ut
2515 5211 2815 5264 necessaria
2847 5227 2952 5266 non
2985 5215 3052 5266 sit
3080 5215 3409 5283 dispensatio
3435 5217 3630 5272 simili-

2052 5293 2289 5349 tudinum
2307 5335 2323 5359 ,
2350 5311 2443 5364 per
2468 5298 2738 5367 angelicos
2766 5301 3126 5370 principatus,
3153 5311 3209 5356 et
3233 5311 3548 5371 potestates,
3579 5319 3632 5362 et

2053 5384 2296 5442 virtutes.
2333 5387 2407 5442 Bx
2436 5403 2659 5454 quarunt
2691 5405 2917 5458 persona
2947 5408 3053 5447 non
3085 5393 3522 5450 inconvenienter
3551 5399 3633 5452 in-

2056 5476 2306 5545 telligitur
2345 5478 2476 5533 dicit
2524 5480 2576 5534 in
2609 5479 2830 5536 Cantico
2875 5485 3203 5537 canticorum
3233 5483 3300 5539 ad
3329 5499 3582 5552 sponsam
3616 5509 3630 5542 ε

2056 5565 2440 5623 Similitudines
2475 5572 2586 5623 auri
2620 5571 2872 5626 faciemus
2906 5573 3019 5636 tibi,
3046 5588 3168 5626 cum
3199 5574 3634 5638 distinctionibus

2059 5662 2292 5733 argenti,
2324 5663 2664 5735 quo-adusque
2712 5679 2805 5720 rex
2851 5664 2901 5718 in
2940 5664 3182 5720 recuhitu
3210 5680 3308 5722 suo
3335 5674 3417 5722 cst
3475 5669 3526 5725 id
3551 5683 3632 5737 est

3037 5780 3113 5846 29
