4016 6184
430 262 528 317 907

1500 260 1559 315 Ι).
1606 258 1926 315 EUGYPPII
1966 260 2257 317 ABDATIS
2296 258 2619 317 AFRICANI
3576 269 3663 323 908

428 375 777 447 quoadusque
798 374 1047 430 Christus
1076 377 1129 430 iu
1160 382 1368 431 secreto
1396 388 1493 428 suo
1517 382 1629 437 est;
1650 373 1769 441 quia
1797 374 1900 425 vita
1929 388 2023 426 no-
2053 374 2100 433 Α
2130 373 2287 443 niqne
2331 383 2550 444 propter
2595 375 2762 444 ipsam
2811 372 3351 441 inscparabilitatem,
3382 376 3669 437 sufﬁcienter

428 482 534 522 stra
560 466 782 539 [vestra]
808 467 1120 521 abscondita
1145 476 1229 524 est
1250 481 1373 521 cum
1401 465 1614 519 Christo
1645 465 1696 517 in
1719 464 1859 517 Deo:
1881 464 2014 517 Cum

432 559 699 624 Christus,
725 560 919 628 inquit,
944 557 1254 628 apparuerit
1272 559 1378 612 vita
1410 565 1586 611 nostra
1622 555 1866 628 [vestra],
1892 564 2019 610 tunc

432 660 487 703 et
510 665 608 704 vos
639 649 964 718 apparebitis
985 665 1103 704 cum
1128 650 1243 717 ipso
1266 649 1316 703 in
1341 647 1527 718 gloria.
1548 646 1697 713 Quod
1728 656 2014 716 antequam

434 739 522 793 ﬁat
545 739 784 793 videmus
816 753 956 792 nunc
988 754 1080 806 per
1103 740 1380 808 speculum
1408 738 1458 791 in
1484 738 1789 806 aenigmate,
1816 736 1917 791 hoc
1937 744 2022 792 est

430 832 482 884 in
514 826 975 891 similitudinibus,
1005 837 1132 881 tunc
1160 836 1338 883 autem
1372 827 1506 881 facie
1536 827 1600 879 ad
1633 825 1821 880 faciem
1858 843 1873 878 :
1906 827 2021 881 haec

430 923 571 974 enim
617 920 769 974 nobis
810 918 1195 987 contemplatio
1237 918 1561 988 promittitur
1604 919 1874 971 actionum
1905 931 2020 970 om-

430 1012 571 1065 nium
618 1012 759 1077 finis,
793 1020 950 1081 atque
991 1022 1193 1066 κιαι-ηε
1237 1010 1492 1079 perfectio
1532 1008 1865 1078 gaudiorum.
1899 1009 2025 1069 Filii

430 1103 569 1156 enim
604 1102 698 1156 Dei
720 1111 994 1169 sumus,et
1018 1101 1252 1155 nondum
1279 1100 1526 1169 apparuit
1551 1098 1690 1169 quod
1720 1098 1893 1170 [quid]
1917 1099 2022 1153 eri-

431 1206 547 1244 mus
577 1208 591 1244 :
623 1192 822 1244 scimus
855 1189 1043 1260 [enim]
1071 1192 1194 1259 quia
1226 1204 1358 1249 cum
1395 1191 1703 1259 apparuerit
1730 1190 1932 1244 simi'es
1972 1191 2020 1244 ei

430 1282 663 1343 erimus,
707 1282 958 1350 quoniam
1009 1282 1307 1336 videbimus
1354 1296 1473 1336 eum
1522 1281 1680 1334 sicuti
1727 1289 1826 1335 est.
1871 1280 2021 1347 Quod

433 1373 577 1427 enim
615 1372 751 1425 dixit
781 1373 979 1427 famulo
1003 1388 1101 1427 suo
1124 1373 1313 1444 Moysi,
1340 1374 1448 1442 ligo
1483 1388 1600 1426 sum
1623 1374 1711 1442 qui
1734 1387 1881 1437 sum;
1911 1372 2025 1426 haec

434 1463 582 1518 dices
626 1464 745 1517 filiis
789 1464 986 1529 Israel,
1030 1464 1131 1530 Qui
1170 1475 1285 1527 cst,
1324 1464 1466 1518 misit
1518 1480 1602 1517 me
1647 1464 1712 1517 ad
1764 1461 2024 1518 voszhoc

434 1557 950 1624 contemplabimur,
983 1572 1104 1611 cum
1135 1557 1434 1611 videbimus
1465 1554 1749 1629 [vivemus]
1781 1556 1833 1609 in
1864 1565 2022 1609 reter-

433 1662 582 1701 uum.
615 1647 692 1700 ιω
723 1647 921 1715 quippe
961 1648 1055 1702 ait.
1092 1647 1215 1702 Hmc
1244 1656 1328 1703 est
1354 1658 1532 1703 autem
1565 1649 1668 1701 vita
1701 1660 1933 1711 alterna,
1965 1654 2024 1700 ut

2119 466 2405 534 aliquando
2441 466 2771 530 nominatur,
2798 463 2883 519 vel
2914 463 3073 519 Pater
3100 466 3268 533 solus,
3296 467 3378 522 vel
3421 469 3571 526 Filius
3594 488 3669 527 so-

2122 554 2225 624 lus,
2244 556 2630 623 adimpleturus
2657 570 2754 610 nos
2783 556 2966 610 laetitia
2991 570 3108 610 cum
3132 558 3282 611 vultu
3308 574 3422 615 suo.
3444 560 3546 617 Nec
3572 566 3673 621 inde

2121 655 2399 715 separatur
2439 649 2716 718 utriusque
2764 647 3030 717 Spiritus,
3061 649 3111 703 id
3155 661 3237 703 est
3281 651 3449 707 Patris
3484 665 3536 708 et
3575 657 3672 713 Ftiii

2121 736 2371 805 Spiritus.
2402 738 2502 804 Qui
2536 740 2768 809 Spiritus
2799 749 3017 796 sanctus
3048 743 3263 810 proprie
3291 744 3498 811 dicitur,
3530 747 3675 817 Spiri-

2124 836 2208 881 tus
2236 828 2496 896 veritatis,
2522 847 2681 901 quem
2716 832 2801 886 hic
2830 833 3062 886 mundus
3089 835 3338 903 accipere
3363 850 3462 891 non
3494 848 3674 907 potest;

2125 918 2228 973 hoc
2254 929 2336 974 est
2360 921 2501 975 enim
2534 921 2743 989 plenum
2774 922 3026 991 gaudium
3057 934 3324 991 nostrum,
3350 942 3453 996 quo
3472 930 3675 998 amplius

2126 1026 2232 1064 non
2263 1022 2341 1065 εει
2361 1053 2374 1074 ,
2410 1012 2511 1066 frui
2545 1013 2792 1084 [scilicet]
2825 1014 3083 1069 Trinitate
3113 1015 3224 1070 Deo
3251 1017 3317 1070 ad
3346 1018 3493 1087 cujus
3517 1020 3675 1090 imagi.

2126 1114 2246 1155 nem
2278 1100 2400 1156 facti
2444 1117 2647 1157 sumus.
2682 1103 2907 1173 Propter
2939 1104 3038 1159 hoc
3062 1106 3349 1175 aliquando
3379 1110 3444 1162 ita
3474 1110 3677 1179 loquitur

2125 1190 2192 1246 de
2216 1191 2416 1260 Spiritu
2444 1203 2651 1257 sancto,
2673 1206 2921 1265 tanquam
2948 1197 3062 1265 ipse
3083 1199 3233 1251 solus
3256 1199 3477 1255 sufﬁciat
3496 1203 3553 1256 ad
3573 1204 3677 1257 bea-

2128 1283 2407 1340 titudinem
2432 1297 2688 1350 nostram,
2707 1297 2763 1342 et
2786 1288 2907 1341 ideo
2930 1289 3076 1342 solus
3100 1290 3320 1355 sufﬁcit,
3336 1293 3451 1360 quia
3472 1297 3677 1361 sepiratf

2125 1389 2156 1427 a
2198 1374 2355 1430 Patre
2384 1386 2435 1431 et
2468 1376 2599 1432 Filio
2632 1394 2737 1432 non
2770 1387 2945 1447 pote-t
2982 1395 2998 1432 :
3040 1381 3180 1434 sicut
3210 1380 3363 1435 Pater
3391 1384 3526 1437 solus
3552 1386 3679 1438 suffi-

2128 1464 2236 1529 cit,
2268 1467 2390 1532 quia
2422 1468 2661 1536 separari
2693 1482 2722 1520 a
2755 1467 2887 1522 Filio
2917 1476 2973 1523 et
3000 1469 3205 1538 Spiritu
3250 1480 3431 1525 sancto
3471 1487 3565 1525 non
3604 1488 3680 1540 po-

2130 1562 2255 1611 test.
2292 1556 2358 1609 lit
2404 1554 2568 1609 Filius
2618 1555 2740 1611 ideo
2781 1557 2981 1611 sufﬁcit
3021 1558 3197 1624 solus,
3234 1560 3356 1628 quia
3403 1562 3617 1629 separari
3655 1578 3677 1613 a

2132 1643 2285 1699 Patre
2312 1653 2368 1700 et
2396 1646 2598 1714 Spiritu
2644 1657 2833 1701 sancto
2883 1663 2988 1701 non
3034 1659 3234 1717 pouest.
3262 1650 3395 1715 Quid
3437 1652 3566 1705 cnim
3598 1652 3680 1706 sibi

432 1745 760 1804 cognoscant
801 1748 854 1792 te
892 1740 1064 1793 solum
1097 1754 1279 1794 verum
1312 1740 1499 1804 Deum,
1530 1748 1587 1794 et
1625 1755 1783 1808 quem
1830 1737 2019 1792 misiSti
2054 1738 2099 1798 Β
2125 1738 2236 1792 vult
2262 1740 2402 1807 quod
2435 1740 2509 1792 ait
2538 1758 2551 1791 :
2582 1740 2636 1792 Si
2666 1739 2890 1808 diligitis
2920 1755 3024 1803 me,
3058 1742 3309 1794 mandata
3338 1758 3447 1795 mea
3476 1754 3676 1806 servate,

434 1828 615 1883 Jesum
645 1829 938 1883 Christum.
969 1830 1079 1883 Hoc
1123 1829 1214 1884 fiet
1248 1845 1369 1883 cum
1413 1831 1622 1884 venerit
1664 1830 1944 1892 Dominus,
1973 1838 2030 1882 et

439 1919 826 1973 illuminaverit
851 1921 1060 1972 occulta
1092 1920 1453 1986 tenebrarum,
1478 1930 1599 1972 cum
1632 1919 1864 1974 tenebrat
1886 1934 2029 1972 mer-

436 2014 654 2068 talitatis
682 2014 837 2083 hujus
868 2014 1336 2082 corruptionisqne
1358 2015 1663 2068 transierint
1691 2031 1704 2067 :
1735 2022 1859 2067 tunc
1885 2013 2026 2068 enim

440 2122 598 2161 mane
624 2114 886 2169 nostrum,
908 2106 975 2160 de
1003 2121 1107 2174 quo
1136 2105 1189 2159 in
1216 2106 1429 2161 Psalmo
1457 2105 1652 2161 dicitur
1676 2123 1689 2159 :
1718 2105 1867 2160 illane
1890 2116 2030 2159 asta-

443 2198 511 2251 bo
553 2197 644 2250 tibi
677 2206 729 2250 et
759 2196 1184 2264 coutemplabor.
1214 2195 1287 2249 De
1335 2196 1433 2250 hac
1473 2196 1922 2264 contemplatione
1952 2194 2029 2248 in-

444 2287 624 2355 telligo
650 2287 875 2350 dictum,
921 2285 1054 2339 Cum
1086 2286 1362 2340 tradiderit
1386 2301 1612 2355 regnum
1647 2287 1755 2342 Deo
1783 2296 1837 2342 et
1865 2286 2030 2349 Patri,

438 2373 489 2430 id
516 2387 598 2431 est
622 2391 741 2430 cum
777 2376 1086 2445 perduxerit
1110 2376 1315 2444 justus,
1349 2377 1402 2430 in
1434 2378 1628 2447 quibus
1659 2392 1801 2431 nunc
1830 2392 1895 2433 ex
1928 2376 2032 2431 fide

439 2470 740 2525 viventibus
781 2477 970 2539 regnat
1017 2469 1282 2524 mediator
1327 2470 1420 2524 Dei
1466 2480 1519 2525 et
1560 2470 1835 2525 hominum
1868 2470 2033 2525 homo

440 2560 695 2615 Christus
724 2558 881 2614 Jesus
909 2558 975 2613 ad
1006 2560 1515 2629 contemplationem
1546 2560 1645 2615 Dei
1672 2569 1726 2615 et
1753 2561 1946 2615 Patris.
1976 2560 2032 2615 Si

438 2649 645 2719 desipio
673 2649 787 2715 hic,
813 2652 1046 2719 corrigat
1075 2666 1162 2705 me
1190 2650 1282 2720 qui
1314 2650 1505 2705 melius
1532 2652 1699 2721 sapit,
1729 2650 1859 2709 mihi
1889 2650 2033 2706 aliud

440 2759 546 2798 non
586 2744 818 2798 videtur.
850 2743 1033 2812 Neque
1077 2745 1219 2799 enim
1248 2760 1551 2814 quaeremus
1597 2746 1773 2812 aliud,
1804 2761 1925 2801 cum
1966 2747 2032 2801 ad

440 2832 581 2889 illius
608 2833 1114 2902 contemplationem
1149 2835 1575 2903 pervenerimus,
1598 2850 1718 2905 qua:
1747 2851 1889 2891 nunc
1916 2851 2024 2891 non

439 2931 550 2988 est,
579 2922 816 2991 quandiu
845 2924 1094 2992 gaudium
1137 2934 1379 2980 nostrum
1414 2927 1465 2980 in
1486 2941 1592 2994 spe
1617 2937 1699 2982 est
1732 2945 1747 2979 :
1782 2943 1907 2994 spes
1937 2943 2034 2983 au-

441 3023 546 3068 tem
579 3011 765 3085 [enim]
791 3028 908 3083 quae
934 3014 1147 3069 videtur
1172 3030 1276 3069 non
1306 3024 1389 3070 est
1417 3031 1539 3084 spes
1565 3032 1580 3071 :
1609 3018 1749 3087 quod
1781 3019 1922 3073 enim
1953 3020 2033 3074 vi-

2129 1834 2188 1879 et
2215 1841 2314 1896 ego
2346 1827 2544 1897 rogabo
2576 1826 2807 1895 Patrem,
2837 1836 2891 1883 et
2923 1829 3083 1882 alium
3114 1829 3428 1884 advocatum
3455 1831 3586 1885 dabit
3608 1848 3680 1886 vo-

2130 1916 2241 1980 bis,
2269 1931 2320 1969 ui
2359 1917 2631 1973 vobiscum
2661 1919 2730 1973 sit
2759 1919 2811 1972 in
2843 1927 3104 1974 aeternum
3124 1961 3140 1986 ,
3170 1922 3422 1990 Spiritum
3452 1926 3675 1983 veritatis.

2131 2022 2287 2076 quem
2310 2008 2401 2061 hic
2431 2010 2662 2063 mundus
2690 2010 2934 2080 accipere
2960 2027 3064 2066 non
3096 2020 3295 2080 potest,
3324 2014 3374 2067 id
3402 2014 3678 2087 estdilecto-

2132 2113 2219 2153 res
2257 2100 2481 2153 mundi?
2523 2102 2771 2157 animalis
2809 2103 2951 2156 enim
2998 2103 3163 2157 homo
3207 2119 3312 2157 non
3355 2105 3556 2174 percipit
3581 2122 3676 2175 qua)

2132 2197 2257 2244 sunt
2289 2189 2519 2257 Spiritus
2562 2190 2677 2245 Dei.
2711 2192 2815 2247 Sed
2859 2193 3033 2247 adhuc
3076 2193 3248 2248 videri
3296 2204 3462 2263 potest
3488 2196 3590 2249 ideo
3614 2198 3675 2249 di-

2132 2290 2276 2334 ctum
2319 2299 2330 2333 :
2366 2282 2430 2336 Et
2461 2296 2560 2352 ego
2604 2284 2803 2351 rogabo
2834 2284 3043 2339 Patrem
3065 2326 3079 2350 ,
3111 2295 3169 2340 et
3199 2286 3363 2340 alium
3404 2288 3672 2341 advocatum

2134 2371 2281 2426 dabit
2310 2374 2462 2427 vobis
2490 2374 2569 2445 [ut
2602 2376 2874 2429 vobiscum
2907 2376 2973 2430 sit
3005 2378 3056 2431 in
3088 2376 3403 2448 teternum],
3436 2381 3566 2447 quasi
3592 2396 3674 2434 non

2134 2462 2363 2518 sufficiat
2389 2464 2538 2518 solus
2570 2465 2754 2519 Filius.
2790 2467 2884 2521 lllo
2910 2475 3089 2520 autem
3141 2468 3259 2522 loco
3300 2468 3365 2522 ita
3408 2469 3471 2524 de
3509 2470 3584 2523 ilio
3606 2468 3672 2522 di-

2134 2562 2279 2608 ctum
2309 2565 2427 2623 est,
2458 2566 2708 2626 tanqvam
2740 2558 2886 2613 solus
2917 2559 3144 2612 omnino
3177 2559 3401 2614 sufﬁciat
3430 2578 3444 2615 :
3472 2561 3584 2615 Cum
3606 2576 3674 2614 ve-

2138 2646 2275 2699 nerit
2308 2646 2395 2700 ille
2423 2647 2656 2713 Spiritus
2681 2649 2922 2703 veritatis
2940 2689 2954 2715 ,
2980 2650 3199 2705 docebit
3227 2665 3320 2706 vos
3344 2666 3533 2708 omnem
3565 2653 3671 2706 veri-

2137 2744 2316 2790 tatem.
2350 2736 2593 2807 Nunquid
2617 2754 2747 2809 ergo
2776 2748 3060 2808 separatur
3085 2742 3215 2795 hinc
3244 2742 3439 2808 Filius,
3465 2755 3672 2813 tanquam

2138 2827 2250 2894 ipse
2294 2843 2397 2882 non
2445 2829 2636 2884 doceat
2676 2846 2887 2885 omnem
2933 2832 3259 2888 veritatem?
3294 2837 3390 2889 Aut
3428 2835 3558 2905 quasi
3593 2836 3673 2889 hoc

2135 2918 2345 2986 impleat
2387 2919 2617 2988 Spiritus
2644 2930 2890 2983 sanctus,
2923 2923 3062 2991 quod
3108 2926 3286 2979 minus
3329 2926 3485 2995 potuit
3512 2926 3673 2979 docere

2137 3008 2339 3065 Filius?
2375 3012 2561 3067 Dicant
2609 3028 2735 3083 ergo
2782 3014 2826 3067 si
2873 3014 3066 3083 placet,
3117 3016 3376 3085 majorem
3419 3031 3526 3071 esse
3568 3016 3672 3070 Filio

440 3103 532 3158 det
570 3103 719 3172 quis,
749 3104 873 3171 quid
917 3104 1140 3171 sperat?
1177 3104 1221 3157 si
1264 3114 1439 3158 autem
1480 3106 1621 3175 quod
1654 3120 1759 3161 non
1788 3107 2027 3162 videmus
2055 3095 2100 3157 C
2133 3101 2386 3168 Spiritum
2418 3112 2685 3167 sanctum,
2715 3118 2869 3172 quem
2900 3107 3164 3160 minorem
3206 3108 3294 3161 illo
3320 3107 3482 3161 solent
3506 3106 3669 3161 dicere.

438 3209 756 3264 speramus,
784 3209 878 3261 per
908 3194 1214 3262 patientiam
1241 3205 1648 3262 exspectamus,
1677 3198 2032 3268 quoadusque

440 3300 536 3339 rex
558 3285 610 3337 in
635 3286 876 3338 recubitu
901 3300 1000 3339 suo
1028 3285 1301 3341 est.'l‘unc
1329 3287 1435 3340 erit
1459 3287 1600 3356 quod
1628 3289 1883 3357 scriptum
1912 3300 1993 3345 est
2018 3310 2030 3343 :

442 3376 772 3444 Adimplebis
804 3392 891 3432 me
919 3376 1103 3431 laetitia
1132 3392 1252 3432 cum
1284 3378 1431 3432 vi.ltu
1463 3389 1573 3434 tuo.
1604 3379 1696 3435 illa
1728 3381 1911 3436 laetitia
1954 3383 2035 3436 ni-

444 3467 517 3523 hil
544 3468 773 3538 amplius
802 3468 1105 3537 requiritur,
1131 3470 1253 3539 quia
1287 3484 1383 3524 nec
1411 3471 1671 3539 eritquod
1698 3474 1926 3543 amplius
1950 3491 2035 3531 re-

442 3560 709 3630 quiratur.
740 3560 1064 3615 Usteudetur
1105 3562 1247 3614 enim
1300 3561 1452 3615 nobis
1500 3563 1678 3632 Pater,
1711 3574 1764 3618 et
1806 3566 2036 3622 sufficiet

446 3650 600 3706 nobis
622 3691 635 3716 ,
664 3650 805 3720 quod
844 3650 980 3707 bene
1021 3650 1361 3706 intellexerat
1391 3652 1668 3723 Philippus
1699 3665 1751 3708 ut
1783 3655 1986 3711 diceret
2019 3676 2030 3711 :

442 3742 687 3809 Domine,
721 3742 944 3797 ostende
972 3743 1125 3798 nobis
1156 3743 1369 3799 Patrem
1401 3756 1453 3798 et
1483 3746 1679 3800 sufﬁcit
1708 3748 1861 3802 nobis
1892 3765 1906 3801 :
1938 3749 2030 3804 sed

444 3834 676 3889 nondum
710 3835 1049 3889 inte.lexerat
1079 3849 1144 3889 eo
1169 3850 1381 3905 quoque
1413 3838 1571 3891 modo
1604 3839 1829 3908 idipsum
1858 3856 1917 3895 se
1941 3855 2034 3910 po-

444 3931 610 3985 tuisse
638 3931 822 3985 dicere
864 3946 875 3982 :
923 3930 1163 3994 Domine,
1190 3932 1416 3985 ostende
1460 3932 1613 3985 nobis
1646 3944 1725 3996 te,
1760 3945 1811 3988 et
1840 3935 2036 3992 sufﬁcit

445 4021 617 4077 nobis.
649 4022 712 4076 Ut
748 4022 891 4076 enim
939 4020 1039 4075 boc
1087 4020 1439 4089 intelligeret,
1470 4037 1784 4089 restionsum
1816 4036 1900 4079 est
1925 4027 1972 4081 ei
2003 4043 2032 4081 a

446 4114 675 4169 Domino
705 4132 717 4168 :
750 4112 925 4168 Tanto
952 4123 1195 4181 tempore
1226 4114 1499 4169 vobiscum
1532 4130 1673 4180 sum,
1703 4126 1756 4170 et
1799 4132 1903 4173 non
1943 4135 2034 4173 co-

447 4205 706 4273 gnovistis
735 4204 855 4259 me?
883 4204 1143 4271 Philippe,
1166 4204 1253 4272 qui
1284 4220 1370 4258 me
1389 4206 1688 4271 vidit,vidit
1708 4216 1763 4262 et
1799 4208 2029 4263 Patrem.

446 4297 553 4353 Sed
582 4297 706 4366 quia
734 4296 888 4350 voleb
910 4305 945 4347 οι
976 4309 1097 4349 eum
1126 4309 1193 4348 ex
1227 4294 1331 4348 fide
1360 4296 1569 4360 vivere,
1595 4304 1877 4365 antequam
1906 4300 2029 4353 illud

449 4397 629 4458 posset
659 4387 863 4451 videre,
882 4394 1097 4440 secutus
1121 4394 1275 4439 estet
1302 4387 1375 4440 ait
1403 4402 1418 4441 :
1451 4385 1563 4440 Non
1588 4386 1765 4441 credis
1787 4389 1908 4457 quia
1934 4404 2032 4459 ego

2135 3194 2215 3245 An
2244 3193 2366 3260 Qilit
2399 3208 2503 3246 non
2537 3194 2737 3247 dictum
2772 3205 2891 3258 est,
2924 3195 3039 3264 ipse
3082 3197 3265 3261 solus,
3293 3204 3379 3251 aut
3416 3210 3554 3251 nemo
3588 3196 3669 3249 nisi

2136 3285 2250 3351 ipse
2276 3298 2368 3338 vos
2398 3284 2613 3338 docebit
2638 3299 2849 3338 omnem
2879 3289 3160 3340 veritatem
3181 3331 3194 3353 ,
3228 3289 3343 3342 ideo
3372 3290 3666 3358 permittunt.

2136 3383 2193 3427 ut
2222 3389 2340 3426 cum
2373 3373 2465 3427 illo
2493 3375 2685 3429 docere
2708 3374 2960 3431 credatur
2986 3386 3041 3430 et
3068 3379 3550 3448 FiliusMposmlus
3572 3391 3671 3446 ergo

2137 3465 2408 3533 separavit
2429 3465 2618 3518 Filium
2650 3480 2678 3518 a
2710 3466 2944 3521 sciendis
2977 3468 3058 3521 his
3088 3485 3210 3538 qua:
3240 3480 3355 3525 sunt
3377 3471 3479 3537 Dei,
3500 3469 3572 3522 ubi
3588 3469 3670 3521 ait:

2139 3554 2226 3609 Sic
2256 3564 2309 3609 et
2339 3571 2457 3624 qua:
2484 3556 2581 3610 Dei
2611 3567 2733 3610 sunt
2766 3564 2929 3612 nemo”
2952 3560 3052 3614 scit
3086 3562 3187 3615 nisi
3229 3562 3446 3633 Spiritus
3473 3560 3552 3614 Dei
3586 3578 3596 3612 :
3625 3569 3670 3613 ut

2132 3643 2242 3714 jam
2272 3645 2360 3698 isti
2401 3647 2636 3713 perversi
2669 3648 2875 3716 possint
2906 3664 2968 3705 ex
3005 3649 3104 3703 hoc
3135 3652 3348 3719 dicere,
3373 3651 3500 3722 quod
3529 3661 3573 3706 et
3599 3650 3667 3704 Fi-

2138 3738 2263 3792 lium
2295 3741 2399 3793 rion
2430 3739 2619 3793 doceat
2651 3756 2769 3809 qua:
2800 3740 2892 3796 Dei
2924 3752 3076 3808 sunt,
3106 3746 3216 3801 nisi
3250 3746 3470 3816 Spiritus
3495 3752 3668 3798 sanctus

2138 3840 2386 3899 tanquam
2418 3833 2589 3900 major
2619 3832 2902 3899 minorem,
2943 3838 3026 3888 eui
3056 3834 3227 3891 Filius
3256 3838 3367 3906 ipse
3398 3844 3575 3890 tantum
3599 3833 3668 3884 tri-

2136 3922 2266 3989 buit,
2295 3932 2353 3977 ut
2385 3923 2589 3977 diceret
2619 3940 2631 3977 :
2666 3923 2798 3988 Quia
2832 3922 2949 3980 hmc
2981 3925 3190 3981 locutus
3220 3944 3334 3982 sum
3363 3926 3518 3989 vobis,
3543 3921 3664 3976 tristi-

2139 4012 2204 4066 tia
2245 4027 2344 4068 cor
2384 4022 2622 4068 vestrum
2664 4013 2903 4083 implevit
2949 4032 2961 4066 :
3005 4014 3099 4070 sed
3129 4031 3231 4086 ego
3262 4018 3519 4072 veritatem
3546 4012 3668 4078 dico,

2136 4120 2200 4160 ex
2213 4104 2354 4173 pedit
2382 4106 2533 4160 vobis
2563 4117 2617 4160 ut
2648 4122 2746 4175 ego
2776 4122 2925 4171 eam;
2958 4124 3077 4162 nam
3112 4110 3156 4163 si
3189 4126 3292 4165 non
3322 4110 3512 4172 abiero,
3534 4106 3667 4161 advo-

2138 4206 2286 4252 catus
2315 4213 2418 4251 uou
2451 4198 2621 4253 veniet
2650 4198 2717 4252 ad
2746 4214 2860 4252 vos.
2908 4199 3019 4254 Hoc
3061 4208 3240 4257 autem
3272 4202 3419 4266 dixit,
3448 4215 3539 4254 non
3575 4211 3669 4265 pm-

2138 4296 2254 4356 pler
2284 4288 2696 4357 in.equalitatem
2724 4289 2883 4343 Veibi
2921 4292 3010 4345 llci
3049 4302 3102 4347 et
3142 4293 3369 4362 Spiritus
3393 4289 3570 4353 sancti.
3595 4284 3670 4340 εθίί

2139 4391 2387 4450 tauquam
2420 4383 2797 4450 impedimento
2839 4394 2979 4437 esset
3013 4387 3297 4454 praesentia
3338 4385 3442 4439 Filii
3481 4378 3670 4434 hominis

451 4481 502 4531 iu
523 4480 738 4532 l’atreet
756 4476 1004 4529 Paterest
1026 4477 1075 4528 in
1096 4474 1465 4539 me?Quandiu
1485 4477 1625 4529 enim
1644 4478 2029 4532 sumusineor-
2063 4463 2114 4521 Ῐ)
2138 4474 2275 4541 alivd
2304 4489 2417 4538 θος,
2444 4476 2726 4545 quominus
2760 4476 2965 4528 veniret
2993 4476 3085 4531 ille
3108 4478 3196 4547 qui
3229 4479 3394 4531 minor
3420 4491 3511 4529 non
3536 4478 3666 4529 esset.

451 4584 610 4638 pore.
643 4568 1044 4638 peregrinantur
1085 4582 1113 4619 a
1155 4565 1408 4619 Domino:
1442 4580 1537 4634 per
1566 4567 1721 4620 fidem
1752 4570 1893 4621 enim
1922 4585 2031 4621 am-

452 4659 738 4724 huiatuus,
794 4672 900 4710 non
960 4672 1056 4725 per
1103 4654 1358 4724 Speciem.
1406 4654 1793 4724 Contemplatio
1837 4659 2030 4728 quippe

453 4766 658 4807 merces
689 4761 770 4803 est
801 4750 944 4815 fidei,
967 4749 1053 4802 cui
1084 4747 1319 4802 mercedi
1366 4763 1457 4816 per
1501 4748 1657 4802 fidem
1689 4749 1849 4804 corda
1882 4766 2033 4805 mun-

450 4844 665 4902 dantur,
700 4842 836 4895 sicut
862 4841 1118 4908 scriptum
1150 4854 1236 4894 est
1275 4856 1290 4895 :
1338 4840 1594 4894 Mundans
1626 4841 1727 4896 fide
1750 4843 1909 4897 corda
1942 4859 2034 4898 eo-

456 4951 593 4993 rum.
622 4931 881 4986 Probatur
909 4940 1082 4984 autem
1114 4932 1254 5001 quod
1294 4932 1366 4987 illi
1404 4932 1837 5001 contemplationi
1877 4934 2036 4989 corda

456 5026 634 5081 mundi
654 5034 799 5086 titur,
818 5023 905 5076 illa
936 5024 1163 5077 maxime
1189 5025 1450 5079 sententia
1476 5040 1490 5080 :
1523 5024 1667 5079 Beati
1696 5026 1893 5079 mundo
1920 5040 2039 5100 cor-

454 5120 540 5182 de,
574 5115 826 5186 quoniam
872 5113 971 5181 ip~i
1014 5112 1180 5166 Deum
1214 5114 1486 5169 videbant.
1540 5116 1606 5170 Et
1636 5118 1754 5185 quia
1797 5116 1913 5171 lucc
1955 5131 2038 5173 cst

454 5212 560 5265 vita
592 5220 823 5271 mterua,
849 5206 983 5261 dicit
1025 5207 1277 5261 Dominus
1305 5208 1356 5261 in
1388 5209 1609 5276 psalmis
1639 5228 1651 5262 :
1686 5212 2036 5281 Longitudiue

455 5303 662 5358 dierum
686 5300 903 5370 replebo
926 5313 1070 5363 cum,
1090 5310 1143 5351 et
1164 5299 1440 5353 ostendam
1466 5300 1542 5354 illi
1570 5303 1803 5359 salutare
1832 5322 2029 5361 meum.

456 5395 581 5449 Sive
610 5410 738 5463 ergo
769 5391 1045 5446 audiamus
1064 5432 1077 5453 ,
1099 5390 1340 5446 Ostende
1366 5392 1521 5446 nobis
1550 5393 1773 5461 Filium,
1805 5399 1916 5452 sive
1945 5413 2039 5451 au-

458 5483 690 5549 diamus,
709 5483 945 5539 Ostende
964 5481 1116 5535 nobis
1141 5482 1376 5547 Patrem,
1397 5485 1723 5539 tantumdem
1742 5489 1898 5553 valet,
1915 5491 2036 5558 quia

463 5586 653 5628 ueu'er
675 5576 791 5629 sine
821 5574 989 5628 altero
1016 5583 1190 5642 potest
1217 5574 1446 5629 ostendi.
1476 5574 1647 5629 Unum
1676 5579 1870 5645 quippe
1893 5588 2041 5643 sunt,

462 5662 607 5717 sicut
634 5661 711 5733 [et
741 5663 875 5735 ipse]
905 5665 979 5718 ait
1010 5680 1022 5717 :
1058 5664 1167 5733 Ego
1207 5673 1260 5721 et
1292 5666 1447 5721 l‘atcr
1477 5683 1638 5723 unum
1685 5683 1889 5723 sumus.
1925 5669 2030 5724 De-

2135 4567 2255 4635 qnia
2286 4580 2388 4620 non
2422 4566 2771 4635 semetipsum
2805 4566 3102 4622 cxinanivit
3125 4570 3261 4624 sicut
3292 4568 3460 4630 Filius,
3483 4564 3668 4617 formam

2137 4663 2275 4717 servi
2308 4662 2596 4734 accipiens.

2615 4754 2840 4813 CAPUT
2875 4751 3225 4810 CCXXXVll.

2139 4864 2245 4934 30
2279 4864 2426 4929 Quod
2488 4864 2611 4917 utile
2654 4865 2976 4934 credentibus
3023 4864 3198 4931 fuerit,
3256 4872 3307 4915 ut
3371 4860 3435 4912 ad
3495 4855 3670 4934 Patrem

2217 4924 2472 5003 intvforma
2516 4935 2644 4987 servi
2722 4933 2953 4988 Christus
3023 4924 3312 4986 ascenderet
3350 4945 3371 4983 :
3428 4944 3483 4980 ea;
3522 4924 3668 4977 eadem

2215 5004 2364 5069 libro,
2422 5007 2498 5058 tit.
2522 5008 2575 5058 υ.

2209 5113 2501 5183 Oportebat
2561 5129 2689 5184 ergo
2759 5122 2818 5167 ut
2887 5112 3187 5168 auferretur
3218 5113 3283 5167 ab
3315 5109 3471 5165 oculis
3513 5112 3665 5159 eorum

2143 5207 2312 5261 forma
2355 5206 2516 5270 servi,
2568 5221 2727 5276 quam
2757 5206 3020 5270 videntes,
3073 5205 3172 5260 hoc
3202 5206 3365 5259 solum
3406 5214 3514 5254 esse
3539 5192 3667 5249 Chri-

2113 5311 2280 5354 stum
2313 5299 2566 5369 putabant
2597 5299 2735 5369 quod
2767 5298 3035 5356 videbant.
3069 5298 3197 5352 lude
3229 5309 3306 5351 εει
3337 5307 3384 5349 οι
3413 5288 3531 5345 illud
3551 5281 3664 5354 quod

2146 5393 2255 5444 ait:
2290 5391 2345 5447 Si
2378 5392 2668 5460 diligeretis
2703 5406 2808 5458 me,
2861 5390 3165 5460 gauderetis
3218 5389 3405 5457 utique,
3453 5377 3663 5451 quoniam

2144 5501 2209 5540 eo
2238 5487 2303 5539 ad
2329 5489 2562 5549 Patrem,
2592 5489 2713 5557 quia
2754 5486 2909 5541 Pater
2933 5488 3103 5556 major
3132 5502 3215 5542 me
3236 5496 3312 5540 est
3336 5499 3349 5538 :
3381 5481 3426 5536 id
3446 5485 3538 5540 est.
3565 5484 3663 5570 βξο·

2149 5589 2325 5645 pterea
2368 5592 2453 5631 me
2483 5588 2694 5645 Oportet
2739 5577 2816 5631 ire
2842 5577 2907 5631 ad
2948 5577 3180 5645 Patrem,
3212 5576 3324 5645 quia
3355 5572 3470 5627 dum
3507 5577 3579 5619 me
3602 5567 3659 5611 ηε

2147 5670 2360 5731 videtis.
2401 5685 2465 5725 ex
2515 5669 2613 5727 hoc
2653 5670 2794 5742 quod
2830 5668 3017 5726 videtis
3040 5652 3660 5736 aestimatis,[juiajmin0r
