3986 6190
268 324 371 380 9C9

1488 322 1924 381 TllESAURUS.
1957 324 2108 380 CAP.
2152 323 2351 383 CCXL.

3422 325 3529 381 9h)

263 452 379 493 sum
411 438 587 501 Patre,
620 445 776 508 atque
805 439 875 493 ita
919 439 1063 493 circa
1091 447 1390 496 creaturam
1420 450 1834 510 susceptumque
1865 438 1913 498 Α
1942 437 2044 492 Per
2070 438 2206 495 hanc
2250 440 2393 494 enim
2438 440 2814 508 perveniemus
2858 441 2923 496 ad
2972 441 3206 511 speciem
3242 457 3253 492 ε
3288 449 3344 494 ιιι
3394 441 3525 505 tales

264 530 505 585 habitum
534 530 801 597 occupati,
827 530 1181 599 aequalitatem
1211 547 1370 602 quam
1401 545 1521 586 cum
1564 532 1721 588 Patre
1745 529 1865 587 lia-"

264 619 385 682 beo,
418 624 535 674 non
577 619 895 690 intelligitis.
954 621 1081 676 lude
1127 633 1212 677 est
1253 632 1309 676 et
1351 622 1480 678 illud
1515 641 1529 676 :
1581 622 1700 679 Noli
1756 639 1842 680 me

263 722 505 780 tangere,
532 710 769 765 nondum
812 712 957 766 enim
988 713 1206 768 ascendi
1236 714 1303 767 ad
1355 715 1595 770 Patrem.
1643 714 1842 771 Tactus

260 803 426 867 enim,
454 811 703 873 tanquam
738 802 897 857 ﬁnem
924 801 1053 857 facit
1079 803 1334 857 nationis.
1376 804 1606 875 Ideoque
1628 806 1845 861 nolebat

262 891 549 948 ineoesse
577 892 735 947 tinem
783 892 975 947 intenti
1027 893 1207 948 cordis
1255 894 1308 948 in
1355 908 1436 962 se,
1482 904 1538 949 ut
1570 896 1671 950 hoc
1702 897 1843 965 quod

260 983 544 1043 videbatur
572 984 940 1039 tantummodo
968 994 1267 1054 putaretur.
1292 985 1550 1041 Ascensio
1572 997 1750 1043 autem
1778 987 1843 1042 ad

261 1075 473 1132 Patrem
498 1084 631 1139 erat,
654 1078 727 1130 ita
757 1078 924 1133 videri
948 1079 1085 1132 sicut
1125 1080 1349 1149 aequalis
1377 1087 1463 1136 est
1490 1080 1658 1148 Patri,
1690 1092 1741 1136 ut
1771 1082 1841 1137 ibi

261 1172 405 1217 esset
432 1162 553 1218 finis
583 1164 809 1219 visioais
838 1182 957 1236 quae
979 1166 1187 1222 sufﬁcit
1219 1170 1392 1222 nobis.

727 1276 954 1333 CAPUT
1001 1278 1376 1334 CCXXXVIII.

269 1365 538 1433 Quomodo
563 1365 849 1442 traditurus
889 1369 976 1442 sit,
1000 1368 1240 1442 Regnum
1261 1369 1429 1425 Filius
1460 1370 1639 1441 Patri;
1664 1387 1725 1425 ex
1755 1387 1843 1428 eo-

807 1438 920 1493 dem
958 1438 1090 1494 libro'
1110 1441 1190 1495 tit.
1221 1441 1309 1495 10.

331 1547 441 1601 Sed
495 1555 716 1617 propter
769 1548 1184 1608 insinuationem
1238 1552 1541 1616 Trinitatis,
1601 1554 1846 1623 personis

262 1642 425 1696 etiam
476 1641 698 1710 singulis
745 1644 1055 1713 nominatis,
1114 1645 1364 1711 dicuntur
1409 1646 1675 1716 quasdam,
1736 1663 1842 1701 non

263 1732 379 1786 aiiis
408 1732 670 1801 separatis
717 1733 1090 1805 intelliguntur
1124 1735 1436 1807 [separatim
1470 1755 1482 1790 :
1520 1753 1623 1792 non
1663 1747 1840 1794 tamen

1944 528 2087 601 [nos]
2118 540 2282 595 amet,
2313 533 2499 601 quales
2526 540 2669 586 amat
2697 542 2753 588 ut
2797 534 2989 597 simus,
3021 548 3125 587 non
3179 531 3365 601 quales
3415 532 3528 584 odit

1942 622 2063 691 quia
2094 638 2295 689 smnus,
2326 633 2376 678 et
2428 623 2670 679 hortatur
2720 639 2783 680 ac
2834 633 3052 695 prestat
3101 639 3167 679 ne
3220 623 3353 677 tales
3404 636 3523 676 esse

1943 727 2055 770 sem
2065 729 2158 784 per
2180 715 2427 775 velimus.
3344 716 3349 719 ’

2434 824 2663 898 ειμιυτ
2702 824 3037 899 ccxxxtx.

1951 921 2063 991 Qut}
2118 921 2425 991 discretione
2492 922 2854 991 intelligendus
2936 921 3037 986 sit,
3100 918 3254 991 Nunc
3320 916 3532 991 (rquafis

2023 990 2170 1044 Patri
2216 989 2411 1060 Filius,
2441 1007 2577 1046 nunc
2613 988 2779 1045 autem
2830 992 3033 1045 minor:
3059 1006 3124 1044 ea:
3160 990 3338 1043 eodem
3378 988 3531 1051 libro,

2018 1062 2098 1115 tit.
2135 1062 2219 1116 ll.

2017 1175 2351 1245 Quapropter
2398 1176 2606 1245 cognita
2662 1166 2759 1229 ista
2818 1175 3002 1243 regula
3057 1173 3531 1243 intelligendarum

1948 1270 2350 1339 Scripturarum
2381 1270 2447 1325 de
2482 1270 2614 1323 Filio
2646 1268 2763 1334 Dei,
2813 1277 2869 1322 ut
2899 1267 3287 1336 distinguamus
3319 1264 3444 1334 quid
3478 1264 3530 1319 in

1947 1365 2026 1418 eis
2054 1374 2208 1418 sonet
2230 1363 2521 1418 secundum
2566 1362 2788 1417 formam
2837 1361 2930 1415 Dei
2974 1361 3026 1415 in
3067 1374 3171 1430 qua
3202 1357 3421 1427 mqualis
3451 1365 3536 1410 est

1948 1455 2111 1525 Patri,
2145 1463 2199 1509 et
2225 1455 2348 1524 quid
2378 1454 2669 1508 secundum
2700 1451 2923 1506 formam
2949 1451 3090 1506 servi
3114 1464 3270 1519 quam
3303 1446 3533 1517 accepit,

1947 1546 1998 1601 in
2024 1560 2124 1614 qua
2151 1545 2325 1599 minor
2352 1552 2433 1599 est
2461 1543 2636 1608 Patre,
2670 1558 2771 1597 non
2812 1541 3249 1597 conturbabimur
3285 1547 3533 1609 tanquam

1948 1637 2230 1693 contrariis
2250 1651 2312 1691 ac
2350 1634 2771 1705 repugnantibus
2795 1634 2933 1687 inter
2947 1647 3004 1687 se
3034 1640 3343 1688 sanctorum
3373 1630 3537 1685 libro-

1947 1743 2064 1784 rum
2098 1726 2378 1789 sententiis
2409 1742 2422 1778 :
2456 1739 2579 1791 nam
2624 1722 2920 1779 secundum
2944 1723 3169 1777 formam
3198 1721 3310 1788 Dei,
3353 1734 3537 1789 aequa-

263 1826 383 1880 εῃίε
411 1826 671 1895 separatis
702 1826 1113 1900 intelligatur],
1145 1814 1364 1899 propter
1391 1829 1636 1898 ejusdem
1666 1829 1844 1884 τι-ίηί-
1886 1810 1928 1869 Β
1956 1819 2020 1873 lis
2051 1824 2135 1873 est
2158 1816 2321 1882 Patri,
2356 1824 2409 1870 et
2440 1816 2631 1881 Filius,
2656 1824 2710 1871 et
2731 1814 2966 1885 Spiritus
2998 1824 3235 1877 sanetus,
3262 1812 3382 1880 quia
3412 1826 3541 1865 neu-

262 1917 389 1970 tatis
420 1917 707 1983 unitatem,
739 1933 1006 1988 unamque
1058 1919 1413 1974 substantiam
1465 1931 1625 1990 atque
1680 1920 1849 1976 deita-

264 2016 372 2061 tem
400 2005 786 2080 [divinitatem]
837 2009 1011 2064 Patris
1041 2018 1096 2065 et
1138 2010 1259 2065 Filii
1309 2021 1363 2066 et
1403 2011 1631 2081 Spiritus
1658 2013 1847 2066 sancti.

264 2097 463 2152 Tradet
491 2098 670 2169 itaque
700 2114 923 2169 regnum
956 2100 1066 2155 Deo
1095 2108 1151 2155 et
1193 2100 1336 2157 Patri
1368 2101 1625 2158 Dominus
1668 2111 1854 2158 noster

266 2189 424 2245 Iesus
451 2188 716 2257 Christus,
748 2204 853 2245 non
906 2205 965 2245 se
1023 2191 1161 2259 inde,
1191 2203 1459 2261 separato,
1511 2208 1608 2248 nec
1651 2194 1854 2263 Spiritu

266 2290 477 2344 sancto,
508 2281 761 2349 quoniam
795 2280 1051 2350 perducet
1080 2282 1363 2338 credentes
1409 2284 1474 2338 ad
1523 2285 1859 2356 contempla-

270 2372 473 2425 tionem
499 2370 617 2437 Dei,
650 2371 737 2426 ubi
761 2381 843 2427 est
873 2372 993 2427 finis
1014 2374 1253 2428 omnium
1281 2374 1543 2429 bonarum
1567 2374 1857 2443 actionum.

269 2469 323 2516 et
344 2461 562 2531 requies
592 2462 941 2529 sempiterna,
972 2472 1028 2518 et
1056 2463 1307 2531 gaudium
1334 2464 1472 2532 quod
1507 2480 1613 2519 non
1643 2463 1857 2526 aufere-

270 2559 361 2604 tur
387 2566 417 2604 a
452 2551 627 2605 nobis.
660 2550 771 2605 lloe
800 2550 942 2606 enim
970 2552 1237 2621 significat
1258 2553 1308 2607 in
1341 2569 1405 2608 eo
1437 2555 1575 2629 quod
1600 2555 1673 2608 ait
1710 2572 1721 2606 :
1759 2556 1861 2609 lte-

270 2657 389 2696 rum
419 2642 613 2698 videbo
638 2658 751 2710 vos,
782 2655 831 2698 et
865 2643 1228 2713 gaudebitcor
1249 2655 1508 2713 vestrum,
1535 2652 1589 2698 et
1612 2644 1859 2713 gaudium

271 2743 511 2788 vestrum
539 2750 695 2789 nemo
715 2733 920 2789 auferet
950 2750 978 2788 a
1010 2736 1182 2789 vobis.
1211 2734 1347 2803 Quid
1370 2744 1454 2790 est
1478 2738 1513 2790 Α
1539 2735 1700 2791 Patre
1726 2737 1859 2803 exii,

272 2825 402 2891 nisi,
430 2824 543 2879 Non
568 2826 619 2879 in
649 2840 714 2880 ea
741 2825 909 2879 forma
936 2841 1037 2892 qua
1065 2827 1287 2894 aequalis
1308 2840 1423 2881 sum
1449 2826 1612 2895 Patri,
1644 2826 1737 2880 sed
1770 2827 1865 2881 ali-

275 2924 376 2980 ter,
408 2915 462 2969 id
491 2924 579 2970 est
609 2915 661 2970 in
694 2928 969 2984 assumpta
1010 2926 1252 2971 creatura
1291 2917 1467 2972 minor
1518 2917 1734 2986 apparui
1756 2918 1780 2971 ?
1802 2917 1867 2987 Et

274 3008 403 3079 quid
426 3018 529 3073 est,
573 3008 704 3062 Veni
736 3008 789 3062 in
820 3009 960 3063 hunc
990 3010 1246 3064 mundum
1284 3008 1411 3077 nisi,
1449 3008 1695 3063 Formam
1724 3009 1865 3064 servi

275 3116 434 3170 quam
471 3118 556 3155 me
600 3101 913 3156 exinaniens
962 3104 1169 3175 accepi,
1200 3103 1361 3158 etiam
1398 3111 1740 3173 peccatorum
1775 3102 1865 3172 qui

278 3169 534 3247 mundum
566 3193 729 3248 istum
760 3194 989 3264 diligunt
1009 3169 1176 3249 oculis
1203 3169 1609 3251 demonstravi?
1642 3196 1709 3258 Et
1739 3169 1866 3267 quid
1895 3169 1940 3232 Ο

279 3296 380 3351 est,
413 3287 607 3342 lterum
638 3288 877 3357 relinquo
902 3288 1176 3353 mundum,
1212 3289 1332 3357 nisi,
1363 3288 1446 3359 Ab
1470 3297 1690 3359 aspectu
1732 3288 1867 3346 diler

299 3390 507 3433 rtoium
542 3380 723 3434 mundi
765 3380 946 3434 aufero
984 3381 1123 3448 quod
1153 3381 1441 3436 viderunt?
1468 3383 1533 3436 Et
1577 3382 1700 3452 quid
1744 3392 1863 3448 est,

284 3470 354 3524 Va
379 3474 428 3525 io
459 3472 524 3525 ad
552 3473 783 3539 Patrem,
809 3473 939 3535 nisi,
970 3471 1146 3527 Doceo
1180 3488 1267 3528 me
1299 3473 1377 3526 sic
1409 3472 1808 3541 intelligendum
1836 3487 1865 3526 a

285 3562 529 3616 fidelibus
561 3564 715 3627 meis,
746 3563 1013 3632 quomodo
1035 3563 1256 3632 atqualis
1285 3578 1402 3633 sum
1430 3564 1615 3617 Patri?
1640 3563 1750 3617 Iloc
1772 3563 1864 3637 qui

281 3655 525 3723 credunt,
548 3654 695 3727 digni
727 3655 1064 3709 habebuntur
1085 3655 1299 3724 perduci
1324 3672 1350 3709 a
1381 3655 1484 3709 fide
1506 3655 1569 3708 ad
1595 3656 1860 3725 speciem,

283 3742 333 3796 id
362 3753 446 3797 est
472 3743 537 3797 ad
568 3745 733 3812 ipsam
762 3746 1018 3801 visionem
1041 3788 1055 3812 ,
1101 3760 1206 3815 quo
1235 3748 1533 3815 perducens
1562 3745 1735 3801 dictus
1785 3756 1869 3801 est

283 3835 496 3889 tradere
528 3850 742 3904 regnum
778 3837 883 3905 D_eo
912 3846 966 3889 et
1022 3826 1165 3890 Patri
1196 3855 1211 3900 ;
1255 3836 1443 3890 fideles
1489 3837 1686 3906 quippe
1728 3835 1862 3903 ejus,

283 3942 414 3995 quos
445 3927 668 3980 redemit
694 3929 951 3996 sanguine
981 3943 1098 3993 suo,
1124 3927 1252 3982 dicti
1281 3937 1407 3982 sunt
1443 3944 1666 3997 regnum
1698 3927 1816 3996 ejus
1849 3967 1865 3993 ,

283 4032 378 4084 pro
403 4020 599 4087 quibus
622 4035 761 4074 nunc
793 4020 1119 4087 interpellat.
1153 4022 1303 4083 Tunc
1332 4029 1508 4075 autem
1542 4019 1646 4075 illic
1677 4034 1772 4075 eos
1794 4021 1868 4073 si-

284 4112 331 4166 bi
364 4111 566 4167 faciens
606 4113 892 4177 inhrerere,
917 4114 1007 4168 ubi
1039 4114 1258 4187 :rqualis
1288 4122 1370 4167 est
1399 4114 1550 4167 Patri
1577 4155 1591 4176 ,
1624 4128 1727 4167 non
1753 4112 1865 4182 jam

283 4204 485 4271 rogabit
546 4205 754 4258 Patrem
800 4221 897 4273 pro
937 4207 1014 4262 eis
1054 4225 1063 4256 :
1099 4189 1215 4272 ipse
1247 4207 1412 4271 enim,
1457 4207 1652 4276 inquit,
1702 4206 1864 4262 Pater

284 4304 429 4348 amat
454 4310 579 4358 vos;
603 4309 667 4349 ex
695 4297 794 4349 hoc
818 4295 958 4348 enim
985 4306 1154 4364 rugat,
1182 4310 1288 4363 quo
1312 4297 1484 4350 minor
1508 4294 1637 4369 [est]
1667 4296 1863 4351 Pater:

284 4401 387 4455 quo
406 4401 535 4439 vero
567 4387 785 4453 :equalis
815 4383 962 4457 [e511,
994 4386 1218 4439 exaudit
1248 4401 1369 4439 cum
1399 4387 1573 4441 Patre.
1605 4386 1758 4442 Unde
1809 4400 1868 4440 se

285 4477 350 4530 ab
374 4492 440 4531 eo
478 4477 617 4544 quod
649 4476 813 4538 dixit,
848 4478 963 4543 Ipse
992 4477 1134 4531 enim
1165 4479 1320 4532 Pater
1346 4488 1488 4531 amat
1510 4493 1601 4531 vos
1631 4520 1645 4543 ,
1688 4478 1869 4546 utique

1951 1923 2033 1968 ter
2063 1927 2250 1967 eorum
2278 1922 2524 1966 creatura
2568 1918 2670 1977 est,
2724 1912 2863 1965 sicut
2899 1909 3007 1979 iam
3048 1910 3378 1965 ostendimus
3411 1926 3422 1961 :
3456 1922 3541 1962 se-

1952 2003 2183 2068 cundum
2206 2002 2433 2056 firmam
2465 2011 2644 2055 autem
2669 2000 2831 2067 servi,
2866 2005 3040 2069 minor
3070 2009 3152 2053 εει
3193 2000 3369 2063 Patre,
3412 1999 3535 2066 quia

1958 2097 2072 2163 ipse
2103 2092 2236 2159 dixit
2275 2110 2290 2149 :
2324 2092 2483 2146 Pater
2527 2090 2701 2161 major
2732 2106 2817 2145 me
2848 2100 2932 2145 est
2961 2094 2981 2142 Ξ
3025 2088 3201 2145 minor
3229 2096 3313 2143 est
3341 2088 3539 2157 seipso,

1955 2187 2077 2256 quia
2108 2186 2174 2238 de
2225 2184 2319 2239 illo
2388 2182 2589 2249 dictum
2622 2165 2752 2246 'est,
2792 2181 3155 2251 Semetipsum
3203 2180 3497 2235 exinanivit
3530 2198 3543 2234 :

1957 2278 2133 2331 minor
2158 2284 2239 2330 est
2275 2274 2479 2345 Spiritu
2509 2281 2717 2337 sancto,
2748 2273 2867 2342 quia
2902 2272 3019 2343 ipse
3045 2270 3121 2324 ait
3152 2286 3165 2323 :
3212 2270 3314 2337 Qui
3337 2268 3541 2324 dixerit

1960 2349 2346 2435 blaSpbeniiam
2383 2364 2436 2417 in
2487 2363 2677 2428 Filium
2727 2346 2980 2426 hominis,
3015 2361 3316 2423 remittetur
3344 2361 3422 2425 ei;
3457 2361 3544 2429 qui

1960 2467 2135 2525 autem
2164 2454 2357 2511 dixerit
2387 2454 2440 2525 in
2470 2454 2729 2523 Spiritum
2784 2463 3054 2530 sanctum,
3098 2466 3202 2505 non
3250 2451 3545 2506 dimittetur

1962 2553 2031 2607 ei.
2068 2552 2132 2606 Et
2182 2552 2237 2613 in
2284 2550 2401 2619 ipso
2448 2548 2672 2608 virtutes
2700 2554 2953 2615 operatus
2991 2552 3075 2610 est
3104 2544 3290 2615 (licens
3322 2564 3333 2597 :
3369 2545 3423 2600 Si
3452 2554 3549 2616 ego

1965 2642 2017 2698 in
2043 2641 2245 2711 Spiritu
2280 2639 2371 2694 Dei
2403 2637 2565 2708 ejicio‘
2608 2635 2893 2709 dminonia,
2921 2644 3069 2690 certe
3111 2636 3419 2704 supervenit
3457 2651 3547 2690 su-

1966 2749 2059 2801 per
2088 2747 2184 2786 vos
2212 2746 2432 2801 regnum
2486 2729 2600 2793 Dei.
2639 2729 2705 2782 Et
2752 2726 2893 2810 apud
2939 2726 3156 2797 Esaiam
3208 2726 3359 2796 dicit,
3391 2742 3549 2795 quam

1968 2823 2252 2877 lcct'onem
2286 2824 2399 2889 ipse
2430 2820 2483 2872 in
2519 2832 2788 2891 synagoga
2821 2819 3088 2889 recitavit,
3129 2825 3186 2873 et
3215 2817 3280 2872 de
3310 2833 3368 2873 se
3400 2833 3548 2875 eom-

1970 2913 2161 2982 pletam
2189 2911 2307 2977 sine
2344 2910 2594 2981 scrupulo
2625 2908 2979 2979 dubitationis
3008 2908 3266 2964 ostendit.

2533 3020 2759 3089 CAPUT
2798 3020 2998 3088 CCXL.

1975 3114 2092 3182 Qua
2142 3115 2341 3181 ratione
2393 3100 2837 3182 nescire‘dicatur
2888 3110 3061 3167 Filius
3112 3113 3248 3165 diem
3297 3120 3343 3167 et
3373 3113 3554 3175 lteram

2021 3176 2045 3185 ”
2142 3176 2300 3256 quam
2339 3178 2431 3237 scit
2461 3183 2647 3247 Pater;
2674 3176 2742 3237 ea:
2782 3182 2959 3237 eodem
2996 3182 3149 3249 libro,
3177 3183 3260 3249 tit.
3292 3184 3379 3238 ll.

2013 3298 2315 3362 Secundum
2340 3297 2562 3353 formam
2578 3296 2693 3361 Dei,
2709 3296 2887 3351 omnia
2911 3312 3026 3366 qua:
3046 3295 3207 3350 habet
3222 3296 3374 3350 Pater
3389 3296 3554 3365 ipsius

1969 3404 2125 3457 sunt:
2148 3394 2212 3445 Ει
2227 3393 2405 3446 omnia
2425 3400 2514 3446 tua
2538 3406 2652 3445 mea
2671 3402 2815 3457 sunt,
2833 3389 3025 3461 inquit,
3042 3400 3094 3453 et
3108 3404 3222 3444 mea
3240 3400 3325 3444 tua
3342 3403 3553 3445 :sceun-

1971 3487 2094 3540 dmn
2126 3487 2350 3540 formam
2382 3487 2546 3552 servi,
2592 3502 2701 3541 non
2733 3496 2815 3541 est
2855 3485 3103 3539 doctrina
3134 3485 3324 3553 ipsius,
3360 3485 3453 3540 sed
3486 3486 3556 3539 il-

1972 3578 2075 3632 lius
2100 3577 2189 3646 qui
2216 3593 2338 3633 eum
2368 3577 2533 3632 misit.
2559 3577 2628 3632 Et
2653 3578 2721 3632 de
2750 3575 2837 3632 die
2867 3584 2921 3631 et
2962 3577 3092 3631 hora
3123 3592 3283 3631 nemo
3314 3577 3436 3643 scit,
3471 3594 3559 3633 ne-

1970 3682 2074 3738 que
2102 3668 2275 3737 angeli
2305 3668 2359 3721 in
2387 3668 2545 3733 coelo,
2587 3682 2762 3737 neque
2820 3667 3010 3733 Filius,
3065 3668 3163 3722 nisi
3228 3668 3401 3723 Pater.
3454 3669 3561 3737 llo;

1969 3744 2111 3814 enim
2153 3761 2327 3813 nescit
2356 3758 2498 3827 quod
2549 3760 2854 3813 nescientes
2885 3758 3033 3822 facit,
3074 3757 3124 3812 id
3172 3766 3254 3812 est
3284 3760 3423 3827 quod
3459 3778 3561 3818 non

1971 3849 2041 3901 ita
2065 3848 2272 3902 se'ebat
2300 3856 2357 3901 ut
2385 3857 2509 3911 tunc
2548 3847 2823 3916 discipulis
2865 3848 3151 3913 indicaret,
3198 3849 3335 3904 sicut
3360 3850 3560 3917 dictum

1969 3945 2053 3992 est
2085 3939 2151 3992 ad
2185 3939 2452 3994 Abialiatn
2481 3957 2491 3990 :
2524 3938 2672 3993 Nunc
2705 3939 2928 4010 cognovi
2958 3939 3079 4010 quia
3109 3939 3264 4002 times
3291 3942 3477 4009 Deum,
3507 3942 3561 3997 id

1970 4036 2072 4094 est,
2104 4044 2244 4083 nunc
2268 4028 2366 4083 feci
2389 4037 2446 4083 ut
2470 4044 2843 4099 cognosceres,
2872 4029 2992 4099 quia
3034 4038 3088 4083 et
3119 4030 3235 4098 ipse
3266 4031 3367 4083 sibi
3398 4032 3452 4084 in
3476 4032 3561 4097 illa

1972 4121 2265 4175 tentatione
2288 4120 2542 4188 probatus
2568 4120 2819 4175 innotuit.
2848 4119 2980 4174 Nam
3010 4119 3139 4179 illud
3174 4122 3358 4191 utique
3390 4123 3562 4177 dictu-

1972 4224 2061 4262 rus
2090 4217 2205 4264 erat
2225 4209 2502 4279 discipulis
2524 4219 2765 4279 tempore
2795 4220 3125 4281 opportuno,
3157 4210 3225 4273 de
3248 4227 3354 4282 quo
3379 4212 3560 4277 futuro

1974 4312 2225 4367 tanquam
2250 4301 2522 4367 praeterito
2552 4300 2780 4374 loquens
2825 4301 2938 4355 ait:
2972 4300 3087 4365 Jam
3118 4317 3222 4361 non
3264 4319 3359 4358 vos
3390 4303 3561 4363 dicam

1972 4404 2179 4454 servos,
2218 4390 2312 4444 sed
2345 4390 2581 4454 amicos;
2618 4376 2808 4445 Servus
2836 4391 2978 4445 enim
3013 4393 3183 4447 nescit
3225 4395 3560 4455 voluntatem

1978 4479 2177 4533 domini
2201 4479 2305 4544 sui,
2338 4494 2431 4532 vos
2457 4490 2638 4549 autem
2661 4480 2769 4534 dixi
2811 4483 3033 4547 amicos,
3082 4483 3203 4553 quia
3233 4484 3411 4549 omnia
3443 4502 3562 4553 qua:

287 4568 398 4635 ipse
428 4584 532 4623 non
560 4580 769 4638 separat
794 4611 807 4635 ,
835 4570 927 4624 sed
953 4571 1247 4626 secundum
1272 4586 1332 4623 ea
1357 4570 1481 4624 facit
1507 4570 1729 4640 in'elligi
1752 4587 1871 4639 qum
1908 4544 1956 4603 Ῐ)
1980 4571 2158 4624 audivi
2188 4585 2216 4623 a
2250 4570 2408 4624 Patre
2433 4585 2574 4641 meo,
2622 4580 2746 4638 nota
2780 4572 2931 4626 vobis
2977 4573 3074 4627 feci
3103 4591 3114 4625 :
3146 4575 3286 4643 quod
3320 4576 3560 4631 nondum

287 4674 445 4728 supra
484 4662 925 4726 commemoravi,
953 4661 1189 4730 satisque
1235 4662 1522 4728 insinuavi,
1560 4662 1873 4733 plerumque

285 4748 356 4802 ita
381 4750 643 4804 nominari
666 4766 1101 4825 unamquamque
1128 4752 1179 4805 in
1204 4751 1465 4807 'l‘rinitate
1491 4768 1794 4822 personam,
1816 4765 1875 4808 ut

286 4848 338 4890 et
380 4840 501 4892 alite
550 4840 658 4894 illic
705 4839 1089 4910 intelligantur.
1132 4841 1222 4897 Sic
1268 4843 1446 4912 itaque
1497 4844 1698 4899 dictum
1745 4856 1828 4900 est
1857 4888 1870 4906 .

288 4926 403 4994 Ipse
434 4930 575 4980 enim
601 4927 759 4983 Pater
787 4939 932 4982 amat
957 4946 1074 4995 vos,
1106 4943 1158 4984 ut
1190 4942 1585 5002 consequenter
1615 4934 1875 5001 intelliga-

284 5004 374 5071 tur
403 5026 459 5071 et
480 5018 646 5072 Filius
680 5031 733 5074 et
769 5021 997 5089 Spiritus
1020 5032 1255 5088 sanctus,
1284 5038 1388 5078 non
1419 5025 1538 5093 quia
1582 5026 1737 5078 modo
1769 5040 1867 5079 nos

290 5122 393 5161 non
424 5118 568 5161 amat
596 5110 684 5177 qui
705 5112 920 5178 proprio
946 5111 1080 5165 Filio
1103 5127 1210 5167 non
1244 5116 1500 5183 pepercit,
1531 5114 1625 5170 sed
1648 5132 1743 5183 pro
1774 5131 1869 5170 no-

289 5197 369 5252 bis
409 5186 657 5253 omnibus
687 5185 905 5253 tradidit
933 5218 1086 5267 eum;
1116 5208 1209 5258 sed
1244 5204 1377 5259 tales
1405 5221 1504 5259 nos
1532 5214 1677 5259 amat
1704 5206 1869 5273 Deus,

289 5290 474 5357 quales
529 5289 691 5344 futuri
740 5306 949 5360 sumus,
1007 5308 1113 5347 non
1173 5297 1361 5363 quales
1411 5311 1615 5350 sumus.
1672 5298 1869 5363 Quales

291 5377 434 5431 enim
460 5389 625 5445 amat,
655 5380 788 5435 tales
821 5380 873 5434 in
921 5392 1179 5437 alternum
1212 5393 1517 5439 conservat.
1562 5386 1713 5453 Quod
1748 5398 1870 5440 tunc

292 5470 415 5534 erit,
447 5485 567 5525 eum
598 5472 879 5529 tradiderit
907 5490 1126 5545 regnum
1176 5476 1282 5532 Deo
1306 5485 1355 5530 et
1406 5476 1567 5541 Patri,
1610 5477 1700 5546 qui
1732 5493 1872 5532 nunc

292 5561 594 5628 interpellat
621 5576 718 5631 pro
754 5564 928 5627 nobis,
954 5565 1135 5632 etiam
1167 5581 1272 5620 non
1304 5577 1456 5634 roget
1490 5566 1723 5631 Patrem,
1749 5568 1871 5636 quia

292 5649 406 5717 ipse
432 5650 589 5705 Pater
606 5662 750 5707 amat
777 5667 894 5708 nos.
917 5655 1033 5722 Qun
1064 5665 1237 5709 autem
1266 5657 1456 5709 merito
1489 5655 1588 5710 nisi
1625 5659 1744 5712 fidei
1769 5673 1870 5727 qua

294 5740 562 5798 credimus
583 5754 867 5815 antequam
888 5746 1014 5802 illud
1039 5748 1178 5817 quod
1210 5750 1537 5818 promittitur
1560 5750 1876 5806 videamus?

1976 4661 2199 4721 fecerat,
2228 4658 2321 4714 sed
2352 4660 2474 4736 quia
2502 4669 2650 4720 certe
2679 4660 2918 4727 facturus
2950 4672 3088 4724 erat,
3137 4667 3290 4734 quasi
3316 4666 3442 4735 iam
3486 4672 3561 4724 fc-

1976 4751 2137 4806 cisset
2164 4752 2371 4817 locutus
2398 4760 2479 4813 est
2504 4768 2518 4805 :
2546 4751 2675 4821 ipsis
2704 4752 2848 4806 enim
2878 4753 2950 4807 ait
2977 4770 2988 4804 :
3026 4753 3186 4808 Multa
3211 4754 3382 4813 habeo
3409 4760 3561 4825 vobis

1975 4844 2180 4909 dicere,
2210 4845 2302 4897 sed
2337 4860 2441 4910 non
2476 4845 2698 4912 potestis
2749 4845 2834 4899 illa
2891 4854 3106 4914 portate
3161 4850 3360 4904 modo:
3416 4853 3559 4911 inter

1977 4948 2097 5010 quae
2127 4934 2440 5004 intefligitur
2469 4943 2523 4988 et
2546 4934 2612 4988 de
2638 4934 2724 4988 die
2739 4942 2795 4990 et
2816 4934 2968 4989 hora.
2997 4935 3127 4992 Nam
3154 4948 3209 4993 et
3229 4941 3554 5008 Apostolus:

1977 5024 2158 5095 Neque
2179 5024 2319 5080 enim
2342 5025 2577 5106 iudicavi
2612 5040 2698 5081 me
2726 5026 2895 5097 scire,
2928 5028 3122 5097 inquit,
3162 5031 3365 5101 aliquid
3388 5034 3441 5087 in
3467 5050 3558 5089 vo-

1976 5118 2078 5185 bis,
2113 5118 2213 5173 nisi
2237 5117 2417 5172 Jesum
2454 5117 2751 5184 Christum,
2798 5127 2853 5173 et
2902 5119 3043 5175 hunc
3072 5122 3409 5178 crucifixum.
3463 5126 3553 5187 Eis

1974 5194 2115 5277 enim
2149 5210 2466 5281 loquebatur
2497 5213 2586 5281 qui
2636 5226 2831 5281 capere
2869 5212 3056 5277 altiora
3096 5213 3163 5267 de
3207 5214 3405 5270 Christi
3436 5216 3545 5271 dei-

1981 5309 2086 5353 tate
2132 5315 2239 5353 non
2284 5309 2561 5371 poterant;
2614 5301 2808 5371 quibus
2856 5303 3017 5357 etiam
3052 5302 3209 5369 paulo
3254 5312 3373 5372 post
3403 5305 3561 5375 dicit;

1980 5388 2093 5443 Non
2123 5390 2266 5454 potui
2292 5389 2436 5459 loqui
2480 5392 2630 5446 vobis
2658 5392 2806 5461 quasi
2856 5390 3207 5460 spiritalibus,
3256 5392 3350 5446 sed
3404 5397 3556 5466 quasi

1981 5480 2302 5537 carnalibus.
2332 5481 2444 5536 Hoc
2473 5496 2600 5553 ergo
2637 5474 2777 5537 inter
2819 5483 2938 5537 illos
2969 5480 3263 5550 nesciebat,
3292 5483 3433 5551 quod
3464 5501 3555 5555 pe;

1984 5570 2130 5624 illum
2160 5570 2295 5625 scire
2325 5587 2428 5627 non
2459 5582 2727 5642 poterant,
2754 5582 2806 5627 et
2836 5573 2936 5627 hoc
2956 5570 3128 5631 solum
3169 5586 3229 5627 se
3256 5573 3396 5629 scire
3417 5576 3558 5645 dice-

1989 5661 2095 5725 bat,
2126 5663 2267 5732 quod
2289 5679 2382 5718 eos
2424 5679 2520 5734 per
2567 5663 2716 5719 illum
2759 5663 2898 5719 scire
2946 5663 3267 5734 oportebat:
3329 5667 3557 5741 denique

1986 5754 2188 5812 sciebat
2219 5755 2357 5811 inter
2396 5753 2679 5827 perfectos,
2720 5756 2860 5828 quod
2892 5756 3034 5812 inter
3064 5757 3318 5825 parvulos
3348 5760 3549 5829 nescio.-
