3986 6190
450 287 545 341 9H

1550 299 1609 354 ο.
1648 290 1961 354 EUGYPPH
2003 292 2292 351 ANiATiS
2322 295 2635 353 AFRICANI

3603 308 3700 362 οη

454 400 562 459 bat.
586 398 664 456 lbi
692 404 893 473 Quippe
912 406 986 462 ait
1024 424 1032 459 :
1077 407 1408 476 Sapientiam
1448 409 1718 476 loquimur
1749 410 1885 463 inter
1908 422 2035 475 per-
2064 413 2113 467 Α
2146 416 2200 460 ιιι
2218 407 2287 461 ita
2314 408 2754 476 intelligerctnus,
2779 407 2891 463 Non
2914 418 2997 465 est
3021 425 3199 467 meum
3221 412 3348 469 dare
3376 416 3551 478 vobis.
3580 433 3637 471 ac
3655 424 3697 474 si

451 495 640 547 tectos.
686 494 765 548 Eo
814 510 1043 567 namque
1073 513 1270 565 genere
1312 497 1617 564 locutionis,
1646 498 1856 552 nescire
1884 497 2030 567 quisv

449 584 571 653 quis
617 582 812 640 dicitur
846 587 986 655 quod
1017 590 1249 643 occultat
1307 587 1447 658 quod
1477 587 1631 660 {quo}
1663 589 1855 644 dicitur
1882 587 2027 645 Iussa

450 688 589 726 caeca
618 690 738 745 qua:
768 678 972 731 occulta
998 689 1104 732 est.
1139 678 1322 748 Neque
1360 678 1501 733 enim
1530 679 1707 750 aliquo
1731 693 1929 748 genere
1951 679 2029 733 ln-

450 776 684 832 quuntur
730 765 1045 834 Scriptura,
1086 774 1229 839 quod
1275 770 1330 828 in
1376 772 1766 828 consuetudine
1796 771 2025 825 humana

449 868 555 906 non
587 854 908 924 inveniatur,
962 859 1083 928 quia
1123 862 1306 929 utique
1364 860 1666 915 hominibus
1718 861 2022 931 loquuntur.

447 946 750 1003 Secundum
808 949 1038 1009 formam
1090 954 1182 1009 Dei
1226 954 1424 1011 dictum
1476 962 1559 1011 est
1595 971 1609 1006 :
1651 955 1791 1008 Ante
1838 969 2026 1011 omnes

445 1037 612 1090 colles
637 1039 819 1106 genuit
842 1056 946 1101 me.
974 1041 1023 1094 id
1047 1050 1149 1106 est,
1180 1054 1300 1097 :n'e
1326 1058 1513 1097 omnes
1543 1044 1847 1097 altitudines
1875 1058 2026 1097 erea-

447 1135 715 1195 turnrum;
761 1140 812 1185 et
841 1147 853 1181 :
882 1133 1019 1186 Ante
1047 1132 1325 1189 luciferum
1371 1135 1529 1203 genui
1568 1143 1641 1198 te,
1689 1133 1738 1187 id
1769 1142 1870 1198 est,
1902 1144 2026 1189 ante

443 1221 621 1275 omnia
652 1222 987 1288 temporalia.
1022 1223 1325 1279 Secundum
1373 1233 1552 1279 autem
1584 1224 1810 1281 formam
1859 1225 2022 1291 servi,

444 1308 643 1365 dictum
670 1320 770 1378 est,
802 1312 1060 1370 Dominus
1086 1315 1282 1367 ereavit
1317 1329 1402 1371 me
1441 1316 1492 1368 in
1538 1315 1799 1384 principio
1822 1318 2023 1371 viarum

443 1415 678 1467 suarum,
711 1403 814 1477 31
840 1403 963 1472 quia
987 1406 1278 1463 secundum
1312 1405 1536 1461 formam
1572 1406 1663 1460 Dei
1703 1405 1837 1460 dixit
1864 1424 1875 1458 :
1915 1408 2026 1475 Ego

444 1502 561 1541 sum
591 1490 810 1555 vetitas,
844 1499 898 1544 et
923 1490 1219 1551 secundum
1248 1493 1471 1549 formam
1508 1495 1649 1548 servi
1678 1511 1690 1549 :
1749 1494 1861 1567 Ego
1881 1507 1885 1513 '
1905 1509 2024 1553 sum

447 1577 547 1631 via.
581 1577 713 1644 Quia
736 1579 878 1633 enim
919 1581 1033 1651 ipse
1063 1590 1147 1637 est
1185 1583 1568 1653 primogenitus
1598 1598 1627 1641 a
1651 1587 1896 1649 mortuis,
1926 1585 2027 1641 iter

442 1667 566 1721 fecit
596 1669 849 1723 Ecclesia:
879 1684 989 1724 sua:
1023 1671 1089 1726 ad
1138 1687 1359 1742 regnum
1414 1672 1527 1738 Dei,
1572 1672 1642 1731 ad
1676 1675 1725 1729 vi
1753 1689 1837 1729 am
1871 1684 2024 1730 mter-

2145 496 2412 557 diceretur
2437 517 2449 552 :
2472 499 2589 559 Non
2620 511 2704 556 est
2725 502 2972 557 itumalte
3010 504 3291 568 potestatis
3332 504 3434 558 hoe
3464 507 3592 559 dare
3613 525 3626 561 :
3649 522 3702 564 ut

2139 600 2232 650 per
2261 588 2391 645 illud
2429 589 2753 657 intelligatur
2778 592 2876 647 hoc
2899 590 3048 655 dare,
3083 608 3177 661 per
3197 596 3340 664 quod
3368 597 3511 651 Deus
3538 614 3705 669 arqua-

2135 674 2199 728 iis
2248 686 2333 734 est
2382 677 2547 733 Patri.
2593 678 2709 735 Non
2739 691 2827 739 est
2863 697 3064 747 meum,
3096 682 3288 754 inquit,
3333 687 3487 752 dare,
3527 689 3579 742 id
3606 700 3703 755 est,

2134 764 2250 820 Non
2276 766 2504 825 immane
2552 778 2819 836 potestate
2846 769 2950 827 ista
2996 771 3091 840 do,
3119 775 3218 829 sed
3244 776 3441 843 quibus
3468 789 3705 845 paratum

2129 868 2212 913 est
2236 875 2268 917 a
2296 860 2452 919 Patre
2478 876 2639 919 meo:
2667 863 2757 921 sed
2786 863 2895 932 iam
2929 873 2983 919 tu
3012 865 3269 935 intettige,
3297 872 3421 939 quia
3452 872 3499 926 si
3531 876 3704 930 omnia

2129 967 2248 1022 qua:
2274 954 2434 1013 habet
2459 956 2617 1013 Pater
2650 972 2766 1014 mea
2798 968 2946 1019 sunt.
2987 969 3040 1013 et
3067 959 3171 1014 hoc
3198 964 3378 1032 utique
3402 980 3580 1020 meum
3607 960 3702 1033 est;

2128 1052 2328 1099 etcum
2364 1045 2519 1101 Patre
2550 1047 2649 1103 ista
2685 1046 2888 1114 parari.
2933 1045 3066 1103 Nam
3096 1062 3154 1102 et
3182 1049 3310 1104 illud
3346 1068 3553 1121 quam,
3581 1070 3709 1123 quo.

2130 1135 2287 1188 modo
2309 1135 2506 1189 dictum
2538 1136 2609 1191 sit
2638 1152 2655 1191 :
2688 1136 2748 1193 Si
2768 1137 2889 1206 quis
2926 1153 3033 1195 non
3058 1138 3208 1195 audit
3237 1144 3399 1197 verba
3432 1160 3572 1209 mea,
3613 1161 3707 1214 ego

2129 1240 2233 1281 non
2274 1226 2526 1296 judicabo
2580 1228 2769 1282 illum:
2806 1228 3051 1284 fortassis
3093 1232 3235 1285 enim
3283 1234 3351 1286 ita
3404 1233 3492 1288 bic
3535 1236 3701 1289 dixit:

2130 1317 2241 1387 Ego
2269 1334 2375 1375 non
2402 1318 2651 1388 iudicabo
2683 1319 2855 1383 illum.
2880 1323 3334 1389 quemadmodum
3363 1324 3461 1387 ibi.
3488 1326 3602 1381 Non
3623 1336 3705 1381 est

2128 1402 2303 1463 meum
2326 1409 2475 1463 dare.
2505 1409 2610 1464 Sed
2639 1409 2766 1479 quid
2804 1410 2891 1469 hic
2926 1413 3209 1481 sequitur?
3239 1414 3353 1467 Non
3381 1416 3527 1469 enim
3562 1421 3722 1497 reni,_

2129 1500 2320 1569 inquit,
2346 1500 2659 1568 utjudicem
2688 1500 2968 1571 mundum,
3019 1502 3113 1557 sed
3159 1511 3218 1559 ut
3262 1505 3474 1563 salvum
3523 1506 3702 1563 faciam

2130 1590 2406 1645 tnundum.
2442 1591 2642 1649 Deinde
2691 1592 2934 1665 adjungit
2981 1603 3033 1648 et
3062 1593 3094 1651 d
3119 1595 3227 1653 cit:
3262 1595 3361 1665 Qui
3392 1612 3482 1651 me
3510 1601 3705 1667 sprruit

2129 1693 2315 1736 etnon
2338 1682 2528 1749 accipit
2562 1681 2719 1741 verba
2748 1698 2887 1745 mea,
2925 1682 3087 1741 habet
3107 1685 3197 1756 qui
3245 1701 3304 1740 re
3338 1687 3569 1755 judicet.
3618 1690 3706 1749 llic

441 1775 586 1825 nam,
617 1762 701 1814 cui
743 1771 899 1831 caput
927 1773 1030 1829 est,
1064 1764 1128 1819 ad
1158 1765 1611 1825 immortalitatem
1638 1765 1797 1823 etiam
1822 1781 2017 1836 corpo-
2053 1770 2234 1843 Bjam
2263 1772 2685 1840 intelligeremus
2718 1774 2924 1829 latrem
2973 1775 3073 1830 nisi
3119 1775 3449 1845 azljungeret
3476 1788 3531 1834 et
3557 1779 3698 1836 dice-

443 1853 537 1917 ris,
567 1851 686 1905 ideo
713 1863 923 1907 creatus
944 1866 1027 1908 est
1056 1857 1104 1909 in
1125 1858 1391 1924 principio
1411 1858 1614 1913 viarum
1637 1857 1724 1910 Dei
1741 1855 2026 1930 [suarum],

444 1943 494 1994 in
517 1957 678 2010 opera
736 1944 888 2012 ejus;
938 1948 1233 2000 secundum
1264 1948 1487 2003 i’ormam
1533 1948 1676 2002 enim
1706 1948 1800 2007 Dei
1831 1948 2028 2017 princi-

443 2032 587 2099 pium
614 2040 715 2098 est,
759 2034 902 2102 quod
931 2044 983 2089 et
1010 2036 1269 2105 .loquitur
1300 2036 1454 2091 nobis
1481 2054 1494 2099 ;
1550 2038 1602 2090 in
1634 2052 1739 2109 quo
1767 2038 2029 2109 principio

440 2120 568 2176 fecit
595 2121 733 2176 Deus
763 2124 957 2179 etelum
1000 2136 1055 2179 et
1084 2135 1313 2195 terram;
1343 2128 1639 2184 secundum
1685 2132 1905 2185 formam
1935 2145 2027 2184 au-

443 2222 551 2269 tem
576 2216 715 2269 servi
741 2258 756 2283 ,
789 2216 1033 2286 Sponsus
1062 2217 1359 2287 procedens
1389 2222 1456 2279 de
1497 2221 1733 2279 thalamo
1758 2236 1876 2277 suo.
1930 2221 2023 2280 Se-

440 2320 545 2359 cun
571 2310 675 2359 'um
717 2306 938 2363 formam
981 2307 1074 2365 Dei
1104 2309 1494 2383 primogenitus
1538 2312 1711 2366 omnis
1741 2321 2024 2379 creaturae,

441 2405 494 2451 et
518 2400 632 2467 ipse
660 2407 742 2452 est
763 2414 888 2455 an.e
917 2415 1128 2471 omnes,
1152 2410 1205 2458 et
1227 2404 1407 2457 omnia
1434 2403 1488 2461 in
1511 2403 1604 2458 illo
1630 2414 1910 2471 colistant;
1943 2421 2027 2461 se-

443 2487 677 2541 cundum
720 2486 945 2543 fortnam
993 2492 1157 2561 servi,
1212 2491 1326 2560 ipse
1354 2502 1437 2547 est
1461 2504 1619 2563 caput
1648 2495 1890 2564 corporis
1916 2495 2022 2552 Ec-

439 2576 620 2630 clesia:
644 2592 657 2629 :
683 2577 974 2632 secundmu
991 2579 1216 2633 formam
1233 2579 1348 2646 Dei,
1377 2583 1634 2638 Dominus
1662 2583 1788 2659 [esu]
1813 2585 2020 2655 gloriae,

438 2670 580 2724 unde
650 2670 992 2726 manifestum
1055 2684 1137 2727 est
1189 2674 1332 2743 quod
1398 2674 1512 2745 ipse
1575 2678 1838 2755 gloriﬁcet
1904 2695 2026 2737 san-

434 2773 548 2814 ctus
579 2775 725 2816 suos.
765 2762 908 2829 Quos
948 2762 1090 2818 enim
1134 2764 1553 2835 pra-destinavit,
1586 2769 1731 2836 ipsos
1780 2767 1929 2845 [bos]
1973 2780 2025 2829 et

434 2853 636 2905 vocavit
667 2870 679 2916 ;
715 2862 771 2910 et
799 2868 933 2925 quos
963 2856 1192 2923 vocavit,
1222 2855 1368 2927 ipsos
1409 2868 1463 2912 et
1487 2858 1801 2929 justiticavit
1837 2878 1851 2927 ;
1891 2877 2025 2933 quos

433 2950 609 2995 autem
629 2942 957 3011 justiticavit,
987 2945 1130 3013 ipsos
1153 2956 1208 3000 et
1233 2947 1573 3017 gioriiicavrt.
1604 2949 1679 3004 De
1708 2951 1798 3005 ilo
1828 2953 2024 3022 quippe

434 3031 637 3088 dictum
662 3046 762 3101 est,
796 3035 935 3105 quod
959 3036 1224 3106 justiiicet
1267 3039 1489 3110 impium
1518 3057 1533 3106 ;
1562 3041 1630 3097 de
1681 3043 1777 3097 illo
1823 3045 2021 3101 dictum

2132 1872 2213 1916 ret
2246 1878 2261 1923 :
2292 1862 2521 1917 Verbum
2549 1862 2686 1932 quod
2722 1862 2932 1922 locutus
2964 1880 3105 1930 sum,
3154 1867 3328 1936 ipsum
3351 1866 3614 1938 iudicabit
3643 1872 3704 1925 it—

2132 1951 2238 2007 lum
2269 1952 2319 2005 in
2354 1951 2649 2009 novissimo
2700 1954 2811 2015 die.
2838 1954 2976 2020 Quid
3011 1955 3188 2027 igitur,
3238 1957 3349 2029 jam
3398 1975 3503 2016 nec
3551 1961 3706 2021 Filius

2123 2038 2402 2109 judicabit,
2438 2042 2559 2115 quia
2591 2041 2747 2111 dixit,
2806 2044 2917 2113 Ego
2963 2060 3071 2103 non
3098 2045 3352 2115 judicabo
3392 2050 3589 2109 illum?
3614 2067 3705 2113 nec

2132 2136 2303 2197 Pater,
2345 2138 2440 2195 sed
2472 2137 2692 2193 verbum
2716 2137 2857 2211 quod
2886 2138 3095 2199 locutus
3115 2150 3197 2198 est
3229 2140 3564 2203 Filius'iluo
3594 2147 3705 2219 [pos

2129 2223 2255 2296 tius]
2285 2226 2405 2279 audi
2435 2226 2609 2283 adhuc
2654 2227 2796 2299 quod
2841 2229 3127 2296 sequitur:
3179 2230 3313 2298 Quia
3360 2249 3491 2303 ego,
3523 2237 3704 2306 inquit,

2128 2331 2232 2369 non
2263 2332 2327 2370 ex
2361 2331 2447 2371 me
2475 2317 2680 2379 locutus
2702 2333 2849 2391 sum,
2882 2320 2979 2381 sed
3007 2322 3099 2381 ille
3121 2325 3209 2393 qui
3238 2341 3324 2383 me
3352 2328 3500 2389 miSit
3535 2329 3702 2397 Pater,

2129 2404 2218 2458 ille
2250 2406 2553 2461 mandatum
2584 2408 2713 2462 milti
2761 2407 2931 2476 dedit,
2978 2412 3108 2478 quid
3148 2413 3322 2471 dicam
3366 2426 3428 2475 ,ει
3452 2420 3581 2489 quid
3622 2421 3700 2474 ιο.

2127 2512 2282 2568 quar,
2307 2508 2361 2554 et
2386 2499 2498 2554 scio
2527 2500 2647 2572 quia
2679 2503 2984 2561 mandatum
3033 2507 3152 2578 ejus
3184 2511 3289 2565 vita
3326 2521 3536 2573 aeterna
3580 2525 3659 2577 est
3686 2534 3699 2569 :

2127 2608 2246 2662 qua:
2267 2608 2395 2663 ergo
2410 2609 2507 2667 ego
2525 2594 2735 2665 loquor,
2751 2597 2889 2657 sicut
2906 2599 3043 2656 dixit
3056 2601 3184 2661 mihi
3203 2602 3381 2669 Pater,
3400 2606 3485 2660 sic
3501 2607 3702 2674 loquor.

2126 2684 2179 2741 st
2212 2698 2342 2752 ergo
2378 2699 2483 2743 non
2507 2685 2711 2753 judicat
2743 2686 2932 2756 Filius,
2960 2690 3055 2751 sed
3083 2692 3304 2753 verbum
3331 2696 3475 2764 quod
3507 2698 3703 2758 locutus

2126 2786 2207 2830 est
2236 2776 2421 2846 Filius,
2454 2778 2573 2832 ideo
2596 2789 2773 2837 autem
2803 2780 3012 2850 iudicat
3043 2782 3297 2852 Verbum,
3318 2788 3469 2854 quod
3502 2790 3704 2849 locutus

2127 2876 2211 2927 est
2241 2866 2425 2934 Filius,
2457 2869 2582 2941 quia
2610 2885 2715 2926 non
2745 2887 2811 2925 ex
2836 2888 2897 2929 se
2926 2873 3136 2931 locutus
3158 2885 3244 2933 est
3275 2877 3467 2946 Filius,
3498 2882 3594 2939 sed
3617 2884 3702 2951 qui

2127 2958 2273 3021 misit
2295 2974 2416 3017 eum
2445 2959 2624 3030 Pater,
2655 2962 2966 3021 mandatum
3013 2967 3060 3020 ei
3107 2966 3255 3025 dedit
3283 2970 3409 3038 quid
3469 2971 3611 3033 dicat
3650 2981 3704 3029 et

2127 3050 2254 3121 quid
2279 3050 2549 3120 loquatur,
2600 3051 2761 3109 Pater
2805 3055 2991 3125 utique
3020 3057 3243 3129 iudicat,
3283 3061 3441 3131 cujus
3477 3063 3700 3121 Verbum

430 3136 534 3190 est,
574 3126 717 3197 quod
753 3128 822 3185 sit
854 3129 1032 3197 justus
1060 3140 1113 3185 et
1148 3130 1477 3202 justilicans.
1531 3133 1588 3187 Si
1617 3147 1746 3203 ergo
1776 3148 1910 3203 quos
1935 3134 2021 3204 ju-
2051 3148 2095 3211 (ς
2128 3154 2210 3205 est
2236 3142 2375 3215 quod
2399 3143 2606 3203 locutus
2632 3155 2715 3205 est
2745 3145 2930 3213 Filius,
2959 3126 3121 3219 atque
3147 3150 3320 3220 ipsum
3348 3126 3585 3208 Verbum
3611 3154 3703 3211 Pa-

431 3220 700 3286 stiticavit,
737 3219 880 3290 ipsos
919 3232 973 3275 et
1002 3222 1347 3293 glorilicavit,
1390 3224 1483 3295 qui
1508 3223 1787 3296 justilieat,
1822 3224 1937 3295 ipse
1967 3235 2020 3281 et

430 3310 715 3379 glorilicat,
763 3312 854 3382 qui
894 3326 998 3379 est,
1033 3322 1087 3368 ut
1115 3315 1243 3382 dixi,
1292 3316 1546 3371 Dominus
1578 3318 1781 3387 εποιεῖτε.
1812 3318 2019 3375 Secun-

430 3401 558 3453 dum
588 3401 815 3455 formam
844 3413 1022 3457 tamen
1046 3406 1208 3471 servi,
1236 3406 1607 3476 satagentibus
1647 3408 1922 3479 discipulis
1954 3412 2021 3467 de

432 3496 819 3566 gloriﬁcatiune
850 3511 946 3549 sua
1004 3499 1330 3566 respondit:
1375 3499 1583 3556 Sedere
1628 3502 1692 3556 ad
1740 3502 2015 3558 dexteram

432 3601 604 3639 meam
631 3594 722 3641 aut
759 3588 1052 3653 sinistram,
1081 3604 1183 3644 non
1208 3600 1291 3646 est
1329 3606 1504 3647 meum
1534 3592 1664 3649 dare
1701 3594 1878 3664 vobis,
1920 3597 2017 3651 sed

433 3678 625 3746 quibus
651 3689 891 3747 paratum
918 3692 999 3736 est
1044 3698 1071 3736 a
1110 3685 1264 3738 Patre
1310 3700 1453 3741 meo.
1484 3684 1636 3755 Quod
1660 3696 1835 3742 autem
1865 3704 2018 3758 para-

437 3774 544 3823 tum
575 3779 657 3824 e-t
696 3786 723 3824 a
754 3772 917 3828 Patre
963 3774 1100 3844 ejus,
1134 3784 1190 3829 et
1227 3778 1293 3830 ab
1323 3777 1438 3847 ipso
1474 3777 1608 3833 Filio
1637 3788 1880 3848 paratum
1910 3791 2013 3855 est,

429 3864 552 3931 quia
580 3863 694 3933 ipse
725 3872 780 3920 et
809 3865 966 3921 Pater
997 3883 1160 3921 unum
1189 3879 1335 3924 sunt.
1368 3869 1486 3931 .lam
1514 3871 1655 3927 enim
1682 3873 2016 3935 ostendimus

430 3956 484 4009 in
513 3956 611 4011 hac
632 3956 894 4013 Trinitate
936 3974 1031 4031 per
1087 3960 1282 4015 multos
1332 3963 1660 4019 lotutionum
1710 3967 2014 4024 divinarum

358 4046 359 4049 “
431 4047 640 4111 modus,
691 4049 853 4103 etiam
910 4050 979 4106 de
1001 4049 1222 4120 singulis
1261 4053 1367 4108 dici
1424 4056 1568 4126 quod
1631 4059 1868 4113 omnium
1909 4068 2013 4125 est,

433 4146 648 4207 propter
701 4138 1115 4207 inseparabilem
1163 4144 1529 4214 operationem
1561 4148 1718 4202 unius
1744 4149 2013 4218 ejusdem-

430 4245 533 4297 que
563 4229 899 4286 substantiae.
939 4232 1088 4287 Sicut
1118 4232 1187 4289 de
1225 4236 1425 4307 Spiritu
1451 4248 1640 4294 sancto
1669 4240 1797 4296 dicit
1827 4258 1842 4296 :
1880 4239 2014 4298 Cum

433 4335 533 4388 rgo
561 4322 763 4385 abiero,
797 4322 1007 4377 mittam
1037 4324 1183 4379 illum
1211 4326 1278 4380 ad
1309 4343 1423 4383 vos.
1481 4328 1596 4385 Non
1645 4331 1784 4388 dixit
1838 4335 2017 4399 mitte-

433 4426 575 4477 mus,
604 4413 695 4465 St'd
722 4414 792 4467 ita
815 4416 969 4484 quasi
1002 4426 1204 4471 tantum
1233 4418 1396 4474 Filius
1424 4436 1545 4476 eum
1565 4422 1824 4479 missurus
1847 4438 2011 4494 esset,

2127 3238 2241 3302 tris,
2273 3235 2413 3295 idem
2440 3237 2555 3306 ipse
2583 3247 2668 3294 est
2697 3239 2887 3295 Filius.
2940 3241 3055 3301 Non
3083 3243 3230 3302 enim
3259 3246 3401 3305 aliud
3428 3258 3519 3303 est
3555 3263 3700 3309 man-

2123 3329 2307 3387 datum
2336 3326 2527 3393 Patris,
2558 3328 2702 3389 aliud
2722 3332 2944 3390 verbum
2972 3332 3142 3391 Patris
3170 3352 3183 3388 :
3212 3350 3331 3389 nam
3362 3337 3587 3392 verbum
3612 3338 3706 3392 Ραο

2124 3423 2223 3481 tris
2250 3421 2354 3479 hoc
2381 3420 2671 3489 appellavit
2696 3430 2753 3481 et
2786 3424 3117 3481 mandatum.
3162 3425 3451 3487 Videamus
3479 3444 3611 3500 ergo
3640 3443 3703 3487 ne

2124 3514 2260 3572 forte
2289 3514 2428 3585 quod
2460 3514 2558 3577 ait,
2588 3513 2701 3584 Ego
2733 3527 2837 3568 non
2865 3529 2932 3571 ex
2962 3530 3048 3573 me
3077 3515 3290 3574 locutus
3316 3531 3459 3583 sum,
3495 3520 3597 3577 hoc
3619 3520 3699 3573 in-

2124 3607 2286 3679 telligi
2311 3607 2538 3663 voluerit
2569 3623 2584 3659 :
2619 3605 2732 3673 Ego
2760 3618 2862 3661 non
2899 3620 2962 3660 ex
2993 3621 3081 3663 me
3111 3614 3267 3664 natus
3291 3621 3409 3663 sum
3440 3626 3456 3667 :
3486 3610 3531 3664 si
3562 3614 3701 3667 enim

2123 3697 2353 3757 Verbum
2383 3698 2556 3759 Patris
2578 3697 2836 3768 loquitur,
2870 3696 3108 3765 seipsum
3154 3697 3409 3767 loquitur,
3441 3702 3569 3772 quia
3596 3701 3703 3769 ipse

2121 3801 2201 3847 est
2232 3788 2465 3849 Verbum
2518 3788 2712 3843 Patris.
2764 3786 3085 3856 Plerumque
3129 3789 3271 3847 enim
3326 3789 3497 3858 dicit,
3560 3792 3705 3850 Dedit

2121 3878 2248 3938 mibi
2283 3877 2461 3947 Pater,
2494 3879 2547 3933 iu
2587 3892 2693 3947 quo
2722 3875 2834 3932 vult
2878 3874 3100 3947 intelligi
3126 3878 3270 3947 quod
3301 3893 3423 3941 eum
3456 3884 3700 3952 genuerit

2121 3967 2299 4035 Pater,
2332 3984 2435 4024 non
2467 3980 2524 4024 ut
2555 3979 2809 4035 tanquam
2837 3967 2948 4036 jam
2993 3968 3246 4029 existenti
3271 3978 3327 4025 et
3350 3987 3459 4027 non
3490 3972 3701 4029 babenti

2119 4059 2328 4123 dederit
2343 4059 2560 4130 aliquid,
2584 4058 2679 4119 sed
2699 4058 2869 4128 ipsum
2892 4056 3107 4119 dedisse
3125 4070 3176 4121 ut
3197 4060 3443 4129 haberet,
3460 4064 3703 4137 genuisse

2119 4160 2203 4208 est
2234 4167 2291 4208 ιιι
2318 4160 2481 4211 esset.
2510 4150 2622 4204 Non
2644 4151 2785 4204 enim
2811 4150 2954 4204 sicut
2984 4159 3253 4221 creatura,
3297 4151 3367 4207 ita
3415 4153 3511 4209 Dei
3543 4154 3704 4213 Filius

2119 4250 2241 4301 ante
2262 4240 2681 4303 incarnationem
2725 4249 2778 4299 et
2813 4242 3229 4308 assumptionem
3270 4252 3555 4309 creatum,
3592 4246 3705 4301 uni.

2120 4338 2331 4412 genitus
2347 4352 2443 4408 per
2453 4351 2615 4408 quem
2631 4336 2766 4397 facta
2783 4344 2907 4391 sunt
2923 4334 3121 4400 omnia,
3136 4334 3280 4389 aliud
3294 4344 3377 4391 est
3389 4337 3601 4399 etaliud
3620 4339 3704 4392 ba-

2120 4427 2343 4487 bctzsed
2361 4427 2463 4485 hoc
2477 4428 2646 4496 ipsum
2669 4434 2753 4485 est
2768 4425 2905 4492 quod
2921 4433 3006 4480 est
3023 4424 3074 4483 id
3093 4425 3231 4494 quod
3250 4424 3430 4491 habet,
3451 4428 3595 4496 quod
3618 4429 3705 4484 illo

434 4519 537 4557 non
562 4513 616 4559 et
649 4506 823 4574 Pater,
851 4523 971 4563 cum
1001 4510 1106 4563 alio
1139 4510 1255 4567 loco
1282 4510 1427 4565 ditat
1460 4531 1473 4567 :
1507 4514 1630 4569 llaec
1672 4516 1882 4575 locutus
1905 4534 2021 4577 sum
2054 4521 2105 4581 Ι)
2129 4519 2248 4574 loco
2270 4517 2597 4577 manifeSIius
2619 4517 2834 4581 dicitur,
2857 4518 2899 4570 si
2930 4516 3051 4585 quis
3072 4517 3135 4569 ad
3158 4516 3472 4583 capiendum
3496 4519 3569 4573 sit
3589 4520 3705 4574 ido-

433 4596 583 4651 vobis
621 4598 759 4665 apud
792 4612 887 4653 vos
910 4615 1152 4665 mancus,
1186 4601 1476 4661 advocatus
1508 4618 1687 4661 autent
1720 4607 1809 4664 ille
1841 4609 2014 4680 Spiri-

432 4700 516 4741 tus
545 4702 783 4755 sanctus,
810 4707 967 4763 quem
1001 4693 1175 4746 mittet
1206 4693 1361 4749 Pater
1394 4696 1444 4749 in
1478 4700 1693 4755 nomine
1743 4717 1882 4771 meo,
1928 4701 2016 4758 ille

429 4780 582 4832 vobis
604 4782 898 4837 declarabit
923 4784 1125 4839 omnia.
1181 4784 1275 4838 ilic
1325 4802 1514 4841 rursus
1542 4789 1613 4847 ita
1667 4791 1870 4847 dictum
1901 4803 2014 4860 est.

428 4871 582 4939 quasi
613 4885 716 4923 non
748 4886 871 4925 eum
905 4873 1167 4929 missurus
1196 4886 1340 4932 esset
1368 4888 1422 4933 et
1467 4880 1654 4946 Filius,
1680 4884 1772 4938 sed
1809 4894 2013 4945 tantum

436 4966 611 5021 Pater.
645 4965 795 5019 Sir-ut
839 4981 970 5038 ergo
1008 4967 1130 5034 ista,
1165 4969 1233 5023 ita
1276 4979 1328 5025 et
1378 4972 1504 5027 illud
1550 4977 1692 5043 quod
1740 4978 1852 5033 ait:
1906 4979 2012 5037 Sed

429 5057 624 5126 quibus
654 5068 897 5123 paratum
931 5069 1014 5114 est
1055 5074 1083 5113 a
1116 5061 1275 5119 Patre
1310 5080 1450 5127 meo;
1485 5082 1603 5123 cum
1639 5069 1792 5124 Patre
1832 5089 1891 5131 se
1932 5074 2013 5127 in-

435 5149 597 5219 telligi
635 5150 797 5208 voluit
832 5166 1017 5219 parare
1057 5154 1213 5209 sedes
1251 5156 1435 5227 gloria:
1464 5161 1656 5230 quibus
1689 5164 1865 5223 vellet.
1902 5168 2010 5222 Sed

430 5240 559 5295 dicit
580 5241 773 5312 aliquis
807 5243 979 5297 :Cum
1011 5244 1077 5300 de
1106 5245 1307 5311 Spiritu
1355 5260 1543 5305 sancto
1575 5253 1905 5323 loqueretur,
1936 5259 2009 5313 ita

428 5346 488 5387 se
510 5332 797 5387 missurum
827 5335 921 5401 ait,
946 5344 1004 5391 ut
1026 5350 1129 5390 non
1163 5348 1379 5409 negaret
1416 5340 1627 5402 Patrem
1672 5344 1959 5407 missurum
1993 5368 2008 5402 :

428 5431 484 5477 et
511 5423 618 5477 alio
649 5425 766 5479 loco
792 5425 863 5480 ita
886 5426 1118 5487 Patrem.
1147 5439 1200 5480 ut
1228 5445 1331 5483 non
1360 5443 1581 5499 negaret
1608 5448 1665 5489 se
1688 5436 2009 5504 missurum;

429 5512 517 5567 bie
547 5529 674 5568 vero
707 5527 891 5587 aperte
928 5519 999 5570 ait
1034 5534 1048 5571 :
1090 5518 1205 5573 Non
1237 5532 1317 5575 est
1350 5536 1525 5576 meum
1554 5523 1681 5581 dare
1712 5544 1727 5593 ;
1759 5537 1917 5598 atque
1939 5531 2009 5585 ita

426 5611 645 5658 secutus
674 5621 701 5657 ιι
738 5602 892 5661 Patre
934 5608 1065 5662 dixit
1110 5610 1207 5664 ista
1258 5623 1574 5682 praeparata.
1622 5615 1727 5673 Sed
1772 5619 1872 5673 huc
1929 5633 2011 5677 est

428 5694 569 5760 quod
597 5700 1000 5763 prmstruximus
1031 5702 1323 5761 secundum
1350 5702 1573 5769 formam
1602 5709 1743 5764 servi
1774 5710 2005 5767 dietum:

2123 4626 2275 4675 neus,
2291 4611 2378 4667 ubi
2405 4612 2509 4666 ait:
2530 4612 2678 4667 Sicut
2698 4610 2857 4669 habet
2876 4608 3033 4666 Pater
3058 4610 3219 4667 vitatu
3236 4610 3286 4671 in
3306 4614 3620 4682 semetipso,
3637 4614 3703 4669 ita

2121 4705 2267 4763 dedit
2282 4705 2417 4760 Filio
2430 4704 2629 4761 habere
2646 4704 2808 4760 vitam
2828 4703 2879 4759 in
2902 4703 3191 4772 semetipso
3213 4721 3226 4755 :
3246 4719 3418 4771 neque
3434 4708 3581 4759 en‘m
3594 4708 3704 4774 jam

2120 4795 2371 4851 existenti
2397 4806 2446 4850 et
2472 4796 2632 4849 vitam
2664 4808 2767 4848 nou
2806 4793 3019 4850 habenti
3056 4793 3203 4847 dedit
3223 4805 3281 4849 ut
3304 4793 3525 4849 haberet
3543 4796 3703 4850 vitam

2123 4888 2174 4943 in
2203 4891 2513 4955 semetipso,
2544 4901 2665 4945 cum
2694 4900 2758 4941 eo
2786 4886 2904 4954 ipso
2929 4885 3070 4953 quod
3101 4892 3183 4939 est
3219 4886 3322 4941 vita
3353 4885 3442 4947 sit.
3474 4886 3586 4942 Hoc
3623 4895 3707 4945 est

2121 4995 2273 5051 ergo,
2303 4979 2457 5035 Dedit
2488 4977 2621 5041 Filio
2651 4975 2851 5035 habere
2882 4976 3043 5030 vitam
3085 4976 3135 5030 in
3164 4976 3475 5045 semetipso,
3508 4976 3705 5035 Genuit

2124 5074 2313 5136 Filium
2363 5086 2482 5131 esse
2530 5068 3025 5129 incommutabilem
3066 5068 3251 5133 vitam,
3296 5069 3437 5139 quod
3485 5072 3703 5129 estvita

2120 5175 2340 5221 :etcrna.
2372 5164 2502 5218 Cum
2532 5177 2659 5231 ergo
2690 5160 2925 5216 Verbum
2952 5159 3046 5221 Dei
3077 5159 3146 5213 sit
3176 5158 3342 5217 Filius
3374 5158 3490 5223 Dei,
3520 5173 3576 5219 et
3612 5160 3702 5215 Fi-

2116 5259 2218 5313 lius
2251 5256 2342 5311 Dei
2373 5256 2442 5309 sit
2471 5269 2631 5308 verus
2667 5254 2804 5306 Deus
2834 5260 2889 5307 et
2917 5253 3023 5309 vita
3063 5259 3290 5317 atterna,
3320 5251 3461 5307 sicut
3491 5251 3544 5305 in
3574 5250 3698 5316 Epi-

2117 5346 2252 5401 stola
2284 5361 2378 5403 sua
2414 5344 2545 5399 dicit
2583 5342 2842 5407 Joannes,
2876 5343 3040 5403 etiam
3071 5342 3161 5396 hic
3190 5342 3319 5410 quid
3363 5342 3506 5405 aliud
3534 5356 3703 5411 agno-

2117 5442 2339 5503 scimus,
2375 5452 2494 5489 cum
2526 5437 2655 5488 dicit
2703 5435 2962 5491 Dominus
2994 5452 3008 5488 :
3038 5433 3270 5494 Verbum
3297 5434 3439 5502 quod
3491 5436 3703 5493 loeutus

2116 5544 2255 5591 sum,
2280 5528 2451 5597 ipsum
2476 5526 2733 5593 iudicabit
2760 5542 2882 5587 eum
2909 5528 2961 5581 in
2987 5527 3279 5582 novissimo
3304 5523 3424 5587 die;
3447 5534 3503 5583 et
3523 5524 3700 5586 ipsum

2114 5620 2360 5685 verbum,
2392 5620 2562 5674 Patris
2587 5618 2809 5674 verbum
2839 5632 2959 5671 esse
2987 5616 3139 5685 dicit,
3165 5625 3227 5672 et
3256 5615 3567 5673 mandatum
3600 5614 3702 5669 Pa-

2116 5717 2214 5772 tris
2233 5758 2246 5773 .
2283 5716 2563 5783 ipsumque
2594 5710 2901 5767 mandatum
2935 5709 3094 5768 vitam
3121 5717 3379 5764 mternam
3408 5707 3431 5763 ἲ
3461 5707 3529 5765 Et
3555 5705 3699 5775 scio,
