4016 6184
338 391 445 448 915

1522 389 1955 451 τιιεειιυιιυε.
1997 387 2149 449 CAP.
2188 392 2414 449 CCXLI.

3494 394 3599 447 9H

334 506 532 572 inquit,
567 506 689 574 quia
719 506 1025 560 mandatum
1056 506 1174 575 ejus
1216 507 1317 559 vita
1356 514 1557 559 interna
1587 511 1693 559 est.
1720 501 1914 569 Quaero
1945 502 1991 557 Α
2024 514 2163 567 mus,
2194 512 2247 558 et
2277 504 2442 559 Filius
2489 518 2617 558 cum
2653 505 2783 558 dicit
2813 525 2824 558 :
2857 506 2915 561 Si
2944 514 3123 560 autem
3166 506 3350 557 abiero
3390 507 3593 559 mittam

336 597 515 664 itaque
555 597 824 666 quomotlo
851 597 1204 665 intelligamus
1246 612 1261 654 :
1318 594 1430 665 Ego
1481 606 1583 646 non
1630 591 1911 661 iudicabo,

334 687 474 758 [sed]
502 687 718 742 verbum
774 687 919 756 quod
968 687 1176 742 locutus
1203 700 1321 741 sum
1351 684 1649 755 judicabit?
1677 682 1818 751 quod
1847 692 1911 736 ex

331 780 785 848 consequentibus
824 789 1045 847 apparet
1096 780 1165 832 ita
1218 772 1445 839 dictum,
1476 791 1539 831 ac
1586 776 1631 829 si
1680 774 1909 837 diceret,

335 869 448 937 Ego
489 885 591 924 non
639 870 929 940 judicabo,
983 869 1076 924 sed
1127 870 1352 924 verbum
1415 868 1584 921 Patris
1633 860 1913 933 j'udicabit.

334 958 570 1014 Verbum
599 970 775 1014 autem
813 959 987 1015 Patris
1008 969 1091 1014 est
1117 960 1229 1028 ipse
1258 958 1420 1012 Filius
1445 958 1562 1011 Dei.
1604 956 1815 1011 Siccine
1838 954 1919 1007 in-

332 1047 677 1119 telligendum
722 1059 829 1116 est,
876 1049 988 1121 Ego
1020 1062 1126 1104 non
1175 1048 1449 1117 judicubo,
1502 1047 1595 1101 sed
1626 1061 1725 1114 ego
1770 1042 1915 1113 judi-

329 1140 467 1193 cabo
486 1140 511 1192 τ
529 1140 808 1207 Quomodo
829 1141 969 1195 istud
989 1147 1164 1210 potest
1182 1154 1301 1196 esse
1326 1154 1530 1203 verum,
1553 1138 1653 1191 nisi
1677 1139 1746 1190 ita
1768 1152 1781 1189 :
1807 1132 1919 1205 Ego

331 1228 535 1285 scilicet
561 1245 666 1284 non
688 1230 936 1299 judicabo
957 1246 1021 1284 ex
1047 1239 1308 1299 potestate
1327 1230 1579 1296 humana,
1602 1229 1720 1299 quia
1749 1222 1920 1284 Filius

332 1319 565 1375 hominis
584 1335 724 1387 sum,
742 1319 1096 1390 sedjudicabo
1107 1336 1170 1377 ex
1188 1330 1454 1391 potestate
1472 1322 1650 1389 Verbi,
1667 1326 1917 1395 quoniam

332 1409 503 1481 [quia]
526 1411 688 1465 Filius
714 1410 804 1466 Dei
828 1426 969 1468 sum.
994 1410 1098 1466 Aut
1126 1414 1170 1466 si
1199 1412 1465 1466 contraria
1492 1423 1543 1467 et
1570 1417 1917 1484 repugnantia

329 1500 602 1566 videntur,
630 1499 741 1571 Ego
765 1516 867 1555 non
892 1500 1164 1571 jndicabo,
1188 1502 1283 1556 sed
1308 1517 1406 1571 ego
1424 1502 1700 1571 jndicabo,
1720 1506 1845 1574 quid
1870 1504 1924 1563 il.

328 1590 401 1643 lic
421 1590 681 1657 dicemus,
710 1592 797 1648 ubi
821 1592 893 1646 ait
920 1612 931 1645 :
958 1592 1069 1647 Mea
1092 1592 1331 1647 doctrina
1358 1612 1460 1649 non
1478 1606 1561 1650 est
1584 1612 1698 1651 mea
1723 1599 1746 1650 ἲ
1769 1602 1916 1665 Quo-

327 1682 515 1748 modo,
549 1698 696 1747 mea;
724 1686 988 1752 quomodo
1012 1696 1117 1739 neu
1142 1686 1302 1739 mea?
1328 1684 1438 1740 Non
1466 1690 1607 1741 enim
1632 1690 1787 1752 dixit,
1818 1691 1917 1743 Ista

328 1771 575 1827 doctrina
597 1787 704 1827 non
729 1783 809 1828 est
831 1788 968 1837 mea;
993 1775 1110 1836 sed,
1135 1772 1244 1829 Mea
1266 1774 1509 1830 doctrina
1534 1794 1636 1831 non
1659 1788 1738 1832 est
1768 1796 1913 1833 mea:

326 1878 491 1933 quam
514 1865 647 1920 dixit
671 1882 845 1936 suam,
877 1868 1121 1923 eamdem
1141 1868 1276 1924 dixit
1303 1886 1406 1924 non
1428 1884 1598 1924 suam.
1625 1873 1903 1939 Quomodo
1938 1852 1980 1910 Β

328 1955 479 2008 istud
516 1969 695 2010 verum
726 1967 838 2022 est,
873 1958 973 2011 nisi
1002 1958 1296 2013 secundum
1329 1956 1474 2011 aliud
1504 1975 1655 2013 suam
1686 1962 1904 2027 dixerit,

325 2046 623 2100 secundum
652 2046 795 2100 aliud
831 2061 935 2102 non
966 2062 1114 2102 suam
1149 2064 1163 2102 :
1206 2049 1499 2103 secundum
1555 2048 1774 2104 formam
1821 2050 1910 2106 Dei

324 2150 510 2201 suam,
565 2137 855 2191 secundum
908 2138 1129 2192 t‘ormam
1174 2139 1315 2193 servi
1371 2154 1477 2193 non
1534 2158 1731 2195 suam:
1787 2158 1909 2197 cum

325 2228 477 2282 enim
517 2227 680 2292 dicit,
726 2228 841 2283 Non
889 2242 970 2284 est
1017 2245 1166 2294 mea,
1208 2230 1299 2285 sed
1342 2229 1458 2299 ejus
1500 2231 1588 2300 qui
1630 2246 1715 2287 me
1746 2234 1909 2300 tnisit,

328 2320 399 2373 ad
458 2321 630 2389 ipsum
686 2321 917 2375 Verbum
976 2338 1073 2376 nos
1128 2321 1255 2377 facit
1306 2336 1621 2388 recurrere,
1671 2326 1910 2381 doctrina

327 2414 480 2465 enim
533 2410 703 2466 Putris
758 2423 840 2467 est
894 2413 1127 2469 Verbum
1185 2412 1377 2482 Patris,
1433 2414 1522 2483 qui
1580 2423 1664 2469 e~t
1720 2419 1909 2474 unicus

330 2501 525 2555 Filius.
551 2500 687 2567 Quid
719 2502 819 2557 sibi
850 2511 904 2557 et
929 2504 1057 2557 illud
1090 2505 1231 2571 vult,
1264 2506 1362 2572 Qui
1405 2508 1455 2560 in
1485 2520 1569 2559 tne
1597 2509 1786 2571 credit,
1806 2525 1909 2562 non

329 2592 390 2643 in
437 2606 523 2644 me
570 2590 789 2645 credit?
838 2592 1118 2659 Quomodo
1163 2595 1213 2646 in
1259 2592 1485 2663 ipsuml'
1506 2600 1775 2667 quomodo
1805 2613 1911 2653 non

329 2682 392 2733 in
421 2681 630 2748 ipsum?
652 2683 922 2746 quomodo
955 2692 1061 2735 tam
1091 2687 1421 2741 contrarium
1472 2688 1680 2757 sibique
1724 2688 1911 2741 adver-

330 2785 456 2824 sum
488 2782 657 2837 ptrest
685 2771 940 2840 intelligi?
972 2772 1070 2838 Qui
1090 2773 1139 2826 in
1174 2790 1259 2829 me
1282 2775 1476 2841 credit,
1503 2777 1696 2846 inquit,
1728 2792 1833 2831 non
1862 2778 1912 2831 iu

335 2878 425 2915 me
454 2863 647 2927 credit,
673 2862 768 2917 sed
792 2864 843 2918 in
874 2879 993 2918 eum
1023 2864 1111 2934 qui
1137 2882 1219 2920 me
1258 2867 1427 2932 misit,
1470 2869 1570 2923 nisi
1614 2870 1684 2923 ita
1719 2870 1913 2923 intelli-

331 2967 471 3021 gas:
504 2953 603 3020 Qui
632 2953 684 3007 in
719 2968 805 3007 me
829 2954 1022 3023 credit,
1053 2970 1155 3011 non
1184 2957 1237 3010 in
1263 2957 1362 3011 hoc
1392 2959 1531 3027 quod
1564 2959 1704 3015 videt
1726 2961 1915 3027 credit,

337 3061 408 3097 ne
430 3045 502 3099 sit
532 3060 655 3115 spes
686 3056 867 3100 nostra
895 3047 944 3099 in
975 3058 1239 3114 creatura,
1269 3049 1363 3105 sed
1395 3052 1444 3105 in
1478 3051 1570 3106 illo
1607 3053 1697 3122 qui
1738 3067 1921 3108 susce-

336 3139 418 3209 pit
442 3149 761 3207 creaturam,
783 3140 833 3193 in
856 3155 955 3204 qua
976 3139 1221 3197 humanis
1238 3144 1407 3197 oculis
1429 3154 1729 3213 appareret,
1754 3161 1817 3200 ac
1840 3145 1918 3215 sic

2018 600 2141 646 eum
2168 594 2233 645 ad
2258 609 2370 646 vos.
2398 594 2510 659 Qua
2544 596 2594 647 in
2625 596 2946 663 quaestione,
2980 598 3211 664 prirnum
3241 610 3425 663 quer
3455 598 3595 650 unde

2016 690 2071 735 et
2096 697 2202 751 quo
2239 682 2544 754 [quomodo
2570 688 2580 756 ι
2613 690 2805 741 missus
2833 687 2903 742 sit
2932 688 3137 741 Filius?
3177 688 3313 758 Ego,
3348 688 3539 757 inquit,
3568 703 3596 740 a

2021 772 2179 827 Patre
2214 774 2319 829 exii
2362 785 2415 828 et
2443 779 2561 829 veni
2603 778 2653 831 in
2690 777 2830 831 bene
2869 780 3145 833 mundum.
3199 781 3339 849 Ergo
3367 798 3394 832 a
3443 781 3601 834 Patre

2017 863 2193 928 exire,
2244 873 2299 919 et
2323 867 2510 921 venire
2552 868 2604 922 in
2636 868 2775 923 bene
2809 868 3135 940 [mundum],
3186 871 3290 925 hoc
3320 880 3401 924 est
3433 871 3596 925 mitti.

2019 954 2161 1019 Q'lid
2190 956 2345 1025 igitur
2386 967 2469 1013 est
2499 961 2638 1027 quod
2678 962 2747 1014 de
2790 964 2879 1015 illo
2929 962 3069 1018 idem
3113 963 3229 1033 ipse
3266 964 3595 1031 evangelista

2020 1043 2149 1097 dicit
2184 1062 2197 1097 :
2226 1047 2283 1098 ln
2305 1047 2406 1101 hoc
2430 1049 2630 1102 mundo
2656 1057 2794 1114 erat,
2824 1060 2878 1105 et
2907 1052 3135 1105 mundus
3166 1068 3260 1120 per
3286 1054 3458 1120 ipsum
3489 1054 3596 1105 lac-

2021 1142 2106 1187 tus
2135 1143 2239 1202 est,
2273 1141 2327 1190 et
2358 1137 2588 1192 mundus
2620 1152 2743 1193 eum
2772 1153 2879 1194 non
2917 1142 3165 1209 cognovit
3196 1156 3213 1196 :
3242 1142 3435 1195 deinde
3468 1158 3595 1196 cou-

2017 1223 2191 1292 jungit
2217 1240 2229 1277 :
2261 1227 2319 1278 ln
2345 1238 2443 1280 sua
2471 1229 2687 1297 propria
2713 1230 2875 1283 venit.
2928 1230 3053 1283 Illuc
3083 1230 3267 1300 utique
3295 1232 3489 1283 missus
3516 1239 3596 1284 est

2023 1328 2131 1382 quo
2162 1316 2304 1369 venit
2334 1332 2353 1370 :
2374 1319 2500 1371 ‘atsi
2534 1320 2586 1372 in
2615 1319 2800 1391 [hunc]
2832 1322 3089 1375 mundum
3120 1323 3315 1375 missus
3341 1330 3443 1381 est.
3476 1321 3597 1387 quia

2022 1407 2150 1461 exiit
2178 1422 2208 1460 a
2252 1409 2408 1465 Patre
2436 1420 2491 1465 et
2523 1412 2669 1465 venit
2713 1414 2763 1466 in
2811 1415 2950 1467 hunc
2982 1414 3273 1475 mundum,
3307 1423 3359 1467 ει
3402 1414 3452 1466 in
3496 1414 3595 1465 hoc

2023 1499 2223 1553 mundo
2243 1512 2355 1554 erat
2386 1518 2400 1554 :
2425 1502 2546 1557 illuc
2571 1519 2700 1574 ergo
2730 1505 2923 1559 missus
2946 1513 3028 1559 est
3056 1506 3143 1560 ubi
3167 1515 3302 1561 erat.
3336 1505 3467 1559 Nam
3497 1503 3593 1573 [.etl

2022 1591 2156 1645 illud
2182 1595 2325 1661 quod
2354 1596 2613 1663 scriptum
2640 1606 2723 1651 est
2769 1597 2820 1652 in
2849 1597 3145 1667 PrOpheta,
3182 1597 3347 1652 Deum
3388 1597 3585 1657 dicere,

2021 1678 2229 1736 Caelum
2257 1692 2312 1737 et
2333 1693 2529 1739 terram
2559 1702 2660 1756 ego
2689 1685 2906 1755 impleo,
2941 1688 2984 1742 si
3022 1686 3091 1742 de
3121 1687 3258 1742 Filio
3278 1688 3485 1742 dictum
3514 1698 3593 1739 est

2024 1774 2231 1842 (ipsum
2252 1777 2394 1830 enim
2425 1779 2664 1832 nonnulli
2699 1780 2879 1833 volunt
2901 1779 3145 1848 intelligi,
3179 1779 3262 1833 vel
3295 1779 3589 1847 prophetis,

2012 1866 2093 1920 vel
2123 1867 2181 1920 in
2218 1868 2494 1936 prophetis
2522 1869 2800 1938 locutum),
2834 1885 2941 1940 quo
2981 1874 3176 1925 missus
3202 1880 3307 1935 est,
3338 1870 3438 1925 nisi
3469 1871 3593 1924 illnc.

2014 1957 2107 2011 ubi
2129 1960 2276 2011 erat?
2308 1959 2516 2028 Ubique
2541 1962 2684 2013 enim
2712 1970 2846 2026 erat,
2876 1963 2964 2030 qni
2994 1962 3089 2025 ait,
3144 1962 3354 2017 (uelum
3381 1970 3437 2016 et
3482 1974 3589 2015 ter-

2014 2059 2127 2101 ram
2155 2062 2257 2116 ego
2286 2047 2504 2114 impleri.
2532 2047 2589 2102 Si
2627 2059 2802 2104 autem
2830 2049 2898 2104 de
2928 2051 3080 2115 Patre
3104 2050 3322 2121 [dictum
3350 2048 3479 2119 est],
3506 2050 3593 2103 ubi

2013 2149 2138 2191 esse
2167 2138 2339 2205 potuit
2362 2137 2482 2192 sine
2506 2137 2684 2192 Verbo
2708 2153 2809 2190 suo
2826 2148 2879 2191 et
2908 2138 3024 2194 sine
3046 2139 3309 2209 sapientia
3330 2153 3447 2203 sua,
3479 2155 3597 2207 qua:

2016 2226 2284 2294 pertendit
2312 2241 2343 2279 a
2375 2225 2481 2281 line
2512 2241 2679 2299 ttsqqp
2707 2227 2777 2281 ad
2808 2227 2967 2282 liuent
3002 2228 3231 2292 fortiter,
3268 2238 3323 2283 et
3359 2228 3597 2297 disponit

2013 2317 2197 2369 omnia
2219 2315 2499 2369 suaviter?
2524 2318 2631 2370 Sed
2662 2331 2836 2387 neque
2878 2316 2998 2371 sine
3041 2318 3245 2385 Spiritu
3288 2329 3477 2372 sancto
3506 2335 3596 2372 uno

2014 2420 2177 2474 quant
2196 2418 2318 2460 esse
2348 2408 2536 2473 potuit.
2572 2406 2752 2475 Itaque
2780 2407 2825 2461 si
2857 2408 3053 2476 ubique
3081 2420 3162 2461 εει
3203 2410 3362 2471 Deus,
3398 2409 3597 2474 ubique

2016 2505 2099 2550 est
2128 2498 2288 2551 etiam
2320 2498 2554 2565 Spiritus
2591 2507 2809 2552 sanctus
2840 2499 3001 2570 [ejus]
3028 2517 3040 2551 ε
3075 2500 3203 2553 illuc
3232 2515 3361 2567 ergo
3391 2510 3446 2553 et
3474 2502 3596 2567 Spi-

2018 2588 2153 2642 ritus
2177 2600 2395 2642 sanctus
2423 2590 2621 2643 missus
2642 2599 2727 2643 est
2748 2590 2836 2643 ubi
2863 2600 2999 2645 erat.
3025 2590 3156 2644 Nam
3185 2602 3231 2643 et
3263 2590 3352 2643 ille
3379 2591 3469 2657 qui
3490 2606 3595 2644 non

2019 2679 2222 2733 invenit
2250 2680 2425 2733 locum
2458 2695 2564 2749 quo
2592 2688 2681 2735 eat
2708 2696 2737 2733 a
2767 2682 2903 2734 facie
2930 2681 3022 2735 Dei
3054 2693 3103 2733 et
3128 2680 3292 2734 dicit:
3328 2680 3380 2735 Si
3410 2695 3595 2734 ascen~

2018 2768 2149 2824 dero
2176 2770 2228 2823 in
2258 2769 2480 2831 cretum,
2506 2780 2561 2822 tu
2596 2770 2669 2823 ibi
2699 2785 2780 2834 es,
2823 2778 2875 2823 et
2901 2769 2947 2823 si
2977 2769 3309 2823 descendero
3339 2768 3391 2822 in
3434 2769 3596 2823 infer-

2021 2874 2170 2925 num,
2194 2859 2341 2925 ades,
2369 2860 2564 2930 ubique
2593 2861 2777 2914 volens
2803 2860 3025 2929 intelligi
3047 2871 3367 2927 prmsentetn
3398 2860 3590 2920 Deum,

2022 2952 2168 3019 prius
2206 2952 2497 3005 nominavit
2547 2952 2802 3021 Spiritum
2855 2951 2993 3019 ejus.
3047 2951 3176 3006 Nam
3216 2952 3295 3006 sic
3336 2954 3450 3006 ait:
3481 2954 3596 3019 Quo

2021 3044 2227 3100 abiboa
2246 3046 2451 3114 Spiritu
2481 3054 2593 3108 tuo,
2618 3054 2675 3100 et
2702 3060 2808 3113 quo
2836 3060 2865 3097 a
2896 3044 3033 3099 faeie
3071 3054 3160 3098 tua
3196 3044 3432 3113 fugiat-ri?
3460 3062 3589 3111 qun-

2021 3136 2162 3191 circa
2187 3137 2231 3191 si
2257 3148 2311 3190 ct
2344 3136 2505 3190 Filius
2530 3146 2586 3190 et
2607 3137 2836 3207 Spiritus
2858 3147 3078 3193 sanctus
3102 3138 3226 3192 illuc
3252 3138 3482 3191 mittitur
3510 3138 3597 3191 ubi

335 3229 407 3281 ad
438 3244 496 3282 se
520 3232 774 3298 aequalem
795 3230 1439 3301 Patricontemplandunt,
1469 3252 1562 3304 per
1582 3237 1736 3290 lidetn
1752 3213 1913 3292 corda

2023 3238 2158 3291 erat,
2205 3233 2552 3298 (ιιιιτειιιειιιιι
2581 3238 2665 3283 εει
2689 3232 2958 3296 quomodo
2981 3230 3307 3299 intelligatur
3341 3230 3438 3283 ista
3465 3231 3595 3284 mis-

338 3320 644 3376 mundaret.
674 3321 907 3390 Ideoque
930 3323 996 3376 ad
1025 3324 1234 3379 Patrem
1278 3326 1517 3381 referens
1563 3329 1914 3385 intentionem

336 3414 698 3479 credentium,
726 3425 777 3469 et
812 3415 1015 3481 dicens,
1050 3432 1153 3470 non
1183 3418 1233 3471 in
1279 3419 1385 3488 32
1416 3436 1501 3473 me
1521 3420 1715 3486 credit,
1743 3422 1838 3476 sed
1864 3424 1915 3476 in

338 3523 472 3561 cum
498 3507 587 3575 qui
637 3522 727 3562 me
751 3508 914 3572 mit-it,
940 3524 1045 3562 non
1086 3511 1268 3579 utique
1309 3526 1368 3565 se
1397 3528 1426 3563 a
1455 3513 1630 3578 Patre,
1666 3514 1717 3569 id
1747 3524 1831 3570 est
1851 3518 1919 3571 ab

339 3602 443 3655 illo
467 3600 555 3668 qui
582 3616 707 3655 eum
736 3603 908 3667 misit,
930 3604 1096 3657 voluit
1117 3605 1388 3673 separati;
1413 3607 1509 3658 sed
1533 3617 1591 3658 ut
1618 3606 1695 3661 sic
1723 3607 1776 3661 in
1797 3625 1918 3662 enin

336 3692 671 3759 crederetur,
702 3694 976 3759 quomodo
997 3694 1052 3748 in
1080 3693 1317 3762 Patrem,
1374 3697 1459 3750 cui
1518 3699 1739 3761 aequalis
1788 3710 1871 3754 est
1902 3716 1918 3766 ;

337 3783 489 3852 quod
511 3795 695 3852 aperte
721 3784 827 3838 alio
848 3785 969 3839 loco
995 3785 1125 3841 dicit
1151 3804 1166 3841 :
1220 3787 1435 3843 Credite
1464 3790 1515 3843 in
1567 3791 1756 3859 Deum,
1781 3804 1835 3847 et
1868 3796 1918 3848 in

340 3891 433 3931 me
454 3876 679 3945 credite,
704 3876 755 3931 id
782 3886 887 3941 est,
918 3877 1068 3931 Sicut
1093 3878 1313 3933 creditis
1334 3880 1383 3932 iu
1410 3880 1596 3945 Deum,
1620 3882 1758 3935 sicut
1782 3893 1837 3936 et
1870 3886 1919 3937 In

339 3966 598 4034 rue,quia
624 3983 725 4037 ego
751 3976 804 4022 et
848 3967 1003 4022 Pater
1041 3986 1177 4024 ιιιιιιε
1226 3969 1385 4024 Deus.
1437 3970 1589 4026 Sicut
1636 3987 1767 4040 ergo
1813 3974 1920 4041 hic,

341 4068 597 4128 tanquam
622 4060 840 4115 abstulit
872 4076 901 4113 a
944 4076 1004 4115 se
1034 4062 1191 4116 ﬁdem
1226 4062 1499 4117 hominum
1525 4073 1581 4118 et
1628 4064 1680 4118 in
1710 4066 1920 4121 Patrem

342 4151 647 4214 transtulit,
678 4150 940 4216 dicendo,
982 4152 1097 4207 Non
1140 4154 1191 4206 in
1228 4169 1316 4208 me
1358 4154 1550 4223 credit,
1579 4156 1675 4211 sed
1720 4158 1772 4211 in
1803 4173 1921 4212 eum

338 4244 437 4309 qui
469 4257 555 4297 me
584 4242 749 4309 misit,
782 4259 811 4296 a
837 4258 949 4314 quo
970 4256 1149 4299 tamen
1180 4260 1239 4300 se
1268 4262 1373 4299 non
1398 4248 1577 4317 utique
1613 4251 1922 4317 separavit;

341 4337 428 4389 sic
456 4338 619 4389 etiam
638 4337 777 4404 quod
795 4337 889 4402 ait,
922 4336 1039 4391 Non
1063 4352 1241 4391 meum
1269 4337 1417 4402 dare,
1439 4340 1532 4393 sed
1560 4341 1751 4410 quibus
1775 4354 1926 4412 para-

346 4438 463 4478 tum
482 4436 565 4479 est
612 4441 641 4478 a
700 4427 857 4481 Patre
887 4441 1029 4489 meo,
1085 4437 1210 4494 puto
1236 4430 1440 4483 clarere
1476 4432 1772 4485 secundum
1801 4435 1924 4502 quid

343 4512 624 4586 [qualiter]
639 4526 918 4584 utrumque
950 4517 1321 4586 accipiendum
1352 4521 1423 4573 sit
1448 4538 1463 4573 :
1493 4523 1596 4577 tale
1618 4525 1855 4578 estcnim
1868 4536 1923 4581 et

345 4603 502 4669 illud,
550 4604 658 4673 Ego
689 4622 794 4660 non
837 4606 1111 4675 judicabo,
1163 4624 1284 4662 cum
1333 4609 1447 4677 ipse
1473 4611 1808 4680 jmiicaturus
1856 4617 1925 4672 sit

346 4692 500 4745 vivus
547 4701 603 4747 et
630 4702 894 4749 mortuos.
937 4698 1043 4751 Sed
1075 4699 1203 4767 quia
1245 4716 1349 4753 non
1377 4715 1443 4753 ex
1498 4712 1762 4769 potestate
1820 4706 1920 4760 bu-

344 4798 527 4848 nisna,
556 4796 830 4855 propterea
847 4804 1130 4844 recurrens
1151 4791 1214 4843 ad
1238 4790 1520 4856 Deitateni,
1534 4808 1746 4848 sursum
1762 4796 1924 4868 erigit

345 4881 514 4935 corda
541 4881 838 4947 hominum,
863 4896 1083 4955 propter
1107 4904 1226 4957 qua:
1256 4890 1585 4946 sublevanda
1618 4895 1913 4953 descendit.

877 4976 1107 5033 CAPUT
1167 4980 1389 5035 CCXLI.

349 5062 618 5145 Quomodo
655 5065 1082 5145 intelligendmsil
1109 5070 1313 5145 missio,
1358 5075 1458 5145 sive
1488 5073 1633 5138 Filii,
1668 5077 1771 5128 sive
1798 5078 1922 5145 Spi-

490 5138 623 5188 ritus
649 5138 848 5201 sancti;
879 5154 943 5191 ετ
970 5139 1101 5193 libro
1131 5142 1193 5195 de
1222 5141 1479 5197 Trinitute
1508 5160 1575 5209 ιι,
1616 5146 1696 5200 tit.

418 5247 524 5302 Sed
554 5249 605 5303 in
649 5250 733 5303 his
760 5252 1011 5315 convicti,
1045 5252 1111 5307 ad
1152 5254 1278 5308 illud
1309 5271 1367 5308 se
1399 5268 1717 5311 convertunt
1753 5270 1808 5313 ut
1839 5262 1921 5315 di-

341 5350 469 5394 cant
524 5358 536 5394 :
586 5342 753 5409 Major
805 5354 886 5397 est
934 5345 1023 5412 qui
1083 5347 1244 5400 mittit
1293 5363 1451 5417 quam
1507 5350 1595 5415 qui
1653 5352 1921 5417 mittitur;

343 5431 571 5499 proinde
609 5433 781 5500 major
808 5443 893 5487 est
922 5432 1083 5489 Pater
1121 5434 1290 5501 Filio,
1336 5438 1459 5504 quia
1495 5437 1660 5491 Filius
1694 5455 1724 5493 τι
1766 5440 1921 5497 Patre

337 5541 402 5577 se
424 5524 645 5577 missum
674 5526 886 5579 assidue
911 5538 1322 5593 commemorat;
1348 5529 1518 5598 major
1547 5541 1699 5585 estet
1724 5532 1921 5601 Spiritu

336 5625 557 5682 sancto,
586 5617 707 5686 quia
735 5619 803 5671 de
845 5618 937 5671 illo
976 5618 1107 5673 dixit
1136 5620 1317 5684 Iesus,
1364 5623 1531 5688 Quem
1562 5624 1735 5678 mittet
1766 5625 1923 5679 Pater

341 5712 400 5763 in
436 5711 651 5765 nomine
680 5727 801 5765 meo
831 5729 842 5763 :
876 5721 933 5767 ει
974 5712 1207 5783 Spiritus
1237 5724 1454 5771 sanctus
1485 5724 1715 5786 utroque
1745 5717 1920 5772 minor

340 5814 452 5870 est,
484 5802 607 5872 quia
637 5812 688 5858 ct
732 5803 888 5859 Pater
918 5819 1038 5860 eum
1084 5806 1266 5873 mittit,
1300 5808 1438 5863 sicut
1475 5810 1921 5866 commemoravi-

1958 4572 2006 4632 D

2022 3319 2122 3381 sio,
2154 3319 2268 3373 sive
2299 3319 2443 3384 Filii,
2468 3321 2581 3373 sive
2603 3320 2836 3386 Spiritus
2856 3321 3026 3373 sancti
3050 3362 3065 3386 ,
3095 3320 3251 3373 Pater
3277 3320 3420 3372 enim
3446 3335 3473 3373 ε
3498 3321 3596 3372 οιιιε

2022 3424 2280 3480 nusquam
2313 3411 2505 3480 legitur
2532 3412 2747 3464 missus.
2783 3410 2849 3464 Et
2878 3412 2945 3466 de
2968 3411 3105 3464 Filio
3128 3411 3350 3480 quidem
3373 3411 3445 3463 ita
3472 3410 3600 3464 scri-

2022 3503 2103 3558 bit
2128 3504 2416 3572 Apostolus
2439 3520 2453 3555 :
2484 3504 2619 3558 Cum
2641 3512 2818 3557 autent
2845 3504 2987 3558 venit
3018 3504 3297 3573 plenitudo
3315 3504 3597 3571 temporis,

2024 3597 2171 3651 misit
2211 3597 2351 3651 Deus
2387 3596 2582 3650 Filium
2609 3610 2787 3660 suum,
2816 3595 3009 3650 laetum
3041 3610 3106 3649 ex
3137 3595 3380 3658 muliere,
3411 3596 3603 3647 luctum

2026 3688 2126 3741 sub
2149 3688 2286 3755 Irge.
2318 3698 2377 3739 ut
2398 3702 2491 3739 eos
2513 3688 2600 3754 qui
2626 3688 2728 3740 sub
2760 3688 2875 3755 lego
2903 3698 3051 3740 erant
3087 3686 3394 3739 redimeret.
3443 3686 3603 3745 Misit,

2022 3780 2215 3847 inquit,
2250 3781 2444 3832 Filium
2463 3794 2617 3831 suum
2651 3781 2845 3830 factum
2874 3793 2937 3832 est
2964 3780 3215 3842 muliere,
3246 3793 3356 3846 quo
3386 3781 3604 3829 nomine

2022 3869 2141 3937 quis
2169 3869 2464 3923 catholicus
2495 3870 2720 3934 nesciat,
2757 3882 2864 3921 non
2898 3884 3019 3921 cum
3050 3869 3404 3936 privationem
3437 3870 3601 3936 virgi-

2025 3960 2227 4023 nitatis,
2274 3959 2371 4012 sed
2422 3958 2779 4013 diﬂerenliam
2822 3974 2987 4012 sexus
3013 3998 3027 4021 ,
3083 3959 3317 4013 liebrzeo
3351 3960 3603 4027 loquendi

2025 4066 2175 4107 more
2217 4052 2524 4121 signiﬁcare
2572 4051 2857 4106 voluisse?
2900 4051 3035 4104 Cum
3091 4052 3272 4121 itaque
3324 4052 3432 4113 ait,
3466 4051 3606 4106 Misit

2030 4145 2170 4200 Deus
2200 4144 2389 4198 Filium
2418 4158 2596 4209 suum,
2632 4143 2828 4196 laetum
2861 4158 2923 4196 ett
2960 4143 3205 4208 muliere,
3264 4143 3397 4196 satis
3424 4152 3604 4196 ostru-

2027 4238 2106 4291 dit
2125 4252 2190 4293 eo
2212 4239 2329 4306 ipso
2348 4237 2569 4291 missum
2593 4237 2806 4298 Filium,
2836 4251 2940 4305 quo
2968 4234 3035 4289 fac
3054 4243 3137 4289 tus
3157 4243 3241 4290 εει
3260 4251 3322 4287 ex
3352 4234 3597 4289 muliere.

2026 4330 2183 4398 Quod
2228 4345 2358 4398 ergo
2391 4329 2459 4382 de
2492 4329 2602 4382 Deo
2633 4337 2787 4381 natus
2816 4338 2929 4393 est,
2961 4329 3015 4383 in
3056 4327 3158 4381 hoc
3200 4325 3398 4380 mundi
3441 4336 3555 4380 erat
3589 4346 3598 4377 :

2027 4422 2169 4493 quod
2198 4432 2374 4475 autem
2419 4421 2484 4474 de
2524 4420 2686 4475 ilaria
2739 4429 2894 4475 natus
2920 4430 3038 4485 est,
3085 4421 3136 4473 in
3179 4419 3319 4474 hunc
3350 4419 3604 4473 mundum

2030 4516 2225 4569 missus
2257 4514 2495 4568 advenit.
2546 4514 2774 4567 Proinde
2819 4512 2958 4568 mitti
2988 4529 3016 4567 ιι
3050 4513 3205 4567 Patre
3244 4512 3361 4565 sine
3405 4511 3608 4580 Spiritu

2030 4617 2216 4661 sancto
2245 4622 2349 4661 non
2381 4607 2569 4675 potuit,
2597 4623 2701 4659 non
2730 4607 2907 4660 solum
2932 4608 3051 4674 quia
3082 4606 3396 4674 intelligitur
3428 4604 3608 4669 Pater,

2030 4715 2150 4755 eum
2186 4716 2306 4754 cum
2352 4701 2526 4762 misit,
2564 4698 2619 4753 id
2646 4708 2726 4752 est
2760 4698 2885 4752 fecit
2915 4713 2977 4752 ex
3022 4697 3249 4761 femina,
3286 4712 3392 4749 non
3426 4712 3457 4749 ιι
3487 4696 3611 4764 ique

2030 4796 2147 4847 sine
2190 4793 2391 4861 Spiritu
2423 4808 2521 4846 suo
2549 4792 2761 4855 fecisse,
2799 4792 3152 4846 verumetiain
3194 4789 3339 4857 quod
3389 4790 3612 4843 manife-

2030 4882 2267 4937 stissime
2298 4893 2459 4951 atque
2487 4882 2823 4951 apertissime
2851 4881 2905 4935 in
2935 4881 3230 4950 Evangelia
3272 4882 3468 4934 dicitur
3497 4880 3611 4934 Vir-

2028 4975 2136 5043 gini
2193 4973 2367 5027 Marite
2418 4973 2681 5043 quaerenti
2736 4973 2805 5026 ab
2850 4973 3061 5043 angelo,
3125 4974 3405 5040 Quomodo
3464 4971 3599 5044 [lict]

2029 5066 2209 5121 istud?
2249 5066 2479 5134 Spiritus
2509 5074 2727 5118 sanctus
2757 5063 3102 5131 superveniet
3138 5064 3188 5118 in
3235 5073 3321 5129 te,
3353 5072 3409 5116 ct
3439 5065 3607 5115 virtus

2033 5158 2293 5213 Altissinti
2336 5158 2678 5211 obumbrabit
2730 5156 2844 5210 tibi.
2907 5158 2969 5210 lit
3002 5157 3283 5211 Mattlueus
3321 5155 3443 5208 dicit
3484 5152 3607 5206 :ln~

2032 5266 2189 5307 venia
2222 5262 2299 5306 est
2334 5252 2538 5305 habens
2564 5252 2621 5304 in
2651 5266 2803 5305 mero
2841 5250 2909 5306 de
2953 5250 3153 5320 Spiritu
3183 5256 3371 5303 saneto
3402 5259 3609 5314 :quan~

2032 5362 2191 5417 quam
2223 5355 2275 5399 et
2306 5345 2447 5414 apud
2482 5345 2694 5399 Esaiam
2736 5345 3055 5413 prophetam
3099 5342 3214 5411 ipse
3255 5339 3502 5394 Christus
3530 5338 3609 5391 in-

2032 5436 2289 5507 telligitur
2309 5437 2377 5490 de
2405 5434 2635 5489 adventu
2658 5450 2754 5488 suo
2781 5437 2957 5487 futuro
2982 5432 3163 5485 dicere
3188 5446 3200 5481 :
3236 5428 3299 5482 Et
3328 5442 3468 5481 nunc
3500 5426 3604 5480 Du-

2033 5528 2211 5583 tninus
2252 5528 2395 5581 misit
2429 5542 2535 5591 me,
2575 5536 2629 5581 et
2670 5527 2900 5594 Spiritus
2934 5522 3070 5591 ejus.
3125 5520 3378 5572 Fortasse
3415 5515 3610 5585 aliquis

2031 5630 2186 5689 cogat
2211 5629 2268 5674 ut
2286 5618 2527 5673 dicamus
2554 5618 2712 5672 etiam
2736 5631 2764 5668 a
2794 5615 2970 5680 seipse
2998 5612 3217 5665 niissutn
3244 5624 3364 5663 esse
3391 5607 3607 5672 Filium,

2031 5712 2152 5781 quia
2186 5712 2278 5767 ille
2305 5712 2485 5766 Maria:
2521 5716 2811 5775 conceptus
2847 5713 2899 5757 ct
2925 5713 3108 5774 partus
3148 5701 3394 5771 operatio
3422 5700 3607 5755 'l‘rini-

2035 5804 2160 5857 tatis
2201 5812 2285 5858 cst
2315 5820 2325 5855 :
2360 5816 2461 5873 qua
2512 5806 2758 5866 creante,
2810 5794 2988 5852 omnia
3036 5803 3306 5851 creantur.
3366 5794 3430 5849 Et
3472 5808 3609 5862 quo-
