4016 6184
454 350 555 412 ett;

1512 347 1575 400 D.
1619 334 1911 397 EUCYPPI
1952 331 2243 388 ABBATIS
2279 330 2597 388 AFlilCANl

3602 336 3697 389 9i6

455 470 634 536 modo,
660 468 850 539 inquit,
875 469 1033 523 Pater
1063 480 1185 522 eum
1211 464 1353 519 misit
1380 462 1426 516 si
1457 461 1572 532 ipse
1611 474 1671 515 se
1706 452 1883 511 misit?
1932 447 2027 504 Cui
2063 448 2105 506 Α
2134 460 2162 499 a
2191 446 2345 539 Patre
2375 445 2765 539 intelligeretur
2792 442 2981 539 Filius,
3012 452 3081 539 ut‘
3103 444 3576 539 tantum—missus,
3602 466 3699 504 non

458 585 506 635 ιιι
524 567 686 620 intum
714 562 1018 632 respondeo
1045 574 1292 630 quaerens
1324 565 1382 611 ut
1405 556 1574 618 dicat,
1604 551 1651 606 si
1676 555 1872 620 potest,
1896 559 2031 615 quo-

459 656 625 714 modo
641 659 798 713 Pater
816 670 939 711 eum
962 650 1337 717 sanetiiicavit,
1363 649 1408 703 si
1430 663 1489 702 se
1508 648 1624 716 ipse
1643 637 2033 699 sanctiﬁcavit?

459 749 751 816 Utrumque
772 746 913 799 enim
940 743 1080 798 idem
1113 740 1368 796 Dominus
1392 739 1467 792 ait
1500 738 1710 803 :Quem
1741 733 1919 797 Pater,
1952 730 2031 783 in-

456 841 591 909 quit,
641 836 995 894 sauctilicavit
1023 845 1078 889 et
1116 832 1358 888 misit-in
1391 828 1579 903 [hunc]
1616 824 1898 899 mundum,
1934 832 2030 874 vos

457 931 656 995 dicitis,
690 928 820 996 Quia
853 926 1208 997 blasphemat,
1249 923 1500 993 quoniam
1541 918 1674 982 dixi,
1724 913 1889 971 Filius
1938 910 2031 966 Dei

455 1037 597 1076 sum.
617 1020 737 1074 Alio
758 1028 938 1073 autem
972 1019 1090 1072 loco
1118 1018 1193 1070 ait
1215 1034 1229 1069 :
1251 1015 1315 1069 Et
1332 1029 1427 1084 pro
1447 1013 1529 1069 eis
1559 1009 1835 1065 sanctiﬁco
1866 1004 2033 1073 meip—

462 1127 607 1166 sum.
651 1110 791 1164 ltem‘
823 1122 1008 1177 quacro
1046 1104 1319 1174 quomodo
1349 1119 1470 1158 eum
1518 1101 1673 1156 Pater
1713 1095 1950 1160 tradidit,
1985 1093 2031 1148 si

455 1201 634 1269 seipse
647 1199 863 1255 tradidit
876 1199 899 1251 Ἰ
921 1199 1213 1265 Utrumque
1225 1195 1366 1251 enim
1383 1194 1511 1249 dicit
1523 1189 1796 1260 apostolus
1809 1186 2028 1242 Paulus:

456 1293 557 1358 Qui
592 1290 749 1359 Filio,
779 1290 968 1359 inquit,
1002 1289 1217 1358 proprio
1242 1300 1349 1340 non
1379 1282 1650 1355 pepercit,
1682 1278 1777 1333 sed
1804 1290 1903 1349 pro
1932 1289 2031 1328 no-

460 1384 539 1435 bis
577 1383 823 1439 omnibus
876 1380 1091 1436 tradidit
1128 1394 1249 1435 eum
1292 1374 1509 1449 [illum].
1559 1372 1699 1428 Alibi
1745 1377 1926 1433 autem
1966 1366 2035 1421 de

458 1474 574 1541 ipso
601 1474 879 1529 Salvatore
911 1474 985 1525 ait
1012 1490 1022 1524 :
1050 1472 1152 1537 Qui
1180 1485 1265 1525 me
1287 1469 1475 1525 dilexit
1498 1508 1513 1531 ,
1542 1476 1597 1521 et
1634 1463 1854 1519 tradidit
1884 1461 2030 1530 seip-

455 1579 572 1618 sum
600 1579 694 1632 pro
719 1579 824 1617 me.
850 1562 1047 1628 Credo,
1076 1560 1441 1631 respondebit,
1466 1559 1511 1614 si
1534 1558 1653 1613 b'ee
1676 1555 1842 1627 probe
1872 1554 2030 1623 sapit,

455 1660 576 1727 quia
610 1674 713 1712 una
752 1657 999 1711 voluntas
1031 1663 1113 1710 est
1150 1656 1322 1709 Patris
1358 1664 1413 1709 et
1445 1652 1582 1718 Filii,
1611 1660 1666 1707 et
1697 1647 2030 1720 inseparabi—

456 1750 520 1805 lis
554 1750 814 1817 operatio:
844 1748 935 1802 Sic
968 1762 1097 1816 ergo
1134 1747 1397 1818 intelligat
1437 1745 1580 1800 illam
1609 1743 2030 1799 incarnationem
2066 1796 2104 1818 __

2066 1801 2111 1862 Β
2138 1801 2419 1863 visibiliter
2464 1806 2839 1863 ostenderetur
2880 1807 3109 1877 Spiritus
3137 1817 3374 1871 sanctus,
3429 1808 3543 1863 sive
3587 1824 3714 1864 cum

455 1850 585 1896 etes
606 1840 821 1909 Virgine
835 1839 1185 1905 nativitatem,
1205 1840 1255 1891 in
1269 1851 1371 1906 qua
1391 1837 1557 1891 Filius
1574 1836 1883 1905 intelligitur
1900 1834 2030 1888 mis-

456 1946 568 1997 sus,
608 1946 713 1984 una
750 1930 1048 1998 eademque
1092 1930 1403 1997 Operatinne
1435 1928 1605 1981 Patris
1634 1934 1690 1979 et
1728 1926 1847 1980 Filii
1891 1926 2032 1979 inse-

458 2021 765 2089 parabiliter
813 2035 936 2074 esse
979 2021 1193 2093 iactatu,-
1242 2034 1346 2072 non
1395 2018 1577 2086 utique
1620 2016 1747 2071 inde
1784 2024 2032 2084 separato

458 2111 657 2180 Spiritu
688 2119 899 2175 sancto,
921 2109 991 2164 de
1012 2122 1116 2177 quo
1142 2118 1265 2176 apte
1294 2105 1521 2179 [aperte]
1553 2107 1747 2162 dicitur
1772 2123 1785 2158 :
1813 2106 2030 2161 inventa

458 2208 542 2255 est
568 2200 620 2255 iu
653 2211 807 2255 utero
847 2200 1050 2255 habens
1088 2199 1157 2254 de
1201 2199 1407 2275 Spiritu
1443 2208 1649 2253 sancto.
1699 2196 1830 2252 Nam
1870 2198 2030 2252 etiam

460 2290 507 2344 si
557 2291 626 2345 ita
658 2305 981 2360 quaeramus.
1033 2290 1317 2345 enodatius
1359 2290 1601 2345 fortassis
1633 2289 1775 2359 quod
1805 2290 2032 2345 dicimus

459 2382 756 2449 apparebit.
781 2382 1059 2448 Quomodo
1094 2383 1239 2435 misit
1269 2382 1403 2435 Deus
1432 2380 1619 2434 Filium
1648 2397 1800 2436 suum
1820 2381 1843 2433 τ
1865 2380 2033 2435 Jussit

466 2480 525 2525 ut
546 2473 775 2537 Veniret,
806 2482 967 2540 atque
998 2472 1087 2527 ille
1118 2472 1323 2540 jubenti
1347 2470 1722 2540 obtemperans
1752 2471 1930 2535 venit;
1961 2485 2029 2524 an

459 2565 683 2636 rogavit,
720 2577 787 2618 an
841 2564 1209 2618 tantummodo
1260 2564 1574 2617 admonuit?
1622 2562 1725 2617 Sed
1756 2562 2033 2633 quodLbet

462 2655 649 2707 horum
700 2656 790 2719 sit,
843 2654 1023 2709 Verbo
1075 2653 1255 2723 utique
1302 2653 1497 2708 factum
1545 2662 1628 2708 est
1659 2671 1672 2706 :
1707 2653 1798 2707 Dei
1850 2662 2029 2706 autem

466 2744 717 2804 Verbum,
774 2744 887 2810 ipse
907 2753 992 2799 est
1017 2745 1110 2801 Dei
1141 2744 1330 2798 Filius.
1366 2745 1703 2813 Quapropter
1746 2758 1866 2798 cum
1907 2759 2029 2799 eum

462 2837 497 2890 Γ
503 2843 619 2890 ater
650 2835 822 2889 Verbo
853 2832 1018 2904 misit,
1049 2856 1078 2892 ει
1110 2838 1265 2891 Patre
1293 2846 1346 2893 et
1371 2836 1548 2891 Verbo
1575 2837 1693 2906 ejus
1724 2835 1919 2891 [aetum
1949 2844 2034 2889 est

463 2937 519 2979 ut
542 2927 864 2980 mitteretur.
894 2928 1034 2995 Ergo
1064 2945 1092 2982 a
1120 2928 1275 2983 l’atre
1314 2940 1367 2986 et
1401 2929 1535 2985 Filio
1561 2930 1759 2983 missus
1781 2939 1863 2982 est
1889 2928 2029 2983 idem

463 3015 660 3083 Filius,
701 3017 822 3085 quia
872 3018 1100 3073 Verbum
1156 3019 1329 3074 Patris
1366 3031 1452 3074 est
1507 3020 1622 3088 ipse
1664 3020 1848 3075 Filius.
1900 3020 2031 3086 Quis

462 3109 602 3163 enim
630 3121 690 3163 se
715 3118 819 3163 tant
843 3111 1099 3179 sacrilega
1121 3111 1304 3165 induat
1325 3112 1597 3180 opinione,
1629 3120 1687 3165 ut
1717 3120 1861 3178 putet
1892 3121 2032 3166 tem-

464 3200 645 3263 porale
676 3200 905 3254 Verbum
938 3216 966 3253 a
996 3201 1153 3255 Patre
1189 3201 1383 3256 factum
1414 3218 1559 3267 esse,
1592 3211 1650 3256 ut
1676 3211 1908 3257 aeternus
1939 3203 2030 3256 Fi-

463 3290 565 3345 lius
595 3293 917 3357 mitteretur,
962 3303 1017 3349 et
1047 3295 1098 3349 in
1134 3309 1301 3349 carne
1331 3304 1615 3363 appareret
1649 3309 1715 3349 ex
1759 3293 2032 3363 tempore?

461 3382 566 3437 Sed
601 3382 779 3450 utique
801 3383 855 3437 in
881 3384 995 3452 ipso
1025 3384 1116 3439 Dei
1150 3380 1342 3447 Verbo,
1372 3382 1513 3453 quod
1542 3391 1655 3439 erat
1692 3384 1744 3438 in
1776 3382 2038 3452 principio

462 3477 601 3545 apud
635 3478 798 3531 Deum
827 3488 883 3532 et
915 3478 1053 3533 Deus
1076 3485 1228 3546 erat,
1274 3478 1326 3531 in
1375 3477 1487 3545 ipsa
1515 3476 1724 3531 scilicet
1772 3474 2033 3542 sapientia

465 3571 580 3636 Dei,
611 3570 730 3626 sine
760 3579 1000 3642 tempore
1029 3580 1145 3625 erat
1178 3587 1192 3624 :
1222 3584 1328 3639 quo
1352 3579 1593 3638 tempore
1623 3568 1767 3623 illam
1791 3566 1844 3622 in
1873 3581 2035 3622 carne

463 3675 723 3732 apparere
752 3670 1042 3731 oporteret.
1080 3662 1261 3729 Itaque
1288 3673 1407 3714 cum
1439 3660 1555 3712 sine
1582 3658 1693 3712 ullo
1725 3658 1876 3712 initio
1905 3667 2038 3712 tem-

465 3753 630 3820 poris,
664 3752 816 3805 initio
848 3750 925 3823 [in
959 3749 1241 3821 principio]
1271 3760 1416 3806 esset
1444 3749 1695 3815 Verbum,
1723 3758 1778 3803 et
1802 3749 2036 3805 Verbum

462 3853 606 3898 esset
636 3843 775 3917 apud
809 3844 1007 3910 Deum,
1056 3855 1110 3898 et
1142 3843 1280 3897 Deus
1309 3850 1455 3897 esset
1483 3841 1741 3906 Verbum,
1783 3842 1898 3896 sine
1928 3840 2039 3897 ullo

463 3943 704 4000 tempore
750 3933 804 3987 in
857 3933 973 4001 ipso
1014 3932 1188 3987 Verbo
1216 3938 1354 3998 erat,
1387 3947 1492 4001 quo
1531 3941 1774 3999 tempore
1805 3931 2035 3985 Verbum

462 4040 591 4079 caro
646 4024 817 4089 llere‘,
869 4036 923 4078 et
964 4023 1229 4078 habitaret
1279 4024 1331 4078 in
1365 4024 1539 4078 nobis.
1592 4024 1723 4089 Quze
1761 4023 2036 4092 plenitudo

463 4115 721 4185 temporis
745 4130 864 4169 cum
894 4114 1149 4177 venisset,
1186 4113 1331 4168 misit
1364 4113 1504 4167 Deus
1536 4114 1727 4167 Filium
1750 4128 1903 4168 suum
1933 4114 2040 4167 iac-

463 4218 573 4260 tum
602 4222 666 4261 ex
699 4206 945 4269 muliere,
979 4205 1028 4258 id
1056 4214 1138 4259 est
1165 4206 1360 4259 factum
1392 4205 1441 4258 in
1477 4215 1736 4274 tempore,
1779 4215 1838 4259 ut
1867 4204 2039 4259 incar—

463 4307 644 4350 natum
676 4296 907 4349 Verbum
943 4294 1247 4349 hominibus
1289 4303 1609 4362 appareret:
1643 4294 1783 4363 quod
1826 4295 1878 4349 in
1922 4295 2041 4360 iltso

470 4386 645 4441 Verho
691 4387 809 4443 sine
862 4397 1102 4454 tempore
1147 4394 1298 4453 erat,
1345 4387 1396 4440 iu
1442 4401 1547 4453 quo
1594 4395 1834 4453 tempore
1864 4385 2033 4439 ﬂeret.

465 4478 608 4533 Ordo
639 4479 834 4547 quippe
863 4488 1160 4545 temporum
1194 4476 1243 4530 in
1276 4486 1473 4529 aeterna
1506 4477 1597 4530 Dei
1636 4476 1895 4541 sapientia
1924 4477 2039 4532 sine

2055 3159 2106 3227 α

2134 538 2293 591 etiam
2327 553 2446 592 cum
2481 538 2636 592 Patre
2662 537 2882 591 mittens
2904 536 3257 591 inveniretur.
3304 536 3437 590 Cum
3469 554 3594 593 vero
3630 544 3704 597 sic

2133 635 2344 697 accepta
2378 625 2503 698 [est]
2547 626 2714 681 forma
2743 626 2915 693 ‘servi,
2948 634 3003 681 ut
3034 637 3274 681 maneret
3304 628 3705 688 incommutabi-

2134 698 2200 769 lis
2228 716 2398 771 forma
2427 702 2542 783 Dei,
2592 715 2933 771 manifestum
2974 724 3056 769 est
3082 714 3222 784 quod
3253 730 3282 769 a
3309 700 3465 772 Patre
3495 730 3549 773 et
3578 701 3617 773 i"
3622 721 3709 777 ilio

2134 821 2236 861 non
2263 808 2634 877 apparentibus
2660 807 2851 861 factum
2883 807 2954 860 sit
2975 806 3117 874 quod
3144 818 3428 875 appareret
3455 809 3508 862 iu
3537 811 3702 878 Filio,

2136 895 2188 950 id
2216 905 2319 962 cst,
2365 895 2467 969 [ut]
2493 897 2559 951 ab
2589 896 2837 952 invisibili
2885 897 3040 952 Patre
3061 938 3078 964 ,
3108 913 3230 952 cum
3262 882 3515 958 invisibili
3549 888 3705 969 Filio,

2134 985 2274 1040 idem
2316 988 2428 1054 ipse
2458 985 2621 1041 Filius
2672 987 2897 1041 visibilis
2950 988 3273 1042 mitteretur.
3304 972 3412 1042 Cur
3436 1005 3565 1060 ergo
3591 993 3707 1046 ait:

2137 1077 2205 1133 Et
2241 1093 2269 1133 a
2293 1081 2498 1148 meipso
2538 1094 2642 1133 non
2672 1078 2829 1133 Veni?
2868 1077 2984 1134 iam
3022 1078 3124 1133 boe
3147 1080 3439 1134 secundum
3485 1082 3710 1137 formam

2135 1170 2282 1226 servi
2309 1171 2510 1226 dictum
2540 1180 2645 1235 est,
2697 1170 2991 1249 secundum
3033 1170 3177 1240 Quod
3216 1171 3416 1226 dictum
3455 1182 3557 1237 est,
3604 1174 3713 1243 Ego

2141 1280 2248 1322 non
2274 1264 2458 1333 judico
2504 1277 2848 1333 quemquam.
2893 1261 2950 1317 Si
2982 1276 3109 1333 ergo
3158 1263 3354 1318 missus
3398 1250 3612 1327 dicitur,
3661 1266 3712 1319 in

2135 1365 2389 1425 quantum
2416 1354 2660 1422 apparuit
2696 1354 2825 1408 loris
2854 1353 2906 1407 in
2936 1354 3183 1408 creatura
3203 1354 3493 1421 corporali,
3518 1356 3609 1424 qui
3635 1355 3715 1410 ius

2138 1450 2221 1502 tus
2251 1448 2302 1500 in
2346 1455 2534 1501 natura
2580 1444 2807 1513 spiritali
2838 1444 3007 1499 oculis
3038 1445 3345 1498 mortalium
3385 1461 3597 1515 semper
3619 1461 3714 1501 oc-

2136 1538 2313 1592 cultus
2354 1545 2456 1602 est,
2488 1534 2599 1605 jam
2636 1535 2689 1590 in
2741 1544 2987 1605 promptu
3016 1546 3097 1591 est
3134 1536 3431 1613 intelligere
3459 1538 3621 1591 etiam
3651 1540 3716 1593 de

2136 1625 2337 1695 Spiritu
2377 1636 2585 1693 sancto,
2613 1639 2709 1679 cur
2737 1634 2792 1679 et
2814 1625 2930 1695 ipse
2964 1625 3156 1680 missus
3184 1625 3409 1680 dicatur.
3448 1625 3611 1680 Facta
3633 1635 3714 1681 est

2137 1704 2279 1769 enim
2308 1715 2557 1785 qumdam
2589 1724 2852 1770 creaturae
2880 1716 3087 1785 species
3116 1730 3185 1770 ex
3219 1724 3481 1784 tempore,
3530 1715 3581 1769 in
3613 1732 3717 1785 qua

2136 1900 2189 1954 iu
2213 1900 2383 1969 ipsum
2407 1891 2691 1954 Dominum
2711 1901 2977 1967 corporali
2995 1900 3172 1969 specie
3197 1900 3341 1955 velut
3364 1900 3614 1956 columba
3634 1915 3716 1955 as-

2134 1992 2314 2046 cendit
2344 1991 2418 2062 [iu
2447 1990 2617 2059 ipsum
2645 1990 2929 2043 Dominum
2959 1992 3223 2057 corporali
3252 1990 3431 2059 Specie
3453 1992 3596 2045 velut
3624 2007 3717 2045 eo—

2136 2081 2315 2136 lumba
2356 2064 2681 2150 descendit],
2726 2083 2842 2135 sive
2871 2096 2990 2136 cum
3040 2081 3224 2135 decem
3264 2082 3457 2135 diebus
3487 2084 3718 2151 peractis

2140 2180 2259 2240 post
2302 2171 2674 2225 ascensionem
2708 2163 2894 2243 {ejus],
2928 2171 3015 2224 die
3048 2170 3391 2226 Pentecostes
3422 2172 3591 2227 iactus
3636 2183 3718 2229 est

2134 2260 2312 2317 subito
2353 2263 2422 2317 de
2470 2264 2609 2318 etelo
2661 2263 2848 2329 sonus,
2893 2263 3043 2331 quasi
3087 2260 3319 2317 ferretur
3351 2266 3508 2318 ﬂatus
3546 2265 3717 2320 vehe-

2136 2367 2306 2418 mens,
2340 2362 2394 2407 et
2434 2353 2563 2408 visae
2589 2368 2711 2408 sunt
2756 2354 2864 2409 illis
2909 2354 3101 2423 lingua:
3144 2353 3329 2408 divisa:
3376 2355 3515 2409 sicut
3544 2356 3705 2425 ignis,

2135 2444 2224 2512 qui
2252 2456 2306 2499 et
2334 2446 2529 2499 insedit
2554 2460 2715 2517 super
2735 2461 3168 2515 unumquemque
3193 2461 3401 2500 eorum.
3432 2448 3555 2503 llaec
3584 2465 3715 2517 ope-

2135 2534 2273 2589 ratio
2302 2534 2584 2589 visibiliter
2613 2549 2888 2604 expressa,
2926 2534 3019 2607 [et]
3052 2536 3221 2590 oculis
3252 2537 3428 2591 oblata
3460 2539 3707 2592 mortali-

2135 2624 2257 2690 bus,
2290 2626 2473 2680 missio
2516 2626 2744 2695 Spiritus
2783 2628 2952 2681 Sancti
2996 2626 3141 2681 dicta
3179 2634 3298 2681 est:
3333 2643 3438 2681 non
3469 2639 3523 2681 ut
3552 2643 3718 2697 appa-

2135 2726 2279 2772 reret
2308 2718 2424 2787 ejus
2468 2720 2578 2787 ipsa
2610 2719 2927 2783 substantia,
2973 2734 3075 2787 qua
3108 2725 3163 2772 et
3194 2719 3306 2784 ipse
3336 2718 3625 2772 invisibi‘is
3660 2729 3715 2773 et

2136 2805 2587 2862 incommutabilis
2619 2816 2703 2863 est
2752 2808 2889 2861 sicut
2922 2807 3079 2860 Pater
3107 2817 3161 2861 et
3196 2806 3381 2872 Filius,
3416 2806 3505 2860 sed
3537 2816 3591 2859 ut
3620 2821 3716 2859 ex-

2136 2899 2422 2952 terioribus
2451 2896 2578 2950 visis
2606 2896 2878 2950 hominum
2910 2894 3072 2950 corda
3101 2904 3366 2949 commota
3390 2935 3405 2959 ,
3440 2909 3470 2947 a
3499 2903 3715 2961 tempu-

2135 2980 2231 3042 rali
2264 2987 2698 3043 manifestatione
2729 2988 3010 3051 venientis,
3052 2986 3119 3041 ad
3150 2986 3413 3041 occultam
3442 2987 3721 3039 aeternita-

2136 3087 2240 3133 tem
2264 3093 2476 3149 semper
2506 3079 2802 3147 praesentis,
2837 3088 3293 3133 converterentur.

2669 3192 2895 3247 CAPUT
2924 3189 3182 3245 CCXL".

2141 3302 2217 3358 De
2244 3304 2353 3358 solo
2377 3319 2491 3357 vero
2528 3303 2633 3356 Deo
2668 3300 2825 3355 Patre
2857 3311 2903 3353 et
2936 3301 3075 3354 Filio
3102 3311 3151 3355 et
3172 3300 3373 3367 Spiritu
3402 3307 3601 3363 sancto,
3649 3314 3711 3352 es

2535 3374 2665 3428 libro
2691 3389 2739 3427 \‘l
2766 3373 2829 3426 de
2857 3372 3127 3437 Trinitate,
3149 3372 3228 3424 tit.
3256 3370 3310 3424 9.

2215 3486 2286 3539 Ex
2337 3485 2546 3540 Domini
2599 3483 2903 3540 testimonio
2954 3493 3008 3539 et
3058 3484 3267 3537 Patrem
3318 3496 3480 3535 unum
3528 3496 3717 3534 verum

2141 3573 2306 3629 Deum
2328 3574 2576 3641 dicimus,
2605 3584 2658 3630 et
2680 3574 2871 3629 F.1ium
2897 3590 3057 3628 unum
3092 3588 3278 3628 verum
3307 3572 3498 3635 Deum,
3523 3580 3578 3625 et
3596 3572 3720 3640 Spi-

2140 3665 2298 3720 ritum
2329 3676 2570 3721 sanctum
2617 3665 2828 3739 [unum]
2860 3682 3042 3721 verum
3072 3666 3236 3720 Deum
3274 3683 3285 3717 :
3315 3673 3370 3719 et
3403 3664 3562 3718 simul
3608 3664 3711 3717 Pa-

2143 3766 2278 3813 trem
2311 3765 2366 3812 et
2413 3756 2603 3811 Filium
2645 3768 2700 3813 et
2742 3757 3001 3826 Spiritum
3039 3768 3316 3819 sanetum,
3348 3755 3399 3809 id
3444 3765 3529 3810 est
3556 3754 3719 3809 simul

2142 3850 2310 3919 ipsam
2337 3847 2653 3901 Trinitatem
2676 3888 2691 3914 ,
2730 3860 2849 3903 non
2884 3858 2991 3901 tres
3037 3860 3193 3901 veros
3221 3846 3375 3908 deos,
3422 3845 3517 3897 sed
3551 3859 3714 3898 uirum

2145 3957 2328 3995 verum
2361 3939 2549 3994 Deum.
2583 3941 2662 3993 An
2696 3939 2947 4008 quoniam
2988 3938 3214 4005 addidit,
3250 3937 3314 3991 Et
3340 3952 3499 4005 quem
3529 3937 3716 3991 misiSti

2142 4030 2323 4087 Jesum
2383 4029 2681 4093 Chrismm,
2709 4028 3133 4083 subaudiendum
3186 4036 3292 4093 est,
3328 4042 3489 4081 unum
3537 4042 3719 4082 verum

2145 4126 2332 4189 Deum,
2376 4133 2429 4179 ct
2457 4124 2589 4178 ordo
2626 4123 2907 4177 verborum
2954 4130 3037 4175 est
3067 4138 3081 4173 :
3114 4120 3179 4175 Ut
3244 4133 3295 4174 te
3334 4131 3387 4174 et
3423 4135 3585 4189 quem
3617 4121 3722 4173 mi-

2144 4218 2263 4272 sisti
2330 4216 2513 4271 .icsum
2577 4214 2851 4269 Christum
2915 4222 3242 4284 cognoscant
3303 4226 3469 4264 unum
3539 4225 3722 4264 rerum

2150 4307 2350 4361 Deum?
2402 4306 2508 4361 Cur
2550 4321 2677 4376 ergo
2719 4306 2882 4360 tacuit
2954 4306 3022 4358 de
3066 4304 3265 4372 Spiritu
3334 4302 3575 4356 saneto?
3642 4304 3726 4354 An

2153 4398 2404 4467 quoniam
2448 4412 2782 4465 consequens
2830 4405 2931 4459 est,
2984 4406 3040 4450 ut
3085 4396 3385 4460 ubicunque
3419 4392 3730 4446 nominatur

2155 4504 2338 4553 unum,
2371 4497 2512 4542 tanta
2537 4503 2667 4557 pace
2710 4487 2796 4541 uni
2818 4486 3121 4551 adhmrcns,
3154 4494 3212 4538 ut
3238 4499 3333 4553 per
3356 4482 3494 4536 hanc
3522 4491 3734 4534 utrum-

467 4545 705 4640 tempore
866 4570 997 4625 Cum
1033 4570 1209 4638 itaque
1240 4569 1340 4623 hoc
1362 4586 1389 4621 ξι
1418 4570 1570 4624 Patre
1598 4579 1650 4623 et
1682 4569 1818 4623 Filio
1844 4570 2038 4623 factum
2072 4545 2123 4606 θ
2152 4595 2254 4648 qut;
2284 4545 2446 4634 υέιυω
2473 4545 2581 4632 sint
2611 4576 2758 4649 [sit],
2802 4576 2911 4646 jam
2954 4591 3016 4629 ex
3060 4545 3162 4629 huc
3204 4545 3524 4642 intelligatur
3564 4571 3732 4625 etiam

468 4673 627 4725 esset,
646 4664 773 4717 utin
794 4678 951 4717 carne
976 4662 1142 4717 Filius
1167 4672 1473 4731 appareret,
1489 4671 1850 4732 congruenter
1873 4662 2044 4717 dictus

470 4762 553 4806 est
583 4754 775 4808 missus
804 4754 894 4810 ille
920 4757 1009 4825 qui
1034 4756 1084 4810 in
1109 4771 1170 4810 ea
1195 4769 1355 4810 carne
1377 4756 1660 4823 apparuit;
1698 4754 1806 4825 33
1830 4753 2041 4810 misisse

474 4857 651 4900 autem
684 4846 772 4901 ille
810 4848 901 4915 qui
928 4850 978 4902 in
1010 4864 1069 4903 ea
1096 4864 1197 4903 n0n
1231 4850 1500 4918 apparuit.
1524 4848 1786 4914 Quoniam
1812 4847 1902 4902 illa
1931 4862 2048 4917 quae

471 4954 652 4994 roram
692 4942 966 5009 corporeis
1007 4943 1175 4997 oculis
1209 4940 1340 4995 foris
1371 4952 1649 5013 geruntur,
1695 4943 1763 4996 ab
1796 4941 2049 4998 interiore

473 5039 726 5102 apparatu
748 5043 947 5085 natura:
967 5033 1455 5102 spiritalisexistuut
1470 5045 1545 5097 ,et
1563 5045 1842 5105 propterea
1856 5044 2050 5091 etcon-

481 5124 755 5180 vettienter
786 5123 945 5177 missa
974 5125 1243 5179 dicuntur.
1276 5126 1465 5180 Forma
1496 5128 1693 5197 quippe
1725 5124 1931 5197 [porro]
1964 5128 2050 5181 illa

476 5218 711 5287 suscepti
759 5216 1016 5283 hominis,
1063 5216 1179 5270 Filii
1227 5232 1451 5285 persona
1484 5230 1587 5283 est,
1623 5235 1727 5274 non
1760 5221 1919 5274 etiam
1956 5220 2054 5274 Pa-

485 5310 601 5368 tris.
627 5310 961 5380 Quapropter
1003 5310 1161 5364 i‘ater
1205 5310 1485 5363 invisibilis
1517 5328 1617 5365 una
1649 5329 1767 5367 cum
1801 5313 1940 5368 Filio
1970 5328 2055 5369 se—

478 5414 600 5457 Cum
639 5402 916 5466 iﬂViribiii,
969 5400 1214 5457 eumdem
1249 5400 1441 5457 Filium
1483 5403 1745 5461 visib‘lcm
1788 5405 2056 5470 faciendo,

478 5494 692 5548 misisse
716 5511 836 5551 eum
871 5495 1045 5551 dictus
1070 5506 1151 5551 est
1182 5513 1196 5549 :
1225 5497 1375 5565 quasi
1408 5497 1517 5571 [qui
1548 5496 1618 5569 si]
1649 5515 1714 5553 eo
1745 5500 1904 5553 modo
1934 5500 2057 5553 visi-

485 5585 610 5638 bilis
641 5586 806 5650 iteret,
852 5598 907 5641 ut
937 5603 1057 5642 cum
1097 5588 1248 5643 l'atre
1276 5588 1560 5645 invisibilis
1590 5606 1712 5646 esse
1739 5592 2050 5656 desisteret,

485 5675 534 5729 id
567 5687 669 5738 est,
708 5678 752 5733 si
782 5681 1078 5736 substantia
1120 5683 1399 5739 invisibilis
1435 5683 1612 5749 Verbi,
1666 5685 1717 5739 in
1749 5692 2055 5739 creaturam

485 5762 742 5821 Visibi’etu
774 5781 973 5827 mutata
1002 5783 1054 5829 et
1084 5778 1350 5831 transiens
1380 5785 1712 5842 verteretur,
1762 5779 1831 5831 ita
1860 5777 2055 5832 missus

2154 4678 2265 4744 ipsa
2291 4688 2415 4743 p-tx,
2454 4670 2696 4741 quamvis
2739 4685 2842 4723 non
2873 4664 3361 4723 commemoretur?
3391 4662 3519 4717 Nam
3544 4671 3602 4716 et
3641 4660 3738 4713 illo

2156 4769 2272 4823 loco
2297 4764 2583 4836 Apostolus
2612 4762 2821 4816 videtur
2848 4760 2999 4830 quasi
3034 4756 3444 4826 praetermittere
3470 4751 3737 4821 Spiritum

2155 4869 2398 4915 sanetum
2431 4872 2447 4910 :
2478 4863 2535 4910 el.
2576 4863 2751 4907 tamen
2795 4854 2865 4907 ibi
2906 4850 3219 4918 intelligitur
3260 4847 3351 4899 ubi
3398 4844 3502 4909 ait,
3543 4843 3740 4897 Omnia

2159 4956 2352 5011 vestra,
2386 4961 2479 5002 vos
2522 4954 2698 5000 autem
2732 4942 2954 5005 Christi,
3005 4939 3250 4994 ChriStus
3281 4944 3458 4991 autem
3495 4934 3628 4997 Dei;
3682 4942 3741 4987 et

2162 5043 2355 5096 iterum
2391 5058 2402 5092 :
2438 5040 2607 5107 Caput
2633 5035 2871 5089 mulieris
2906 5032 3003 5097 vir,
3028 5042 3188 5101 caput
3213 5029 3315 5083 viri
3346 5026 3612 5088 Christus,
3647 5039 3743 5078 ca-

2164 5143 2252 5203 put
2280 5140 2456 5185 autem
2486 5126 2679 5183 ChriSti
2714 5122 2873 5179 Deus.
2902 5123 3006 5178 Sed
3047 5135 3234 5177 rursus
3257 5120 3301 5173 si
3332 5118 3474 5171 Deus
3500 5132 3604 5169 nou
3638 5116 3744 5169 nisi

2162 5224 2339 5278 omnia
2378 5221 2536 5276 simul
2567 5219 2687 5285 tria,
2730 5218 3000 5288 quomodo
3031 5224 3189 5283 caput
3231 5210 3431 5267 Christi
3480 5211 3641 5273 Deus,
3695 5208 3747 5261 id

2164 5326 2264 5379 est,
2295 5323 2449 5379 caput
2474 5311 2667 5366 Citriin
2698 5310 2951 5372 Trinitas,
2972 5323 3091 5360 cum
3122 5307 3173 5359 in
3200 5304 3458 5358 Trinitale
3489 5302 3557 5354 sit
3584 5300 3748 5353 Chri-

2164 5420 2295 5475 stus,
2325 5418 2379 5459 ut
2418 5407 2488 5459 sit
2514 5404 2782 5458 Trinitas?
2813 5405 2892 5455 An
2924 5401 3061 5468 quod
3095 5407 3179 5453 est
3222 5397 3379 5450 Pater
3405 5408 3525 5446 cum
3573 5389 3744 5455 Filio,

2162 5510 2320 5569 caput
2344 5510 2424 5553 est
2454 5497 2504 5553 ei
2536 5495 2673 5564 quod
2697 5504 2780 5548 est
2819 5492 2966 5547 solus
3004 5490 3207 5544 Filius?
3250 5487 3381 5541 Cum
3429 5484 3565 5537 Filin
3597 5488 3746 5536 enim

2165 5593 2317 5648 l‘ater
2346 5592 2503 5654 Deus,
2537 5589 2682 5644 solus
2703 5595 2878 5641 autem
2905 5583 3072 5636 Filius
3103 5579 3344 5635 Christus
3374 5586 3488 5631 est:
3518 5576 3753 5629 maxime

2162 5685 2282 5756 quia
2307 5684 2415 5753 jam
2448 5682 2680 5737 Verbum
2709 5694 2833 5733 caro
2880 5677 3074 5729 factum
3124 5673 3393 5739 loquitur,
3451 5667 3754 5723 secundum

2165 5794 2321 5846 quam
2350 5777 2702 5833 humilitatem
2734 5764 3165 5843 ’Lhumanitatem]
3207 5765 3323 5827 eius
3375 5764 3534 5818 ctiam
3569 5759 3749 5828 major
