3986 6190
276 387 378 447 917

1452 382 1881 442 TIIESAURUS.
1926 380 2080 437 CAP.
2122 374 2389 435 CCXLW.

3424 367 3528 423 9l8

274 524 357 568 cst
389 511 562 575 Pater,
582 478 731 562 Vsicut
759 500 905 572 dicit,
958 504 1219 571 Quoniam
1253 502 1408 556 Pater
1432 503 1601 568 major
1631 512 1717 552 me
1744 506 1846 559 est,
1880 500 1928 558 Α
1956 491 2063 562 34
2088 490 2446 558 disputatione
2473 484 2731 555 perduxi,
2762 489 2966 538 remota
2995 480 3383 549 disputatione,
3407 478 3527 530 bre-

274 616 331 658 ut
356 604 458 657 hoc
486 603 659 670 ipsum
696 599 860 653 Deum
893 612 1040 661 esse,
1067 595 1207 665 quod
1239 594 1317 648 illi
1350 608 1470 647 cum
1505 591 1660 643 Patre
1687 602 1849 640 unum

274 704 377 760 est,
425 703 581 763 caput
611 692 679 747 sit
710 690 940 744 hominis
982 687 1322 749 Mediatoris,
1373 682 1512 752 quod
1550 682 1663 750 ipse
1705 679 1852 733 solus

275 795 374 841 est.
405 785 462 841 Si
497 780 640 839 eni‘m
674 792 904 837 mentem
930 790 1076 835 recte
1105 778 1329 832 dicimus
1356 772 1646 844 principale
1674 768 1848 823 homi-

277 880 378 943 nis,
419 876 471 931 id
505 885 585 931 est
628 885 877 943 tanquam
902 879 1061 941 caput
1088 872 1332 925 humana:
1361 865 1701 929 substantias,
1726 876 1847 915 cum

276 970 387 1037 ipse
418 968 578 1021 homo
599 982 719 1021 cum
754 974 930 1020 mente
957 965 1028 1019 sit
1051 963 1238 1026 homo,
1268 977 1363 1014 cur
1392 975 1496 1013 non
1528 959 1693 1011 multo
1721 969 1851 1009 con-

273 1057 550 1125 gruentius
578 1058 849 1125 multoque
880 1053 1048 1124 magis
1079 1052 1307 1107 Verbum
1339 1064 1460 1103 cum
1501 1047 1663 1102 Patre
1709 1044 1848 1113 quod

274 1149 432 1201 simul
462 1149 601 1203 Deus
629 1158 731 1215 est,
763 1155 921 1214 caput
945 1155 1029 1200 est
1054 1143 1274 1209 Christi,
1313 1140 1556 1210 quamvis
1602 1137 1849 1191 Clit‘iSlllS

279 1244 459 1304 homo,
502 1239 605 1294 nisi
638 1254 757 1294 cum
787 1238 967 1294 Verbo
1004 1237 1143 1308 quod
1171 1250 1297 1293 caro
1326 1235 1524 1289 factum
1556 1240 1661 1293 est,
1695 1228 1851 1283 intel-

281 1333 368 1404 ligi
390 1348 496 1387 non
528 1332 689 1402 possit
706 1334 729 1386 τ

800 1443 1027 1500 CAPUT
1056 1443 1324 1498 CCXLlll.

278 1537 352 1596 De
384 1560 441 1595 eo
469 1541 609 1611 quod
653 1539 723 1590 ait
772 1536 1043 1611 Apostolus
1072 1538 1246 1611 virnm_
1274 1552 1378 1588 esse
1420 1533 1693 1611 imaginem
1735 1527 1848 1591 Dei,

343 1603 605 1664 mulierem
652 1603 870 1679 gloriam
920 1608 1034 1673 viri,
1084 1622 1146 1660 ex
1188 1606 1318 1659 libro
1364 1607 1429 1657 de
1456 1603 1703 1655 Trinitale
1756 1614 1850 1667 xu,

342 1683 424 1735 tir.
468 1682 522 1733 7.

343 1795 401 1850 Si
433 1805 561 1861 ergo
590 1794 779 1862 spiritu
813 1792 1007 1845 mentis
1037 1797 1238 1843 nostra!
1274 1799 1615 1847 renovantur,
1657 1791 1708 1835 et
1735 1781 1848 1845 ipse

276 1896 352 1939 est
376 1897 546 1938 novus
574 1885 732 1937 homo
754 1884 841 1951 qui
872 1889 1159 1936 renovatur
1182 1879 1233 1931 in
1256 1877 1580 1949 agnitionem
1614 1873 1726 1937 Dei,
1758 1885 1847 1925 se-

276 1975 507 2028 cundum
555 1973 841 2039 imaginem
872 1971 990 2039 ejus
1032 1971 1121 2039 qui
1153 1966 1353 2023 creavit
1394 1979 1546 2026 eum,
1590 1963 1720 2015 nulli
1750 1962 1848 2014 du-

277 2069 423 2122 bium
462 2076 563 2129 est,
607 2080 712 2118 non
746 2064 1039 2119 secundum
1071 2076 1287 2131 corpus,
1342 2074 1513 2124 neque
1554 2053 1847 2109 secundum

278 2159 569 2228 quamlibet
603 2158 764 2210 animi
798 2165 1023 2226 partem,
1075 2154 1168 2208 sed
1197 2152 1489 2208 secundum
1534 2148 1848 2202 rationalem

280 2261 537 2313 mentem,
558 2250 645 2303 ubi
671 2258 843 2315 potest
863 2262 981 2302 esse
999 2246 1195 2315 agnitio
1220 2246 1336 2309 Dei,
1363 2241 1629 2295 hominem
1655 2236 1848 2292 factum

279 2342 338 2395 ad
371 2342 658 2409 imaginem
685 2339 823 2408 ejus,
855 2340 943 2407 qui
973 2341 1175 2391 creavit
1199 2350 1344 2391 eum.
1375 2331 1681 2387 Secundum
1714 2329 1852 2384 hanc

279 2443 453 2487 autem
506 2436 944 2495 renovationcm,
1006 2428 1267 2483 eflicimur
1324 2427 1483 2479 etiam
1553 2423 1643 2476 lilii
1722 2422 1850 2486 Dei,

280 2540 371 2592 per
395 2525 716 2590 baptismum
734 2520 956 2586 Christi,
978 2532 1029 2574 et
1051 2521 1334 2573 induentes
1360 2532 1552 2571 novum
1580 2514 1849 2568 hominem

279 2616 573 2680 Christum,
606 2616 786 2683 utique
834 2615 1099 2667 induimur
1131 2628 1223 2679 per
1257 2610 1432 2663 ﬁdem.
1461 2608 1590 2674 Quis
1617 2616 1700 2660 est
1727 2620 1854 2673 ergo

280 2706 371 2774 qui
408 2707 478 2759 ab
510 2705 611 2759 hoc
635 2708 903 2759 consortio
929 2704 1154 2757 feminas
1194 2702 1392 2754 alienet
1415 2741 1429 2761 ,
1477 2714 1595 2752 cum
1627 2698 1732 2752 sint
1762 2712 1856 2750 no-

281 2802 293 2849 l
317 2799 484 2852 iscum
508 2799 693 2867 gratias
724 2797 1062 2860 eohmredcs,
1096 2796 1277 2850 etalio
1310 2796 1427 2848 loco
1456 2793 1597 2847 idem
1626 2796 1856 2860 Aposto-

282 2888 363 2941 Ius
392 2886 535 2941 dicat
566 2906 577 2939 :
604 2889 799 2941 Omnes
826 2888 969 2941 enim
1004 2887 1095 2940 lilii
1139 2886 1229 2940 Dei
1265 2886 1413 2947 estis,
1470 2899 1563 2951 per
1604 2882 1759 2936 fidem
1803 2883 1854 2934 in

282 2979 506 3035 Christo
538 2979 659 3033 Jesu
687 2979 1041 3047 :Quicunque
1079 2980 1221 3032 enim
1258 2977 1308 3031 in
1345 2977 1560 3031 Christo
1605 2973 1856 3041 baptizati

284 3076 432 3139 estis,
480 3072 751 3127 Christum
806 3070 1051 3124 ἰιιιιυίειὶε
1083 3085 1096 3121 :
1133 3085 1238 3123 non
1289 3080 1371 3123 est
1418 3068 1635 3121 Judteus
1687 3081 1856 3134 neque

286 3163 527 3224 Cmcus,
556 3178 657 3216 non
692 3171 769 3215 est
799 3175 985 3213 servus
1016 3174 1188 3229 neque
1220 3160 1372 3222 liber,
1405 3173 1508 3211 non
1532 3167 1613 3212 Cal.
1646 3172 1858 3211 mascu-

286 3254 367 3306 lus
405 3262 456 3306 ct
486 3251 705 3323 [neque]
735 3250 929 3303 femina
964 3267 975 3300 :
1002 3264 1190 3303 omnes
1221 3251 1360 3303 enim
1396 3264 1487 3304 vos
1519 3263 1679 3301 unum
1729 3250 1857 3302 estis

290 3344 340 3395 in
367 3342 583 3396 Christo
610 3341 735 3395 Jesu
759 3342 779 3393 ?
808 3340 1179 3409 Nunquidnam
1208 3340 1365 3407 igitur
1415 3338 1597 3392 lideles
1646 3337 1861 3393 femiutn

288 3448 471 3488 sexum
499 3435 743 3501 corporis
770 3434 1103 3487 amiserunt?
1130 3434 1232 3489 Sed
1263 3433 1383 3501 quia
1415 3432 1484 3484 ibi
1533 3440 1859 3485 renovantur

289 3528 352 3579 ad
384 3526 666 3594 imaginem
698 3524 811 3588 Dei,
844 3524 932 3577 ubi
963 3538 1124 3578 sexus
1154 3524 1329 3577 nullus
1351 3533 1453 3587 est,
1487 3521 1556 3575 ibi
1592 3522 1761 3575 factus
1780 3532 1862 3575 est

292 3620 451 3671 homo
480 3616 545 3669 ad
576 3615 860 3683 imaginem
882 3614 994 3679 Dei,
1020 3615 1106 3667 ubi
1136 3629 1293 3667 sexus
1320 3614 1496 3667 nullus
1525 3622 1627 3676 est,
1662 3612 1763 3666 hoc
1783 3622 1863 3666 est

288 3707 340 3760 ia
356 3706 545 3776 spiritu
566 3706 758 3760 mentis
775 3720 903 3757 sua}.
922 3705 1030 3758 Cur
1044 3720 1170 3772 ergo
1189 3704 1268 3756 vir
1288 3714 1566 3772 propterea
1583 3718 1686 3755 nou
1707 3703 1865 3757 debet

290 3808 448 3866 caput
490 3797 690 3865 velare,
740 3797 862 3863 quia
902 3797 1074 3865 imago
1114 3806 1194 3849 est
1223 3805 1276 3850 ct
1302 3797 1467 3864 gloria
1510 3796 1630 3859 Dei;
1676 3796 1865 3849 mulier

289 3899 467 3942 autem
510 3890 689 3952 debet,
722 3888 843 3956 quia
874 3889 1044 3955 g‘oria
1080 3888 1180 3940 viri
1209 3896 1326 3939 est:
1355 3885 1507 3955 quasi
1539 3886 1729 3939 mulier
1762 3902 1863 3938 non

291 3992 576 4033 renovetur
620 3982 669 4032 in
703 3972 889 4048 spiritu
938 3980 1135 4034 mentis
1169 3994 1298 4041 sum,
1351 3980 1438 4048 qui
1482 3987 1769 4032 renovatur
1812 3979 1865 4032 in

291 4073 613 4143 agnitionem
660 4072 753 4126 Dei
784 4072 1073 4127 secundum
1110 4072 1394 4140 imaginem
1428 4070 1543 4137 ejus
1569 4070 1659 4140 qui
1690 4070 1866 4124 creavi

293 4165 479 4217 illum?
505 4164 608 4218 Sed
641 4166 759 4234 quia
792 4179 921 4219 sexu
954 4165 1195 4235 corporis
1224 4164 1383 4219 distat
1405 4180 1433 4219 a
1461 4165 1596 4228 viro,
1645 4163 1747 4217 rite
1778 4179 1869 4231 po-

293 4260 391 4310 tuit
415 4258 467 4311 in
496 4259 614 4324 ejus
640 4257 902 4326 corporali
935 4258 1239 4312 velamento
1271 4258 1484 4326 ligurari
1513 4274 1635 4329 pars
1665 4256 1751 4310 illa
1786 4273 1869 4310 ra-

294 4349 477 4409 tionis,
527 4360 645 4417 qua:
675 4349 740 4402 ad
772 4350 1083 4418 temporalia
1125 4349 1469 4419 gubernanda
1512 4349 1772 4413 ﬂet-titur,
1815 4358 1871 4401 ut

293 4453 399 4491 non
436 4445 646 4491 maneat
672 4439 845 4508 imago
868 4439 982 4505 Dei,
1017 4439 1117 4494 nisi
1140 4454 1206 4493 ex
1229 4454 1329 4508 qua
1355 4449 1503 4508 parte
1527 4454 1679 4494 mens
1710 4439 1873 4492 homi-

294 4528 375 4580 nis
403 4528 618 4580 a:ternis
650 4527 944 4581 rationibus
982 4529 1375 4596 conspiciendis
1414 4531 1493 4584 vel
1519 4528 1866 4583 consulendis

291 4618 639 4673 adhaerescit:
663 4634 818 4687 quam
844 4635 948 4672 non
969 4620 1137 4673 solum
1164 4624 1446 4683 masculos,
1482 4621 1575 4674 sed
1602 4620 1761 4673 etiam
1792 4620 1868 4674 fe-

292 4711 465 4764 minas
501 4709 699 4764 habere
728 4710 1070 4765 manifesttun
1105 4722 1205 4765 est.
1247 4713 1386 4780 Ergo
1420 4713 1470 4765 in
1503 4728 1687 4767 eorum
1723 4730 1870 4767 men-

294 4805 434 4856 tibus
463 4807 761 4857 communis
801 4814 988 4858 natura
1017 4805 1388 4874 cognoscitur,
1442 4806 1493 4858 in
1528 4821 1713 4859 eorum
1746 4821 1871 4858 vero

292 4897 609 4962 Corporibus
672 4897 838 4967 ipsius
900 4898 1055 4951 unius
1112 4899 1307 4954 mentis
1368 4899 1676 4953 distributio
1733 4887 1870 4968 ligu-

295 4994 462 5038 ratur.

813 5055 1041 5111 CAPUT
1080 5058 1351 5113 CCXLIV.

298 5149 434 5215 Quid
471 5150 817 5214 disputatum,
870 5153 1052 5219 quidve
1098 5154 1162 5205 sit
1219 5153 1637 5219 comprehensum
1677 5170 1867 5220 prlece-

364 5220 595 5271 dentium
654 5236 739 5273 XIV
798 5224 1194 5277 ratiocinatione
1229 5225 1518 5288 librorum;
1563 5241 1624 5277 ea:
1671 5224 1759 5277 lib.
1808 5227 1872 5278 dc

367 5290 615 5343 Trinitute
653 5307 739 5355 xv,
772 5294 849 5348 tit.
890 5295 941 5347 ’5.

364 5400 471 5455 Sed
501 5403 747 5469 quoniam
778 5404 1074 5459 disserendi
1097 5414 1152 5460 et
1181 5406 1527 5460 ratiocinandi
1561 5409 1872 5473 necessitas,

299 5511 393 5562 per
420 5498 821 5565 quatuordecim
854 5502 1040 5567 libros,
1068 5503 1231 5555 multa
1265 5517 1362 5555 nos
1386 5503 1640 5570 compulit
1664 5504 1867 5567 dicere,

299 5601 421 5654 quae
445 5599 634 5642 cuncta
665 5591 822 5645 simul
862 5591 1103 5658 aSpicere
1151 5608 1255 5646 non
1286 5593 1559 5657 valemus,
1611 5605 1667 5647 ut
1707 5595 1773 5648 ad
1824 5594 1871 5646 id

244 5709 281 5737 χ
297 5677 437 5744 quod
457 5678 860 5746 apprehendere
883 5682 1124 5737 volumus
1138 5725 1152 5747 ,
1171 5699 1232 5739 ea
1267 5684 1426 5738 celeri
1446 5684 1765 5753 cogitatione
1793 5701 1875 5740 re-

296 5768 551 5829 feramus,
570 5770 778 5837 faciam,
800 5784 1050 5842 quantum
1076 5776 1300 5830 Domino
1315 5776 1379 5830 ad
1391 5777 1611 5844 iuvante
1631 5788 1873 5845 potuero,

306 5870 359 5913 ut
396 5861 651 5931 quidquid
689 5865 740 5918 in
768 5864 986 5935 singulis
1011 5867 1372 5922 voluminibus
1408 5868 1471 5921 ad
1510 5869 1871 5935 cognitionem

1959 584 2091 636 viter
2118 593 2403 641 congeram
2423 595 2436 629 :
2456 586 2511 631 et
2533 584 2784 643 tanquam
2814 577 2914 627 sub
2936 589 3044 625 uno
3072 571 3268 624 mentis
3292 576 3531 637 aspectu,

1957 688 2061 726 non
2134 670 2575 740 quemadmodum
2641 680 2728 720 res
2789 679 3013 733 qumque
3075 661 3381 731 persuasit,
3439 656 3534 710 sed

1956 764 2066 831 ipsa
2088 777 2206 832 qua:
2234 774 2487 828 persuasa
2521 765 2681 821 sunt,
2726 769 2953 824 ponam;
2984 770 3051 807 ne
3094 766 3199 805 tam
3249 752 3404 818 longe
3426 748 3537 802 sint

1956 853 2436 922 a"pr:ecetleutibus
2461 848 2861 918 consequentia,
2892 855 2948 899 ut
2976 845 3301 898 oblivionem
3328 855 3533 908 praece-

1954 941 2193 996 dentium
2224 941 2382 995 faciat
2434 937 2693 1007 inspectio
2742 937 3214 1006 consequentium,
3248 941 3341 986 aut
3386 942 3534 985 certe

1954 1038 1998 1089 si
2033 1037 2238 1100 fecerit,
2266 1034 2372 1088 cito
2398 1032 2561 1101 possit
2594 1030 2734 1100 quod
2765 1028 3025 1084 exciderit
3049 1026 3335 1096 relegendo
3360 1023 3534 1078 recol-

1960 1128 2069 1197 ligi.
2104 1128 2159 1181 In
2200 1128 2379 1196 primo
2402 1125 2568 1185 libro,
2598 1121 2896 1178 secundum
2954 1122 3261 1189 Seripturas
3317 1125 3533 1171 Sanctus

1956 1222 2133 1273 unitas
2166 1228 2220 1273 et
2243 1217 2521 1287 :cqualitas
2565 1229 2786 1269 summa:
2836 1214 2980 1267 illius
3020 1212 3297 1265 Trinitatis
3356 1219 3533 1261 osten-

1952 1309 2117 1363 ditur.
2152 1310 2208 1363 lu
2239 1308 2485 1361 secundo
2528 1315 2581 1358 et
2611 1303 2795 1368 tertio,
2828 1311 2885 1357 et
2939 1312 3157 1370 quarto,
3189 1300 3398 1354 eadem.
3428 1298 3534 1351 Sed

1952 1398 2021 1453 de
2052 1397 2169 1455 Filii
2201 1397 2457 1451 missione
2484 1408 2541 1450 et
2565 1394 2794 1460 Spiritus
2832 1393 3005 1446 sancti
3055 1390 3343 1458 diligenter
3387 1402 3536 1456 qua:-

1954 1490 2060 1543 s'tio
2095 1496 2417 1557 pertractata
2464 1494 2575 1539 tres
2608 1484 2771 1538 libros
2806 1481 2952 1545 fecit,
3000 1480 3534 1545 demonstratumque

1955 1589 2057 1643 est,
2117 1593 2221 1631 non
2274 1577 2398 1631 ideo
2448 1575 2710 1629 minorem
2769 1574 3015 1626 mittente
3070 1572 3157 1636 qui
3212 1569 3405 1622 missus
3452 1577 3535 1620 est

1953 1671 2276 1743 [mittentem
2318 1684 2384 1723 eo
2413 1670 2501 1739 qui
2534 1671 2730 1721 missus
2783 1662 2911 1735 est].
2954 1664 3088 1733 quia
3131 1663 3220 1716 ille
3260 1660 3329 1714 mi
3363 1661 3422 1720 it,
3450 1659 3535 1713 hic

1955 1763 2148 1815 missus
2169 1770 2294 1815 est:
2329 1774 2447 1815 cum
2496 1759 2728 1813 Trinitas
2770 1772 2891 1826 qua:
2948 1770 3039 1824 per
3086 1753 3263 1808 omnia
3314 1751 3535 1820 mqualis

1882 1861 1927 1918 Β
1954 1862 2055 1915 εει,
2091 1852 2288 1919 pariter
2313 1864 2526 1920 quoque
2572 1849 2625 1902 in
2673 1863 2767 1900 sua
2826 1854 3016 1899 natura
3084 1842 3450 1903 immutabilis,
3479 1848 3535 1892 et

1954 1941 2261 2005 invisibilis,
2286 1950 2342 1993 et
2393 1940 2589 2006 ubique
2635 1950 2896 2005 praesens,
2939 1932 3372 2001 inseparabiliter
3399 1944 3531 1997 ope-

1956 2042 2124 2087 retur.
2156 2031 2213 2084 ltt
2249 2031 2458 2099 quinto,
2510 2039 2727 2096 prepter
2756 2042 2851 2080 eos
2899 2026 3094 2093 quibus
3122 2024 3266 2076 ideo
3322 2022 3536 2076 videtur

1954 2140 2059 2179 non
2087 2123 2329 2178 eamdem
2363 2121 2540 2174 Patris
2567 2129 2621 2174 et
2674 2118 2793 2172 Filii
2824 2132 2946 2172 esse
3002 2114 3380 2178 substantiam,
3413 2113 3536 2179 quia

1954 2229 2114 2270 omne
2142 2215 2283 2284 quod
2314 2214 2380 2267 de
2406 2213 2520 2267 Deo
2575 2211 2771 2265 dicitur
2797 2248 2812 2275 ,
2845 2207 3139 2263 secundum
3183 2203 3537 2259 substantiam

1956 2309 2060 2364 dici
2097 2317 2301 2376 putant,
2331 2316 2386 2360 et
2425 2314 2706 2373 propterea
2729 2304 2949 2372 gignere
2980 2310 3033 2354 et
3057 2299 3224 2368 gigni,
3258 2296 3341 2349 vel
3390 2293 3538 2364 geni-

1957 2411 2069 2454 tum
2102 2416 2223 2454 esse
2248 2410 2301 2454 et
2347 2399 2663 2466 ingenitum,
2695 2394 2945 2463 quoniam
2986 2393 3195 2445 diversa
3226 2400 3373 2455 sunt,
3404 2401 3537 2441 con-

1958 2491 2179 2545 tendunt
2206 2490 2534 2543 substantias
2555 2501 2677 2540 esse
2694 2486 2961 2545 diversas,
2990 2483 3393 2535 demonstratur
3422 2492 3529 2531 non

1957 2594 2117 2634 omne
2145 2578 2286 2647 quod
2317 2578 2386 2632 de
2441 2578 2551 2630 Deo
2603 2575 2800 2630 dicitur
2838 2572 3135 2628 secundum
3179 2567 3534 2624 substantiam

1957 2672 2086 2735 dici,
2121 2672 2261 2725 sicut
2306 2671 2597 2725 secundum
2653 2668 3005 2723 substantiam
3037 2666 3253 2728 dicitur,
3281 2663 3454 2714 bonus
3484 2670 3537 2713 et

1960 2777 2203 2832 magnus,
2258 2772 2313 2816 et
2352 2762 2395 2814 si
2444 2761 2568 2826 qttid
2600 2758 2742 2813 aliud
2774 2759 2838 2812 ad
2889 2773 2947 2811 se
2998 2757 3233 2820 dicitur;
3292 2753 3385 2807 sed
3431 2752 3535 2806 dici

1958 2858 2121 2912 etiam
2147 2857 2390 2923 relative,
2420 2857 2473 2910 id
2502 2868 2584 2911 est
2603 2871 2705 2910 non
2735 2856 2798 2909 ad
2826 2870 2905 2920 se,
2948 2856 3043 2908 sed
3075 2854 3140 2907 ad
3172 2851 3372 2921 aliquid
3395 2850 3538 2919 qttod

1961 2950 2077 3019 ipse
2107 2964 2217 3003 non
2250 2958 2358 3014 est,
2385 2949 2524 3003 sicut
2552 2948 2710 3003 Pater
2738 2946 2805 3001 ad
2840 2945 3031 3001 Filium
3059 2944 3288 3009 dicitur,
3321 2942 3404 2996 vel
3429 2941 3535 2994 Do-

1961 3042 2137 3095 minus
2170 3040 2234 3093 ad
2287 3048 2591 3093 creaturam
2636 3024 2741 3092 sibi
2793 3036 3151 3092 servientem:
3185 3033 3271 3089 ubi
3316 3033 3360 3086 si
3405 3032 3532 3101 quid

1962 3132 2206 3197 relative,
2242 3131 2291 3185 id
2322 3140 2406 3186 est
2434 3131 2499 3184 ad
2529 3130 2730 3199 aliquid
2768 3129 2907 3198 quod
2940 3130 3057 3198 ipse
3086 3143 3191 3181 non
3244 3136 3348 3187 est,
3376 3126 3537 3178 etiam

1889 3230 1933 3291 (ζ
1963 3236 2031 3275 ex
2064 3230 2307 3289 tempore
2364 3220 2578 3284 dicitur,
2630 3218 2785 3272 sicuti
2840 3225 2943 3281 est,
2998 3217 3240 3278 Domine,
3275 3213 3537 3281 refugium

1964 3314 2136 3390 factus
2164 3327 2222 3367 es
2246 3311 2419 3375 nobis,
2450 3310 2580 3364 nihil
2610 3310 2661 3364 ei
2716 3306 2966 3362 accidere
2993 3322 3100 3377 quo
3155 3314 3413 3368 mutetur,
3440 3302 3534 3357 sed

1962 3405 2185 3458 omnino
2210 3405 2382 3473 ipsum
2417 3402 2468 3455 in
2500 3410 2687 3455 natura
2728 3402 2811 3457 vel
2854 3399 3091 3458 essentia
3140 3414 3236 3452 sua
3292 3398 3539 3450 immuta-

1964 3496 2124 3551 bilem
2178 3510 2515 3565 permanere.
2553 3494 2608 3547 ln
2663 3502 2856 3558 sexto,
2917 3490 3188 3561 quomodo
3241 3489 3416 3543 dictus
3473 3489 3542 3540 sit

1962 3588 2208 3643 Christus
2238 3603 2333 3641 ore
2360 3586 2660 3656 apostolico
2690 3585 2783 3640 Dei
2814 3584 2990 3638 virtus
3014 3592 3068 3638 et
3125 3582 3220 3635 Dei
3254 3578 3541 3643 sapientia,

1968 3680 2046 3732 sic
2076 3679 2397 3747 disputatur,
2431 3687 2487 3729 ut
2530 3676 2808 3730 dilferatur
2836 3675 3024 3729 eadem
3062 3671 3293 3740 qutestio
3321 3670 3545 3737 diligen-

1967 3771 2071 3823 tius
2094 3768 2459 3830 retractanda,
2489 3777 2666 3820 utrum
2720 3783 2748 3820 a
2776 3782 2884 3835 quo
2906 3765 3117 3834 genitus
3174 3772 3261 3817 est
3298 3762 3544 3815 Christus

1968 3875 2073 3913 non
2102 3862 2174 3912 sit
2222 3861 2337 3926 ipse
2384 3856 2797 3925 sapientia,sed
2854 3864 3059 3908 tantum
3111 3852 3390 3918 sapientia:
3432 3864 3546 3901 sua:

1970 3950 2150 4011 Pater,
2185 3963 2252 4001 an
2294 3947 2555 4015 sapientia
2583 3944 2900 4014 sapientiam
2939 3944 3205 4013 genuerit.
3239 3940 3347 4003 Sed
3380 3938 3546 4007 quod-

1969 4044 2097 4097 libet
2130 4042 2318 4095 horum
2350 4050 2514 4107 esset,
2549 4042 2712 4095 etiam
2762 4043 2812 4092 in
2843 4045 2943 4092 hoc
2966 4039 3107 4092 libro
3151 4036 3397 4107 apparuit
3427 4035 3546 4087 Tri-

1973 4135 2156 4189 nitatis
2187 4133 2487 4203 aequalitas,
2518 4144 2570 4186 et
2592 4148 2698 4186 non
2730 4130 2869 4186 Deus
2901 4131 3118 4199 triplex,
3154 4129 3246 4183 sed
3282 4127 3545 4181 Trinitas:

1974 4238 2069 4277 nec
2114 4223 2264 4292 quasi
2322 4222 2526 4289 aliquid
2589 4220 2810 4289 duplttm
2885 4233 3005 4273 esse
3066 4217 3277 4271 l'atrcm
3344 4224 3395 4269 et
3461 4214 3547 4267 F.-

1973 4315 2102 4368 lium
2123 4353 2139 4377 ,
2162 4313 2228 4365 ad
2260 4312 2515 4380 simplum
2546 4310 2806 4379 Spiritum
2857 4316 3122 4375 sanctum,
3156 4306 3245 4359 ubi
3289 4319 3389 4357 nec
3444 4302 3544 4355 tria

1977 4407 2096 4475 plus
2124 4404 2320 4475 aliquid
2360 4414 2484 4459 sunt
2522 4419 2679 4472 quam
2711 4420 2872 4456 tmttm
2925 4404 3137 4456 horum.
3202 4402 3532 4468 Disputatum

1974 4506 2057 4553 est
2084 4499 2243 4552 etiam
2259 4497 2529 4565 quomodo
2559 4498 2725 4566 possit
2762 4497 2982 4565 intelligi
3015 4496 3155 4565 quod
3195 4495 3268 4548 ait
3315 4494 3546 4547 Hilarius

1902 4595 1953 4651 Ῐ)
1979 4588 2284 4653 epismpus,
2318 4586 2615 4641 Aiternitas
2663 4587 2714 4640 in
2751 4587 2929 4651 Patre,
2954 4585 3163 4657 species
3203 4585 3254 4639 itt
3305 4583 3551 4652 imagine.

1978 4693 2106 4733 usus
2162 4678 2217 4732 in
2255 4694 2499 4734 munere.
2548 4679 2603 4732 In
2662 4678 2914 4747 septimo,
2949 4678 3176 4745 qtuestio
3222 4692 3343 4746 qua:
3393 4676 3554 4731 dilata

1981 4774 2179 4837 fuerat,
2202 4773 2620 4842 explicatur,ita
2646 4782 2703 4824 ut
2758 4773 2894 4826 Deus
2950 4772 3040 4841 qui
3096 4773 3280 4842 genuit
3338 4770 3554 4833 Filium,

1979 4881 2085 4919 non
2114 4867 2291 4919 solum
2324 4867 2395 4919 εῗι
2426 4866 2585 4920 Pater
2615 4865 2826 4919 virtutis
2867 4874 2920 4919 et
2972 4864 3249 4932 sapientia:
3302 4880 3437 4927 sum,
3463 4862 3556 4915 sed

1989 4955 2151 5009 etiam
2188 4955 2302 5020 ipse
2351 4954 2519 5008 virtus
2570 4965 2727 5024 atque
2778 4955 3067 5023 sapientia;
3096 4955 3177 5010 sic
3229 4964 3282 5009 ει
3331 4954 3559 5022 Spiritus

1980 5055 2217 5107 sanctus,
2247 5060 2343 5098 nec
2377 5054 2552 5097 tamen
2589 5044 2744 5097 simul
2767 5055 2875 5100 tres
2902 5059 3026 5099 sunt
3054 5049 3301 5111 virtutes,
3330 5054 3421 5097 aut
3453 5054 3559 5095 tres

1980 5136 2275 5203 sapientiae,
2306 5136 2399 5190 sed
2448 5152 2550 5189 una
2603 5137 2771 5191 virtus
2817 5148 2870 5192 ει
2927 5155 3031 5193 una
3079 5138 3361 5207 sapientia,
3421 5134 3559 5186 sicut

1982 5243 2119 5281 unus
2150 5227 2290 5281 Deus
2344 5234 2397 5281 et
2449 5242 2550 5279 una
2598 5229 2853 5282 essentia.
2883 5229 3086 5282 Deinde
3139 5224 3420 5295 qumsitum
3453 5231 3558 5287 est,

1981 5318 2250 5387 quomodo
2282 5318 2525 5373 dicantur
2574 5335 2675 5373 una
2728 5325 2958 5375 essentia
2991 5330 3099 5373 tres
3130 5329 3387 5385 personte,
3420 5313 3500 5364 vel
3531 5328 3560 5365 a

1981 5416 2296 5485 quibusdam
2340 5414 2540 5469 Cnet-is
2583 5430 2683 5466 una
2736 5414 3099 5468 essentiatres
3130 5405 3476 5467 substantiae;
3508 5414 3562 5457 et

1982 5508 2258 5561 inventum
2285 5515 2368 5559 est
2411 5504 2733 5560 elocutionis
2792 5502 3111 5556 necessitate
3141 5498 3268 5562 dici,
3299 5506 3353 5548 ιιι
3384 5495 3563 5561 aliquo

1985 5613 2092 5651 uno
2124 5598 2341 5652 nomine
2384 5596 2811 5659 enuntiarentur,
2840 5608 2960 5647 cum
2987 5590 3244 5660 quatri'ut'
3272 5588 3400 5657 quid
3453 5594 3562 5641 tres

1979 5691 2088 5742 sint
2125 5676 2260 5759 quos
2315 5700 2424 5742 tres
2470 5700 2593 5741 esse
2641 5684 2903 5738 veraciter
2953 5680 3294 5742 conﬁtemur,
3353 5678 3562 5733 Patrem

1982 5782 2206 5844 SClIiCCl,
2236 5790 2291 5833 et
2316 5779 2531 5839 Filitttn,
2563 5784 2620 5829 et
2658 5773 2912 5840 Spiritum
2944 5779 3208 5826 sanctum.
3244 5770 3300 5825 ln
3348 5781 3563 5834 octavo,

1983 5870 2187 5926 ratione
2215 5870 2378 5924 etiam
2437 5863 2646 5921 reddita
2692 5864 3110 5935 intelligentibus
3140 5862 3344 5919 clarum
3378 5871 3482 5926 est,
3515 5861 3566 5914 in
