4016 6184
443 343 546 406 919

1502 350 1561 405 1).
1610 346 1933 407 EUGYPI‘H
1971 341 2261 398 ABBATIS
2296 342 2620 400 AFRICANI

3605 346 3717 401 920

442 461 735 517 substantia
795 459 1045 516 Veritatis
1093 475 1199 516 non
1257 461 1433 517 solum
1479 460 1688 516 Patrem
1731 436 1870 514 Filio
1917 468 2023 511 non
2054 452 2545 523 Adisputatio,ut
2596 450 2835 507 Trinitas
2890 462 3145 523 appareat
3200 456 3253 509 in
3306 454 3537 526 imagine
3587 457 3709 524 Dei,

444 565 566 606 esse
594 550 882 620 majorem,
912 550 1007 605 sed
1040 566 1140 605 nec
1184 550 1375 605 ambos
1413 548 1576 604 simul
1624 547 1821 618 aliquid
1849 546 2024 618 majus

444 657 567 697 esse
604 658 765 712 quam
794 643 967 697 solum
1017 642 1277 710 Spiritttm
1317 648 1593 705 sanctum,
1620 648 1712 694 aut
1754 638 2026 708 quoslibet

443 733 578 785 duos
606 732 660 784 in
686 732 872 785 eadem
922 729 1186 786 Trinitate
1215 728 1391 799 majus
1432 743 1554 784 esse
1608 727 1807 797 aliquid
1862 738 2024 797 (mam

449 836 635 885 unum,
664 828 757 874 aut
781 833 971 876 omnes
993 820 1154 875 simul
1175 829 1283 875 tres
1305 819 1478 888 majus
1498 819 1695 889 aliquid
1717 833 1835 873 esse
1863 833 2023 887 quam

446 912 688 980 singulos
721 926 737 965 :
769 910 965 966 deinde
996 925 1091 979 per
1120 910 1397 966 veritatem
1426 926 1544 979 qua:
1589 908 1858 964 intellecta
1890 923 2024 961 con-

439 1002 686 1071 spieitur,
731 1010 786 1058 et
817 1016 911 1070 per
956 1002 1153 1058 bonum
1200 1015 1469 1057 summum
1515 1015 1546 1053 a
1598 1014 1705 1070 quo
1733 1013 1894 1053 omne
1923 1000 2021 1052 bo-

447 1108 599 1158 num,
623 1101 679 1147 et
704 1093 1078 1163 perjustitiam
1108 1103 1328 1162 prapter
1357 1106 1518 1163 quam
1544 1091 1786 1162 diligitur
1812 1090 2023 1144 animus

439 1183 618 1252 justus
645 1183 715 1237 ab
754 1184 936 1237 animo
992 1184 1152 1239 etiam
1211 1183 1446 1238 nondum
1489 1182 1676 1251 justo,
1731 1189 1784 1234 ttt
1835 1189 2024 1234 natura

444 1288 553 1329 non
591 1272 765 1331 solum
819 1273 1204 1342 incorporalis,
1245 1273 1599 1330 verumetiam
1647 1271 2019 1337 immutabilis,

442 1364 585 1432 quod
612 1372 694 1417 est
736 1363 918 1429 Deus.
950 1373 1207 1431 quantum
1255 1363 1370 1419 lieri
1417 1371 1593 1433 potest
1637 1362 2024 1441 intelligeretur

442 1459 729 1521 admonui;
784 1469 838 1514 et
881 1473 972 1526 per
1022 1458 1339 1514 charltatem
1394 1473 1514 1528 qua:
1595 1458 1649 1513 in
1728 1455 2025 1526 Scripturis

442 1550 642 1603 sanctis
667 1549 805 1604 Deus
856 1550 999 1603 dicta
1032 1558 1139 1615 est,
1193 1564 1287 1618 per
1333 1564 1494 1621 quam
1540 1550 1704 1616 carpit
1756 1558 2025 1617 utcunque

443 1641 606 1694 etiam
646 1640 884 1695 Trinitas
928 1640 1353 1711 iutelligentibus
1400 1656 1683 1710 apparere,
1731 1642 1871 1696 sicut
1900 1648 2028 1695 sunt

443 1746 653 1799 amans,
686 1741 743 1785 et
768 1732 908 1801 quod
935 1743 1165 1796 amatur,
1195 1743 1250 1789 et
1274 1748 1444 1788 amor.
1470 1732 1526 1787 lu
1555 1747 1719 1797 nono,
1750 1731 1816 1787 ad
1840 1730 2021 1800 imagi-

444 1837 565 1877 nem
598 1822 714 1887 Dei,
756 1823 898 1893 quod
944 1834 1027 1879 est
1070 1824 1252 1891 homo,
1286 1824 1583 1881 secundum
1635 1833 1868 1878 mentem
1902 1838 2021 1892 per-
2056 1831 2101 1894 Β
2131 1845 2287 1899 nobis
2316 1845 2552 1902 ίηείηηει
2578 1849 2915 1905 εικπίιηιειη,

445 1914 591 1967 venit
618 1915 934 1982 disputatio,
965 1925 1020 1969 et
1051 1917 1183 1971 inea
1215 1917 1460 1985 quaedam
1488 1917 1698 1973 trinitas
1728 1917 2025 1983 invenitur,

445 2002 496 2056 id
534 2013 639 2068 est,
667 2019 818 2058 mens
854 2015 908 2060 et
937 2007 1124 2060 notitia
1151 2021 1254 2075 qua
1308 2021 1368 2061 se
1416 2007 1588 2069 novit,
1639 2016 1692 2061 et
1722 2020 1873 2059 amor
1919 2019 2028 2075 quo

442 2094 884 2163 senotitiamque
936 2109 1090 2149 suam
1150 2094 1359 2165 diligit:
1392 2104 1450 2151 et
1506 2095 1619 2152 haec
1648 2096 1749 2150 tria
1800 2093 2027 2164 aqualis

443 2186 587 2245 inter
614 2201 675 2240 se
697 2208 707 2234 ο
729 2196 751 2240 t
785 2188 941 2241 unius
993 2190 1349 2245 ostenduntur
1377 2204 1499 2245 esse
1527 2190 1802 2246 essentne.
1837 2189 1893 2244 In
1933 2189 2029 2247 de-

442 2274 620 2342 cima,
650 2276 752 2331 hoc
796 2277 935 2333 idem
979 2278 1294 2347 diligentius
1340 2280 1698 2349 subtiliusque
1744 2288 2024 2339 tractatum

441 2378 520 2421 est
542 2407 559 2433 ,
583 2377 639 2422 at
663 2367 836 2438 adque
865 2369 916 2423 id
949 2370 1289 2438 perductum,
1323 2379 1381 2425 ut
1405 2370 1736 2428 inveniretur
1762 2372 1815 2427 in
1848 2380 2027 2429 mente

444 2457 750 2513 evidintior
790 2459 1001 2514 trinitas
1049 2460 1189 2528 ejus,
1216 2461 1267 2517 in
1298 2461 1553 2517 memoria
1583 2462 1812 2529 scilicet,
1854 2472 1911 2519 et
1945 2463 2027 2517 in-

452 2549 767 2620 telligentia,
800 2561 855 2606 et
888 2551 1183 2607 voluntate.
1233 2552 1339 2608 Sed
1366 2551 1618 2623 quoniam
1666 2564 1722 2609 et
1751 2554 1853 2609 hoc
1878 2569 2027 2610 com-

448 2653 657 2712 pertum
682 2655 786 2711 e5t,
809 2646 952 2716 quod
975 2660 1129 2701 mens
1152 2661 1423 2717 nunquam
1446 2662 1567 2703 esse
1592 2648 1663 2702 ita
1687 2647 1941 2717 potuerit,
1969 2657 2027 2702 ut

447 2754 551 2791 ttou
582 2739 666 2793 sui
690 2740 1045 2807 meminisset,
1079 2757 1186 2795 nun
1213 2755 1272 2795 se
1326 2738 1649 2808 intelligeret
1676 2747 1728 2793 et
1759 2738 2022 2808 diligeret,

444 2828 688 2893 quamvis
703 2846 808 2885 non
823 2845 1035 2900 semper
1048 2847 1107 2887 se
1121 2831 1405 2903 cogitaret,
1417 2845 1538 2884 cum
1552 2840 1730 2885 autem
1742 2831 2023 2899 cogitaret,

448 2938 551 2973 ιυη
586 2935 647 2976 se
675 2937 706 2978 a
728 2924 1102 2990 corporalibus
1132 2925 1296 2979 rebus
1328 2921 1516 2978 eadem
1562 2921 1887 2991 cogitatione
1915 2919 2025 2975 dis-

445 3024 711 3077 cerneret,
743 3015 904 3069 dilata
926 3024 1011 3071 est
1048 3016 1116 3071 de
1171 3016 1441 3079 trinitate,
1471 3014 1624 3083 cujus
1680 3013 1795 3068 haec
1848 3014 2025 3083 imago

446 3115 547 3171 est,
577 3106 893 3175 disputatio,
925 3119 980 3161 ttt
1002 3109 1054 3162 in
1087 3109 1217 3178 ipsis
1257 3109 1416 3163 etiam
1474 3106 1846 3175 corporalibus
1894 3105 2023 3161 visis

2126 546 2266 614 quod
2301 556 2383 600 est
2414 546 2572 600 homo
2604 546 2898 600 secundum
2947 552 3204 613 utentem,
3245 563 3366 617 qua:
3419 559 3717 603 renovatur

2124 636 2179 691 in
2233 638 2502 706 agnitione
2564 636 2657 691 Dei
2705 634 3001 691 secundum
3082 636 3373 707 imagineu
3434 639 3553 707 ejus
3618 638 3713 709 qui

2126 728 2327 782 ereavit
2376 726 2648 782 hominem
2697 726 2763 780 ad
2824 726 3109 796 imaginem
3142 738 3412 792 suam,et
3455 728 3534 784 sic
3586 744 3716 797 per-

2126 817 2252 887 cipit
2280 818 2591 887 sapientiam
2620 818 2705 871 ubi
2730 820 3117 887 contemplatio
3144 829 3228 875 est
3270 830 3621 875 azternorum.

2674 907 2900 969 CAPUT
2925 910 3173 969 CCXLV.

2125 1002 2237 1075 357
2261 1000 2333 1055 De
2355 1004 2555 1071 Spiritu
2582 1014 2757 1059 sancto
2787 1002 3046 1075 qiuiPatri
3092 1015 3139 1057 et
3170 996 3309 1059 Filio
3352 1004 3567 1075 (aqualis
3614 1022 3708 1059 ac-

2197 1074 2383 1140 cipitur
2409 1077 2743 1142 ctutriusque
2799 1074 3027 1144 Spiritus
3073 1074 3282 1135 dicitur,
3340 1086 3387 1128 et
3434 1076 3713 1129 charitatr’s

2198 1144 2759 1216 nantinerintciligitur,
2787 1160 2902 1198 cum
2923 1145 3153 1216 qualibet
3203 1146 3259 1198 in
3285 1145 3539 1199 Trinitate
3588 1162 3712 1216 per—

2197 1230 2322 1267 sonu
2375 1215 2440 1267 sit
2491 1214 2756 1280 rharitas;
2797 1229 2861 1269 ex
2916 1213 3047 1269 libro
3089 1216 3152 1270 de
3219 1216 3472 1270 Triuitate
3500 1213 3598 1281 xv,
3627 1219 3699 1269 ti-

2189 1284 2316 1338 tulis
2342 1283 2426 1347 17,
2454 1285 2543 1350 18,
2577 1285 2666 1338 19.

2199 1392 2347 1448 Nunc
2388 1393 2457 1448 de
2486 1393 2692 1464 Spiritu
2749 1406 2959 1463 saneto,
3008 1405 3265 1466 quantum
3318 1396 3428 1452 Deo
3474 1395 3713 1452 donante

2131 1484 2313 1540 videre
2364 1485 2703 1551 conceditur,
2751 1486 3123 1542 disserendum
3175 1499 3278 1542 est.
3327 1487 3429 1553 Qui
3476 1486 3713 1555 Spiritus

2130 1581 2351 1626 sanctus
2378 1573 2674 1627 secundum
2709 1574 3015 1644 Scriptores
3042 1587 3253 1630 sanctas
3284 1592 3383 1631 nec
3428 1578 3601 1631 Patris
3626 1589 3713 1631 est

2127 1662 2315 1726 solius,
2342 1678 2439 1717 nec
2469 1664 2588 1718 Filii
2618 1666 2807 1731 solius,
2834 1666 2929 1721 sed
2952 1668 3265 1731 amborum;
3299 1664 3401 1738 [eti
3424 1667 3541 1722 ideo
3562 1682 3719 1721 coth

2131 1768 2492 1820 munem,qua
2546 1756 2775 1814 invicem
2815 1773 2877 1814 se
2934 1758 3168 1829 diligunt
3221 1760 3377 1814 Pater
3420 1771 3473 1816 et
3518 1760 3708 1823 Filius,

2952 1851 3019 1906 Ut
3064 1865 3241 1906 autem
3275 1868 3373 1907 nos
3428 1864 3712 1907 exerceret

2128 1950 2309 1990 sermo
2361 1936 2599 2003 divinus,
2633 1956 2739 1995 non
2788 1955 2876 1995 res
2906 1941 2959 1995 in
3019 1953 3262 2011 promptu
3309 1947 3463 2006 sitas,
3506 1943 3601 1997 sed
3653 1946 3710 1998 in

2127 2025 2313 2082 abdito
2339 2032 2655 2085 serutandas
2710 2041 2766 2087 et
2811 2048 2877 2087 ex
2935 2033 3117 2089 abdito
3170 2034 3459 2101 eruendas,
3506 2035 3711 2105 majore

2127 2119 2306 2174 studio
2334 2119 2461 2176 fecit
2489 2122 2708 2192 inquiri.
2737 2125 2849 2178 Non
2892 2126 3070 2194 itaque
3098 2126 3232 2181 dixit
3260 2127 3558 2195 Scriptura,
3587 2126 3710 2196 Spi-

2130 2211 2264 2269 ritus
2310 2222 2529 2270 sanctus
2571 2216 2804 2270 cbaritas
2839 2217 3129 2287 estzquod
3183 2219 3229 2272 si
3286 2218 3544 2281 dixisset,
3595 2234 3705 2272 non

2133 2318 2346 2372 parvam
2396 2316 2603 2374 partem
2647 2310 2961 2376 quaestionis
3014 2310 3171 2365 istius
3212 2310 3553 2375 abstulisset;
3606 2313 3704 2367 sed

2128 2396 2288 2462 dixit,
2333 2397 2472 2451 Deus
2510 2399 2746 2455 ebaritas
2785 2412 2898 2467 est;
2948 2413 3004 2455 ut
3045 2402 3308 2457 incertum
3353 2402 3426 2455 sit
3471 2410 3528 2456 et
3579 2402 3703 2457 ideo

2130 2485 2533 2554 requirendum,
2592 2499 2768 2542 ntrnm
2832 2489 2975 2545 Deus
3025 2489 3183 2546 Pater
3227 2492 3296 2545 sit
3334 2492 3586 2558 charitas,
3639 2507 3709 2548 an

2132 2574 2270 2631 Deus
2293 2576 2477 2643 Filius,
2509 2592 2576 2631 an
2609 2579 2749 2634 Dens
2792 2580 3025 2649 Spiritus
3069 2591 3309 2647 sanctus,
3333 2596 3401 2635 an
3428 2582 3570 2637 Deus
3596 2583 3710 2652 ipsa

2126 2665 2378 2724 Trinitas.
2407 2669 2592 2739 Neque
2613 2672 2756 2725 enim
2802 2671 2996 2728 dicturi
3024 2686 3234 2737 sumus,
3266 2687 3372 2726 non
3422 2683 3709 2741 propterea

2132 2760 2296 2815 Deum
2327 2762 2527 2817 dictum
2553 2779 2673 2818 esse
2701 2765 3036 2829 cbaritatem,
3062 2765 3202 2834 quod
3239 2765 3350 2834 ipsa
3381 2766 3618 2820 cltaritss
3637 2767 3709 2820 sit

2130 2850 2233 2903 ulla
2260 2850 2557 2905 substantia
2590 2868 2711 2921 qua:
2752 2854 2841 2906 Dei
2872 2853 3031 2922 digna
3080 2854 3149 2908 sit
3180 2856 3418 2917 nomine,
3447 2854 3543 2908 scd
3564 2853 3709 2923 quod

2127 2939 2331 2994 donum
2357 2940 2423 2995 sit
2452 2938 2578 3011 Dei,
2610 2944 2750 2997 sicut
2801 2943 3001 2996 dictum
3038 2953 3123 2998 cst
3167 2944 3276 2998 Deo
3309 2962 3321 2995 :
3355 2945 3399 3012 ρ
3424 2946 3621 2999 ueniam
3653 2954 3707 2999 tu

2127 3045 2184 3085 es
2213 3030 2471 3099 patientia
2496 3047 2613 3086 mea
2653 3050 2665 3085 :
2704 3050 2807 3087 non
2853 3034 3032 3101 utique
3060 3042 3345 3104 propterea
3398 3035 3602 3088 dictum
3624 3044 3709 3090 est

2126 3124 2248 3191 quia
2278 3123 2371 3178 Dei
2414 3126 2708 3178 substantia
2742 3135 2824 3180 est
2879 3134 3062 3179 nostra
3117 3128 3390 3193 patientia,
3420 3126 3515 3181 sed
3566 3128 3709 3196 quod

455 3196 791 3253 inveniretur
847 3198 1074 3263 trinitas,
1132 3208 1186 3252 ct
1235 3198 1539 3253 dt~tinctius
1588 3198 1638 3251 in
1700 3213 1761 3253 ea
1812 3196 2023 3251 lectoris

2133 3212 2200 3266 ab
2227 3212 2341 3281 ipso
2370 3213 2523 3268 nobis
2553 3225 2654 3277 est,
2709 3214 2849 3268 sicut
2887 3213 3015 3269 alibi
3069 3216 3262 3284 legitur
3290 3232 3304 3267 :
3337 3216 3596 3282 Quoiiiam
3642 3217 3709 3270 ab

451 3299 771 3343 exerceatur
796 3289 1189 3362 lexerccretur]
1225 3290 1469 3345 intentio.
1502 3290 1557 3343 In
1589 3289 1876 3344 ntidecimo
1898 3302 2025 3357 ergo

448 3377 652 3431 electus
674 3388 752 3432 est
777 3394 968 3435 sensus
990 3381 1289 3446 oculorum,
1310 3382 1360 3434 in
1381 3397 1489 3450 quo
1513 3380 1563 3434 id
1587 3380 1727 3449 quod
1751 3381 2025 3435 inventum

449 3469 608 3522 etiam
652 3470 703 3522 in
736 3471 948 3524 caeteris
973 3481 1205 3539 quatuor
1251 3473 1498 3526 sensibus
1527 3472 1791 3540 corporis,
1820 3484 1874 3527 et
1920 3488 2024 3526 non

446 3560 645 3614 dictum
677 3573 857 3630 posset
897 3565 1135 3633 agnosci,
1164 3577 1324 3633 atque
1375 3566 1444 3619 ita
1470 3569 1753 3621 exterioris
1793 3567 2025 3622 hominis

451 3649 661 3705 trinitas
689 3652 867 3721 primo
896 3655 949 3709 in
983 3655 1067 3709 his
1103 3671 1222 3723 qua:
1245 3667 1538 3711 cernuntur
1566 3659 1930 3725 extrinsecus,
1959 3675 2024 3715 ex

449 3739 505 3794 in
531 3756 755 3811 corpore
777 3744 981 3799 scilicet
1007 3745 1145 3814 quod
1167 3746 1376 3801 videtur
1404 3756 1457 3801 et
1485 3750 1651 3801 forma
1680 3763 1800 3818 quas
1828 3749 1949 3804 inde
1973 3750 2024 3803 in

448 3831 563 3885 acie
583 3833 854 3887 cernentis
878 3835 1225 3904 imprimitur,
1249 3847 1305 3891 et
1326 3844 1609 3907 utrumque
1626 3839 1924 3908 copulantis
1947 3840 2030 3895 in:

451 3923 692 3984 tentione
715 3926 1007 3981 voluntatis
1040 3930 1304 3997 apparuit.
1337 3928 1445 3984 Sed
1477 3930 1591 3984 haec
1620 3932 1718 3985 tria
1752 3948 1857 3986 non
1886 3932 2029 3986 inter

450 4029 508 4069 se
536 4016 787 4082 aequalia,
818 4034 917 4074 nec
970 4022 1125 4076 unius
1170 4036 1292 4076 esse
1338 4022 1651 4076 substantim
1697 4024 2022 4078 claruerunt.

451 4096 654 4160 Deinde
685 4106 737 4160 in
762 4108 879 4177 ipso
906 4110 1107 4176 animo,
1142 4112 1208 4164 ab
1234 4111 1317 4165 his
1344 4126 1463 4181 qum
1499 4113 1838 4166 extrinsecus
1867 4126 2024 4167 sensa

448 4204 576 4250 sunt
622 4198 771 4253 velut
834 4200 1159 4267 introducta,
1204 4203 1413 4257 inventa
1468 4213 1551 4258 est
1594 4203 1760 4257 altera
1794 4204 2023 4269 trinitas,

449 4283 883 4355 ubiapparerent
928 4291 1117 4346 eadem
1173 4301 1274 4345 Ira
1326 4293 1482 4346 unius
1512 4308 1636 4348 esse
1689 4294 2023 4361 substantiae,

451 4377 763 4446 imaginatio
779 4383 1022 4449 corporis
1039 4398 1158 4452 qua:
1182 4384 1233 4438 in
1254 4385 1507 4439 memoria
1524 4394 1626 4449 est,
1643 4395 1697 4440 et
1719 4384 1842 4440 inde
1862 4386 2025 4440 infor-

450 4470 615 4523 matio
654 4486 774 4525 cum
820 4474 885 4527 ad
918 4488 1035 4529 eam
1091 4476 1425 4532 convertitur
1452 4477 1597 4533 aries
1643 4479 1946 4547 cogitantis,
1974 4490 2024 4534 et

2131 3305 2248 3370 ipso
2285 3303 2537 3371 patientia
2566 3319 2703 3358 mea.
2751 3305 2903 3358 Ilnnc
2929 3304 3126 3373 quippe
3181 3319 3398 3359 sensum
3450 3305 3604 3359 facile
3624 3321 3709 3359 re-

2132 3393 2267 3448 fellit
2297 3394 2694 3462 Scripturarum
2725 3395 2835 3461 ipsa
2868 3394 3083 3448 locutio.
3116 3394 3246 3449 Tale
3272 3408 3354 3449 est
3401 3394 3544 3449 enim
3577 3413 3592 3449 :
3627 3394 3706 3449 Tu

2128 3496 2187 3536 es
2209 3482 2493 3551 patientia;
2530 3498 2647 3537 mea
2674 3484 2829 3552 quale
2857 3495 2933 3537 est
2965 3503 2978 3537 :
3011 3485 3256 3549 Domine,
3283 3500 3405 3554 spes
3435 3501 3583 3552 mea;
3613 3497 3667 3541 et
3692 3503 3706 3538 :

2132 3573 2271 3629 Deus
2301 3588 2475 3637 meus,
2506 3574 2876 3628 miscrictirdia
2901 3590 3046 3640 mea;
3077 3584 3131 3630 et
3161 3578 3321 3629 multa
3347 3576 3563 3629 similia.
3594 3577 3709 3629 Non

2129 3674 2205 3718 eat
2238 3673 2417 3717 autem
2448 3664 2649 3718 dictum
2683 3682 2696 3716 :
2740 3665 2970 3719 Domine
2995 3706 3010 3729 ,
3044 3666 3276 3719 charitas
3325 3681 3460 3729 mea,
3486 3674 3599 3729 aut,
3631 3667 3707 3718 Tu

2129 3768 2189 3808 es
2215 3753 2449 3809 citaritas
2475 3769 2613 3818 met,
2643 3762 2734 3807 aut
2764 3753 2887 3825 [Tn]
2931 3756 3089 3822 Deus,
3144 3756 3381 3809 cltaritas
3434 3770 3586 3820 mea;
3614 3756 3707 3809 Sed

2130 3842 2202 3897 ita
2241 3842 2441 3897 dictum
2471 3854 2591 3897 eat:
2627 3843 2766 3897 Deus
2793 3842 3024 3897 charitas
3053 3853 3135 3898 est
3170 3862 3182 3897 :
3215 3845 3355 3899 sicut
3376 3845 3571 3899 dictum
3602 3854 3703 3911 est,

2134 3933 2273 3989 Dens
2301 3934 2533 4003 Spiritus
2562 3944 2664 3990 est.
2693 3934 2806 3989 Hoc
2831 3936 2920 4003 qui
2954 3950 3059 3989 non
3082 3934 3346 3989 discernit
3377 3935 3703 3991 intellectum

2128 4039 2156 4076 a
2190 4025 2451 4091 Domino,
2486 4040 2591 4081 non
2647 4026 3039 4091 expositionem
3086 4037 3291 4095 quaerat
3319 4042 3348 4079 a
3380 4027 3566 4091 nobis;
3600 4041 3703 4080 non

2129 4116 2270 4170 enim
2301 4119 2535 4186 apertius
2557 4116 2843 4187 quidquam
2874 4131 3155 4184 possumus
3176 4116 3378 4171 dicere.
3415 4117 3555 4172 Deus
3576 4132 3704 4186 ergo

2129 4210 2364 4265 charitas
2417 4220 2501 4265 est
2554 4221 2732 4265 utrum
2763 4221 2939 4265 autem
2962 4210 3140 4275 Pater,
3173 4224 3240 4263 an
3267 4209 3457 4277 Filius,
3477 4226 3544 4262 an
3572 4210 3704 4275 Spi-

2129 4302 2268 4355 ritus
2290 4311 2531 4364 sanctus,
2565 4315 2629 4354 an
2664 4301 2778 4371 ipsa
2820 4299 3055 4355 Trinitas
3088 4299 3231 4376 (quia
3254 4312 3308 4354 et
3331 4302 3440 4371 ipsa
3470 4316 3572 4354 non
3600 4310 3705 4354 tres

2129 4394 2222 4456 dii,
2249 4393 2340 4448 sed
2360 4392 2501 4448 Dens
2523 4402 2604 4447 est
2624 4392 2804 4463 unus),
2824 4391 2925 4447 hoc
2948 4392 3223 4462 quatritur.
3250 4392 3355 4449 Sed
3375 4395 3531 4447 etiam
3556 4389 3707 4463 [jam]

2131 4490 2182 4541 in
2210 4488 2310 4541 hoc
2340 4488 2480 4542 libro
2507 4489 2753 4558 superius
2792 4489 3056 4556 disitutavi
3090 4505 3194 4544 non
3235 4490 3314 4544 sic
3340 4489 3701 4556 accipiendam

449 4566 731 4651 utrumque
760 4560 1091 4633 coniungens
1134 4564 1360 4620 intentio
1410 4568 1716 4623 voluntatis.
1749 4568 1853 4623 Sed
1911 4570 2031 4623 ideo
2060 4565 2107 4625 D
2133 4598 2252 4638 esse
2280 4582 2621 4646 Trinitatem,
2652 4598 2771 4651 qua:
2798 4581 2942 4637 Deus
2971 4593 3077 4651 est,
3102 4598 3165 4638 ex
3191 4583 3296 4637 illis
3314 4583 3486 4636 tribus
3516 4582 3705 4647 αιιωὶη

448 4641 551 4728 ista
604 4648 817 4705 trinitas
872 4654 938 4707 ad
984 4657 1309 4711 exteriorem
1362 4656 1632 4713 hominem
1683 4666 1899 4728 reperta
1946 4669 2027 4715 est

449 4726 741 4803 i‘ertinere,
775 4742 896 4810 quia
930 4743 998 4800 de
1048 4748 1366 4816 corporibus
1400 4748 1540 4803 illata
1592 4758 1671 4805 est
1694 4791 1708 4814 ,
1739 4726 1859 4818 qua:
1905 4765 2026 4805 sen-

448 4824 653 4880 tiuntur
680 4832 1037 4890 extrinsecus.
1068 4838 1122 4891 In
1153 4838 1475 4893 duodecimo
1532 4840 1883 4896 discernenda
1914 4840 2027 4895 visa

448 4927 533 4972 est
562 4920 820 4987 sapientia
843 4926 909 4979 ab
947 4929 1171 4985 scientia
1224 4932 1502 5003 [sapientia
1547 4949 1576 4987 a
1608 4932 1894 5004 sapientia]
1919 4975 1933 4996 ,
1974 4945 2022 4989 et

448 5009 501 5064 itt
535 5023 597 5065 ea
621 5027 739 5081 qua:
773 5021 985 5085 proprie
1014 5022 1236 5080 scicntia
1258 5036 1614 5096 nuncupatur,
1648 5028 1771 5094 quia
1804 5027 2022 5082 inferior

447 5109 548 5167 est,
582 5102 731 5171 prius
764 5107 1005 5175 quaedam
1037 5113 1118 5166 sui
1160 5117 1371 5183 generis
1403 5119 1616 5173 trinitas
1661 5118 1975 5189 inquirenda
2006 5137 2018 5172 :

445 5206 565 5263 qua:
598 5194 728 5253 licet
772 5198 840 5254 ad
890 5201 1199 5259 interiorem
1259 5207 1528 5265 hominem
1574 5210 1685 5278 jam
1737 5212 2018 5279 pertineat.

446 5291 682 5345 nondum
736 5304 913 5348 tamen
967 5294 1140 5365 imago
1171 5297 1265 5353 Dei
1311 5301 1395 5353 vel
1447 5302 1759 5369 appellanda
1817 5303 1906 5365 sit.
1940 5302 2022 5356 vel

447 5384 702 5448 putanda.
739 5386 805 5440 Et
833 5386 934 5442 hoe
963 5388 1136 5457 agitur
1182 5391 1233 5445 in
1268 5393 1424 5446 tertio
1479 5395 1708 5457 decimo,
1744 5410 1840 5466 per
1870 5411 2019 5448 eom-

447 5476 842 5533 tnendationem
900 5480 1023 5535 ﬁdei
1069 5482 1412 5541 Christiaum.
1458 5487 1513 5541 lu
1570 5498 1764 5557 quarto
1810 5488 2024 5544 decimo

446 5572 643 5633 autem,
670 5570 737 5625 de
759 5574 1017 5642 sapientia
1045 5576 1278 5631 hominis
1301 5594 1446 5645 vera,
1478 5581 1528 5635 id
1560 5593 1642 5638 est
1671 5584 1765 5638 Dei
1797 5600 2020 5641 munere

452 5653 503 5705 in
554 5656 669 5725 ejus
723 5662 887 5730 ipsius
938 5666 1027 5721 Dei
1080 5669 1484 5739 participatione
1537 5673 1753 5741 donata,
1782 5693 1902 5745 qum
1950 5681 2018 5732 ab

445 5744 667 5801 scientia
710 5747 958 5812 distincta
1016 5771 1119 5828 cst,
1162 5763 1463 5835 disputatur
1505 5786 1519 5824 :
1555 5777 1608 5823 et
1656 5783 1721 5823 eo
1772 5786 1931 5841 prvc
1975 5771 2017 5825 it

2136 4670 2373 4726 trinitate
2426 4680 2624 4726 nostra:
2679 4673 2873 4724 mentis
2926 4672 3301 4726 ostendimus:
3348 4679 3404 4725 ut
3456 4679 3706 4740 tanquam

2133 4763 2394 4818 memoria
2419 4761 2489 4816 sit
2540 4760 2777 4817 omnium
2833 4760 2989 4816 trium
3040 4760 3225 4830 Pater,
3268 4770 3322 4816 et
3360 4761 3709 4831 intelligentia

2132 4854 2369 4910 omnium
2427 4854 2587 4907 trium
2643 4853 2831 4917 Filius,
2884 4863 2938 4907 et
2982 4852 3216 4907 charitas
3268 4853 3505 4905 omnium
3551 4852 3711 4907 trium

2130 4946 2362 5013 Spiritus
2388 4955 2627 5007 sanctus,
2662 4944 2815 5011 quasi
2849 4944 3011 4998 Pater
3039 4959 3144 4997 non
3184 4943 3451 5011 intelligat
3479 4942 3579 4995 sibi
3611 4956 3711 4995 nec

2131 5038 2339 5103 diligat,
2379 5038 2471 5091 sed
2503 5037 2595 5090 Ilei
2631 5037 2794 5089 Filius
2825 5036 3109 5105 intelligat,
3142 5044 3196 5089 et
3223 5035 3463 5100 Spiritus
3491 5044 3713 5089 sanctus

2129 5128 2176 5183 ei
2206 5126 2429 5196 diligat:
2460 5126 2573 5196 ipse
2602 5135 2779 5181 autem
2820 5136 2875 5180 et
2901 5125 3003 5181 sibi
3027 5136 3081 5180 et
3122 5125 3230 5179 illis
3279 5135 3484 5179 tantum
3526 5126 3712 5178 memi-

2129 5219 2289 5287 nerit,
2316 5227 2369 5274 et
2409 5218 2574 5273 Filius
2602 5233 2702 5273 nec
2726 5217 3033 5272 meminerit
3092 5230 3191 5270 nec
3212 5215 3400 5285 diligat
3458 5214 3580 5277 sibi,
3615 5216 3711 5268 sed

2130 5309 2433 5364 meminerit
2462 5310 2511 5363 ei
2542 5308 2726 5372 Pater,
2761 5318 2811 5362 et
2842 5307 3032 5375 diligat
3073 5305 3122 5360 ei
3160 5305 3391 5374 Spiritus
3450 5312 3708 5369 sanctus;

2128 5399 2245 5469 ipse
2306 5410 2483 5455 autem
2542 5411 2595 5454 et
2645 5400 2781 5461 sibi,
2842 5406 2898 5452 et
2951 5397 3056 5451 illis
3105 5394 3472 5450 tantummodo
3514 5394 3713 5449 intelli-

2126 5500 2252 5560 gat;
2330 5492 2565 5560 itemque
2638 5491 2869 5561 Spiritus
2938 5497 3160 5544 sanctus
3237 5502 3338 5542 nec
3401 5486 3714 5541 meminerit

2132 5598 2231 5638 nec
2259 5584 2525 5653 intelligat
2574 5584 2697 5648 sibi,
2744 5582 2839 5637 sed
2892 5581 3200 5636 meminerit
3247 5580 3295 5635 ei
3321 5579 3512 5645 Pater,
3541 5587 3598 5633 et
3625 5580 3713 5632 iu-

2129 5678 2331 5745 telligat
2364 5678 2549 5742 Filius,
2583 5678 2698 5745 ipse
2745 5685 2923 5730 autem
2964 5684 3019 5729 et
3061 5672 3165 5728 sibi
3202 5683 3256 5727 et
3306 5671 3410 5726 illis
3439 5685 3546 5725 non
3604 5671 3722 5728 nisi

2127 5769 2307 5841 diligat
2345 5788 2357 5823 :
2392 5770 2485 5826 sed
2518 5770 2597 5827 sic
2627 5769 2837 5841 potius,
2865 5774 2925 5821 ut
2964 5764 3143 5822 omnia
3185 5764 3310 5831 tria,
3331 5770 3387 5819 et
3411 5774 3627 5829 omnes,
3656 5773 3717 5818 et
