4016 6184
502 330 606 386 9‘13

1596 331 1658 386 D.
1703 330 2023 387 EUGYPPII
2063 329 2352 391 ABBATIS
2392 334 2714 394 AFRICANI

3663 343 3757 399 931

498 458 601 495 non
636 442 957 497 transfertur
985 443 1050 496 ad
1081 441 1384 498 dexteram.
1430 442 1538 498 Nec
1585 443 1817 512 Spiritus
1859 442 2074 511 proprie
2103 446 2427 505 Aculdubio
2489 450 2717 518 Spiritus
2787 450 2987 503 donum
3062 451 3155 505 Ι)ρί
3219 460 3345 507 est:
3400 453 3472 508 de
3526 454 3623 508 hoc
3682 457 3763 511 hic

496 531 693 586 dicitur
718 532 939 596 donum,
989 532 1089 584 nisi
1148 540 1362 599 propter
1401 531 1779 596 dilectionem,
1806 545 1965 600 quam
1994 529 2082 599 qui

498 639 605 677 non
634 625 897 692 habuerit,
930 625 973 677 si
1001 625 1191 692 linguis
1214 625 1485 679 hominum
1513 624 1760 693 loquatur
1779 633 1834 677 et
1861 623 2082 692 angelo-

498 732 636 782 rum,
674 730 871 771 sonans
892 726 1236 770 aeramentum
1274 727 1356 770 est
1386 726 1440 771 et
1468 716 1769 786 cymbalum
1809 716 2075 769 tinnieus:

498 805 626 861 etsi
672 807 921 861 habuerit
978 808 1333 876 prophetiam,
1362 820 1416 862 et
1454 809 1636 864 scirrit
1689 806 1870 861 omnia
1898 821 2081 861 sacra-

498 907 675 952 menta
730 908 783 952 et
835 913 1050 953 omnem
1081 899 1382 963 scientiam,
1416 907 1470 953 et
1497 900 1541 951 si
1583 897 1827 952 habuerit
1866 910 2081 952 omnem

495 990 674 1054 tidem,
706 990 776 1043 ita
822 1000 878 1042 ut
909 998 1120 1042 montes
1147 989 1455 1053 transferat,
1489 988 1620 1041 nihil
1659 996 1771 1050 est;
1811 994 1866 1040 et
1894 988 1937 1039 si
1969 986 2083 1038 dis-

494 1084 739 1139 tribuerit
784 1098 997 1138 omnem
1039 1082 1493 1147 substantiam,et
1518 1081 1565 1135 si
1588 1080 2081 1144 tradideritcorpus

492 1191 645 1229 suum
668 1183 726 1228 ut
751 1175 958 1238 ardeat,
982 1173 1111 1228 nihil
1144 1176 1380 1243 prodest.
1410 1173 1678 1241 Quantum
1721 1185 1850 1239 ergo
1881 1170 2076 1222 bonum

492 1275 589 1329 est,
613 1268 728 1321 sine
750 1282 855 1335 quo
884 1266 949 1319 ad
978 1275 1235 1319 aeternam
1268 1265 1430 1318 vitam
1465 1264 1731 1318 neminem
1765 1264 1898 1317 bona
1934 1272 2076 1316 tanta

495 1357 821 1425 perducunt!
877 1357 995 1426 lpsa
1032 1371 1159 1411 vero
1212 1355 1454 1422 dilectio,
1484 1356 1598 1410 sive
1647 1355 1882 1409 charitas
1928 1353 2074 1423 (nam

492 1448 649 1501 unius
666 1448 741 1500 rei
755 1454 837 1500 est
853 1458 1048 1500 nomen
1071 1444 1402 1515 utrumque),
1417 1446 1462 1499 si
1492 1445 1684 1498 habeat
1710 1458 1829 1499 eam
1854 1444 1940 1513 qui
1968 1459 2073 1496 non

494 1541 727 1609 loquitur
758 1539 971 1608 linguis,
1009 1553 1107 1593 nec
1158 1538 1320 1593 habet
1373 1538 1732 1607 prophetiam,
1762 1551 1861 1590 nec
1898 1535 2074 1590 omnia

490 1632 590 1686 .‘Cit
615 1639 951 1685 sacramenta
1002 1645 1327 1700 omnemque
1357 1631 1657 1694 scientiam,
1680 1644 1780 1685 nec
1805 1628 2075 1683 distribuit

488 1720 665 1774 omnia
702 1735 794 1774 sua
850 1720 1195 1790 pauperibus,
1231 1720 1311 1773 vel
1369 1735 1474 1773 non
1508 1720 1753 1774 habendo
1793 1717 1933 1788 quod
1963 1716 2073 1770 dis-

2190 536 2443 593 Dominus
2492 541 2567 593 ait
2600 558 2613 591 :
2644 540 2698 595 Si
2731 541 2900 596 scires
2940 543 3139 597 donum
3184 544 3301 611 Dei,
3329 554 3384 599 et
3412 547 3529 614 quis
3559 557 3641 601 est
3676 548 3762 617 qui

2187 626 2319 680 dicit
2348 626 2462 694 tibi,
2499 629 2568 681 Da
2600 629 2724 683 mihi
2768 629 2972 697 bibere,
3008 642 3059 686 tu
3090 632 3309 687 forsitan
3339 636 3565 704 petisses
3591 638 3655 691 ab
3682 655 3766 702 eo,

2186 724 2240 769 ct
2260 715 2497 770 dedisset
2527 717 2619 770 tibi
2648 735 2839 787 aquam
2871 721 3067 775 vivam.
3098 723 3225 776 Nam
3249 725 3373 793 quid
3402 714 3471 778 ibi
3501 726 3608 777 ait?
3628 724 3766 798 [nam

2185 807 2327 874 quod
2353 806 2422 861 ibi
2453 808 2527 862 ait
2558 827 2570 861 :
2600 798 2623 879 Ῑ
2671 812 2914 866 Flumina
2947 814 3012 867 de
3044 825 3229 868 ventre
3274 814 3388 884 ejus
3413 815 3580 869 ﬂuent
3622 832 3771 886 aqnze

2186 896 2348 963 vivae;
2385 899 2484 953 hoc
2512 900 2564 952 in
2598 900 2700 955 isto
2740 902 2882 967 loco,
2916 903 3049 967 Fiet,
3079 905 3270 974 inquit,
3300 902 3353 958 in
3382 922 3447 960 co
3473 907 3589 960 fons
3621 918 3769 976 aqua:

2184 982 2426 1043 salientis
2450 988 2501 1043 iu
2518 989 2673 1045 vitam
2700 1002 2977 1048 aeternam.
3005 994 3199 1049 Paulus
3222 1013 3429 1066 quoque
3452 1001 3728 1064 apostolus
3754 1016 3766 1047 :

2186 1079 2501 1152 Unicuique,
2535 1085 2729 1154 inquit,
2763 1095 3005 1140 nostrum
3038 1087 3196 1140 datur
3244 1089 3441 1156 gratia,
3473 1088 3765 1141 secundum

2183 1186 2486 1225 mensuram
2542 1174 2842 1228 donationis
2871 1175 3088 1229 Cltr'Sti.
3126 1179 3296 1244 Atque
3327 1178 3386 1231 ut
3422 1178 3763 1232 donationem

2179 1258 2376 1315 Christi
2433 1263 2694 1331 Spiritum
2750 1276 2993 1319 Sanctum
3051 1268 3631 1331 ostenderet,secutns
3674 1269 3759 1321 ad-

2172 1350 2349 1418 junxit
2376 1370 2388 1404 :
2419 1354 2641 1422 Propter
2670 1357 2810 1425 quod
2860 1357 3009 1421 dicit,
3055 1358 3312 1413 Ascendit
3340 1355 3392 1412 in
3427 1360 3617 1419 altum.
3643 1377 3761 1429 cape

2179 1442 2361 1497 tivavit
2392 1448 2752 1515 captivitatem
2790 1465 2803 1500 2
2836 1442 2983 1503 dedit
3013 1449 3151 1503 dona
3184 1449 3507 1506 hominibus.
3542 1451 3759 1507 Notissi-

2179 1546 2319 1585 mum
2342 1542 2422 1585 est
2441 1541 2640 1599 autem,
2669 1534 2950 1589 Dominum
2971 1535 3174 1601 Iesum,
3199 1553 3317 1591 cum
3352 1549 3470 1608 post
3493 1555 3759 1594 resurrec-

2177 1622 2373 1677 tionem
2398 1640 2426 1676 a
2452 1628 2679 1681 mortuis
2702 1631 3032 1682 ascendisset
3054 1630 3103 1683 iu
3130 1629 3577 1696 coelum,dedisse
3599 1632 3753 1699 Spiri-

2177 1723 2286 1768 tum
2318 1727 2558 1772 sanctum
2612 1735 2717 1790 quo
2748 1721 2948 1788 impleti
3002 1723 3090 1792 qui
3123 1724 3465 1777 crediderant
3496 1724 3757 1796 [credide-

489 1812 705 1876 tribuat,
732 1812 815 1866 vel
848 1811 1025 1880 aliqua
1080 1811 1403 1866 necessitate
1431 1810 1755 1878 prohibitus,
1781 1824 1881 1863 nec
1913 1809 2076 1862 tradit
2112 1801 2152 1858 Β
2185 1804 2328 1876 runt]
2354 1807 2546 1877 linguis
2568 1811 2801 1864 omnimn
2829 1814 3065 1881 gentium
3095 1814 3462 1883 loquebantur.
3489 1816 3599 1869 Nec
3649 1831 3756 1867 mo-

488 1916 682 1972 eorpus
711 1917 864 1957 suum
896 1912 951 1956 ut
972 1902 1176 1967 ardeat,
1207 1903 1251 1955 si
1283 1902 1402 1956 talis
1433 1904 1696 1971 passionis
1756 1902 1899 1955 nulla
1943 1912 2064 1954 ten-

492 1992 620 2045 tatio
652 2002 754 2055 est,
786 1991 1023 2059 perducit
1046 1992 1112 2045 ad
1141 2007 1387 2060 regnum.
1423 1992 1500 2045 lta
1530 1993 1774 2060 utipsam
1802 1992 2070 2049 tidemnon

487 2083 645 2134 faciat
677 2082 861 2134 utilem
890 2081 991 2134 nisi
1019 2080 1254 2135 charitas
1290 2098 1304 2137 ;
1337 2082 1455 2137 sine
1493 2084 1757 2137 charitate
1782 2083 1977 2151 quippe
2010 2084 2069 2135 li-

492 2172 585 2224 des
611 2172 824 2239 quidem
866 2179 1042 2239 potest
1080 2185 1222 2236 esse,
1253 2172 1347 2225 sed
1389 2187 1493 2227 non
1519 2158 1573 2226 et
1601 2173 1875 2241 prodesse.
1904 2172 2067 2240 Prop-

487 2270 566 2313 ter
606 2261 745 2329 quod
794 2268 849 2315 et
896 2262 1168 2328 apostolus
1222 2261 1447 2327 Paulus,
1498 2261 1554 2315 lu
1587 2262 1823 2329 Christo,
1873 2262 2065 2333 inquit,

486 2354 608 2406 Jcsu
638 2364 811 2420 neque
841 2352 1181 2406 circumcisio
1211 2352 1410 2420 aliquid
1440 2354 1599 2419 valet,
1632 2369 1803 2424 neque
1852 2370 2066 2424 praepu-

484 2446 639 2509 tium,
671 2444 764 2497 sed
822 2444 953 2497 ﬁdes
993 2459 1111 2512 qua:
1164 2460 1257 2513 per
1286 2445 1632 2499 dilectionem
1679 2458 1958 2515 operatur:
1992 2448 2068 2503 sic

483 2548 599 2589 eam
648 2535 962 2590 discernens
988 2537 1054 2589 ab
1099 2552 1161 2589 ea
1193 2539 1295 2590 lide
1324 2552 1423 2604 qua
1468 2548 1519 2591 et
1546 2538 1817 2592 dtemones
1843 2540 2069 2593 credunt

484 2634 539 2679 et
570 2626 1015 2681 contremiscunt.
1051 2625 1273 2680 Dilct-tio
1318 2627 1477 2696 igitur
1506 2643 1624 2691 qua:
1653 2643 1718 2681 ex
1767 2628 1875 2682 Deo
1904 2639 1985 2682 est
2014 2638 2066 2681 et

485 2717 626 2770 Deus
657 2726 760 2780 cst,
792 2717 1005 2786 pr0prie
1032 2716 1261 2779 Spiritus
1285 2726 1502 2771 sanctus
1528 2727 1628 2781 eSt,
1659 2732 1753 2785 per
1786 2732 1936 2785 quem
1964 2717 2065 2771 dil-

481 2809 719 2862 l'unditur
752 2809 804 2861 iu
849 2808 1098 2863 cordibus
1137 2808 1332 2863 nostris
1365 2808 1457 2862 Dei
1483 2809 1740 2873 charitats,
1769 2825 1860 2876 per
1905 2825 2062 2877 quant

482 2912 580 2951 nos
621 2908 729 2951 tota
760 2899 1025 2952 inhabitat
1050 2898 1307 2953 Trinitas.
1334 2898 1593 2964 Quocilca
1617 2900 1914 2953 rectissime
1939 2899 2059 2967 Spi-

480 2991 611 3044 ritus
659 2998 875 3045 sanctus
914 3006 1035 3045 cum
1073 2991 1141 3044 sit
1172 2991 1345 3053 Deus,
1376 3001 1599 3044 vocatur
1651 2991 1809 3044 ciam
1861 2991 2060 3044 donum

480 3083 595 3137 Dei.
625 3083 777 3149 Quod
808 3083 1005 3137 donum
1041 3084 1252 3151 proprie
1277 3083 1405 3150 qttid
1452 3083 1553 3137 nisi
1584 3084 1815 3138 Charitas
1864 3084 2057 3139 intelli-

2172 1906 2294 1952 veat
2322 1900 2460 1968 quod
2490 1901 2582 1963 ait,
2614 1901 2783 1968 Dona,
2816 1920 2947 1968 non,
2996 1905 3218 1959 Donum.
3262 1906 3314 1958 ld
3352 1906 3491 1960 enim
3526 1908 3755 1959 testimo-

2172 1990 2318 2043 nium
2343 1992 2407 2045 de
2432 1991 2542 2064 [ex]
2579 1993 2785 2048 Psalmo
2810 1997 2999 2065 posuit.
3029 1997 3135 2051 lloc
3162 2005 3335 2051 autem
3367 1992 3420 2052 in
3449 1998 3654 2052 Psalmo
3683 1999 3751 2054 ita

2173 2080 2404 2148 loquitur
2427 2082 2663 2154 [legitur]
2686 2102 2700 2136 :
2727 2085 3021 2139 Ascendisti
3049 2086 3096 2139 in
3124 2078 3310 2153 altum,
3334 2089 3609 2156 coptivasﬁ
3631 2102 3754 2156 cap-

2174 2171 2454 2238 tivitatem,
2476 2176 2727 2242 accepisti
2754 2176 2891 2230 dona
2917 2178 2966 2230 in
2998 2176 3303 2232 hominibus
3333 2196 3343 2230 :
3370 2180 3447 2233 sic
3474 2180 3612 2232 enim
3642 2180 3760 2245 pitt-

2172 2276 2259 2321 t'cs
2314 2263 2528 2319 codices
2572 2265 2799 2331 habent,
2829 2276 2884 2321 et
2931 2269 3161 2322 maxime
3191 2267 3357 2321 Graeci
3392 2279 3485 2323 :et
3536 2285 3599 2323 ex
3633 2271 3734 2323 lle«

2174 2355 2315 2409 δι’ωο
2337 2357 2414 2410 sic
2442 2358 2843 2426 interpretatum
2900 2359 3173 2413 habemus.
3201 2360 3346 2412 Dona
3389 2361 3563 2429 itaque
3618 2362 3752 2415 dixit

2172 2446 2457 2511 Apostolus
2499 2448 2942 2514 quemadmodum
3004 2449 3293 2515 pr0phrta,
3354 2464 3456 2501 non
3499 2450 3694 2502 donum
3731 2471 3743 2506 :

2168 2534 2259 2587 sed
2279 2548 2395 2589 cum
2414 2535 2675 2602 Propheta
2696 2537 2903 2601 dixerit,
2928 2538 3187 2606 Accepisti
3203 2538 3338 2591 dona
3358 2540 3408 2591 in
3426 2540 3747 2601 hominibue.

2169 2622 2456 2689 Apostolus
2481 2623 2661 2676 maluit
2685 2624 2887 2694 dicere,
2912 2625 3067 2679 Dedit
3088 2626 3226 2679 dona
3251 2627 3574 2689 hominibus,
3602 2641 3655 2681 ut
3678 2642 3740 2684 rx

2171 2720 2394 2781 utroque
2414 2706 2619 2767 scilicet
2644 2716 2826 2780 verbo,
2852 2731 2956 2769 uno
2980 2716 3315 2785 prophetico,
3340 2719 3651 2786 Apostzzlieo
3667 2722 3746 2775 al-

2169 2810 2282 2856 tero
2302 2804 2445 2872 (quia
2468 2805 2518 2859 in
2566 2817 2791 2875 utroque
2831 2818 2911 2861 cst
2932 2807 3095 2860 divini
3119 2809 3379 2862 sermonis
3398 2812 3736 2882 attetoritas),

2167 2909 2357 2950 sensus
2402 2898 2741 2965 plenissimus
2777 2900 3091 2953 redderetur
3123 2918 3134 2953 :
3169 2911 3446 2968 utrumque
3476 2901 3618 2956 enim
3653 2920 3745 2958 ve-

2170 3003 2284 3039 rum
2326 2998 2429 3051 est,
2462 2999 2515 3042 et
2543 2990 2666 3056 quia
2730 2990 2877 3043 dedit
2922 2989 3225 3045 ltominibus
3248 3032 3261 3055 ,
3304 3001 3355 3045 et
3392 2994 3509 3061 qu‘a
3542 2995 3747 3060 accepit

2167 3075 2219 3128 itt
2246 3075 2565 3131 hominibus.
2595 3078 2743 3132 Dedit
2766 3079 3090 3145 hominibus,
3114 3090 3358 3150 tanquam
3385 3094 3545 3149 caput
3573 3101 3743 3135 tuem-

479 3174 641 3240 genda
670 3182 773 3239 est,
798 3188 919 3239 quae.
946 3172 1185 3241 perducit
1215 3172 1278 3226 ad
1312 3173 1502 3235 Deum,
1526 3186 1573 3227 et
1608 3174 1723 3226 sine
1754 3190 1854 3240 qua
1886 3174 2058 3243 quod-
2088 3158 2135 3219 C
2168 3165 2275 3219 bris
2298 3167 2450 3221 suis:
2481 3170 2685 3237 accepit
2712 3162 2761 3223 in
2815 3171 3115 3224 hominibus
3149 3173 3283 3225 idem
3319 3174 3449 3240 ipse,
3479 3175 3661 3241 utique
3692 3178 3746 3229 in

478 3264 603 3317 libet
626 3262 768 3317 aliud
799 3263 890 3316 Dei
920 3262 1116 3316 donum
1142 3278 1248 3316 non
1278 3262 1521 3331 perducit
1553 3263 1618 3316 ad
1652 3262 1858 3317 Deum?
1891 3272 1970 3317 An
2003 3274 2057 3317 ct

477 3351 577 3405 hoc
598 3351 930 3419 probandum
961 3360 1064 3415 est,
1094 3351 1292 3404 donum
1325 3352 1413 3406 Dei
1440 3352 1637 3405 dictum
1670 3368 1792 3407 esse
1816 3354 1866 3406 in
1891 3355 2058 3408 sacris

476 3443 665 3497 litteris
685 3442 937 3508 Spiritum
961 3451 1200 3495 sanctum
1215 3442 1235 3493 ?
1252 3442 1307 3496 Si
1325 3452 1380 3497 et
1399 3442 1501 3496 hoc
1521 3452 1881 3510 exspectatur,
1899 3446 2059 3501 babe-

474 3548 592 3587 mus
622 3534 673 3586 in
697 3533 989 3601 Evangelio
1010 3532 1304 3586 secundum
1333 3532 1593 3587 Joannem
1622 3534 1828 3588 Domini
1858 3536 2055 3591 Christi

474 3624 631 3678 verba
662 3623 929 3678 dicentis:
960 3624 1015 3680 Si
1046 3624 1164 3693 quis
1185 3624 1321 3687 sitit,
1352 3625 1533 3678 veniat
1561 3625 1628 3679 ad
1660 3641 1747 3681 me
1779 3636 1833 3680 ct
1866 3628 2009 3682 bibat
2035 3645 2052 3685 :

474 3718 559 3787 qui
589 3717 761 3773 credit
792 3718 841 3770 in
874 3733 995 3782 me,
1035 3718 1176 3772 sicut
1203 3718 1330 3772 dit-it
1357 3719 1655 3787 Scriptura,
1699 3720 1940 3775 Flumina
1986 3721 2054 3777 de

473 3818 657 3863 ventre
678 3807 796 3878 ejus
818 3807 982 3862 liuent
1031 3822 1182 3876 aqua:
1205 3810 1360 3862 vivae.
1391 3809 1561 3863 Porro
1604 3809 1939 3879 Evangelista
1969 3827 2054 3868 se-

472 3908 623 3953 cutus
677 3898 921 3968 adjunxit
950 3915 964 3953 :
997 3898 1109 3952 lloc
1148 3906 1324 3953 autem
1378 3898 1514 3953 dixit
1556 3900 1624 3954 de
1666 3899 1866 3968 Spiritu
1894 3917 2050 3971 quem

470 3990 737 4059 accepturi
784 3998 938 4045 erant
980 3989 1260 4043 credentes
1288 3990 1343 4043 in
1386 4005 1530 4045 eum.
1565 3990 1717 4047 Unde
1738 3991 2048 4046 dicitetiam

472 4082 663 4135 l‘aulus
700 4082 985 4149 Apostolus
1018 4098 1030 4133 :
1065 4081 1127 4134 Et
1153 4095 1344 4136 omnes
1371 4096 1477 4135 uno
1504 4081 1708 4151 Spiritu
1751 4086 1914 4151 potati
1961 4099 2050 4138 su-

471 4186 612 4225 mus.
647 4170 834 4225 Utrum
890 4182 1068 4223 autent
1126 4170 1322 4223 donum
1379 4170 1471 4223 Dei
1500 4171 1570 4225 sit
1615 4172 1874 4240 appellata
1914 4189 2049 4241 aqua

468 4262 593 4328 ista,
615 4263 754 4332 quod
770 4272 851 4317 est
876 4263 1109 4330 Spiritus
1137 4273 1374 4325 sanctus,
1402 4264 1500 4317 hoc
1524 4265 1800 4331 qua'ritur.
1825 4266 1929 4321 Sed
1947 4268 2047 4319 sic—

470 4364 526 4408 ut
544 4356 628 4409 hic
648 4354 947 4409 invenimus
971 4356 1107 4409 hanc
1127 4369 1317 4424 aquam
1350 4355 1609 4423 Spiritum
1635 4365 1873 4411 sanctum
1904 4373 2043 4420 esse,

468 4450 536 4501 ita
564 4448 865 4502 invenimus
890 4447 1013 4502 alibi
1042 4448 1093 4501 in
1118 4449 1233 4516 ipso
1264 4449 1566 4517 Evangelio,
1586 4449 1723 4503 hanc
1739 4465 1928 4520 aquam
1952 4438 2041 4504 Dei

2162 3257 2415 3311 membris
2448 3260 2594 3324 suis;
2629 3270 2845 3327 promer
2872 3276 2988 3328 qua:
3013 3262 3251 3315 membra
3279 3276 3375 3315 sua
3398 3264 3643 3317 rlaiuavit
3676 3268 3743 3320 de

2160 3346 2298 3401 cutio
2332 3365 2343 3398 :
2383 3345 2563 3411 Saule,
2595 3348 2774 3411 Sanle,
2807 3342 2931 3417 quid
2956 3365 3038 3404 me
3066 3352 3436 3418 persequeris?
3458 3363 3510 3406 et
3532 3354 3598 3407 de
3621 3356 3741 3423 qui-

2160 3437 2256 3490 bus
2296 3437 2550 3491 membris
2579 3436 2731 3510 [suis]
2757 3439 2874 3492 ait:
2910 3440 3059 3505 Quod
3103 3441 3191 3493 uui
3245 3456 3309 3495 ex
3345 3443 3578 3497 minimis
3611 3448 3744 3501 meis

2160 3516 2381 3596 fecistis,
2416 3529 2542 3581 mihi
2585 3530 2807 3583 fecistis.
2843 3530 2960 3599 Ipse
2999 3545 3127 3602 ergo
3157 3531 3403 3585 Christus
3434 3546 3486 3587 et
3509 3536 3656 3589 dedit
3677 3538 3746 3591 de

2155 3620 2317 3686 coelo,
2348 3633 2401 3675 et
2449 3626 2656 3690 accepit
2706 3624 2758 3676 in
2792 3633 2952 3678 terra.
2986 3625 3149 3678 Porro
3177 3636 3354 3679 autem
3380 3628 3519 3681 dona
3546 3654 3553 3674 ι
3580 3632 3611 3683 b
3641 3633 3741 3683 hoc

2156 3712 2313 3765 ambo
2361 3712 2632 3776 dixerunt,
2668 3724 2720 3768 et
2753 3718 3009 3783 prOpheta
3042 3725 3095 3768 et
3133 3712 3408 3784 apostulus
3433 3760 3446 3781 ,
3489 3722 3610 3788 quia
3647 3737 3743 3786 per

2154 3803 2352 3857 donum
2392 3805 2531 3873 quod
2566 3815 2647 3859 est
2675 3806 2906 3875 Spiritus
2938 3818 3153 3860 sanctus
3186 3807 3237 3859 in
3262 3816 3741 3863 commuueumni-

2154 3895 2253 3948 bus
2286 3897 2540 3951 membris
2561 3898 2757 3952 Christi
2782 3899 2945 3952 mula
2970 3900 3103 3951 dona
3137 3916 3254 3967 qua:
3281 3910 3407 3954 sunt
3444 3904 3741 3971 quibusque

2158 3988 2368 4056 propria
2395 3987 2742 4053 dividuntur;
2769 4005 2874 4043 nou
2912 3990 3052 4044 enim
3076 3990 3270 4060 singuli
3316 3993 3513 4062 quique
3545 3994 3738 4048 habent

2153 4079 2354 4145 omnia,
2383 4079 2478 4133 sed
2510 4080 2561 4133 hi
2585 4082 2672 4133 illa
2705 4090 2758 4134 et
2780 4082 2866 4134 alii
2892 4082 3014 4145 al-a,
3042 4083 3284 4149 qunuvis
3312 4084 3482 4151 ipsum
3515 4085 3738 4151 donum,

2153 4185 2181 4222 a
2220 4186 2326 4238 quo
2369 4168 2563 4239 cuique
2592 4172 2803 4239 propria
2836 4173 3161 4233 dividuntur,
3195 4188 3384 4225 omnes
3409 4168 3665 4241 habeant,
3688 4177 3739 4229 id

2151 4268 2233 4313 est
2263 4261 2519 4328 Spiritum
2553 4270 2817 4315 sanctum.
2843 4262 2972 4316 Nam
2997 4277 3115 4316 cum
3143 4279 3192 4317 et
3226 4265 3350 4317 alibi
3384 4267 3549 4320 multa
3598 4266 3741 4321 dona

2149 4363 2627 4409 commemorasset
2653 4372 2665 4408 :
2691 4354 2902 4421 Omnia,
2930 4356 3125 4425 inquit,
3150 4356 3265 4411 hare
3318 4368 3572 4426 operatur
3603 4379 3743 4417 unus

2150 4450 2308 4509 atque
2339 4444 2478 4496 idem
2506 4444 2731 4510 Spiritus
2753 4438 3000 4500 dividens
3025 4449 3239 4515 propria
3267 4450 3549 4515 unicuique
3582 4464 3738 4518 prout

466 4540 665 4594 donum
694 4540 1012 4609 appellatam
1041 4557 1052 4591 :
1079 4554 1200 4593 nam
1236 4515 1491 4595 Dominus
1522 4540 1659 4595 idem
1689 4515 1900 4610 quando
1923 4558 2044 4597 cum
2080 4515 2124 4575 θ
2152 4534 2256 4603 37
2286 4535 2393 4587 "ull
2425 4551 2438 4598 ;
2474 4536 2615 4603 quod
2647 4531 2865 4590 verbum
2910 4547 2964 4591 el
3005 4539 3052 4589 ill
3106 4536 3342 4606 Ellismla
3371 4555 3488 4608 qua“:
3536 4515 3601 4594 ad
3636 4543 3737 4598 "c-

468 4631 798 4685 Samaritaua
822 4631 1045 4685 muliere
1070 4630 1209 4699 apud
1238 4645 1361 4685 eum
1416 4631 1754 4700 loquebatur,
1779 4635 1861 4687 cui
1892 4636 2045 4690 dixe-

467 4729 569 4787 rat,
597 4720 670 4773 Da
697 4723 827 4775 mihi
857 4722 1036 4777 bibere
1068 4740 1080 4774 :
1114 4736 1234 4777 cum
1265 4722 1352 4775 illa
1403 4724 1760 4791 respondisset
1791 4726 1933 4794 quod
1963 4725 2045 4779 Ju-

466 4813 567 4865 tlrei
597 4828 701 4867 non
731 4823 1083 4870 conterentur
1106 4816 1476 4883 Samaritanis,
1511 4818 1785 4886 respondit
1810 4818 1964 4874 Jesus
1989 4831 2042 4875 ct

466 4904 599 4957 dixit
618 4904 667 4957 ei
687 4919 699 4955 :
721 4904 773 4959 Si
798 4906 965 4960 scires
985 4907 1184 4962 donum
1204 4907 1317 4974 Dei,
1338 4917 1393 4962 et
1408 4910 1527 4978 quis
1547 4919 1631 4964 est
1650 4912 1739 4980 qui
1761 4912 1891 4966 dicit
1918 4913 2037 4980 tibi,

469 4996 539 5047 Da
569 4993 693 5048 mihi
718 4993 921 5058 bibere,
948 5005 1001 5049 tu
1038 4997 1255 5052 forsitan
1284 4998 1509 5068 petisses
1529 4999 1598 5054 ab
1624 5015 1709 5067 eo,
1729 5009 1784 5056 et
1805 5002 2044 5059 dedisset

465 5086 558 5140 tibi
611 5099 800 5154 aquam
836 5085 1033 5141 vivam.
1066 5088 1199 5143 Dicit
1228 5091 1277 5144 ei
1318 5092 1514 5145 mulier
1547 5108 1559 5144 ε
1596 5091 1838 5163 Domine,
1869 5108 2040 5165 neque

461 5178 514 5231 ln
541 5190 648 5244 quo
677 5174 887 5229 haurias
918 5173 1105 5241 habes,
1127 5187 1182 5231 et
1206 5187 1396 5247 puteus
1424 5180 1562 5234 altus
1615 5190 1718 5249 est,
1749 5183 1890 5239 unde
1913 5200 2040 5255 ergo

462 5266 626 5322 habes
658 5281 847 5336 aquam
880 5266 1092 5321 vivam?
1147 5277 1250 5324 etc.
1281 5270 1576 5340 Respondit
1604 5273 1759 5331 Jesus
1800 5287 1854 5330 et
1906 5277 2040 5333 dixit

457 5359 505 5414 ci
527 5375 541 5410 :
561 5358 749 5415 Omnis
768 5358 856 5428 qui
889 5358 1018 5413 bibit
1047 5374 1111 5414 ex
1145 5374 1276 5429 aqua
1303 5359 1401 5415 hac
1421 5363 1566 5417 sitiet
1595 5364 1811 5433 iterum,
1832 5367 1919 5435 qui
1944 5383 2036 5423 auc

459 5456 563 5506 tem
590 5451 785 5507 biberit
807 5468 872 5507 ex
900 5466 1034 5522 aqua
1061 5466 1216 5521 quam
1245 5452 1383 5509 dabo
1405 5455 1477 5523 ei,
1500 5472 1605 5511 non
1635 5459 1781 5523 sitiet
1803 5459 1856 5514 in
1878 5472 2036 5517 teter-

458 5558 584 5596 num
612 5562 622 5595 :
648 5543 739 5598 sed
770 5558 903 5610 aqua
926 5560 1082 5615 quam
1108 5546 1245 5600 dabo
1275 5547 1321 5601 ei
1348 5548 1436 5602 lict
1463 5547 1515 5601 in
1543 5564 1606 5603 eo
1634 5550 1752 5605 funus
1778 5567 1925 5621 aqure
1950 5569 2036 5607 sa-

457 5632 634 5686 lientis
661 5634 712 5687 in
738 5635 898 5689 vitam
922 5645 1198 5692 :eternam.
1230 5640 1362 5706 Quia
1394 5657 1524 5710 ergo
1574 5643 1688 5698 hate
1728 5660 1862 5714 aqua
1892 5646 2030 5711 viva,

454 5719 592 5776 sicut
620 5725 941 5791 evangelista
970 5728 1236 5800 exposuit,
1267 5730 1498 5801 Spiritus
1540 5741 1753 5789 sanctus
1780 5744 1881 5802 est,
1907 5751 2030 5804 pro-

2154 4628 2324 4681 brmos
2353 4639 2436 4683 est
2467 4629 2857 4694 invenitur,uhi
2881 4631 3135 4698 scriptum
3166 4641 3270 4695 est,
3300 4632 3603 4688 Attestante
3631 4638 3744 4691 Deo

2153 4717 2313 4789 signis
2370 4728 2424 4773 et
2471 4722 2725 4789 ostentis,
2755 4731 2809 4774 et
2846 4720 3003 4774 κει·ιὶδ
3036 4722 3349 4785 virtutibus,
3398 4732 3451 4775 ct
3504 4725 3745 4792 Spiritus

2149 4812 2315 4866 sancti
2370 4813 2719 4867 divisionibus
2774 4805 3306 4883 [distributionibus].
3360 4811 3426 4864 Et
3475 4813 3563 4868 hic
3612 4834 3741 4873 cum

2147 4904 2366 4958 dixisset
2393 4920 2407 4956 :
2433 4904 2687 4957 Ascendit
2718 4906 2768 4959 in
2802 4905 2988 4969 altu.n,
3020 4905 3309 4970 captivavit
3340 4907 3741 4976 captivitatem,

2150 4994 2301 5049 dedit
2348 4994 2485 5047 dona
2536 4994 2869 5057 hominibus;
2916 4993 3055 5061 quod
3094 5003 3271 5046 autem
3326 4994 3565 5048 ascendit
3606 4999 3741 5063 Ait,

2144 5085 2271 5151 quid
2303 5094 2409 5147 est,
2443 5083 2542 5137 nisi
2566 5084 2687 5152 quia
2730 5096 2782 5138 et
2811 5086 3089 5141 descendit
3140 5088 3190 5142 in
3225 5091 3504 5145 inferiores
3556 5102 3743 5158 partes

2145 5176 2339 5232 terra?
2378 5174 2476 5243 Qui
2509 5175 2782 5230 descendit
2836 5178 2947 5244 ipse
2999 5189 3082 5233 est
3105 5188 3160 5234 et
3187 5182 3275 5249 qui
3302 5184 3539 5236 ascendit
3568 5200 3741 5250 super

2143 5284 2333 5323 omnes
2379 5268 2568 5331 ctelos,
2602 5278 2659 5321 ut
2696 5268 3015 5337 odimpleret
3088 5278 3267 5325 omna
3300 5292 3314 5326 :
3347 5283 3401 5328 et
3429 5275 3541 5341 ipse
3585 5276 3737 5329 dedit

2145 5359 2402 5429 quosdam
2426 5358 2641 5426 quidem
2664 5359 2957 5426 apostolos,
2983 5361 3240 5426 quosdam
3264 5363 3477 5431 quidem
3506 5364 3621 5435 [aut
3644 5366 3735 5433 tu]

2146 5453 2450 5521 pr0phetas,
2477 5452 2735 5521 quosdam
2764 5461 2939 5505 autem
2963 5451 3138 5525 [vero]
3166 5454 3550 5521 Evangelistas,
3575 5472 3747 5524 quos.

2142 5545 2262 5599 dam
2300 5554 2475 5599 autem
2517 5555 2754 5611 pastores
2784 5553 2837 5598 et
2891 5544 3162 5600 doctores.
3203 5548 3337 5600 l-‘crc
3390 5563 3559 5616 quare
3588 5552 3738 5601 dit-ta

2140 5652 2265 5717 sunt
2302 5639 2521 5712 [omnia]
2566 5640 2727 5705 dona,
2777 5640 2896 5709 quia
2937 5641 3078 5695 sicut
3104 5642 3231 5696 alibi
3276 5642 3446 5697 dicit:
3476 5645 3743 5714 Nunquid

2141 5749 2326 5792 omnes
2354 5732 2600 5803 apostoli,
2629 5730 2863 5800 nunquid
2884 5745 3074 5787 omnes
3095 5732 3407 5803 prophetaz?
3432 5747 3480 5788 et
3506 5744 3747 5809 caztcra,
