4016 6184
289 324 403 379 925

291 444 386 499 hic
447 438 687 511 adj'unxit
737 457 749 491 :

290 536 349 589 in
428 548 561 600 opus
631 530 957 597 ministerii,
1039 531 1091 584 itt
1165 532 1570 587 auliiicatidnem
1636 534 1879 601 corporis

285 625 518 680 Christi.
544 622 668 676 Ilzec
696 631 779 677 est
830 621 1023 676 domus
1051 637 1192 691 qum,
1224 623 1359 677 sicut
1404 622 1646 677 Psalmus
1711 624 1875 688 canit,

286 720 593 775 aedificatur
624 724 743 785 post
764 715 1126 783 captivitatem
1151 715 1426 784 (quoniam
1451 717 1535 785 qui
1560 724 1685 769 sunt
1710 731 1739 768 a
1762 716 1877 768 dia-

288 812 420 864 bolo
446 807 609 873 e'ruti,
637 823 665 861 a
692 812 801 875 quo
842 805 1033 875 captivi
1076 806 1411 871 tenebantur,
1440 805 1508 859 de
1538 806 1620 861 his
1648 806 1881 860 aedifica-

287 914 379 955 tur
406 906 602 969 eoi-pus
627 896 827 953 Cltristi
853 914 866 951 :
892 912 1009 966 qua:
1038 896 1229 951 domus
1257 898 1553 965 appellatur
1596 896 1875 964 Ecclesia);

285 992 437 1049 lianc
467 999 642 1045 autem
674 989 1035 1057 captivitatem
1071 989 1187 1055 ipse
1215 988 1519 1056 captivavft,
1552 988 1672 1057 quia
1697 988 1881 1041 diabo-

288 1085 404 1137 lum
434 1082 561 1137 vicit
588 1098 601 1135 :
625 1090 681 1137 et
717 1096 784 1135 nc
825 1081 909 1133 illa
942 1094 1059 1149 quae
1105 1067 1280 1133 futura
1309 1092 1460 1133 erant
1492 1080 1660 1133 sancti
1690 1080 1879 1147 capitis

288 1172 572 1235 membra,
604 1172 656 1226 iu
708 1182 966 1224 mternum
1000 1169 1319 1237 supplicium
1374 1183 1555 1223 secum
1606 1165 1872 1233 traheret,

290 1282 420 1320 eum
447 1265 671 1334 jnstitim
709 1265 875 1333 prius,
912 1263 1103 1316 deinde
1135 1266 1385 1330 potentia:
1418 1263 1641 1317 vinculis
1693 1263 1877 1331 alliga-

287 1357 392 1410 vit.
447 1356 566 1425 Ipse
621 1356 798 1424 itaque
848 1354 1091 1409 diabolus
1141 1361 1223 1409 est
1265 1356 1529 1425 appellata
1574 1355 1874 1424 captivitas,

284 1457 450 1515 quam
477 1446 763 1515 captivavit
784 1446 872 1514 qui
902 1445 1144 1499 ascendit.
1185 1446 1235 1499 in
1266 1447 1457 1512 altum,
1488 1456 1540 1499 et
1572 1447 1715 1501 dedit
1738 1446 1875 1499 dona

286 1538 620 1601 hominibus,
650 1538 732 1591 vel
775 1536 977 1603 accepit
1019 1535 1070 1589 in
1114 1536 1437 1590 hominibus.
1484 1535 1671 1589 Petrus
1698 1536 1875 1589 auten

282 1630 589 1697 apostolus,
621 1627 758 1681 sicut
798 1628 850 1679 in
902 1642 966 1681 eo
1026 1628 1164 1680 libro
1220 1628 1478 1682 canonico
1518 1627 1743 1694 legitur,
1791 1627 1875 1679 ubi

283 1718 477 1788 scripti
506 1729 631 1791 sunt
664 1720 826 1772 Actus
870 1718 1268 1784 Apostolorum,
1296 1719 1517 1787 loquens
1546 1719 1613 1772 de
1643 1717 1875 1778 Christo,

1465 316 1897 384 TIIESAURUS.
1942 320 2093 379 CAP.
2137 327 2407 385 CCXLVI.

805 439 885 493 Ad
952 440 1464 494 censammatlonem
1540 450 1870 503 sanctorum,
1902 442 1953 500 Λ
1979 451 2078 507 est,
2102 444 2202 499 etsi
2217 445 2742 515 neminidetur,quia
2761 450 2901 506 Deus
2921 454 3038 505 erat
3057 452 3196 507 Patri
3219 464 3273 509 et
3296 457 3429 511 Filio
3448 474 3584 515 coae-

3466 346 3570 402 926

1986 545 2189 602 ternus,
2212 548 2499 608 antequam
2526 543 2773 611 cuiquam
2794 544 3030 598 daretur.
3055 545 3163 599 Nec
3186 552 3305 614 quia
3330 550 3403 602 illi
3426 551 3572 616 dant,

1983 627 2097 693 ipse
2112 628 2287 693 datrrr,
2305 630 2424 684 ideo
2445 631 2715 687 minorest
2739 633 2863 687 illis.
2886 634 2957 687 Ita
2973 635 3115 688 enim
3133 637 3310 702 datur,
3328 640 3466 694 sicut
3481 641 3573 696 Dei

1980 716 2202 782 donum,
2236 728 2289 772 ιιι
2317 719 2475 773 etiam
2508 722 2739 790 scipsum
2770 723 2859 778 det
2890 724 3027 779 sicut
3070 729 3231 782 Deus.
3279 731 3395 784 Non
3423 732 3568 784 enim

1982 805 2082 859 dici
2134 816 2325 874 potest,
2357 826 2460 862 non
2488 824 2608 865 esse
2635 826 2745 865 sine.
2777 817 3085 882 potestatis,
3116 818 3185 871 de
3218 835 3323 886 quo
3355 819 3563 873 dictum

1981 903 2064 950 est
2088 914 2101 949 :
2126 896 2357 965 Spiritus
2382 899 2467 953 ubi
2487 902 2598 955 vult
2620 904 2788 971 spirat
2812 922 2824 957 :
2849 914 2905 958 et
2931 908 3068 975 apud
3097 910 3393 977 apostolum
3419 910 3567 981 [illud

1981 988 2355 1061 apostolicum]
2387 992 2524 1057 quod
2552 991 2662 1061 jam
2694 1009 2851 1061 supra
2883 1002 3295 1052 commemoravi
3329 1018 3342 1051 :
3375 1002 3565 1054 Omnia

1981 1084 2158 1129 autem
2194 1077 2306 1131 hare
2337 1087 2592 1147 operatur
2623 1097 2756 1134 unus
2809 1092 2967 1153 atque
3023 1086 3164 1141 idem
3198 1088 3447 1155 Spiritus,
3482 1090 3569 1142 di-

1986 1168 2171 1222 videns
2227 1172 2437 1239 propria
2481 1174 2765 1239 unicuique
2817 1186 2973 1243 prout
3007 1179 3140 1229 vult.
3174 1177 3292 1230 Non
3324 1189 3406 1233 est
3461 1181 3569 1234 illic

1980 1264 2216 1316 conditio
2254 1264 2404 1327 dati,
2445 1275 2497 1318 et
2541 1265 2836 1321 dominatio
2867 1269 3129 1334 dantiurn,
3160 1271 3254 1324 sed
3281 1272 3566 1325 concordia

1980 1353 2087 1407 dati
2140 1364 2192 1409 ct
2233 1357 2492 1410 dantium.
2523 1357 2879 1427 Quapropter,
2903 1361 3043 1415 sicut
3079 1372 3263 1416 sancta
3296 1364 3570 1432 Scriptura

1984 1445 2307 1513 proclamat;
2345 1448 2483 1501 Deus
2535 1449 2772 1503 cbaritas
2820 1458 2922 1516 est,
2968 1452 3056 1504 illa
3087 1467 3208 1520 quia
3234 1469 3301 1506 ev
3334 1453 3443 1507 Deo
3467 1465 3570 1517 est,

1981 1544 2034 1587 ct
2079 1536 2129 1587 in
2166 1536 2318 1589 nobis
2368 1537 2418 1591 id
2447 1538 2576 1607 agit,
2609 1549 2666 1591 ut
2703 1540 2754 1592 in
2784 1540 2895 1593 Deo
2926 1555 3260 1607 maneamus,
3290 1552 3345 1596 et
3375 1545 3489 1611 ipse
3515 1545 3566 1597 in

1984 1625 2159 1691 nobis,
2184 1636 2237 1679 et
2270 1627 2370 1681 hoc
2400 1629 2522 1681 inde
2553 1628 2924 1697 cognoscimus
2944 1674 2959 1698 ,
2985 1631 3105 1699 quia
3133 1633 3200 1685 de
3241 1633 3439 1701 Spiritu
3471 1648 3568 1687 suo

1982 1716 2128 1770 dedit
2183 1720 2368 1782 nobis,
2403 1720 2517 1788 ipse
2570 1721 2804 1785 Spiritus
2851 1723 2968 1790 ejus
3012 1731 3095 1776 est
3134 1723 3272 1778 Deus
3311 1727 3564 1779 r-ltaritas.

281 1813 574 1864 commotis
619 1810 782 1865 corde
824 1809 1021 1864 ludit-is
1070 1820 1123 1864 et
1179 1810 1480 1864 dicentibus
1518 1828 1528 1862 :
1563 1811 1699 1877 Quid
1746 1825 1874 1879 ergo
1911 1805 1950 1863 Β
1983 1806 2204 1873 Deinde,
2238 1809 2281 1862 si
2340 1809 2391 1861 in
2421 1808 2579 1863 donis
2605 1810 2694 1863 Dei
2725 1809 2853 1863 nihil
2887 1811 3061 1877 rnains
3089 1821 3173 1866 est
3211 1812 3491 1879 rharitate,
3516 1824 3568 1867 ct

283 1901 569 1965 iaciemus,
603 1898 842 1954 fratres?
876 1907 1168 1954 monstrate
1201 1899 1384 1965 nobis;
1442 1899 1576 1953 dixit
1624 1901 1689 1953 ad
1730 1914 1823 1954 eos
1855 1916 1870 1952 :

280 1990 448 2060 Agite
490 1992 878 2058 paenitentiam,
918 1999 971 2044 et
1019 1990 1316 2057 baptizetur
1348 1992 1710 2060 unusquisque
1752 2005 1875 2044 ves-

284 2092 433 2138 rrum
490 2082 542 2137 in
577 2084 791 2137 nomine
820 2083 945 2137 .lesu
984 2081 1207 2151 Christi,
1240 2083 1292 2136 in
1324 2084 1692 2138 remissionem
1749 2093 1875 2152 pec;

282 2183 646 2239 catorutn,et
672 2175 944 2244 accipietis
985 2175 1181 2228 donum
1228 2174 1458 2243 Spiritus
1500 2176 1689 2230 sancti.
1717 2176 1872 2231 lteru-

281 2280 393 2333 que
423 2265 477 2318 in
521 2265 710 2319 eodem
744 2266 880 2318 libro
913 2266 1121 2335 legitur,
1178 2265 1448 2319 Simonem
1493 2265 1698 2335 Magum
1746 2278 1874 2333 apo-

281 2356 444 2410 stolis
474 2355 598 2409 dare
628 2356 860 2409 voluisse
890 2357 1191 2423 perun'anr,
1218 2363 1275 2409 ut
1295 2356 1363 2408 ab
1389 2357 1467 2410 eis
1486 2358 1752 2423 acciperet
1776 2372 1840 2424 po
1859 2386 1872 2398 -

282 2453 536 2499 testatem
578 2445 699 2513 quia
734 2444 880 2516 [qua]
923 2461 1016 2512 per
1066 2446 1460 2514 impositionem
1510 2461 1700 2501 manus
1756 2445 1873 2514 ejus

281 2537 509 2591 daretur
535 2536 766 2605 Spiritus
798 2548 1014 2590 sanctus
1046 2553 1060 2589 :
1092 2538 1176 2591 cui
1208 2537 1397 2591 Petrus
1424 2539 1589 2602 idem,
1616 2538 1870 2606 Pecunia,

281 2629 500 2697 inquit,
535 2639 621 2682 tua
668 2638 839 2683 tecum
898 2630 967 2682 sit
1020 2629 1073 2683 in
1136 2630 1462 2697 perditione,
1512 2630 1635 2700 quia
1673 2630 1871 2684 donum

286 2719 388 2772 Dei
410 2720 682 2773 :rstimasti
712 2731 763 2773 te
809 2721 1033 2788 pecunia
1066 2721 1363 2789 possidere.
1392 2723 1454 2774 Et
1486 2723 1592 2774 alio
1630 2720 1870 2789 ejusdem

284 2810 416 2863 libri
450 2811 587 2874 loco,
615 2825 735 2864 cum
767 2811 955 2864 Petrus
992 2809 1245 2865 Cornelio
1291 2819 1346 2864 et
1374 2812 1477 2865 illis
1504 2810 1591 2879 qui
1619 2825 1737 2864 cum
1782 2811 1874 2864 illo

284 2898 524 2963 fuerant,
555 2900 858 2968 loqueretur
882 2940 899 2965 ,
931 2900 1253 2954 annuntians
1282 2909 1335 2954 et
1369 2900 1661 2968 praedicans
1690 2900 1871 2954 Chris~

284 2999 437 3055 tum,
475 2991 548 3044 ait
595 2992 867 3058 Scriptura
914 2991 1148 3045 :Adhuc
1201 2991 1453 3059 loquente
1504 2991 1662 3045 Petro
1711 2990 1872 3045 verba

285 3082 430 3147 haec,
455 3083 647 3137 cecidit
673 3082 903 3149 Spiritus
931 3092 1147 3137 sanctus
1168 3097 1332 3151 super
1361 3097 1548 3135 omnes
1568 3083 1656 3151 qui
1690 3082 1874 3135 audie-

1977 1896 2178 1951 nullum
2230 1906 2311 1950 est
2337 1898 2507 1965 majus
2538 1899 2736 1952 donum
2764 1899 2857 1953 Dei
2873 1915 3031 1968 quam
3065 1902 3296 1970 Spiritus
3325 1913 3566 1968 sanctus,

1976 1988 2100 2055 quid
2132 1991 2570 2055 consequentius,
2594 2004 2757 2059 quam
2786 2000 2841 2042 ιιι
2889 1992 3005 2067 ipse
3059 1995 3129 2046 sit
3167 1994 3421 2061 charitas,
3450 2013 3568 2066 quae

1981 2076 2179 2131 dicitur
2207 2088 2259 2131 et
2299 2078 2436 2133 Deus
2471 2089 2526 2135 ct
2553 2095 2618 2133 ex
2654 2082 2800 2135 Deo?
2830 2082 2897 2136 Et
2920 2084 2963 2136 si
2994 2084 3247 2148 charitas,
3269 2101 3374 2153 qua
3416 2087 3569 2142 Pater

1975 2168 2147 2235 diligit
2166 2170 2361 2224 Filium
2381 2182 2431 2226 et
2448 2172 2659 2228 Patrem
2673 2174 2847 2243 dil-‘git
2866 2176 3054 2240 Filius,
3075 2176 3410 2234 ineﬂ‘abiliter
3424 2196 3569 2235 com-

1975 2261 2281 2315 munior-em
2311 2262 2641 2318 demonstrat
2665 2266 2972 2331 amborum,
3009 2269 3134 2337 quid
3162 2270 3568 2326 convenientius

1974 2367 2131 2422 quam
2161 2364 2215 2406 ut
2246 2355 2333 2407 ille
2366 2359 2578 2423 proprie
2603 2357 2812 2411 dicatur
2834 2359 3067 2412 charitas
3099 2361 3190 2430 qtti
3213 2362 3447 2428 Spiritus
3473 2372 3558 2419 est

1974 2441 2275 2515 communis
2292 2442 2553 2496 ambobus
2570 2444 2592 2496 ?
2609 2443 2718 2499 lloe
2749 2447 2890 2499 enim
2914 2448 3098 2501 sanius
3120 2448 3359 2502 creditur
3378 2451 3459 2503 vel
3483 2452 3564 2504 in-

1978 2520 2252 2600 tellfgjtur,
2299 2542 2357 2586 ut
2405 2548 2509 2587 non
2542 2534 2688 2588 solus
2718 2534 2950 2605 Spiritus
2981 2545 3200 2590 sanctus
3226 2538 3460 2592 Charitas
3491 2539 3563 2593 sit

1975 2621 2027 2676 in
2076 2622 2165 2676 illa
2197 2622 2483 2691 Triuitate,
2511 2623 2606 2678 sed
2658 2640 2763 2678 non
2813 2626 3007 2679 frustra
3060 2627 3273 2695 proprie
3317 2627 3554 2683 chat'itas

1976 2722 2331 2781 nuncnpetur,
2360 2726 2574 2783 propter
2605 2717 2693 2770 illa
2724 2733 2841 2786 qua;
2873 2718 3014 2772 dicta
3063 2727 3188 2773 sunt
3218 2735 3232 2773 :
3266 2721 3407 2774 sicut
3455 2737 3561 2776 non

1974 2803 2122 2857 solus
2154 2815 2236 2859 est
2266 2808 2316 2859 in
2349 2808 2437 2860 illa
2482 2808 2762 2873 Trinitate,
2802 2811 2884 2871 vel
2915 2810 3167 2879 Spiritus,
3208 2817 3291 2868 vel
3317 2829 3561 2879 sanctus,

1973 2896 2097 2964 quia
2143 2905 2197 2950 et
2252 2896 2409 2952 Pater
2461 2899 2721 2967 Spiritus,
2753 2908 2807 2955 et
2838 2901 2999 2957 Filius
3030 2902 3282 2971 Spiritus,
3316 2914 3370 2959 et
3401 2905 3559 2960 Pater

1974 2995 2191 3040 sanctus
2216 3026 2230 3049 ,
2261 3000 2313 3041 et
2346 2988 2511 3042 Filius
2541 3001 2791 3055 sanctus,
2822 2991 2961 3059 quod
2990 3007 3093 3045 noo
3116 2993 3337 3063 ambigit
3368 2997 3560 3062 pietas,

1973 3085 2028 3130 et
2061 3086 2236 3132 tamen
2289 3079 2401 3146 ipse
2451 3089 2558 3133 non
2590 3079 2785 3136 frustra
2820 3082 3034 3149 proprie
3094 3083 3289 3137 dicitur
3332 3084 3561 3151 Spiritus

282 3173 735 3237 liantverbum,et
754 3173 1144 3242 obstupuerunt
1169 3173 1256 3243 qui
1278 3188 1343 3228 ex
1368 3172 1777 3226 circumcisione
1809 3173 1867 3226 li-
1898 3179 1942 3242 C
1976 3176 2214 3223 sanctus.
2248 3169 2380 3235 Quia
2409 3170 2553 3222 enim
2584 3179 2663 3223 est
2681 3172 2981 3225 communis
3008 3173 3290 3239 ambobus,
3319 3174 3370 3228 id
3399 3188 3559 3228 voca-

282 3262 440 3317 deles
464 3264 619 3315 simul
651 3277 770 3316 cum
821 3263 980 3317 Petro
1003 3273 1282 3326 venerant,
1316 3263 1436 3331 quia
1468 3272 1521 3315 et
1554 3263 1607 3316 in
1627 3264 1869 3318 nationes

287 3354 492 3407 douutn
525 3354 754 3425 Spiritus
783 3355 952 3408 sancti
984 3356 1207 3408 effusura
1240 3364 1348 3429 est.
1377 3352 1676 3408 Aunlicbant
1724 3355 1865 3409 enim

286 3448 414 3503 illos
436 3449 711 3516 loquentes
727 3448 941 3518 linguis,
964 3458 1015 3501 et
1040 3448 1439 3517 magniﬁcantes
1464 3446 1647 3501 Deum.
1670 3446 1743 3501 De
1765 3462 1869 3516 quo

284 3544 434 3597 facto
478 3558 605 3607 suo,
662 3543 803 3612 quod
860 3542 1259 3596 incircumcisos
1314 3543 1700 3609 baptizaverat,
1745 3541 1867 3610 quia

287 3637 599 3705 priusquam
624 3636 1041 3704 baptizarentur,
1065 3645 1121 3689 ut
1149 3634 1345 3689 nodum
1377 3634 1686 3703 quaestionis
1712 3634 1867 3702 hujus

281 3726 543 3785 auferret.
568 3727 618 3779 in
638 3741 730 3780 eos
746 3736 962 3781 venerat
992 3726 1223 3794 Spiritus
1250 3737 1463 3780 sanctus
1484 3770 1498 3793 ,
1528 3742 1644 3778 cum
1683 3727 1869 3779 Petrus

284 3829 473 3884 p0stea
500 3818 743 3872 redderet
768 3817 1028 3872 rationem
1056 3818 1312 3871 fratribus
1336 3818 1593 3884 quierant
1620 3818 1868 3870 llieroso-

282 3908 467 3977 lymis,
492 3918 540 3961 et
576 3908 671 3961 hac
702 3924 757 3961 re
788 3908 965 3962 audita
998 3910 1368 3972 movebantur,
1395 3910 1467 3961 ait
1492 3918 1606 3976 post
1628 3917 1818 3961 czr-tvra
1851 3926 1863 3960 :

280 4001 419 4054 Cum
447 4000 728 4068 caspissen.
758 4011 933 4052 autem
965 4000 1105 4069 loqui
1150 3998 1216 4052 ad
1249 4000 1387 4061 illos,
1416 3999 1612 4052 cecidit
1640 3998 1867 4067 Spiritus

281 4101 505 4145 Sanctus
535 4092 588 4144 in
614 4090 756 4155 illos,
778 4092 915 4143 sicut
941 4102 992 4143 et
1023 4090 1075 4143 in
1108 4104 1205 4144 nos
1236 4090 1287 4143 in
1318 4089 1490 4143 initio.
1517 4088 1866 4141 Memoratus-

279 4200 390 4253 que
421 4200 536 4236 sum
572 4185 719 4237 verbi
756 4184 956 4237 Domini
989 4183 1126 4236 sicut
1157 4183 1369 4236 dicebat
1402 4199 1415 4235 :
1449 4182 1580 4248 Quia
1631 4181 1865 4236 Joanne.

282 4276 501 4344 quidem
527 4275 809 4343 baptizavit
838 4291 993 4343 aqua,
1023 4290 1115 4329 vos
1146 4291 1273 4329 vero
1326 4272 1719 4341 baptizabimini
1749 4272 1867 4341 Spi-

224 4368 225 4371 “
283 4368 391 4422 i'itu
422 4377 636 4433 sancto;
692 4368 733 4420 si
766 4368 922 4437 igitur
960 4367 1176 4435 :equale‘
1215 4367 1411 4419 donum
1442 4366 1590 4419 dedit
1639 4365 1764 4429 llis,
1796 4366 1868 4418 si-

278 4471 376 4517 cut
404 4470 458 4516 et
486 4462 636 4516 nobis
656 4460 746 4530 qui
776 4460 1104 4515 credidimus
1127 4459 1176 4513 in
1204 4457 1484 4513 Dominum
1507 4459 1687 4513 Jesum
1711 4455 1865 4511 Citri-

1976 3270 2060 3315 tur
2089 3262 2203 3330 ipse
2251 3264 2467 3333 proprie
2511 3264 2650 3333 quod
2683 3264 2840 3318 ambo
2887 3267 3273 3331 communiter;
3325 3266 3560 3337 alioquin

1973 3356 2018 3410 si
2047 3354 2098 3410 in
2124 3356 2210 3409 illa
2241 3356 2506 3411 Trinitate
2533 3357 2676 3411 solus
2699 3356 2933 3427 Spiritus
2960 3368 3176 3412 sanctus
3203 3368 3305 3425 est,
3328 3360 3561 3414 charitas

1975 3446 2211 3514 profecto
2242 3456 2297 3501 et
2352 3445 2549 3512 Filius,
2581 3461 2686 3501 non
2735 3447 2901 3502 solius
2951 3448 3141 3513 Patris,
3168 3464 3353 3503 verum
3400 3452 3559 3505 etiam

1973 3539 2207 3608 Spiritus
2230 3540 2399 3593 sancti
2435 3538 2601 3593 Filius
2633 3540 2923 3593 invenitur.
2958 3539 3029 3593 Ita
3064 3540 3203 3594 enim
3228 3540 3359 3593 locis
3405 3541 3562 3594 innu-

1975 3630 2323 3684 merabilibus
2352 3629 2547 3684 dicitur
2578 3639 2632 3684 et
2660 3630 2877 3699 legitur,
2916 3630 3079 3683 Filius
3111 3630 3414 3698 unigenitus
3467 3630 3561 3684 Dei

1974 3719 2167 3785 Patris,
2193 3730 2251 3774 ut
2309 3728 2483 3772 tamen
2509 3728 2563 3773 et
2591 3719 2720 3771 illud
2756 3734 2943 3773 verum
2981 3719 3071 3783 sit,
3103 3719 3244 3785 quod
3277 3720 3561 3783 Apostolus

1972 3810 2046 3862 ait
2074 3810 2139 3863 de
2170 3810 2280 3863 Deo
2313 3810 2467 3863 Patre
2490 3825 2503 3862 :
2523 3809 2621 3875 Qui
2652 3809 2794 3863 eruit
2816 3822 2911 3861 nos
2938 3808 3006 3862 de
3034 3817 3292 3875 potestate
3315 3812 3558 3863 tenebra-

1972 3917 2114 3962 rum,
2139 3910 2194 3954 et
2217 3900 2486 3954 transtulit
2513 3900 2565 3953 in
2591 3914 2812 3968 regnum
2839 3900 2955 3953 Ftlii
2986 3899 3261 3952 charitatis
3287 3915 3418 3953 sure.
3445 3900 3557 3954 Non

1972 3993 2106 4046 dixit
2134 3990 2249 4045 Filii
2296 3992 2399 4055 sui,
2458 3990 2599 4060 quod
2640 3991 2685 4043 si
2731 3990 2974 4054 diceret,
3005 3990 3280 4043 verissime
3335 3990 3555 4049 diceret.

1971 4083 2418 4153 quemadmodum
2446 4086 2567 4153 quia
2598 4098 2744 4153 saepe
2772 4082 2926 4147 dixit,
2957 4084 3235 4137 verissime
3266 4084 3400 4136 dixit
3423 4102 3434 4134 :
3461 4085 3555 4138 sed

1972 4176 2065 4237 ait,
2088 4174 2203 4228 Filii
2227 4174 2505 4229 charitatis
2533 4189 2662 4231 sua).
2689 4174 2851 4228 Filius
2877 4189 3004 4244 ergo
3032 4185 3113 4229 est
3142 4174 3301 4228 etiam
3331 4174 3556 4241 Spiritus

1974 4266 2167 4330 sancti,
2198 4266 2241 4319 si
2276 4280 2379 4319 non
2409 4276 2492 4320 est
2539 4266 2591 4319 in
2641 4266 2728 4319 illa
2758 4263 3020 4319 Trinitate
3042 4265 3274 4317 charitas
3307 4263 3419 4323 Dei,
3448 4264 3550 4317 nisi

1974 4358 2204 4425 Spiritus
2230 4366 2464 4413 sanctus.
2503 4357 2653 4423 Quod
2683 4357 2728 4411 si
2759 4356 3196 4411 absurdissimum
3243 4366 3354 4419 est,
3391 4364 3553 4408 restat

1977 4460 2029 4502 ut
2054 4464 2157 4503 nou
2180 4449 2326 4502 solus
2349 4449 2418 4502 ibi
2436 4448 2757 4503 sitcharitas
2777 4446 3002 4517 Spiritus
3026 4446 3368 4510 sanctus,sed
3397 4461 3556 4513 prop-

278 4563 452 4620 stum,
477 4568 573 4623 ego
593 4553 713 4622 quis
734 4568 878 4607 eram
901 4553 990 4623 qui
1014 4566 1221 4621 possem
1245 4550 1528 4620 prohibere
1553 4550 1739 4614 Deum,
1757 4564 1859 4602 non
1897 4549 1939 4605 ι)
1973 4551 2053 4597 ter
2084 4542 2191 4606 illa,
2210 4541 2277 4595 de
2303 4541 2491 4610 quibus
2518 4543 2648 4596 satis
2670 4540 2919 4604 disserui,
2944 4539 3158 4610 preprie
3184 4539 3261 4591 sic
3285 4548 3504 4590 vocetur
3536 4553 3551 4590 :

278 4642 418 4698 dare
445 4644 547 4698 illis
571 4644 825 4713 Spiritum
859 4643 1137 4698 sanctum?
1162 4643 1222 4695 Et
1246 4644 1409 4695 multa
1439 4640 1540 4693 alia
1565 4648 1690 4692 sunt
1715 4639 1864 4693 testia-

277 4734 465 4791 monia
486 4736 901 4804 Scripturarurn,
925 4746 1045 4803 qua:
1072 4732 1411 4787 concorditer
1437 4737 1757 4785 attestantnr
1781 4727 1865 4781 do-

278 4836 413 4884 hum
445 4828 537 4882 Dei
584 4836 703 4883 esse
734 4827 993 4897 Spiritum
1037 4836 1311 4889 sanctum,
1346 4824 1397 4877 in
1428 4830 1678 4892 quantum
1708 4819 1865 4874 datur

278 4925 364 4979 eis
392 4926 479 4993 qui
513 4940 605 4993 per
622 4940 742 4979 eum
765 4925 989 4995 diligunt
1013 4925 1174 4979 Deam
1198 4940 1211 4977 :
1236 4922 1330 4977 sed
1362 4921 1518 4975 nimis
1548 4920 1762 4988 longum
1786 4927 1867 4972 est

279 5025 478 5070 Cuncta
501 5017 769 5086 colligere,
793 5026 849 5071 et
877 5016 1000 5086 quid
1030 5017 1108 5071 eis
1132 5017 1261 5071 satis
1287 5025 1366 5071 cst
1398 5015 1586 5084 quibus
1614 5013 1727 5067 ltazc
1748 5026 1867 5080 qua:

277 5106 516 5162 diximus
534 5109 663 5162 satis
686 5124 787 5163 non
812 5107 967 5163 sunt?
989 5108 1127 5164 Sane
1143 5107 1462 5162 admonendi
1478 5105 1619 5171 sunt,
1636 5105 1869 5175 quando-

280 5198 499 5269 quidem
521 5200 716 5254 donum
742 5200 831 5254 Dei
851 5195 961 5270 jam
987 5201 1166 5254 vident
1195 5196 1393 5254 dictum
1426 5199 1683 5268 Spiritum
1711 5211 1864 5251 sanc-

283 5301 421 5359 tum,
439 5301 628 5348 utcum
648 5294 867 5347 audiunt
884 5294 1080 5348 donum
1098 5294 1330 5363 Spiritus
1344 5293 1536 5355 sancti,
1553 5291 1678 5345 lllrrd
1695 5300 1863 5359 genus

279 5376 573 5437 locutionis
589 5382 879 5454 agnoscant
894 5386 1033 5454 quod
1050 5386 1248 5439 dictum
1275 5394 1377 5450 est,
1404 5384 1455 5439 lr.
1470 5382 1861 5454 exspoliatione

278 5473 527 5541 corporis
561 5475 757 5529 carnis.
788 5476 934 5530 Sicut
966 5477 1107 5531 enim
1130 5491 1322 5547 corpus
1355 5478 1531 5531 carnis
1564 5478 1691 5531 nihil
1721 5477 1863 5532 aliud

278 5574 363 5620 αι
379 5575 539 5636 quam
561 5583 708 5632 raro,
725 5570 803 5622 sic
815 5568 1012 5622 donum
1034 5569 1262 5637 Spiritus
1281 5569 1449 5623 sani-ti
1471 5569 1598 5622 nihil
1625 5567 1764 5623 aliud
1782 5579 1862 5624 est

279 5669 441 5729 quam
460 5656 684 5727 Spiritus
700 5673 933 5715 sanctus.
952 5661 1003 5713 In
1021 5670 1223 5716 tantum
1241 5677 1367 5731 ergo
1381 5663 1577 5715 donum
1598 5663 1687 5717 Dei
1704 5666 1865 5726 c.~t,in

282 5760 540 5821 quantum
567 5752 719 5807 datur
744 5753 821 5808 eis
844 5754 1034 5823 quibus
1062 5753 1232 5809 datur.
1272 5757 1305 5808 Α
1319 5756 1419 5824 pud
1446 5770 1501 5809 se
1526 5768 1698 5810 autem
1722 5755 1858 5808 Deus

1968 4633 2106 4702 quod
2137 4641 2312 4685 autem
2339 4632 2537 4686 dictum
2564 4642 2644 4686 est
2670 4632 2786 4686 Filii
2808 4630 3082 4685 charitatis
3105 4644 3236 4694 suae,
3258 4629 3389 4682 nihil
3407 4627 3551 4682 aliud

1967 4725 2292 4794 intelligatur
2308 4739 2464 4794 quam
2490 4723 2609 4778 Filii
2630 4723 2712 4778 sui
2730 4724 2929 4788 dilecti,
2950 4736 3107 4791 quam
3141 4719 3255 4775 Filii
3285 4728 3557 4790 postremo

1969 4814 2280 4871 substantia:
2335 4829 2466 4868 suae.
2493 4813 2737 4868 Charitas
2786 4815 2981 4883 quippe
3012 4811 3205 4876 Patris,
3236 4828 3355 4881 qua:
3384 4812 3435 4866 in
3465 4827 3557 4865 na-

1971 4916 2085 4960 tura
2106 4904 2219 4972 ejus
2240 4914 2324 4959 est
2345 4904 2683 4960 incﬂ'abiliter
2703 4904 2952 4974 simplici,
2974 4904 3103 4957 nihil
3124 4912 3209 4957 est
3232 4903 3377 4957 aliud
3398 4918 3557 4972 quam

1970 4997 2085 5066 ejus
2111 4998 2221 5068 ipsa
2256 5007 2440 5052 natura
2473 5008 2630 5067 atque
2659 4998 2954 5053 substantia
2984 4998 3067 5070 (ut
3093 5012 3239 5066 saepe
3276 4997 3384 5066 jam
3413 4996 3555 5049 dixi-

1972 5105 2108 5152 muv,
2154 5099 2207 5142 et
2251 5103 2396 5157 sarpe
2426 5089 2621 5143 iterare
2656 5104 2761 5143 non
2811 5088 2998 5158 piget),
3024 5104 3085 5141 ac
3122 5102 3218 5156 per
3268 5087 3365 5139 huc
3391 5085 3552 5138 Filius

1968 5180 2239 5233 charitatis
2270 5179 2386 5248 ejus
2416 5180 2593 5235 nullus
2613 5193 2694 5235 est
2723 5181 2856 5235 alius
2878 5193 3034 5249 quam
3058 5178 3146 5245 qui
3169 5178 3233 5231 de
3258 5174 3548 5230 substantia

1965 5271 2081 5341 ejus
2106 5285 2183 5325 est
2214 5275 2443 5341 genitus.

2484 5342 2707 5398 CAPUT
2735 5340 3018 5397 CCXLVI.

1972 5433 2047 5488 De
2067 5435 2464 5505 interrogatione
2487 5433 2737 5495 Itwt'etici,
2761 5440 2937 5505 contra
2976 5444 3063 5505 eos
3090 5426 3179 5505 qui
3223 5423 3551 5505 Unigerrimm

2042 5505 2135 5559 Dei
2164 5489 2283 5557 non“
2312 5515 2535 5571 paterna:
2564 5489 2878 5571 substantia,
2898 5489 2990 5571 sed
3009 5489 3304 5571 _tt9[ttttmlts
3358 5492 3440 5547 Fit
3466 5514 3551 5548 um

2040 5592 2143 5629 esse
2175 5566 2412 5628 dixerunt
2435 5591 2454 5641 ;
2480 5590 2541 5627 ea:
2570 5572 2700 5625 libro
2732 5584 2796 5624 xv
2846 5569 2907 5621 de
2928 5566 3200 5619 Trinitate.

2041 5689 2209 5742 Acutc
2237 5702 2365 5740 sane
2392 5683 2604 5754 quidam
2639 5678 2925 5749 respondit
2953 5674 3210 5731 hatretico
3234 5677 3550 5731 versutissi-

1968 5792 2053 5832 me
2087 5775 2432 5844 interroganti
2458 5814 2471 5841 ,
2507 5780 2683 5827 uirum
2733 5769 2871 5825 Deus
2905 5767 3095 5822 Filium
3122 5765 3305 5822 volens
3339 5782 3407 5822 an
3456 5783 3551 5823 no-
