4016 6184
490 348 594 405 027

1572 344 1633 398 D.
1677 338 1995 398 EUGYPPII
2033 334 2324 393 ABBATIS
2364 336 2684 393 AFRICANI

3640 343 3745 397 928

495 464 614 519 lens
642 461 925 532 genuerit:
951 468 1011 515 ut
1036 460 1082 515 si
1125 460 1417 525 diceretur,
1447 459 1655 526 nolens,
1680 456 2063 512 absurdissima
2096 455 2141 513 Α
2173 458 2447 511 memoriae
2470 455 2713 510 tribuens
2735 468 2895 511 omne
2931 455 3072 523 quod
3105 456 3304 511 scimus
3324 497 3341 523 ,
3384 458 3591 513 etiamsi
3642 474 3746 513 non

496 556 591 610 Dei
646 554 859 609 miseria
906 562 1262 622 sequeretur;
1305 554 1351 607 si
1397 560 1595 617 autem,
1634 552 1845 617 volens,
1894 550 2071 605 conti-

499 658 607 700 nuo
654 643 796 713 quod
864 642 1173 696 intendebat
1231 644 1376 698 velut
1429 644 1625 697 invicta
1679 643 1890 696 ratiinte
1944 656 2075 695 con-

496 734 758 795 cluderet,
793 748 897 786 non
925 742 1130 787 natura:
1156 747 1279 788 esse
1308 732 1522 799 Filium,
1551 733 1646 788 sed
1672 733 1981 787 voluntatis.
2007 731 2077 784 At

498 826 588 879 ille
634 824 1034 891 vigilantissime
1085 823 1320 878 vicissim
1359 824 1606 894 quasivit
1636 825 1705 878 ab
1753 839 1845 890 eo,
1892 835 2076 877 utrum

499 913 641 967 Deus
672 913 828 966 Pater
854 913 1039 967 volens
1068 927 1137 964 an
1163 912 1351 967 nolens
1377 914 1449 967 sit
1484 912 1623 967 Dt-us
1650 931 1661 964 :
1694 922 1751 966 ut
1779 912 1821 966 si
1854 926 2080 980 respou-

498 1005 672 1070 deret,
700 1006 908 1070 nolens,
932 1013 1247 1074 sequeretur
1274 1005 1363 1058 illa
1398 1006 1614 1059 miseria
1662 1019 1820 1074 quam
1850 1002 1920 1057 de
1960 1004 2073 1056 Deo

501 1095 723 1149 credere
745 1110 934 1164 magna
966 1096 1170 1149 insania
1197 1104 1308 1158 est;
1333 1095 1378 1149 si
1406 1105 1584 1151 autem
1608 1096 1838 1161 diceret,
1869 1095 2079 1159 volens,

502 1187 919 1254 responderetur
949 1187 1023 1250 ei,
1057 1187 1195 1256 Ergo
1238 1197 1289 1240 et
1322 1188 1438 1255 ipse
1494 1188 1766 1241 voluntate
1794 1202 1889 1240 sua
1940 1187 2081 1240 Deus

503 1283 613 1341 est,
645 1291 752 1330 non
775 1286 984 1330 natura.
1014 1276 1150 1342 Quid
1176 1291 1307 1346 ergo
1327 1278 1698 1342 restabat,nisi
1730 1287 1780 1332 ct
1808 1278 2082 1333 obmutes-

503 1376 673 1432 ceret,
694 1377 749 1421 et
774 1384 866 1421 sua
898 1368 1319 1439 interrogatione
1347 1370 1459 1440 38
1488 1370 1785 1440 obligatum
1816 1370 2077 1424 insolubi-

505 1460 541 1513 li
573 1460 787 1515 vinculo
815 1476 875 1515 se
900 1461 1149 1515 videret?
1200 1461 1308 1517 Sed
1355 1462 1605 1516 voluntas
1632 1461 1746 1526 Dei,
1792 1462 1837 1514 si
1868 1469 1922 1516 et
1953 1476 2083 1530 pro-

508 1553 624 1619 prie
653 1553 876 1607 dicenda
915 1562 997 1607 est
1020 1551 1194 1620 aliqua
1228 1554 1282 1607 in
1313 1552 1578 1607 Trinitate
1609 1564 1856 1622 per.~ona,
1914 1553 2085 1622 magis

507 1644 607 1696 hoc
636 1657 829 1697 nomen
858 1643 1079 1712 Spiritui
1108 1651 1296 1696 sancto
1323 1643 1605 1710 competit,
1634 1642 1775 1697 sicut
1803 1642 2038 1696 cbaritas
2066 1658 2084 1696 :

507 1747 629 1788 nam
654 1733 780 1803 quid
821 1742 906 1788 est
943 1733 1084 1787 aliud
1114 1734 1346 1787 charitas
1376 1748 1533 1803 quam
1586 1734 1881 1787 voluntas?
1914 1734 2085 1789 Video

2178 545 2306 600 inde
2351 545 2687 615 cogitemus;
2736 544 3104 614 intelligentia:
3146 560 3278 600 vero
3324 546 3538 614 proprio
3591 547 3748 618 [quo-

2175 634 2323 705 dam]
2376 635 2530 689 modo
2568 633 2853 704 quamdam
2883 634 3224 703 cogitationis
3272 636 3741 697 informationem;

2177 726 2458 795 cogitando
2484 726 2623 780 enim
2652 725 2792 795 quod
2820 741 3005 779 verum
3038 727 3378 793 invenimus,
3426 728 3527 782 hoc
3577 732 3751 782 maxi-

2179 829 2267 869 me
2298 815 2594 883 intelligere
2616 815 2840 870 dicimus
2870 815 3164 887 {dicimur},
3196 829 3251 871 et
3296 818 3396 872 hoc
3440 821 3658 888 quidem
3702 822 3752 876 in

2181 908 2437 962 memoria
2479 922 2664 963 rursus
2709 908 3081 976 relinquimus.
3136 909 3241 963 Sed
3291 911 3379 963 illa
3426 920 3511 966 est
3549 914 3754 967 abstru-

2179 997 2291 1052 sior
2317 997 2645 1066 profunditas
2668 1008 2863 1051 nostra:
2888 1003 3187 1062 memoriae,
3210 1000 3300 1053 ubi
3326 1001 3427 1055 hoc
3453 1004 3618 1056 etiam
3650 1006 3755 1072 pri-

2181 1104 2325 1143 mum
2352 1103 2472 1143 cum
2511 1089 2869 1157 cogitaremus
2910 1088 3235 1155 invenimus,
3261 1101 3316 1144 et
3364 1093 3605 1161 gignitur
3636 1096 3753 1148 inti-

2182 1194 2327 1233 mum
2377 1179 2625 1244 verbum,
2677 1179 2820 1248 quod
2869 1181 3068 1234 nullius
3115 1181 3304 1249 lingua:
3334 1184 3446 1249 sit,
3502 1194 3749 1254 tamtum

2179 1270 2400 1323 scientia
2428 1268 2495 1323 de
2515 1270 2769 1334 scientia,
2789 1280 2842 1324 et
2867 1272 3004 1326 visio
3026 1271 3095 1327 de
3115 1274 3341 1339 visione,
3364 1285 3420 1328 et
3446 1276 3754 1347 intelligar.

2182 1362 2251 1414 tia
2280 1376 2397 1429 quae
2418 1370 2637 1429 apparet
2666 1360 2717 1414 in
2747 1362 3093 1430 cogitatione,
3114 1364 3181 1419 de
3227 1366 3583 1437 intelligentia
3637 1385 3755 1439 qua:

2184 1451 2237 1506 in
2266 1453 2521 1506 memoria
2546 1452 2656 1521 jam
2684 1453 2881 1516 fuerat,
2914 1457 3006 1509 sed
3057 1456 3294 1511 latebat:
3342 1474 3653 1528 quanquam
3708 1473 3757 1518 et

2184 1544 2298 1613 ipsa
2333 1544 2614 1614 cogitatio,
2639 1546 2923 1613 quamdam
2948 1562 3095 1601 suam
3126 1550 3438 1605 memoriam
3467 1551 3573 1607 nisi
3604 1553 3757 1610 babe-

2184 1646 2284 1698 ret,
2329 1652 2435 1690 non
2460 1646 2817 1691 reverteretur
2844 1638 2913 1692 ad
2934 1654 2996 1694 ea
3024 1656 3145 1709 quae.
3172 1642 3224 1695 in
3247 1643 3505 1697 memoria
3536 1646 3757 1713 relique-

2187 1735 2268 1780 rat
2291 1741 2409 1781 cum
2439 1727 2540 1780 alia
2561 1728 2841 1796 cogitaret.
2875 1729 2953 1783 De
2983 1729 3181 1798 Spiritu
3207 1739 3387 1786 autem
3415 1744 3607 1788 sancto
3637 1736 3755 1790 nihil

505 1840 594 1881 me
613 1826 680 1881 de
694 1826 893 1894 spiritu
914 1835 1103 1882 sancio
1123 1827 1177 1880 in
1198 1828 1300 1881 isto
1315 1826 1451 1881 libro
1463 1826 1758 1880 secundum
1781 1826 2082 1894 scripturas
2119 1808 2159 1868 Β
2190 1821 2243 1874 in
2258 1819 2358 1874 hoc
2377 1819 2659 1888 arnigmate
2680 1820 2819 1887 quod
2839 1821 2886 1875 ei
2901 1821 3075 1875 simile
3097 1822 3393 1889 videretur,
3409 1825 3652 1891 ostendi,
3667 1828 3757 1881 nisi

504 1926 718 1971 sanctas
760 1917 860 1971 hoc
888 1916 1192 1984 disputasse
1221 1916 1361 1986 quod
1416 1916 1661 1970 fidelibus
1709 1916 1934 1982 sufficit,
1972 1916 2087 1985 jam

508 2004 797 2059 scientibus
830 2006 997 2059 Deum
1028 2018 1150 2059 esse
1184 2003 1440 2073 Spiritum
1470 2012 1715 2058 sanctum
1742 2021 1755 2068 ;
1805 2019 1902 2059 nec
1948 2006 2087 2058 alte-

509 2105 622 2152 rius
647 2096 977 2159 substantiae,
1008 2110 1109 2151 nec
1137 2096 1398 2150 minorem
1421 2110 1581 2166 quam
1613 2106 1697 2150 est
1724 2097 1881 2151 Pater
1918 2107 1972 2151 et
1998 2097 2084 2152 Fi-

511 2186 629 2250 lius,
660 2187 803 2255 quod
833 2188 889 2241 in
916 2188 1280 2257 superioribus
1312 2188 1485 2254 libris,
1532 2190 1830 2243 secundum
1860 2192 2079 2243 easdem

511 2277 814 2346 Scripturas
834 2285 1066 2345 sanctas,
1099 2292 1286 2332 verum
1311 2276 1521 2350 [etiam]
1541 2293 1664 2332 esse
1687 2279 1991 2333 docuimus.
2016 2281 2091 2336 De

514 2379 757 2421 creatura
786 2368 948 2422 etiam
971 2382 1128 2435 quam
1155 2366 1279 2423 fecit
1324 2368 1488 2434 Deus,
1519 2378 1779 2437 quantum
1820 2370 2089 2425 valuimus

513 2460 884 2513 admonuimus
946 2473 1041 2513 eos
1093 2459 1187 2526 qui
1251 2460 1517 2514 rationem
1562 2458 1630 2513 de
1683 2460 1848 2514 rebus
1897 2462 2092 2515 talibus

514 2558 760 2615 poscunt,
784 2557 841 2603 ut
867 2548 1153 2603 invisibilia
1180 2549 1319 2618 ejus,
1370 2565 1463 2617 per
1505 2564 1567 2604 ea
1612 2565 1733 2615 qum
1763 2552 1897 2604 facta
1932 2562 2090 2617 sunt,

514 2638 650 2693 sicut
680 2650 898 2708 p0380l“
923 2640 1194 2696 intellecta
1221 2642 1618 2711 conspicerent,
1645 2652 1705 2695 et
1730 2641 1962 2699 maxime
1999 2660 2095 2714 per

516 2732 830 2786 rationa’em
860 2733 944 2787 vel
993 2733 1411 2788 intellectualem
1436 2744 1760 2800 creaturam,
1794 2751 1911 2806 qua:
1959 2738 2092 2792 facta

518 2830 601 2875 eat
626 2821 693 2875 ad
742 2822 1023 2891 imaginem
1074 2824 1189 2892 Dei,
1243 2839 1340 2893 per
1376 2826 1540 2894 quod,
1591 2827 1735 2879 velut
1792 2828 2093 2894 speculum,

518 2921 773 2976 quantum
803 2922 1040 2981 possent,
1092 2914 1137 2968 si
1180 2924 1420 2983 possent,
1468 2927 1755 2979 cernerent
1781 2917 2094 2972 Trinitatem

523 3003 686 3058 Demn
730 3005 781 3057 in
814 3015 993 3059 nostra
1045 3007 1323 3075 memoria,
1377 3007 1750 3077 intelligentia,
1796 3009 2098 3064 voluntate.

524 3095 652 3159 una:
682 3095 778 3146 tria
808 3095 857 3147 in
888 3110 981 3148 sua
1015 3106 1193 3151 mente
1224 3098 1535 3150 naturaliter
1556 3098 1812 3151 divinitus
1855 3100 2096 3153 instituta

2190 1912 2520 1964 voluntatem
2546 1920 2805 1973 nostram,
2837 1910 2921 1965 vel
2965 1926 3230 1976 amorem,
3253 1928 3350 1967 seu
3396 1913 3756 1982 dilectionem,

2188 2015 2307 2069 qua:
2324 2000 2585 2054 valent’or
2606 2008 2690 2054 est
2716 2000 2977 2055 voluntas.
2992 2001 3255 2067 Quoniam
3280 2002 3533 2058 voluntas
3563 2016 3757 2066 nostra,

2188 2108 2307 2163 qua:
2328 2092 2479 2145 nobis
2492 2093 2801 2147 naturaliter
2815 2093 2969 2157 ine5t,
2989 2095 3129 2148 sicut
3149 2095 3196 2148 ei
3220 2111 3306 2150 res
3324 2096 3661 2165 adi-teucrint
3682 2100 3759 2153 vel

2189 2184 2540 2245 orcurrerint,
2554 2183 2748 2249 quibus
2762 2182 3025 2237 aiiicimur
3041 2185 3120 2239 vel
3136 2185 3477 2248 ofleudimur,
3499 2188 3577 2242 ita
3600 2192 3761 2243 variat

2190 2272 2499 2328 affectiones
2527 2274 2704 2327 habet.
2733 2274 2868 2339 Quid
2891 2289 3021 2344 ergo
3041 2277 3168 2329 est?
3194 2279 3429 2345 nunquid
3458 2279 3655 2332 dicturi
3673 2294 3759 2332 su-

2195 2381 2311 2420 mus
2338 2365 2661 2420 voluntatem
2694 2374 2955 2431 nostram,
2986 2367 3199 2435 quando
3240 2378 3385 2422 recta
3411 2379 3520 2431 est,
3562 2371 3757 2425 nescire

2193 2457 2316 2523 quid
2342 2465 2576 2525 appetat,
2612 2456 2738 2525 quid
2766 2457 2966 2512 evitet?
2998 2457 3161 2512 Porro
3190 2459 3233 2511 si
3263 2460 3387 2523 scit,
3419 2461 3663 2528 profecto
3686 2464 3760 2515 itt-

2194 2554 2278 2600 est
2326 2545 2373 2600 ei
2420 2562 2511 2602 sua
2538 2547 2784 2617 quaedam
2816 2548 3065 2616 scientia,
3116 2564 3234 2617 qua)
3265 2549 3381 2604 sine
3415 2553 3671 2607 memoria
3712 2564 3759 2609 et

2198 2639 2546 2708 intelligentia
2576 2654 2696 2695 esse
2745 2655 2853 2694 non
2892 2650 3068 2710 potest
3107 2639 3346 2711 [possit].
3400 2645 3481 2696 An
3506 2659 3637 2697 vero
3673 2661 3757 2698 au-

2197 2729 2423 2783 diendus
2451 2740 2533 2785 est
2562 2730 2860 2799 quispiam,
2909 2730 3122 2798 dicens,
3192 2731 3520 2787 Charitatem
3572 2737 3762 2800 nescire

2196 2819 2322 2889 quid
2347 2829 2486 2888 agat,
2518 2836 2637 2889 qua:
2667 2836 2771 2875 non
2800 2822 2905 2891 agit
2929 2822 3258 2889 perperam?
3292 2823 3443 2877 Sicut
3464 2839 3599 2893 ergo
3639 2826 3763 2880 inest

2201 2913 2584 2981 intelligentia,
2658 2914 2796 2968 inest
2858 2900 3074 2969 dilectio
3125 2915 3197 2969 illi
3253 2918 3529 2971 memoria:
3588 2918 3763 2988 princi-

2203 3005 2340 3074 pali,
2392 3007 2449 3060 in
2497 3021 2597 3073 qua
2640 3006 2937 3062 invenimus
2967 3018 3209 3077 paratum
3239 3018 3295 3064 et
3338 3011 3670 3065 reconditum
3707 3010 3763 3065 ad

2203 3096 2343 3163 quod
2375 3098 2658 3165 cogitando
2703 3114 2987 3165 possumus
3034 3102 3350 3169 pervenire,
3396 3104 3517 3171 quia
3577 3115 3627 3157 et
3673 3104 3763 3158 duo

527 3181 765 3249 quisquis
790 3183 1043 3235 vivacitcr
1069 3184 1343 3253 perspicit,
1375 3193 1431 3237 et
1468 3201 1626 3252 quam
1660 3202 1910 3254 magnum
1944 3190 2017 3241 sit
2047 3188 2098 3243 in
2133 3172 2180 3235 (ἶ
2210 3186 2308 3243 ista
2349 3188 2648 3243 invenimus
2688 3190 2790 3255 ibi,
2831 3191 3043 3259 quando
3097 3208 3198 3246 nos
3240 3193 3526 3262 engitando
3580 3196 3762 3248 ith‘ﬂi-

528 3287 627 3334 ea,
667 3273 809 3326 unde
853 3282 1027 3342 potest
1067 3276 1228 3330 etiam
1279 3275 1607 3342 sempiterna
1650 3277 2105 3348 immutabilisquc

535 3370 724 3412 natura
770 3363 954 3425 recoli,
983 3362 1243 3431 conspici,
1269 3363 1573 3431 concupisci
1603 3365 1987 3436 (reminiscitur
2010 3384 2106 3438 per

532 3454 876 3517 memoriam,
912 3455 1144 3507 intuetur
1172 3466 1269 3523 per
1292 3457 1719 3524 intelligentiam,
1765 3462 2106 3529 amplectitur

534 3558 630 3611 per
656 3544 1018 3607 dilectionem,
1074 3545 1311 3612 profecto
1336 3547 1536 3614 reperit
1568 3550 1711 3603 illius
1736 3564 1959 3605 summa:
1990 3552 2107 3607 Tri-

536 3633 715 3687 nitatis
748 3633 1061 3703 imaginem.
1090 3636 1167 3688 Ad
1197 3651 1353 3703 quam
1385 3653 1648 3693 summam
1676 3641 1991 3697 Trinitatem
2018 3660 2103 3698 re-

536 3726 944 3789 miniscendoin,
978 3728 1285 3794 videndam,
1313 3730 1659 3799 diligendum,
1692 3742 1749 3785 ιιι
1779 3748 1898 3787 eam
1930 3750 2109 3789 recor-

535 3818 734 3880 detur,
810 3833 927 3871 eznu
1006 3819 1438 3888 contempletur,
1498 3836 1559 3874 ea
1617 3823 1953 3889 delectetur,
2025 3834 2101 3878 to-

536 3917 649 3958 tum
724 3906 883 3961 debet
935 3907 1135 3963 referre
1198 3910 1339 3978 quod
1397 3912 1545 3964 vivit.
1599 3912 1791 3967 Verum
1848 3930 1914 3967 ne
1972 3919 2111 3970 hanc

539 4004 846 4072 imaginem,
877 4005 947 4059 ab
972 4004 1161 4059 eadem
1198 4006 1461 4060 Trinitate
1493 4006 1711 4071 lactant,
1759 4016 1813 4062 ct
1857 4025 1954 4062 suo
1985 4010 2113 4063 vitio

536 4094 588 4147 in
617 4095 850 4147 deterius
877 4104 1282 4161 commutatam,
1315 4098 1385 4150 ita
1418 4097 1592 4151 eidem
1618 4111 1896 4167 comparet
1926 4100 2109 4154 Trini-

539 4186 655 4249 tati,
685 4195 742 4238 ut
767 4188 910 4240 omni
943 4188 1102 4241 modo
1128 4187 1400 4241 existimet
1427 4188 1683 4252 similem,
1714 4191 1808 4244 sed
1844 4192 2018 4260 potius
2063 4194 2113 4247 in

543 4279 907 4347 qualicunque
936 4280 1032 4333 ista
1063 4280 1409 4335 similitudine
1443 4298 1687 4351 magnam
1714 4300 1929 4353 quoque
1959 4286 2115 4340 dissi-

541 4368 888 4423 militudinem
923 4380 1135 4437 cernat,
1187 4382 1441 4439 quantum
1494 4374 1627 4427 satis
1675 4389 1796 4429 esse
1838 4375 2115 4431 videbantur

539 4457 811 4510 admonui.

1044 4527 1266 4584 CAPUT
1306 4529 1597 4586 CCXLV“.

2210 3296 2351 3349 ntus,
2402 3290 2459 3335 et
2498 3282 2793 3353 intelligere
2843 3284 3075 3353 aliquid,
3135 3287 3295 3339 etiam
3340 3294 3393 3341 et
3436 3302 3622 3341 amare
3666 3305 3763 3354 qua:

2210 3373 2278 3427 ibi
2330 3384 2522 3436 erant,
2570 3385 2625 3429 et
2676 3378 2890 3444 quando
2945 3376 3069 3431 inde
3114 3393 3221 3431 non
3266 3378 3635 3448 cogitabamus
3672 3399 3682 3430 :
3720 3390 3763 3433 et

2208 3464 2348 3520 sicut
2390 3466 2527 3519 inest
2575 3468 2853 3530 memoria,
2888 3468 3033 3523 inest
3071 3468 3289 3524 dilectio
3320 3472 3444 3524 huic
3487 3471 3762 3538 intelligen»

2210 3554 2296 3607 tia:
2350 3571 2467 3622 qua:
2516 3558 2841 3624 cogitatione
2890 3554 3149 3611 formatur
3183 3575 3199 3622 ;
3238 3559 3380 3627 quod
3428 3560 3649 3613 verbum
3690 3573 3763 3612 ve-

2212 3663 2328 3701 rttm
2367 3647 2481 3701 sine
2520 3649 2676 3702 ullius
2704 3649 2875 3717 gentis
2918 3649 3093 3717 lingua
3129 3649 3272 3703 intus
3300 3650 3551 3712 dicimus,
3579 3648 3765 3719 quando

2210 3738 2556 3807 cognovimus
2600 3738 2860 3800 dicimus;
2919 3754 3043 3790 nam
3087 3739 3186 3791 nisi
3237 3739 3634 3791 reminiscendo
3674 3752 3761 3789 non

2213 3828 2353 3883 redit
2380 3827 2444 3881 ad
2490 3828 2715 3897 aliquid,
2759 3841 2811 3881 et
2853 3827 2955 3882 nisi
2986 3828 3215 3881 amando
3258 3828 3438 3881 redire
3483 3844 3593 3882 non
3636 3836 3765 3881 curat

2215 3930 2419 3971 nostra:
2455 3919 2793 3986 COgitationis
2837 3918 3077 3979 intuitus,
3112 3919 3180 3970 ita
3211 3919 3449 3971 dilectio.
3478 3935 3599 3986 qua:
3628 3918 3765 3969 visio-

2214 4023 2337 4063 nem
2368 4008 2419 4060 in
2449 4007 2704 4061 meritoria
2735 4008 3105 4066 constitutam.
3139 4018 3193 4061 et
3214 4009 3481 4062 visionem
3509 4006 3764 4077 cogitatio-

2217 4099 2298 4156 nis
2329 4099 2453 4154 inde
2471 4097 2776 4166 formatam,
2807 4100 2957 4170 quasi
3008 4110 3281 4168 parentem
3325 4100 3639 4171 prolemque
3659 4114 3767 4153 con-

2211 4194 2406 4264 iung“.

2714 4263 2938 4318 CAPUT
2977 4261 3294 4318 CCXLVIII.

2217 4374 2341 4428 Tria
2368 4389 2479 4440 qum
2514 4383 2625 4425 stml
2648 4374 2698 4426 in
2728 4374 2949 4440 imagine
2987 4371 3097 4434 Dei,
3127 4373 3181 4425 id
3208 4382 3283 4424 est
3313 4373 3581 4435 memoria,
3639 4372 3771 4423 intel-

2291 4446 2447 4497 lectus
2469 4453 2513 4495 rt
2541 4460 2684 4495 amor
2714 4445 2864 4495 unius
2913 4458 3160 4507 personat,
3204 4445 3326 4510 quia
3369 4460 3471 4495 non
3505 4444 3600 4496 hoc
3637 4456 3702 4495 est
3736 4443 3773 4495 ei

2147 4539 2197 4600 Ι)
2295 4530 2400 4568 esse
2427 4515 2561 4583 quod
2593 4515 2698 4566 lure
2729 4512 2911 4566 habere
2936 4529 2951 4578 ;
2983 4529 3044 4566 ea:
3073 4515 3244 4566 eodem
3274 4513 3423 4568 libro.

540 4634 619 4688 De
639 4639 1053 4713 siiiiititttdinibus
1103 4639 1367 4713 Trinitatis
1414 4643 1600 4695 divina:
1623 4687 1635 4710 ,
1678 4660 1791 4711 qua:
1836 4645 1890 4697 in
1933 4661 2117 4700 natura
2178 4678 2232 4712 ,ι
2299 4647 2493 4701 Verum
2526 4647 2638 4698 ha'c
2661 4646 2879 4713 quando
2903 4647 2955 4698 in
2981 4661 3083 4699 una
3112 4652 3237 4698 sunt
3260 4660 3511 4713 pessona,
3540 4646 3673 4709 sicut
3706 4653 3775 4698 est

614 4711 790 4759 utentis
830 4714 895 4759 ait
951 4712 1224 4779 imaginem
1269 4711 1361 4764 Dei
1394 4712 1549 4782 facta:
1595 4716 1812 4784 reperiri
1861 4725 2117 4786 utcunque

619 4788 906 4843 potuerunt.

616 4910 757 4965 Sane
788 4912 954 4966 Deum
988 4915 1220 4981 Patrem,
1252 4926 1306 4972 et
1329 4916 1493 4972 Deum
1518 4916 1733 4980 Filium.
1763 4921 1815 4975 id
1844 4930 1929 4975 est
1951 4922 2115 4976 Deum

544 5002 869 5071 genitorem,
901 5005 989 5072 qui
1017 5007 1192 5060 omnia
1223 5024 1342 5077 qua:
1388 5009 1814 5067 substantialiter
1857 5012 2018 5068 habet
2061 5014 2113 5067 in

544 5102 814 5147 coatteruo
845 5094 944 5148 sibi
980 5095 1153 5150 Verbo
1194 5114 1294 5152 suo
1315 5099 1452 5154 dixit
1476 5102 1878 5171 quodammodo
1908 5120 1921 5155 :
1948 5114 2002 5157 et
2035 5103 2116 5172 ip-

545 5195 664 5234 sum
691 5180 924 5236 Verbum
965 5182 1084 5251 ejus
1108 5184 1301 5249 Deum,
1341 5188 1431 5256 qui
1488 5204 1587 5244 nec
1633 5190 1754 5258 plus
1801 5206 1898 5245 nec
1944 5191 2120 5245 minus

543 5272 742 5339 aliquid
764 5274 919 5328 habet
932 5274 1091 5327 etiam
1112 5276 1228 5342 ipse
1241 5278 1687 5345 suhstantialiter,
1707 5296 1866 5350 quam
1883 5282 2026 5351 quod
2041 5293 2123 5336 est

544 5361 597 5419 in
628 5365 718 5419 illo
748 5367 837 5436 qui
869 5369 1089 5421 verbum
1115 5382 1217 5421 non
1250 5370 1580 5425 mendaciter
1609 5373 1702 5426 sed
1732 5376 2001 5428 veraciter
2027 5390 2117 5443 ge-

545 5456 697 5509 nuit:
728 5459 1178 5526 quemadmodum
1226 5461 1393 5529 potui,
1429 5479 1534 5517 non
1578 5474 1634 5518 ut
1678 5466 1804 5519 illud
1844 5465 1954 5535 jam
1990 5467 2124 5520 facie

545 5547 610 5599 ad
643 5548 852 5615 faciem,
883 5549 978 5605 sed
1006 5567 1098 5621 per
1130 5551 1266 5608 hanc
1288 5554 1690 5611 similitudinem
1726 5558 1778 5609 in
1813 5558 2117 5627 tl‘ttigtlialc,

556 5642 1084 5714 quantulumcunque
1112 5646 1449 5715 conjicienda
1466 5650 1736 5705 videretur
1760 5651 1810 5702 in
1828 5651 2083 5704 memoria
2104 5695 2116 5716 ,

547 5736 601 5781 et
627 5728 972 5800 intelligentia
1004 5737 1194 5790 tuentis
1226 5749 1421 5794 nostra:
1448 5741 1857 5810 signiﬁcaretur,
1891 5744 2071 5796 curavi
2101 5760 2112 5795 :

2222 4738 2406 4801 homo,
2423 4744 2597 4803 potest
2614 4736 2765 4788 nobis
2779 4735 3041 4804 quispiam
3060 4736 3242 4789 dicere
3266 4752 3279 4788 :
3296 4735 3419 4787 Tria
3441 4736 3563 4801 ista,
3588 4750 3774 4790 memo-

2223 4829 2318 4890 ria,
2355 4828 2659 4881 intellectus
2685 4838 2737 4879 et
2760 4841 2939 4890 amor,
2966 4843 3083 4880 mea
3115 4836 3262 4892 sunt,
3287 4841 3497 4880 nonsua
3520 4845 3536 4891 ;
3562 4827 3773 4886 necsibi,

2225 4920 2321 4975 sed
2350 4920 2476 4972 mihi
2495 4918 2809 4988 aguntquod
2825 4928 3027 4987 agunt;
3059 4920 3163 4972 imo
3178 4933 3278 4989 ego
3292 4921 3513 4987 pet-illa,
3537 4936 3633 4990 ego
3652 4921 3775 4973 enim

2222 5012 2439 5067 memini
2474 5028 2568 5081 per
2598 5011 2928 5075 memoriam,
2962 5012 3200 5082 intelligo
3229 5028 3325 5084 per
3362 5013 3771 5081 iutvlligentiam,

2223 5117 2343 5155 amo
2367 5117 2461 5170 per
2500 5116 2736 5154 antorem
2765 5118 2777 5153 :
2807 5111 2863 5156 et
2906 5102 3123 5169 quando
3172 5102 3238 5156 ad
3270 5103 3584 5158 memoriam
3626 5115 3776 5155 meam

2228 5194 2400 5248 aciem
2435 5192 2774 5261 cogitationis
2804 5193 3049 5256 adverto,
3076 5208 3139 5247 ac
3162 5194 3312 5256 sicin
3338 5195 3502 5249 corde
3525 5210 3644 5248 illCO
3662 5192 3767 5246 diro

2226 5283 2371 5353 quod
2386 5283 2499 5339 scio
2511 5324 2526 5348 ,
2547 5284 2708 5337 verbu
2718 5299 2873 5352 mque
2890 5299 3072 5337 verum
3088 5285 3154 5339 de
3171 5287 3393 5340 scientia
3413 5301 3529 5340 mea
3545 5284 3773 5355 gignitur,

2230 5386 2511 5443 ntruutque
2543 5389 2718 5427 meum
2750 5385 2855 5438 est,
2880 5383 2936 5428 et
2969 5375 3193 5429 scientia
3241 5377 3425 5447 utique
3467 5386 3522 5431 et
3556 5376 3774 5429 verbum.

2236 5467 2343 5534 Ego
2373 5468 2513 5519 enim
2545 5470 2679 5535 scio,
2712 5483 2811 5537 ego
2846 5468 2965 5522 dico
2998 5469 3048 5521 in
3099 5485 3219 5523 meo
3267 5471 3432 5524 corde
3474 5471 3612 5538 quod
3662 5468 3777 5527 scio,

2230 5566 2284 5610 et
2312 5557 2525 5625 quando
2551 5559 2600 5611 in
2633 5560 2886 5613 nti-moria
2934 5575 3052 5613 mea
3079 5560 3361 5629 cogitando
3404 5563 3649 5625 invenio,
3688 5560 3781 5627 iam

2231 5663 2315 5703 me
2342 5648 2661 5717 intelligere,
2690 5654 2796 5719 jam
2824 5668 2908 5705 me
2934 5666 3111 5707 amare
3136 5653 3359 5722 aliquid,
3379 5654 3467 5724 qui
3503 5654 3784 5707 intellectus

2232 5747 2284 5794 et
2310 5756 2460 5796 amor
2506 5742 2576 5797 ibi
2624 5751 2793 5806 erant,
2830 5752 2881 5799 et
2913 5754 3195 5813 antequam
3222 5745 3345 5801 inde
3375 5747 3684 5818 cogitarem,
3716 5743 3784 5798 in.
