4016 6184
279 317 385 371 929

1528 318 1960 378 τηεεΑυιιυδ.
2002 320 2159 380 CAP.
2198 316 2347 381 CCL.

3449 344 3553 398 950

277 437 555 493 tellectum
586 451 763 492 meum
784 446 839 493 et
861 452 1098 495 antorem
1121 452 1298 494 meum
1332 439 1546 495 invenio
1573 440 1625 494 in
1655 455 1860 497 niemo-
1888 443 1933 501 Α
1967 456 2082 495 rum
2108 445 2293 511 trium,
2323 460 2485 515 quam
2518 446 2631 501 haec
2658 448 2855 514 unius;
2904 448 2992 504 illa
3022 450 3223 521 quippe
3265 452 3316 506 in
3365 464 3551 512 natura

276 529 357 583 ria
389 544 531 595 mea,
561 543 669 598 quo
694 544 794 600 ego
825 530 1086 600 intelligo,
1123 546 1224 600 ego
1240 546 1383 597 amo,
1416 546 1524 586 non
1557 534 1691 601 ipsa.
1726 531 1859 588 Item

274 622 492 691 quando
518 622 773 691 eOgitatio
821 637 942 678 mea
989 638 1195 678 memor
1220 633 1322 689 est,
1348 632 1403 679 et
1431 625 1543 679 vult
1584 624 1764 681 redire
1792 624 1858 680 ad

272 731 339 768 ea
366 730 485 784 qua:
539 715 591 768 in
638 715 901 769 memoria
958 715 1274 784 reliquerat,
1309 732 1371 772 ea
1430 732 1551 787 qua:
1582 716 1854 772 intellecta

272 804 592 872 conspicere
646 813 805 874 atque
858 806 999 859 intus
1048 806 1249 869 dicere,
1283 823 1399 860 mea
1452 808 1711 862 memoria
1738 823 1856 864 me-

274 908 398 947 mor
424 903 529 960 est,
560 901 617 948 et
656 908 772 947 mea
826 893 939 947 vult
966 895 1262 959 voluntate,
1293 912 1397 951 nou
1425 911 1541 950 sua.
1576 897 1693 965 Ipse
1722 912 1860 967 quo-

268 1000 383 1053 que
439 1000 591 1039 amor
636 999 809 1047 meus,
840 999 961 1038 cum
990 987 1233 1040 meminit
1255 996 1414 1056 atque
1456 988 1707 1058 intelligit
1729 989 1856 1058 quid

270 1087 533 1145 appetere
577 1078 790 1143 debeat,
816 1079 942 1146 quid
994 1080 1183 1145 vitare,
1227 1095 1325 1149 per
1381 1097 1579 1147 meam,
1612 1099 1721 1138 non
1756 1099 1851 1152 per

272 1182 429 1220 suam
482 1169 797 1221 memoriam
853 1170 1138 1233 meminit,
1195 1180 1248 1224 et
1297 1187 1391 1240 per
1439 1173 1847 1244 intelligentiam

273 1272 477 1323 meam,
512 1273 617 1312 non
665 1258 805 1330 [per]
836 1273 1006 1324 suam,
1029 1260 1284 1329 quidquid
1305 1263 1666 1332 intclligcnter
1688 1276 1855 1330 amat,

272 1346 558 1416 intelligit;
589 1348 729 1416 quod
761 1348 997 1403 breviter
1024 1349 1129 1403 dici
1162 1358 1341 1419 potest
1370 1368 1380 1402 :
1415 1351 1527 1419 Ego
1554 1367 1651 1421 per
1673 1355 1854 1408 omnia

271 1436 369 1489 illa
401 1436 502 1490 tria
540 1438 777 1501 memini,
810 1452 913 1507 ego
940 1438 1205 1509 intelligo,
1248 1455 1349 1510 ego
1386 1441 1574 1511 diligo,
1605 1444 1696 1514 qui
1751 1459 1852 1499 nec

268 1527 532 1581 memoria
558 1536 810 1598 sum,jnoc
826 1529 1196 1599 intelligentia,
1226 1547 1327 1585 nec
1349 1532 1588 1595 dilectio,
1615 1534 1707 1588 sed
1736 1533 1851 1588 inc

270 1618 584 1671 habeo.lsta
607 1635 735 1688 ergo
753 1620 854 1674 dici
877 1630 1101 1689 possunt
1120 1621 1188 1679 ab
1214 1638 1313 1677 una
1340 1638 1569 1692 persona
1600 1640 1720 1695 qum
1759 1626 1856 1679 iia-

270 1708 503 1764 bethac
533 1710 652 1774 tria,
688 1726 794 1764 non
853 1712 963 1781 ipsa
1007 1721 1089 1765 cst
1122 1711 1236 1767 lucc
1268 1714 1389 1767 tria.
1427 1713 1479 1769 In
1534 1716 1678 1773 illius
1728 1732 1855 1770 vero

1964 530 2285 598 Divinitatis,
2316 534 2430 589 sive
2462 535 2511 590 id
2539 538 2731 591 melius
2757 539 2970 592 dicatur
2999 539 3242 606 Deitatis,
3271 542 3414 612 quod
3442 554 3551 611 est,

1965 621 2067 677 hoc
2083 630 2186 691 est,
2210 636 2371 695 atque
2401 628 2907 686 incommutabiliter
2934 632 3074 686 inter
3121 647 3181 687 se
3226 648 3290 688 ac
3321 649 3540 704 semper

1962 711 2177 779 aequalis
2227 722 2346 777 est,
2401 730 2500 771 nec
2550 717 2836 787 aliquando
2893 735 2998 774 non
3040 721 3184 787 fuit,
3231 734 3325 778 aut
3378 726 3539 781 alter

1961 801 2078 868 iuit,
2125 819 2225 859 nec
2279 807 2562 877 aliquando
2613 827 2720 866 non
2775 816 2898 878 crit,
2946 824 3036 868 aut
3080 816 3237 870 aliter
3268 819 3397 873 erit.
3442 820 3547 873 Ista

1962 907 2091 947 vero
2144 898 2244 949 tria
2301 912 2419 967 qua:
2474 910 2600 955 sunt
2638 902 2689 955 in
2741 904 2930 971 impari
2968 904 3220 971 imagine,
3267 908 3368 961 etsi
3440 924 3547 963 non

1962 981 2093 1036 locis
2124 985 2399 1053 (quoniam
2433 1003 2537 1042 non
2570 1000 2698 1043 sunt
2724 994 2998 1060 corpora),
3053 1001 3231 1047 tamen
3280 995 3421 1049 inter
3462 1012 3544 1061 se,

1960 1086 2103 1127 anne
2132 1074 2184 1128 in
2226 1076 2329 1130 ista
2357 1076 2490 1142 vita,
2510 1079 2961 1148 magnitudinibus
2997 1096 3334 1151 separantur.
3354 1085 3540 1155 Neque

1959 1164 2102 1218 enim
2126 1166 2246 1235 quia
2276 1170 2443 1225 mole~
2472 1172 2632 1227 nulla:
2678 1173 2749 1227 ibi
2791 1186 2936 1239 sunt,
2972 1176 3093 1230 ideo
3141 1193 3246 1231 non
3302 1180 3544 1234 videmus

1959 1254 2012 1307 in
2035 1257 2139 1308 alio
2161 1259 2417 1327 majorem
2447 1278 2568 1318 esse
2590 1268 2902 1320 memoriam
2921 1282 3078 1336 quam
3104 1268 3542 1339 inlelligcntiant;

1958 1347 2012 1400 in
2043 1347 2150 1403 alio
2170 1360 2352 1403 contra
2387 1351 2461 1422 [in
2504 1354 2611 1407 alto
2654 1364 2833 1411 autem
2864 1356 3141 1425 econtra]:
3191 1358 3244 1412 in
3298 1361 3404 1413 alio
3435 1360 3543 1415 duo

1958 1436 2072 1490 btec
2101 1439 2300 1494 amoris
2330 1443 2699 1510 magnitudine
2720 1446 2987 1514 superari,
3017 1446 3129 1501 sive
3155 1447 3267 1500 sint
3295 1448 3408 1516 ipsa
3435 1448 3543 1502 duo

1959 1526 2096 1581 inter
2116 1543 2176 1582 se
2201 1532 2453 1597 telualia,
2484 1534 2605 1587 sive
2636 1548 2742 1588 non
2769 1538 2877 1589 sint
2899 1537 3147 1605 aequalia.
3178 1539 3353 1606 Atque
3373 1538 3443 1591 ita
3481 1547 3538 1592 et

1956 1630 1986 1669 a
2017 1617 2242 1687 singulis
2266 1620 2407 1687 bina,
2439 1630 2493 1677 et
2514 1638 2542 1676 a
2568 1624 2707 1680 binis
2735 1625 2964 1696 singula,
3012 1637 3067 1680 et
3093 1642 3125 1680 τι
3157 1628 3384 1696 singulis
3425 1630 3541 1681 siu-

1958 1705 2101 1775 gula,
2116 1722 2142 1759 a
2159 1709 2450 1777 majoribus
2466 1713 2671 1767 minora
2692 1717 2999 1789 vincuntur.
3018 1717 3081 1771 Et
3101 1719 3317 1786 quando
3332 1721 3468 1773 inter
3483 1730 3549 1773 se

267 1814 501 1854 summm
526 1801 864 1867 simplicitate
894 1812 1121 1867 natura,
1153 1819 1270 1872 qua:
1302 1804 1443 1860 Deus
1469 1816 1555 1861 est
1582 1807 1851 1876 (quamvis
1887 1810 1930 1866 Β
1957 1801 2183 1866 aequalia
2217 1800 2434 1869 iuerint,
2465 1804 2532 1857 ab
2555 1807 2701 1859 omni
2749 1807 3008 1875 languore
3037 1819 3247 1874 sanata,
3288 1825 3387 1865 nec
3418 1819 3542 1866 tunc

267 1907 416 1947 unus
442 1894 510 1946 sit
538 1892 724 1961 Deus),
759 1902 866 1948 tres
891 1902 1070 1949 tamen
1106 1910 1352 1964 personat
1395 1907 1544 1964 sunt,
1578 1899 1756 1965 Pater,
1800 1911 1855 1955 et

269 1983 466 2048 Filius,
497 1993 551 2037 et
580 1982 813 2053 Spiritus
853 1993 1085 2039 sanctus.
1115 1986 1268 2041 Aliud
1299 1995 1383 2041 est
1412 1989 1593 2058 itaque
1620 1988 1855 2046 Trinitas

270 2093 365 2133 res
391 2077 527 2145 ipsa,
557 2075 699 2130 aliud
726 2077 904 2148 imago
942 2068 1221 2134 Trinitatis
1252 2079 1305 2134 in
1353 2096 1410 2135 re
1438 2082 1587 2147 alia;
1636 2093 1854 2153 propter

271 2184 435 2240 qnam
462 2167 771 2237 imaginem,
804 2169 959 2227 simul
989 2178 1044 2225 et
1075 2169 1202 2225 illud
1231 2171 1284 2226 in
1314 2187 1422 2242 quo
1452 2184 1578 2229 sunt
1607 2175 1721 2230 haec
1747 2176 1847 2231 tria

273 2263 458 2329 imago
485 2258 682 2314 dicitur
715 2275 729 2324 ;
773 2258 912 2315 sicut
938 2261 1114 2330 imago
1160 2260 1358 2317 dicitur
1399 2263 1560 2317 simul
1595 2273 1649 2319 et
1677 2266 1853 2319 tabula

270 2360 329 2405 rt
350 2349 491 2421 quod
520 2352 571 2404 in
601 2365 665 2404 ea
694 2351 893 2419 pictum
920 2361 1033 2417 est;
1058 2352 1154 2407 sed
1184 2362 1403 2423 propter
1434 2356 1694 2423 picturam
1734 2371 1854 2426 qua:

272 2443 331 2495 in
361 2451 549 2507 eaest,
579 2441 736 2497 simul
782 2450 835 2496 et
878 2443 1056 2498 tabula
1108 2445 1323 2500 nomine
1373 2447 1618 2517 imaginis
1668 2449 1851 2518 appel-

273 2532 436 2588 Iatur.

792 2601 1023 2658 CAPUT
1059 2602 1335 2660 CCXLIX.

273 2713 389 2785 39
428 2712 594 2780 Quam
624 2729 741 2767 vera
770 2714 825 2786 in
856 2712 950 2767 Dei
984 2714 1233 2769 Trinitale
1263 2719 1452 2781 unitas,
1486 2728 1534 2773 et
1560 2736 1711 2786 quam
1740 2736 1856 2775 vera

353 2786 409 2866 in
454 2787 683 2866 {eadem
726 2785 926 2840 unitate
961 2788 1025 2841 sit
1068 2785 1335 2854 Trinitas;
1381 2806 1442 2843 es
1476 2791 1653 2851 eodem
1703 2793 1853 2859 libre,

351 2864 432 2907 tit.
462 2864 553 2908 23.

359 2987 551 3043 Verum
586 2986 640 3043 in
671 2986 758 3047 illa
800 3001 1007 3045 summa
1038 2988 1323 3057 Trinitate,
1373 3008 1493 3060 quae
1524 2996 1859 3067 incompara-

278 3079 464 3137 biliter
494 3079 655 3135 rebus
682 3080 929 3135 omnibus
959 3082 1254 3147 antecellit,
1288 3092 1433 3141 tanta
1463 3094 1547 3143 est
1585 3087 1860 3157 insepara-

1959 1889 2254 1956 mquabitur
2277 1893 2351 1945 rei
2386 1904 2571 1948 natura
2602 1897 2920 1950 immutabili
2955 1914 3019 1951 ra
3052 1914 3137 1952 res
3164 1914 3281 1968 qua
3301 1914 3397 1968 per
3411 1915 3531 1968 gra-

1956 1977 2085 2032 tiam
2111 1996 2216 2035 non
2242 1984 2535 2037 mutabitur
2557 1984 2705 2055 (quia
2731 2003 2834 2040 non
2857 1999 3096 2057 a-qualur
3110 1999 3355 2051 creatura
3368 1990 3536 2045 Crea-

1957 2069 2109 2137 tori),
2138 2079 2195 2124 et
2213 2073 2430 2139 quando
2453 2076 2517 2127 ab
2547 2077 2692 2130 omni
2722 2077 2982 2147 languore
3021 2080 3320 2148 sanabitur,
3354 2090 3535 2135 muta-

1960 2156 2118 2212 bitur.
2170 2160 2276 2215 Scd
2326 2163 2466 2216 hanc
2496 2180 2602 2219 non
2647 2166 2822 2222 Solum
2877 2169 3293 2238 incorporalem,
3345 2186 3533 2229 verum

1956 2251 2116 2306 etiam
2146 2268 2357 2311 summe
2398 2257 2809 2327 inseparabilem
2861 2276 3094 2328 vereque
3141 2264 3529 2318 immutabilem

1957 2342 2301 2412 Trinitatem,
2325 2361 2448 2402 cum
2478 2350 2684 2405 venerit
2712 2352 2847 2405 visio
2892 2369 3011 2422 qua:
3052 2353 3191 2408 iacie
3234 2355 3299 2409 ad
3352 2356 3542 2411 facient

1958 2435 2114 2495 nobis
2136 2438 2487 2506 promittitur,
2532 2443 2705 2496 multo
2734 2443 2937 2499 clarius
2982 2446 3292 2513 certiusque
3340 2449 3539 2502 videbi~

1960 2538 2078 2577 mus
2103 2540 2261 2594 quam
2296 2543 2435 2581 nunc
2452 2529 2568 2595 ejus
2594 2529 2879 2599 imaginem
2904 2531 3044 2600 quod
3073 2546 3171 2585 nos
3198 2548 3416 2588 sumus:
3444 2550 3539 2603 per

1958 2615 2098 2684 quod
2132 2625 2305 2669 tamen
2337 2620 2611 2687 speculum
2664 2631 2717 2676 et
2763 2621 2816 2675 in
2848 2637 2956 2691 quo
2986 2624 3271 2693 aenigmate
3322 2625 3411 2693 qui
3455 2626 3536 2680 vi-

1960 2706 2108 2772 dent,
2141 2707 2277 2762 sicut
2308 2711 2361 2761 in
2400 2711 2497 2765 hac
2527 2712 2633 2767 vita
2679 2712 2861 2767 videre
2904 2728 3223 2771 CullCCSs‘um
3272 2723 3378 2774 cst.
3430 2730 3539 2771 non

1961 2796 2034 2850 illi
2064 2806 2207 2865 sunt,
2240 2801 2326 2868 qui
2356 2816 2417 2854 ea
2442 2817 2565 2871 quae
2594 2804 2914 2873 digessimus
2944 2816 2996 2859 et
3041 2807 3540 2862 commcndavimus

1963 2891 2016 2947 in
2039 2907 2132 2951 sua
2158 2904 2339 2949 mente
2364 2897 2726 2965 conspiciunt,
2753 2899 2848 2960 sed
2876 2898 2957 2953 illi
3004 2902 3093 2968 qui
3144 2915 3261 2959 eam
3287 2911 3536 2971 tanquam

1964 2980 2247 3050 imaginem
2302 2984 2505 3054 vident,
2552 2995 2609 3043 ut
2651 2989 2860 3054 possint
2892 2989 2955 3043 ad
2983 3005 3129 3058 enin,
3160 2989 3315 3060 cnjns
3362 2992 3539 3061 imago

1965 3080 2068 3134 est,
2111 3074 2595 3143 qnomodocunque
2652 3079 2855 3137 reicrrc
2880 3080 3021 3148 quod
3072 3080 3291 3146 vident;
3338 3092 3391 3135 ct
3452 3097 3541 3151 per

288 3170 495 3232 bilitas,
546 3178 602 3222 ut
650 3185 771 3224 cum
820 3170 1027 3225 trinitas
1073 3171 1349 3228 hominum
1401 3189 1505 3229 non
1538 3179 1704 3245 possit
1755 3180 1857 3234 dici

1966 3162 2247 3231 imaginem
2297 3181 2458 3235 quam
2502 3170 2887 3238 nonapiciendo
2945 3171 3147 3237 vident,
3207 3172 3368 3231 etiam
3416 3172 3542 3228 illud

287 3276 429 3315 unus
454 3260 633 3324 homo,
659 3260 713 3315 in
739 3261 827 3316 illa
861 3278 996 3319 unus
1027 3263 1166 3318 Deus
1184 3276 1238 3320 et
1260 3265 1468 3322 dicatur
1492 3278 1547 3323 et
1572 3271 1661 3338 sit,
1682 3286 1782 3326 nec
1811 3272 1861 3326 in

281 3368 393 3405 uno
420 3351 528 3407 Deo
549 3350 619 3407 sit
647 3351 736 3406 illa
766 3352 1018 3418 Trinitas,
1049 3355 1142 3411 sed
1173 3371 1309 3411 unus
1338 3358 1499 3420 Deus.
1539 3360 1650 3419 Nec
1678 3376 1865 3421 rursus

279 3442 730 3511 quemadmodum
757 3445 853 3497 ista
879 3445 1052 3516 imago
1077 3449 1217 3517 quod
1241 3458 1324 3504 est
1350 3450 1531 3515 homo,
1558 3453 1757 3510 habens
1780 3455 1863 3513 illa

282 3533 410 3596 tria,
436 3546 537 3586 una
562 3549 786 3601 persona
804 3545 906 3605 est,
924 3536 993 3592 ita
1017 3547 1102 3595 est
1122 3539 1585 3611 iliaTrinitas,sed
1610 3555 1719 3601 tres
1740 3564 1863 3615 per-

280 3639 437 3679 nunc
459 3635 604 3688 sunt,
634 3625 790 3681 Pater
832 3626 971 3693 Filii,
1010 3638 1062 3686 et
1092 3630 1256 3687 Filius
1299 3632 1495 3699 Patris,
1524 3646 1581 3691 et
1630 3639 1863 3707 Spiritus

282 3712 459 3768 Patris
478 3725 530 3768 et
562 3713 703 3769 Filii.
754 3714 1009 3782 Quamtis
1038 3719 1181 3774 enim
1215 3726 1476 3780 memoria
1521 3725 1776 3797 hominis,
1809 3742 1866 3784 et

280 3805 517 3861 maxime
542 3806 632 3861 illa
670 3821 828 3876 quam
861 3822 1052 3877 pecora
1080 3826 1189 3867 non
1239 3812 1454 3881 habent,
1479 3816 1529 3871 id
1547 3828 1629 3877 est
1649 3834 1752 3888 qua
1775 3836 1863 3877 res

279 3896 647 3966 intelligibiles
670 3897 741 3952 ita
756 3900 1120 3965 continentur,
1146 3911 1201 3963 ut
1223 3920 1325 3960 non
1345 3906 1395 3961 in
1418 3922 1537 3967 eam
1556 3923 1651 3978 per
1671 3926 1864 3968 sensus

277 3990 524 4056 corporis
544 3988 809 4054 venerint,
844 3988 1037 4047 habeat
1090 4008 1189 4062 pro
1230 3996 1447 4052 modqu
1491 4013 1611 4062 suo,
1658 4002 1711 4056 in
1762 4002 1863 4057 hac

278 4079 512 4148 imagine
526 4078 823 4146 Trinitatis,
837 4081 1328 4153 incomparabiliter
1343 4090 1553 4159 quidem
1576 4094 1858 4164 imparem,

277 4170 378 4225 scd
412 4179 587 4227 tamen
614 4173 1042 4244 qualemcunque
1054 4177 1456 4236 similitudinem
1482 4182 1861 4241 Patriszitem-

274 4277 389 4327 que
421 4262 766 4331 intelligentia
796 4264 1055 4333 hominis,
1088 4284 1208 4337 quat
1240 4287 1336 4339 per
1383 4273 1738 4333 intentionem
1769 4293 1860 4332 co-

274 4352 551 4419 gitationis
574 4352 699 4411 inde
726 4350 1010 4421 formatur,
1043 4362 1256 4427 quando
1281 4364 1421 4431 quod
1444 4365 1615 4423 scitur
1639 4368 1858 4433 dicitur,

280 4450 343 4495 et
364 4441 557 4499 nullius
588 4443 779 4512 lingua)
808 4444 990 4505 cordis
1033 4451 1251 4509 verbum
1293 4461 1397 4517 est,
1443 4456 1637 4511 habeat
1683 4458 1734 4512 in
1765 4473 1859 4513 sua

1968 3251 2150 3311 videre
2219 3254 2603 3326 conjicienda,
2680 3261 2935 3329 quoniam
3000 3261 3235 3321 nondum
3318 3272 3543 3333 possunt

1965 3343 2101 3401 iacie
2130 3344 2194 3399 ad
2243 3345 2475 3402 faciem:
2536 3365 2637 3403 ltO'I
2691 3351 2837 3405 enim
2885 3354 2961 3413 ait
3012 3354 3327 3419 ApostoluS,
3389 3353 3545 3407 Vide-

1965 3451 2085 3491 mus
2117 3453 2261 3495 nunc
2315 3440 2367 3497 in
2424 3440 2741 3509 speculum;
2789 3445 2908 3508 sed,
2964 3446 3216 3506 \‘idcmus
3260 3458 3403 3504 nunc
3454 3461 3547 3515 per

1964 3528 2263 3595 speculum,

2551 3623 2777 3683 CAPUT
2806 3626 2953 3687 CCL.

1970 3724 2150 3790 Quare
2188 3727 2264 3781 bis
2300 3730 2450 3783 datus
2474 3731 2539 3783 sit
2569 3732 3145 3857 θρῖςξηιὲϐεαηειμκεε
3172 3739 3345 3792 eodem
3394 3740 3545 3808 libro,

2678 3818 2693 3856 t
2723 3841 2736 3857 .
2835 3840 2852 3857 .

2658 3813 2736 3859 ιη,
2760 3813 2852 3857 ⁸26.

2035 3903 2240 3961 Deinde
2269 3906 2323 3962 in
2371 3908 2457 3964 illa
2503 3925 2715 3966 summa
2765 3913 3047 3981 Trinitate,
3078 3931 3200 3986 qum
3246 3918 3387 3976 Deus
3436 3930 3540 3988 est,

1963 3995 2245 4053 intervalla
2276 4010 2578 4070 temporum
2609 4005 2754 4060 nulla
2781 4016 2926 4073 sunt,
2960 4022 3056 4075 per
3098 4023 3221 4077 qua:
3251 4012 3422 4078 possit
3450 4029 3544 4068 os-

1965 4090 2130 4157 tendi,
2159 4100 2250 4145 aut
2272 4093 2459 4149 saltem
2488 4096 2716 4165 requiri,
2748 4105 2926 4153 utrum
2969 4099 3118 4167 prius
3155 4101 3223 4156 de
3251 4102 3413 4159 Patre
3446 4120 3541 4161 ua-

1964 4192 2049 4245 tus
2069 4186 2138 4240 sit
2165 4186 2352 4252 Filius,
2373 4198 2427 4247 ct
2455 4201 2639 4258 postea
2669 4191 2740 4246 de
2781 4192 3043 4249 ambobus
3074 4198 3399 4263 processerit
3420 4199 3542 4267 Spi-

1964 4276 2098 4331 ritus
2115 4287 2351 4332 sanctus.
2392 4280 2656 4347 Quoniam
2705 4282 2982 4353 Scriptura
3028 4296 3214 4341 sancta
3269 4288 3529 4355 Spiritum

1962 4382 2085 4422 eum
2106 4368 2534 4427 dicitamburum
2584 4389 2599 4427 :
2651 4374 2767 4443 ipse
2817 4383 2901 4429 est
2946 4377 3089 4430 enim
3141 4377 3209 4432 de
3261 4394 3368 4447 quo
3408 4380 3541 4435 dicit

1965 4458 2296 4528 Apostolus:
2330 4462 2590 4528 Quoniam
2639 4474 2817 4520 autem
2866 4466 2998 4521 estis
3040 4466 3137 4522 lilii
3177 4468 3343 4540 [Dei],
3402 4471 3547 4527 misit

282 4546 480 4631 magna
500 4532 859 4601 disparilith
885 4539 1192 4595 nonnullam
1224 4542 1625 4602 similitudinem
1645 4548 1783 4613 Filii,
1808 4561 1859 4602 et
1894 4532 1939 4589 Ι)
1971 4551 2110 4607 Deus
2130 4551 2389 4621 Spiritum
2420 4555 2540 4610 Filii
2562 4556 2644 4611 sui
2694 4556 2747 4611 in
2779 4557 2940 4613 corda
2987 4532 3421 4631 nostralves‘tra]
3448 4579 3463 4615 :
3496 4572 3549 4620 ct

276 4636 437 4679 amor
467 4620 699 4677 hominis
723 4624 793 4685 de
823 4626 1047 4685 scientia
1092 4631 1409 4703 procedens,
1457 4644 1513 4692 et
1540 4641 1855 4695 memoriam

275 4713 791 4786 intelligentiamque
821 4720 1172 4792 conjungens,
1207 4734 1455 4796 tanquam
1489 4733 1693 4797 parenti
1732 4748 1853 4801 pro.

275 4804 426 4877 iique
453 4808 771 4867 communis.
806 4809 957 4870 Unde
984 4828 1085 4871 nec
1111 4829 1305 4882 parens
1350 4816 1670 4889 intelligitur
1714 4838 1855 4890 esse,

279 4910 385 4949 nec
411 4896 586 4964 proles
605 4897 801 4959 habeat
829 4902 881 4960 in
901 4904 997 4959 hac
1016 4904 1245 4975 imagine
1263 4909 1521 4979 aliquam,
1555 4913 1681 4970 licet
1706 4916 1859 4972 Valde

274 4985 567 5053 imparem.
586 4987 981 5049 similitudinem
1031 4993 1268 5062 Spiritus
1300 5000 1636 5057 sanctiznon
1681 5014 1857 5061 tamen

273 5074 418 5132 sicut
442 5075 493 5131 in
525 5077 624 5137 ista
656 5081 889 5151 imagine
918 5084 1216 5152 Trinitatis,
1269 5105 1372 5145 non
1423 5092 1537 5148 haec
1576 5096 1673 5150 tria
1728 5074 1879 5156 unus.

278 5168 464 5235 homo,
507 5171 778 5235 sednnius
821 5176 1053 5233 hominis
1103 5190 1262 5247 sunt;
1308 5186 1377 5237 ita
1406 5184 1460 5239 in
1496 5187 1606 5257 ipsa
1650 5205 1859 5249 summa

276 5256 563 5326 Trinitate,
590 5262 742 5330 cujus
771 5262 886 5320 lizec
915 5267 1089 5337 imago
1114 5279 1219 5333 est,
1253 5287 1360 5327 non
1393 5276 1548 5331 unius
1592 5278 1686 5335 Dei
1734 5292 1865 5338 sunt

270 5347 373 5405 illa
404 5351 525 5415 tria,
550 5352 645 5411 sed
675 5368 811 5413 unus
838 5356 978 5413 Deus
1020 5369 1135 5426 est;
1166 5370 1223 5416 et
1251 5373 1360 5418 tres
1410 5377 1534 5420 sunt
1582 5370 1706 5439 illa,
1753 5390 1858 5429 non

274 5454 387 5495 una
420 5455 668 5509 persona.
701 5444 852 5509 Quod
883 5461 1015 5503 sane
1063 5451 1378 5510 mirabiliter
1430 5456 1704 5516 ineiiabile
1751 5472 1854 5530 est,

275 5533 357 5584 rei
391 5530 727 5595 ineii‘abiliter
757 5539 1025 5604 mirabile,
1056 5556 1175 5596 cum
1202 5545 1271 5601 sit
1299 5562 1401 5601 una
1446 5564 1674 5617 persona
1724 5554 1859 5609 ima-

274 5637 343 5691 go
364 5621 482 5676 tunc
505 5622 800 5693 Trinitatis,
833 5628 944 5697 ipsa
973 5647 1099 5689 vero
1125 5647 1329 5691 summa
1344 5638 1576 5695 Trinitas
1604 5651 1713 5699 tres
1739 5662 1858 5715 per-

276 5729 424 5771 sonzc
453 5714 583 5783 sint,
617 5716 1025 5787 inseparabilior
1054 5737 1136 5782 est
1176 5726 1270 5782 illa
1314 5728 1553 5789 Trinitas
1596 5714 1857 5804 persona-

1968 4641 2083 4710 ipse
2110 4652 2193 4696 est
2219 4642 2290 4698 de
2339 4658 2447 4714 quo
2476 4643 2603 4699 dicit
2660 4646 2801 4701 idem
2858 4645 3060 4702 Filius:
3119 4647 3235 4704 Non
3266 4651 3411 4708 enim
3449 4668 3549 4709 vos

1967 4734 2096 4786 estis
2132 4734 2220 4800 qui
2255 4734 2568 4803 loquimini,
2602 4739 2695 4789 sed
2742 4737 2971 4805 Spiritus
3024 4739 3195 4793 Patris
3232 4742 3396 4796 vcstri
3448 4745 3541 4813 qui

1969 4823 2204 4891 loquitur
2217 4824 2269 4885 in
2284 4825 2435 4879 vobis
2456 4842 2470 4891 ;
2486 4834 2543 4879 et
2556 4828 2735 4880 multis
2748 4828 2866 4881 aliis
2884 4828 3189 4887 divinorum
3211 4832 3547 4902 eloquiorutn

1968 4916 2287 4974 testimoniis
2317 4922 2732 4989 comprobatur,
2766 4922 2935 4977 Patris
2965 4932 3020 4978 et
3065 4924 3182 4979 Filii
3222 4940 3345 4980 esse
3376 4927 3550 4996 Spiri-

1972 5015 2105 5074 tum,
2137 5012 2224 5079 qui
2257 5013 2472 5080 proprie
2511 5011 2708 5067 dicitur
2735 5015 2997 5069 Trinitate
3043 5014 3276 5084 Spiritus
3304 5028 3544 5076 sanctus.

1971 5097 2047 5155 De
2072 5115 2178 5168 quo
2208 5102 2333 5155 item
2355 5102 2485 5156 dicit
2524 5103 2638 5172 ipse
2668 5103 2706 5156 F
2710 5102 2829 5157 ilius
2854 5122 2866 5158 :
2891 5104 3057 5170 Quem
3086 5121 3190 5175 ego
3220 5105 3425 5161 mittam
3461 5123 3552 5159 vo-

1969 5188 2051 5244 bis
2074 5205 2103 5242 a
2130 5191 2326 5258 Patre;
2359 5202 2412 5252 et
2440 5192 2550 5247 alio
2572 5194 2713 5263 loco,
2746 5197 2916 5262 Quem
2949 5198 3124 5250 mittet
3168 5198 3327 5250 Pater
3373 5198 3424 5250 in
3456 5209 3552 5251 no-

1970 5280 2115 5335 mine
2144 5297 2285 5336 tneo.
2320 5282 2394 5337 De
2422 5290 2648 5353 utroque
2670 5293 2847 5340 autem
2879 5285 3173 5354 procedere
3194 5286 3273 5340 sic
3300 5285 3547 5347 docetur,

1970 5370 2095 5437 quia
2118 5370 2233 5440 ipse
2256 5371 2422 5428 Filius
2445 5375 2520 5427 ait
2550 5391 2565 5429 :
2599 5375 2666 5429 de
2716 5375 2874 5430 Patre
2915 5374 3154 5444 procedit
3178 5392 3192 5439 ;
3215 5384 3269 5429 et
3313 5388 3435 5430 cum
3464 5390 3552 5431 rc-

1962 5464 2287 5519 surrexisset
2311 5480 2339 5517 a
2372 5466 2623 5531 mortuis,
2653 5476 2706 5520 et
2734 5468 3072 5534 apparuisset
3108 5465 3393 5534 discipulis
3413 5468 3549 5534 suis,

1964 5554 2253 5610 insuillavit
2306 5563 2363 5610 ct
2421 5556 2549 5612 ait:
2600 5560 2837 5626 Accipite
2883 5559 3139 5627 Spiritum
3195 5567 3442 5616 sanctum
3493 5574 3549 5617 ut

1963 5664 2085 5703 eum
2123 5649 2286 5703 etiam
2309 5648 2376 5704 de
2398 5663 2457 5705 se
2511 5650 2803 5720 procedere
2856 5651 3285 5719 ostenderet;et
3306 5653 3418 5724 ipsa
3466 5668 3550 5711 est

1964 5743 2135 5797 virtus
2155 5757 2274 5813 quae
2302 5742 2369 5798 de
2400 5742 2496 5797 illo
2525 5740 2739 5797 exiebat
2766 5740 2856 5815 [de
2893 5741 3008 5811 ipso
3034 5744 3260 5818 exibat],
3286 5746 3430 5804 sicut
3470 5748 3552 5803 le-
