4016 6184
516 334 614 389 931

1581 321 1641 374 1).
1686 316 2002 378 EUGYPPII
2045 316 2331 373 ABBATIS
2370 316 2691 374 AFRICANI

3660 313 3778 367 932

513 454 658 521 gitur
685 454 738 505 in
783 445 1095 517 Evangelio,
1138 450 1194 497 et
1248 437 1471 494 sanabat
1523 450 1734 488 omnes.
1783 434 1916 498 Quid
1967 447 2093 486 vero
2123 436 2169 493 Λ
2197 431 2393 498 cipitur
2423 440 2481 485 ut
2508 431 2573 485 ad
2617 432 2840 501 primam
2870 428 3301 499 perveniatur(si
3360 427 3501 482 enim
3556 428 3775 482 fratrem

519 541 678 594 fuerit
725 552 900 592 causae
933 544 992 588 ut
1044 543 1162 603 post
1206 527 1655 585 resurrectionem
1696 538 1883 587 suam,
1928 533 1983 577 et
2037 523 2088 575 in

517 640 657 685 terra
691 628 836 696 prius
861 626 1012 679 daret
1037 632 1093 676 et
1121 622 1187 675 de
1236 618 1373 673 coelo
1429 624 1612 684 postea
1656 613 1889 666 mitteret
1918 612 2090 681 Spiri-

515 732 625 775 tum
658 727 933 781 sanctum;
962 715 1066 769 hoc
1089 727 1187 781 ego
1218 709 1494 772 existimo,
1526 705 1648 775 quia
1678 718 1774 774 per
1804 705 1976 773 ipsum
1999 702 2094 756 do—

514 828 642 868 num
672 809 991 864 diffunditur
1031 804 1266 863 cbaritas
1325 802 1378 857 iu
1426 785 1676 854 eordibtts
1727 795 1946 862 nostris,
1991 809 2093 863 qua

512 899 784 968 diligimus
834 898 997 951 Deum
1039 903 1094 948 et
1146 893 1471 962 proximum,
1509 886 1801 943 secundum
1852 886 1958 939 duo
2007 883 2093 939 illa

514 1001 804 1061 praecepta,
837 989 887 1041 in
920 986 1112 1053 quibus
1142 992 1247 1035 tota
1283 982 1389 1035 Lex
1423 977 1621 1048 pendet
1683 984 1738 1030 et
1795 974 2091 1043 Prophetar.

514 1086 630 1140 Hoc
656 1081 961 1150 significans
998 1075 1250 1130 Dominus
1291 1072 1471 1134 Jesus,
1505 1070 1586 1124 bis
1639 1067 1791 1127 dedit
1836 1064 2094 1133 Spiritum

515 1185 758 1233 sanctum
794 1192 807 1227 :
839 1171 1005 1227 semel
1048 1170 1098 1222 in
1129 1176 1306 1229 terra,
1340 1171 1558 1233 prepter
1592 1160 1935 1215 dilectionem
1975 1172 2096 1225 pro-

515 1270 643 1325 ximi
670 1286 684 1333 ;
712 1276 767 1321 et
794 1264 983 1317 iterum
1012 1260 1078 1313 de
1117 1258 1275 1319 caelo,
1320 1264 1537 1324 propter
1564 1252 1906 1306 dilectionem
1958 1247 2050 1304 Dei
2079 1268 2091 1301 :

511 1360 642 1415 etsi
671 1359 804 1411 forte
835 1354 935 1405 alia
988 1350 1124 1404 ratio
1173 1346 1427 1403 reddatur
1472 1345 1541 1399 de
1591 1344 1673 1401 bis
1726 1343 1851 1396 dato
1892 1341 2093 1411 Spiritu

520 1463 726 1516 sancto,
759 1449 1005 1505 eumdem
1058 1456 1237 1499 tamen
1286 1442 1544 1511 Spiritum
1596 1439 1799 1503 datum,
1849 1452 1969 1491 cum
2014 1436 2099 1489 in-

515 1546 785 1600 sufﬂassct
815 1541 993 1604 Jesus,
1018 1538 1086 1591 de
1112 1549 1219 1606 quo
1249 1548 1371 1589 mox
1405 1533 1478 1585 ait
1514 1547 1527 1583 :
1556 1529 1651 1595 lle,
1688 1528 1953 1597 baptizate
1976 1542 2097 1581 om-

515 1650 613 1689 nes
651 1642 859 1701 gentes,
889 1630 941 1684 in
970 1625 1188 1682 nomine
1239 1620 1436 1687 Patris,
1489 1628 1544 1673 et
1595 1616 1710 1671 Filii
1764 1627 1818 1670 et
1870 1614 2098 1686 Spiritus

478 1738 483 1741 '
514 1726 709 1786 sancti,
739 1724 825 1776 ubi
863 1719 1094 1774 maxime
1125 1712 1533 1771 commendatur
1562 1710 1676 1764 brec
1707 1706 1958 1769 'l‘n'nitas,
1985 1721 2099 1759 am-

2197 534 2355 588 quem
2398 521 2547 574 rides
2594 536 2698 573 non
2755 518 2954 589 diligis,
3006 519 3195 582 Deum,
3245 533 3403 586 quem
3448 533 3552 570 non
3604 516 3775 582 vides,

2197 612 2461 679 quomodo
2489 610 2711 678 diligere
2742 610 2988 679 poteris?
3017 611 3074 679 );
3117 608 3239 663 ideo
3284 608 3423 663 forte
3480 608 3778 663 informans

2199 721 2296 762 uos
2321 705 2386 759 ad
2432 705 2770 759 dilectionem
2806 704 3059 773 proximi,
3087 703 3234 758 dedit
3277 703 3330 756 in
3378 710 3518 756 terra
3561 704 3781 773 conspi-

2198 814 2332 853 cuus
2378 808 2430 853 et
2484 797 2741 866 proximis
2798 796 3073 864 proximus
3102 795 3359 864 Spiritum
3410 803 3654 851 sanctum
3699 797 3781 848 in-

2199 890 2465 944 sufflando
2498 891 2550 943 in
2582 888 2771 945 faciem
2812 902 3025 953 eorum,
3055 898 3110 942 et
3148 888 3217 941 ab
3246 886 3346 942 hac
3383 888 3621 943 maxime
3649 886 3780 940 cha-

2201 983 2380 1045 ritate,
2404 996 2521 1049 quae
2546 981 2595 1033 in
2618 979 2769 1032 crelis
2786 989 2887 1044 est,
2906 979 2972 1032 de
2987 978 3127 1034 cmlo
3150 979 3292 1032 misit
3312 979 3503 1032 iterum
3519 978 3780 1045 Spiritum

2199 1083 2470 1128 sanctum.
2502 1073 2761 1141 Spiritum
2791 1080 3034 1125 sanctum
3063 1072 3246 1139 accipe
3283 1072 3334 1124 in
3357 1082 3517 1134 terra,
3541 1085 3593 1124 et
3617 1069 3783 1140 dilige

2202 1166 2438 1219 fratrem:
2456 1166 2638 1232 accipe
2650 1162 2718 1217 de
2730 1162 2891 1226 cmlo,
2910 1173 2962 1217 et
2973 1161 3133 1229 dilige
3147 1162 3341 1225 Deum;
3360 1162 3485 1229 quia
3504 1160 3625 1214 etin
3640 1168 3782 1214 terra

2200 1253 2341 1324 quod
2372 1253 2622 1321 accepisti
2655 1253 2722 1307 de
2751 1252 2890 1308 caelo
2917 1260 3002 1306 est
3032 1268 3046 1303 ί
3072 1251 3125 1309 in
3156 1261 3293 1310 terra
3320 1250 3566 1305 Christus
3605 1248 3780 1313 dedit,

2202 1344 2293 1400 sed
2321 1344 2387 1398 de
2413 1345 2551 1400 coelo
2576 1351 2659 1396 est
2686 1341 2828 1410 quod
2877 1340 3053 1406 dedit;
3080 1340 3167 1394 ille
3208 1340 3350 1393 enim
3401 1338 3549 1397 dedit
3576 1338 3668 1407 qui
3719 1337 3785 1391 de

2213 1436 2355 1490 ca‘lo
2381 1435 2690 1500 descendit;
2720 1435 2804 1488 hic
2836 1433 3037 1488 invenit
3064 1434 3149 1487 cui
3194 1432 3367 1496 daret,
3397 1431 3490 1485 sed
3543 1431 3671 1485 inde
3700 1438 3779 1484 at-

2210 1528 2326 1583 tulit
2353 1527 2493 1597 quod
2550 1526 2697 1580 daret
2730 1524 2867 1591 Quid
2917 1534 3001 1578 est
3042 1537 3190 1592 ergo,
3244 1520 3473 1575 fratres?
3518 1535 3585 1573 an
3644 1516 3784 1573 forte

2201 1632 2567 1674 commemoro
2594 1627 2645 1671 et
2674 1617 2795 1682 hoc,
2828 1615 3095 1685 quomodo
3145 1613 3380 1668 rharitas
3405 1611 3471 1666 ad
3520 1611 3781 1677 Spiritum

2204 1718 2445 1766 sanctum
2480 1710 2782 1779 pertineat?
2820 1708 3039 1763 Paulum
3072 1706 3287 1761 audite:
3320 1705 3437 1759 Non
3471 1704 3647 1757 solum
3684 1718 3782 1755 au-

517 1817 825 1887 bigerenon
878 1811 1157 1865 debemus.
1194 1808 1309 1874 Ipse
1355 1811 1439 1859 est
1468 1801 1628 1871 igitur
1678 1798 1768 1869 qui
1816 1798 1978 1853 etiam
2032 1797 2098 1852 de
2132 1803 2176 1862 Β
2206 1815 2333 1868 tem,
2375 1804 2565 1874 inquit,
2624 1803 2719 1858 sed
2772 1811 2826 1856 et
2877 1801 3169 1872 gloriamur
3225 1799 3277 1852 in
3326 1796 3780 1857 tribulationibus,

516 1912 656 1963 ccelo
685 1908 843 1959 datos
870 1910 957 1958 est
977 1901 1067 1955 die
1113 1900 1479 1959 Pentecostes,
1501 1892 1553 1947 id
1582 1901 1665 1946 est
1714 1899 1832 1958 post
1855 1890 1970 1944 dies
1998 1890 2096 1943 de-

516 2017 634 2056 cem
659 2014 816 2068 quam
851 1995 1108 2049 Dominus
1156 1987 1400 2043 ascendit
1454 1986 1507 2039 in
1547 1983 1765 2039 ctelum.
1818 1981 2099 2046 Quomodo

518 2105 648 2158 ergo
674 2090 812 2143 Deus
846 2100 953 2140 non
985 2092 1069 2137 est
1114 2081 1203 2150 qui
1250 2079 1342 2132 dat
1370 2074 1624 2145 Spiritum
1679 2074 1963 2127 sanctum?
1992 2072 2100 2126 imo

518 2189 749 2249 quantus
781 2178 921 2231 Deus
952 2184 1057 2238 est,
1089 2171 1179 2241 qui
1203 2168 1513 2224 datDeum‘f
1541 2180 1713 2236 neque
1735 2166 1876 2220 enim
1909 2165 2100 2233 aliquis

530 2270 915 2339 discipulortun
948 2265 1064 2334 ejus
1093 2263 1239 2316 dedit
1270 2260 1525 2329 Spiritum
1573 2266 1844 2313 sanctum.
1867 2255 2103 2311 Orabant

522 2363 717 2433 quippe
740 2368 800 2414 ut
829 2354 1030 2412 veniret
1059 2354 1114 2407 in
1144 2366 1237 2408 eos
1265 2352 1457 2421 quibus
1491 2364 1705 2403 manum
1734 2347 2098 2417 imponebant,

528 2473 634 2511 non
662 2456 761 2523 ipsi
792 2468 913 2506 eum
942 2450 1168 2510 dabant;
1202 2461 1360 2515 quem
1397 2459 1599 2499 morem
1630 2445 1681 2498 in
1733 2443 1844 2497 suis
1897 2456 2103 2513 praepo-

520 2546 640 2602 sitis
668 2546 831 2599 etiam
863 2554 1004 2595 nunc
1032 2545 1211 2593 servat
1238 2535 1500 2589 Ecclesia.

1094 2647 1320 2703 CAPUT
1343 2644 1514 2699 CCLI.

523 2752 696 2817 Quare
718 2748 792 2801 bis
822 2749 971 2800 datus
995 2743 1062 2817 sit
1110 2739 1338 2817 Spiritus
1372 2744 1631 2817 senatus;
1659 2749 1724 2788 ea:
1775 2746 2007 2786 sermone
2033 2728 2098 2785 de

1031 2805 1338 2865 Asce'mione
1363 2805 1589 2858 Domini.

592 2936 770 3000 Quare
796 2930 881 2984 bis
910 2926 1057 2981 dedit
1108 2922 1365 2993 Spiritum
1419 2928 1683 2983 sanctum,
1740 2916 1892 2971 multi
1938 2916 2101 2971 multa

524 3026 793 3089 dixerunt,
826 3028 877 3073 et
935 3017 1074 3071 sicut
1131 3012 1374 3067 homines
1429 3010 1776 3079 quaesierunt,
1810 3018 1864 3063 et
1906 3006 2102 3077 aliquid

523 3116 773 3169 dixerunt
814 3106 956 3179 quod
1011 3120 1115 3159 non
1163 3112 1247 3158 est
1291 3113 1473 3157 contra
1523 3100 1680 3154 fidem
1725 3117 1738 3152 :

523 3208 659 3259 alius
683 3200 837 3263 illud,
871 3208 1156 3264 utrumque
1200 3192 1476 3262 quodnon
1521 3189 1807 3245 excederet
1860 3190 2098 3260 regulam

521 3293 781 3348 veritatis.
839 3287 895 3342 Si
944 3288 1120 3340 dicam
1175 3298 1261 3338 me
1310 3282 1451 3336 scire
1519 3296 1685 3349 quare
1734 3280 1816 3333 bis
1862 3279 2094 3345 dederit,

525 3385 754 3439 tnt‘nliar
785 3380 957 3433 vobis.
981 3376 1081 3443 Qui
1110 3391 1168 3429 se
1188 3374 1317 3428 dicit
1338 3373 1477 3427 seire
1529 3371 1669 3439 quod
1722 3371 1910 3434 nescit,
1935 3381 2101 3425 teme-

526 3472 697 3528 rarius
724 3480 803 3524 est
839 3486 852 3521 :
882 3468 969 3535 qui
994 3481 1052 3520 se
1079 3474 1234 3533 negat
1255 3464 1393 3516 scire
1421 3462 1560 3529 quod
1584 3461 1707 3525 scit,
1739 3462 1973 3529 ingratus
1995 3469 2097 3515 est.

530 3567 666 3632 Ergo
696 3562 863 3614 fateor
891 3557 1061 3619 vobis,
1091 3568 1254 3624 quare
1285 3552 1367 3605 bis
1413 3550 1622 3606 dederit
1676 3552 1933 3605 Dominus
1980 3551 2101 3619 Spi-

527 3656 683 3708 ritqu
712 3659 976 3710 sanctum,
1007 3644 1181 3697 adhuc
1209 3654 1390 3711 quaero
1419 3656 1429 3690 :
1462 3640 1525 3692 ad
1550 3638 1749 3707 aliquid
1779 3640 1980 3693 certius
2002 3655 2097 3694 cu-

494 3798 499 3801 _
528 3746 617 3815 pio
647 3740 923 3811 pervenire
946 3753 960 3802 ;
993 3734 1207 3804 adjuvet
1230 3746 1315 3786 me
1340 3730 1597 3785 Dominus
1619 3731 1900 3785 orantibus
1921 3730 2095 3797 vobis,

526 3846 583 3891 ut
607 3832 745 3904 quod
774 3830 974 3885 donare
1004 3826 1272 3895 dignatur,
1301 3831 1355 3876 et
1384 3823 1535 3875 vobis
1557 3836 1660 3874 non
1690 3829 1948 3875 taceatur.
1985 3822 2093 3875 Er-

526 3942 594 3997 go
625 3923 804 3980 nescio
834 3919 958 3989 quid
985 3927 1161 3971 tamen
1204 3913 1505 3968 existimem
1528 3952 1542 3976 ,
1595 3911 1828 3966 nondum
1884 3913 2058 3967 sciens
2085 3956 2099 3981 ,

533 4018 770 4073 nondum
813 4027 909 4082 pro
938 4018 1088 4063 certo
1119 4015 1326 4069 tenens,
1372 4004 1510 4058 sicut
1549 4004 1907 4058 certissimum
1942 4012 2103 4058 teneo

526 4112 777 4170 dedisse;
810 4102 937 4174 quid
990 4114 1118 4169 ergo
1160 4096 1468 4153 existimem
1500 4111 1604 4150 non
1638 4096 1844 4150 tacebo.
1895 4095 1952 4151 Si
2002 4096 2104 4149 hoc

524 4214 626 4267 Bal,
653 4199 934 4256 confirmet
965 4194 1240 4258 Dominus,
1273 4190 1318 4244 si
1346 4188 1484 4244 aliud
1515 4196 1596 4244 est
1625 4188 1764 4258 quod
1793 4188 1971 4242 verius
2013 4200 2105 4256 ap-

526 4305 729 4366 pareat,
762 4294 927 4347 donet
959 4287 1232 4343 Dominus.
1265 4284 1406 4353 Ergo
1436 4282 1689 4345 arbitror,
1725 4281 1819 4336 sed
1872 4281 2106 4336 arbitror

524 4390 650 4443 ideo
692 4387 775 4440 bis
821 4383 1000 4438 datum
1059 4376 1319 4447 Spiritum
1360 4381 1627 4433 sanctum,
1670 4380 1727 4425 ut
1764 4371 2109 4426 commenda-

528 4492 711 4536 rentur
755 4477 860 4529 duo
921 4481 1183 4541 prmccpta
1253 4465 1547 4521 cbaritatis.
1612 4464 1724 4518 Duo
1768 4472 1895 4517 sunt
1958 4464 2103 4516 enim

530 4578 835 4641 prwccpta,
885 4573 935 4619 et
993 4577 1097 4617 una
1151 4556 1769 4625 estcbaritaszbiligcs
1820 4555 2102 4608 Dominum

527 4664 637 4733 50
661 4662 827 4714 Deum
862 4666 1007 4709 tuum
1040 4669 1102 4706 ex
1136 4659 1249 4704 toto
1274 4646 1441 4703 corde
1467 4657 1576 4709 tuo,
1607 4656 1661 4700 et
1699 4660 1763 4699 ex
1795 4652 1904 4699 tota
1928 4644 2105 4703 anima

530 4765 638 4811 tua,
677 4760 731 4803 et
759 4764 821 4801 ex
875 4754 984 4799 tota
1038 4750 1215 4795 mente
1263 4748 1383 4801 tua;
1445 4746 1498 4791 et
1553 4736 1745 4805 diliges
1803 4735 2105 4803 proximum

531 4850 676 4893 tuum
704 4847 950 4903 tanquam
998 4832 1252 4900 teipsum.
1304 4828 1359 4881 In
1419 4826 1500 4879 bis
1544 4826 1757 4880 duobus
1802 4828 2106 4895 praeceptis,

526 4945 641 4988 tuta
680 4934 763 4985 lex
794 4929 986 4997 pendet
1031 4935 1087 4979 et
1140 4923 1438 4993 propltetm.
1481 4920 1594 4975 Una
1636 4919 1893 4983 cbaritas,
1920 4929 1974 4974 et
2004 4919 2109 4973 duo

534 5033 836 5097 pra'ccpta;
874 5034 1007 5072 unus
1059 5016 1291 5085 Spiritus
1318 5025 1406 5081 ,et
1455 5012 1563 5067 duo
1606 5012 1751 5065 data.
1800 5011 1914 5065 Non
1963 5010 2103 5065 enim

531 5120 668 5174 alius
694 5115 851 5170 datus
880 5120 962 5165 est
991 5108 1158 5179 prius,
1188 5118 1242 5162 et
1281 5108 1415 5161 alios
1451 5106 1607 5159 datus
1638 5115 1719 5159 est
1747 5116 1953 5173 postea,
1980 5104 2101 5171 quia

533 5225 641 5266 non
670 5205 771 5261 alia
801 5200 1036 5257 cbaritas
1082 5196 1250 5265 diligit
1280 5196 1579 5265 proximum
1629 5210 1789 5263 quam
1841 5193 1927 5248 illa
1990 5208 2106 5263 qua:

532 5302 704 5371 diligit
723 5298 922 5360 Deum;
941 5308 1047 5345 non
1069 5303 1197 5358 ergo
1218 5288 1318 5341 alia
1336 5286 1568 5341 cbaritas
1588 5296 1670 5341 est
1690 5303 1702 5339 :
1730 5302 1830 5355 qua
1847 5284 2109 5340 charitate

533 5395 832 5465 proximum
884 5385 1175 5455 diligimus,
1230 5381 1340 5449 ipsa
1371 5378 1629 5432 charitate
1668 5388 1724 5433 et
1781 5378 1965 5431 Deum.
1997 5376 2103 5431 Sed

530 5488 654 5555 quia
683 5481 825 5537 aliud
854 5488 936 5534 est
966 5479 1104 5532 Deus
1130 5518 1143 5540 ,
1163 5472 1305 5527 aliud
1360 5472 1655 5539 proximus,
1688 5486 1787 5524 una
1837 5471 2101 5525 charitate

531 5577 844 5643 diliguntur,
895 5586 999 5625 non
1046 5575 1171 5623 sunt
1212 5574 1389 5619 tamen
1433 5577 1595 5617 unum
1646 5561 1737 5631 qui
1785 5561 2102 5628 diliguntur.

531 5666 663 5733 Quit
701 5677 828 5730 ergo
858 5675 1043 5730 magna
1058 5666 1143 5733 est
1166 5654 1412 5725 primitus
1433 5650 1860 5709 commendanda
1884 5651 2106 5707 dilectio

536 5755 655 5815 Dei.
683 5749 918 5807 secunda
939 5749 1155 5806 dilectio
1185 5744 1431 5816 proximi,
1460 5759 1493 5801 a
1518 5741 1750 5800 secunda
1804 5750 1983 5797 autem
2014 5743 2095 5796 in-

1782 3100 1918 3153 alius
1958 3099 2059 3153 hoc
2080 3139 2095 3165 ,
2127 3154 2173 3179 η

2204 1901 2437 1956 scientes
2458 1899 2579 1966 quia
2604 1896 2874 1953 tribulatio
2891 1893 3199 1965 patientiam
3222 1901 3496 1959 operatur,
3527 1889 3783 1957 patientia

2205 1991 2599 2060 probationem,
2636 1987 2880 2057 probatio
2928 2001 3057 2039 vero
3098 1998 3269 2052 spem,
3313 1997 3437 2050 spes
3466 1989 3646 2034 autem
3680 1995 3783 2032 nou

2203 2080 2499 2144 confundit,
2533 2079 2657 2149 quia
2685 2077 2919 2133 cbaritas
2955 2075 3046 2129 Dei
3078 2073 3266 2128 diﬂusa
3293 2081 3378 2128 est
3426 2072 3476 2125 in
3530 2069 3785 2125 cordibus

2204 2172 2423 2229 nostris.
2449 2171 2602 2227 Unde
2641 2170 2765 2240 quid
2808 2169 2901 2223 tibi
2955 2166 3144 2231 dabas,
3191 2164 3319 2234 quid
3370 2162 3525 2232 quasi
3576 2161 3648 2214 de
3697 2170 3786 2213 tuo

2205 2262 2599 2331 prmsumebas?
2629 2259 2765 2327 Quid
2798 2261 2939 2314 enim
2972 2256 3140 2312 babes
3170 2254 3309 2323 quod
3348 2268 3451 2309 non
3497 2250 3787 2321 accepisti?

2206 2353 2347 2422 Ergo
2378 2352 2553 2416 unde,
2599 2350 2699 2404 nisi
2731 2350 2870 2418 quod
2913 2347 3173 2417 sequitur,
3204 2359 3297 2413 per
3326 2343 3583 2409 Spiritum
3626 2354 3785 2394 sauc-

2206 2450 2315 2497 tum
2359 2441 2449 2509 qui
2478 2440 2635 2495 datus
2660 2448 2743 2493 est
2772 2438 2958 2492 nobis:
2987 2436 3222 2491 cbaritas
3272 2434 3374 2491 ista
3416 2447 3522 2486 non
3579 2439 3787 2485 tenetur

2207 2531 2374 2586 nisiin
2402 2530 2605 2585 unitate
2634 2530 2888 2584 Ecclesia:
2919 2545 2933 2582 :
2967 2541 3073 2581 non
3106 2526 3248 2580 illam
3279 2523 3475 2577 habent
3499 2523 3785 2585 divisores.

2204 2620 2341 2673 sicut
2376 2618 2503 2672 dicit
2547 2616 2819 2684 apostolus
2858 2614 3061 2669 ludas:
3098 2613 3161 2666 lli
3186 2610 3418 2679 suntqui
3447 2608 3658 2677 seipsos
3704 2622 3788 2662 εει

2203 2718 2442 2777 gregant,
2476 2707 2752 2770 animales,
2778 2704 3035 2773 Spiritum
3064 2716 3172 2756 non
3214 2700 3507 2765 habentes;
3541 2697 3669 2753 ideo
3695 2697 3785 2752 deo

2205 2800 2394 2870 fluam,
2427 2800 2550 2869 quia
2569 2797 2847 2867 coagulum
2878 2809 2981 2849 non
3009 2794 3210 2849 habent
3228 2790 3526 2847 charitatis.

2766 2910 2995 2966 CAPUT
3036 2908 3235 2963 CCL".

2214 3031 2349 3099 Quid
2388 3031 2617 3099 quodam
2642 3040 2872 3080 sermone
2894 3023 2961 3099 od
2978 3021 3239 3099 populum
3283 3018 3601 3099 disputatum
3634 3017 3707 3097 sit
3726 3016 3787 3067 de

2284 3086 2572 3167 (fi/ferentia
2601 3097 2939 3167 generationis
2971 3086 3170 3167 If'iiiift
3192 3088 3527 3160 processionis
3558 3086 3787 3154 Spiritu

2272 3162 2467 3235 sancti;
2495 3185 2557 3223 οε
2583 3162 2758 3221 eodem
2785 3165 2935 3228 fibra,
2967 3163 3044 3214 tit.
3075 3162 3165 3213 TI.

2280 3285 2473 3339 Verum
2507 3280 2624 3350 quia
2652 3279 2705 3332 in
2729 3278 2814 3332 illa
2843 3285 3104 3331 comterna
3139 3270 3426 3340 ettequali,
3458 3278 3513 3323 et
3539 3269 3783 3336 incorpo-

2207 3379 2303 3432 rali
2334 3418 2348 3437 ,
2390 3384 2447 3429 et
2491 3371 2828 3427 ineﬂ'abilitet‘
2871 3364 3181 3422 immutabili
3232 3374 3388 3431 atque
3448 3359 3782 3429 inseparabili

2208 3467 2492 3529 Trinitate,
2538 3462 2903 3516 diflicillimum
2936 3464 3019 3510 est
3047 3455 3442 3521 generationem
3483 3467 3512 3502 a
3567 3462 3777 3518 proces-

2209 3561 2359 3613 sione
2397 3557 2745 3624 distinguere,
2776 3548 3008 3605 sufficiat
3055 3545 3266 3599 interim
3314 3543 3392 3596 eis
3438 3541 3526 3609 qui
3572 3538 3781 3593 extendi

2211 3667 2315 3703 non
2345 3650 2521 3703 valent
2562 3642 2661 3718 [in]
2694 3642 2943 3709 amplius,
2972 3638 3023 3694 id
3064 3637 3201 3705 quod
3228 3637 3293 3689 de
3331 3636 3428 3687 hac
3468 3650 3526 3687 re
3575 3633 3629 3686 in
3674 3646 3785 3686 ser-

2210 3756 2367 3795 mone
2395 3739 2622 3807 quodam
2653 3730 2968 3803 proferendo
2995 3729 3059 3783 ad
3096 3742 3253 3781 aures
3302 3726 3475 3794 populi
3498 3723 3781 3777 Cbrisiani

2208 3829 2462 3892 diximus,
2540 3825 2846 3889 dictumque
2895 3816 3328 3886 conscripsimus.
3390 3816 3531 3867 Inter
3591 3821 3781 3866 cetera

2209 3922 2373 3984 enim,
2430 3933 2547 3971 cum
2588 3930 2683 3983 per
2708 3912 3102 3981 Scripturarum
3153 3915 3457 3961 sanctarum
3483 3904 3782 3959 testimonia

2211 4013 2527 4072 docnis~em,
2556 4009 2623 4062 de
2652 4018 2878 4073 utroque
2909 4001 3197 4068 procedere
3220 3999 3478 4067 Spiritum
3509 4006 3781 4051 sanctum:

2211 4107 2268 4160 Si
2304 4120 2452 4174 ergo,
2494 4103 2731 4170 inquam,
2771 4106 2826 4151 et
2864 4096 2932 4149 de
2964 4096 3117 4147 Patre
3160 4102 3210 4145 et
3259 4091 3325 4144 de
3370 4090 3505 4143 Filio
3547 4089 3784 4156 procedit

2210 4198 2442 4268 Spiritus
2468 4203 2704 4258 sant-tus,
2730 4205 2825 4245 cur
2842 4188 3008 4243 Filius
3034 4186 3164 4238 dixit
3191 4200 3203 4235 :
3232 4184 3305 4237 De
3334 4183 3490 4237 Patre
3513 4182 3783 4251 procedit?

2209 4290 2339 4355 Cur,
2381 4294 2555 4352 putas,
2595 4282 2692 4336 nisi
2732 4276 3177 4349 quemadmodum
3229 4277 3369 4327 solet
3418 4274 3483 4326 ad
3530 4288 3654 4326 eum
3704 4288 3787 4335 rc-

2212 4380 2371 4443 ferre,
2397 4386 2450 4432 et
2472 4375 2614 4445 quod
2635 4373 2801 4443 ipsius
2826 4380 2908 4425 est.
2928 4370 2993 4424 de
3023 4384 3129 4438 quo
3154 4376 3208 4422 et
3230 4368 3345 4437 ipse
3369 4367 3486 4420 est?
3513 4366 3667 4420 Unde
3695 4363 3788 4437 [et]

2214 4469 2340 4522 illud
2369 4476 2449 4522 8:1
2481 4466 2619 4534 quod
2643 4465 2720 4518 ait
2749 4482 2761 4515 :
2790 4462 2902 4516 Mea
2945 4460 3185 4515 doctrina
3237 4473 3340 4511 non
3390 4468 3474 4511 est
3520 4472 3665 4521 mea,
3698 4457 3786 4511 sed

2210 4560 2326 4629 ejus
2353 4560 2440 4627 qui
2476 4574 2561 4612 me
2591 4556 2751 4609 misit.
2777 4554 2834 4609 Si
2864 4554 3025 4623 igitur
3056 4551 3145 4605 bic
3176 4548 3489 4617 intelligitur
3513 4547 3633 4616 ejus
3664 4550 3789 4602 doc-

2211 4652 2539 4718 trina,quam
2566 4657 2741 4703 tamen
2762 4644 2898 4698 dixit
2926 4660 3029 4699 non
3057 4658 3231 4706 suam,
3258 4640 3351 4696 sed
3378 4641 3568 4703 Patris,
3587 4650 3790 4708 quanto

2213 4741 2380 4809 magis
2427 4738 2537 4792 illic
2586 4734 2959 4804 intelligendus
2998 4742 3081 4787 est
3128 4742 3183 4786 et
3223 4730 3289 4784 de
3330 4732 3447 4798 ipso
3495 4731 3790 4797 procedere

2212 4832 2442 4901 Spiritus
2469 4836 2705 4890 sanctus,
2749 4825 2841 4881 ubi
2883 4826 2961 4879 sic
2988 4824 3099 4877 ait:
3130 4823 3206 4877 De
3236 4823 3392 4876 Patre
3438 4822 3707 4890 procedit,
3737 4833 3787 4875 ut

2215 4937 2319 4978 non
2347 4921 2570 4984 diceret,
2600 4919 2667 4974 de
2693 4932 2777 4972 me
2798 4931 2901 4970 non
2926 4913 3186 4984 procedit.
3216 4916 3251 4966 Α
3283 4924 3389 4979 quo
3418 4921 3595 4965 autem
3631 4912 3789 4966 habet

2214 5013 2376 5067 Filius
2402 5020 2462 5065 ut
2490 5011 2560 5064 sit
2590 5010 2727 5062 Deus
2759 5008 2863 5078 (est
2888 5007 3027 5060 enim
3059 5004 3127 5058 de
3154 5004 3263 5057 Deo
3287 5001 3449 5072 Deus)
3480 5002 3547 5055 ab
3573 5002 3670 5056 illo
3702 5003 3787 5055 ba-

2213 5104 2303 5157 bet
2324 5101 2524 5170 utique,
2551 5110 2606 5151 ut
2631 5100 2787 5153 etiam
2816 5098 2885 5151 de
2906 5095 2998 5150 illo
3020 5093 3273 5163 procedat
3292 5092 3524 5159 Spiritus
3545 5105 3784 5147 sanctus.

2214 5197 2291 5250 Ac
2322 5210 2413 5263 per
2437 5194 2535 5247 boc
2558 5189 2765 5263 |etiam]
2798 5189 3025 5258 Spiritus
3053 5198 3287 5252 sanctus,
3322 5196 3378 5238 ut
3409 5187 3569 5239 etiam
3599 5187 3671 5241 de
3704 5187 3787 5241 Fi-

2216 5284 2287 5340 lio
2315 5284 2586 5354 procedat,
2618 5282 2755 5336 sicut
2798 5279 3041 5349 procedit
3065 5278 3132 5332 de
3180 5276 3355 5340 Patre,
3384 5276 3452 5330 ab
3482 5276 3598 5344 ipso
3632 5278 3787 5333 habet

2216 5376 2391 5429 Patre.
2421 5374 2517 5427 llic
2570 5384 2835 5440 utcunque
2861 5370 3019 5424 ctiam
3068 5367 3198 5421 illud
3238 5366 3574 5436 intelligitur,
3624 5383 3786 5435 quan-

2216 5473 2325 5519 tum
2366 5481 2395 5518 a
2445 5465 2635 5519 talibus
2688 5463 2868 5531 quales
2924 5477 3021 5516 nos
3061 5473 3267 5521 sumus,
3310 5458 3535 5525 intelligi
3571 5467 3784 5526 potest,

2212 5572 2308 5612 cur
2338 5572 2443 5611 non
2485 5557 2690 5610 dicatur
2716 5567 2870 5609 natus
2921 5568 3063 5615 esse,
3111 5552 3206 5608 sed
3268 5552 3445 5619 potius
3498 5551 3789 5619 procedere

2213 5648 2441 5718 Spiritus
2466 5659 2701 5714 sanctus,
2730 5648 2977 5716 quoniam
3008 5646 3054 5699 si
3082 5654 3136 5698 et
3166 5645 3280 5714 ipse
3307 5641 3471 5696 Filius
3500 5641 3790 5709 diceretur,

2209 5739 2488 5797 amborum
2531 5740 2711 5809 utique
2738 5737 2901 5793 Fdius
2944 5737 3212 5793 diceretur
3242 5751 3257 5801 ;
3289 5734 3429 5805 quod
3468 5735 3791 5806 absurdissi-
