3986 6190
252 306 360 361 935

1448 308 1897 375 TIIESAURUS.
1938 308 2090 366 CAP.
2133 310 2353 370 CCLIII.

3435 333 3538 387 9'54

228 435 405 475 ,mum
435 427 542 477 est.
568 420 735 476 Filius
761 424 956 493 quippe
979 422 1153 478 nullus
1184 432 1267 478 est
1295 422 1521 477 duorum
1548 424 1649 477 nisi
1683 424 1846 491 patris
1879 425 1924 484 Λ
1957 423 2055 478 teri
2085 426 2282 493 potius,
2316 425 2654 483 mirificatam
2696 431 2975 488 scientiam
3019 435 3136 504 ejus
3164 451 3227 491 ex
3261 453 3345 492 me
3398 442 3542 496 inva-

246 518 304 564 et
337 510 544 564 matris.
574 510 731 566 Absit
770 521 973 575 autem,
1017 521 1071 565 ut
1119 512 1259 568 inter
1311 512 1476 566 Deum
1521 513 1733 567 Patrem
1783 526 1838 567 ot

252 599 422 654 Deum
458 601 646 655 Filium
671 602 773 656 tale
798 604 999 672 aliquid
1024 605 1378 672 suspicemur.
1413 606 1547 671 Quia
1575 620 1673 659 nec
1700 606 1836 659 ﬁlius

247 692 523 746 hominum
554 694 712 748 simul
738 703 793 749 et
817 710 880 748 ex
914 704 1061 763 patre
1089 705 1145 750 et
1164 710 1227 750 ex
1253 706 1421 751 matre
1451 697 1690 764 procedit
1709 714 1723 761 ;
1742 697 1835 754 sed

246 796 370 836 eum
389 782 443 835 in
466 791 689 838 matrem
710 786 947 852 procedit
970 802 1034 841 ex
1061 796 1231 854 patre,
1248 804 1353 843 non
1379 800 1503 843 tunc
1517 792 1753 858 procedit
1769 807 1832 846 ex

245 883 440 938 matre,
474 883 529 927 et
596 890 716 929 cum
763 880 813 929 in
865 876 1002 931 lianc
1052 879 1221 932 lucem
1275 880 1517 949 procedit
1547 898 1610 935 ex
1646 892 1833 948 matre,

242 978 355 1016 non
400 972 528 1017 tunc
555 965 800 1034 procedit
827 982 891 1021 ex
926 978 1094 1036 patre.
1142 970 1371 1038 Spiritus
1412 982 1590 1026 autem
1620 984 1836 1027 sanctus

246 1072 354 1108 nou
382 1056 449 1110 de
483 1056 641 1111 Patre
674 1060 917 1127 procedit
938 1060 989 1115 in
1023 1062 1233 1128 Filium,
1263 1073 1316 1119 et
1344 1064 1412 1119 de
1445 1066 1577 1119 Filio
1596 1068 1837 1134 procedit

241 1146 308 1198 ad
341 1163 473 1200 sane
503 1147 783 1203 iﬁcnndam
822 1162 1145 1218 creaturam,
1178 1155 1271 1209 sed
1304 1156 1459 1210 simul
1501 1156 1570 1211 de
1611 1166 1835 1227 utroque

250 1240 512 1306 procedit.
549 1239 802 1305 Quamvis
827 1243 928 1299 hoc
956 1245 1090 1298 Filio
1123 1247 1280 1301 Pater
1300 1248 1528 1312 dederit,
1565 1256 1619 1302 ttt
1647 1263 1834 1318 quem-

239 1330 528 1385 admodum
588 1331 655 1385 de
682 1347 763 1397 se,
807 1334 879 1386 ita
913 1334 982 1389 de
1045 1335 1134 1389 illo
1173 1353 1385 1406 quoque
1418 1340 1690 1407 procedat.
1732 1340 1832 1395 Ne-

238 1436 346 1490 que
372 1422 513 1475 cnim
546 1437 828 1491 possumus
857 1424 1058 1492 dicere,
1084 1428 1223 1495 quod
1259 1444 1361 1482 non
1388 1434 1459 1483 sit
1483 1431 1587 1485 vita
1606 1431 1834 1499 Spiritus

241 1523 483 1577 sanctus,
517 1528 637 1568 cum
670 1516 773 1569 vita
809 1515 983 1583 Pater,
1012 1519 1118 1571 vita
1151 1519 1219 1573 sit
1254 1520 1417 1575 Filius
1446 1539 1460 1575 ε
1492 1537 1553 1575 ac
1593 1537 1690 1592 per
1731 1523 1832 1577 hoc

241 1603 384 1657 sicut
414 1605 730 1670 Paler,cum
766 1608 958 1663 habeat
990 1609 1149 1664 vitam
1176 1612 1227 1665 in
1259 1615 1573 1683 semetipso,
1606 1615 1752 1669 dedit
1779 1625 1834 1670 et

243 1693 384 1748 Filio
427 1698 626 1753 habere
669 1700 829 1754 vitam
864 1702 915 1755 in
948 1705 1258 1772 semetipso.
1288 1706 1365 1760 sic
1394 1707 1443 1760 ei
1474 1708 1623 1761 dedit
1669 1709 1830 1761 vitam

1943 513 2122 581 luisse,
2150 531 2247 571 nec
2286 518 2739 590 potuisselposse]
2789 539 2873 577 me
2901 525 2964 579 ad
2998 525 3140 579 illam
3166 544 3178 590 ;
3206 541 3238 580 o
3262 537 3336 593 tu,
3364 533 3540 586 anima

1942 621 2078 671 mea,
2098 608 2185 661 ubi
2204 620 2256 664 te
2270 623 2389 664 esse
2401 612 2588 678 sentis,
2609 613 2695 667 ubi
2712 614 2864 682 jaces
2881 628 2993 680 ,aut
3016 619 3104 673 ubi
3133 629 3265 685 stas,
3290 622 3460 678 donec
3476 628 3542 677 ab

1940 711 2005 750 co
2034 698 2125 765 qui
2159 701 2415 768 propitius
2445 701 2613 757 factus
2642 713 2724 759 est
2745 706 2990 762 omnibus
3015 708 3381 778 iniquitatibus
3414 714 3537 775 tuis,

1939 792 3094 865 sanenturomneslanguorestui?Aguoscis
3122 810 3169 852 te
3194 810 3342 855 certe
3370 802 3421 855 in
3447 803 3538 855 illo

1938 892 2059 931 esse
2085 879 2315 945 stabulo,
2331 896 2435 948 quo
2456 884 2818 937 Samaritanus
2852 886 2940 939 ille
2964 888 3207 955 perduxit
3233 905 3353 943 eum
3379 908 3534 959 quem

1940 968 2139 1034 reperit
2164 969 2345 1022 multis
2384 985 2411 1021 a
2438 969 2732 1025 latronibus
2775 974 2993 1029 inﬁictis
3023 977 3335 1033 vulneribus
3365 984 3530 1037 semi-

1941 1056 2162 1112 vivum:
2196 1070 2250 1113 et
2273 1070 2449 1115 tamen
2492 1062 2656 1116 multa
2703 1080 2826 1117 vera
2871 1067 3073 1133 vidisti,
3101 1085 3204 1123 non
3237 1071 3317 1125 liis
3361 1076 3534 1128 oculis

1939 1149 2133 1214 quibus
2157 1151 2403 1205 videntur
2422 1167 2649 1222 corpora
2673 1156 2929 1219 colorata,
2961 1159 3055 1212 sed
3108 1161 3188 1215 liis
3219 1178 3315 1231 pro
3342 1166 3535 1232 quibus

1941 1237 2135 1293 orabat
2186 1240 2272 1308 qui
2311 1241 2521 1296 dicebat
2548 1260 2560 1295 :
2588 1243 2737 1298 Oculi
2783 1249 2887 1300 mei
2941 1248 3152 1303 videant
3196 1254 3531 1321 :equitatem;

1945 1345 2141 1399 nempe
2171 1347 2299 1401 crgo
2349 1335 2512 1388 multa
2544 1352 2667 1389 vera
2707 1338 2907 1400 vidisri,
2940 1354 3109 1410 eaque
3140 1343 3439 1399 diserevisti
3467 1351 3533 1404 al)

1942 1419 2028 1472 illa
2063 1421 2180 1474 lucc
2216 1438 2316 1491 qua
2345 1425 2434 1479 tibi
2477 1426 2689 1481 lucente
2721 1430 2935 1484 vidisti:
2968 1433 3154 1489 attolle
3201 1437 3387 1490 oculos
3426 1438 3529 1509 41

1936 1511 2000 1564 ad
2035 1510 2132 1582 [in]
2170 1513 2335 1579 ipsam
2385 1516 2583 1581 lucem,
2613 1527 2663 1572 et
2695 1534 2789 1572 eos
2828 1520 2878 1574 in
2903 1537 3019 1575 eam
3049 1524 3149 1592 ﬁge
3174 1527 3217 1579 si
3248 1537 3431 1593 potes;
3455 1530 3531 1583 sic

1936 1602 2078 1655 enim
2124 1604 2331 1659 videbis
2359 1608 2482 1675 quid
2509 1608 2670 1663 distet
2716 1612 2962 1666 nativitas
3011 1614 3168 1669 Verbi
3225 1616 3314 1670 Dei
3347 1633 3374 1671 a
3407 1634 3530 1687 pro-

1936 1695 2181 1749 cessione
2232 1698 2360 1751 doni
2411 1699 2525 1768 Dei,
2563 1712 2781 1769 propter
2822 1703 2962 1771 quod
3012 1704 3173 1760 Filius
3226 1708 3528 1777 unigenitus

230 1787 528 1853 procedere
577 1789 642 1844 de
668 1789 784 1854 ίιιο⁹
817 1793 953 1846 sicut
983 1795 1223 1862 procedit
1249 1807 1303 1850 et
1331 1798 1398 1852 de
1441 1799 1575 1866 ipso.
1620 1799 1743 1853 "me
1762 1799 1829 1854 de
1862 1789 1908 1847 Β
1940 1798 2043 1838 non
2068 1787 2134 1839 de
2160 1788 2320 1844 Patre
2344 1792 2579 1859 genitum
2614 1793 2871 1863 (alioquin
2900 1795 3061 1850 frater
3082 1797 3199 1866 ejus
3220 1801 3410 1871 esset),
3433 1805 3523 1856 sed

231 1876 332 1930 illo
355 1891 603 1933 sermone
635 1880 684 1933 in
716 1881 856 1936 hunc
888 1883 1080 1939 librum
1130 1888 1397 1953 transtuli,
1426 1888 1519 1942 sed
1552 1888 1816 1956 ﬁdelibus,

230 1983 341 2021 non
367 1969 675 2026 inﬁdelibus
701 1972 941 2042 loquens.
971 1975 1162 2030 Verum
1205 1979 1247 2032 si
1276 1979 1340 2032 ad
1371 1979 1507 2033 lianc
1538 1981 1819 2050 imaginem

230 2060 674 2124 contuendatn,et
693 2064 758 2117 ad
792 2064 1016 2120 videnda
1043 2068 1140 2121 ista
1165 2083 1325 2138 quam
1348 2084 1471 2125 vera
1494 2072 1600 2125 sint
1628 2086 1747 2139 qua:
1769 2074 1819 2127 in

230 2164 417 2205 eorum
451 2163 629 2208 mente
667 2164 811 2220 sunt,
838 2172 937 2210 nec
968 2159 1064 2211 tria
1088 2158 1166 2213 sic
1197 2168 1404 2214 suntut
1447 2170 1557 2216 tres
1577 2177 1819 2232 persona:

234 2240 364 2308 sint,
406 2245 498 2298 sed
553 2247 732 2301 omnia
766 2248 865 2301 tria
909 2248 1137 2305 hominis
1182 2262 1308 2306 sunt
1355 2269 1473 2321 qua:
1527 2270 1629 2314 una
1688 2272 1815 2325 per-

232 2348 367 2386 sona
392 2345 500 2398 est,
549 2337 722 2391 minus
768 2338 943 2393 idonei
971 2350 1113 2403 sunt,
1168 2341 1302 2413 [cur]
1346 2345 1435 2413 qni
1466 2362 1569 2399 non
1602 2347 1669 2402 de
1720 2348 1808 2402 illa

227 2439 435 2481 summa
465 2429 748 2495 'l‘rinitate,
778 2448 895 2501 qua:
929 2434 1066 2489 Deus
1089 2447 1190 2499 est,
1220 2438 1442 2492 credunt
1469 2441 1641 2506 potius
1668 2442 1809 2512 quod

224 2517 278 2571 in
308 2518 477 2574 sacris
519 2522 714 2577 litteris
768 2525 1055 2593 invenitur,
1089 2542 1247 2595 quam
1276 2540 1500 2596 poscunt
1526 2532 1815 2601 liquidissi-

222 2623 366 2662 mam
395 2611 545 2665 reddi
568 2614 670 2668 sibi
722 2616 1006 2680 rationem,
1050 2633 1169 2686 quso
1221 2619 1286 2675 ab
1331 2619 1559 2675 humana
1614 2638 1809 2691 mente,

220 2702 375 2756 tarda
405 2704 610 2759 scilicet
637 2707 977 2778 inﬁrmaque,
1006 2725 1111 2765 non
1147 2714 1357 2781 capitur
1383 2733 1397 2769 ε
1424 2728 1477 2771 et
1507 2728 1652 2773 certe
1687 2735 1811 2775 cum

222 2791 543 2848 inconcusse
567 2797 895 2853 crediderint
957 2800 1249 2870 Scripturis
1291 2808 1507 2873 sanctis,
1564 2818 1811 2880 tanquam

222 2884 581 2939 veracissimis
615 2888 860 2953 testibus,
887 2901 1047 2961 agant
1068 2895 1292 2961 orando,
1326 2905 1381 2951 et
1408 2902 1718 2968 quierendo,
1760 2920 1813 2961 et

221 2977 359 3030 bene
390 2978 617 3032 vivendo
651 2988 705 3032 ut
746 2982 1064 3052 intelligant,
1100 2984 1148 3039 id
1191 2995 1275 3041 est
1313 3000 1392 3053 ut,
1435 3003 1690 3060 quantum
1736 2998 1812 3049 vi-

223 3069 337 3121 deri
393 3078 587 3135 potest,
617 3070 860 3126 videatur
887 3084 1065 3130 mente
1094 3078 1236 3146 quod
1280 3088 1490 3134 tenetur
1528 3084 1651 3139 ﬁde.
1681 3087 1810 3153 Quis

1931 1877 2225 1942 procedere
2269 1880 2403 1934 dixit
2457 1881 2712 1951 Spiritum
2753 1895 3040 1939 sanctum:
3070 1889 3228 1954 unde,
3280 1906 3403 1945 cum
3455 1894 3524 1947 sit

1926 1968 2235 2021 communio
2258 1970 2500 2037 qumdam
2546 1975 3017 2030 consubstantialis
3061 1978 3234 2033 Patris
3282 1992 3335 2035 et
3383 1984 3521 2048 Filii,

1926 2057 2208 2112 amborum
2243 2060 2498 2129 Spiritus,
2529 2078 2632 2116 non
2663 2066 2967 2131 amborum,
2996 2069 3135 2137 quod
3165 2069 3324 2137 absit,
3350 2072 3524 2130 dictus

1922 2160 2006 2206 est
2040 2150 2228 2206 Filius.
2256 2154 2358 2207 Sed
2382 2156 2448 2208 ad
2475 2156 2575 2210 hoc
2602 2157 2832 2213 dilucide
2870 2162 3261 2233 perspicueque
3291 2180 3519 2225 cernen-

1921 2243 2069 2307 dum,
2104 2259 2208 2298 non
2245 2256 2396 2313 potes
2447 2246 2518 2299 ibi
2564 2249 2732 2301 aciem
2786 2250 2972 2320 ﬁgere,
3004 2254 3138 2318 scio,
3192 2270 3297 2310 non
3331 2267 3518 2324 potes;

1920 2348 2105 2389 verum
2136 2334 2280 2403 dico,
2308 2335 2436 2388 mihi
2463 2336 2603 2405 dico,
2646 2338 2771 2406 quid
2816 2356 2919 2393 non
2974 2343 3175 2409 possim
3228 2346 3369 2411 scio;
3406 2347 3518 2415 ipsa

1923 2434 2101 2477 tamen
2151 2424 2243 2478 tibi
2291 2424 2524 2478 ostendit
2576 2428 2627 2480 in
2690 2437 2742 2482 te
2791 2431 2888 2483 tria
2941 2431 3055 2498 illa,
3109 2434 3161 2486 in
3210 2436 3404 2503 quibus
3462 2449 3515 2491 tn

1918 2528 2143 2567 summa:
2174 2513 2360 2582 ipsius,
2392 2530 2550 2583 quam
2604 2516 2720 2571 ﬁxis
2763 2521 2933 2573 oculis
2982 2526 3333 2593 contemplari
3372 2544 3508 2583 non—

1916 2602 2040 2657 dum
2084 2604 2253 2668 vales,
2301 2606 2581 2673 imaginem
2626 2608 2905 2665 Trinitatis
2945 2627 3269 2682 agnosceres
3298 2618 3511 2688 [agnos-

1916 2693 2049 2765 cas].
2080 2693 2199 2764 lp~a
2256 2697 2493 2750 ostendit
2539 2699 2630 2752 tibi
2673 2699 2904 2755 Vctbutn
2951 2719 3132 2758 verum
3181 2722 3298 2762 esse
3333 2711 3382 2763 in
3432 2720 3507 2773 te,

1918 2784 2130 2853 quando
2159 2785 2225 2840 de
2260 2787 2480 2840 scientia
2516 2798 2602 2841 tua
2628 2790 2879 2859 gignitur,
2908 2792 2958 2847 id
2990 2803 3091 2862 est,
3127 2799 3340 2866 quando
3368 2804 3509 2869 quod

1916 2878 2138 2944 scimus,
2163 2877 2407 2942 dicimus,
2431 2880 2527 2934 etsi
2548 2878 2836 2954 [quamvis]
2863 2886 3057 2942 nullius
3082 2891 3253 2957 gentis
3276 2891 3507 2961 linguam

1919 2968 2309 3037 signiﬁcantem
2366 2988 2572 3038 vocem,
2621 2977 2700 3029 vel
2755 2977 3107 3046 proferamus,
3176 2984 3261 3038 vel
3299 2987 3506 3055 cogite-

1920 3077 2056 3128 mus,
2090 3061 2184 3115 sed
2216 3078 2279 3116 ex
2314 3064 2402 3117 illo
2430 3065 2570 3135 quod
2606 3066 2852 3123 novimus
2880 3071 3129 3139 cogitatio
3159 3085 3340 3129 nostra
3385 3077 3496 3132 for.

220 3157 325 3212 hoc
351 3159 646 3225 pmhiheat.
677 3162 786 3217 imo
838 3179 964 3219 vero
991 3166 1055 3220 ad
1107 3168 1208 3223 hoc
1237 3171 1357 3238 quis
1405 3188 1508 3228 non
1565 3152 1808 3234 Μηίων
1838 3152 1883 3214 C
1919 3162 2114 3220 metur,
2148 3154 2324 3223 sitque
2359 3156 2407 3208 in
2444 3162 2557 3210 acie
2580 3161 2866 3227 cogitantis
2897 3161 3071 3231 imago
3116 3165 3382 3221 simillima
3410 3183 3503 3222 eo-

218 3248 509 3320 [hortetur]
533 3249 557 3303 Ἰ
577 3250 632 3305 Si
657 3260 833 3307 autem
860 3265 1136 3324 propterea
1170 3262 1468 3329 negandum
1501 3272 1684 3332 putant
1712 3268 1810 3322 ista

217 3354 360 3405 esse,
394 3340 513 3409 quia
544 3356 608 3396 ea
629 3359 733 3397 non
761 3344 936 3400 valent
965 3349 1121 3401 cmcis
1148 3350 1416 3404 mentibus
1432 3367 1681 3420 cernere,
1715 3358 1810 3413 de-

217 3430 345 3485 bent
373 3441 429 3486 et
452 3433 523 3487 illi
555 3436 642 3503 qui
674 3451 739 3490 ex
765 3437 1046 3495 nativitate
1077 3457 1168 3495 sua
1217 3444 1347 3496 (εωοὶ
1379 3454 1522 3511 sunt,
1575 3462 1695 3502 esse
1725 3464 1812 3503 so-

218 3521 323 3575 lem
354 3538 572 3593 negare.
606 3526 715 3580 Lux
748 3543 875 3599 ergo
907 3530 1044 3584 lucet
1075 3531 1126 3584 in
1161 3534 1417 3597 tenebris,
1449 3537 1589 3604 quod
1616 3538 1660 3590 si
1692 3556 1807 3593 eam

222 3616 462 3669 tenebrae
485 3632 586 3671 nun
617 3622 1095 3689 comprehendunt,
1132 3625 1502 3680 illuminentor
1531 3628 1622 3682 Dei
1667 3631 1808 3683 dono

219 3707 367 3773 prius
415 3718 472 3761 ut
509 3708 616 3762 sint
646 3710 847 3776 ﬁdeles,
887 3723 941 3767 et
969 3716 1223 3781 incipiant
1265 3733 1384 3774 esse
1431 3721 1517 3774 lux
1563 3722 1614 3775 in
1659 3738 1807 3777 com-

220 3798 500 3865 paratione
553 3800 1071 3876 inﬁdelium;atque
1128 3809 1229 3863 ltoc
1281 3813 1558 3877 praemisso
1618 3816 1802 3869 funda-

1917 3244 2184 3313 gitationis
2215 3247 2350 3315 ejus,
2405 3264 2561 3317 quam
2608 3254 2863 3305 memoria
2913 3255 3243 3321 continebat,
3274 3257 3370 3310 ista
3398 3258 3504 3313 duo

1914 3333 2136 3399 scilicet,
2182 3336 2323 3389 velut
2362 3350 2633 3405 parentem
2678 3355 2740 3393 ac
2794 3342 2995 3409 prolem
3028 3346 3179 3399 tertia
3235 3348 3503 3403 voluntate

1922 3426 2038 3481 sive
2064 3426 2349 3482 dilectione
2378 3427 2656 3499 jungente.
2694 3432 2863 3497 Quam
2906 3434 3119 3502 quidem
3174 3437 3499 3494 voluntatem

1913 3513 1981 3569 de
2005 3516 2325 3585 cogitatione
2349 3518 2639 3585 procedere
2670 3520 2852 3590 (nemo
2880 3524 3022 3576 enim
3067 3524 3177 3580 vult
3205 3528 3346 3595 quod
3378 3544 3498 3584 om—

1914 3608 2041 3658 nino
2072 3606 2193 3672 quid
2225 3607 2307 3661 vel
2343 3609 2496 3677 qua'c
2543 3609 2610 3662 sit
2640 3610 2850 3678 nescit),
2895 3627 2999 3668 non
3041 3624 3219 3671 tamen
3247 3633 3368 3673 esse
3410 3636 3501 3675 eo-

1908 3696 2161 3765 gnitionis
2193 3698 2563 3767 imaginem.ct
2592 3700 2711 3754 ideo
2737 3703 3024 3771 quamdam
3049 3707 3101 3758 in
3129 3708 3226 3761 bac
3254 3725 3310 3763 re
3339 3711 3498 3766 intel-

1908 3785 2092 3855 ligibili
2111 3787 2402 3843 nativitatis
2420 3800 2468 3841 et
2492 3790 2850 3855 processionis
2882 3791 3136 3846 insinuari
3156 3795 3487 3865 distantiam,

1905 3877 2153 3943 queniam
2211 3891 2313 3928 non
2367 3876 2465 3930 hoc
2490 3888 2570 3931 est
2623 3881 2946 3948 cogitatione
2982 3884 3292 3951 conspicere
3354 3893 3493 3957 quod

1903 3974 2176 4029 apt‘clcre,
2204 3966 2285 4018 vel
2314 3967 2471 4023 etiam
2518 3968 2717 4033 perfrui
2762 3970 3052 4039 voluntate,
3094 3978 3265 4031 cernit
3296 3978 3496 4033 discer-

1905 4052 2084 4120 nitque
2145 4054 2234 4122 qui
2282 4064 2472 4121 potest.
2505 4056 2725 4112 Potuisti
2777 4069 2831 4114 et
2876 4070 2949 4125 tu,
2999 4065 3239 4131 quamvis
3270 4082 3372 4123 non
3398 4086 3495 4138 po-

1904 4144 2064 4196 tueris
2092 4161 2136 4196 ni
2159 4160 2262 4213 que
2287 4147 2458 4214 possis
2490 4148 2755 4214 explicare
2778 4150 3065 4206 sufficienti
3089 4156 3322 4224 eloquio,
3346 4164 3484 4227 quod

1902 4232 2036 4287 inter
2068 4236 2246 4288 nubila
2292 4236 2695 4293 similitudinum
2742 4243 3095 4311 corporalium
3130 4262 3247 4313 qua:
3291 4264 3389 4318 cog
3416 4260 3490 4303 ta-

218 3900 402 3943 mento
431 3891 779 3957 a'dificentur,
809 3894 875 3948 ad
909 3896 1132 3951 videnda
1182 3915 1303 3968 qua:
1354 3903 1580 3956 credunt
1612 3917 1669 3958 ut
1706 3907 1804 3959 ali-

217 3982 430 4045 quando
471 3982 673 4049 possint
704 3983 905 4038 videre.
952 3988 1082 4040 Sunt
1116 3989 1256 4042 enim
1292 4004 1411 4058 qua:
1456 3991 1524 4045 ita
1569 3994 1799 4048 credun-

216 4080 319 4136 tur,
356 4082 412 4126 ut
455 4074 621 4129 videri
664 4075 772 4143 jam
797 4077 1013 4131 omnino
1060 4095 1163 4134 non
1201 4082 1406 4149 possint
1444 4101 1454 4135 :
1499 4100 1602 4137 non
1655 4086 1797 4139 enim

212 4159 458 4216 ffliristus
504 4166 694 4219 iterum
729 4168 777 4219 in
824 4182 983 4222 cruce
1022 4169 1283 4225 videndus
1311 4182 1411 4236 est,
1437 4173 1528 4226 sed
1561 4174 1661 4228 nisi
1699 4176 1798 4230 hoc

516 4257 655 4321 ρηοα
682 4258 973 4313 statam...
1017 4267 1176 4329 atq...
1212 4262 1383 4316 visum
1422 4271 1526 4330 est,
1571 4274 1627 4319 ut
1658 4266 1798 4322 futu-
1901 4256 2710 4355 333;"):[:5fémfijféffg'fj:
2737 4256 3247 4355 feriffilﬁﬁj'j'fwe
3416 4260 3464 4355 εξ

212 4360 332 4396 rum
362 4360 426 4401 ac
461 4346 741 4400 videndum
766 4349 893 4417 jam
918 4366 1023 4404 non
1056 4326 1321 4421 sbcremr.
1353 4369 1454 4408 non
1491 4326 1797 4423 p'ervenilur
1901 4326 2134 4381 tionibus
2161 4328 2405 4384 Immanis
2430 4346 2713 4387 occursare
2737 4349 2841 4387 non
2860 4334 3136 4401 desinunt,
3166 4341 3251 4392 vix
3285 4341 3487 4396 vidisti.

211 4433 277 4485 ad
309 4432 600 4501 Christum,
634 4416 801 4503 quam
835 4439 951 4495 sine
977 4416 1364 4497 ﬁne’videndus
1396 4416 1503 4498 ρει·
1526 4446 1790 4512 Quantum
1899 4416 2003 4471 Sed
2030 4420 2115 4473 illa
2141 4421 2379 4491 lux,qu.e
2414 4439 2516 4477 non
2536 4427 2776 4495 estquod
2802 4437 2876 4494 tu,
2901 4440 2951 4482 et
2984 4430 3085 4486 ltoc
3115 4433 3204 4486 tibi
3231 4437 3489 4501 ostendit.

212 4537 342 4578 vero
370 4525 642 4580 attinetad
675 4528 817 4581 illam
855 4546 1140 4600 summam,
1184 4535 1524 4602 ineffabilem,
1549 4541 1793 4608 incorpo-
1827 4517 1873 4576 θ
1900 4512 2041 4564 sum]
2072 4526 2191 4608 es_se
2226 4515 2339 4568 mas
2371 4514 2713 4608 "'°"'P°"e,"5
2748 4518 3127 4576 simiumdines
3173 4539 3479 4595 corporuim'

1903 4612 1957 4656 et
1987 4603 2130 4656 aliud
2155 4619 2274 4658 esse
2305 4620 2488 4673 verum
2522 4607 2659 4675 quod
2691 4608 2768 4662 eis
2809 4612 3107 4678 reprobatis
3138 4613 3485 4685 intelligentia

1900 4704 2259 4747 comuemur:
2299 4696 2412 4749 haec
2434 4706 2481 4749 et
2508 4699 2609 4749 alia
2633 4699 2876 4753 similiter
2903 4712 3048 4755 certa
3076 4705 3244 4759 oculis
3267 4708 3371 4761 tuis
3402 4709 3453 4764 in
3472 4739 3487 4750 -

1904 4784 2188 4840 terioribus
2220 4788 2306 4840 lux
2353 4787 2439 4840 illa
2488 4791 2820 4846 monstravit.
2856 4791 2983 4859 Quae
3014 4796 3167 4864 igitur
3198 4813 3356 4856 causa
3383 4812 3483 4871 est,

1898 4889 1994 4928 cur
2020 4877 2134 4929 acie
2166 4877 2265 4931 ﬁxa
2294 4878 2460 4946 ipsam
2494 4878 2672 4933 videre
2704 4897 2807 4935 non
2838 4887 3033 4950 possis,
3071 4888 3165 4941 nisi
3196 4891 3381 4962 utique
3408 4896 3487 4949 in-

1901 4968 2162 5023 firmitas?
2212 4978 2266 5023 et
2305 4971 2422 5039 quis
2446 4970 2619 5043 [quid]
2667 4988 2783 5027 eam
2833 4975 2920 5031 tibi
2956 4980 3098 5044 fecit,
3156 4982 3257 5038 nisi
3302 4987 3487 5055 utique

1897 5060 2181 5129 iniquitas?
2213 5062 2340 5129 Quis
2385 5080 2517 5135 ergo
2566 5076 2719 5119 sanat
2764 5082 2954 5124 omnes
3006 5074 3285 5143 languores
3339 5088 3479 5145 tuos,

1895 5154 1994 5207 nisi
2026 5156 2110 5224 qui
2143 5156 2405 5224 propitius
2440 5157 2495 5210 ﬁt
2522 5160 2767 5213 omnibus
2799 5161 3168 5232 iniquitatibus
3209 5170 3359 5224 tuis?

2459 5289 2683 5348 CAPUT
2721 5294 2934 5351 CCLlll.

1895 5398 2046 5465 Quod
2090 5401 2251 5452 omnis
2286 5403 2539 5477 doctrina,
2584 5406 2661 5457 vel
2700 5422 2865 5477 rerum
2892 5409 2956 5460 sit
2981 5410 3056 5461 vel
3104 5410 3387 5477 signorum,
3432 5423 3481 5468 et

1961 5485 2038 5542 res
2061 5486 2166 5542 qua
2200 5472 2471 5542 fruendam
2514 5485 2606 5535 est,
2641 5477 2706 5529 sit
2750 5475 2888 5529 Deus
2923 5472 3191 5542 Trinitas;
3218 5495 3281 5533 ea:
3309 5472 3446 5538 libro

1961 5540 2023 5593 de
2050 5538 2291 5593 Doctrina
2319 5541 2628 5598 Christiana.

212 4616 405 4679 ralem,
440 4620 1024 4694 incommotabilemque
1062 4637 1327 4696 naturam,
1359 4646 1452 4698 per
1496 4632 1794 4703 intelligen-

213 4706 342 4760 tiam
376 4719 644 4781 utcunque
692 4716 1035 4781 cerncndam,
1065 4735 1322 4789 nusquam
1366 4738 1424 4778 se
1464 4726 1653 4780 melius
1686 4727 1794 4797 (re-

209 4807 373 4865 gente
410 4798 666 4857 duntaxat
714 4804 834 4860 ﬁdei
872 4809 1073 4877 regula)
1124 4812 1268 4867 acies
1314 4814 1560 4869 ltumanze
1602 4818 1793 4874 tuentis

206 4899 452 4957 exercet,
496 4907 654 4959 quam
684 4894 737 4948 in
768 4912 832 4951 eo
861 4900 1002 4967 quod
1037 4901 1149 4969 ipse
1191 4902 1349 4958 homo
1387 4908 1436 4959 in
1461 4922 1555 4960 sua
1603 4918 1788 4964 natura

204 4980 404 5033 melius
463 4986 670 5038 caeteris
721 4988 1059 5056 animalibus,
1120 4995 1309 5051 melius
1363 4999 1521 5052 etiam
1580 5003 1790 5057 caneris

202 5068 402 5120 anima:
428 5082 539 5122 sure
570 5071 811 5139 partibus
843 5077 1021 5142 habet,
1048 5083 1186 5148 quod
1214 5092 1300 5138 est
1350 5086 1465 5155 ipsa
1505 5104 1677 5155 mens,
1702 5092 1787 5145 cui

199 5161 421 5226 quidam
451 5178 630 5217 rerum
670 5165 1012 5225 invisibilium
1056 5175 1283 5229 tributus
1331 5189 1413 5232 est
1446 5181 1613 5248 visus,
1651 5191 1790 5238 etut

199 5253 287 5305 cui
318 5261 569 5323 tanquam
597 5259 648 5311 in
681 5258 800 5313 loco
829 5266 1102 5329 superiore
1144 5277 1303 5340 atque
1333 5272 1589 5330 interiore
1619 5277 1783 5332 hono-

199 5343 446 5399 rabiliter
477 5349 1104 5422 przcsidenti,judicanda
1137 5363 1311 5414 omnia
1357 5366 1782 5425 nuntiantetiam

193 5437 447 5504 corporis
472 5454 693 5509 sensus;
744 5456 798 5499 et
825 5462 927 5515 qua
968 5464 1071 5503 non
1095 5462 1175 5505 est
1196 5457 1439 5523 superior
1468 5461 1552 5513 cui
1576 5462 1783 5518 subdita

196 5529 430 5595 regendi
462 5540 545 5585 est
570 5534 671 5588 nisi
698 5536 855 5590 Deus.
886 5536 1081 5594 Verum
1118 5543 1254 5599 inter
1284 5548 1416 5613 lucc,
1447 5566 1564 5617 quae
1619 5556 1782 5610 multa

192 5617 307 5686 jam
340 5619 469 5687 dixi,
501 5634 553 5678 et
580 5626 707 5680 nihil
738 5628 883 5683 illius
914 5646 1135 5687 summa:
1177 5636 1454 5695 Trinitatis
1498 5643 1782 5700 ineffabili-

1960 5651 2144 5706 Omnis
2172 5653 2409 5706 doctrina
2454 5656 2538 5708 vel
2573 5671 2747 5709 rerum
2790 5666 2872 5710 est
2901 5659 2981 5711 vel
3031 5659 3343 5728 signorum;
3375 5668 3469 5721 sed

198 5718 311 5763 tate
342 5710 579 5780 dignum,
609 5732 693 5772 me
727 5718 936 5777 dixisse
974 5724 1145 5781 audeo
1194 5729 1451 5800 proﬁteri,
1494 5734 1585 5789 sed
1618 5739 1785 5793 conﬁ—

1889 5758 1974 5797 res
1998 5760 2091 5813 per
2113 5746 2262 5815 signa
2300 5746 2596 5804 discuntur.
2630 5748 2848 5819 Proprie
2871 5759 3047 5806 autem
3081 5769 3222 5810 nunc
3268 5772 3355 5813 res
3378 5776 3469 5829 ap-
