3986 6190
493 305 597 361 935

1574 295 1638 352 D.
1680 294 1998 353 EUGYPPII
2039 293 2333 352 ABDATIS
2370 294 2694 353 AFRICANI

3663 306 3772 361 936

492 413 848 487 pellavi,qua2
867 424 973 467 non
996 409 1061 465 ad
1083 405 1486 480 signiﬁcandum
1509 405 1705 474 aliquid
1727 406 2071 469 adhibentur,
2106 409 2153 465 Α
2182 408 2394 461 omnia:
2438 407 2509 461 ita
2540 407 2712 472 I'ater,
2744 414 2799 462 et
2839 406 3027 475 Filius,
3068 416 3125 464 et
3167 408 3400 479 Spiritus
3441 423 3677 480 sanctus,
3708 428 3769 472 et

492 510 635 564 sicut
661 513 744 562 est
768 505 988 575 lignum,
1025 502 1179 571 lapis,
1227 514 1411 567 pecus,
1436 506 1594 569 atque
1623 498 1925 568 huiusmodi
1970 512 2075 551 rte-

494 610 630 665 tera,
671 598 763 651 sed
807 608 913 648 non
961 591 1091 646 illud
1124 592 1321 659 lignum
1362 588 1503 659 quod
1559 588 1611 642 in
1652 602 1818 657 aquas
1866 600 2074 640 amaras

497 692 722 763 Moysen
754 685 966 742 misisse
992 684 1238 754 legimus,
1276 691 1333 735 ut
1393 680 1749 736 amaritudine
1788 688 2031 735 carerent
2057 719 2073 740 ,

500 794 675 850 neque
739 777 828 831 ille
856 773 990 844 lapis
1019 788 1179 843 quem
1205 772 1371 827 Jacob
1400 772 1500 826 sibi
1524 771 1588 825 ad
1620 781 1776 839 caput
1806 778 2073 839 posuerat,

500 866 812 940 nequeillud
830 879 989 935 pecus
1005 862 1150 935 quod,
1166 877 1260 941 pro
1300 864 1410 916 lilio
1440 861 1739 916 immolavit
1766 860 2036 915 Abraham
2061 875 2074 911 :

498 965 581 1019 itte
611 976 843 1029 namque
871 960 944 1013 ita
976 973 1064 1014 res
1089 966 1236 1025 sunt,
1262 966 1319 1011 ttt
1346 957 1573 1011 aliarum
1610 958 1769 1011 etiam
1796 956 1944 1025 signa
1972 955 2079 1008 sint

495 1071 699 1112 rerum.
730 1053 867 1109 Sunt
896 1061 1074 1107 autem
1096 1051 1200 1105 alia
1227 1051 1377 1119 signa
1405 1065 1630 1119 quorum
1659 1050 1837 1105 omnis
1867 1063 1994 1103 usus
2025 1050 2079 1102 in

492 1145 845 1219 significando
871 1155 973 1209 est,
996 1144 1150 1198 sicuti
1193 1151 1319 1197 sunt
1346 1144 1506 1197 verba
1533 1160 1546 1195 :
1578 1158 1735 1197 nemo
1756 1143 1896 1197 enim
1917 1141 2081 1195 utitur

497 1239 700 1301 verbis,
734 1235 839 1289 nisi
864 1232 1063 1302 aliquid
1086 1232 1419 1302 significandi
1447 1233 1640 1301 gratia.
1675 1233 1750 1285 Ex
1783 1248 1889 1301 quo
1925 1228 2082 1286 intel-

496 1331 677 1401 Iigitur
705 1328 832 1397 quid
863 1326 1125 1395 appellem
1146 1326 1294 1394 signa
1318 1366 1332 1390 ,
1376 1340 1464 1379 res
1513 1340 1612 1378 cas
1657 1326 1923 1391 videlicet,
1970 1340 2087 1394 quae

497 1424 564 1477 ad
627 1418 1032 1490 signiﬁcandum
1085 1416 1286 1486 aliquid
1339 1416 1683 1471 adhibentur.
1727 1416 2083 1483 Quamobrem

490 1528 653 1570 omne
672 1512 883 1580 signum
924 1510 1085 1564 etiam
1117 1521 1203 1561 res
1254 1506 1426 1573 aliqua
1455 1514 1539 1561 est
1564 1524 1577 1561 :
1604 1506 1744 1576 quod
1772 1507 1913 1561 enim
1943 1508 2084 1562 nulla

496 1621 586 1662 res
611 1614 715 1671 est,
742 1604 961 1657 omnino
993 1600 1122 1653 nihil
1147 1609 1250 1654 est.
1273 1598 1389 1653 Non
1405 1609 1583 1653 autem
1616 1599 1793 1654 omnis
1824 1614 1911 1653 res
1928 1603 2085 1653 etiam

493 1699 702 1765 signum
721 1704 805 1749 est
819 1712 832 1745 :
846 1703 898 1747 et
921 1692 1040 1747 ideo
1064 1691 1114 1745 in
1140 1691 1238 1745 hac
1253 1689 1515 1744 divisione
1537 1705 1713 1745 rerum
1736 1698 1896 1759 atque
1915 1690 2087 1758 signo-

2176 499 2417 568 singulns
2457 500 2682 568 quisque
2722 500 2910 552 borum
2941 499 3103 566 Deus,
3133 508 3190 553 et
3216 502 3377 555 simul
3414 519 3605 558 omnes
3630 521 3771 560 unus

2181 589 2342 655 Deus,
2365 597 2422 644 et
2448 590 2681 658 singulus
2705 589 2931 658 quisque
2957 589 3148 645 horum
3176 592 3330 660 plena
3359 595 3676 661 substantia,
3708 607 3766 652 et

2180 678 2338 731 simul
2396 692 2585 733 omnes
2614 693 2719 732 una
2757 679 3079 746 substantia,
3109 680 3267 735 Pater
3304 695 3404 737 nec
3449 681 3616 738 Filius
3655 696 3760 749 est,

2181 782 2281 822 nec
2307 767 2537 835 Spiritus
2573 778 2819 833 sanctus;
2855 768 3020 826 Filius
3064 785 3161 825 nec
3189 770 3344 826 Pater
3370 782 3476 841 est,
3515 789 3612 839 nec
3642 775 3765 844 Spi~

2183 862 2317 916 ritus
2339 872 2579 925 sanctus;
2612 862 2837 930 Spiritus
2866 872 3082 917 sanctus
3108 878 3207 918 nee
3230 863 3407 932 Pater,
3438 881 3536 922 nec
3570 866 3765 922 Filius:

2183 953 2280 1007 sed
2308 953 2466 1007 Pater
2504 962 2706 1007 tantum
2761 954 2939 1020 Pater,
2966 968 3018 1008 et
3046 953 3212 1009 Filius
3240 963 3443 1011 tantum
3494 958 3677 1024 Filius,
3710 969 3771 1011 et

2185 1042 2417 1108 Spiritus
2471 1052 2689 1097 sanctus
2744 1052 2944 1097 tantum
3000 1043 3228 1112 Spiritus
3280 1056 3516 1101 sanctus.
3570 1047 3641 1100 Ea
3662 1050 3767 1101 tem

2188 1136 2358 1193 tribus
2409 1138 2699 1203 aeternitas,
2746 1136 2936 1191 eadem
2996 1136 3521 1205 incommutabilitas,
3575 1140 3767 1193 eadem

2188 1225 2459 1295 majestas,
2507 1226 2694 1282 eadem
2737 1235 2993 1295 potestas.
3027 1226 3085 1281 ln
3124 1227 3283 1283 Patre
3320 1230 3514 1295 unitas,
3549 1231 3600 1283 in
3632 1230 3774 1284 Fille

2187 1317 2488 1387 :cqnalitas,
2522 1318 2575 1374 in
2616 1316 2814 1386 Spiritu
2864 1325 3052 1372 sancto
3091 1318 3308 1372 unitatis
3340 1319 3773 1389 :equalitatisque

2187 1411 2505 1475 concordia;
2530 1420 2580 1464 et
2603 1411 2702 1464 tria
2734 1410 2851 1464 haec
2874 1426 3072 1476 unum;
3103 1410 3283 1464 omnia
3308 1421 3528 1480 propter
3557 1412 3771 1469 Patrem

2187 1503 2435 1573 aequalia,
2455 1503 2635 1557 omnia
2655 1510 2871 1571 propter
2900 1501 3091 1559 Filium
3118 1516 3382 1568 connexa,
3405 1502 3586 1556 omnia
3610 1517 3773 1572 prop-

2190 1602 2272 1648 ter
2328 1593 2586 1660 Spiritum
2632 1601 2896 1646 sanctum.
2945 1592 3253 1647 Disimusne
3280 1592 3476 1661 aliquid
3505 1601 3565 1648 et
3592 1593 3773 1648 sonui-

2190 1698 2309 1739 mus
2331 1683 2528 1752 aliquid
2572 1683 2790 1753 dignum
2835 1683 2947 1740 Deo
2988 1685 3011 1737 ἲ
3051 1684 3157 1737 imo
3183 1698 3311 1738 vero
3340 1685 3468 1739 nihil
3512 1701 3601 1739 me
3628 1686 3771 1739 aliud

491 1800 767 1849 rum,cum
792 1783 858 1838 de
878 1783 1038 1837 rebus
1059 1781 1344 1848 loquimur,
1372 1779 1444 1833 ita
1477 1779 1764 1847 loquimur,
1785 1789 1843 1832 ut
1867 1778 2076 1833 etiamsi
2111 1770 2155 1830 Β
2182 1791 2340 1844 quam
2366 1776 2547 1829 dicere
2570 1774 2804 1830 voluisse
2829 1775 3026 1829 sentio.
3061 1775 3118 1830 Si
3139 1785 3317 1831 autem
3356 1776 3488 1845 dixi,
3530 1792 3638 1830 non
3670 1777 3772 1834 hoc

495 1891 680 1932 earum
707 1875 901 1943 aliqua“.
921 1870 1164 1925 adhiberi
1191 1869 1255 1923 ad
1279 1868 1686 1939 signiﬁcandum
1716 1870 1945 1938 posslnt,
1972 1884 2077 1923 non

494 1966 793 2037 impediant
821 1962 1160 2033 partitionem
1191 1976 1291 2029 qua
1328 1960 1476 2029 prius
1504 1960 1571 2015 de
1594 1962 1776 2029 rebus,
1808 1970 1988 2030 postea
2014 1961 2081 2014 de

492 2058 660 2130 signis
701 2056 1074 2120 disseruimus,
1102 2053 1516 2121 memoriterque
1561 2060 1840 2108 teneamus
1865 2053 1916 2108 id
1942 2069 2080 2110 nunc

494 2151 548 2204 in
594 2148 755 2203 rebus
779 2144 1227 2202 considerandum
1257 2159 1378 2200 esse
1409 2143 1552 2215 quod
1597 2154 1744 2211 sunt,
1797 2160 1903 2201 non
1938 2147 2077 2217 quod

494 2239 640 2293 aliud
667 2240 828 2293 etiam
856 2244 1050 2305 praeter
1073 2235 1279 2304 seipsas
1315 2234 1638 2305 signiﬁcant.
1668 2236 1770 2291 ltes
1810 2252 1937 2307 ergo
1963 2238 2080 2291 alia:

493 2340 637 2394 sunt,
672 2327 861 2390 quibus
911 2324 1192 2379 fruendum
1239 2332 1357 2389 est;
1403 2325 1542 2393 alite,
1606 2327 1798 2396 quibus
1825 2326 2077 2382 utendum

494 2432 574 2474 est
604 2422 782 2485 ;alim,
806 2430 926 2487 quae
959 2415 1202 2470 fruuntur
1216 2425 1269 2470 et
1288 2424 1531 2471 utuntur.
1556 2415 1665 2471 lllte
1685 2417 1878 2487 quibus
1909 2417 2080 2473 fruen-

493 2513 618 2566 dum
636 2519 740 2575 est,
759 2523 858 2564 nos
870 2509 1054 2563 beatos
1072 2506 1307 2575 faciunt;
1330 2509 1446 2563 istis
1462 2508 1652 2576 quibus
1676 2509 1934 2564 utendum
1971 2519 2074 2577 est,

495 2602 775 2658 tendentes
793 2599 859 2653 ad
874 2597 1259 2655 beatitudinem
1276 2597 1611 2667 adjuvamur,
1627 2608 1680 2653 et
1696 2599 1845 2667 quasi
1861 2599 2076 2653 admini-

494 2695 754 2756 culamur,
784 2700 840 2745 ut
865 2690 929 2744 ad
954 2690 1072 2744 illas
1092 2703 1211 2758 qute
1235 2703 1334 2743 nos
1358 2690 1543 2744 beatos
1574 2687 1775 2743 faciunt
1795 2690 2078 2759 pervenire

498 2794 659 2854 atque
692 2783 774 2837 his
805 2782 1069 2837 inbterere
1120 2781 1407 2849 possimus.
1438 2779 1546 2835 Nos
1577 2795 1704 2835 vero
1733 2782 1821 2849 qui
1852 2780 2078 2836 fruimur

492 2884 548 2931 ct
570 2876 767 2930 utimur
789 2874 926 2929 inter
952 2884 1204 2942 utrasque
1221 2873 1519 2940 constituti,
1538 2873 1685 2928 sicis
1708 2875 1901 2943 quibus
1931 2882 2075 2929 uten-

494 2972 621 3026 dum
652 2978 733 3025 est
755 2969 858 3024 frui
886 2968 1240 3033 voluerimus,
1264 2967 1549 3037 impeditur
1573 2982 1762 3021 cursus
1792 2980 1995 3033 noster,
2025 2978 2077 3022 «ιι

500 3059 791 3131 aliquando
816 3063 977 3115 etiam
1024 3058 1347 3125 deﬂectitur,
1385 3068 1444 3114 ut
1478 3058 1545 3113 ab
1571 3061 1655 3115 his
1685 3061 1844 3115 rebus
1885 3062 2075 3129 quibus

2182 1876 2269 1924 est
2294 1868 2436 1938 quod
2467 1867 2647 1925 dicere
2670 1868 2844 1933 volui;
2880 1867 2980 1924 hoc
3007 1867 3151 1924 unde
3180 1868 3315 1933 scio,
3345 1869 3445 1923 nisi
3474 1869 3596 1938 quia
3626 1870 3768 1925 Deus

2185 1961 2473 2017 ineﬁ'abilis
2501 1969 2584 2016 est
2609 1977 2623 2027 ;
2654 1959 2796 2030 quod
2829 1970 3009 2015 autem
3043 1974 3071 2013 a
3102 1974 3189 2015 me
3207 1959 3407 2017 dictum
3426 1968 3533 2023 est,
3562 1959 3609 2013 si
3640 1958 3772 2014 inef-

2184 2052 2342 2111 fabile
2363 2059 2527 2117 esset,
2553 2051 2755 2107 dictum
2783 2065 2889 2106 non
2918 2051 3098 2106 esset?
3126 2050 3204 2105 Ac
3229 2064 3324 2119 per
3353 2050 3455 2105 hoc
3482 2064 3550 2104 ne
3579 2049 3766 2105 ineﬂao

2180 2144 2302 2200 bilis
2331 2144 2544 2214 quidem
2586 2143 2844 2199 dicendus
2894 2151 2979 2198 est
3026 2143 3200 2208 Deus;
3234 2144 3357 2212 quia
3393 2152 3449 2197 et
3496 2142 3599 2195 hoc
3644 2156 3768 2195 cum

2178 2236 2403 2305 dicitur,
2438 2235 2637 2305 aliquid
2668 2234 2889 2300 dicitur,
2918 2246 2972 2289 et
2994 2236 3043 2287 fit
3076 2236 3263 2289 nescio
3286 2249 3408 2304 qua
3450 2249 3620 2303 pugna
3645 2248 3769 2285 ver-

2183 2328 2371 2382 borum
2399 2328 2686 2397 :quoniam
2716 2326 2761 2382 si
2792 2327 2920 2385 illud
2950 2337 3033 2382 est
3062 2326 3333 2380 ineffabile
3354 2326 3494 2394 quod
3522 2325 3627 2379 dici
3658 2340 3763 2379 non

2183 2426 2359 2488 potest
2403 2433 2508 2472 non
2562 2427 2646 2473 est
2684 2417 2960 2474 ineffabile
3022 2417 3167 2486 qttod
3224 2416 3309 2470 vel
3353 2415 3621 2470 ineffabile
3647 2416 3759 2473 dici

2183 2523 2375 2582 potest.
2399 2513 2531 2581 Quae
2558 2528 2727 2584 pugna
2756 2513 3040 2568 verborum
3067 2512 3281 2568 silentio
3301 2512 3540 2567 cavenda
3564 2514 3763 2579 potius,

2180 2621 2338 2676 quam
2371 2620 2504 2660 voce
2537 2605 2773 2674 pacanda
2799 2614 2902 2660 est.
2937 2606 3000 2658 Et
3025 2614 3202 2660 tamen
3228 2604 3388 2671 Deus,
3415 2620 3534 2659 cum
3562 2604 3632 2659 de
3677 2605 3769 2660 illo

2181 2696 2315 2750 nihil
2344 2696 2505 2767 digne
2532 2696 2635 2751 dici
2672 2697 2861 2766 possit,
2895 2696 3114 2754 admisit
3140 2697 3385 2751 humanae
3426 2698 3572 2752 vocis
3607 2698 3770 2753 obse-

2179 2789 2386 2858 quium,
2413 2798 2467 2843 et
2496 2788 2673 2843 verbis
2692 2788 2892 2842 nostris
2918 2788 2971 2843 in
3000 2787 3157 2843 laude
3177 2803 3269 2842 sna
3292 2788 3524 2858 gaudere
3544 2803 3642 2843 nos
3664 2805 3765 2843 vo-

2178 2878 2295 2934 luit.
2324 2878 2454 2932 Nam
2496 2878 2618 2933 inde
2646 2886 2727 2934 est
2753 2888 2808 2934 et
2837 2878 2977 2948 quod
3006 2880 3203 2935 dicitur
3248 2879 3407 2935 Deus.
3454 2879 3568 2934 Non
3615 2880 3766 2935 enim

2180 2984 2366 3024 revera
2428 2970 2479 3024 in
2521 2969 2746 3039 strepitu
2779 2972 2999 3026 istarum
3029 2969 3251 3024 duarum
3293 2970 3615 3040 syllabarum
3649 2971 3771 3038 ipse

2177 3060 2537 3130 cognoscitur,
2567 3061 2658 3117 sed
2703 3069 2879 3116 tamen
2912 3075 3098 3116 omnes
3128 3060 3329 3115 Latinae
3374 3061 3566 3131 lingu-.e
3594 3062 3768 3127 scius,

494 3151 773 3205 fruendum
788 3149 1899 3206 estobtinendisvelretardemurveletiam
1918 3167 2068 3209 tevo-
2102 3141 2147 3202 C
2179 3170 2299 3209 cum
2337 3169 2495 3209 aures
2522 3169 2707 3209 eorum
2735 3167 2898 3209 sonus
2931 3155 3032 3209 iste
3061 3154 3314 3224 tetigerit,
3345 3153 3450 3224 52
3480 3164 3659 3209 movet
3689 3157 3763 3207 ad

492 3256 700 3306 cemur,
729 3241 1040 3296 inferiorum
1075 3255 1260 3295 a'nore
1293 3240 1593 3310 praepediti.
1633 3242 1757 3297 Frui
1794 3256 1875 3298 est
1903 3246 2072 3311 enim,

496 3349 681 3391 amore
711 3334 974 3387 inhaerere
986 3331 1143 3388 alicui
1158 3331 1256 3395 rei,
1270 3340 1489 3401 propter
1507 3334 1757 3403 seipsam.
1775 3335 1856 3390 Uti
1876 3346 2074 3401 autem,

495 3427 637 3497 quod
652 3427 705 3480 in
722 3440 874 3479 usum
888 3424 1093 3479 venerit
1104 3423 1170 3477 ad
1187 3422 1237 3477 id
1251 3423 1387 3493 quod
1406 3433 1616 3479 amatur
1630 3425 1975 3482 obtinendum
1993 3443 2078 3483 re-

496 3517 659 3583 ferre,
672 3516 717 3571 si
734 3524 908 3569 tamen
926 3514 1208 3569 amandum
1223 3524 1300 3567 est
1316 3530 1329 3568 :
1349 3528 1470 3570 nam
1487 3529 1611 3569 usus
1630 3515 1864 3584 illicitus,
1884 3517 2079 3572 abusus

498 3613 693 3680 potius,
724 3606 807 3661 vel
852 3606 1058 3672 abusio,
1102 3605 1454 3661 nominandus
1479 3615 1580 3660 est.
1629 3607 1909 3673 Quomodo
1951 3623 2078 3677 ergo

495 3700 540 3755 si
569 3714 810 3755 essemus
838 3697 1124 3766 peregrini,
1164 3696 1254 3766 qui
1301 3696 1454 3752 beate
1485 3697 1663 3751 vivere
1693 3697 1793 3751 nisi
1827 3697 1879 3752 itt
1910 3698 2077 3769 patria

499 3805 604 3845 non
634 3802 931 3860 possemus,
964 3803 1134 3858 eaque
1168 3788 1599 3857 peregrinatione
1645 3790 1831 3863 utique
1870 3793 2076 3859 miseri,

492 3889 552 3938 et
581 3881 849 3937 miseriam
888 3878 1043 3933 linire
1072 3879 1368 3949 cupientes,
1406 3878 1459 3934 in
1490 3880 1714 3949 patriam
1746 3881 1922 3937 redire
1969 3883 2081 3938 vel-

497 3974 691 4042 lemus,
723 3988 855 4045 opus
885 3980 1031 4027 esset
1061 3972 1149 4027 vel
1192 3971 1533 4027 terrestribus
1577 3972 1658 4027 vel
1686 3974 1907 4029 marinis
1933 3975 2078 4032 vehi-

497 4066 653 4130 culis,
677 4064 868 4135 quibus
895 4061 1153 4120 utendum
1177 4069 1322 4117 esset
1344 4070 1400 4115 ut
1420 4062 1486 4115 ad
1516 4062 1742 4130 patriam
1768 4080 1871 4134 qua
1903 4067 2079 4121 fruen-

495 4160 620 4216 dum
648 4167 765 4214 erat
813 4158 1091 4228 pervenire
1132 4155 1434 4209 valeremus
1460 4171 1472 4206 :
1498 4155 1640 4224 quod
1663 4156 1705 4210 si
1741 4158 2078 4217 amoenitates

493 4251 724 4317 itineris,
750 4260 804 4306 et
840 4251 956 4319 ipsa
983 4247 1208 4318 gestatio
1249 4244 1611 4300 vchiculormn
1643 4262 1739 4301 nos
1763 4247 2075 4318 delectaret,

492 4345 738 4404 conversi
760 4343 825 4397 ad
858 4341 1142 4398 fruendum
1175 4340 1257 4394 his
1285 4340 1476 4410 quibus
1512 4342 1585 4395 uti
1618 4340 1921 4408 debuimus,
1959 4345 2077 4399 nol-

493 4438 666 4494 lemus
687 4434 794 4489 cito
814 4433 954 4487 viam
978 4431 1153 4498 linire,
1177 4440 1230 4486 et
1247 4444 1495 4500 perversa
1512 4430 1773 4487 suavitate
1794 4431 2068 4503 implicati,

494 4529 858 4583 alicnaremur
887 4538 916 4576 a
949 4522 1140 4592 patria,
1169 4521 1325 4593 cujus
1351 4521 1588 4577 suavitas
1619 4522 1821 4578 faceret
1849 4524 2065 4591 beatos;
2100 4512 2149 4573 Ῐ)

493 4619 571 4673 sic
593 4619 644 4671 in
677 4617 832 4685 hujus
847 4612 1187 4668 mortalitatis
1211 4613 1316 4667 vita
1340 4613 1738 4682 peregrinantes
1764 4630 1795 4668 a
1822 4614 2067 4684 Domino,

491 4709 537 4763 si
570 4708 742 4763 redire
788 4706 851 4761 ad
897 4707 1117 4775 patriam
1160 4705 1428 4768 volumus,
1462 4705 1548 4759 ubi
1572 4704 1715 4759 beati
1754 4720 1874 4760 esse
1903 4708 2073 4775 possi-

494 4811 633 4865 Inus,
668 4797 920 4850 utendum
942 4807 1020 4850 est
1045 4799 1145 4850 hoc
1168 4796 1386 4860 mundo,
1410 4810 1516 4848 non
1540 4794 1850 4862 fruendum,
1874 4799 2076 4853 utinvi-

493 4888 667 4944 sibilia
682 4888 794 4956 Dei,
823 4904 914 4958 per
933 4903 994 4941 ea
1011 4904 1127 4957 qum
1142 4889 1275 4943 faeta
1300 4896 1422 4941 sunt
1437 4888 1726 4954 intellecta,
1741 4892 2077 4959 cettSpician-

494 4989 601 5043 tur,
618 4980 720 5033 hoc
739 4986 821 5033 est
837 4990 891 5031 ut
904 4978 969 5032 de
985 4979 1352 5048 corporalibus
1371 4980 1857 5049 temporalibusque
1890 4982 2069 5049 rebus,

492 5080 691 5128 acterna
704 5079 757 5125 et
775 5070 1026 5140 spiritalia
1055 5071 1345 5141 capiamus.
1368 5072 1472 5124 lies
1498 5070 1656 5141 igitur
1674 5072 1866 5141 quibus
1887 5071 2070 5127 fruen-

489 5169 616 5222 dum
630 5176 734 5234 est,
751 5166 988 5230 l’ater,et
1005 5164 1188 5228 Filius,
1205 5176 1259 5218 et
1276 5164 1504 5233 Spiritus
1525 5176 1761 5230 sanctus,
1777 5166 2071 5235 eademque

492 5259 747 5322 Trinitas,
772 5272 875 5311 una
898 5256 1139 5325 quaedam
1172 5271 1377 5313 summa
1410 5271 1496 5311 res
1525 5256 1927 5328 communisque
1954 5273 2070 5312 om-

489 5351 644 5407 nibus
688 5348 983 5402 fruentibus
1022 5362 1117 5413 ea;
1158 5346 1202 5401 si
1239 5355 1415 5401 tamen
1464 5361 1574 5413 res,
1626 5357 1680 5406 et
1724 5365 1830 5407 non
1888 5365 2066 5406 rerum

488 5442 726 5501 omnium
753 5455 936 5504 causa,
968 5441 1011 5492 si
1045 5449 1220 5493 tamen
1253 5448 1309 5497 et
1336 5454 1517 5492 causa.
1559 5439 1675 5495 Non
1722 5442 1864 5495 enim
1914 5442 2069 5497 facile

490 5550 683 5588 nomen
738 5531 878 5601 quod
928 5539 1087 5585 tanta:
1124 5531 1453 5586 excellentire
1499 5535 1797 5599 conveniat,
1844 5533 2068 5590 inveniri

490 5632 685 5688 potest,
716 5622 817 5675 nisi
848 5621 991 5690 quod
1046 5621 1236 5678 melius
1268 5621 1338 5677 ita
1383 5621 1599 5688 dicitur,
1646 5623 1881 5679 Trinitas
1929 5626 2062 5691 huic,

488 5724 623 5764 unus
656 5711 814 5779 Deus,
854 5725 915 5767 ex
948 5727 1053 5779 quo
1082 5714 1280 5783 omnia,
1315 5729 1408 5784 per
1446 5730 1604 5785 queui
1635 5717 1832 5787 omnia,
1865 5718 1917 5774 in
1958 5735 2064 5793 quo

2180 3244 2515 3315 cogitandam
2539 3260 2623 3299 est
2640 3244 3046 3301 ellentissimam
3072 3245 3357 3313 quamdam
3382 3245 3767 3301 immortalem-

2179 3351 2282 3404 que
2326 3347 2591 3391 naturam.
2625 3335 2755 3389 Nam
2783 3351 2904 3390 cum
2945 3336 3034 3390 i.le
3061 3351 3199 3391 unus
3238 3334 3503 3406 cogitatur
3536 3335 3768 3390 deorum

2185 3428 2346 3493 Deus,
2389 3427 2566 3483 abhis
2603 3427 2765 3482 etiam
2797 3427 2886 3498 qui
2929 3426 3064 3481 alios
3100 3435 3155 3481 et
3183 3426 3537 3495 suspicantur,
3577 3433 3636 3480 et
3665 3441 3767 3480 vo-

2178 3529 2324 3587 cant,
2354 3529 2408 3574 et
2437 3520 2621 3573 colunt
2647 3519 2799 3584 deos,
2831 3518 2943 3573 sive
2979 3519 3033 3572 in
3070 3519 3230 3584 cmlo,
3272 3517 3386 3572 sive
3413 3517 3465 3574 in
3495 3526 3658 3580 terra,
3694 3518 3764 3574 ita

2180 3612 2467 3680 Cogitatur,
2494 3619 2550 3663 ut
2580 3609 2780 3680 aliquid
2804 3624 2910 3679 quo
2939 3609 3070 3663 nihil
3094 3610 3163 3663 sit
3190 3609 3377 3665 melius
3405 3616 3563 3676 atque
3590 3606 3764 3661 sutili-

2183 3706 2321 3760 ntius
2351 3707 2439 3759 illa
2475 3704 2725 3775 cogitatio
2753 3713 2978 3759 conetur
3000 3705 3283 3772 attingere.

2704 3794 2930 3850 CAPUT
2968 3794 3187 3853 οων.

2184 3886 2262 3942 De
2292 3886 2594 3956 purgatione
2622 3886 2806 3956 mentis
2839 3885 2906 3937 ad
2940 3885 3212 3956 fruendam
3254 3885 3401 3937 ilium
3441 3888 3602 3939 lucem
3642 3902 3764 3950 qua

2251 3955 2305 4013 se
2325 3955 2455 4013 viam
2486 3957 2629 4013 nobis
2656 3955 2907 4029 praebens,
2929 3955 3169 4029 superbis
3198 3958 3348 4029 stulte
3375 3957 3552 4029 fecisse
3580 3966 3763 4029 putata

2253 4038 2325 4080 est
2357 4022 2854 4087 humanum'genus,
2905 4025 2967 4079 de
2996 4022 3261 4085 contrahi;
3311 4022 3467 4079 (τάς
3511 4027 3765 4082 similibus

2252 4111 2468 4163 curans;
2500 4113 2562 4150 ea:
2590 4095 2761 4149 eodem
2792 4095 2988 4149 libro't.

2250 4189 2585 4259 Quapropter
2628 4203 2750 4242 cum
2804 4188 2893 4242 illa
2947 4189 3172 4244 veritate
3226 4186 3603 4259 pet-fruendum
3659 4190 3761 4247 s't.

2179 4297 2300 4352 qua:
2328 4279 2832 4336 incommutabiliter
2873 4280 3021 4344 vivit,
3054 4289 3108 4335 et
3136 4279 3188 4333 in
3219 4295 3282 4335 ea
3331 4280 3566 4335 Trinitas
3615 4280 3764 4335 Deis

2179 4384 2363 4428 auctor
2383 4381 2439 4428 et
2458 4371 2706 4427 conditor
2728 4371 3110 4436 universitatis,
3131 4371 3292 4426 rebus
3341 4386 3472 4438 quas
3496 4372 3762 4439 condidit,

2179 4464 2441 4530 consulat,
2474 4462 2776 4532 purgandus
2828 4472 2910 4517 est
2959 4463 3189 4527 animus,
3238 4470 3297 4521 ut
3343 4470 3400 4515 et
3454 4461 3765 4533 perspicere

2181 4556 2327 4612 illam
2352 4554 2528 4609 lucem
2561 4554 2754 4619 valeat,
2784 4561 2839 4607 et
2887 4551 3153 4608 inhaerere
3199 4562 3492 4622 perspectas
3533 4566 3549 4606 :
3596 4567 3763 4624 quam

2178 4647 2585 4719 purgationem,
2642 4645 2795 4716 quasi
2848 4643 3265 4700 ambulationem
3320 4643 3647 4709 quamdam,
3707 4656 3769 4700 et

2178 4739 2327 4808 quasi
2358 4736 2747 4806 navigationem
2774 4734 2839 4789 ad
2866 4736 3089 4804 patriam
3120 4748 3241 4793 esse
3268 4733 3610 4789 arbitremur.
3638 4733 3763 4788 Non

2179 4828 2321 4882 enim
2350 4825 2417 4879 ad
2459 4840 2578 4880 eum
2627 4825 2717 4894 qui
2763 4824 2961 4894 ubique
3010 4839 3246 4893 prmsens
3275 4832 3357 4878 est
3408 4824 3541 4878 locis
3573 4837 3767 4876 move-

2180 4932 2321 4982 mur,
2353 4915 2447 4970 sed
2487 4916 2628 4969 bono
2653 4914 2830 4970 studio
2860 4915 3120 4984 bonisque
3166 4914 3425 4980 moribus,
3471 4912 3611 4984 quod
3645 4928 3761 4968 non

2176 5021 2477 5079 possemus,
2532 5004 2636 5060 nisi
2683 5006 2795 5074 ipsa
2836 5005 3097 5074 sapientia
3150 5013 3310 5059 tantae
3340 5004 3501 5058 etiam
3553 5013 3766 5059 nostra:

2176 5094 2468 5150 inﬁrmitati
2517 5109 2811 5164 congruere
2857 5094 3189 5165 dignaretur,
3242 5104 3296 5148 et
3344 5094 3551 5148 vivendi
3600 5095 3767 5148 nobis

2175 5187 2435 5254 praeberet
2468 5188 2797 5258 exemplum,
2849 5202 2952 5241 non
3006 5187 3159 5240 aliter
3208 5204 3367 5255 quam
3404 5189 3456 5241 in
3509 5187 3759 5252 homine,

2172 5278 2421 5347 quoniam
2452 5289 2503 5332 et
2537 5292 2635 5332 nos
2666 5278 2909 5333 homines
2950 5293 3155 5332 sumus.
3190 5278 3297 5333 Sed
3342 5280 3465 5348 quia
3502 5294 3602 5332 nos
3630 5293 3760 5332 cum

2170 5368 2235 5421 ad
2256 5367 2400 5421 illam
2424 5367 2688 5433 venimus,
2713 5369 2981 5438 sapienter
3006 5368 3264 5436 ficimus;
3289 5372 3399 5439 ipsa
3424 5386 3542 5425 cum
3565 5371 3633 5424 ad
3656 5386 3765 5425 nos

2172 5458 2335 5523 venit,
2362 5460 2427 5513 ab
2457 5460 2756 5515 hominibus
2786 5461 3032 5528 superbis
3053 5462 3204 5532 quasi
3234 5464 3395 5517 stulte
3427 5462 3621 5518 fecisse
3654 5480 3763 5531 plt-

2173 5558 2277 5602 tata
2329 5558 2410 5603 est
2457 5566 2469 5601 :
2519 5560 2574 5604 et
2611 5551 2862 5619 quoniam
2897 5567 2994 5605 nos
3037 5568 3155 5606 cum
3190 5553 3253 5608 ad
3306 5554 3451 5608 illam
3484 5554 3767 5618 venimus,

2174 5640 2617 5702 convalescintus,
2648 5640 2759 5708 ipsa
2790 5657 2910 5696 cum
2942 5643 3005 5696 ad
3034 5658 3130 5697 nos
3155 5646 3322 5709 venit,
3355 5645 3506 5713 quasi
3540 5646 3769 5700 inﬁrma

2173 5730 2472 5785 existimata
2501 5740 2615 5797 est;
2655 5732 2745 5787 sed
2779 5735 2918 5802 quod
2950 5735 3168 5790 stultum
3195 5745 3276 5790 est
3310 5737 3423 5802 Dei,
3456 5738 3588 5806 sapit
3612 5740 3772 5794 titius
