4016 6184
261 402 365 455 957

1455 394 1893 453 THESAURL‘S.
1938 394 2095 450 CAP.
2136 394 2356 452 CCLVI.

3422 406 3525 462 958

258 522 345 567 est
375 525 534 581 quam
560 508 826 573 homines,
855 516 909 562 et
933 508 1070 578 quod
1104 507 1367 563 infirmum
1400 519 1482 562 est
1511 507 1627 571 Dei,
1657 506 1847 561 fortius
1877 510 1922 568 Α
1950 507 2091 577 quod
2147 523 2244 577 per
2297 507 2549 564 feminam
2606 507 2858 580 deceptus
2916 524 3008 580 per
3064 512 3311 569 femlnam
3368 528 3526 574 natus

257 612 344 657 est
391 616 546 671 quam
581 599 844 653 homines.
878 598 1011 652 Cum
1052 613 1177 665 ergo
1225 598 1335 667 ipsa
1368 599 1437 652 sit
1478 599 1668 666 patria,
1703 598 1841 651 viam

258 707 324 745 se
367 705 578 759 quoque
608 690 761 743 nobis
805 688 929 743 fecit
971 690 1035 743 ad
1087 689 1334 758 patriam.
1369 684 1583 743 Etcum
1615 703 1747 742 sano
1790 696 1845 742 et

256 795 399 849 puro
428 780 671 833 interiori
701 770 856 833 oculo
887 778 1082 848 ubique
1126 779 1194 832 sit
1238 795 1494 847 prcescus,
1526 792 1711 833 eorum
1752 778 1840 848 qui

254 873 479 926 oculum
551 871 699 925 illum
764 870 1033 923 infirmum
1101 870 1539 936 immundumqne
1603 870 1839 931 habent,

254 964 433 1017 oculis
454 963 615 1015 etiam
646 960 857 1015 carneis
884 974 1143 1029 apparere
1169 960 1380 1030 dignata
1403 971 1504 1017 est.
1537 960 1671 1026 Quia
1700 961 1840 1014 enim

256 1055 312 1108 in
346 1055 612 1122 sapientia
650 1053 741 1108 Dei
767 1069 873 1107 non
906 1061 1111 1120 poterat
1144 1052 1373 1107 mundus
1407 1069 1498 1121 per
1528 1054 1840 1119 sapientiam

254 1160 591 1217 cognoscere
622 1146 810 1210 Deum,
844 1144 1038 1214 placuit
1070 1145 1177 1199 Deo
1206 1160 1299 1214 per
1336 1146 1612 1200 stultitiam
1648 1145 1841 1215 praedi-

257 1237 491 1290 cationis
530 1237 707 1290 salvos
739 1237 914 1289 facere
943 1234 1243 1289 credentes.
1278 1234 1393 1288 Non
1438 1235 1595 1304 igitur
1637 1250 1730 1303 per
1761 1234 1842 1288 lo-

255 1343 449 1381 carum
485 1328 658 1396 spatia
692 1326 975 1391 veniendo,
1006 1326 1099 1380 sed
1134 1328 1183 1379 in
1215 1341 1377 1381 carne
1406 1328 1615 1381 mortali
1646 1334 1843 1380 morta-

255 1418 402 1471 libus
444 1417 771 1485 apparendo,
804 1417 1013 1471 venisse
1060 1415 1126 1470 ad
1178 1431 1275 1469 nos
1305 1415 1522 1469 dicitur.
1554 1415 1682 1470 illuc
1713 1429 1844 1484 ergo

252 1507 410 1561 venit
439 1508 525 1561 ubi
557 1516 689 1572 erat,
732 1509 854 1576 quia
898 1508 949 1561 in
982 1510 1080 1561 hoc
1124 1496 1322 1561 mundo
1351 1515 1486 1572 erat,
1518 1514 1573 1561 et
1611 1507 1841 1560 mundus

254 1610 361 1665 per
384 1612 506 1651 eum
542 1597 711 1651 factus
734 1605 836 1651 est.
869 1596 973 1651 Sed
1004 1598 1256 1667 quoniam
1288 1598 1577 1667 cupiditate
1604 1598 1835 1665 fruendi,

254 1702 361 1754 pru
388 1687 503 1754 ipso
526 1687 805 1747 Creatore.
834 1696 1075 1741 creatura
1105 1688 1352 1742 homines
1375 1688 1684 1757 configurati
1717 1685 1839 1742 huic

256 1777 486 1838 mundo,
524 1787 578 1830 ct
629 1777 809 1831 mundi
859 1777 1077 1832 nomine
1125 1777 1602 1846 congruentissime
1646 1777 1834 1841 vocati,

1950 597 2114 651 homo
2155 597 2419 666 homines,
2462 598 2707 655 mortalis
2754 603 3027 669 mortales,
3067 614 3242 661 morte
3286 614 3526 665 mortuos

1946 685 2214 740 liberavit.

2504 758 2727 815 CAPUT
2766 759 2962 814 C(LLV.

1949 862 2267 941 Utruntfrui
2288 869 2520 941 cenante
2554 870 2729 921 debeat
2752 885 2818 923 rm
2866 873 2957 934 uti,
2982 882 3028 925 et
3059 876 3123 926 de
3158 878 3337 941 regula
3368 878 3527 933 dilac-

2119 937 2273 989 tiom’s
2300 938 2544 991 divinitus
2574 941 2879 1005 constituta;
2910 958 2973 996 ea:
3000 945 3175 998 eodem
3206 937 3354 1001 libro.
3432 1008 3435 1011 ἰ

2015 1042 2198 1114 Magna
2249 1044 2475 1114 quaestio
2519 1056 2617 1112 est,
2668 1057 2843 1103 utrum
2889 1050 2993 1104 frui
3043 1062 3103 1108 se
3153 1055 3397 1113 homines
3427 1059 3523 1114 de-

1945 1133 2106 1188 beant
2143 1150 2210 1188 an
2260 1136 2367 1200 uti,
2414 1152 2480 1190 an
2526 1140 2826 1207 utrumque.
2881 1142 3209 1211 Praeceptum
3255 1159 3339 1203 est
3377 1151 3521 1205 enim

1945 1226 2097 1281 nobis
2152 1236 2209 1280 ut
2256 1227 2541 1298 diligamus
2575 1232 2826 1287 invicem.
2871 1233 2975 1287 Sed
3024 1239 3299 1304 quaeritur,
3347 1250 3524 1297 utrum

1945 1320 2165 1384 propter
2189 1330 2249 1371 se
2272 1318 2431 1371 homo
2448 1319 2515 1373 ab
2539 1319 2756 1375 homine
2785 1322 3087 1391 diligendus
3110 1328 3198 1392 sit,
3223 1344 3286 1382 an
3313 1340 3525 1400 propter

1944 1404 2126 1459 aliud?
2157 1408 2214 1459 Si
2251 1409 2391 1461 enim
2435 1420 2653 1478 propter
2697 1427 2777 1479 se,
2825 1414 3053 1469 fruimur
3096 1432 3183 1484 eo,
3217 1420 3261 1473 si
3310 1432 3526 1490 propter

1941 1493 2109 1558 aliud,
2146 1498 2344 1548 utimur
2371 1511 2458 1550 eo.
2494 1497 2715 1552 Videtur
2759 1511 2936 1556 autem
2970 1505 3097 1558 mihi
3130 1516 3347 1576 propter
3376 1511 3521 1565 aliud

1941 1576 2269 1650 diligendus;
2304 1586 2442 1652 quod
2472 1588 2615 1641 enim
2650 1596 2867 1657 propter
2891 1605 2949 1646 se
2979 1592 3307 1664 diligendum
3335 1608 3435 1667 est,
3469 1600 3523 1655 in

1940 1683 2006 1724 eo
2030 1673 2376 1727 conStituitur
2426 1675 2583 1730 beata
2632 1678 2754 1731 vita.
2789 1678 2953 1748 Cujus
2992 1684 3153 1738 etiam
3194 1689 3237 1741 si
3284 1691 3523 1746 nondum

1942 1774 2051 1825 res,
2087 1773 2262 1816 tamen
2302 1766 2422 1833 Spt‘s
2466 1766 2582 1835 ejus
2633 1782 2730 1821 nos
2783 1766 2883 1824 hoc
2928 1782 3163 1842 tempore
3190 1780 3521 1837 consolatur.

254 1882 368 1919 non
410 1882 530 1920 eum
562 1877 944 1935 cognoverunt,
975 1844 1252 1934 prapterea
1284 1865 1421 1919 dixit
1462 1864 1785 1933 evangelista
1822 1882 1833 1917 :
1869 1865 1913 1925 Β
1943 1844 2252 1907 "amamus
2282 1863 2460 1911 autem
2493 1859 2581 1926 (illi
2618 1873 2767 1924 390m
2800 1874 2949 1915 suam
2992 1870 3141 1932 Ροηίῑ
3184 1868 3236 1922 in
3285 1870 3521 1930 homine.

256 1956 329 2008 Et
377 1956 607 2010 mundus
635 1972 756 2011 eum
788 1972 894 2011 non
937 1956 1211 2027 cognovit.
1261 1957 1440 2025 Itaque
1483 1956 1533 2009 in
1581 1955 1840 2024 sapientia

256 2049 358 2101 Dei
396 2065 501 2102 non
531 2057 739 2113 poterat
769 2049 999 2103 mundus
1048 2063 1141 2117 per
1170 2042 1484 2121 sapientiam
1515 2062 1843 2116 cognoscere

259 2141 454 2194 Deum.
487 2142 596 2194 Cur
628 2156 757 2209 ergo
801 2142 944 2195 venit
977 2154 1096 2194 cum
1129 2141 1211 2193 hic
1239 2149 1401 2203 esset,
1435 2139 1535 2193 nisi
1576 2139 1693 2208 quia
1725 2139 1841 2207 pla-

254 2233 369 2285 cuit
417 2232 525 2285 [ὶεο
559 2247 652 2296 per
682 2230 968 2285 stultitiam
1014 2230 1406 2298 pra‘dicatiunis
1451 2231 1626 2282 salvos
1669 2227 1842 2282 facere

252 2321 574 2375 credentes?
616 2320 897 2388 Quomodo
940 2321 1103 2383 venit,
1138 2319 1235 2373 nisi
1270 2320 1409 2388 quod
1455 2319 1685 2373 Verbum
1716 2332 1840 2372 caro

252 2410 457 2464 factum
487 2424 589 2477 cst,
621 2421 675 2465 ct
704 2412 961 2465 habitavit
1004 2411 1289 2466 in'nobis?
1317 2410 1483 2465 Sicuti
1512 2426 1632 2465 cum
1666 2410 1841 2477 loqui-

252 2517 402 2568 mur,
429 2511 482 2555 ut
513 2503 561 2555 id
595 2502 733 2570 quod
760 2503 940 2556 animo
980 2504 1215 2572 gerimus
1241 2502 1292 2556 in
1315 2500 1578 2555 audientis
1603 2502 1836 2553 animum

250 2609 359 2661 per
386 2610 544 2648 aures
575 2610 803 2650 carneas
836 2596 1121 2651 illabatur:
1156 2595 1213 2650 fit
1243 2610 1407 2650 sonus
1438 2593 1657 2648 verbum
1696 2593 1836 2663 quod

250 2683 420 2737 corde
459 2693 753 2752 gestamus,
785 2694 837 2739 et
889 2686 1084 2740 locutio
1116 2692 1351 2749 vocatur,
1406 2698 1504 2737 nec
1560 2693 1736 2737 tamen
1784 2683 1836 2736 in

249 2774 506 2829 eumdem
554 2791 745 2829 sonum
792 2776 1041 2844 cogitatio
1090 2787 1267 2831 nostra
1322 2777 1685 2841 convertitur,
1742 2775 1837 2829 sed

250 2863 401 2931 apud
428 2879 485 2918 se
526 2880 748 2919 manens
779 2866 1009 2933 integra,
1040 2867 1265 2921 formam
1296 2866 1442 2921 vocis
1470 2883 1573 2935 qua
1602 2881 1660 2921 se
1708 2865 1837 2920 insi-

250 2966 389 3009 nuet
418 2956 651 3021 auribus,
704 2957 818 3011 sine
846 2958 1019 3026 aliqua
1076 2957 1195 3013 labe
1241 2973 1352 3013 sua:
1400 2957 1710 3012 mutationis
1752 2970 1836 3009 as-

248 3042 424 3097 sumit
468 3060 482 3097 :
537 3044 607 3097 ita
655 3045 877 3099 verbum
937 3045 1028 3099 Dei
1082 3061 1188 3099 non
1239 3055 1659 3109 commutatum,
1710 3048 1835 3098 caro

250 3149 437 3191 tamen
464 3136 662 3191 factum
689 3146 793 3201 est,
822 3147 877 3191 ut
903 3137 1169 3194 habitaret
1198 3139 1248 3193 in
1274 3138 1449 3194 nobis.
1482 3138 1633 3194 Sicut
1653 3146 1833 3191 autem

1945 1941 2048 1995 Sed
2074 1957 2173 1996 nec
2200 1943 2380 2013 seipso
2408 1946 2631 2016 quisque
2655 1948 2755 2002 frui
2780 1952 2958 2015 debet,
2982 1953 3024 2007 si
3051 1956 3250 2024 liquide
3278 1962 3525 2019 advertas

1944 2034 2066 2099 quia
2092 2048 2191 2088 nec
2219 2035 2453 2102 seipsUm
2477 2038 2636 2092 debet
2662 2049 2878 2107 pmptcr
2896 2044 3133 2110 st-ipsum
3161 2048 3403 2118 diligere,
3429 2056 3525 2108 sed

1946 2133 2161 2191 prapter
2213 2123 2359 2178 illum
2392 2125 2567 2198 [illud]
2618 2143 2723 2197 quo
2770 2129 3053 2187 fruendum
3096 2145 3199 2190 est.
3255 2139 3403 2197 Tunc
3440 2154 3526 2200 est

1942 2212 2138 2301 quippe
2169 2215 2403 2283 optimus
2451 2214 2631 2281 homo,
2679 2232 2798 2272 cum
2831 2228 2938 2274 tota
2993 2225 3098 2277 vita
3148 2241 3241 2280 sua
3272 2233 3444 2301 pergit
3470 2234 3525 2289 in

1942 2300 2435 2360 incommutabilem
2469 2308 2651 2372 vitam,
2686 2320 2740 2363 et
2770 2310 2883 2364 toto
2920 2314 3006 2365 επ.
3024 2324 3113 2368 ctu
3144 2300 3522 2379 inhaeretiilli:

1941 2391 1986 2446 si
2012 2402 2185 2447 autem
2210 2409 2269 2448 se
2299 2405 2517 2463 propter
2538 2411 2597 2450 se
2619 2398 2807 2466 diligit,
2836 2415 2940 2454 non
2965 2418 3025 2457 se
3048 2405 3212 2460 refert
3232 2408 3299 2462 ad
3327 2412 3517 2479 Deum,

1944 2483 2038 2536 sed
2090 2482 2156 2537 ad
2208 2485 2439 2553 scipssm
2470 2500 2783 2553 conversus,
2820 2505 2924 2544 non
2974 2494 3038 2548 ad
3087 2497 3525 2562 incommutabile

1943 2574 2144 2643 aliquid
2196 2577 2524 2631 convertitur
2568 2596 2579 2631 :
2622 2590 2673 2634 et
2704 2593 2983 2650 propterea
3020 2586 3128 2655 jam
3159 2603 3280 2645 cum
3310 2594 3522 2652 defectu

1941 2664 2121 2733 aliquo
2150 2679 2209 2720 se
2238 2666 2431 2721 fruitur
2478 2686 2487 2719 :
2519 2669 2639 2739 quia
2674 2671 2863 2726 melior
2902 2685 3005 2741 est,
3033 2691 3155 2732 cum
3185 2689 3326 2735 totus
3354 2682 3521 2741 haeret

1948 2765 2113 2823 atque
2150 2759 2531 2827 constringitur
2559 2761 2978 2819 incommutabili
3010 2767 3171 2833 bono,
3213 2786 3370 2838 quam
3397 2788 3519 2832 cum

1942 2842 2065 2898 inde
2097 2847 2177 2899 vel
2207 2845 2270 2899 ad
2304 2849 2538 2916 seipsnm
2584 2850 2869 2907 relaxatur.
2900 2855 2955 2910 Si
2987 2872 3114 2927 ergo
3155 2861 3379 2930 teipsum
3410 2880 3519 2921 non

1944 2946 2161 3027 propter
2210 2943 2259 3027 te
2289 2935 2451 3027 debes
2482 2938 2725 3006 diligere,
2773 2942 2865 2995 sed
2901 2958 3118 3014 propter
3149 2948 3296 3005 illum
3344 2952 3518 3027 [illud]

1942 3022 2028 3074 ubi
2057 3022 2361 3079 dilectionis
2388 3033 2493 3080 tua:
2522 3031 2853 3086 recti-simus
2883 3033 3001 3086 ﬁnis
3025 3046 3129 3101 est,
3161 3053 3266 3093 non
3295 3022 3520 3098 διιοοεσλ

1941 3127 2057 3170 srat
2084 3118 2218 3172 alius
2265 3117 2444 3185 homo,
2472 3121 2516 3175 si
2547 3123 2706 3176 etiam
2736 3126 2905 3192 ipsum
2941 3141 3155 3195 propter
3184 3130 3348 3187 Deum
3388 3134 3514 3190 dili-

249 3228 467 3281 curatio
497 3229 575 3281 via
608 3238 689 3283 est
716 3228 779 3281 ad
812 3231 1120 3295 sanitatem,
1152 3230 1232 3285 sic
1271 3230 1382 3284 ista
1410 3228 1613 3283 curatio
1641 3242 1831 3296 pecca-
1864 3212 1909 3275 C
1938 3205 2021 3273 gis
2050 3224 2061 3255 :
2100 3207 2211 3259 haec
2234 3208 2374 3260 enim
2405 3209 2587 3277 regula
2620 3211 2918 3268 dilectionis
2949 3216 3071 3269 divi:
3097 3218 3201 3272 itus
3227 3222 3513 3278 constituta

256 3327 412 3371 tores
439 3319 707 3373 sanandos
734 3306 1158 3389 reﬁciendasque
1185 3318 1439 3386 suscepit.
1472 3318 1538 3372 Et
1578 3316 1833 3386 quemad-

252 3409 475 3461 modum
525 3408 736 3474 medici,
776 3423 898 3463 cum
948 3408 1167 3479 alligant
1211 3409 1451 3473 vulnera,
1485 3423 1589 3461 non
1633 3408 1835 3461 incom-

252 3502 432 3568 posite
457 3499 551 3553 sed
578 3510 699 3568 apte
730 3500 781 3553 id
814 3499 1033 3565 faciunt,
1071 3510 1126 3555 ut
1155 3500 1352 3555 vinculi
1380 3500 1661 3553 utilitatem
1692 3511 1835 3567 quae-

251 3591 383 3645 dam
430 3592 769 3659 pulehritudo
813 3594 971 3647 etiam
1019 3602 1407 3661 consequatur;
1450 3594 1526 3647 sic
1574 3589 1835 3647 medicina

250 3682 561 3749 sapientiae,
594 3697 685 3749 per
712 3684 943 3737 hominis
970 3687 1386 3753 susceptionem,
1417 3684 1614 3738 nosuis
1640 3689 1725 3738 est
1749 3698 1838 3737 ac-

250 3774 593 3824 commodata
646 3773 992 3839 vulneribus,
1052 3773 1120 3827 de
1177 3773 1496 3839 quibusdam
1552 3772 1835 3826 contrariis

252 3874 476 3922 curans,
506 3870 560 3913 et
600 3859 665 3914 de
703 3861 1018 3929 quibusdam
1064 3861 1345 3915 similibus.
1378 3862 1527 3916 Sicut
1555 3862 1715 3913 etiam
1748 3860 1837 3913 ille

252 3951 350 4020 qui
380 3954 626 4007 medetur
658 3953 866 4007 vulneri
893 3946 1157 4022 corporis,
1187 3953 1406 4007 adhibet
1436 3950 1676 4019 qttmdatti
1709 3956 1836 4004 con-

256 4043 447 4107 traria,
490 4044 631 4095 sicut
676 4042 923 4111 frigidum
976 4043 1175 4107 calido,
1217 4042 1301 4095 vel
1345 4041 1562 4094 humido
1610 4041 1832 4103 siccum,

255 4132 342 4186 vel
370 4133 496 4200 quid
537 4132 682 4185 aliud
711 4131 968 4199 ejusmodi
992 4148 1007 4195 ;
1040 4132 1258 4186 adhibet
1286 4132 1446 4185 etiam
1489 4130 1732 4200 quzedam
1760 4131 1836 4184 si-

255 4224 429 4289 milia,
480 4224 621 4278 sicut
662 4223 962 4288 liuteolum,
995 4225 1077 4278 vel
1126 4223 1354 4278 rotundo
1394 4223 1602 4276 vulneri
1652 4234 1839 4277 rotun-

252 4315 410 4377 dum,
454 4315 537 4368 vel
586 4315 873 4384 oblongum
928 4315 1182 4383 oblongo,
1232 4314 1619 4383 ligaturamqne
1665 4316 1834 4384 ipsam

254 4424 369 4463 non
398 4410 641 4464 eamdem
685 4408 941 4464 membris
985 4409 1250 4473 omnibus,
1282 4407 1375 4463 sed
1417 4407 1644 4462 similem
1691 4408 1837 4461 simi-

254 4502 405 4557 libus
448 4509 662 4567 coaptat
692 4518 705 4553 :
755 4501 835 4555 sic
864 4500 1123 4568 sapientia
1158 4500 1270 4565 Dei,
1320 4501 1588 4553 hominem
1619 4514 1834 4568 curans,

1939 3306 2022 3349 est
2068 3314 2080 3346 :
2127 3296 2342 3367 Diliges,
2378 3301 2570 3369 lnquit,
2605 3303 2901 3369 proximum
2953 3312 3097 3360 tuum
3141 3315 3390 3378 tanquam
3434 3320 3518 3368 te-

1941 3387 2135 3454 ipsum,
2171 3386 2337 3445 Deum
2369 3404 2498 3444 vero
2540 3406 2604 3444 ex
2650 3401 2763 3447 tOlO
2792 3395 2974 3461 corde,
3003 3404 3057 3450 et
3087 3412 3152 3451 ex
3176 3406 3284 3454 tota
3316 3401 3516 3471 animo,

1938 3486 1993 3531 et
2021 3492 2088 3530 ex
2140 3488 2250 3530 tnta
2298 3489 2605 3534 meute:ut
2646 3496 2831 3537 omnes
2880 3486 3227 3554 cogitationes
3280 3500 3418 3559 tuas,
3464 3503 3517 3549 et

1940 3576 2153 3623 omnem
2183 3573 2367 3631 vitam,
2408 3579 2463 3624 et
2490 3586 2705 3627 onmem
2749 3576 3075 3631 intellectum
3117 3580 3347 3636 initium
3387 3594 3517 3639 con-

1938 3652 2102 3721 feras,
2136 3673 2163 3710 a
2197 3674 2301 3727 quo
2328 3659 2495 3714 habes
2524 3674 2586 3714 ea
2619 3662 2731 3729 ipsa
2763 3677 2882 3732 quae
2912 3665 3144 3721 confers.
3172 3669 3305 3725 Cum
3335 3682 3513 3731 autem

1938 3745 2030 3810 ait,
2060 3746 2192 3799 'l‘oto
2223 3748 2404 3811 corde,
2438 3756 2544 3800 tota
2574 3751 2775 3816 anima,
2808 3760 2916 3806 tota
2943 3764 3141 3820 mente,
3166 3760 3363 3815 nullam
3391 3765 3514 3820 vitm

1939 3844 2136 3889 nostra)
2171 3849 2369 3902 partem
2405 3838 2623 3904 reliquit
2659 3853 2776 3907 qua
2816 3856 3007 3898 vacare
3033 3845 3247 3912 debeat,
3279 3859 3333 3904 et
3360 3855 3512 3918 quasi

1940 3924 2113 3978 locum
2142 3926 2272 3980 dare
2305 3933 2360 3978 ut
2401 3942 2457 3980 re
2482 3928 2586 3980 alia
2618 3928 2743 3983 velit
2769 3929 2909 3996 'frui,
2951 3934 3046 3987 sed
3077 3934 3328 4007 quidquid
3367 3942 3512 4001 aliud

1938 4014 2270 4085 diligendum
2303 4019 2509 4072 venerit
2555 4020 2608 4071 in
2656 4020 2911 4087 animum,
2960 4023 3085 4079 illuc
3129 4028 3366 4097 rapiatur
3406 4044 3513 4101 quo

1939 4115 2081 4160 totus
2102 4106 2408 4162 dilectionis
2452 4109 2685 4177 impetus
2710 4112 2893 4164 currit.
2924 4112 3173 4183 Quisquis
3199 4131 3325 4187 ergo
3366 4132 3512 4177 recte
3588 4120 3599 4127 ’

1938 4196 2111 4264 diligit
2143 4198 2467 4265 proximum,
2498 4197 2600 4252 hoc
2624 4212 2741 4252 cum
2779 4212 2849 4254 eo
2875 4200 3036 4256 debet
3059 4216 3242 4273 agere,
3271 4215 3327 4260 ut
3348 4211 3509 4265 etiam

1940 4290 2056 4357 ipse
2098 4300 2206 4345 toto
2235 4291 2421 4356 corde,
2455 4300 2565 4346 tota
2597 4292 2793 4357 anima,
2825 4300 2930 4346 tota
2977 4303 3155 4351 mente
3196 4298 3379 4369 diligat
3410 4303 3513 4360 Do.

1940 4382 2141 4435 minnm
2190 4380 2453 4453 [Deum]:
2498 4384 2577 4437 sic
2624 4383 2764 4436 enim
2814 4392 2934 4437 cum
2988 4384 3217 4456 diligens
3262 4399 3510 4461 tanquam

1939 4473 2194 4540 seipsum,
2244 4480 2406 4525 totam
2450 4466 2786 4526 dilectionem
2834 4473 2916 4527 sui
2966 4481 3022 4528 et
3068 4475 3207 4531 illius
3248 4479 3414 4537 refert
3452 4486 3511 4541 in

253 4592 492 4658 seipsam
523 4563 772 4643 exhibuit
800 4589 865 4643 ad
906 4563 1225 4655 sanandum,
1259 4563 1385 4657 ipsa
1427 4591 1689 4656 medicus,
1722 4563 1832 4661 ipsa
1865 4581 1916 4642 D
1940 4565 2081 4618 illum
2109 4563 2733 4661 dilcfii°ncmpcbfluje
2760 4565 2957 4661 "f’num
2991 4579 3020 4661 ἒ
3051 4581 3109 4622 se
3133 4568 3361 4661 rimi?”
3384 4574 3510 4632 δυσί

253 4679 549 4733 medicina.
573 4680 705 4747 Quia
728 4694 857 4748 ergo
885 4694 978 4749 per
1001 4679 1302 4748 superbiam
1332 4681 1492 4733 homo
1522 4680 1701 4749 lapsus
1730 4694 1833 4749 est,

252 4774 616 4830 humilitatem
660 4774 905 4830 adhibuit
944 4775 1010 4829 ad
1059 4777 1354 4829 sanandum
1389 4795 1401 4829 :
1449 4778 1709 4846 serpentis
1747 4794 1835 4833 sa-

253 4864 462 4934 pientia
483 4865 689 4934 decepti
714 4879 918 4931 sumus,
944 4865 1035 4919 Dei
1064 4866 1288 4920 stultitia
1308 4865 1615 4921 liberamur.
1642 4868 1837 4935 Quem-

250 4954 546 5008 admodum
615 4966 793 5010 autem
862 4956 954 5010 illa
1023 4957 1282 5025 sapientia
1339 4960 1671 5026 vocabatur,
1722 4970 1839 5015 erat

250 5056 439 5099 autem
468 5046 689 5099 stultitia
718 5048 1185 5101 contemnentibus
1226 5049 1410 5114 Deum,
1456 5053 1533 5105 sic
1576 5053 1672 5106 ista
1716 5069 1835 5122 quae

250 5146 483 5189 Vocatur
505 5137 747 5199 stultitia,
781 5137 1042 5206 sapientia
1069 5148 1149 5192 est
1177 5140 1512 5197 vincentibus
1539 5144 1832 5200 diabolum.

249 5228 369 5283 Nos
412 5228 815 5283 immortalitate
866 5230 1002 5285 male
1032 5233 1111 5285 usi
1164 5247 1349 5288 sumus
1398 5246 1453 5288 ut
1480 5252 1832 5303 moreresnnr,

249 5315 505 5370 Christus
536 5318 857 5371 mortalitate
889 5318 1025 5373 bene
1076 5335 1203 5375 usus
1248 5331 1351 5387 est,
1404 5332 1461 5377 ut
1508 5326 1832 5382 viveremus.

249 5406 529 5475 Corrupto
544 5409 723 5462 animo
747 5407 956 5463 femina:
980 5409 1247 5480 ingressus
1265 5421 1350 5467 est
1372 5415 1608 5481 morbus,
1630 5417 1836 5487 integro

251 5510 486 5566 corpore
513 5496 725 5551 feminae
752 5502 1014 5567 processit
1049 5502 1214 5555 salus.
1246 5502 1325 5557 Ad
1355 5504 1540 5558 eadem
1572 5508 1836 5563 contraria

253 5586 515 5654 pertinet,
550 5588 689 5654 quod
736 5590 898 5643 etiam
945 5591 1192 5659 exemplo
1224 5592 1476 5646 virtutum
1527 5594 1663 5663 ejus,
1711 5598 1836 5653 vitia

260 5685 451 5731 nostra
482 5690 755 5733 curantur.
801 5681 917 5734 1am
947 5697 1073 5736 vero
1101 5684 1313 5749 similia,
1348 5687 1498 5753 quasi
1530 5688 1834 5759 ligamenta,

259 5768 519 5823 membris
563 5779 618 5822 et
664 5771 977 5825 vulneribus
1019 5776 1217 5829 nosuis
1264 5775 1498 5832 adhibita
1552 5777 1637 5835 illa
1689 5793 1836 5854 sunt,

548 5865 819 5924 ΡΑτιιοι..
869 5866 1059 5928 LXII.

1939 4663 2087 4708 extra
2128 4653 2347 4722 patitur,
2380 4653 2534 4723 cujus
2582 4653 2913 4709 derivatione
2944 4656 3235 4711 minuatur.
3266 4659 3381 4718 Non
3410 4672 3513 4719 au-

1940 4755 2044 4800 tem
2075 4745 2273 4808 omnia,
2308 4747 2501 4814 quibus
2527 4745 2780 4800 utendum
2813 4753 2913 4810 est,
2945 4746 3213 4817 diligenda
3244 4760 3389 4822 sunt,
3415 4758 3514 4814 Sed

1938 4850 2001 4889 ea
2048 4837 2157 4890 sola
2189 4850 2307 4904 qua:
2347 4845 2439 4889 aut
2484 4836 2762 4890 nobiscum
2805 4836 3060 4892 societate
3104 4841 3333 4909 quadam
3368 4845 3516 4904 refe-

1941 4937 2130 4981 ruutur
2159 4928 2209 4980 in
2243 4926 2429 4990 Deum,
2463 4927 2615 4980 sicuti
2643 4936 2725 4981 εει
2754 4926 2913 4981 homo
2938 4924 3023 4982 vel
3059 4932 3301 5001 angelus,
3325 4942 3419 4991 aut
3445 4940 3515 4995 ad

1942 5032 2039 5071 nos
2071 5016 2254 5080 relata,
2282 5016 2543 5079 beneficio
2579 5017 2669 5071 Dei
2705 5024 2801 5084 per
2832 5014 2928 5070 nos
2956 5017 3215 5089 indigent,
3245 5022 3401 5079 sicuti
3430 5028 3515 5083 est

1940 5120 2153 5173 corpus.
2198 5105 2327 5159 Nam
2356 5104 2537 5175 utique
2572 5115 2833 5175 martyres
2865 5120 2969 5161 non
3010 5108 3313 5169 dilexerunt
3335 5115 3514 5171 scelus

1942 5200 2373 5269 persequentium
2416 5213 2497 5266 se,
2536 5198 2641 5268 quo
2682 5204 2860 5253 tamen
2907 5200 2987 5254 usi
3038 5210 3161 5258 sunt
3184 5204 3251 5258 ad
3294 5210 3512 5275 prome-

1938 5291 2069 5346 reud
2079 5308 2164 5346 um
2197 5291 2385 5347 Deum.

2486 5358 2719 5415 CAPUT
2756 5359 2978 5415 CCLVI.

1938 5444 2045 5520 43
2088 5447 2161 5503 De
2188 5449 2333 5503 rebus
2360 5460 2577 5518 quatuor
2605 5449 2897 5520 diligendis,
2928 5457 2977 5503 et
3013 5450 3296 5520 ordinatam
3334 5454 3513 5513 haberi

2010 5519 2240 5584 Oportere
2285 5522 2633 5583 dilectionem,
2678 5519 2726 5572 et
2765 5519 3197 5589 conjunctioribus
3232 5537 3327 5589 pro
3372 5536 3509 5584 sorte

2010 5590 2377 5643 consulendum
2400 5608 2421 5657 ;
2450 5606 2513 5644 ea:
2537 5590 2715 5644 eodem
2746 5589 2899 5641 libro.

2010 5702 2140 5758 Cum
2169 5710 2298 5771 ergo
2326 5708 2558 5771 quatuor
2583 5698 2691 5754 sint
2721 5696 3025 5766 diligenda:
3056 5712 3217 5754 unum
3249 5703 3390 5771 quod
3421 5717 3513 5762 su-

1941 5805 2037 5862 pra
2062 5805 2159 5849 nos
2184 5800 2297 5859 est,
2323 5792 2549 5848 alterum
2579 5787 2721 5875 quod
2750 5800 2850 5844 nos
2876 5801 3094 5858 sumus,
3120 5791 3339 5851 tertium
3369 5796 3511 5867 quod

2974 5877 3054 5940 30
