3986 6190
474 355 576 409 939

1525 343 1588 396 D.
1634 339 1944 396 EUGYPPH
1989 335 2274 392 ABBATIS
2313 329 2632 389 AFRICANI

3625 329 3729 384 9U)

475 475 622 544 juxta
651 483 747 525 nos
786 476 900 533 est,
940 474 1188 536 quartum
1229 459 1368 531 quod
1410 457 1548 513 inl‘ra
1590 473 1688 511 nos
1718 466 1834 522 est;
1867 456 1933 510 de
1967 469 2055 508 se-
2085 457 2131 514 Α
2160 450 2301 505 diuis
2331 447 2602 502 vinculum
2623 487 2637 508 ,
2671 442 2812 513 quod
2845 458 2872 497 a
2915 449 3194 510 parentum
3235 442 3397 497 etiam
3441 446 3734 511 propagine

478 563 654 619 eundo
683 571 735 615 et
765 568 958 628 quarto
988 555 1127 609 nulla
1161 557 1424 619 praecepta
1453 547 1629 603 danda
1659 554 1844 608 erant,
1881 560 2050 614 quan-

483 654 731 708 tumlibet
756 652 898 705 enim
929 648 1087 700 homo
1117 640 1329 697 excedit
1361 655 1389 693 a
1419 637 1669 700 veritate,
1701 643 1944 689 remanet
1977 633 2052 686 illi

481 745 697 800 dilec:io
723 740 837 807 sui,
866 747 919 792 et
945 734 1161 789 dilectio
1186 730 1427 800 corporis
1448 729 1552 783 sui.
1579 727 1754 794 Fugax
1784 723 1924 778 enim
1947 721 2059 776 ani-

481 849 632 896 mus,
657 833 722 885 ab
752 823 1172 883 iucommutabili
1207 819 1408 875 lumine
1429 817 1667 872 omnium
1701 822 1982 881 regnatore
2006 809 2058 863 id

480 925 621 992 agit,
645 930 703 975 ut
732 922 846 989 ipse
875 916 973 970 sibi
1009 921 1193 983 regnet
1219 921 1271 965 et
1299 909 1511 976 corpori
1541 921 1659 960 suo.
1687 905 1810 958 ldeo
1838 918 1941 957 non
1970 917 2062 972 po-

482 1023 586 1068 test
615 1011 713 1066 nisi
754 1017 807 1064 et
831 1022 890 1062 se
916 1015 967 1060 et
995 1015 1190 1072 corpus
1217 1014 1370 1054 suum
1396 996 1636 1065 diligere.
1667 994 1910 1062 Magnum
1935 1004 2063 1058 ergo

481 1100 678 1170 aliquid
718 1097 967 1165 adeptum
1007 1107 1068 1147 se
1110 1098 1281 1158 putat,
1350 1086 1394 1138 si
1444 1085 1604 1138 etiam
1636 1082 1794 1136 sociis
1820 1121 1835 1146 ,
1886 1079 1936 1131 id
1983 1085 2064 1131 est

484 1169 606 1256 aliis
646 1194 980 1254 hominibus,
1017 1186 1279 1244 dominari
1312 1181 1586 1254 potuerit:
1631 1178 1769 1230 incst
1807 1171 1947 1227 enim
1987 1169 2066 1222 vi-

486 1289 628 1342 tioso
655 1286 866 1347 animo,
898 1281 953 1335 id
979 1289 1060 1334 est
1089 1275 1258 1344 magis
1286 1282 1562 1341 appetere,
1595 1275 1646 1321 et
1678 1264 1779 1318 sibi
1812 1273 2064 1329 tanquam

492 1378 730 1433 debitum
769 1372 1041 1426 vindicare
1081 1365 1221 1434 quod
1261 1361 1352 1416 uni
1394 1356 1613 1430 pr0prie
1657 1354 1884 1408 debetur
1937 1351 2064 1401 l‘eo.

486 1468 636 1522 Talis
666 1473 843 1519 autem
885 1462 968 1516 sui
1001 1459 1220 1514 dilectio
1251 1452 1444 1508 melius
1474 1448 1653 1502 odium
1687 1450 1929 1497 vocatur.
1961 1437 2066 1491 lni-

487 1571 646 1626 quum
687 1564 765 1609 est
796 1553 968 1612 enim,
998 1550 1119 1618 quia
1151 1546 1265 1600 vult
1295 1542 1399 1595 sibi
1428 1537 1637 1593 servire
1669 1533 1810 1601 quod
1843 1529 1979 1584 infra
2011 1542 2070 1581 se

487 1618 600 1708 est,
631 1657 753 1698 cum
785 1642 898 1710 ipse
925 1635 1187 1707 superiori
1215 1630 1418 1687 servire
1450 1626 1606 1680 nolit.
1637 1618 2069 1685 Rectissimeque

489 1707 691 1791 dictum
723 1707 847 1787 est:
879 1731 978 1796 Qui
1006 1735 1181 1781 autem
1212 1721 1386 1790 diligit
1413 1716 1750 1786 iniquitatem
1771 1755 1786 1779 ,
1814 1709 1927 1764 odit
1955 1707 2070 1759 ani-

2159 544 2507 597 invetcratum
2527 581 2540 602 ,
2569 547 2773 591 natura:
2797 535 2910 605 lege
2939 535 3177 589 inolevit.
3207 536 3262 588 Id
3291 551 3418 604 ergo
3440 536 3546 603 agit
3574 538 3732 603 spiri-

2162 643 2250 687 tus
2280 633 2331 685 in
2366 630 2630 684 domanda
2657 642 2851 690 carne,
2879 635 2936 678 ut
2965 625 3138 679 solvat
3163 625 3314 679 malae
3338 627 3738 678 consuettulinis

2160 721 2311 788 quasi
2344 729 2496 787 pacta
2529 729 2811 785 perversa,
2845 723 2900 768 et
2941 714 3030 766 liat
3069 729 3171 782 pax
3213 716 3614 769 consuetudinis
3650 716 3740 767 bn-

2164 823 2268 862 nte.
2322 806 2552 874 Diliges,
2586 804 2789 872 inquit,
2834 801 3114 855 Dominum
3149 803 3313 857 Deum
3347 811 3490 855 tuutn
3523 817 3585 855 ex
3634 810 3742 853 toto

2167 897 2329 952 corde
2373 907 2485 961 tuo,
2527 903 2583 949 et
2621 911 2683 948 ex
2727 903 2836 947 tota
2880 895 3060 948 anima
3095 902 3217 956 tua,
3249 902 3302 947 et
3328 907 3392 945 ex
3426 901 3532 944 tota
3565 903 3743 945 mente

2166 998 2251 1041 tua
2274 1033 2288 1054 ,
2335 996 2389 1040 et
2433 986 2623 1054 diliges
2669 984 2969 1053 proximum
3003 992 3150 1036 tuum
3185 992 3435 1051 tanquam
3469 984 3740 1046 teipsum:

2165 1079 2218 1132 in
2272 1079 2355 1131 his
2385 1077 2592 1130 duobus
2644 1075 2924 1145 praeceptis
2977 1082 3083 1127 tota
3126 1074 3232 1128 Lex
3277 1074 3472 1142 pendet
3508 1084 3563 1128 et
3611 1075 3745 1128 Pro-

2168 1170 2383 1238 plictze:
2433 1167 2553 1222 linis
2595 1167 2773 1236 itaque
2830 1166 3082 1235 praecepti
3138 1174 3220 1219 est
3274 1165 3520 1227 dilectio,
3579 1174 3634 1218 et
3685 1179 3746 1217 ea

2169 1260 2378 1330 gemina
2399 1301 2412 1323 ,
2446 1259 2497 1312 id
2529 1269 2609 1312 est
2644 1257 2733 1310 Dei
2763 1268 2816 1310 et
2849 1255 3099 1325 proximi.
3127 1255 3280 1321 Quod
3309 1256 3353 1308 si
3386 1266 3434 1308 te
3463 1264 3632 1308 totum
3669 1255 3748 1306 in-

2173 1350 2414 1418 telligas,
2457 1349 2508 1402 id
2554 1355 2637 1401 est
2677 1347 2912 1400 animum
2956 1354 3011 1399 et
3040 1360 3235 1413 corpus
3265 1356 3443 1410 tuum,
3479 1355 3531 1398 et
3563 1345 3747 1412 proxi-

2169 1456 2314 1495 mum
2364 1450 2532 1492 totum
2553 1479 2569 1504 ,
2613 1437 2664 1491 id
2708 1445 2791 1491 est
2821 1438 3058 1489 animum
3091 1444 3143 1488 et
3172 1449 3369 1504 corpus
3400 1435 3516 1503 ejus
3551 1434 3749 1502 (homo

2179 1531 2321 1586 enim
2352 1543 2417 1584 ex
2446 1527 2626 1581 animo
2655 1534 2866 1580 constat
2893 1534 2947 1579 et
2973 1524 3270 1593 corpore),
3320 1525 3521 1577 nullum
3572 1537 3748 1576 rerum

2171 1619 2557 1691 diligendarum
2583 1632 2750 1686 genus
2789 1616 2840 1669 in
2868 1615 2949 1668 his
2986 1615 3192 1669 duobus
3223 1614 3501 1683 praeceptis
3533 1625 3751 1680 praeter-

2177 1714 2403 1767 missum
2435 1719 2517 1765 est
2542 1717 2557 1763 ':
2591 1723 2711 1763 cum
2739 1708 2879 1762 enim
2907 1717 3197 1776 prtecurrat
3227 1706 3443 1759 dilectio
3470 1705 3584 1765 Dei,
3609 1703 3750 1770 ejus-

491 1845 634 1883 W‘m
665 1839 814 1880 suam
843 1841 856 1889 i
888 1795 942 1876 έῑ
972 1821 1093 1874 ideo
1126 1819 1184 1870 ﬁl
1214 1816 1457 1868 inﬁrmus
1482 1809 1724 1871 animus.
1754 1811 1811 1856 ει
1837 1801 1903 1856 de
1930 1814 2069 1852 m0!”
2101 1815 2147 1876 Β
2175 1817 2278 1872 que
2320 1798 2624 1854 dilectionis
2668 1798 2858 1851 modus
2901 1798 3249 1866 praescriptus
3290 1805 3542 1863 appareat
3587 1795 3657 1846 ita
3703 1801 3752 1844 ut

493 1921 585 1973 tali
619 1931 843 1985 corpore
875 1912 1172 1966 cruciatur:
1209 1916 1432 1959 necesse
1457 1909 1540 1953 est
1569 1897 1712 1951 enim
1743 1901 1800 1947 ut
1830 1890 1956 1944 illud
1983 1888 2069 1941 di-

495 2011 649 2078 ligat,
680 1979 731 2059 et
759 2006 876 2072 ejus
902 1999 1245 2066 corruptione
1277 1996 1660 2062 prmgravctur.
1697 1979 2072 2038 lmmortalitas

501 2102 642 2154 enim
673 2107 728 2151 et
755 2094 1086 2158 incorruptio
1117 2086 1359 2154 corporis
1388 2082 1455 2135 de
1485 2078 1712 2132 sanitate
1741 2073 1903 2127 animi
1935 2071 2075 2123 exis-

497 2194 586 2247 tit.
612 2191 825 2246 Sanitas
855 2195 1030 2239 autem
1063 2180 1220 2234 animi
1246 2184 1331 2232 est
1359 2172 1660 2227 firmissime
1687 2168 1952 2220 inhatrere
1983 2176 2077 2231 po-

502 2285 648 2348 tiori,
677 2281 776 2334 hoc
799 2289 882 2332 est
907 2268 1326 2330 incommutabili
1353 2266 1483 2319 Deo.
1506 2262 1639 2317 Cum
1663 2274 1791 2313 vero
1813 2255 1975 2311 etiam
2001 2253 2078 2306 eis

502 2379 593 2447 qui
633 2375 732 2429 sibi
776 2367 1085 2426 naturaliter
1113 2375 1268 2432 pares
1295 2366 1451 2418 sunt,
1486 2355 1586 2407 hoc
1622 2360 1704 2406 est
1736 2347 2076 2408 horninibus,

498 2438 768 2521 dominari
799 2460 1047 2518 allectat,
1077 2450 1432 2507 intolerabilis
1455 2446 1671 2499 omnino
1694 2438 1944 2510 superbia
1977 2445 2079 2489 est.

512 2556 682 2611 Nemo
710 2564 837 2620 ergo
863 2563 922 2603 se
950 2547 1088 2611 odit,
1119 2553 1171 2597 et
1198 2541 1322 2594 hinc
1345 2538 1558 2608 quidem
1590 2532 1732 2588 nulla
1761 2545 1879 2585 cum
1910 2529 2084 2595 aliqua

506 2657 657 2704 secta
680 2618 906 2714 qua—tstio
931 2637 1028 2691 fuit
1046 2677 1058 2698 ,
1086 2633 1179 2688 sed
1206 2644 1376 2698 neque
1398 2640 1592 2695 corpus
1623 2636 1774 2676 suum
1806 2618 2082 2686 quisquam

501 2740 658 2803 odit;
688 2711 875 2790 verum
905 2738 986 2786 est
1011 2727 1151 2783 enim
1178 2721 1320 2793 quod
1342 2721 1415 2773 ait
1438 2715 1723 2787 Apostolus
1749 2729 1763 2766 :
1791 2711 1958 2765 Nemo
1985 2723 2085 2760 un-

505 2796 664 2902 quam
702 2838 920 2882 carnem
959 2832 1107 2873 suam
1142 2815 1262 2869 odio
1292 2809 1497 2864 habuit.
1557 2806 1624 2860 Et
1664 2803 1805 2872 quod
1849 2796 2086 2896 nonnulli

501 2885 689 2978 dicunt
710 2959 724 2982 ,
746 2914 905 2970 malle
926 2925 984 2965 se
1006 2901 1273 2980 [omnino]
1295 2915 1414 2956 esse
1437 2898 1553 2952 sine
1575 2906 1807 2962 corpore
1827 2931 1840 2952 ,
1869 2885 2088 2942 omnino

507 3014 774 3068 falluntur
797 3049 811 3070 ,
847 3020 953 3059 non
983 3001 1123 3055 enim
1153 3009 1345 3064 corpus
1372 3007 1527 3048 suum
1553 3033 1566 3056 ,
1594 2989 1688 3043 sed
1719 2982 2087 3051 corruptiones

516 3104 635 3173 ejus
661 3109 714 3155 et
753 3095 962 3167 pondus
991 3091 1257 3147 oderunt:
1292 3099 1396 3138 non
1428 3083 1607 3148 itaque
1635 3077 1835 3131 nullum
1867 3085 2079 3140 corpus,

2174 1899 2368 1945 etetera
2409 1891 2460 1942 in
2503 1888 2650 1941 illum
2696 1885 2998 1950 conﬂuant,
3047 1887 3112 1939 de
3152 1886 3439 1938 dilectione
3484 1894 3570 1936 tua
3619 1883 3749 1936 nihil

2175 1979 2371 2033 dictum
2415 1978 2657 2041 videtur;
2701 1977 2793 2030 sed
2835 1990 2955 2030 cum
2993 1977 3189 2028 dictum
3223 1985 3338 2029 est:
3388 1975 3584 2042 Diliges
3626 1990 3751 2041 pro-

2176 2071 2378 2123 ximum
2411 2077 2559 2123 tuum
2591 2077 2836 2137 tanquam
2872 2068 3098 2133 teipsum
3121 2108 3136 2130 ,
3169 2066 3327 2118 simul
3356 2075 3410 2119 et
3450 2065 3522 2118 tui
3567 2067 3666 2118 abs
3710 2077 3756 2118 te

2178 2163 2396 2217 dilectio
2444 2176 2549 2215 non
2602 2160 2961 2228 praetermissa
3011 2167 3112 2211 est.
3169 2158 3262 2210 Ille
3302 2165 3478 2210 autem
3515 2156 3665 2224 juste
3708 2166 3757 2209 et

2181 2263 2363 2306 sancte
2400 2252 2530 2304 vivit
2571 2251 2660 2318 qui
2705 2264 2882 2301 rerum
2928 2248 3133 2316 integer
3173 2247 3466 2301 :estimator
3494 2254 3606 2308 est;
3648 2245 3760 2313 ipse

2182 2354 2261 2397 est
2291 2358 2468 2397 autem
2501 2341 2589 2411 qui
2623 2341 2920 2394 ordinatam
2954 2339 3113 2392 habet
3143 2338 3480 2392 dilectionem
3502 2377 3518 2402 ,
3563 2351 3628 2390 ne
3675 2347 3759 2388 aut

2184 2436 2370 2504 diligat
2415 2432 2557 2500 quod
2607 2448 2711 2485 non
2751 2442 2834 2485 est
2873 2428 3242 2498 diligendum,
3287 2436 3377 2481 aut
3419 2442 3524 2480 non
3572 2425 3760 2493 diligat

2186 2528 2326 2598 quod
2357 2524 2682 2593 diligendum
2715 2531 2798 2576 est
2819 2564 2832 2584 ,
2864 2531 2956 2575 aut
2998 2521 3225 2589 amplius
3254 2520 3438 2588 diligat
3477 2517 3620 2586 quod
3666 2519 3762 2569 mi-

2189 2630 2290 2670 nus
2319 2612 2645 2682 diligendum
2675 2621 2792 2674 est,
2824 2619 2916 2663 aut
2942 2625 3091 2678 mque
3132 2609 3316 2677 diligat
3354 2609 3492 2676 quod
3527 2607 3613 2660 vel
3661 2608 3761 2658 mi-

2191 2723 2291 2761 nus
2323 2707 2405 2759 vel
2437 2704 2668 2773 amplius
2700 2702 3026 2770 diligendum
3059 2709 3170 2764 est,
3201 2709 3292 2752 aut
3323 2700 3496 2752 minus
3526 2698 3610 2750 νει
3651 2711 3765 2749 am-

2190 2799 2328 2868 plius
2382 2797 2523 2866 quod
2570 2809 2722 2864 teque
2762 2793 3089 2862 diligendum
3123 2801 3226 2846 est.
3260 2789 3445 2844 Omnis
3493 2800 3763 2857 peccator,

2192 2893 2506 2956 inquautum
2541 2897 2789 2956 peccator
2817 2895 2896 2940 est
2917 2925 2934 2949 ,
2965 2900 3069 2938 non
3101 2895 3181 2938 est
3209 2882 3542 2951 dligenrlus;
3571 2890 3626 2933 et
3656 2896 3765 2931 om-

2193 2984 2274 3036 nis
2309 2983 2489 3043 llOlllO,
2523 2981 2836 3048 inquantum
2866 2979 3023 3030 homo
3048 2985 3150 3038 est,
3175 2973 3473 3044 diligendus
3499 2983 3582 3026 est
3613 2988 3766 3040 prop-

2181 3083 2276 3125 .ter
2305 3072 2508 3133 Deum,
2563 3070 2700 3122 Dc-us
2742 3084 2868 3120 vero
2910 3078 3129 3135 propter
3173 3066 3435 3133 seipsum,
3480 3063 3581 3115 etsi
3633 3063 3768 3115 Dens

507 3153 609 3250 sed
641 3153 1009 3255 incdrruptum
1040 3192 1091 3234 et
1123 3176 1461 3232 celerrimum
1491 3160 1940 3241 [integerrimum]
1970 3174 2089 3213 cor-
2119 3178 2164 3239 ρ
2195 3160 2340 3214 omni
2371 3158 2588 3212 homine
2628 3157 2856 3225 amplius
2883 3155 3183 3224 diligendus
3222 3162 3340 3207 est:
3373 3153 3600 3220 amplius
3628 3153 3769 3219 quis-

515 3294 618 3352 pus
641 3277 829 3332 volunt
855 3271 1052 3326 habere
1073 3308 1087 3331 ,
1122 3265 1214 3320 sed
1249 3268 1437 3331 putant
1477 3257 1678 3312 nullum
1711 3266 1908 3321 corpus
1936 3263 2055 3302 esse
2075 3288 2090 3312 ,

513 3344 563 3426 si
595 3369 701 3424 tale
728 3363 918 3428 fuerit,
948 3359 1071 3429 quia
1102 3356 1208 3409 tale
1235 3350 1433 3420 aliquid
1459 3361 1577 3402 esse
1609 3344 1842 3398 animam
1870 3345 2090 3407 putant:

516 3458 663 3531 quod
692 3463 870 3510 autem
899 3445 1226 3505 continentia
1255 3441 1488 3512 quadam
1520 3445 1575 3491 et
1602 3432 1877 3488 laboribus
1907 3441 2095 3497 perse-

522 3519 620 3620 qui
644 3545 896 3601 videntur
923 3550 1151 3607 corpora
1181 3547 1274 3586 sua
1296 3573 1309 3596 ,
1339 3529 1434 3599 qui
1463 3529 1562 3580 hoc
1588 3531 1736 3578 recte
1764 3519 1961 3572 faciunt
1992 3528 2096 3568 null

523 3605 579 3694 iil
607 3640 773 3706 agunt
800 3639 858 3685 ut
888 3642 993 3683 non
1023 3605 1261 3679 habeant
1285 3629 1511 3686 corpus,
1535 3613 1628 3668 sed
1653 3620 1709 3664 ut
1729 3605 2101 3706 habeant-sub-

520 3695 769 3798 juga‘ium
807 3732 863 3776 et
903 3724 1142 3788 paratum
1175 3710 1242 3765 ad
1277 3721 1436 3776 Opera
1479 3698 1821 3762 necessaria;
1853 3695 2100 3798 libidines

521 3784 666 3874 enim
698 3810 838 3868 male
877 3784 1086 3862 utentes
1133 3812 1402 3869 corpore,
1453 3794 1507 3848 id
1553 3800 1636 3846 est
1683 3784 2100 3843 consuetudines

521 3918 579 3963 et
600 3901 969 3961 inclinationes
992 3894 1185 3949 anima:
1206 3890 1271 3943 ad
1313 3884 1592 3942 lruendum
1620 3876 1985 3940 interioribus,
2011 3888 2103 3941 per

526 3995 696 4066 ipsius
743 3988 986 4058 corporis
1022 3980 1346 4037 laboriosam
1384 3971 1669 4045 quamdam
1720 3967 1962 4021 militiam
2011 3977 2102 4017 ex.

526 4052 798 4153 stinguere
843 4052 1102 4133 affectant
1139 4089 1151 4122 :
1195 4082 1316 4123 nam
1367 4079 1472 4118 non
1521 4076 1580 4116 se
1634 4058 1976 4118 interimunt,
2009 4052 2104 4108 sed

530 4151 716 4232 curam
762 4185 874 4225 sua:
917 4159 1241 4220 valetudinis
1269 4162 1492 4228 gerunt;
1525 4151 1614 4219 qui
1643 4156 1820 4202 autem
1853 4157 2106 4215 perverse

614 4265 806 4330 agunt,
834 4253 985 4324 quasi
1017 4247 1334 4305 naturaliter
1364 4239 1582 4294 inimico
1611 4249 1711 4290 suo
1741 4231 1956 4301 corpori
1989 4230 2105 4284 bel-

529 4317 974 4416 lumvingerunt:
1021 4339 1076 4393 in
1129 4347 1234 4404 quo
1265 4329 1398 4385 fallit
1424 4339 1517 4382 eos
1546 4324 1686 4394 quod
1719 4323 1899 4392 legunt
1926 4338 1936 4371 :
1971 4317 2107 4372 Caro

529 4409 863 4504 concupiscit
889 4428 1145 4484 adversus
1174 4420 1451 4490 spiritum,
1493 4424 1547 4468 et
1590 4411 1809 4480 spiritus
1850 4409 2106 4462 adversus

531 4496 786 4583 carnem;
810 4517 926 4572 haec
948 4513 1090 4570 enim
1121 4508 1348 4562 invicem
1379 4502 1754 4557 adversantur.
1786 4496 1993 4549 Dictum
2023 4501 2108 4546 est

531 4613 681 4669 enim
711 4579 814 4663 hoc
840 4613 1052 4675 propter
1083 4595 1398 4653 indomitam
1442 4587 1710 4644 carnalem
1753 4579 2108 4639 consuetudi-

535 4714 660 4756 nem
683 4739 700 4766 ,
739 4672 1002 4750 adversus
1045 4699 1204 4756 quam
1236 4680 1456 4751 spiritus
1503 4672 1869 4742 concupiscit,
1909 4685 2017 4723 non
2054 4677 2112 4721 ut

534 4756 810 4844 interimat
833 4789 1051 4848 corpus,
1087 4772 1182 4829 sed
1226 4778 1282 4824 ut
1304 4761 1736 4835 concupiscentia
1776 4759 1913 4828 ejus,
1955 4756 2003 4810 id
2029 4768 2112 4810 est

533 4870 927 4931 consuetudine
964 4864 1106 4920 mala
1134 4860 1399 4922 edomita,
1434 4856 1592 4910 iaciat
1621 4849 1834 4919 spiritui
1862 4847 2114 4914 subjuga-

539 4977 654 5021 tum
675 5007 689 5030 ,
722 4960 864 5032 quod
894 4954 1154 5012 naturalis
1184 4951 1317 5006 ordo
1345 4947 1642 5004 desiderat.
1674 4941 1806 5008 Quia
1836 4939 1976 4994 enim
2010 4937 2111 4991 hoc

531 5057 644 5112 erit
675 5028 797 5123 post
822 5044 1273 5104 resurrectionem
1294 5079 1309 5102 ,
1344 5048 1403 5092 ut
1430 5048 1626 5103 corpus
1653 5028 1960 5086 omnimodo
1987 5042 2109 5082 cum

535 5117 722 5214 quiete
744 5150 953 5195 summa
980 5131 1188 5203 spiritui
1217 5126 1488 5183 subditum
1519 5118 1894 5176 immortaliter
1917 5117 2110 5185 vigeat,

539 5204 644 5288 hoc
664 5231 824 5286 etiam
849 5227 903 5280 in
925 5224 1025 5277 hac
1047 5220 1150 5274 vita
1174 5213 1539 5271 meditandum
1566 5219 1670 5273 est,
1696 5215 1752 5260 ut
1772 5204 2112 5260 consuetudo

539 5320 775 5379 carnalis
808 5323 1040 5370 mutetur
1067 5312 1122 5363 in
1152 5305 1376 5367 melius.
1403 5317 1504 5357 nec
1533 5299 1850 5354 inordinatis
1880 5295 2113 5350 motibus

541 5414 758 5469 resistat
793 5403 1032 5475 Spiritui;
1064 5397 1206 5469 quod
1238 5395 1408 5449 donec
1446 5393 1577 5455 ﬁat,
1617 5403 1744 5444 caro
1780 5387 2112 5455 concupiscit

539 5500 801 5554 adversus
823 5489 1064 5562 spiritum
1082 5525 1099 5552 ,
1125 5492 1181 5539 et
1198 5481 1415 5550 spiritus
1435 5478 1695 5532 adversus
1719 5490 1933 5530 carnem
1957 5491 1971 5528 ;
2007 5488 2113 5528 nou

543 5604 643 5660 per
666 5588 846 5643 odium
884 5580 1169 5636 resistente
1205 5572 1431 5643 spiritu,
1462 5569 1556 5625 sed
1590 5583 1685 5639 per
1725 5567 2113 5636 principatum,

541 5659 672 5747 Quia
701 5675 872 5744 magis
900 5669 1040 5741 quod
1069 5667 1240 5738 diligit
1270 5664 1382 5718 vult
1412 5661 1684 5717 subditum
1712 5673 1832 5714 ess:
1867 5659 2074 5712 meliori
2101 5677 2114 5725 ;

544 5781 651 5823 nec
673 5779 771 5834 per
797 5762 973 5818 odium
1006 5761 1289 5816 resistente
1315 5768 1513 5818 carne,
1547 5752 1642 5808 sed
1683 5765 1780 5822 per
1822 5759 2112 5806 consuetu-

2197 3271 2303 3325 que
2336 3255 2501 3308 Deum
2533 3253 2691 3307 debet
2720 3252 2948 3321 diligere
2989 3265 3147 3317 quam
3184 3249 3448 3316 seipsum,
3489 3247 3502 3299 i
3530 3262 3614 3299 ein
3656 3262 3770 3298 am-

2199 3348 2338 3418 plius
2383 3347 2520 3399 alius
2563 3345 2724 3398 homo
2763 3341 3065 3411 diligendus
3105 3351 3184 3395 est
3211 3354 3367 3407 quam
3399 3354 3594 3406 corpus
3647 3353 3767 3390 nos-

2199 3447 2338 3492 trum
2364 3454 2376 3488 :
2409 3437 2530 3504 quia
2561 3443 2777 3503 propter
2806 3433 2969 3486 Deum
3001 3430 3180 3484 omnia
3211 3430 3310 3482 ista
3339 3428 3604 3495 diligenda
3631 3435 3770 3487 sunt,

2199 3535 2254 3582 et
2296 3533 2474 3596 potest
2515 3526 2792 3579 nobiscum
2839 3522 2976 3574 alius
3019 3520 3177 3574 homo
3222 3519 3331 3572 Deo
3375 3516 3605 3586 perfrui,
3635 3514 3772 3584 quod

2202 3634 2310 3673 non
2351 3625 2529 3686 potest
2567 3630 2800 3683 corpus,
2839 3614 2961 3676 quia
3002 3625 3196 3680 corpus
3241 3624 3335 3676 per
3378 3610 3608 3661 animam
3652 3609 3773 3660 vivit

2203 3725 2306 3781 qua
2337 3709 2561 3762 fruimur
2585 3707 2714 3761 Deo.
2741 3706 2943 3758 Omnes
2975 3713 3148 3757 autem
3178 3715 3329 3770 aque
3353 3700 3603 3768 diligendi
3634 3708 3772 3759 ειιιιι.

2204 3801 2296 3855 sed
2329 3814 2449 3855 cum
2481 3798 2730 3850 omnibus
2759 3795 3019 3864 prodesse
3051 3807 3153 3845 non
3183 3791 3384 3859 possis,
3432 3791 3516 3844 bis
3559 3791 3775 3858 potiSsi-

2206 3908 2346 3946 mum
2379 3889 2765 3946 consulendum
2792 3897 2906 3950 est,
2937 3886 3026 3954 qui
3062 3900 3156 3952 pro
3200 3885 3437 3937 locorum
3475 3891 3529 3936 et
3571 3892 3778 3949 tempo-

2207 3999 2326 4037 rum
2368 3982 2454 4035 vel
2495 3979 2851 4048 quarumlihct
2891 3991 3067 4030 rerum
3109 3974 3592 4043 Opportunitatibus
3621 3985 3779 4025 cons-

2208 4074 2415 4130 trictius
2459 4073 2583 4135 tibi,
2627 4070 2777 4138 quasi
2821 4068 3050 4136 quadam
3097 4076 3241 4120 sorte
3277 4065 3591 4134 junguntur.
3634 4063 3782 4117 Sicut

2209 4165 2349 4219 enim
2381 4163 2425 4215 si
2457 4160 2547 4213 tibi
2575 4159 2870 4212 abundaret
2901 4156 3100 4223 aliquid
3128 4155 3267 4224 quod
3292 4154 3406 4207 dari
3437 4159 3712 4220 oporteret
3735 4151 3784 4203 ei

2209 4255 2297 4324 qui
2354 4267 2457 4306 non
2515 4250 2764 4312 traheret,
2798 4261 2894 4300 nec
2923 4246 3131 4298 duobus
3178 4243 3292 4296 dai
3348 4254 3560 4308 posset,
3603 4242 3650 4293 si
3696 4239 3787 4292 tibi

2210 4352 2556 4401 occurrerent
2596 4341 2738 4404 duo,
2790 4351 3014 4406 quorum
3074 4343 3260 4388 neuter
3308 4333 3469 4385 alium
3521 4330 3602 4384 vel
3652 4329 3788 4382 indi-

2212 4437 2415 4506 gentia,
2441 4435 2522 4487 vel
2547 4447 2670 4501 erga
2698 4439 2749 4483 te
2770 4429 2943 4497 aliqua
2972 4423 3367 4481 necessitudine
3389 4431 3690 4489 superaret,
3713 4418 3788 4470 ni-

2136 4537 2187 4596 ι)
2214 4505 2283 4581 hil
2313 4525 2510 4595 justius
2541 4522 2740 4575 laceres
2762 4561 2774 4583 ,
2808 4534 2962 4584 quam
2997 4524 3052 4570 ut
3084 4526 3228 4568 sorte
3270 4515 3473 4582 legeres
3513 4505 3788 4581 [eligeres]

2215 4617 2298 4671 eui
2328 4614 2563 4668 dandum
2593 4619 2736 4667 esset
2767 4608 2906 4678 quod
2939 4607 3054 4660 dari
3086 4606 3294 4673 utrique
3326 4620 3431 4658 non
3463 4612 3682 4670 posset:
3715 4601 3792 4654 sic

2216 4710 2269 4762 in
2313 4707 2648 4773 hominibus,
2685 4706 2876 4774 quibus
2913 4701 3164 4756 omnibus
3206 4698 3484 4753 consulere
3515 4710 3790 4764 nequeas,

2217 4816 2313 4870 pro
2342 4809 2485 4853 sorte
2520 4795 2820 4850 habendum
2855 4801 2965 4857 est,
3001 4799 3156 4860 prout
3193 4791 3420 4858 quisque
3459 4788 3552 4840 tibi
3580 4796 3793 4852 tempo-

2216 4891 2398 4944 raliter
2421 4888 2716 4957 colligatlus
2737 4885 3015 4938 adhaerere
3043 4881 3296 4950 potuerit.
3327 4879 3576 4934 Omnium
3609 4886 3791 4928 autem

2219 4979 2309 5047 qui
2340 4977 2613 5031 nobiscum
2646 4975 2748 5028 l'rui
2781 4984 3001 5042 possunt
3035 4972 3160 5037 Deo,
3189 4972 3382 5039 partim
3405 4982 3498 5023 eos
3519 4967 3794 5036 diligimus

2220 5083 2354 5138 quos
2383 5068 2479 5136 ipsi
2512 5068 2856 5135 adjuvamus,
2889 5062 3079 5131 partim
3124 5076 3219 5115 eos
3264 5075 3292 5112 a
3338 5059 3531 5128 quibus
3571 5057 3795 5123 adjuva-

2222 5173 2363 5224 mur,
2390 5158 2583 5226 partim
2615 5154 2755 5228 [eos]
2786 5168 3010 5222 quorum
3041 5161 3090 5206 et
3121 5151 3418 5217 indigemus
3448 5148 3717 5217 adjutOrio
3745 5156 3795 5198 et

2223 5253 2530 5322 indigentire
2557 5251 2927 5313 subvenimus,
2959 5248 3149 5317 partim
3181 5246 3371 5314 quibus
3399 5258 3496 5297 nec
3529 5242 3626 5310 ipsi
3660 5256 3793 5295 con-

2226 5344 2443 5399 lerimus
2474 5343 2672 5410 aliquid
2702 5341 3005 5405 commodi,
3039 5353 3137 5392 nec
3163 5338 3231 5389 ab
3260 5335 3336 5389 eis
3378 5344 3436 5387 ut
3471 5334 3624 5386 nobis
3664 5347 3709 5385 ε‹
3735 5347 3793 5383 n-

2222 5434 2424 5488 feratur
2454 5433 2793 5486 attendimus.
2844 5429 2989 5483 Velle
3020 5439 3193 5482 tamen
3224 5426 3478 5480 debemus
3519 5433 3576 5476 ut
3601 5435 3794 5477 omnes

2221 5525 2492 5579 nobiscum
2522 5523 2743 5590 diligant
2772 5521 2971 5586 Deum,
3002 5529 3056 5573 et
3089 5527 3257 5571 totum
3286 5515 3427 5584 quod
3453 5530 3550 5569 eos
3579 5513 3661 5567 vel
3701 5513 3795 5564 ad-

2219 5613 2462 5684 juvamus
2487 5613 2573 5667 vel
2601 5613 2914 5682 adjuvantur
2939 5611 3005 5666 ab
3034 5612 3109 5665 eis
3129 5651 3144 5676 ,
3170 5609 3235 5664 ad
3267 5623 3429 5662 unum
3458 5606 3604 5661 illum
3631 5604 3800 5660 [intem

2224 5704 2564 5762 referendum
2593 5714 2695 5760 est.
