4016 6184
276 315 371 371 9η

816 429 1038 488 CAPUT
1077 428 1321 487 CCLV".

275 522 389 598 44
414 523 489 579 De
533 522 784 594 principio
827 524 1020 598 viarum
1072 525 1347 598 secundum
1389 523 1755 592 Salomonem;
1793 541 1857 580 ea:

898 595 1071 647 eodem
1099 595 1249 648 libro.

351 702 484 756 Cum
513 701 729 756 homine
757 702 806 756 in
839 702 948 756 Deo
978 702 1190 768 frueris,
1218 703 1331 759 Deo
1360 705 1536 775 potius
1571 721 1731 775 quam
1763 706 1859 761 ho-

276 794 427 872 mine
467 795 692 858 frueris;
723 795 816 849 illo
843 795 984 850 enim
1012 795 1206 851 frueris
1244 812 1349 864 quo
1378 797 1611 852 efllceris
1645 798 1853 863 beatus,

275 893 332 939 et
359 884 427 937 ad
460 900 580 938 eum
615 896 666 939 te
693 888 1000 953 pervenisse
1032 885 1316 951 laetaberis,
1359 887 1412 940 in
1441 901 1546 955 quo
1576 901 1725 956 spem
1758 902 1856 955 po-

275 976 363 1030 nis
394 986 450 1029 ut
480 977 684 1030 venias.
716 975 842 1029 Inde
865 976 929 1028 ad
958 975 1324 1030 Philemonem
1358 977 1554 1031 Paulus
1580 995 1592 1030 :
1619 978 1716 1042 Ita,
1748 980 1857 1034 fra-

275 1074 383 1132 ter,
418 1067 609 1136 inquit,
641 1081 740 1135 ego
765 1075 814 1119 te
844 1067 991 1120 fruar
1019 1067 1070 1120 in
1095 1067 1320 1122 Domino
1345 1085 1360 1134 ;
1391 1068 1528 1138 quod
1559 1071 1602 1124 si
1632 1085 1735 1124 non
1765 1071 1857 1125 ad-

274 1157 529 1223 didisset,
560 1158 612 1211 in
645 1156 894 1221 Domino,
938 1168 990 1212 et
1015 1166 1066 1212 te
1098 1160 1243 1214 fruar
1284 1169 1488 1214 tantum
1520 1161 1767 1228 dixisset,
1802 1162 1855 1217 in

275 1265 345 1305 eo
388 1250 754 1303 constituisset
784 1263 932 1318 spem
981 1251 1325 1308 beatitudinis
1365 1268 1494 1307 suze.
1543 1254 1854 1324 Quanquam

275 1343 440 1398 etiam
499 1343 826 1397 vicinissime
870 1343 1062 1398 dicitur
1130 1345 1230 1399 frui
1279 1361 1398 1400 cum
1445 1348 1732 1403 dilectione
1779 1351 1851 1403 uti

276 1433 356 1506 [et
394 1432 756 1487 vicissitudine
801 1433 997 1487 dicitur
1031 1433 1128 1487 frui
1178 1450 1296 1489 cum
1338 1435 1691 1492 delectatione
1721 1437 1852 1508 uti];

273 1539 399 1578 cum
444 1526 585 1576 enim
617 1525 769 1577 adest
797 1523 935 1592 quod
968 1523 1221 1593 diligitur,
1253 1527 1412 1580 etiam
1443 1527 1853 1584 de'ectationem

271 1629 461 1668 secum
501 1629 722 1670 necesse
770 1624 851 1669 est
903 1624 1074 1683 gerat,
1128 1632 1222 1686 per
1270 1634 1426 1687 quam
1473 1621 1516 1675 si
1552 1621 1851 1690 transieris,

272 1719 504 1773 eamque
545 1705 608 1757 ad
658 1704 784 1757 illud
842 1705 926 1758 ubi
985 1709 1399 1773 permanendum
1449 1720 1532 1764 est
1573 1713 1842 1776 rctuleris,

1455 315 1889 375 TlI‘ESAURUS.
1929 315 2083 374 CAP.
2125 315 2388 375 CCLVIII.

1883 431 1938 493 Α
1960 429 2290 498 dispensatio
2319 427 2650 501 temporalis,
2680 443 2781 501 qua
2810 431 3070 487 debemus
3101 430 3197 496 uti,
3229 445 3335 486 non
3382 430 3534 501 quasi

3433 312 3537 372 919

1959 523 2229 577 mansoria
2278 523 2506 592 quadam
2557 521 2842 577 dllecnone
2898 533 2954 578 et
3003 522 3390 588 delectatione,
3439 524 3536 577 sed

1959 615 2265 668 transitoria
2309 616 2482 683 potius
2514 624 2762 683 tanquam
2807 615 2907 668 via:
2928 659 2940 681 ,
2976 624 3228 683 tanquam
3261 614 3538 668 νειιὶοιιιοο

1958 718 2098 767 rum,
2131 705 2213 758 vel
2242 705 2467 760 aliorum
2497 705 2860 775 quorumlibet
2893 707 3411 771 instrumentorum;
3445 713 3539 758 aut

1955 793 2003 847 si
2036 793 2160 862 quid
2190 796 2570 864 congruentius
2613 795 2718 850 dici
2768 804 2965 864 potest,
3001 805 3057 848 ut
3083 810 3147 849 ea
3185 796 3382 864 quibus
3411 795 3539 850 feri-

1957 898 2098 947 mur,
2155 894 2372 953 propter
2436 885 2560 939 illud
2601 886 2666 939 ad
2724 886 2864 955 quod
2931 885 3173 951 ferimur,
3227 885 3534 950 diligamus.

1958 973 2210 1042 Quisquis
2239 976 2396 1044 igitur
2424 975 2726 1044 Scripturas
2752 977 2959 1030 divinas
3009 977 3088 1031 \el
3118 976 3414 1045 quamlibet
3445 990 3536 1030 ea-

1959 1078 2076 1117 rum
2107 1074 2310 1132 partem
2342 1066 2677 1121 intellexisse
2707 1067 2808 1120 sibi
2836 1066 3066 1132 videtur,
3100 1067 3171 1121 ita
3200 1075 3257 1121 ut
3285 1079 3351 1120 eo
3380 1067 3536 1120 intel-

1959 1152 2100 1207 lecm
2134 1169 2238 1207 non
2267 1154 2492 1210 aedificet
2524 1157 2675 1208 istam
2708 1156 2969 1224 geminam
3007 1155 3322 1210 cliaritatem
3355 1155 3446 1208 Dei
3477 1163 3532 1209 et

1963 1244 2208 1311 proximi,
2271 1246 2505 1300 nondum
2563 1247 2833 1301 intellexit
2866 1247 3144 1316 :quisquis
3192 1261 3319 1300 vero
3372 1246 3532 1299 talem

1965 1337 2089 1391 inde
2113 1341 2434 1394 sententiant
2465 1339 2707 1405 duxerit,
2751 1349 2806 1394 ut
2847 1339 2969 1393 huic
2998 1339 3327 1394 :edilicandze
3359 1339 3537 1393 chari-

1961 1432 2054 1485 tati
2085 1433 2155 1487 sit
2185 1435 2352 1500 utilis,
2387 1449 2485 1489 nec
2517 1444 2696 1489 tamen
2738 1435 2839 1488 hoc
2865 1434 3060 1488 dixerit
3090 1433 3232 1503 quod
3259 1433 3348 1487 ille
3378 1447 3535 1502 quem

1960 1525 2088 1592 legit
2141 1540 2206 1580 eo
2243 1526 2361 1581 loco
2408 1530 2643 1582 sensisse
2695 1527 3030 1596 probabitur,
3081 1543 3186 1580 non
3237 1526 3535 1596 perniciose

1961 1616 2178 1680 fallitur,
2211 1634 2308 1673 nec
2335 1619 2554 1673 omnino
2581 1622 2852 1673 mentitur.
2898 1620 3039 1673 Inest
3076 1621 3271 1687 quippe
3301 1617 3353 1670 in
3386 1632 3546 1671 men-

1962 1708 2125 1763 tientc
2159 1711 2404 1764 voluntas
2437 1711 2566 1763 falsa
2600 1711 2831 1773 dicendi,
2865 1720 2921 1763 et
2949 1709 3070 1762 ideo
3102 1710 3299 1762 multos
3331 1709 3533 1762 inveni-

271 1795 441 1848 uteris
460 1803 613 1858 ea,et
635 1795 873 1861 abusive,
900 1811 1000 1849 non
1026 1799 1259 1866 proprie,
1283 1781 1602 1855 diceris-frui
1625 1819 1637 1855 :
1659 1806 1701 1857 si
1723 1820 1849 1859 vero
1885 1786 1928 1845 Β
1959 1814 2076 1853 mus
2111 1800 2196 1867 qui
2251 1800 2462 1853 mentiri
2515 1801 2704 1863 velint,
2735 1802 2823 1868 qui
2871 1809 3046 1854 autem
3079 1799 3191 1853 falli
3237 1801 3528 1854 neminem.

272 1884 554 1939 inlimseris
583 1893 744 1954 atque
775 1889 1150 1953 perm:inseri-',
1182 1890 1338 1943 finem
1367 1891 1417 1944 in
1442 1907 1503 1946 ea
1535 1909 1737 1963 ponens
1760 1897 1853 1948 lie-

272 1981 407 2033 titize
438 1990 560 2039 tuae.
588 1987 711 2034 tunc
732 1994 859 2033 vere
881 1988 932 2032 «ι
958 1981 1166 2048 pr0prie
1193 1981 1290 2036 frui
1315 1983 1572 2039 dicendus
1596 2003 1650 2039 es
1673 2004 1687 2051 ;
1711 1989 1851 2056 quod

272 2089 382 2126 non
435 2071 731 2127 faciendum
779 2083 876 2135 est,
926 2071 1025 2127 nisi
1079 2075 1130 2127 in
1193 2075 1281 2130 illa
1322 2076 1612 2142 Trinitate,
1671 2080 1720 2132 id
1772 2090 1854 2134 est

275 2177 491 2216 summo
511 2173 564 2217 et
589 2163 1011 2217 incommutabili
1052 2165 1211 2218 bono.
1243 2165 1377 2221 Vide
1407 2169 1851 2238 quemadmodum

274 2269 394 2308 cum
435 2253 546 2321 ipsa
575 2253 786 2308 Veritas
832 2263 886 2307 et
929 2253 1184 2316 Verbum.
1247 2271 1342 2324 per
1380 2259 1523 2327 quod
1556 2261 1688 2313 facta
1732 2269 1855 2314 sont

273 2347 478 2408 omnia,
511 2358 636 2398 caro
667 2343 859 2398 factum
889 2356 970 2400 est
995 2355 1051 2399 ut
1089 2345 1356 2403 habitaret
1383 2350 1434 2402 in
1464 2351 1639 2412 nobis,
1677 2359 1852 2404 tamen

273 2437 347 2489 ait
379 2438 668 2504 Apostolus
697 2455 707 2488 :
739 2437 796 2490 Et
829 2437 870 2490 si
899 2451 1216 2492 noveramus
1256 2438 1530 2494 Christum
1560 2442 1850 2495 secundum

274 2541 514 2587 carnem,
546 2527 638 2580 sed
663 2541 802 2579 nunc
826 2525 935 2591 jam
965 2541 1068 2580 non
1104 2529 1380 2592 novimus;
1418 2529 1507 2583 ille
1539 2531 1735 2598 quippe
1763 2531 1852 2599 qui

274 2633 381 2672 non
415 2619 584 2671 solum
635 2618 1066 2686 pervenientibus
1106 2623 1525 2687 possessionem,
1569 2622 1662 2677 sed
1691 2624 1852 2678 etiam

274 2712 416 2764 viam
447 2727 506 2767 se
547 2712 784 2781 prabere
813 2711 980 2765 voluit
1016 2711 1372 2774 venientibus,
1420 2712 1483 2764 ad
1516 2711 1616 2784 [se]
1653 2712 1852 2780 princi-

275 2806 427 2874 pium
479 2805 680 2858 viarum
733 2804 900 2857 voluit
947 2819 1164 2859 carnem
1208 2817 1501 2858 assumere.
1565 2803 1717 2858 Unde
1772 2815 1854 2858 est

275 2898 435 2950 etiam
466 2895 595 2948 illud
625 2914 634 2947 :
664 2895 917 2947 Dominus
952 2894 1150 2948 creavit
1178 2910 1262 2949 me
1298 2893 1616 2962 principium
1644 2896 1850 2949 viarum

275 3001 526 3047 suirum;
554 2995 608 3038 ut
639 2985 758 3040 inde
789 2986 1086 3051 inciperent
1114 2985 1200 3054 qui
1235 2984 1434 3039 vellent
1473 2987 1674 3039 venire.
1712 2985 1852 3054 Apo-

274 3080 447 3131 stolus
478 3079 654 3143 igitur,
681 3077 921 3146 quamvis
963 3077 1137 3131 adhuc
1165 3079 1461 3132 ambularet
1488 3078 1536 3130 in
1569 3079 1673 3142 via,
1703 3089 1755 3132 ct
1783 3078 1846 3131 ad

278 3169 511 3238 palmam
568 3183 815 3238 supernae
863 3169 1155 3223 vocationis
1213 3178 1526 3236 sequeretur
1573 3176 1851 3224 vocantem

277 3259 470 3326 Deum,
507 3267 682 3312 tamen
712 3274 775 3312 ea
808 3275 926 3328 qua:
954 3269 1098 3314 retro
1120 3268 1244 3313 sunt
1265 3261 1609 3325 Oblivisceris,
1634 3271 1686 3314 et
1711 3262 1760 3314 itt
1793 3277 1851 3315 (θ

276 3362 398 3416 qum
451 3357 578 3402 ante
619 3357 744 3402 sunt
789 3357 1056 3414 extentus,
1109 3349 1218 3417 jam
1277 3351 1596 3419 principium
1649 3353 1851 3405 viarum

280 3437 594 3500 transierat,
628 3437 727 3492 hoc
773 3446 859 3493 est
890 3453 954 3493 eo
1002 3453 1105 3492 non
1145 3439 1410 3508 indigebat
1451 3455 1479 3493 a
1527 3455 1632 3510 quo
1676 3449 1852 3497 tamen

277 3530 693 3600 aggrediendum
735 3541 786 3586 et
817 3531 1201 3586 exordiendum
1230 3531 1330 3587 iter
1357 3545 1435 3586 est
1475 3534 1725 3588 omnibus
1765 3535 1852 3602 qui

277 3624 346 3676 ad
385 3623 660 3677 veritatem
692 3623 971 3691 pervenire
997 3633 1053 3677 et
1087 3625 1138 3677 in
1168 3624 1272 3678 vita
1305 3633 1503 3678 :eterna
1537 3640 1853 3693 permanere

277 3712 622 3776 desiderant;
652 3715 726 3766 sic
749 3714 892 3766 enim
916 3713 990 3767 ait
1016 3732 1028 3766 :
1058 3713 1165 3783 Ego
1193 3729 1309 3769 sum
1334 3716 1437 3778 via,
1469 3726 1522 3769 et
1555 3717 1769 3781 veritas,
1801 3725 1854 3770 et

277 3803 385 3855 vita
411 3819 424 3854 :
452 3803 549 3856 hoc
584 3811 686 3866 est,
723 3803 822 3857 Per
845 3818 929 3857 me
953 3805 1182 3870 venitur,
1220 3807 1285 3858 ad
1311 3821 1395 3857 me
1432 3807 1761 3872 pervenitur,
1802 3806 1852 3859 in

279 3906 370 3945 me
434 3903 800 3959 permanetur.
857 3895 992 3947 Cum
1029 3894 1169 3948 enim
1211 3894 1276 3948 ad
1326 3893 1497 3963 ipsum
1549 3897 1854 3962 pervenitur

277 3979 462 4050 {etiam
485 3981 548 4032 ad
574 3981 747 4046 ipsum
781 3981 992 4036 Patrem
1023 3982 1375 4054 pervenitur],
1408 3985 1529 4050 quia
1562 4000 1658 4053 per
1678 3999 1854 4053 aequa—

278 4072 386 4124 lem
418 4071 504 4126 ille
529 4072 614 4124 cui
643 4081 724 4124 est
754 4073 975 4141 aqualis
1007 4074 1338 4142 agnoscitur,
1370 4075 1636 4128 vinciente
1660 4083 1713 4128 et
1736 4084 1853 4126 tan-

278 4175 440 4229 quam
469 4161 834 4230 agglutinaute
861 4177 957 4217 nos
985 4173 1170 4218 sancto
1193 4165 1409 4232 Spiritu,
1435 4181 1539 4234 quo
1568 4165 1618 4218 in
1645 4181 1855 4219 summo

279 4261 446 4318 atque
490 4253 906 4306 incommutabili
939 4254 1077 4308 bono
1107 4270 1423 4323 permanere
1471 4257 1751 4325 possimus.
1781 4258 1852 4310 lix

280 4356 394 4410 quo
421 4341 738 4412 intelligitur
763 4344 884 4412 quia
930 4345 1076 4398 nulla
1121 4361 1204 4399 res
1237 4345 1290 4399 in
1321 4347 1400 4399 via
1432 4357 1612 4401 tenere
1641 4364 1735 4400 nos
1765 4347 1857 4402 de-

280 4432 445 4496 beat,
479 4433 601 4501 quia
641 4433 910 4505 [Quando]
942 4451 1038 4489 nec
1069 4437 1184 4505 ipse
1227 4438 1482 4491 Dominus
1519 4440 1569 4490 in
1601 4449 1853 4506 quantum

1955 1887 2086 1943 Cum
2122 1890 2283 1958 igitur
2333 1890 2436 1943 hoc
2478 1891 2657 1943 sciens
2705 1889 2865 1942 homo
2897 1890 3073 1953 faciat,
3109 1890 3237 1943 illud
3284 1891 3531 1944 nesciens

1957 1981 2212 2046 patiatur,
2265 1982 2395 2035 satis
2425 1991 2646 2049 apparet
2689 1981 2740 2033 in
2775 1994 2878 2042 una
2931 1982 3228 2048 eidemque
3271 1995 3346 2044 re,
3382 1981 3530 2034 illum

1955 2072 2044 2138 qui
2077 2071 2275 2124 fallitur
2302 2086 2366 2125 eo
2395 2071 2482 2139 qui
2511 2071 2768 2124 mentitur
2800 2085 2918 2123 esse
2947 2071 3257 2133 meliorem;
3294 2070 3532 2137 quando—

1955 2161 2170 2229 quidem
2215 2163 2325 2232 pati
2378 2164 2571 2219 melius
2620 2171 2705 2217 est
2755 2163 3088 2231 iniquitatem
3132 2178 3288 2231 quam
3333 2163 3530 2218 facere.

1955 2254 2141 2307 Omni-3
2184 2267 2362 2309 autem
2404 2256 2494 2325 qui
2545 2257 2820 2320 mentitur,
2872 2257 3050 2324 inique
3077 2255 3220 2321 facit,
3253 2265 3306 2310 et
3336 2256 3381 2310 si
3413 2256 3532 2310 cui-

1955 2357 2112 2412 quam
2144 2346 2351 2400 videtur
2383 2347 2512 2401 utile
2558 2348 2844 2416 aliquando
2885 2364 3004 2402 esse
3037 2349 3397 2414 mendacium,
3432 2365 3532 2419 po-

1957 2444 2060 2489 test
2091 2437 2258 2490 videri
2290 2437 2474 2491 utilem
2503 2438 2792 2506 aliquando
2820 2453 2942 2494 esse
2975 2426 3327 2507 iniquitatem.
3364 2443 3531 2497 Nemo

1955 2525 2096 2578 enim
2135 2531 2417 2592 mentiens,
2451 2529 2503 2582 in
2553 2543 2619 2583 eo
2651 2530 2790 2598 quod
2823 2531 3081 2584 mentitur
3108 2542 3288 2586 servat
3323 2533 3480 2588 fidem
3513 2549 3529 2588 :

1959 2630 2081 2668 nam
2133 2614 2236 2669 hoc
2281 2617 2461 2686 utique
2492 2617 2601 2671 vult
2630 2626 2687 2672 ut
2706 2619 2789 2672 cui
2824 2620 3079 2673 mentitur
3111 2620 3268 2675 Iidem
3299 2623 3399 2677 sibi
3433 2623 3533 2678 ha~

1959 2709 2100 2773 beat,
2132 2724 2290 2776 quam
2323 2721 2498 2764 tamen
2529 2711 2577 2764 ei
2611 2710 2917 2764 mentiendo
2959 2727 3064 2766 non
3107 2721 3281 2767 servat
3349 2714 3533 2771 Omnis

1957 2812 2134 2854 autem
2169 2802 2291 2855 lidei
2326 2803 2553 2856 violator
2592 2803 2804 2870 iniquus
2848 2812 2950 2857 est.
2993 2805 3101 2857 Aut
3129 2806 3292 2876 igitur
3337 2809 3533 2877 Iniqui-

1960 2899 2041 2943 tas
2071 2890 2352 2958 aliquando
2403 2901 2485 2945 est
2515 2893 2679 2956 utilis,
2721 2892 2861 2961 quod
2908 2893 3020 2947 fleri
3067 2911 3170 2949 non
3205 2905 3398 2965 potest,
3443 2907 3534 2954 aut

1957 2983 2293 3036 mendacium
2317 2997 2529 3052 semper
2558 2983 2741 3038 inutile
2772 2993 2874 3039 est.
2909 2984 3012 3040 Sed
3041 2989 3280 3056 quisquis
3310 2989 3363 3044 in
3390 2990 3533 3046 Scri-

1958 3073 2128 3140 pturis
2170 3073 2313 3126 aliud
2357 3074 2520 3128 sentit
2567 3089 2722 3142 quam
2768 3075 2860 3129 ille
2897 3077 2984 3144 qui
3030 3079 3243 3147 scripsit
3291 3080 3394 3135 illis
3424 3097 3532 3137 non

1884 3141 1928 3203 Ο
1960 3164 2359 3228 mentientibus,
2397 3141 2616 3217 fallitur.
2670 3164 2773 3242 Sed
2825 3141 3020 3229 tamen,
3057 3175 3113 3220 ut
3141 3141 3323 3223 dicere
3360 3184 3533 3239 caepe.

1957 3269 2094 3318 ram,
2128 3255 2171 3306 si
2195 3270 2253 3306 ea
2280 3255 2540 3308 sententia
2575 3255 2777 3310 fallitur
2804 3272 2904 3325 qua
2933 3257 3164 3312 aediﬁcet
3188 3260 3528 3330 charitatem,

1956 3359 2075 3414 qua:
2124 3347 2242 3399 linis
2275 3348 2524 3415 prmeepti
2572 3357 2674 3413 est,
2731 3349 2801 3402 ita
2849 3348 3045 3404 fallitur
3075 3365 3137 3405 ac
3176 3352 3219 3406 si
3252 3354 3531 3422 quisquam

1956 3451 2138 3491 errore
2168 3437 2424 3492 deserens
2468 3439 2632 3502 viam,
2664 3454 2728 3493 eo
2761 3448 2936 3494 tamen
2967 3457 3063 3508 per
3106 3458 3288 3513 agrum
3323 3455 3530 3517 pergat,

1956 3543 2062 3597 quo
2098 3529 2259 3582 etiam
2293 3528 2374 3581 via
2405 3527 2490 3581 illa
2522 3529 2769 3598 perducit
2797 3548 2811 3586 :
2844 3533 3194 3602 corrigendos
3220 3545 3302 3590 est
3331 3548 3531 3603 tamen,

1957 3628 2014 3671 et
2050 3633 2206 3686 quam
2259 3617 2328 3670 sit
2356 3618 2504 3671 utilis
2545 3620 2684 3672 viam
2732 3635 2837 3672 non
2877 3621 3130 3677 deserere
3161 3623 3536 3680 demonstran-

1956 3706 2077 3759 dum
2103 3719 2208 3770 est,
2242 3722 2309 3760 ne
2352 3708 2738 3762 consuetudine
2764 3709 3036 3776 deviandi,
3072 3714 3230 3765 etiam
3272 3713 3323 3766 in
3357 3723 3535 3771 trans-

1957 3814 2168 3852 versum
2202 3808 2294 3852 aut
2326 3814 2632 3866 perversum
2675 3802 2754 3854 ire
2779 3813 3021 3870 cogatur.
3054 3807 3358 3862 Asserendo
3385 3813 3530 3868 enim

1958 3897 2160 3942 temere
2189 3891 2328 3956 quod
2363 3891 2451 3944 ille
2496 3905 2602 3942 non
2635 3892 2804 3944 sensit
2845 3908 3002 3961 quem
3045 3896 3188 3964 legit,
3221 3899 3534 3973 plerumque

1959 3979 2180 4032 incurrit
2211 3979 2261 4032 in
2286 3979 2390 4033 alia
2413 3995 2529 4046 qua:
2553 3979 2628 4032 illi
2651 3983 2936 4035 sententiae
2967 3994 3256 4042 contexere
3278 4004 3530 4058 nequeat.

1957 4068 2086 4133 Qua:
2109 4069 2154 4121 si
2179 4085 2300 4124 vera
2333 4079 2387 4124 et
2417 4081 2562 4124 certa
2593 4084 2712 4124 esse
2743 4074 3029 4140 consentit,
3067 4075 3196 4131 illud
3229 4093 3332 4133 non
3364 4084 3537 4150 possit

1959 4175 2143 4214 verum
2169 4175 2288 4214 esse
2319 4163 2457 4230 quod
2487 4169 2752 4227 senserat,
2797 4163 2962 4234 fitque
2989 4167 3038 4220 in
3067 4181 3133 4221 eo
3180 4171 3361 4224 nescio
3399 4187 3536 4240 quo-

1961 4248 2121 4302 modo
2156 4259 2212 4302 ut
2238 4251 2467 4305 amando
2514 4252 2836 4306 sententiam
2879 4269 3048 4321 suam,
3084 4256 3375 4326 Scriptura:
3403 4263 3536 4318 inci-

1961 4340 2068 4406 piat
2103 4336 2359 4393 oli‘ensior
2404 4353 2525 4394 esse
2562 4355 2720 4409 quam
2763 4341 2866 4395 sibi
2895 4359 2906 4393 :
2931 4344 3070 4412 quod
3103 4347 3297 4402 malum
3329 4351 3372 4403 si
3413 4364 3532 4405 ser-

1962 4443 2090 4498 pere
2112 4430 2314 4493 siverit,
2345 4439 2622 4485 evertetnr
2652 4449 2717 4486 ex
2741 4448 2806 4487 eo
2833 4451 2846 4498 ;
2873 4449 2968 4503 per
2997 4436 3155 4491 fidem
3185 4439 3326 4494 enim
3349 4442 3537 4496 ambu-

283 4524 370 4576 via
425 4497 606 4577 nostra
637 4497 758 4580 esse
807 4497 1056 4595 dignatus
1092 4497 1206 4592 est,
1244 4537 1427 4582 tenere
1467 4545 1564 4582 nos
1605 4497 1851 4593 voluerit,
1890 4497 1935 4554 Β
1961 4519 2150 4584 lamUS,
2179 4536 2282 4574 non
2315 4537 2408 4590 per
2427 4523 2694 4590 speciem;
2719 4525 2962 4578 titubabit
2985 4535 3160 4581 autent
3192 4529 3344 4599 fides,
3377 4532 3421 4585 si
3452 4532 3535 4586 di-

283 4615 381 4669 sed
415 4615 662 4681 transite,
691 4632 756 4670 ne
784 4618 946 4671 rebus
970 4619 1373 4686 temporalibus,
1404 4620 1644 4687 quamvis
1673 4621 1741 4672 ab
1768 4621 1857 4675 illo

286 4717 389 4773 pro
419 4704 590 4758 salute
619 4713 801 4758 nostra
831 4707 1096 4773 susceptis
1125 4715 1179 4759 et
1211 4707 1395 4774 gestis,
1443 4709 1742 4762 hmreamus
1775 4707 1856 4760 in-

288 4798 538 4860 lirmiter,
569 4797 661 4851 sed
694 4813 788 4866 per
817 4813 907 4853 eas
957 4801 1134 4867 p0tius
1183 4815 1460 4854 curramus
1501 4801 1770 4864 alacriter,
1805 4809 1862 4855 ut

283 4886 353 4940 ad
375 4901 495 4939 eum
516 4885 686 4955 ipsum
704 4887 793 4953 qui
819 4897 1052 4940 nostram
1083 4897 1323 4942 naturam
1347 4903 1373 4940 a
1401 4889 1781 4956 temporalibus
1803 4889 1861 4943 Ii-

287 4979 498 5034 beravit
528 4990 579 5032 et
602 4979 907 5042 collocavit,
940 4979 1004 5031 ad
1027 4979 1302 5034 dexteram
1333 4979 1507 5034 Patris
1538 4981 1759 5049 provehi
1784 4989 1862 5034 at-

283 5086 396 5139 que
428 5072 709 5136 pervenire
753 5085 1072 5125 mereamur.
1108 5071 1359 5125 Omnium
1392 5072 1548 5141 igitur
1575 5089 1693 5142 qua
1721 5089 1860 5143 prae-

288 5163 432 5216 dima
465 5170 611 5224 sunt,
640 5177 703 5216 ex
730 5177 838 5229 quo
863 5163 932 5217 de
977 5163 1135 5217 rebus
1167 5172 1479 5224 tractamus.
1515 5165 1629 5219 Iure
1657 5179 1861 5220 summa

287 5262 394 5317 est,
417 5261 473 5305 ut
512 5253 842 5321 intelligatur
869 5252 1024 5322 Legis
1053 5263 1108 5308 et
1133 5254 1370 5308 omnium
1401 5254 1697 5309 divinarum
1721 5255 1866 5311 Scri-

289 5355 566 5412 pturarum
617 5343 893 5410 plenitudo
937 5352 992 5399 et
1041 5345 1160 5399 finis
1209 5359 1331 5398 esse
1376 5344 1594 5398 dilectio
1641 5347 1717 5398 rei
1760 5359 1863 5412 qua

285 5432 573 5486 fruendum
624 5441 727 5498 est,
757 5442 812 5488 et
857 5434 933 5488 rei
965 5449 1082 5502 qua:
1137 5434 1412 5489 nobiscum
1453 5449 1514 5489 ea
1555 5450 1612 5490 re
1640 5433 1738 5486 frui
1769 5449 1862 5503 po-

285 5529 427 5576 test:
456 5522 577 5590 quia
610 5531 668 5576 tit
695 5538 754 5577 se
784 5523 1008 5592 quisque
1039 5524 1246 5593 diligat,
1275 5535 1546 5593 praecepto
1594 5539 1698 5578 non
1727 5536 1861 5593 opus

283 5621 391 5668 est.
435 5611 548 5666 lloc
594 5627 722 5682 ergo
771 5622 828 5666 ut
859 5628 1140 5669 nossemus
1171 5625 1330 5684 atque
1377 5629 1678 5685 possemus,
1722 5614 1858 5669 facta

287 5713 374 5760 est
395 5712 502 5758 tota
542 5717 642 5774 pro
665 5712 844 5760 nostra
879 5706 1049 5762 salute
1080 5720 1175 5776 per
1203 5705 1435 5762 divinam
1466 5706 1855 5777 providentiam

1962 4611 2201 4664 vittarum
2232 4612 2624 4681 Scripturarum
2655 4615 2867 4669 vacillat
2894 4618 3203 4673 auctoritas.
3233 4619 3400 4677 Porro
3428 4623 3534 4679 fide

1963 4699 2243 4766 titubante,
2276 4701 2509 4757 cbaritas
2546 4705 2706 4758 etiam
2740 4706 2853 4774 ipsa
2892 4705 3206 4776 languescit.
3242 4709 3376 4766 Nam
3417 4714 3463 4768 si
3502 4728 3534 4768 a

1965 4792 2069 4846 fide
2090 4794 2210 4860 quis
2237 4795 2510 4860 ceciderit,
2545 4810 2572 4848 a
2604 4795 2864 4852 charitate
2897 4797 3057 4852 etiam
3095 4815 3318 4857 necesse
3345 4813 3428 4859 est
3455 4820 3542 4860 ca-

1964 4883 2074 4938 dat.
2104 4886 2219 4939 Non
2249 4887 2389 4941 enim
2423 4896 2595 4957 potest
2620 4888 2846 4957 diligere
2875 4890 3015 4958 quod
3048 4905 3168 4951 eSSe
3198 4908 3305 4948 non
3342 4897 3537 4952 credit.

1966 4977 2134 5032 Porro
2170 4979 2216 5032 si
2248 4987 2302 5032 et
2327 4978 2518 5042 credit,
2551 4987 2604 5032 et
2632 4978 2807 5047 diligit
2837 4980 2973 5036 bene
2999 4983 3228 5050 agendo,
3255 4993 3311 5040 et
3338 4999 3540 5053 praece-

1963 5064 2071 5140 ptis
2102 5088 2310 5127 morum
2339 5073 2600 5128 bonorum
2631 5073 3077 5141 obtemperando,
3099 5076 3266 5134 efﬁcit
3299 5089 3355 5133 ut
3376 5079 3536 5133 etiam

1966 5173 2147 5234 speret
2175 5181 2233 5220 se
2262 5165 2328 5219 ad
2350 5164 2400 5219 id
2424 5165 2564 5234 quod
2603 5165 2780 5234 diligit
2805 5179 2927 5220 esse
2948 5175 3250 5223 venturum.

2479 5264 2708 5322 CAPUT
2747 5264 3012 5320 CCLVIII.

1971 5357 2122 5423 Quod
2148 5358 2252 5426 ﬁde
2281 5367 2325 5410 et
2353 5373 2441 5424 spe
2469 5357 2739 5411 decedente
2786 5357 3009 5410 charitas
3055 5361 3277 5426 maneat,
3324 5361 3370 5407 et
3399 5356 3545 5422 quod

2040 5425 2315 5497 temporale
2341 5428 2465 5497 quid
2501 5429 2701 5480 vilescat
2748 5441 2866 5497 cum
2901 5425 3104 5497 venerit,
3129 5432 3377 5478 internum
3421 5440 3542 5479 vero

2038 5493 2299 5552 ardentius
2325 5493 2578 5568 diligatur
2593 5512 2613 5562 ;
2640 5511 2704 5550 ea:
2723 5495 2901 5548 eodem
2928 5493 3080 5547 libro.

2037 5610 2216 5681 Itaque
2243 5609 2339 5666 tria
2379 5609 2494 5665 haec
2533 5617 2658 5663 sunt
2699 5607 2892 5678 quibus
2931 5612 2984 5661 et
3021 5603 3245 5659 scientia
3276 5605 3450 5663 omnis
3487 5616 3543 5665 et

1963 5705 2246 5776 pr0phetia
2290 5703 2524 5760 militat:
2556 5699 2732 5783 fides”
2761 5712 2905 5769 spes,
2953 5697 3208 5754 cbaritas.
3261 5698 3369 5760 Sed
3414 5699 3542 5760 fidei
