3986 6190
438 363 541 417 MS

1517 353 1577 405 D.
1624 348 1942 406 EUGYPPII
1983 344 2273 411 ABBATIS
2316 343 2633 400 AFRICANI

3592 350 3694 403 9-55

432 475 673 529 succedit
715 471 922 543 species
952 485 1111 541 quam
1142 466 1463 532 videbimus,
1512 474 1566 521 et
1613 467 1726 533 spei
1782 462 2023 533 succedit
2052 454 2098 527 Λ
2130 459 2323 513 mantis
2361 459 2562 523 audita,
2592 457 2931 511 aﬂ‘ectionem
2973 457 3135 511 animi
3178 458 3297 527 ejus
3326 458 3690 528 advertimus;

436 569 707 626 beatitudo
737 569 848 636 ipsa
890 566 956 620 ad
986 580 1143 634 quam
1195 561 1500 632 perventuri
1530 573 1715 614 sumus
1746 574 1758 611 :
1784 558 2017 610 charitas

437 670 613 713 autem
645 660 806 712 etiam
837 656 954 709 istis
986 654 1367 707 decedentibus
1402 650 1688 720 augebitur
1736 649 1929 717 potius.
1964 646 2020 700 Si

446 749 588 801 enim
641 745 908 801 credendo
958 744 1231 814 diligimus
1282 743 1422 813 quod
1471 743 1707 795 nondum
1754 739 2015 804 videmus,

442 849 640 907 quanto
682 836 850 907 magis
902 850 1025 889 cum
1078 835 1258 888 videre
1302 830 1662 903 cmperimus?
1705 831 1768 883 Et
1816 830 1859 883 si
1902 843 2024 896 spc-

449 930 618 984 rando
662 928 934 997 diligimus
983 941 1090 996 quo
1145 926 1379 980 nondum
1431 925 1790 995 pervenimus,
1823 930 2023 991 quanto

451 1020 619 1086 magis
650 1032 770 1071 cum
824 1015 1264 1085 pervencrimus?
1304 1016 1444 1069 Inter
1476 1014 1785 1082 temporalia
1827 1012 2023 1081 quippe

442 1122 603 1181 atque
632 1120 829 1164 aeterna
878 1108 979 1161 hoc
1027 1107 1271 1169 interest,
1317 1105 1457 1174 quod
1496 1105 1790 1173 temporale
1818 1103 2018 1172 aliquid

439 1204 562 1274 plus
615 1200 853 1269 diligitur
896 1208 1182 1269 antequam
1239 1200 1534 1266 habeatur,
1586 1199 1791 1254 vilescit
1843 1207 2020 1251 autem

438 1308 560 1347 eum
592 1290 891 1357 advenerit,
947 1304 1053 1343 non
1104 1291 1246 1345 enim
1286 1292 1445 1345 satiat
1484 1297 1714 1344 animam
1742 1304 1861 1342 cum
1891 1288 2018 1359 [cui]

451 1397 576 1436 vera
618 1391 701 1435 est
730 1389 781 1433 et
818 1389 965 1434 certa
1012 1380 1170 1434 sedes
1200 1382 1511 1444 aeternitas;
1560 1391 1816 1435 aeternum
1844 1389 2021 1432 autem

446 1477 725 1529 ardentius
748 1472 988 1541 diligitur
1013 1472 1265 1540 adeptum
1289 1488 1445 1541 quam
1471 1472 1853 1526 desideratum.
1883 1469 2023 1523 Nulli

443 1567 586 1620 enim
618 1562 942 1617 desideranti
972 1562 1287 1616 conceditur
1328 1563 1446 1632 plus
1478 1562 1544 1617 de
1574 1562 1667 1615 illo
1711 1563 2023 1616 existimare

443 1669 603 1723 quam
641 1668 701 1707 se
730 1653 911 1717 habet,
951 1660 1008 1705 ut
1033 1651 1083 1705 ei
1112 1652 1335 1707 vilescat
1365 1668 1486 1706 cum
1533 1653 1712 1706 minus
1737 1653 2020 1719 invenerit,

448 1744 544 1798 sed
590 1753 845 1813 quantum
878 1742 1103 1810 quisque
1150 1742 1375 1796 veniens
1421 1743 1730 1796 existimare
1770 1745 2019 1810 potuerit,

2121 560 2171 605 et
2205 550 2328 604 tuba
2357 558 2602 614 sonante,
2634 547 2827 601 milites
2860 544 2941 601 vel
2967 548 3237 617 progredi,
3277 548 3359 604 vel
3383 548 3617 619 regredi.
3642 560 3697 606 et

2121 642 2164 694 si
2187 641 2315 711 quid
2342 641 2483 694 aliud
2520 654 2694 709 pugna
2731 638 2983 708 postulat,
3012 648 3261 708 oportere
3293 650 3580 696 noverunt.
3617 644 3698 697 Si-

2121 748 2345 802 gnarum
2374 734 2535 801 igitur
2558 733 2658 785 alia
2684 741 2809 785 sunt
2835 732 3112 800 naturalia,
3153 734 3257 786 alia
3291 733 3414 787 data
3444 752 3456 788 :
3484 745 3697 788 natura-

2124 818 2189 876 lia
2224 834 2368 884 sunt,
2400 838 2520 891 qua:
2551 823 2667 875 sine
2704 823 2978 877 voluntate
3007 832 3168 892 atque
3209 825 3317 879 ullo
3348 826 3591 893 appetitu
3628 829 3701 879 si-

2124 911 2410 981 gniﬁcandi
2438 921 2631 980 praeter
2659 926 2717 965 se
2742 911 2935 980 aliquid
2972 912 3113 965 aliud
3145 928 3210 966 ex
3252 927 3309 966 se
3342 917 3593 983 cognosci
3628 914 3701 967 fa-

2124 1008 2271 1058 ciunt
2301 1023 2313 1057 :
2343 1003 2497 1057 sicuti
2530 1014 2610 1057 est
2643 1003 2837 1069 fumus,
2865 1004 3173 1072 signiﬁcans
3197 1004 3408 1073 ignem;
3436 1021 3540 1059 noo
3559 1006 3699 1060 enim

2126 1094 2312 1148 volens
2343 1094 2631 1163 signiﬁcari
2652 1093 2703 1147 id
2728 1093 2879 1159 facit,
2902 1094 2995 1148 sed
3021 1109 3197 1148 rerum
3224 1110 3291 1149 ex
3304 1106 3568 1162 portarum
3591 1098 3702 1150 ani-

2126 1181 2497 1237 madversione
2521 1193 2575 1237 et
2601 1186 2875 1239 notatione
2905 1186 3246 1253 cognoscitur
3268 1188 3441 1256 ignem
3458 1189 3699 1255 subesse,

2126 1274 2335 1328 etiamsi
2387 1274 2564 1328 furnus
2615 1274 2761 1329 solus
2817 1287 3073 1345 appareat
3115 1294 3129 1330 ε
3168 1278 3261 1332 sed
3315 1289 3369 1333 et
3419 1281 3701 1349 vestigium

2129 1367 2453 1420 transeuntis
2492 1366 2780 1422 animantis
2810 1362 2875 1422 ad
2910 1369 3007 1424 hoc
3034 1385 3202 1439 genus
3233 1373 3480 1439 pertinet,
3519 1373 3704 1425 etvul-

2127 1458 2211 1508 tus
2264 1455 2382 1509 irati
2435 1470 2529 1510 seu
2584 1459 2753 1513 tristis
2809 1459 3147 1515 aﬂ‘ectioncm
3199 1462 3359 1515 animi
3415 1463 3702 1531 signiﬁcat,

2125 1544 2286 1597 etiam
2313 1545 2453 1598 nulla
2487 1546 2603 1615 ejus
2636 1547 2905 1603 voluntate
2944 1551 3031 1617 qui
3064 1561 3155 1604 aut
3200 1551 3364 1606 iratus
3395 1565 3484 1605 aut
3533 1554 3705 1609 tristis

2127 1643 2207 1687 est
2233 1650 2246 1698 ;
2279 1646 2366 1687 aut
2403 1637 2445 1688 si
2475 1637 2595 1704 quis
2622 1637 2762 1691 alius
2792 1648 2967 1693 motus
2990 1640 3152 1694 animi
3199 1642 3349 1696 vultu
3380 1642 3555 1698 indice
3585 1631 3707 1711 pro-

2127 1725 2291 1791 ditur,
2320 1729 2479 1781 etiam
2504 1729 2655 1783 nobis
2682 1744 2785 1783 non
2812 1729 2861 1783 id
2887 1732 3164 1800 agentibus
3192 1742 3248 1785 ut
3272 1733 3541 1802 prodatur.
3575 1735 3703 1788 Data

447 1839 567 1905 plus
586 1836 905 1905 perveniens
931 1836 1242 1888 inventurus
1273 1845 1377 1889 est.
1397 1834 1565 1888 llomo
1581 1836 1757 1903 itaque
1772 1832 1878 1903 45
1898 1834 2023 1898 ﬁde,

2132 1832 2258 1871 vero
2288 1817 2441 1887 signa
2470 1828 2616 1885 sunt,
2647 1835 2765 1888 qua:
2800 1821 2901 1874 sibi
2946 1836 3172 1891 quteqne
3202 1824 3434 1877 viventia
3478 1825 3707 1879 invicem

446 1944 563 1996 spe,
615 1937 670 1980 et
713 1925 975 1979 charitate
1006 1926 1294 1991 subnixus,
1339 1940 1507 1991 eaque
1554 1926 1870 1978 inconcusse
1903 1926 2027 1979 reti-

447 2031 603 2081 nens,
640 2031 747 2069 non
776 2015 976 2080 indiget
1017 2015 1328 2080 Scripturis,
1364 2015 1463 2067 nisi
1495 2014 1562 2068 ad
1590 2015 1725 2067 alios
1753 2015 2025 2068 instruen—

448 2106 589 2159 dos:
626 2106 801 2172 itaque
845 2102 995 2156 multi
1047 2118 1141 2172 per
1167 2103 1281 2156 hare
1321 2106 1416 2156 tria
1465 2105 1623 2156 etiam
1654 2103 1708 2156 in
1740 2104 2028 2160 solitudine

449 2198 566 2251 sine
598 2194 870 2249 codicibus
903 2196 1114 2257 vivunt;
1151 2194 1291 2247 unde
1321 2194 1371 2246 in
1411 2193 1513 2246 illis
1535 2194 1767 2248 arbitror
1790 2196 1897 2263 jam
1930 2196 2028 2248 im-

454 2287 657 2355 pletum
709 2301 828 2339 esse
862 2284 1002 2353 quod
1052 2284 1250 2337 dictum
1286 2293 1387 2349 est,
1431 2288 1543 2338 sive
1574 2285 1870 2354 prophetia:
1900 2301 2027 2341 eva-

446 2375 772 2434 cuabuntur.
802 2376 915 2428 sive
948 2375 1141 2443 lingua:
1166 2377 1472 2441 cessabun',
1508 2377 1622 2430 sive
1650 2379 1872 2432 scientia
1902 2393 2024 2432 cva-

448 2467 695 2523 cuabitur
718 2464 1068 2536 [destruetur]
1097 2483 1107 2516 :
1138 2464 1327 2534 quibus
1354 2476 1528 2519 tamen
1560 2469 1709 2534 quasi
1741 2467 2023 2533 machinis,

448 2567 595 2612 tanta
630 2557 774 2619 ﬁdei.
808 2565 859 2611 ct
898 2557 1034 2626 spei,
1075 2566 1126 2612 et
1160 2556 1436 2610 cltaritatis
1475 2558 1526 2611 in
1555 2558 1632 2611 eis
1675 2560 1907 2614 surrexit
1946 2561 2027 2615 in-

448 2653 702 2717 structio,
733 2662 789 2704 ut
822 2650 1113 2720 perlectum
1143 2650 1343 2718 aliquid
1375 2658 1640 2718 tenentes,
1664 2666 1725 2705 ea
1755 2666 1875 2721 qua:
1904 2661 2028 2708 sunt

448 2759 516 2799 ex
549 2752 700 2814 parte
731 2759 836 2797 non
868 2751 1145 2813 qua-rant:
1179 2742 1472 2820 perfectum
1496 2757 1645 2808 sane,
1674 2755 1929 2813 quantum
1972 2747 2025 2800 in

449 2838 550 2890 hac
580 2835 682 2889 vita
713 2844 919 2904 potest;
964 2850 1084 2888 nam
1134 2834 1184 2887 in
1216 2835 1617 2901 comparatione
1649 2836 1843 2891 futura:
1875 2840 2021 2901 vitae,

449 2924 794 2994 nulliusjusﬁ
827 2935 880 2979 et
910 2925 1079 2979 sancti
1107 2934 1191 2978 est
1212 2925 1317 2977 vita
1348 2925 1446 2978 ista
1477 2926 1742 2994 perfecta;
1772 2928 1890 2982 ideo
1915 2944 2027 2982 ma-

448 3025 598 3081 nent,
650 3018 838 3084 inquit,
872 3014 1025 3081 lides,
1055 3030 1200 3083 Spes,
1245 3014 1499 3081 Charitas,
1533 3016 1629 3069 tria
1681 3016 1815 3080 haec,
1856 3019 2025 3086 major

447 3117 625 3164 autem
674 3110 861 3161 horum
891 3108 1144 3170 charitas,
1197 3108 1319 3176 quia
1367 3117 1565 3161 etcum
1598 3109 1821 3179 quisque
1856 3110 1921 3164 ad
1952 3126 2030 3183 re:

451 3211 600 3255 terna
631 3201 954 3271 pervenerit,
981 3200 1189 3253 duobus
1214 3200 1329 3255 istis
1358 3199 1764 3268 decedentibus,
1790 3203 2024 3258 charitas
2054 3191 2098 3251 (ἶ
2133 3214 2289 3267 verba
2314 3214 2455 3268 enim
2492 3232 2710 3284 prorsus
2741 3220 2877 3274 inter
2907 3222 3151 3277 homines
3177 3224 3413 3281 obtinue.

450 3295 657 3346 auctior
682 3300 737 3346 et
758 3290 1333 3365 certiorpcrmanebit.
1366 3291 1700 3359 Quapropter
1730 3307 1849 3347 cum
1878 3297 2025 3364 quis-

450 3399 556 3454 que
591 3384 899 3453 cognoverit
929 3383 1087 3437 ﬁnem
1131 3383 1385 3452 praecepti
1427 3396 1546 3437 esse
1588 3384 1921 3451 charitatem,
1960 3387 2027 3441 de

448 3470 617 3526 corde
647 3485 780 3539 puro
821 3480 874 3524 et
903 3472 1228 3525 conscientia
1277 3472 1437 3539 bona,
1488 3487 1542 3530 et
1587 3477 1692 3530 tide
1731 3492 1837 3530 non
1882 3477 2025 3536 ﬁcta,

454 3576 668 3617 onmem
698 3561 1024 3616 intellectum
1061 3561 1362 3617 divinarum
1394 3566 1789 3635 Scripturarum
1829 3568 1894 3621 ad
1927 3569 2029 3621 ista

453 3657 557 3709 tria
586 3655 872 3715 relaturus,
906 3655 970 3707 ad
1014 3655 1384 3710 tractationem
1416 3656 1629 3712 illorum
1659 3659 1915 3714 librorum
1945 3674 2028 3715 se-

452 3761 614 3802 curus
639 3745 856 3800 accedat
886 3761 1041 3799 :cum
1073 3748 1215 3801 enim
1240 3748 1463 3813 diceret,
1492 3750 1747 3813 charitas.
1797 3753 2027 3817 addidit,

453 3835 520 3890 de
546 3836 711 3891 corde
749 3849 901 3903 puro,
942 3844 1000 3889 ttt
1041 3837 1172 3890 nihil
1205 3838 1349 3892 aliud
1374 3854 1532 3909 quam
1559 3841 1608 3895 id
1636 3842 1775 3909 quod
1808 3842 2030 3911 diligen-

454 3928 580 3982 dum
628 3937 710 3981 est
744 3924 1017 3998 diligatur.
1053 3927 1451 3985 Conscientiam
1493 3948 1619 3987 vero
1668 3934 1858 3986 bonam
1902 3934 2020 3987 sub

451 4017 629 4087 junxit
665 4028 882 4085 propter
910 4031 1059 4085 spem
1088 4035 1099 4069 :
1126 4018 1218 4073 ille
1246 4020 1388 4073 enim
1419 4036 1476 4076 se
1505 4021 1569 4075 ad
1607 4022 1658 4076 id
1690 4022 1828 4091 quod
1858 4025 2030 4077 credit

451 4117 507 4162 et
533 4107 700 4175 diligit
744 4118 1118 4175 perventurum
1145 4123 1266 4163 esse
1288 4109 1556 4178 desperat,
1588 4112 1673 4166 cui
1713 4113 1867 4167 malae
1898 4130 2027 4168 con-

450 4198 692 4253 scientiae
739 4199 1021 4267 scrupulus
1074 4199 1233 4253 inest.
1286 4200 1469 4255 Tertio
1504 4220 1516 4254 :
1551 4202 1616 4256 Et
1654 4204 1787 4269 ﬁde,
1835 4206 2025 4276 inquit,

452 4305 562 4345 non
603 4290 726 4345 ﬁcta
754 4308 766 4344 :
791 4292 835 4345 si
876 4292 1018 4345 enim
1070 4292 1201 4348 ﬁdes
1234 4304 1413 4347 nostra
1458 4297 1736 4352 mendacio
1776 4302 2026 4370 caruerit,

451 4387 579 4451 tunc
607 4390 661 4433 et
704 4395 807 4433 non
852 4380 1124 4449 diligimus
1157 4383 1298 4450 quod
1340 4399 1444 4438 non
1478 4396 1562 4440 est
1591 4388 1944 4457 diligendum,
1978 4401 2032 4445 ct

450 4480 599 4526 necte
621 4470 849 4526 vivendo
876 4469 929 4523 id
953 4486 1228 4540 speramus
1254 4482 1308 4527 ut
1331 4474 1477 4530 nullo
1504 4476 1663 4531 modo
1698 4493 1821 4547 spes
1846 4493 2025 4534 nosrra

451 4558 683 4614 fallatur.

994 4653 1220 4709 CAPUT
1256 4655 1481 4711 CCLIX.

450 4738 530 4793 De
558 4740 716 4810 signis
748 4744 1091 4809 naturalibus,
1125 4753 1172 4797 et
1210 4747 1276 4798 de
1316 4749 1486 4811 datis;
1510 4767 1573 4803 ex
1601 4751 1732 4805 libro
1765 4769 1798 4806 n
1830 4755 1894 4809 de
1927 4756 2029 4811 Do-

988 4816 1152 4866 ctrina
1180 4815 1490 4872 Christiana.

523 4919 787 4986 Quoniam
810 4922 877 4976 de
902 4924 1061 4979 rebus
1090 4940 1210 4981 cum
1254 4930 1574 4997 scriberem,
1614 4936 1843 5003 prmmisi
1875 4953 2027 4992 como

449 5024 678 5066 monens
717 5026 785 5066 ne
813 5014 934 5082 quis
979 5016 1031 5068 in
1083 5017 1162 5071 eis
1203 5023 1527 5086 attenderet,
1561 5026 1661 5079 nisi
1692 5028 1833 5097 quod
1879 5036 2025 5097 sunt;

447 5113 554 5154 non
576 5098 735 5154 etiam
767 5099 813 5154 si
853 5100 977 5169 quid
1010 5103 1150 5157 aliud
1185 5117 1376 5172 praeter
1406 5125 1467 5166 se
1495 5113 1829 5182 signiﬁcant;
1875 5118 2027 5173 vicis-

446 5188 549 5243 sim
580 5187 647 5242 de
673 5186 840 5259 signis
875 5192 1169 5260 disserens,
1206 5196 1306 5252 hoc
1340 5200 1482 5264 dico,
1518 5219 1584 5257 ne
1617 5206 1738 5272 quis
1763 5207 1813 5259 in
1845 5210 1925 5262 eis
1948 5217 2028 5263 at-

446 5278 631 5333 tendat
654 5281 793 5359 quod
822 5280 1086 5354 sunt,'sed
1116 5286 1292 5354 potius
1318 5292 1459 5358 quod
1487 5293 1639 5364 signa
1675 5307 1823 5364 sunt,
1865 5300 1917 5354 id
1944 5311 2025 5356 est

444 5366 591 5438 quod
632 5364 955 5440 signiﬁcant.
989 5373 1209 5444 Signum
1240 5388 1324 5433 est
1362 5382 1504 5436 enim
1548 5399 1636 5439 res
1666 5398 1861 5452 praeter
1895 5374 2023 5460 spe-

444 5459 585 5514 cicm
607 5475 765 5528 quam
809 5460 1006 5531 ingerit
1044 5466 1315 5535 sensibus,
1344 5470 1484 5523 aliud
1526 5473 1725 5543 aliquid
1759 5492 1825 5533 ex
1860 5459 2025 5535 seira-

440 5547 595 5604 ciens
638 5548 690 5602 in
736 5551 1112 5621 cogitationem
1142 5544 1546 5623 venire,‘sicut
1595 5566 1827 5635 vestigio
1882 5569 2021 5638 viso,

440 5636 704 5715 transisse
726 5640 923 5695 animal
963 5644 1116 5712 cujus
1141 5646 1418 5714 vestigium
1451 5660 1558 5717 est,
1599 5656 1935 5725 cogitamus;
1969 5636 2024 5717 et

443 5721 592 5780 tumo
622 5725 756 5795 viso,
784 5730 959 5797 ignem
983 5733 1202 5790 subesse
1225 5738 1602 5804 cognoscimus
1630 5760 1642 5795 :
1671 5721 1724 5799 et
1745 5759 1877 5803 voce
1907 5721 2022 5804 ani-

2059 4544 2109 4602 D

2131 1902 2283 1971 dant,
2336 1908 2402 1961 ad
2452 1908 2905 1965 demonstrandos
2949 1922 3205 1981 quantum
3258 1924 3481 1981 possunt
3531 1928 3707 1968 motus

2128 2000 2289 2053 animi
2312 2001 2417 2064 sui,
2450 2001 2533 2054 vel
2560 2015 2717 2056 sensa
2749 2013 2839 2057 aut
2862 2004 3129 2059 intellecta
3159 2007 3428 2075 qumlibet.
3459 2007 3567 2063 Nec
3600 2011 3707 2061 ulla

2128 2107 2287 2146 causa
2316 2102 2394 2147 est
2430 2094 2586 2149 nobis
2616 2095 2972 2165 signiﬁcandi,
3005 2098 3052 2150 id
3093 2108 3175 2153 est
3206 2097 3342 2167 signi
3381 2100 3562 2163 dandi,
3604 2100 3707 2155 nisi

2128 2184 2194 2238 ad
2219 2184 2641 2253 depromendum
2670 2200 2720 2242 ct
2744 2189 3112 2256 trajiciendum
3147 2191 3197 2243 in
3232 2192 3451 2247 alterius
3472 2194 3707 2247 animum

2130 2274 2180 2327 id
2221 2275 2362 2342 quod
2410 2278 2589 2330 animo
2619 2280 2756 2348 gerit
2798 2281 2885 2348 qui
2916 2281 3125 2349 signum
3170 2282 3280 2335 dat.
3317 2282 3513 2336 Horum
3551 2284 3709 2353 igitur

2131 2364 2405 2434 signorum
2437 2382 2623 2435 genus,
2651 2381 2904 2436 quantum
2932 2371 2995 2425 ad
3026 2371 3269 2429 homines
3290 2373 3500 2442 attinet,
3533 2378 3712 2430 consi-

2128 2455 2317 2510 derare
2348 2470 2507 2527 atque
2540 2469 2773 2515 tractare
2795 2463 3079 2518 statuimus
3109 2482 3119 2516 :
3154 2466 3277 2534 quia
3304 2476 3358 2520 et
3388 2467 3535 2536 signa
3572 2468 3713 2522 divi-

2131 2548 2272 2600 nitus
2307 2548 2449 2614 data,
2485 2565 2602 2618 qua:
2653 2550 2943 2620 Scripturis
2981 2556 3181 2608 sanctis
3211 2540 3569 2619 continentur,
3616 2574 3713 2626 per

2131 2636 2373 2691 homines
2405 2639 2557 2693 nobis
2600 2640 2831 2694 indicata
2863 2654 2988 2697 sunt
3027 2645 3117 2713 qui
3162 2660 3223 2699 ea
3254 2649 3711 2718 conscripserunt.

2690 2755 2917 2812 CAPUT
2944 2758 3144 2813 CCLX.

2132 2862 2282 2930 Quod
2331 2864 2463 2917 inter
2504 2868 2674 2919 omnia
2713 2868 2857 2935 signa
2901 2870 3051 2943 verba
3094 2880 3295 2925 teneant
3341 2874 3711 2943 principatum,

2197 2950 2309 3012 que
2341 2946 2539 3012 propter
2569 2951 2828 3000 peccatum
2854 2942 3105 3006 superbire
3135 2960 3234 2995 non
3266 2942 3539 3012 potuerunt
3582 2964 3716 2999 run-

2197 3005 2289 3056 ctis
2316 3006 2543 3074 gentibus
2570 3023 2671 3061 esse
2695 3005 3017 3076 communia;
3046 3028 3107 3064 ει
3129 3005 3303 3066 eodem
3326 3014 3481 3069 libro.

2199 3123 2387 3176 Omnia
2422 3126 2570 3192 signa
2616 3128 2791 3182 verbis
2831 3140 3138 3199 comparata
3186 3134 3508 3201 paucissima
3540 3149 3711 3194 sunt:

3418 3238 3526 3281 'unt
3568 3232 3713 3297 prin-

2131 3306 2364 3373 cipatum
2399 3308 2731 3378 signiﬁcandi
2778 3326 3111 3383 quacunque
3164 3318 3344 3372 animo
3396 3322 3713 3390 concipiun-

2134 3404 2240 3458 tur,
2269 3397 2315 3451 si
2347 3414 2407 3450 ea
2454 3400 2680 3470 quisque
2710 3403 2936 3470 prodere
2967 3406 3116 3460 velit.
3145 3407 3276 3461 Nam
3325 3419 3381 3465 et
3410 3411 3581 3466 odore
3618 3429 3713 3467 un+

2130 3487 2311 3554 gucnti
2348 3488 2601 3543 Dominus
2624 3506 2732 3559 quo
2761 3493 2959 3558 perfusi
2982 3505 3107 3549 sunt
3136 3498 3297 3563 pedes
3325 3500 3463 3567 ejus,
3498 3502 3711 3572 signum

2131 3580 2349 3648 aliquod
2380 3582 2547 3648 dedit,
2588 3595 2644 3638 et
2691 3597 3029 3642 sacramento
3075 3592 3317 3658 corporis
3348 3602 3400 3647 et
3438 3599 3713 3664 sanguinis

2131 3672 2211 3724 sui
2246 3684 2550 3741 pergustato
2583 3675 2955 3749 [pratgustato]
2997 3681 3318 3748 signiﬁcavit
3342 3685 3482 3752 quod
3522 3687 3709 3750 voluit,

2131 3766 2321 3814 etcum
2339 3764 2531 3817 mulier
2549 3769 2814 3835 tangendo
2832 3768 3096 3823 ﬁmbriam
3113 3772 3411 3828 vestimenti
3434 3776 3552 3842 ejus
3567 3778 3712 3829 salva

2133 3849 2267 3903 facta
2302 3862 2405 3915 est,
2437 3855 2681 3909 nonnihil
2710 3858 2993 3925 signiﬁcat.
3016 3860 3117 3915 Sed
3149 3861 3556 3918 innumerabilis
3581 3866 3714 3919 mul-

2134 3939 2307 3994 titudo
2337 3945 2639 4011 signorum,
2679 3948 2874 4013 quibus
2914 3964 3038 4004 suas
3069 3951 3420 4020 cogitationes
3466 3954 3713 4011 homines

2132 4042 2379 4099 exerunt,
2415 4035 2466 4088 in
2486 4038 2657 4091 verbis
2685 4041 2971 4094 constituta
3002 4050 3116 4097 est:
3144 4059 3264 4098 nam
3298 4046 3385 4100 illa
3417 4047 3569 4115 signa
3596 4063 3714 4101 om-

2134 4122 2240 4185 nia,
2301 4140 2529 4188 quorum
2592 4143 2805 4194 genera.
2837 4131 3071 4186 breviter
3118 4134 3288 4202 attigi,
3347 4139 3491 4205 potui
3538 4139 3716 4191 verbis

2131 4217 2434 4281 enuntiare,
2471 4220 2626 4273 verba
2670 4235 2797 4275 vero
2848 4222 2954 4276 illis
3004 4224 3173 4292 signis
3215 4227 3360 4280 nullo
3403 4229 3564 4281 modo
3598 4243 3719 4298 pos.

2132 4318 2244 4357 sem
2280 4324 2291 4357 :
2320 4309 2412 4360 sed
2456 4309 2576 4376 quia
2610 4311 2889 4367 verberato
2917 4330 3043 4368 aere
3073 4319 3251 4370 statim
3283 4327 3579 4383 transeunt,
3616 4335 3719 4374 nee

2133 4395 2333 4450 diutius
2362 4407 2581 4451 manent
2608 4417 2764 4468 quam
2798 4414 3010 4470 sonant,
3036 4407 3273 4475 instituta
3303 4419 3426 4462 sunt
3449 4424 3545 4477 per
3574 4412 3721 4464 litte-

2133 4498 2220 4536 ras
2248 4486 2394 4553 signa
2454 4489 2758 4542 verborum.
2803 4492 2874 4544 Ita
2920 4510 3074 4548 voces
3117 4498 3285 4549 oculis
3333 4498 3716 4567 ostenduntur,

2134 4588 2239 4625 non
2291 4589 2384 4641 per
2429 4577 2659 4645 seipsas,
2693 4580 2785 4633 sed
2837 4596 2930 4649 per
2963 4585 3110 4652 signa
3156 4586 3399 4653 qumdam
3447 4602 3567 4642 sua.
3610 4588 3719 4644 lsra

2136 4666 2284 4733 signa
2319 4665 2479 4733 igitur
2505 4684 2609 4722 non
2646 4682 2928 4737 potuerunt
2958 4678 3259 4731 communia
3300 4693 3419 4733 esse
3464 4682 3722 4736 ornnihus

2135 4752 2403 4820 gentibus,
2429 4767 2647 4824 peccato
2667 4760 2896 4826 quodam
2921 4763 3270 4820 dissensionis
3297 4767 3566 4832 humanm,
3591 4784 3719 4825 cum

2136 4843 2201 4894 ad
2231 4859 2288 4898 se
2316 4846 2544 4915 quisque
2580 4850 2935 4920 principatum
2975 4856 3130 4923 rapit,
3164 4858 3317 4925 cujus
3342 4860 3611 4928 superbia!
3641 4864 3720 4917 si-

2136 4945 2299 5000 gnum
2344 4945 2425 4988 est
2454 4948 2627 4991 erecta
2674 4942 2762 4994 illa
2795 4944 2953 4996 turris
2990 4944 3041 4998 in
3087 4946 3303 5013 cmlum,
3334 4949 3420 5002 ubi
3469 4952 3722 5005 homines

2139 5023 2285 5091 impii
2320 5040 2425 5079 non
2455 5030 2629 5083 solum
2672 5033 2903 5100 animos,
2958 5035 3051 5089 sed
3089 5039 3248 5091 etiam
3279 5054 3439 5094 voces
3467 5040 3721 5096 dissonas

2138 5112 2335 5170 habere
2378 5132 2710 5178 meruerunt.
2767 5123 2843 5178 Ex
2901 5141 3007 5194 quo
3055 5127 3251 5183 factum
3290 5139 3395 5195 est,
3450 5141 3510 5184 ut
3550 5133 3718 5186 etiam

2135 5208 2408 5276 Scriptura
2444 5213 2642 5281 divina,
2667 5232 2768 5286 qua
2796 5221 2956 5275 tantis
2983 5222 3185 5277 morbis
3223 5226 3576 5281 humanarum
3613 5245 3720 5283 vo-

2134 5299 2395 5356 luntatum
2449 5306 2783 5374 subvenitur,
2832 5312 2900 5365 ab
2945 5327 3048 5366 una
3096 5315 3273 5384 lingua
3311 5317 3578 5383 profecta,
3610 5335 3720 5390 qua

2134 5402 2439 5460 opportune
2488 5400 2657 5465 potuit
2686 5416 2782 5469 per
2808 5404 3001 5458 orbem
3041 5414 3303 5461 terrarum
3347 5408 3718 5474 disseminari.

2132 5488 2231 5552 per
2258 5483 2435 5539 varias
2472 5488 2821 5560 interpretum
2853 5493 3062 5562 linguas
3092 5497 3247 5566 longe
3278 5498 3489 5568 lateque
3518 5500 3723 5557 diﬂ‘usa

2131 5575 2492 5634 innotesceret
2517 5583 2767 5650 gentibus
2789 5587 2856 5639 ad
2884 5586 3136 5648 salutem.
3167 5605 3327 5659 quam
3360 5591 3606 5661 legentes
3636 5598 3716 5649 ni-

2132 5664 2207 5719 hil
2230 5666 2373 5720 aliud
2401 5683 2680 5740 appetunt,
2711 5689 2869 5743 quam
2897 5678 3252 5747 cogitationes
3275 5682 3723 5751 voluntatemque

2037 5809 2059 5830 '
2129 5752 2341 5813 illorum
2373 5773 2402 5814 a
2431 5761 2624 5830 quibus
2647 5766 2948 5836 conscripta
2972 5777 3061 5825 est
3091 5770 3353 5839 invenire,
3382 5781 3434 5827 et
3466 5788 3565 5842 per
3590 5774 3723 5829 illas
