3986 6190
256 375 361 433 9ιὸ

1442 362 1873 419 TIIESAURUS.
1916 360 2063 417 CAP.
2107 358 2370 419 CCLXIII.

3402 347 3507 407 956

256 492 581 543 voluntatem
626 486 740 548 Dei.
786 482 1081 540 secundum
1112 496 1269 551 quam
1303 480 1436 535 tales
1468 477 1714 534 homines
1754 477 1830 529 lo-
1858 476 1905 536 Α
1935 474 2249 543 gitationem
2283 472 2350 527 de
2381 478 2561 525 nostra
2592 470 2917 524 mortalitate
2947 468 3088 522 etde
3122 465 3295 519 futura
3336 473 3510 519 morte

256 590 408 634 cutos
435 573 601 649 [esse]
629 574 920 629 credimus.
977 572 1081 627 Sed
1127 571 1307 627 multis
1350 579 1400 623 et
1446 567 1829 635 multiplicibus

259 667 680 725 obscuritatibus
708 673 765 720 et
793 662 1223 733 ambiguitatibus
1253 659 1609 729 decipiuntur.
1644 657 1729 726 qui
1753 667 1832 710 te-

255 774 405 814 mere
448 759 632 826 legunt
677 756 818 809 aliud
861 769 956 823 pro
995 754 1101 808 alio
1151 754 1443 809 sentientes
1472 769 1485 806 :
1511 750 1826 821 quibusdam

254 860 437 911 autem
481 849 631 912 locis,
686 846 813 917 quid
853 847 935 900 vel
967 845 1098 899 falso
1147 842 1487 911 suspicentur
1534 856 1643 895 non
1685 840 1830 892 inve-

190 930 227 947 ⁷
255 941 435 1005 niunt,
469 940 539 993 ita
567 940 791 1003 obscura
833 938 972 991 dicta
1014 935 1254 1006 qumdam
1294 932 1667 988 densissimam
1698 930 1828 985 eali-

253 1032 431 1099 ginetn
462 1030 754 1094 obducunt,
785 1027 927 1098 quod
968 1035 1133 1082 totum
1167 1025 1437 1095 provisum
1487 1038 1608 1077 esse
1637 1021 1831 1076 divini-

254 1131 340 1179 tus
368 1137 473 1175 non
497 1121 705 1187 dubito,
731 1121 797 1174 ad
822 1116 1171 1185 edomandam
1197 1117 1378 1171 labore
1416 1116 1744 1184 superbiam,
1777 1122 1831 1166 et

254 1214 583 1271 intellectum
642 1229 672 1268 a
724 1213 937 1267 fastidio
991 1210 1383 1279 revocandum,
1428 1209 1513 1264 cui
1550 1207 1705 1264 facile
1751 1207 1831 1261 in-

257 1304 518 1374 vestigata
542 1305 858 1375 plerumque
886 1302 1169 1358 vilescunt.

798 1412 1025 1469 CAPUT
1063 1411 1284 1468 CCLXI.

255 1527 407 1599 Quod
435 1545 497 1582 ea:
526 1531 701 1596 aliqua
731 1527 1065 1599 similitudine
1106 1525 1607 1599 Scriptura_snapins
1644 1524 1828 1599 excitet

320 1599 571 1660 animum,
603 1594 656 1651 ut
687 1599 815 1652 illud
847 1597 1061 1665 exempli
1082 1612 1241 1648 causa
1270 1595 1332 1647 de
1357 1594 1581 1647 Canticis
1602 1594 1829 1665 cantico-

318 1684 436 1793 :ubm
464 1684 481 1721 :
512 1668 698 1724 Dentes
736 1670 807 1735 tui
835 1670 967 1725 sicut
991 1663 1120 1738 'grex
1156 1666 1518 1729 detonsarum;
1563 1679 1624 1717 ea:
1651 1663 1829 1717 eodem

350 1756 365 1790 τ
403 1755 479 1791 ro.

1937 580 2157 621 necesse
2178 576 2258 619 est
2292 565 2535 629 incutiat,
2567 574 2621 619 et
2649 564 2798 632 quasi
2831 563 3053 618 clavatis
3087 562 3358 621 carnibus.
3388 574 3510 613 om-

1936 671 2029 710 nes
2080 656 2344 721 superbia:
2398 662 2572 709 motus
2620 655 2763 725 ligno
2822 654 2997 709 crucis
3048 652 3235 721 alligat»
3308 651 3512 706 Deinde

1935 750 2217 802 mitescere
2247 762 2380 815 opus
2411 755 2491 800 est
2523 747 2739 815 pietate,
2774 760 2945 815 neque
2972 744 3342 799 contradicere
3368 743 3510 798 Scri~

1933 848 2128 909 pturm,
2165 839 2276 893 sive
2303 839 2607 903 intellectm,
2642 837 2687 892 si
2718 838 2891 907 aliqua
2923 836 3049 890 vitia
3095 845 3275 889 nostra
3320 849 3510 903 percu-

1936 930 2035 992 tit,
2077 928 2195 982 sive
2245 941 2349 980 non
2394 927 2696 988 intellectte,
2742 924 2898 994 quasi
2938 938 3037 977 nos
3090 923 3284 976 melius
3321 937 3513 988 sapere

1935 1020 2234 1086 meliusque
2285 1016 2575 1084 przccipere
2607 1014 2913 1083 possimus:
2940 1013 3032 1065 sed
3072 1013 3306 1079 cogitare
3336 1010 3511 1077 potius

1932 1116 1987 1162 et
2027 1105 2247 1160 credere
2294 1103 2344 1156 id
2390 1116 2509 1156 esse
2551 1100 2744 1155 melius
2783 1108 2836 1153 et
2865 1099 3062 1161 verius,
3110 1097 3249 1167 quod
3279 1097 3351 1152 ibi
3379 1096 3511 1150 scri-

1935 1207 2082 1267 ptum
2110 1206 2211 1259 est,
2242 1194 2451 1250 etiamsi
2483 1193 2664 1257 lateat,
2697 1206 2853 1260 quam
2877 1191 2929 1244 id
2956 1190 3096 1259 quod
3131 1204 3227 1244 nos
3259 1204 3353 1258 per
3375 1203 3508 1243 nos-

1936 1290 2082 1360 ipsos
2126 1302 2318 1355 sapere
2360 1299 2666 1355 possumus.
2699 1284 2829 1338 Post
2856 1282 2988 1337 istos
3030 1280 3164 1334 duos
3211 1278 3407 1347 gradus
3448 1278 3510 1332 ti-

1936 1380 2102 1434 moris
2153 1387 2310 1445 atque
2362 1377 2594 1446 pietatis,
2647 1374 2713 1428 ad
2765 1374 2978 1428 tertium
3028 1373 3241 1427 venitur
3275 1368 3512 1424 scientia:

1935 1460 2179 1543 gradum,
2207 1470 2273 1523 de
2303 1484 2406 1537 quo
2439 1483 2579 1521 nunc
2625 1480 2784 1535 agere
2814 1464 3018 1519 institui
3049 1480 3063 1516 :
3094 1479 3213 1516 nam
3260 1462 3313 1515 in
3357 1474 3422 1514 eo
3453 1474 3512 1514 se

1936 1571 2147 1618 exercet
2189 1560 2365 1615 omnis
2415 1559 2715 1612 divinarum
2770 1556 3165 1624 Scripturarum
3217 1551 3511 1609 studiosus.

1937 1651 2067 1705 nihil
2102 1652 2152 1704 in
2182 1650 2260 1703 eis
2291 1648 2433 1715 aliud
2464 1648 2777 1701 inventurus
2820 1643 3169 1715 [inveniens],
3197 1656 3358 1712 quam
3393 1640 3511 1694 dili-

1936 1742 2166 1812 gendum
2196 1754 2315 1793 esse
2364 1740 2551 1799 Deum,
2606 1746 2827 1805 propter
2877 1737 3060 1799 Deum,
3105 1741 3162 1788 et
3207 1732 3504 1801 proximum

328 1849 472 1916 Quid
500 1858 603 1913 est,
644 1864 853 1919 quaso,
880 1847 1019 1919 quod
1050 1848 1094 1902 si
1128 1846 1407 1917 quisquam
1438 1845 1581 1900 dicat
1610 1852 1825 1899 sanctos

1945 1842 2152 1902 propter
2182 1829 2372 1896 Deum,
2402 1838 2457 1883 et
2487 1828 2636 1881 illum
2663 1828 2874 1896 quidem
2902 1841 2964 1878 ex
2999 1833 3111 1877 toto
3139 1822 3321 1887 corde,
3364 1832 3417 1875 et
3446 1836 3511 1875 cx

254 1953 377 1995 esse
400 1939 645 1995 homines
686 1949 845 2009 atque
869 1939 1157 2011 perfectos,
1187 1952 1411 2007 quorum
1442 1939 1545 1990 vita
1578 1945 1631 1990 et
1661 1934 1829 1990 mori«

256 2032 355 2086 bus
384 2033 585 2089 Christi
631 2032 867 2089 Ecclesia
896 2031 964 2087 de
1004 2013 1334 2101 quibuslibet
1363 2026 1831 2098 superstitionibus

253 2123 497 2192 praecidit
517 2138 611 2178 eos
653 2122 744 2192 qui
775 2123 842 2179 ad
876 2138 935 2177 se
965 2122 1207 2184 veniunt,
1254 2128 1309 2174 et
1340 2120 1636 2174 imitatione
1665 2117 1833 2170 bono-

254 2230 371 2272 rum
403 2213 621 2269 sibimet
649 2212 1044 2282 quodammodo
1072 2212 1402 2279 incorporat,
1433 2210 1522 2280 qui
1550 2209 1671 2264 boni
1703 2206 1832 2261 fide-

252 2306 324 2360 les
356 2314 413 2360 et
438 2305 550 2359 veri
582 2305 675 2361 Dei
724 2305 886 2371 servi,
944 2306 1273 2369 deponentes
1317 2317 1482 2356 onera
1528 2301 1732 2365 saeculi,
1765 2298 1831 2352 ad

251 2406 499 2451 sanctum
548 2395 799 2465 bapti~mi
856 2392 1123 2447 lavacrum
1168 2400 1452 2457 venerunt,
1500 2399 1657 2457 atque
1710 2389 1832 2442 inde

250 2488 630 2553 ascendentes,
680 2485 1040 2553 conceptione
1084 2480 1259 2536 sancti
1303 2482 1552 2551 Spiritus,
1606 2481 1833 2532 tructum

248 2581 380 2637 dant
405 2579 632 2649 geminze
666 2578 971 2640 charitatis,
1003 2575 1053 2630 id
1090 2585 1173 2631 est
1202 2575 1297 2630 Dei
1329 2582 1383 2629 et
1415 2571 1660 2641 proximi.
1697 2568 1833 2637 Quid

248 2681 333 2727 est
356 2687 512 2741 ergo,
544 2668 683 2740 quod
710 2668 756 2723 si
801 2669 915 2722 haec
940 2667 1166 2736 quisque
1193 2665 1359 2731 dicat,
1391 2666 1567 2719 minus
1603 2662 1835 2717 delectat

250 2766 584 2831 audientem,
613 2779 772 2834 quam
824 2764 867 2817 si
899 2763 964 2814 ad
989 2761 1237 2817 eumdem
1284 2773 1500 2814 senSum
1549 2758 1723 2810 locum
1773 2755 1835 2809 il-

250 2857 360 2910 lum
393 2864 625 2923 exponat
652 2855 721 2908 do
747 2853 980 2907 Cantieis
1009 2853 1365 2916 canticorum,
1396 2850 1486 2904 ubi
1517 2849 1721 2902 dictum
1753 2855 1835 2901 est

252 2948 529 3009 Eeclesite.
559 2947 668 3018 46
698 2963 815 3001 cum
852 2954 1101 3015 tanquam
1126 2945 1347 3015 pulchra
1371 2943 1611 3013 quaedam
1638 2942 1834 2997 femina

252 3043 563 3103 laudaretur
587 3058 600 3093 :
621 3041 817 3095 Dentes
843 3041 936 3105 tui,
968 3040 1103 3093 sicut
1123 3053 1252 3107 grex
1271 3038 1615 3092 detonsarum
1646 3050 1836 3088 ascen-

250 3138 389 3195 deus
422 3136 489 3192 de
520 3135 754 3199 lavacro,
785 3149 902 3203 qua:
933 3145 1118 3185 omnes
1148 3130 1389 3200 geminos
1418 3138 1622 3191 creant,
1655 3135 1709 3182 et
1731 3136 1837 3180 ste-

1935 1936 2040 1980 tota
2072 1924 2271 1985 anima,
2302 1930 2356 1975 et
2396 1935 2460 1975 ex
2508 1930 2618 1975 tota
2649 1929 2850 1984 mente,
2895 1919 3193 1987 proximum
3232 1931 3361 1970 vero
3390 1924 3509 1969 tan-

1935 2030 2092 2085 quam
2118 2014 2376 2081 seipsum,
2402 2010 2451 2063 id
2480 2020 2561 2065 est
2585 2018 2642 2063 ut
2670 2019 2776 2063 tcta
2808 2008 3036 2077 proximi
3068 2006 3205 2061 sicut
3224 2005 3395 2060 etiam
3415 2019 3512 2057 no-

1935 2107 2031 2161 stri
2077 2105 2291 2158 di'ectio
2334 2102 2596 2156 referatur
2622 2102 2672 2153 in
2716 2099 2921 2152 Deum:
2957 2098 3024 2151 de
3067 2097 3260 2164 quibus
3302 2094 3511 2147 duobus

1934 2196 2238 2266 prmceptis,
2268 2209 2388 2249 cum
2419 2194 2485 2247 de
2521 2191 2681 2245 rebus
2720 2201 3021 2259 ageremus,
3055 2186 3191 2239 libro
3231 2183 3513 2253 superiore

1935 2287 2299 2342 tractavimus.
2331 2285 2561 2339 Necesse
2605 2292 2684 2336 est
2714 2296 2863 2349 ergo,
2900 2288 2955 2333 ut
2987 2278 3159 2346 primo
3189 2291 3249 2331 se
3284 2276 3513 2344 quisque

1936 2381 1987 2443 in
2018 2380 2308 2448 Scripturis
2350 2378 2583 2431 inveniat
2624 2389 2805 2428 amore
2844 2372 3000 2440 hujus
3047 2370 3253 2435 smculi,
3302 2368 3402 2422 hoc
3432 2376 3513 2421 est

1938 2470 2307 2538 temporalium
2363 2482 2539 2523 rerum
2591 2465 2945 2533 implicatum,
3001 2462 3157 2528 longe
3207 2458 3512 2525 sejunctum

1937 2576 2056 2616 esse
2098 2577 2125 2614 a
2173 2570 2321 2614 tanto
2368 2573 2550 2612 arnore
2585 2558 2699 2622 Dei,
2728 2565 2780 2610 et
2834 2564 2977 2608 tanto
3025 2565 3211 2604 amore
3255 2547 3511 2617 proxini,

1936 2661 2190 2720 quantum
2247 2649 2517 2717 Scriptura
2566 2646 2677 2714 ipsa
2720 2642 3019 2714 praiscribit
3054 2653 3206 2695 :iuin
3258 2652 3386 2692 vero
3423 2635 3513 2691 ille

1939 2744 2098 2795 timor
2129 2756 2234 2811 quo
2261 2741 2458 2808 cogitat
2497 2740 2564 2793 de
2590 2739 2791 2808 judicio
2838 2737 2955 2802 Dei,
2997 2746 3052 2789 et
3082 2735 3166 2787 illa
3201 2733 3369 2800 p’ezas
3411 2745 3512 2798 qua

1940 2852 2043 2889 non
2069 2845 2242 2903 potest
2274 2834 2371 2889 nisi
2397 2833 2617 2887 credere
2659 2842 2711 2885 et
2740 2830 2935 2884 cedere
2964 2826 3271 2881 auctoritati
3301 2833 3515 2878 sancto-

1939 2944 2055 2982 rum
2084 2927 2362 2990 librorum,
2396 2926 2535 2994 cogit
2574 2940 2692 2979 eum
2737 2924 2973 2992 seipsum
3010 2922 3191 2988 lugere
3218 2936 3229 2970 :
3259 2932 3380 2971 nam
3412 2915 3513 2968 ista

1938 3020 2161 3074 scientia
2191 3018 2340 3071 bona:
2372 3019 2484 3084 spei
2522 3014 2789 3070 hominem
2836 3028 2940 3067 non
2991 3027 3049 3065 se
3075 3014 3390 3079 jactantem,
3422 3006 3515 3059 sed

1939 3113 2321 3167 lamentantem
2356 3110 2509 3175 facit;
2539 3127 2643 3180 quo
2672 3110 2862 3164 afl‘ectu
2898 3111 3148 3175 impetrat
3171 3104 3368 3158 sedulis
3391 3116 3517 3171 pre-

254 3226 373 3280 rilis
406 3240 510 3279 non
542 3234 628 3289 est
650 3224 702 3277 in
733 3224 868 3295 illis;
900 3238 1023 3277 num
1072 3220 1214 3274 aliud
1249 3220 1409 3275 homo
1454 3219 1630 3283 discit,
1674 3234 1832 3285 quam

1945 3203 2090 3259 cibus
2141 3202 2562 3257 consolationem
2612 3201 2778 3255 divini
2822 3197 3098 3270 adjutorii,
3151 3210 3219 3251 ne
3262 3195 3517 3263 despera-

253 3328 378 3369 cum
422 3310 550 3366 illud
583 3310 908 3380 planissimis
942 3308 1136 3371 verbis,
1171 3308 1289 3363 sine
1335 3306 1702 3361 similitudinis
1740 3306 1837 3358 hu-

255 3404 343 3476 jus
386 3402 711 3458 adminiculo
740 3398 993 3455 audiret?
1032 3409 1085 3454 et
1134 3409 1309 3453 tamen
1344 3400 1523 3452 nescio
1570 3400 1840 3467 quomodo

257 3493 476 3551 suavius
506 3492 717 3546 intueor
757 3498 988 3553 sanctos,
1024 3502 1142 3541 cum
1198 3502 1292 3542 eos
1334 3489 1485 3557 quasi
1517 3487 1704 3541 dentes
1743 3487 1840 3540 Ec-

259 3584 442 3639 clesia:
471 3581 624 3637 video
660 3580 811 3652 quasi
841 3579 1135 3649 praecidere
1173 3580 1241 3632 ab
1269 3579 1544 3633 erroribus
1575 3580 1838 3647 homines,

260 3683 426 3742 atque
475 3673 526 3726 in
583 3672 701 3739 ejus
756 3685 951 3739 corpus
1006 3668 1302 3741 [corpore]
1352 3671 1585 3725 emollita
1624 3670 1837 3737 duritia,

260 3762 411 3830 quasi
446 3759 724 3815 demersos
774 3775 1094 3830 mansosque
1127 3761 1441 3815 transferre.
1498 3762 1639 3816 Oves
1680 3763 1841 3816 etiam

263 3852 646 3922 iocundissima
667 3865 899 3920 agnosco
921 3851 1174 3905 detonsas
1192 3851 1444 3904 oneribus
1468 3851 1840 3915 saecularibus,

270 3952 524 4013 tanquam
552 3941 840 3997 velleribus
871 3940 1078 4011 positis',
1125 3950 1176 3995 et
1206 3941 1556 3995 ascendentes
1595 3941 1661 3995 de
1690 3941 1846 3994 lava-

266 4049 381 4098 cro,
414 4034 464 4087 id
495 4044 576 4087 est
622 4034 688 4087 de
729 4034 1078 4100 baptismate,
1127 4048 1314 4087 creare
1358 4047 1546 4087 omnes
1575 4033 1839 4102 geminos,

265 4124 371 4177 duo
425 4132 689 4192 pra‘ccpta
741 4121 1063 4188 dilectionis,
1107 4133 1161 4176 et
1199 4121 1399 4175 nullam
1452 4138 1573 4177 esse
1626 4124 1692 4176 ab
1742 4122 1845 4176 isto

263 4222 451 4267 sancto
495 4212 664 4265 fructu
698 4213 933 4265 sterilem
972 4211 1153 4266 video.
1187 4211 1289 4264 Sed
1332 4226 1497 4280 quare
1529 4213 1742 4265 suavius
1770 4212 1847 4264 vi-

266 4306 446 4373 deam,
477 4320 633 4373 quam
665 4303 709 4359 si
740 4304 879 4356 nulla
905 4303 972 4357 de
1002 4302 1194 4356 divinis
1227 4302 1374 4355 libris
1403 4303 1520 4356 talis
1550 4302 1844 4357 similitudo

265 4405 630 4463 promeretur,
663 4410 780 4446 cum
817 4408 900 4447 res
942 4392 1127 4447 eadem
1161 4392 1230 4446 sit
1258 4392 1555 4461 cadentque
1589 4393 1842 4462 cognitio,

264 4484 487 4537 difticilc
522 4494 604 4537 cst
632 4484 833 4549 dicere,
868 4493 922 4537 et
960 4483 1060 4535 alia
1093 4485 1318 4551 quatstio
1348 4492 1448 4537 est.
1482 4482 1631 4537 Nunc
1668 4492 1844 4537 tamen

266 4589 427 4628 nemo
457 4574 698 4643 anibigit,
730 4587 777 4628 et
809 4589 905 4644 per
939 4573 1313 4627 similitudines
1337 4574 1586 4628 libentius
1624 4588 1847 4643 qumque

264 4667 541 4732 cognosci,
594 4675 794 4719 etcum
846 4664 1021 4731 aliqua
1053 4666 1361 4719 difficultate
1403 4666 1625 4735 qumsita
1677 4667 1846 4721 multo

262 4757 472 4824 gratius
520 4755 768 4809 inveniri.
811 4756 910 4821 Qui
966 4758 1106 4809 enim
1152 4771 1371 4825 prorsos
1424 4773 1527 4810 non
1569 4757 1846 4811 inveniunt

262 4845 407 4915 quiid
438 4856 703 4914 quzcrunt,
751 4848 886 4899 fame
921 4847 1160 4900 laborant
1190 4866 1200 4899 :
1234 4849 1320 4916 qui
1349 4858 1525 4901 autem
1552 4864 1654 4901 non
1693 4866 1842 4918 qua:-

264 4947 411 5001 runt,
448 4939 570 5003 quia
605 4938 656 4989 in
692 4946 937 5003 promptu
972 4938 1190 5001 habent,
1225 4938 1436 4991 fastidio
1465 4955 1608 5007 saepe
1638 4956 1842 4995 marce-

264 5036 454 5083 scunt:
491 5029 541 5081 in
574 5038 797 5096 utroque
829 5039 1002 5081 autem
1038 5028 1257 5096 languor
1288 5032 1555 5083 cavendus
1595 5041 1697 5084 est.
1732 5031 1841 5083 Ma-

260 5120 456 5185 gnifice
483 5118 640 5187 igitur
668 5126 719 5171 ct
759 5118 1045 5172 salubiiLcr
1076 5118 1306 5186 Spiritus
1337 5131 1552 5173 sanctus
1587 5122 1654 5173 ita
1694 5121 1842 5174 Scri-

264 5216 450 5273 pturas
500 5217 712 5261 sanctas
764 5208 1134 5275 tnodilicavit,
1192 5217 1250 5260 ut
1317 5208 1445 5262 locis
1485 5210 1845 5277 apertioribus

261 5297 392 5350 fami
419 5310 747 5361 occurreret,
784 5298 1183 5351 obscurioribus
1213 5307 1388 5352 autem
1425 5297 1629 5353 fastidia
1660 5300 1842 5354 deter-
1929 5315 1932 5318 ‘

260 5398 413 5457 geret
443 5407 454 5439 :
481 5388 611 5441 nihil
670 5389 812 5441 cnim
849 5390 956 5442 fere
1006 5389 1071 5441 de
1103 5388 1210 5441 illis
1248 5388 1655 5443 obscuritatibus
1696 5391 1841 5445 erui-

263 5490 374 5543 tur,
423 5479 563 5547 quod
616 5496 720 5533 non
772 5479 1081 5548 planissime
1118 5478 1316 5533 dictum
1365 5479 1490 5533 alibi
1524 5482 1842 5549 reperiatur.

259 5572 402 5623 Ante
433 5571 607 5623 omnia
644 5570 801 5639 igitur
842 5585 973 5639 aptis
1022 5579 1103 5624 est.
1137 5570 1228 5625 Dei
1265 5572 1455 5625 timore
1502 5572 1742 5627 converti
1779 5572 1847 5627 ad

260 5668 695 5737 cognoscendam
729 5670 845 5739 ejus
879 5670 1229 5735 voluntatem,
1265 5670 1389 5740 quid
1416 5670 1566 5724 nobis
1591 5676 1847 5737 appeten-

263 5760 391 5814 dum
419 5760 831 5831 fugiendutttque
861 5764 1159 5832 prtecipiat.
1197 5764 1377 5822 Timor
1406 5772 1585 5821 autem
1624 5763 1725 5818 iste
1755 5775 1844 5816 co-

1942 3296 2084 3350 tione
2111 3294 2405 3365 frangatur.

2470 3404 2695 3459 CAPUT
2736 3403 2983 3458 CCLXII.

1942 3499 2019 3553 De
2046 3500 2202 3567 signis
2232 3497 2474 3569 propriis
2501 3508 2548 3551 et
2591 3498 2852 3551 translatis
2881 3514 3057 3569 agen_s_,
3088 3500 3176 3550 dat
3206 3498 3516 3568 exciitplum,

2012 3571 2149 3636 quod
2186 3567 2273 3621 bas
2302 3567 2507 3639 proprie
2538 3585 2689 3639 pecus
2724 3570 2968 3623 translate
3004 3567 3336 3639 Evangelista
3380 3586 3521 3623 mon-

2014 3648 2202 3693 stretur
2219 3655 2238 3704 ;
2269 3654 2332 3691 ea:
2352 3638 2525 3692 eodem
2555 3638 2706 3691 libro.

2017 3750 2231 3804 Duabus
2269 3757 2445 3802 autem
2484 3749 2660 3803 causis
2688 3764 2793 3803 non
2824 3749 3194 3819 intelliguntur
3227 3766 3357 3818 qua:
3385 3751 3522 3805 scri-

1944 3852 2032 3910 pta
2064 3850 2207 3903 sunt,
2238 3841 2281 3894 si
2311 3849 2404 3893 aut
2430 3839 2623 3908 ignotis
2652 3849 2743 3893 aut
2772 3841 3037 3910 ambiguis
3068 3842 3236 3911 signis
3263 3842 3521 3910 obtegun-

1947 3943 2055 3987 tur.
2099 3933 2235 3987 Sunt
2286 3941 2464 3985 autem
2515 3931 2665 3999 signa
2697 3932 2779 3985 vel
2829 3933 3065 4001 propria,
3108 3932 3189 3985 vel
3222 3933 3522 3985 translata:

1946 4025 2162 4095 propria
2209 4023 2479 4088 dicuntur,
2507 4038 2628 4077 cum
2665 4024 2747 4076 his
2791 4025 2950 4078 rebus
2984 4023 3350 4093 significandis
3375 4021 3525 4075 adbi-

1950 4115 2161 4177 bentur,
2189 4126 2407 4183 propter
2436 4128 2567 4182 quas
2594 4123 2718 4167 sunt
2750 4114 2985 4168 instituta
3022 4132 3035 4168 :
3067 4115 3206 4169 sicut
3241 4128 3360 4167 cum
3394 4112 3524 4164 dici-

1951 4224 2068 4261 mus
2098 4209 2310 4274 bovem,
2353 4206 2698 4277 intelligimus
2732 4223 2915 4276 pecus,
2946 4208 3086 4276 quod
3130 4222 3317 4262 omnes
3349 4204 3524 4259 t:0bIS<

1949 4313 2071 4351 cum
2122 4298 2325 4352 Latium
2365 4299 2556 4367 lingua:
2612 4299 2856 4353 homines
2906 4298 3007 4352 hoc
3055 4299 3275 4352 nomine
3313 4310 3524 4351 vocant.

1950 4389 2228 4443 Translata
2260 4399 2403 4455 sunt,
2435 4405 2553 4444 cum
2584 4399 2638 4445 et
2661 4390 2789 4458 ipsa:
2820 4404 2906 4443 res
2929 4405 3059 4458 quas
3089 4389 3318 4457 propriis
3348 4391 3524 4443 verbis

1953 4482 2339 4549 significamus,
2380 4482 2445 4534 ad
2496 4481 2698 4550 aliquid
2747 4481 2891 4535 aliud
2926 4480 3331 4550 significandum
3382 4496 3528 4534 usur-

1883 4548 1929 4606 ι)
1960 4548 2151 4641 pantur
2178 4590 2190 4623 :
2219 4572 2359 4626 sicut
2384 4548 2611 4626 dicimus
2635 4573 2852 4637 bovem,
2882 4580 2937 4626 et
2962 4548 3054 4641 per
3088 4573 3183 4625 bas
3206 4572 3339 4625 duas
3367 4572 3529 4639 sylla-

1957 4665 2051 4718 bas
2101 4662 2449 4730 intelligimus
2493 4678 2680 4732 pecus,
2714 4662 2855 4731 quod
2887 4665 2988 4716 isto
3030 4662 3247 4715 nomine
3276 4661 3530 4730 appellari

1955 4755 2129 4808 solet:
2163 4753 2257 4807 sed
2291 4768 2478 4806 rursus
2512 4769 2607 4821 per
2638 4754 2764 4807 illud
2798 4767 2961 4819 pecus
2992 4753 3338 4822 intelligimus
3365 4768 3531 4805 cvan-

1908 4872 1911 4873 ν
1953 4845 2222 4913 gelistam,
2254 4859 2415 4912 quem
2453 4844 2779 4911 significavit
2820 4843 3096 4911 Scriptura
3142 4844 3528 4912 interpretante

1955 4936 2213 5003 Apostolo
2261 4932 2753 5005 [dacens]:liovom
2808 4934 3153 4988 trituraiitem
3203 4950 3309 4987 non
3368 4934 3532 4987 infre-

1952 5028 2124 5081 nabis.

2475 5115 2697 5170 CAPUT
2737 5113 3007 5169 CCLXIII.

1955 5230 2030 5282 De
2069 5247 2233 5281 rerum
2262 5230 2577 5301 ignorantia,
2605 5244 2719 5297 qua:
2757 5229 2882 5301 facit
2908 5229 3148 5301 obscuras
3176 5229 3426 5298 ﬁguratas
3456 5228 3535 5277 [ος

2024 5299 2419 5362 ιήιὶοηεε,ὀιιηι
2465 5301 2763 5369 ignoramus
2808 5299 2882 5353 vel
2929 5299 3251 5369 animalium,
3290 5299 3363 5349 vel
3410 5299 3534 5365 lapi-

2026 5372 2171 5437 dum,
2203 5377 2276 5423 t'el
2306 5367 2570 5423 ltci‘burum
2600 5380 2837 5433 naturas;
2867 5386 2928 5422 ea:
2957 5371 3133 5420 eodrm
3170 5367 3317 5419 libro.

2025 5483 2221 5537 lterum
2268 5491 2446 5535 autem
2490 5483 2790 5551 ignorantia
2838 5481 2962 5534 facit
2993 5483 3245 5533 obscuras
3284 5480 3537 5548 figuratas

1952 5572 2270 5636 locutiones,
2304 5587 2421 5626 cum
2457 5573 2767 5641 ignoramus
2812 5571 2894 5624 vel
2934 5569 3313 5633 animantium,
3348 5570 3427 5623 vel
3458 5557 3537 5623 la;

1954 5668 2156 5736 pidum,
2189 5667 2268 5721 vel
2295 5667 2578 5721 herbarum
2610 5677 2846 5730 naturas,
2876 5665 3103 5718 aliarum
3118 5679 3173 5718 vc
3204 5681 3382 5719 rerum
3417 5679 3537 5735 ane

1952 5759 2265 5831 plerumque
2296 5756 2348 5812 in
2377 5758 2670 5825 Scripturis
2696 5756 3067 5813 similitudinis
3102 5755 3327 5828 alicojus
3360 5762 3529 5829 gratia
