3986 6190
440 426 545 481 9η

443 544 737 609 ponuntur.
785 531 916 588 Nam
944 536 1001 583 et
1027 525 1096 582 de
1126 527 1375 592 serpente
1405 514 1545 585 quod
1586 522 1769 567 notum
1802 517 1905 567 est,
1938 516 2018 559 to-
2049 511 2093 567 Α

447 645 561 687 tum
609 639 803 696 corpus
847 636 969 678 eum
1028 632 1128 689 pro
1183 613 1358 679 capite
1407 608 1642 677 obiicere
1686 603 2022 663 ferientibus,

448 691 963 794 quantum'illustrat
987 721 1205 765 sensum
1238 705 1385 758 illum
1410 699 1549 768 quod
1575 691 2022 761 Dominusjubet,

450 824 660 870 astutos
690 825 787 865 nos
824 820 944 862 esse
975 804 1114 857 sicut
1139 804 1419 866 serpentes
1449 810 1461 846 :
1487 803 1543 845 ut
1569 788 1774 844 scilicet
1810 800 1903 853 pro
1930 797 2023 836 ca-

454 908 563 974 pite
584 911 791 964 nostro,
824 896 965 967 quod
998 902 1080 948 est
1116 889 1384 951 Christus,
1417 896 1612 950 corpus
1642 881 1814 948 potius
1844 888 2028 945 perse-

449 996 736 1067 quentibus
779 991 1085 1052 offeramus,
1144 998 1210 1038 ne
1260 981 1391 1036 fides
1424 976 1727 1032 Christiana
1775 981 2027 1039 tanquam

453 1061 676 1158 negetur
716 1084 993 1157 [tanquam
1025 1087 1183 1146 caput
1232 1066 1474 1138 necetur]
1522 1067 1575 1122 in
1609 1064 1783 1130 nobis,
1828 1061 1871 1115 si
1906 1075 2029 1128 par-

452 1151 638 1232 centes
685 1151 896 1241 corpori
936 1178 1191 1236 negemus
1217 1161 1426 1217 Deum!
1462 1157 1553 1211 Vel
1589 1154 1722 1209 illud
1749 1151 1892 1222 quod
1936 1164 2032 1219 per

454 1279 703 1323 caverna!
725 1262 996 1333 angustias
1016 1264 1340 1317 coarctatus,
1365 1248 1608 1318 deposita
1628 1254 1807 1300 vetere
1830 1242 2031 1306 tunica,

456 1360 602 1413 vires
651 1370 818 1410 novas
848 1350 1094 1416 accipere
1132 1345 1348 1409 dicitttr,
1387 1347 1644 1410 quantum
1699 1332 1931 1388 concinit
1968 1331 2035 1384 ad

457 1445 772 1502 imitandam
814 1436 1026 1513 [ipsius]
1057 1433 1327 1504 serpentis
1372 1431 1648 1492 astutiam,
1696 1422 2032 1478 cauendum-

455 1552 560 1608 que
588 1538 760 1608 ipsum
788 1512 1023 1588 veterem
1049 1526 1343 1591 hominem,
1375 1520 1513 1574 sicut
1545 1515 1836 1586 Apostolus
1869 1512 2031 1579 dicit,

457 1640 517 1681 ut
550 1626 834 1681 induamur
877 1634 1036 1683 novo,
1067 1624 1121 1670 et
1150 1611 1453 1668 exuendam
1487 1622 1583 1677 per
1623 1603 1918 1674 angustias,
1952 1601 2036 1655 di-

457 1728 615 1775 cente
670 1715 931 1775 Domino:
959 1712 1156 1766 Intrate
1208 1721 1302 1776 per
1346 1710 1626 1773 angustam
1678 1696 1930 1768 portam!
1975 1693 2041 1749 Ut

459 1827 589 1882 ergo
619 1810 811 1865 notitia
842 1816 1047 1860 natura:
1073 1798 1341 1879 serpentis
1370 1796 1600 1850 illustrat
1634 1790 1830 1844 multas
1858 1787 2041 1843 simili-

462 1879 675 1961 tudines
700 1918 819 1971 quae
848 1895 1027 1970 [quas]
1057 1895 1124 1949 de
1149 1896 1250 1946 hoc
1287 1890 1560 1944 animante
1603 1884 1878 1951 Scriptura
1909 1879 2040 1934 dare

462 1994 767 2059 consuevit,
823 1991 901 2043 sic
942 1982 1239 2055 ignorantia
1290 1978 1664 2033 nonnullorum
1707 1971 2040 2033 animalium,

464 2103 584 2156 qua:
615 2100 723 2139 non
766 2083 940 2136 minus
972 2093 1067 2147 per
1092 2071 1471 2129 similitudines
1501 2071 1915 2128 commemorat,
1946 2062 2045 2115 im-

466 2152 610 2245 pedit
642 2173 929 2244 plurimum
970 2168 1356 2224 intellecturem
1382 2178 1397 2215 :
1424 2160 1499 2213 sic
1527 2157 1787 2227 lapidum,
1818 2154 1897 2207 sic
1925 2152 2049 2207 ber-

469 2244 679 2333 barnm,
711 2266 794 2320 vel
827 2275 1052 2333 qumque
1078 2249 1453 2331 [quaecunque]
1478 2256 1728 2305 tenentur
1755 2244 2044 2300 radicibus.

468 2362 602 2416 Nam
642 2332 697 2413 et
750 2332 1059 2409 carbunculi
1114 2343 1323 2405 notitia,
1350 2339 1491 2409 quod
1534 2339 1677 2391 lucet
1722 2335 1774 2389 in
1815 2332 2051 2388 tenebris

471 2450 635 2506 multa
668 2445 937 2500 illuminat
965 2440 1128 2494 etiam
1157 2436 1383 2491 obscura
1417 2430 1671 2485 librorum
1691 2467 1707 2493 ,
1748 2426 2050 2493 ubicunque

473 2548 693 2611 propter
713 2532 1120 2592 sin'tilitudiuem
1164 2527 1379 2597 ponitur
1404 2542 1416 2576 :
1447 2534 1503 2578 et
1532 2519 1831 2592 ignorantia
1861 2516 2050 2587 berylli

473 2609 557 2688 vel
583 2628 886 2685 adamantis
914 2623 1114 2679 claudit
1144 2621 1458 2690 plerumque
1488 2611 1861 2681 intelligentiae
1885 2609 2051 2663 fores.

472 2722 582 2777 Nec
612 2719 767 2773 aliun
813 2717 883 2771 ob
936 2725 1153 2768 causam
1189 2708 1343 2762 facile
1390 2712 1476 2759 est
1507 2701 1832 2771 intell'gere,
1866 2712 2052 2768 pacem

475 2820 789 2880 perpetuam
814 2804 1100 2881 significari
1127 2802 1261 2856 oleae
1292 2797 1519 2859 ramulo,
1552 2808 1710 2863 quem
1749 2792 1964 2847 rediens
1989 2790 2055 2844 ad

476 2920 657 2958 arcam
688 2901 935 2957 columba
973 2896 1214 2966 pertulit,
1262 2892 1362 2946 nisi
1392 2890 1512 2959 quia
1561 2890 1824 2947 novimus,
1857 2893 1912 2938 et
1951 2882 2056 2938 olei

479 2997 656 3051 lenem
682 3001 988 3048 contactum
1009 3003 1114 3042 non
1139 2984 1293 3038 facile
1314 2982 1491 3035 alieno
1516 2979 1741 3032 hutnore
1762 2973 2056 3043 corrumpi,

479 3099 535 3143 et
561 3086 810 3142 arborem
852 3083 1023 3152 ipsam
1055 3077 1308 3133 frondere
1342 3072 1667 3144 pereun'tcr.
1704 3068 1849 3122 Multi
1881 3073 2059 3120 autem

481 3188 704 3252 propter
758 3173 1114 3247 ignorantiam
1161 3167 1401 3240 hysscipi,
1450 3165 1575 3218 dum
1624 3159 1869 3215 nesciunt
1899 3172 2058 3228 quam

1523 405 1586 459 Ι).
1629 397 1946 458 EUGYPI’ll
1985 393 2273 452 ABBATlS
2312 387 2630 448 AFRICANI

3597 366 3697 422 9η

2122 512 2241 572 pter
2269 502 2429 556 vitam
2463 508 2515 553 et
2542 507 2775 565 corpus;
2821 503 2940 544 nam
2971 497 3025 544 et
3053 488 3105 542 in
3137 483 3222 541 illa
3254 484 3355 538 tria
3388 488 3535 545 sunt,
3565 476 3706 531 unde

2124 568 2285 645 etiam
2308 598 2422 644 toto
2450 588 2631 651 corde,
2668 592 2776 639 tota
2807 581 3006 643 anima,
3057 586 3164 632 tota
3198 582 3383 629 mente
3410 568 3709 639 diligendus

2127 691 2210 736 est
2236 681 2374 736 Deus
2399 698 2412 733 :
2446 681 2498 734 in
2528 692 2755 747 corpore
2781 685 2980 738 autem,
3023 667 3455 725 manifestissima
3485 671 3714 732 quatuor

2126 781 2408 841 apparent,
2439 770 2631 841 quibus
2662 773 2895 831 constat,
2924 764 3209 818 elementa.
3241 759 3295 813 In
3326 759 3427 811 hoc
3462 769 3589 825 ergo
3621 753 3657 805 d
3682 774 3716 793 η-

2128 863 2304 928 nario,
2328 862 2453 916 dum
2481 858 2849 928 temporaliter
2871 854 3027 911 nobis
3053 852 3371 913 insinuatur,
3396 848 3449 902 id
3471 853 3552 900 est
3579 857 3718 913 qua-

2130 964 2213 1010 ter
2240 954 2474 1019 ducitur,
2508 960 2657 1007 caste
2686 959 2737 1003 et
2768 948 3106 1003 continenter
3136 959 3165 996 a
3205 938 3578 1010 temporalium
3610 933 3720 987 de-

2132 1045 2416 1102 lectatione
2441 1045 2644 1106 vivere,
2690 1041 2794 1096 hoc
2842 1048 2927 1094 est
2970 1034 3318 1105 quadraginta
3346 1029 3537 1084 diebus
3576 1024 3721 1094 jeju-

2132 1152 2262 1193 nare
2284 1131 2638 1209 {monemur}:
2668 1133 2769 1186 hoc
2790 1129 2872 1185 lex
2895 1128 3047 1197 cuius
3068 1137 3297 1195 persona
3325 1128 3409 1174 est
3432 1118 3487 1172 in
3512 1115 3719 1182 Moyse.

2135 1225 2237 1279 hoc
2280 1204 2555 1294 prophetia
2602 1218 2757 1288 cujus
2803 1229 3084 1287 personam
3127 1210 3266 1282 gerit
3312 1208 3476 1270 Elias,
3521 1204 3624 1257 hoc
3671 1210 3725 1256 et

2136 1291 2294 1385 [ipsel
2329 1291 2584 1366 Dominus
2614 1314 2819 1370 monet,
2846 1303 2934 1373 qui
2965 1313 3213 1371 tanquam
3240 1293 3604 1351 testimonium
3627 1291 3726 1342 ha-

2137 1406 2270 1461 bens
2297 1419 2361 1458 ex
2390 1404 2506 1471 lege
2534 1410 2588 1455 et
2613 1397 2913 1469 prophetis,
2948 1392 3155 1448 medius
3176 1390 3318 1444 inter
3346 1386 3464 1440 illos
3488 1384 3540 1437 in
3574 1394 3727 1435 mon-

2140 1505 2217 1563 te,
2272 1495 2441 1550 tribus
2488 1488 2767 1560 discipulis
2815 1483 3120 1541 videntibus
3165 1489 3324 1549 atque
3360 1471 3723 1544 stupentibus,

2140 1560 2352 1643 claruit.
2402 1581 2603 1638 Deinde
2645 1579 2903 1650 quaaritur
2934 1570 3203 1644 quomodo
3241 1560 3728 1639 quinquagenarius

2140 1679 2208 1734 de
2251 1671 2677 1748 quadragenario
2711 1682 2937 1725 numero
2987 1665 3223 1726 existat,
3266 1659 3357 1730 qui
3388 1671 3494 1711 non
3523 1652 3729 1708 medio-

2142 1745 2310 1824 criter
2342 1768 2396 1821 in
2424 1745 2604 1820 nostra
2635 1761 2893 1831 religione
2918 1764 3160 1812 sacratus
3187 1760 3271 1807 est
3297 1757 3514 1820 propter
3536 1745 3731 1800 Pente-

2072 1862 2119 1923 B
2148 1858 2372 1915 costen?
2394 1865 2445 1910 et
2467 1851 2741 1925 quomodo
2772 1859 2853 1904 ter
2880 1848 3073 1903 ductus
3102 1852 3316 1914 prepter
3340 1838 3440 1893 tria
3463 1845 3728 1903 tempora,

2146 1957 2271 2004 ante
2301 1949 2495 2017 legem,
2526 1942 2627 1999 sub
2656 1942 2794 2010 lege,
2825 1937 2924 1992 sub
2953 1935 3145 2007 gratia,
3178 1930 3261 1987 vel
3290 1935 3506 2000 propter
3534 1936 3732 1979 nomen

2147 2015 2426 2109 Patris,'et
2467 2037 2612 2102 Filii,
2637 2046 2688 2090 et
2718 2032 2948 2102 Spiritus
2977 2025 3171 2089 sancti,
3198 2022 3449 2090 adjuncta
3482 2015 3731 2073 eminen-

2149 2137 2255 2189 tius
2277 2135 2392 2203 ipsa
2421 2130 2707 2191 Trinitate,
2736 2124 2801 2179 ad
2833 2119 3224 2192 purgatissima:
3254 2111 3508 2169 Ecclesia:
3533 2116 3733 2179 myste-

2157 2199 2312 2281 rium‘
2330 2219 2630 2278 referatur?
2674 2212 3050 2288 perveniatque
3098 2207 3163 2262 ad
3210 2214 3427 2261 centum
3472 2199 3735 2270 quinqua-

2159 2587 2565 2645 similitudinum
2592 2585 2646 2639 in
2668 2580 2869 2639 sanctis
2899 2576 3048 2632 libris
3074 2580 3282 2628 secreta
3308 2574 3598 2638 ponuntur,
3622 2575 3739 2630 qua

2160 2688 2378 2746 propter
2428 2685 2772 2728 numerorum
2830 2664 3153 2734 imperitiam
3207 2655 3508 2730 legentibus
3558 2649 3739 2708 clausa

2160 2774 2306 2820 sunt.

2695 2824 2922 2883 CAPUT
2961 2819 3211 2880 CCLXV.

2237 2946 2314 3003 De
2338 2961 2505 3001 rerum
2533 2944 2846 2997 musicarum
2870 2936 3163 3010 ignorantia
3185 2951 3203 2999 ;
3232 2947 3295 2986 ea:
3321 2928 3496 2984 eodem
3524 2924 3673 2981 libro.

2237 3060 2352 3115 Non
2387 3072 2551 3127 pauca
2581 3056 2745 3111 etiam
2776 3051 2973 3107 claudit
3015 3058 3176 3116 atque
3215 3041 3417 3111 obtegit
3461 3035 3741 3093 nonnullao

2166 3168 2286 3208 rum
2338 3165 2514 3206 rerum
2563 3146 2887 3203 musicarum
2921 3137 3237 3211 ignorantia.
3271 3134 3403 3189 Nam
3431 3140 3485 3185 et
3511 3128 3578 3183 de
3609 3124 3741 3197 psal-

483 3218 695 3252 νων...
758 3218 1114 3247 .,,..ν.....------
1163 3218 1219 3240 ν,
1263 3218 1351 3237 --τ
1388 3218 1401 3231 .
1918 3218 1931 3228 .

482 3274 586 3325 vim
620 3269 834 3332 habeat,
869 3264 951 3320 vel
1000 3261 1065 3316 ad
1099 3256 1427 3330 purgandum
1481 3254 1810 3323 pulmonem,
1859 3248 1965 3313 vel,
2007 3255 2063 3300 ut
2088 3218 2136 3283 δ
2174 3244 2292 3299 terii
2326 3252 2379 3299 et
2408 3242 2629 3297 cithara:
2668 3236 2972 3293 differentia
3020 3232 3234 3302 quidem
3278 3241 3383 3282 non
3434 3221 3745 3279 inconcinna

481 3364 698 3427 dicitur,
727 3360 792 3414 ad
823 3372 948 3411 saxa
982 3352 1251 3407 radit-ibas
1279 3343 1625 3416 penetranda,
1652 3357 1773 3395 cum
1804 3339 1873 3393 sit
1899 3336 2062 3391 herba

484 3454 667 3511 brevis
696 3460 856 3519 atque
889 3446 1130 3508 humilis,
1174 3441 1394 3496 omnino
1422 3435 1663 3490 invenire
1706 3446 1811 3486 non
1846 3434 2069 3499 possunt

485 3564 651 3617 quare
690 3548 757 3602 sit
797 3545 1003 3601 dictum
1035 3558 1045 3593 :
1072 3539 1339 3607 Asperges
1380 3546 1464 3586 me
1514 3530 1770 3599 hyssopo,
1817 3535 1869 3579 et
1911 3538 2067 3578 mun-

487 3643 675 3698 dabor,

949 3748 1050 3819 ω]
1092 3740 1314 3797 CAPUT
1355 3733 1619 3793 CCLXIV.

489 3848 567 3904 De
588 3860 911 3901 numerorum
941 3838 1215 3909 imperitia.
1245 3830 1545 3909 quantum:
1570 3827 1693 3896 facit
1714 3842 1812 3879 non
1838 3822 2073 3893 intelligi;

1060 3926 1125 3963 ea:
1152 3902 1327 3961 eodem
1357 3902 1507 3957 libro.

564 4028 917 4083 Numerorum
949 4020 1108 4075 etiam
1139 4014 1404 4085 imperitia
1432 4011 1594 4065 multa
1628 4006 1751 4059 facit
1786 4019 1889 4058 non
1922 3998 2079 4055 intel-

496 4124 583 4194 ligi
612 4121 869 4177 translate
897 4134 957 4171 ac
997 4114 1220 4186 mystice
1270 4109 1437 4180 posita
1482 4107 1535 4158 in
1579 4099 1891 4169 Scripturis.
1936 4095 2082 4162 Ingr-

495 4219 642 4272 nlum
674 4216 901 4286 quippe,
944 4221 997 4264 ut
1033 4210 1106 4263 ita
1137 4205 1386 4269 dixerim,
1430 4200 1718 4268 ingenuum
1761 4206 1867 4246 non
1908 4194 2084 4257 petest

499 4326 604 4365 non
634 4278 837 4362 moveri
878 4278 1003 4372 quid
1041 4297 1140 4352 sibi
1181 4295 1307 4349 velit
1340 4289 1480 4362 quod
1520 4297 1574 4342 et
1608 4286 1819 4354 Moyses
1851 4290 1906 4335 et
1936 4278 2085 4332 Elias

498 4410 551 4457 et
592 4399 705 4469 ipse
753 4395 1009 4450 Dominus
1059 4387 1407 4460 quadraginta
1457 4380 1644 4435 diebus
1681 4376 2085 4445 jejunaverunt,

499 4492 654 4562 cuius
676 4486 902 4544 actionis
933 4485 1190 4554 figuratus
1217 4477 1431 4546 quidam
1460 4470 1653 4537 nodus,
1679 4465 1777 4520 nisi
1806 4461 1970 4529 hujus
1992 4474 2090 4514 nu-

502 4582 637 4635 meri
657 4576 962 4647 cegnitione
980 4581 1034 4628 et
1062 4564 1495 4624 consideratione
1522 4574 1626 4613 non
1649 4555 1906 4610 solvitur:
1929 4550 2091 4603 habet

501 4674 646 4728 enim
670 4670 948 4725 denarium
980 4672 1170 4735 quater
1196 4669 1444 4725 tanquam
1464 4647 1821 4721 cognitionem
1848 4640 2087 4696 omnium

502 4780 682 4819 rerum
730 4763 988 4815 intextam
1044 4749 1397 4820 temporibus.
1454 4736 1806 4810 Quaternario
1859 4744 2090 4798 namque

506 4845 749 4930 [quippe]
790 4860 1036 4911 numero,
1069 4853 1125 4898 et
1144 4842 1358 4901 diurna,
1389 4844 1442 4888 et
1469 4844 1642 4886 annua
1673 4841 1784 4880 cur.
1802 4822 1939 4878 icula
1971 4835 2092 4888 per-

505 4954 770 5016 aguntur:
800 4940 1011 4999 dlurua,
1037 4934 1310 4989 matutinis
1332 4939 1387 4984 et
1413 4919 1746 4982 meridianis,
1770 4911 2094 4981 vespertinis

508 5035 895 5105 nocturnisque
941 5032 1189 5084 horarum
1228 5023 1445 5092 spatiis;
1491 5029 1687 5076 annua,
1716 5007 1917 5070 vernis,
1945 5002 2091 5058 aesti-

510 5135 627 5201 vis,
660 5124 1061 5185 autumnalibus
1091 5115 1515 5181 hiemalibusque
1548 5102 1845 5161 mensibus.
1878 5097 1923 5150 Α
1967 5104 2100 5148 tem-

510 5239 700 5299 porum
733 5227 913 5276 aulem
945 5210 1322 5273 delectatione,
1366 5202 1493 5258 dum
1532 5198 1584 5252 in
1617 5189 1942 5262 temporibus
1973 5182 2104 5238 vivi-

514 5335 655 5385 mus,
689 5323 908 5386 pr0pter
938 5308 1319 5364 mternitatcm,
1366 5298 1419 5350 in
1457 5308 1560 5363 qua
1608 5288 1795 5343 vivere
1835 5281 2102 5338 volumus,

515 5376 893 5466 abstinendum
922 5410 979 5456 et
1004 5393 1349 5467 ieiunandum
1378 5392 1462 5440 est
1486 5400 1499 5435 :
1532 5376 1777 5449 quamvis
1802 5381 2106 5438 temporum

518 5502 766 5559 cursibus
799 5498 911 5565 ipsa
959 5490 1115 5545 nobis
1156 5482 1456 5536 insinuetur
1486 5469 1725 5525 doctrina
1757 5471 2109 5518 contemnen-

521 5597 711 5650 dorum
729 5548 1028 5655 temporum
1057 5587 1110 5631 et
1135 5565 1555 5640 appetentlorum
1577 5564 1922 5612 aeternorum.
1941 5548 2108 5600 Porro

526 5698 703 5739 autem
750 5676 1002 5734 denarius
1053 5675 1306 5725 numerus
1355 5650 1628 5712 Creatoris
1665 5654 1822 5714 atque
1850 5646 2109 5694 creatum

527 5774 789 5843 significat
837 5764 1140 5822 scientiam.
1209 5754 1341 5811 Nam
1395 5745 1633 5803 Trinitas
1679 5731 1951 5792 Creatoris
2003 5736 2107 5792 est,

532 5861 866 5935 Septenarius
895 5868 1070 5912 autem
1100 5861 1358 5908 numerus
1387 5849 1687 5900 creaturam
1717 5829 1934 5895 indicat,
1985 5836 2110 5897 pro-

2171 3338 2380 3406 aliquas
2410 3348 2585 3389 rerum
2617 3331 2812 3401 figuras
2851 3325 3087 3396 aperuit,
3134 3330 3188 3377 et
3215 3321 3399 3375 decem
3428 3314 3747 3370 chordarum

2174 3425 2508 3498 psalterium,
2552 3438 2657 3477 non
2708 3424 3011 3487 importune
3059 3416 3198 3467 inter
3244 3411 3431 3464 doctos
3476 3404 3746 3476 quaeritur,

2176 3495 2354 3574 utrum
2388 3516 2581 3570 habeat
2609 3513 2842 3583 aliquam
2879 3508 3097 3563 musica:
3125 3505 3317 3575 legem,
3361 3513 3481 3568 qua:
3526 3495 3594 3549 ad
3632 3505 3749 3548 tan-

2178 3623 2289 3669 tum
2322 3621 2608 3666 nervorum
2644 3615 2928 3659 numerum
2969 3609 3144 3668 cogat.
3176 3595 3256 3650 An
3288 3608 3415 3647 vero
3445 3590 3490 3643 si
3521 3602 3626 3642 non
3656 3584 3750 3638 ha-

2179 3707 2288 3770 bet,
2322 3716 2387 3759 eo
2415 3700 2532 3770 ipso
2560 3696 2728 3767 magis
2758 3701 2966 3748 sacrate
2992 3684 3333 3758 accipiendus
3374 3683 3443 3736 sit
3487 3680 3605 3750 ipse
3652 3688 3748 3730 na-

2182 3767 2382 3857 merus,
2411 3767 2494 3845 vel
2533 3795 2755 3859 propter
2785 3781 3096 3849 decalogum
3143 3775 3294 3845 legis.
3348 3772 3423 3826 De
3468 3783 3577 3840 quo
3630 3767 3752 3820 item

2183 3897 2409 3942 numero
2436 3882 2481 3936 si
2511 3885 2803 3949 qumratur,
2837 3888 2942 3934 non
2972 3869 3072 3925 nisi
3104 3867 3169 3922 ad
3201 3865 3508 3920 Creatorem
3553 3864 3754 3912 creatu-

2182 3989 2406 4045 ramque
2435 3967 2749 4026 referendus
2780 3972 2881 4028 est,
2914 3960 2996 4014 vel
3026 3965 3244 4029 pr0pter
3273 3950 3519 4022 superius
3548 3942 3755 4013 exposi—

2187 4078 2295 4122 tum
2331 4066 2501 4135 ipsum
2533 4059 2826 4116 denarium.
2864 4054 2931 4108 Et
2966 4052 3058 4106 ille
3100 4060 3353 4103 numerus
3397 4035 3758 4096 mdification's

2188 4127 2391 4224 templi,
2427 4152 2668 4221 quicum
2717 4152 3041 4200 memoratur
3083 4139 3135 4194 in
3175 4134 3492 4205 Evangelio,
3537 4127 3761 4200 quadra-

2189 4250 2338 4317 ginta
2368 4245 2571 4299 scilicet
2598 4252 2653 4295 et
2675 4255 2767 4295 sex
2800 4249 3083 4295 annorum,
3129 4228 3309 4285 nescio
3345 4226 3468 4295 quid
3512 4220 3762 4277 musicum

2191 4348 2368 4402 sonat,
2391 4346 2445 4390 ct
2468 4335 2669 4390 relatus
2695 4331 2761 4384 ad
2789 4327 3043 4383 fabricam
3079 4320 3333 4375 Drminici
3364 4314 3601 4380 corporis
3624 4311 3765 4379 (pro-

2196 4441 2312 4500 pter
2343 4399 2500 4495 quam
2533 4422 2715 4489 templi
2741 4417 2941 4473 mentio
2971 4416 3107 4467 farta
3137 4410 3266 4478 est).
3306 4408 3452 4476 cogit
3488 4399 3766 4458 nennullos

2197 4521 2477 4578 haereticos
2502 4514 2746 4573 confiteri
2779 4510 2970 4565 Filium
2999 4504 3113 4570 Dei,
3142 4516 3246 4556 non
3276 4499 3410 4554 falso
3440 4495 3534 4551 sed
3560 4506 3683 4546 vero
3718 4497 3771 4542 et

2122 4590 2171 4651 θ
2199 4614 2432 4668 humano
2460 4619 2684 4675 corpore
2736 4601 2998 4656 indutum.
3045 4595 3113 4650 Et
3154 4602 3433 4646 numerum
3486 4583 3676 4654 quippe
3717 4587 3771 4633 et

2201 4704 2459 4759 musicam
2490 4698 2758 4769 plerisque
2788 4691 2916 4744 locis
2944 4687 2996 4741 in
3028 4684 3194 4739 sacris
3223 4675 3516 4746 Scripturis
3550 4674 3774 4727 honora-

2200 4796 2378 4853 biliter
2399 4766 2569 4861 posita
2602 4784 2935 4844 invenimus;
2960 4792 3067 4832 non
3095 4773 3235 4828 enim
3261 4766 3515 4825 audiendi
3544 4770 3665 4820 sunt
3690 4776 3775 4816 er-

2203 4901 2354 4941 rores
2391 4881 2669 4951 gentilium
2701 4870 3140 4942 superstitionum
3162 4904 3177 4928 ,
3209 4862 3302 4933 qui
3333 4872 3528 4914 novem
3561 4854 3775 4919 Musas,

2202 4981 2352 5036 lovis
2379 4945 2432 5031 et
2463 4969 2731 5028 Memoria:
2766 4965 2900 5019 filias
2945 4975 3067 5016 esse
3113 4960 3412 5011 finxerunt:
3466 4945 3657 5003 refellit
3684 4954 3778 4997 eos

2207 5073 2407 5135 Varro,
2438 5080 2543 5135 quo
2573 5060 2755 5117 nescio
2786 5068 2962 5111 utrum
2990 5049 3129 5116 apud
3158 5060 3252 5102 eos
3275 5043 3553 5113 quisquam
3594 5033 3776 5089 talum

2210 5178 2388 5220 rerum
2416 5156 2623 5212 doctior
2654 5150 2731 5206 vel
2760 5142 3025 5203 curiosior
3052 5152 3173 5194 esse
3221 5133 3410 5205 possit.
3465 5128 3594 5182 Dicit
3638 5120 3779 5177 enim

2211 5255 2475 5312 civitatem
2504 5245 2680 5301 nescio
2706 5254 2887 5311 qttam,
2918 5249 3022 5288 non
3052 5230 3196 5285 enim
3235 5238 3430 5280 nomen
3458 5217 3658 5278 recolo.
3705 5213 3782 5266 lo-

2213 5358 2366 5401 casse
2409 5337 2545 5408 apud
2576 5346 2684 5388 tres
2715 5327 2945 5384 artifices
2995 5330 3144 5377 terna
3182 5316 3465 5372 simulacra
3498 5309 3783 5364 Musarum,

2216 5394 2417 5508 quite-in
2445 5394 2647 5495 iemplo
2674 5418 2936 5492 Apollinis
2964 5415 3162 5469 donum
3195 5415 3438 5479 poneret,
3474 5415 3529 5457 ut
3555 5394 3787 5468 quisquis

2215 5492 2477 5584 artificum
2515 5492 2818 5590 pu'chriora
2876 5511 3191 5565 fortnasset,
3234 5501 3304 5554 ab
3342 5497 3431 5551 i’lu
3463 5492 3789 5563 potiss’mntn

2217 5625 2385 5680 eleCta
2415 5589 2660 5673 emeret:
2706 5610 2778 5663 ita
2812 5600 3123 5670 contigisse,
3162 5603 3221 5649 ut
3255 5604 3417 5660 opera
3458 5600 3552 5639 sua
3584 5589 3795 5649 quoque

2219 5716 2293 5773 illi
2334 5709 2568 5768 artifices
2614 5715 2764 5772 atque
2798 5694 3015 5768 pulchra
3061 5687 3394 5757 explicarent
3435 5687 3491 5734 et
3535 5672 3798 5743 placuisse

2220 5806 2421 5869 civitati
2452 5813 2639 5860 omnes
2671 5807 2887 5858 novem,
2916 5797 3077 5858 atque
3107 5792 3293 5838 omnes
3322 5788 3441 5833 esse
3466 5775 3689 5838 emptas,
3744 5769 3801 5816 ut
