3986 6190
306 272 420 327 949

1478 274 1911 332 TllESAURUS.
1952 274 2103 329 CAP.
2143 274 2412 331 CCLXVI.
3320 301 3347 323 ι

3462 279 3573 334 (33τῖ

307 386 374 484 ξξι
411 385 668 484 δι’(ξηίηίδ
698 387 893 457 templ"
912 387 1314 484 ficdicafwm'v
1345 390 1538 484 ("limis
1563 400 1745 484 W933
1767 390 1894 447 die“
1922 392 1966 449 Α
1998 413 2263 484 gultienti,
2288 424 2345 469 ut
2374 414 2560 470 dextra
2591 428 2750 469 manu
2782 414 3056 470 sinistrum
3087 415 3333 484 pollicem
3357 424 3560 472 teneas.

308 479 609 533 Hesiodum
650 488 860 547 poetam
911 480 1231 548 imposuisse
1274 482 1555 537 vocabula.
1603 481 1717 536 Non
1766 494 1895 549 ergo

307 569 527 637 Jupiter
557 584 746 622 novem
776 568 951 623 Musas
976 570 1198 638 genuit,
1243 572 1337 626 sed
1383 580 1492 625 tres
1535 570 1667 625 fabri
1715 580 1895 624 ternas

309 668 663 714 creaverunt:
698 670 808 715 tres
837 671 1010 715 autem
1040 677 1146 716 non
1177 675 1453 732 propterea
1486 663 1573 716 illa
1601 664 1789 717 civitas
1817 664 1895 717 lo-

317 759 559 811 caverat,
587 748 710 818 quia
742 748 792 802 in
819 751 1025 805 somnis
1050 765 1141 806 eas
1166 753 1390 818 Viderat,
1418 761 1510 807 aut
1539 761 1615 807 tot
1637 768 1696 808 se
1718 753 1897 822 cujus-

312 852 480 903 quam
507 836 715 889 illarum
745 838 913 892 oculis
939 838 1456 908 demonstraverant,
1479 842 1570 898 sed
1594 844 1716 912 quia
1740 843 1895 897 facile

312 933 444 980 erat
484 927 928 992 animadvertere,
976 944 1187 984 omnem
1237 946 1452 998 sonum,
1498 948 1615 1002 quas
1644 934 1895 987 materies

310 1022 703 1075 antiienarum
734 1031 835 1085 εει,
863 1023 1157 1077 triformem
1179 1038 1298 1079 esse
1324 1032 1606 1092 naturam;
1635 1032 1726 1078 aut
1750 1024 1893 1079 enim

315 1128 459 1167 voce
482 1113 679 1178 editur,
705 1113 860 1168 sicuti
890 1129 1073 1167 eorum
1103 1123 1185 1169 est
1226 1116 1315 1184 qui
1362 1116 1602 1170 faucibus
1650 1116 1767 1170 sine
1807 1130 1897 1169 or-

312 1218 461 1273 gano
481 1213 701 1270 canunt,
724 1214 813 1259 aut
844 1205 964 1258 flatu
989 1206 1125 1260 sicut
1160 1206 1403 1262 tubarum
1433 1216 1488 1262 et
1512 1208 1781 1272 tibiarum,
1804 1218 1897 1263 aut

313 1299 476 1367 pulsu
519 1299 656 1353 sicut
700 1298 752 1353 in
796 1299 1032 1369 cytbaris
1059 1310 1110 1355 et
1143 1302 1430 1370 tympanis,
1472 1309 1528 1356 et
1572 1300 1897 1370 quibuslibet

312 1392 445 1445 aliis
475 1405 593 1460 quae
640 1390 988 1459 percutiendo
1017 1406 1209 1445 canora
1241 1400 1402 1457 sunt;
1443 1391 1538 1446 sed
1567 1389 1677 1446 sive
1724 1391 1796 1446 ita
1837 1406 1897 1447 se

314 1481 516 1534 habent
542 1480 677 1549 quod
710 1480 879 1534 Varro
908 1481 1110 1545 retulit,
1148 1481 1262 1537 sive
1298 1497 1405 1536 non
1449 1482 1544 1548 ita,
1586 1497 1685 1537 nos
1715 1491 1895 1538 tamen

315 1584 429 1622 non
484 1577 699 1637 propter
756 1569 1190 1638 superstitionem
1245 1570 1588 1639 profanorum
1641 1572 1896 1628 debemus

315 1660 574 1713 musicam
609 1657 809 1729 fugere,
854 1658 898 1712 si
927 1660 1055 1729 quid
1098 1660 1221 1715 inde
1258 1660 1385 1714 utile
1423 1661 1488 1714 ad
1524 1660 1895 1730 intelligendas

1995 503 2088 557 His
2107 505 2464 575 adiunguntur
2481 506 2645 561 millia
2664 504 3093 561 inanissimarum
3107 506 3561 573 observationum,

1993 595 2038 646 si
2070 596 2366 649 membrum
2414 596 2627 665 aliquod
2658 596 2886 662 salierit,
2919 597 2963 651 si
2989 595 3213 665 junctim
3244 595 3565 650 ambulanti.

1995 682 2094 736 bus
2120 684 2307 737 amicis
2327 684 2481 754 lapis,
2512 694 2601 739 aut
2625 685 2794 748 canis,
2839 699 2930 740 aut
2961 700 3091 754 puer
3120 686 3327 741 medius
3380 686 3555 739 inter-

1993 774 2218 837 venerit,
2249 781 2409 842 atque
2436 774 2563 828 illud
2594 775 2736 845 quod
2764 775 2990 843 lapidem
3033 775 3262 841 calcant,
3312 785 3564 843 tanquam

1994 861 2380 931 diremptorem
2414 863 2787 935 [direptorent]
2835 864 3107 932 amicitiae,
3138 866 3313 919 minus
3365 866 3563 920 moles-

1994 958 2107 1005 tum
2129 963 2214 1007 est
2242 968 2400 1021 quam
2423 967 2545 1007 cum
2589 956 2926 1009 innocentem
2955 969 3174 1023 puerum
3197 954 3420 1022 colapho
3442 968 3563 1022 per-

1995 1040 2219 1106 cutiunt,
2274 1041 2319 1095 si
2368 1042 2568 1110 pariter
2632 1044 3030 1098 ambulantibus
3086 1044 3437 1099 intercurrit:
3469 1041 3565 1097 sed

1996 1130 2191 1186 bellum
2217 1139 2319 1193 est,
2350 1132 2490 1200 quod
2515 1132 2800 1201 aliquando
2839 1134 2989 1201 pueri
3042 1131 3379 1186 vindicantur
3408 1147 3438 1186 a
3467 1146 3559 1185 ca-

1997 1221 2189 1286 nibus;
2219 1235 2339 1276 nam
2372 1222 2686 1291 plerumque
2727 1230 2833 1275 tam
2887 1219 3241 1290 superstitiosi
3273 1228 3397 1274 sunt
3449 1219 3565 1288 qui-

1995 1313 2140 1379 dam,
2170 1322 2224 1367 ut
2253 1313 2413 1368 etiam
2450 1328 2635 1369 canem
2657 1314 2746 1382 qui
2777 1312 2984 1367 medius
3012 1311 3359 1367 intervenerit
3402 1307 3567 1365 ferire

1997 1405 2227 1461 audeant
2259 1421 2363 1459 non
2398 1406 2635 1473 impune,
2689 1420 2920 1474 namque
2952 1421 2982 1457 a
3015 1418 3150 1458 vano
3172 1401 3408 1457 remedio
3459 1400 3566 1453 cito

1999 1495 2093 1550 ille
2118 1496 2384 1549 interdum
2416 1510 2785 1563 percussorem
2810 1510 2963 1549 suum
2986 1492 3051 1547 ad
3086 1508 3270 1547 verum
3299 1491 3566 1545 medicum

1998 1588 2180 1643 mittit.
2224 1588 2348 1642 llzec
2376 1596 2500 1641 sunt
2527 1588 2688 1641 etiam
2717 1587 2836 1651 illa;
2868 1587 3026 1640 limen
3057 1586 3263 1639 calcare
3291 1597 3410 1636 cum
3442 1589 3567 1635 ante

1999 1678 2214 1732 domum
2245 1692 2392 1732 suam
2419 1680 2637 1743 transit;
2672 1676 2845 1730 redire
2872 1675 2937 1728 ad
2970 1676 3185 1738 lectum,
3217 1673 3261 1727 si
3290 1672 3409 1742 quis
3437 1671 3564 1725 dum

317 1756 533 1802 sanctas
552 1748 856 1816 Scripturas
880 1762 1067 1814 rapere
1096 1750 1443 1817 potuerimus,
1468 1764 1568 1804 nec
1592 1750 1658 1803 ad
1682 1750 1891 1805 illorum

2010 1780 2055 1820 se
2085 1765 2302 1830 calciat,
2341 1765 2753 1829 sternutaverit;
2786 1764 2964 1818 redire
3010 1764 3248 1829 donmm,
3297 1762 3340 1814 si
3375 1775 3567 1829 proce-

318 1838 614 1894 theatricas
645 1852 810 1909 nugas
829 1837 1096 1903 converti,
1125 1838 1170 1890 si
1193 1838 1390 1904 aliquid
1419 1838 1485 1891 de
1509 1838 1729 1892 citharis
1750 1849 1803 1892 et
1827 1838 1896 1893 de

319 1929 557 1997 organis,
594 1928 732 1995 qttod
758 1927 822 1980 ad
846 1926 1105 1994 Spiritalia
1135 1926 1392 1996 capienda
1428 1928 1622 1989 valeat,
1652 1927 1896 1995 dispute-

321 2034 463 2072 mus.
496 2016 677 2085 Neque
707 2016 851 2069 cnim
882 2024 937 2070 et
965 2017 1169 2070 litteras
1206 2016 1415 2071 discere
1444 2031 1549 2069 non
1590 2014 1893 2078 debuimus,

323 2111 447 2179 quia
474 2124 651 2163 earum
685 2109 849 2162 Deum
893 2108 1075 2162 dicunt
1110 2122 1229 2162 esse
1269 2108 1613 2173 Mercurium,
1649 2117 1741 2162 aut
1771 2108 1894 2176 quia

326 2200 552 2255 Iustitiae
583 2200 881 2267 Virtutique
910 2199 1104 2267 templa
1135 2199 1471 2262 dcdicarunt,
1512 2207 1567 2253 et
1595 2212 1715 2267 qua:
1736 2198 1897 2253 corde

324 2289 575 2360 gestanda
604 2299 729 2343 sunt
758 2290 809 2341 in
840 2288 1103 2358 lapidibus
1123 2288 1350 2342 adorare
1377 2288 1706 2352 maluerunt,
1738 2301 1899 2357 prop-

325 2391 470 2435 terea
501 2380 653 2433 nobis
678 2379 886 2448 justitia
914 2379 1187 2448 virtusque
1225 2378 1470 2448 fugienda
1500 2386 1603 2433 est.
1636 2379 1746 2432 lmo
1771 2392 1898 2432 vero

326 2472 565 2541 quisquis
588 2472 757 2525 bonus
786 2484 1048 2539 vernaque
1076 2468 1402 2523 christianos
1426 2477 1541 2534 est,
1577 2467 1785 2522 Domini
1814 2468 1897 2522 sui

325 2575 447 2614 esse
473 2558 727 2626 intelligat
759 2557 1058 2628 ubicunque
1090 2557 1353 2612 invenerit
1389 2556 1693 2625 veritatem,
1739 2570 1896 2625 quam

331 2651 614 2703 con'erens
640 2655 694 2702 et
713 2661 1027 2715 agnoscens,
1051 2647 1211 2701 etiam
1234 2648 1286 2700 in
1308 2645 1500 2701 litteris
1520 2645 1686 2700 sacris
1712 2659 1899 2714 super-

329 2739 535 2791 stitiosa
561 2736 808 2806 ftgmenta
839 2737 1104 2805 repudiet,
1149 2736 1432 2806 doleatque
1477 2735 1722 2790 homines
1742 2744 1900 2803 atque

330 2834 519 2881 caveat
542 2828 632 2896 qui
658 2836 1042 2895 cognoscentes
1080 2828 1270 2895 Deum,
1314 2842 1420 2880 non
1454 2836 1511 2882 ut
1541 2826 1705 2882 Deum
1745 2824 1902 2895 glori-

332 2918 644 2984 ﬁcaverunt,
674 2926 720 2970 et
750 2925 956 2971 ca'lera.

856 3024 1081 3080 CAPUT
1117 3025 1388 3081 CCLXVI.

2001 1856 2135 1910 dens
2164 1853 2487 1917 oll‘cnderit;
2520 1869 2639 1908 cum
2670 1854 2834 1908 vestis
2863 1869 2891 1906 a
2922 1853 3182 1908 soricibus
3200 1850 3422 1914 roditur,
3448 1850 3565 1918 plus

2002 1954 2232 1998 tremere
2261 1943 2569 2011 suspicione
2599 1942 2760 1997 futuri
2793 1943 2938 2004 mali,
2966 1957 3122 2011 quam
3155 1956 3389 2008 pra-scus
3415 1941 3566 1993 dam-

1999 2047 2127 2087 num
2159 2031 2359 2085 dolere.
2382 2030 2532 2086 Unde
2555 2030 2684 2085 illud
2706 2029 2977 2099 eleganter
2996 2031 3194 2083 dictum
3216 2038 3295 2083 est
3317 2028 3563 2082 Catonis:

1998 2124 2240 2192 Quicum
2268 2133 2412 2178 esset
2427 2124 2702 2178 consultus
2732 2135 2763 2175 a
2791 2122 3021 2191 quodam
3052 2121 3140 2190 qui
3171 2118 3319 2192 [sibi]
3366 2135 3395 2173 a
3426 2118 3565 2172 sori-

1998 2219 2151 2273 cibus
2178 2230 2365 2272 erosas
2392 2214 2590 2284 caligas
2636 2212 2860 2278 diceret,
2886 2212 3180 2283 respondit,
3209 2212 3322 2266 Non
3348 2226 3468 2265 esse
3496 2210 3566 2262 il-

2001 2309 2088 2363 lud
2112 2318 2430 2374 monstrum,
2456 2307 2551 2362 sed
2568 2322 2694 2361 vere
2715 2315 3011 2361 monstrum
3041 2306 3342 2360 habendum
3376 2305 3560 2365 fuisse,

1999 2401 2042 2454 si
2073 2399 2276 2454 sorices
2305 2412 2336 2451 a
2363 2397 2545 2466 caligis
2566 2397 2905 2451 roderentur.
2951 2396 3132 2465 Neque
3156 2396 3228 2449 iiii
3258 2396 3325 2450 ab
3354 2397 3454 2449 hoc
3477 2411 3568 2464 ge-

2000 2506 2130 2547 nere
2159 2490 2474 2561 pernieiosue
2505 2488 2903 2560 superstitionis
2938 2486 3255 2557 segregandi
3304 2495 3450 2553 sunt,
3479 2484 3569 2552 qui

2000 2580 2339 2651 genethliaci,
2388 2588 2606 2648 propter
2638 2578 2893 2633 natalium
2927 2577 3133 2632 dierum
3190 2574 3571 2630 consideratiu-

2003 2686 2123 2723 nem
2153 2713 2168 2737 ,
2232 2684 2372 2724 nunc
2421 2677 2595 2724 autem
2648 2669 2807 2737 vulgo
2857 2666 3219 2721 mathematici
3272 2673 3571 2719 vocantur:

2004 2776 2169 2830 quare
2199 2761 2313 2815 istm
2340 2775 2552 2829 quoque
2597 2759 2899 2828 opiniones,
2930 2757 3244 2825 quibusdam
3295 2770 3469 2809 rerum
3502 2753 3576 2807 si-

2003 2851 2143 2921 gnis,
2166 2850 2394 2905 humana
2413 2849 2827 2919 prtesumptione
2852 2847 3130 2912 institutis,
3155 2844 3220 2899 ad
3245 2844 3427 2898 eadem
3458 2842 3570 2905 illa,

2006 2940 2156 3011 quasi
2177 2940 2418 3009 quasdam
2440 2954 2559 2993 cum
2582 2937 2915 2993 daemonibus
2939 2950 3087 3005 pacta
3114 2944 3166 2990 et
3189 2940 3466 2998 conventa,
3494 2947 3576 2986 re-

2009 3028 2242 3083 ferendae
2271 3036 2411 3083 sunt.
2445 3028 2580 3082 Hinc
2609 3028 2748 3081 enim
2782 3028 2839 3103 lit
2863 3026 3167 3091 ut,occnlto
3187 3024 3416 3093 quodam
3438 3022 3578 3086 judi-

336 3116 412 3172 De
457 3118 613 3188 signis
660 3116 1043 3184 superstitiosis,
1075 3116 1254 3183 quibus
1296 3115 1575 3188 perniciose
1613 3114 1905 3169 damonum
1931 3113 1975 3176 (Ξ
2007 3119 2092 3175 cio
2117 3118 2319 3185 divino,
2348 3118 2524 3188 cupidi
2548 3118 2802 3171 malarum
2826 3132 3002 3171 rerum
3030 3115 3271 3169 homines
3299 3111 3577 3166 tradantur

595 3188 808 3241 serietas
834 3195 1160 3253 comparatur
1179 3204 1196 3252 ,-
1218 3200 1280 3238 es:
1304 3187 1478 3238 eodem
1506 3184 1654 3237 libro.

414 3301 527 3354 Duo
542 3311 658 3354 sunt
675 3314 867 3369 genera
881 3299 1237 3352 doctrinarum
1250 3312 1367 3366 quae
1380 3299 1431 3350 in
1448 3296 1731 3367 gentilibus
1745 3294 1907 3350 etiam

335 3394 897 3449 moribuseserccntur
913 3409 923 3442 :
942 3406 1101 3444 unum
1113 3432 1125 3456 ,
1140 3405 1323 3444 earum
1338 3404 1513 3443 rerum
1526 3403 1656 3458 quas
1676 3390 1911 3443 institue-

334 3492 458 3537 runt
487 3482 760 3545 homines;
783 3481 1028 3545 alterum,
1052 3494 1234 3534 earum
1264 3494 1394 3549 quas
1419 3480 1912 3534 animadverterunt

338 3573 441 3640 iam
477 3582 742 3640 peractas,
773 3580 863 3625 aut
895 3572 1149 3626 divinitus
1177 3571 1465 3626 institutas.
1498 3571 1626 3625 Illud
1655 3570 1795 3640 quod
1827 3579 1911 3625 est

336 3664 631 3718 secundum
684 3664 1048 3717 institutiones
1078 3661 1376 3725 hominum,
1417 3662 1610 3729 partim
1654 3662 1912 3730 supersti-

340 3752 535 3806 tiosum
565 3760 664 3819 est,
701 3752 893 3821 partim
927 3768 1033 3806 non
1058 3762 1139 3805 est
1164 3751 1615 3819 superstitiosum.
1642 3751 1913 3819 Supersti-

341 3843 534 3897 tiosum
564 3850 666 3905 est,
709 3841 964 3910 quidquid
1009 3841 1306 3894 institutum
1356 3852 1436 3894 est
1464 3840 1530 3894 ab
1582 3840 1911 3904 hominibus,

341 3932 405 3985 ad
438 3932 675 3984 facienda
708 3940 764 3985 et
788 3930 1007 3985 colendi
1040 3930 1178 3983 idola
1211 3930 1503 3997 pertint-ns,
1528 3928 1614 3981 vel
1644 3928 1709 3982 ad
1732 3929 1913 3982 colen-

343 4022 470 4074 dum
501 4023 639 4075 sicut
669 4020 835 4074 Deum
862 4029 1178 4084 creaturam,
1204 4030 1476 4088 partemve
1508 4019 1667 4072 ullam
1703 4026 1913 4072 creatu-

344 4127 438 4173 m,
468 4111 551 4164 vcl
598 4110 665 4163 ad
705 4109 1125 4165 consultationes
1166 4116 1220 4163 et
1250 4119 1397 4176 pacta
1431 4107 1671 4177 quaedam
1712 4108 1913 4177 signifi-

344 4203 612 4255 cationum
636 4216 755 4255 cum
802 4198 1135 4253 daemonibus
1178 4197 1371 4267 placita
1415 4206 1574 4265 atque
1629 4195 1909 4265 hederate,

345 4293 519 4361 qualia
534 4300 659 4345 sunt
677 4290 945 4345 molimina
968 4289 1291 4358 magicarum
1313 4289 1527 4353 artium,
1556 4304 1675 4358 qum
1695 4289 1910 4357 quidem

346 4383 454 4453 [ιε
500 4394 921 4437 commemorare
967 4380 1172 4448 potius,
1221 4394 1379 4448 quam
1435 4378 1631 4433 docere
1676 4378 1914 4431 assolent

2011 3208 2263 3263 illudendi
2278 3218 2332 3263 et
2347 3208 2641 3278 decipiendi
2660 3224 2755 3277 pro
2772 3207 2976 3262 meritis
2990 3206 3318 3262 voluntatum
3336 3217 3575 3270 suarum,

2010 3299 2356 3353 illudentibus
2377 3314 2474 3354 eos
2496 3310 2654 3369 atque
2674 3298 3059 3367 decipientibus
3078 3296 3579 3366 praevaricatoribus

2011 3390 2236 3458 angelis,
2268 3390 2461 3459 quibus
2489 3390 2589 3444 ista
2644 3389 2826 3445 mundi
2864 3404 2985 3459 pars
3027 3389 3231 3453 intima,
3279 3387 3577 3443 secundum

2014 3479 2427 3549 pulcherrimum
2473 3480 2715 3535 ordinem
2746 3496 2948 3546 rerum,
2992 3480 3191 3534 divinae
3237 3478 3584 3548 providentia

2015 3572 2152 3639 lege,
2179 3571 2417 3641 subjecta
2447 3582 2531 3626 est
2558 3589 2569 3624 :
2601 3572 2791 3640 quibus
2820 3571 3157 3625 illusionibus
3185 3578 3239 3626 et
3259 3570 3587 3640 deceptioni-

2013 3658 2113 3714 bus
2137 3661 2336 3727 evenit,
2363 3668 2419 3712 ut
2446 3660 2560 3715 istis
2606 3661 2990 3729 superstitiosis
3015 3670 3071 3714 et
3092 3658 3405 3729 perniciosis
3449 3660 3584 3714 divi—

2014 3750 2286 3803 nationum
2355 3750 2685 3817 generibus,
2760 3749 2926 3803 multa
2974 3751 3239 3818 prmterita
3304 3759 3359 3805 et
3412 3751 3587 3805 futura

2013 3837 2282 3901 dicantur,
2309 3852 2409 3891 nec
2431 3838 2583 3893 aliter
2620 3838 2863 3893 accidant
2912 3854 3069 3906 quam
3098 3838 3367 3905 dicuntur,
3397 3841 3589 3893 multa-

2014 3946 2120 4001 que
2192 3931 2601 3986 observantibus
2660 3932 2952 3985 secundutn
3007 3930 3408 3987 observationes
3460 3946 3588 3986 suas

2016 4020 2290 4086 eveniant,
2315 4019 2508 4087 quibus
2554 4019 2810 4088 implicati
2857 4021 3180 4075 curiosiores
3211 4020 3358 4086 ﬁant,
3383 4032 3437 4075 et
3464 4038 3587 4077 sese

2016 4107 2185 4179 magis
2215 4107 2492 4176 magisque
2530 4106 2777 4162 inserant
2833 4107 3213 4176 multiplicibus
3240 4109 3442 4177 laqueis
3472 4124 3593 4178 per-

2018 4197 2364 4253 niciosissimi
2392 4194 2609 4252 erroris.
2641 4197 2753 4251 Hoc
2787 4210 2954 4267 genus
2978 4197 3347 4252 fornicationis
3397 4198 3591 4251 animze

2016 4287 2305 4341 salubriter
2333 4286 2512 4341 divina
2543 4288 2816 4356 Scriptura
2862 4303 2967 4343 non
3009 4288 3190 4352 tacuit,
3224 4302 3398 4355 neque
3432 4288 3500 4343 ab
3526 4304 3591 4342 ea

2017 4378 2097 4432 sic
2150 4378 2415 4433 deterruit
2469 4379 2724 4446 animam,
2784 4389 2843 4434 ut
2895 4390 3174 4449 propterea
3209 4381 3334 4434 talia
3374 4390 3596 4451 negaret

347 4484 516 4541 poeta:
550 4490 563 4523 :
596 4488 662 4526 ex
710 4487 815 4539 qtto
865 4485 1061 4540 genere
1097 4480 1243 4533 sunt,
1290 4469 1381 4522 sed
1437 4468 1587 4536 quasi
1643 4468 1917 4521 licentiore
1950 4462 1996 4521 Ι)
2022 4484 2139 4523 esse
2183 4468 2460 4535 sectanda,
2489 4470 2611 4538 quia
2646 4469 2779 4523 falsa
2830 4470 3079 4525 dicuntur
3125 4485 3155 4524 a
3203 4470 3595 4539 profesmribus

348 4562 595 4626 vanitate,
642 4561 941 4628 aruspicum
969 4568 1024 4614 et
1044 4575 1302 4630 augurum
1334 4558 1448 4612 libri
1485 4576 1497 4610 :
1524 4557 1588 4611 ad
1619 4557 1720 4611 hoc
1747 4571 1917 4625 genus

348 4655 620 4723 pertinent
646 4667 836 4707 omnes
861 4651 1018 4705 etiam
1061 4650 1298 4717 ligatum:
1328 4658 1488 4717 atque
1510 4647 1769 4711 remedia,
1797 4662 1917 4715 qua:

345 4745 675 4799 medicorum
718 4757 928 4810 quoque
967 4739 1244 4808 disciplina
1291 4738 1650 4801 condemnat,
1702 4738 1816 4791 sive
1863 4736 1919 4789 in

347 4831 901 4902 prmcantalionibus,
957 4829 1072 4883 sive
1125 4829 1177 4882 in
1230 4826 1543 4897 quibusdam
1576 4826 1735 4888 notis,
1788 4838 1919 4893 quas

345 4927 689 4979 characteres
718 4930 928 4985 vocant,
960 4921 1074 4973 sive
1116 4920 1168 4973 in
1198 4919 1493 4988 quibusque
1518 4917 1676 4972 rebus
1698 4931 1924 4983 suspen-

349 5015 538 5069 dendis
567 5023 727 5081 atque
756 5009 1046 5080 illigandis,
1073 5010 1160 5064 vel
1190 5009 1351 5063 etiam
1382 5010 1642 5062 saltandis
1668 5007 1925 5077 quodam-

353 5106 535 5166 modo.
593 5118 698 5157 non
752 5103 819 5155 ad
874 5101 1315 5169 temperationem
1372 5097 1802 5166 corpurum,sed
1856 5095 1923 5149 ad

357 5193 618 5263 quasdam
647 5192 1081 5261 significationes,
1111 5200 1203 5244 aut
1224 5190 1478 5258 occultas,
1502 5199 1591 5242 aut
1619 5188 1777 5241 etiam
1806 5201 1922 5240 ma-

354 5284 616 5349 nifestas,
664 5299 782 5351 qua:
838 5285 1049 5337 mitiore
1094 5280 1309 5337 nomine
1362 5280 1578 5351 physica
1612 5290 1835 5333 vocant:
1869 5286 1927 5332 ut

354 5377 501 5442 quasi
534 5390 641 5427 non
665 5373 1047 5441 superstitione
1096 5372 1397 5441 implicare,
1422 5372 1515 5425 sed
1567 5380 1753 5424 natura
1802 5383 1926 5439 pro-

355 5467 511 5518 desse
539 5463 842 5528 videantatr,
872 5464 1010 5517 sicut
1032 5471 1160 5517 sunt
1202 5465 1416 5516 inaures
1467 5462 1518 5515 in
1576 5476 1789 5515 summo
1828 5474 1926 5514 au-

356 5558 492 5609 rium
518 5556 871 5624 singularum:
889 5555 1408 5611 autdestructionum
1439 5554 1526 5626 [de
1549 5553 1929 5622 struthionum]

360 5646 571 5700 ossibus
612 5647 815 5703 ansulae
843 5648 898 5701 in
927 5645 1108 5715 digitis
1142 5654 1277 5702 :aut
1308 5659 1429 5699 cum
1464 5643 1557 5699 tibi
1582 5642 1773 5699 dicitur
1821 5642 1932 5697 sin-

2020 4574 2229 4621 eorum,
2258 4559 2353 4613 sed
2382 4564 2541 4612 etiam
2574 4577 2587 4611 ε
2621 4562 2675 4615 Si
2706 4559 2938 4615 dixerint
2976 4562 3147 4627 vobis,
3178 4560 3367 4628 inquit,
3414 4567 3470 4614 et
3522 4560 3596 4614 ita

2019 4650 2281 4715 evenerit,
2331 4665 2398 4705 ne
2471 4650 2699 4704 credatis
2730 4650 2807 4705 eis
2840 4669 2851 4705 :
2884 4666 2989 4707 non
3036 4651 3179 4707 enim
3248 4650 3371 4720 quia
3420 4653 3595 4721 imago

2024 4741 2291 4797 Samuelis
2320 4743 2515 4796 mortui
2557 4743 2685 4797 Saul
2716 4744 2823 4811 regi
2853 4759 2979 4798 vera
3037 4745 3421 4812 pronuntiavit,
3470 4760 3596 4813 pro-

2022 4840 2208 4901 pterea
2234 4831 2359 4884 talia
2394 4833 2696 4903 sacrilegia,
2728 4835 2921 4902 quibus
2974 4834 3149 4905 imago
3206 4835 3297 4888 illa
3358 4850 3596 4906 prasen-

2031 4929 2135 4971 tata
2162 4928 2264 4984 est,
2293 4920 2467 4975 minus
2496 4922 2827 4976 exsecranda
2852 4931 3002 4988 sunt;
3023 4932 3115 4978 aut
3137 4925 3264 4994 quia
3290 4927 3344 4978 in
3377 4927 3598 4980 Actibus

2030 5008 2395 5074 apostolorum
2427 5011 2757 5079 ventriloqua
2788 5010 2983 5066 femina
3015 5028 3201 5068 verum
3235 5015 3598 5068 testimonium

2032 5100 2297 5167 perhibuit
2342 5102 2601 5169 apostolis
2640 5103 2871 5170 Domini,
2923 5103 3042 5160 ideo
3077 5105 3272 5160 Paulus
3324 5104 3602 5173 apostolus

2033 5189 2272 5258 pepercit
2295 5189 2372 5243 illi
2406 5192 2636 5260 spiritui,
2677 5208 2741 5247 ac
2792 5210 2897 5248 non
2956 5196 3130 5263 potius
3160 5190 3425 5248 feminam
3458 5193 3601 5246 illius

2033 5277 2285 5333 daemonii
2334 5282 2677 5349 correptione
2722 5291 2881 5352 atque
2941 5282 3243 5339 exclusiottd
3310 5281 3600 5336 inundavit.

2033 5367 2232 5423 Omnes
2280 5368 2442 5438 igitur
2477 5380 2620 5426 artes
2654 5371 2976 5442 huiusmodi,
3029 5371 3115 5427 vel
3168 5372 3485 5440 nugatorias,
3516 5372 3606 5426 vel

2035 5461 2209 5515 noxiae
2256 5461 2684 5531 superstitionis,
2734 5478 2800 5517 ex
2854 5461 3081 5531 quadam
3125 5460 3375 5529 pestifera
3444 5463 3610 5516 socie.

2044 5557 2155 5604 tate
2181 5549 2457 5606 hominum
2487 5561 2541 5608 et
2568 5552 2895 5617 daemonum,
2927 5553 3079 5617 quasi
3104 5558 3252 5619 pacta
3305 5549 3534 5604 infidelis
3559 5557 3611 5602 et

2040 5641 2245 5700 dolosa
2275 5645 2524 5701 amicitiae
2552 5643 2864 5711 constituta,
2894 5641 3107 5712 penitus
3132 5650 3254 5699 sunt
3282 5637 3617 5711 repudianda
