3986 6190
257 325 373 382 9.ἒό

1422 327 1834 384 ΤΙΙΕΞᾹΕΠΗΞ
1897 331 2057 390 CAP.
2097 331 2412 390 CCLXVIII.

3442 349 3546 409 9ξὸ

254 439 395 496 facit
425 451 478 495 ut
509 442 576 494 ita
608 441 702 504 sit,
735 440 826 494 sed
867 451 1068 496 tantum
1115 440 1187 494 ita
1234 455 1354 495 esse
1384 442 1735 498 demonstrat.
1772 445 1848 497 Ex
1886 453 1929 510 Α
1957 464 2068 502 ram
2093 453 2439 518 sententiam,
2465 453 2601 506 male
2626 467 2683 507 se
2706 464 3071 522 contemnunt,
3099 459 3220 527 quia
3253 461 3391 532 leges
3417 481 3546 520 con-

257 528 370 584 hac
400 531 577 599 regula
609 529 736 583 illud
761 539 840 583 est
867 531 1006 598 quod
1037 530 1105 584 de
1133 531 1386 598 Apostolo
1414 535 1854 588 commemoravi-

256 635 390 676 mus
433 635 444 677 :
493 621 744 692 prtecedit
818 622 960 676 enim
1012 639 1023 672 :
1069 622 1184 675 Non
1232 637 1354 676 esse
1402 626 1850 680 resurrectionem

255 723 596 769 mortuorum
618 755 634 779 ,
665 715 806 782 quod
837 715 1086 769 dicebant
1116 715 1189 768 illi
1231 731 1456 783 quorum
1488 733 1726 770 errorem
1759 720 1852 773 de-

252 813 472 856 struere
520 803 656 856 volet
679 811 735 856 at
779 804 1088 871 Apostolus.
1131 801 1298 857 Porro
1344 805 1487 857 illam
1533 809 1849 860 sententiam

250 893 676 960 mcedentem,
711 910 810 962 qua
837 895 1106 958 dicebant,
1129 910 1230 947 non
1255 910 1374 949 esse
1399 897 1847 953 resurrectionem

247 992 587 1046 moi-tuorum
606 1023 620 1047 ,
652 985 959 1040 necessario
989 987 1247 1052 sequitur,
1281 985 1460 1053 Neque
1491 986 1729 1040 Christus
1759 1005 1846 1041 re-

245 1085 442 1126 Surrex
470 1084 487 1124 ι
520 1092 530 1125 ;
563 1076 661 1128 huc
688 1083 864 1127 autem
896 1074 1034 1142 qttod
1067 1075 1305 1141 sequitur
1333 1075 1520 1128 falsum
1552 1090 1653 1140 εει,
1684 1077 1846 1130 Chri-

244 1175 371 1225 stus
397 1165 534 1218 enim
569 1165 895 1228 resurrexit;
932 1164 1119 1216 falsum
1152 1176 1228 1218 est
1261 1180 1386 1233 ergo
1412 1163 1508 1234 [et]
1539 1167 1676 1233 quod
1711 1183 1846 1234 pra:-

245 1254 430 1316 cedtt;
463 1253 716 1323 pra‘cedit
748 1255 889 1307 enim
923 1252 1178 1324 [autem],
1205 1255 1316 1306 Non
1349 1271 1466 1314 esse
1498 1259 1844 1311 resurrectio-

244 1356 379 1405 nem
421 1353 774 1398 mortuorum.
807 1346 896 1398 Est
937 1345 1096 1416 igitur
1139 1346 1459 1399 resurrectio
1490 1358 1842 1408 mortuorum,

239 1431 400 1500 Quod
435 1443 599 1496 tutum
634 1435 864 1490 breviter
897 1435 970 1487 ita
1001 1435 1218 1499 dicitur,
1251 1435 1307 1489 Si
1352 1451 1454 1488 non
1484 1444 1565 1489 est
1601 1451 1842 1490 resurre-

242 1523 365 1577 czio
391 1534 740 1588 mortuorum,
767 1540 939 1592 neque
967 1524 1207 1579 Christus
1239 1527 1530 1579 resurrexit
1559 1542 1571 1578 :
1596 1524 1842 1581 Christus

242 1625 430 1669 autem
463 1619 787 1680 reSurrexit,
815 1629 896 1670 est
929 1618 1088 1686 igitur
1120 1619 1442 1672 resurrectio
1484 1630 1836 1672 mortuorum.

242 1704 363 1758 Iloc
391 1721 515 1774 ergo
547 1718 624 1772 ιιι,
657 1708 1002 1774 consequenti
1029 1708 1225 1772 ablato,
1253 1707 1525 1762 auferatur
1553 1710 1711 1763 etiam
1745 1725 1840 1764 ne-

1959 539 2220 596 clusionis
2246 543 2494 611 ignorant
2524 559 2538 596 :
2571 560 2689 597 cum
2722 545 2912 599 melior
2935 548 3004 601 sit
3027 552 3113 618 qui
3145 555 3292 605 novit
3318 568 3436 608 esse
3462 572 3546 609 re—

1957 628 2345 682 surrectionem
2377 639 2731 696 mortuorum,
2759 648 2914 701 quam
2946 636 3032 688 ille
3064 637 3150 704 qui
3181 642 3324 694 novit
3353 656 3544 696 conse-

1955 730 2124 783 quens
2153 733 2276 772 esse
2321 727 2400 782 ut,
2458 721 2501 772 si
2549 724 2870 776 resurrectio
2913 735 3242 780 mortuorum
3290 745 3395 783 non
3438 742 3539 797 est,

1954 822 2130 872 neque
2177 810 2418 862 Christus
2469 815 2842 868 resurrexerit.
2876 815 3002 868 Item
3032 819 3249 872 scientia
3286 820 3541 876 definien-

1953 897 2029 957 di,
2060 899 2328 953 dividendi
2358 913 2516 969 atque
2550 906 2830 970 partiendi,
2856 921 3155 978 quanquam
3193 913 3350 965 etiam
3382 915 3537 966 rebus

1954 989 2102 1042 falsis
2148 990 2456 1059 plerumque
2499 994 2835 1058 adhibeatur,
2867 997 2978 1063 ipsa
3031 1009 3202 1053 tamen
3257 1003 3385 1053 falsa
3429 1019 3536 1054 non

1951 1091 2065 1146 est,
2097 1098 2270 1150 neque
2303 1084 2368 1135 al)
2398 1084 2701 1138 hominibus
2735 1088 2999 1153 instituta,
3029 1093 3121 1142 sed
3155 1092 3204 1143 itt
3239 1109 3413 1148 rerum
3448 1110 3534 1146 ra-

1953 1172 2096 1227 tione
2125 1185 2428 1242 comperta;
2466 1191 2568 1230 non
2619 1178 2760 1232 enim
2793 1182 2913 1247 quia
2945 1192 3000 1234 et
3030 1181 3218 1238 fabulis
3263 1187 3371 1238 suis
3417 1201 3534 1240 eam

1950 1273 2143 1332 poetae,
2174 1275 2225 1319 et
2253 1269 2598 1336 opinionibus
2627 1273 2826 1326 erroris
2856 1273 2935 1326 sui
2973 1274 3053 1326 vel
3087 1273 3200 1327 falsi
3232 1276 3534 1344 philosophi

1948 1357 2029 1410 vel
2066 1357 2224 1411 etiam
2261 1360 2515 1427 ltznretici,
2545 1361 2645 1414 hoc
2674 1371 2754 1415 est
2787 1362 2902 1416 falsi
2940 1361 3249 1431 Christiani,
3280 1365 3534 1422 adhibere

1949 1459 2362 1514 consueverunt,
2408 1461 2692 1520 propterea
2739 1452 2928 1505 falsum
2959 1465 3040 1508 est
3081 1471 3254 1524 neque
3296 1458 3349 1510 in
3397 1458 3532 1510 defl-

1945 1537 2183 1600 niendo,
2229 1553 2404 1606 neque
2450 1541 2500 1593 in
2549 1540 2833 1594 dividendo
2874 1553 2961 1597 aut
3010 1547 3288 1612 partiendo
3331 1548 3530 1616 aliquid

1947 1627 2410 1695 complectendum
2443 1645 2562 1684 esse
2593 1633 2729 1699 quod
2761 1633 2824 1685 ad
2861 1650 2970 1687 tem
3007 1635 3174 1703 ipsam
3221 1653 3321 1691 non
3365 1639 3529 1705 perti-

1948 1726 2058 1782 net,
2090 1726 2180 1771 aut
2219 1719 2418 1788 aliquid
2467 1721 2608 1789 quod
2663 1725 2907 1790 pertinet,
2941 1729 3384 1793 pra'tcrettntlum.
3421 1729 3529 1782 lloc

245 1799 489 1858 cessario
531 1798 668 1864 mind
722 1799 994 1867 pra'cedit,
1027 1813 1130 1856 non
1179 1799 1524 1854 instituerunt
1570 1800 1825 1865 homines,

1942 1821 2123 1861 verum
2170 1817 2282 1874 est,
2319 1811 2526 1862 etiamsi
2577 1827 2638 1865 ea
2687 1828 2803 1880 quae
2845 1813 3169 1868 definiuntur
3212 1827 3303 1870 aut
3347 1818 3528 1871 distri-

237 1888 344 1941 sed
374 1889 720 1944 03teuderunt
746 1908 758 1942 :
783 1899 838 1944 et
861 1892 972 1943 haec
1000 1891 1177 1960 regula
1211 1891 1438 1958 pertinet
1463 1891 1527 1943 ad
1553 1891 1833 1944 veritatem

237 1979 661 2042 connexionum,
697 1993 798 2032 non
846 1979 911 2032 ad
961 1981 1236 2032 veritatem
1287 1980 1694 2033 sententiarum.
1727 1980 1833 2036 Sed

237 2066 292 2122 In
329 2069 428 2121 hoc
455 2068 570 2121 loco
599 2068 666 2122 de
696 2069 1094 2123 resurrectione
1123 2084 1241 2122 cum
1274 2078 1540 2137 ageretur,
1571 2079 1623 2124 et
1651 2070 1832 2138 regula

237 2159 592 2212 connexionis
619 2174 743 2213 vera
786 2170 898 2223 est,
933 2173 981 2212 et
1016 2159 1125 2226 ipsa
1159 2159 1210 2211 in
1241 2159 1585 2212 conclusione
1615 2169 1833 2213 senten-

236 2251 338 2304 tia.
385 2248 443 2303 ln
489 2247 638 2303 falsis
682 2259 861 2303 autem
912 2249 1214 2312 sententiis,
1248 2249 1594 2302 connexionis
1634 2250 1832 2302 veritas

231 2349 342 2405 Cal,
393 2340 657 2395 istomodo
689 2358 703 2393 :
735 2340 1012 2394 Faciamus
1059 2342 1288 2408 aliquem
1335 2343 1666 2394 concessiSse
1711 2357 1726 2393 :
1771 2341 1828 2394 Si

231 2431 438 2484 animal
467 2441 549 2484 est
575 2431 814 2499 coch'ea,
835 2446 1019 2504 vocem
1051 2431 1207 2483 habet
1237 2448 1249 2481 :
1280 2431 1380 2484 hoc
1409 2443 1682 2488 couces-.~o.
1706 2444 1827 2482 cum

235 2521 522 2589 probatum
555 2521 713 2575 fuerit
743 2536 928 2574 vocem
960 2520 1234 2574 cochleam
1281 2534 1386 2572 non
1429 2518 1645 2582 habete,
1691 2535 1826 2586 quo-

229 2612 380 2665 niam
413 2612 760 2678 consequenti
792 2612 990 2674 ablat»,
1025 2611 1148 2663 illud
1182 2610 1326 2680 quod
1372 2609 1622 2678 pra-cedit
1652 2608 1828 2662 aufer-

234 2715 347 2768 tur,
381 2705 717 2758 conrluditur
763 2722 775 2757 :
822 2704 936 2757 Non
967 2718 1086 2756 esse
1131 2702 1326 2755 animal
1371 2702 1666 2754 cochleam.
1699 2701 1826 2766 Quae

230 2795 503 2848 sententia
535 2795 664 2846 falsa
697 2801 813 2858 est;
843 2795 933 2847 sed
967 2809 1034 2847 ex
1069 2807 1323 2846 t-ottcesso
1355 2792 1515 2854 farso,
1549 2807 1671 2845 vera
1700 2807 1828 2845 c0o.

227 2883 490 2940 cIusionis
519 2884 801 2938 connexio.
839 2884 1042 2937 Veritas
1088 2885 1264 2951 itaque
1305 2881 1585 2936 sententia;
1629 2895 1724 2949 per
1766 2896 1827 2936 se

226 2976 403 3044 ipsam
436 2975 572 3029 valet
602 2992 615 3028 :
650 2975 847 3027 veritas
882 2983 1056 3027 autem
1086 2972 1434 3026 conuexionis
1461 2987 1524 3025 ex
1555 2972 1668 3040 ejus-
1699 2985 1819 3025 cum

226 3079 338 3134 quo
377 3067 549 3132 agitur
590 3064 843 3130 Opinione
885 3063 967 3116 vel
1015 3062 1360 3116 concessione
1403 3062 1666 3115 consistit.
1697 3061 1820 3116 Ideo

224 3165 430 3223 autem,
463 3166 522 3210 ut
557 3172 718 3226 supra
761 3157 1015 3222 diximus,
1049 3155 1274 3208 infertur
1313 3170 1441 3209 veta
1486 3155 1816 3211 conuexione
1849 3160 1894 3224 C

228 3249 374 3318 quod
409 3249 594 3302 falsqu
627 3259 729 3314 est,
755 3258 812 3302 ut
839 3263 960 3302 eum
987 3248 1138 3314 cujus
1167 3262 1401 3301 errorem
1431 3247 1700 3315 corrigere
1723 3262 1818 3301 vo-

227 3340 426 3402 lumus,
444 3339 1035 3406 pceniteatconcessisse
1058 3338 1430 3408 przecedeutia,
1448 3353 1673 3408 quorum
1687 3354 1823 3393 con-

224 3434 556 3498 sequentiam
570 3430 712 3484 videt
726 3445 846 3484 esse
861 3429 1234 3500 respuendum.
1255 3428 1370 3483 .Iam
1389 3428 1824 3500 hiucintelligere

228 3523 388 3576 facile
419 3529 503 3575 est
533 3522 670 3575 sicut
697 3522 750 3576 in
783 3522 928 3575 falsis
958 3519 1236 3576 sententiis
1265 3533 1446 3584 veras,
1478 3521 1555 3572 sic
1593 3519 1644 3572 in
1678 3521 1819 3575 veris

227 3614 508 3669 sententiis
555 3615 714 3668 falsas
758 3613 1126 3668 conclusiones
1171 3627 1288 3666 esse
1329 3628 1503 3680 posse.
1535 3613 1638 3666 Fac
1677 3614 1818 3666 enim

225 3708 463 3775 aliquem
496 3708 839 3776 proposuisse
864 3723 878 3759 :
910 3706 964 3760 Si
986 3705 1162 3775 jusms
1190 3719 1272 3759 est
1298 3704 1407 3771 ille,
1434 3706 1606 3760 bonus
1628 3716 1738 3772 est;
1767 3714 1823 3761 et

221 3814 343 3853 esse
373 3797 919 3863 eoncessum;deinde
948 3795 1306 3861 assumpsisse
1336 3812 1349 3847 :
1381 3795 1495 3848 Non
1528 3804 1612 3849 εει
1637 3806 1814 3850 autem

222 3891 437 3959 jusms;
469 3905 576 3958 quo
605 3888 730 3942 item
759 3903 1040 3952 concesso,
1073 3885 1312 3939 intulisse
1354 3885 1752 3938 conclusionem
1798 3901 1814 3939 :

222 3981 336 4035 Nm
370 3991 452 4033 est
480 3977 640 4048 igitur
677 3979 868 4030 bonus.
894 3976 1023 4042 Quae
1055 3974 1266 4028 tametsi
1300 3987 1422 4026 vera
1464 3974 1571 4026 sint
1614 3973 1813 4040 omnia,

222 4086 328 4124 non
365 4079 450 4123 est
478 4078 656 4123 tamen
687 4083 809 4124 vera
857 4068 1038 4137 regula
1086 4063 1444 4119 conclusionis
1479 4082 1490 4115 :
1525 4079 1630 4117 non
1673 4065 1814 4118 enim

219 4161 366 4215 sicut
412 4161 591 4214 ablato
636 4159 978 4226 consequenti
1029 4155 1266 4209 aufertur
1315 4155 1615 4208 necessario
1674 4153 1814 4221 quod

220 4249 498 4316 prmcedit,
525 4247 598 4300 ita
621 4247 779 4301 etiam
805 4247 983 4301 ablato
1014 4243 1334 4312 prwcedcnti
1363 4242 1601 4296 aufertur
1626 4256 1812 4296 neces-

215 4339 367 4393 sario
397 4339 538 4408 quod
581 4337 857 4406 sequitur;
891 4335 1013 4403 quia
1049 4351 1230 4388 verum
1262 4344 1344 4388 est
1375 4350 1494 4388 eum
1528 4333 1753 4388 dicimus
1794 4349 1810 4388 :

216 4427 278 4483 Si.
311 4437 496 4481 orator
525 4437 626 4490 est,
658 4427 819 4479 homo
843 4435 926 4479 est
955 4442 968 4478 :
1000 4439 1071 4478 ex
1094 4439 1194 4493 qua
1231 4427 1595 4492 pr0p0s~itione
1639 4425 1681 4478 si
1727 4439 1811 4479 as-

212 4531 497 4571 sumamus
526 4533 538 4567 :
572 4515 684 4569 Non
715 4522 797 4566 est
825 4524 1001 4568 autem
1043 4523 1224 4566 orator

211 4622 416 4678 quens,
445 4621 563 4660 cum
595 4606 837 4658 intuleris
870 4619 884 4658 :
917 4605 1032 4657 Non
1063 4611 1142 4657 est
1175 4603 1334 4671 igitur
1364 4603 1540 4656 homo.
1567 4601 1810 4670 Quapro-

217 4710 345 4767 pter
371 4696 516 4750 aliud
544 4705 622 4751 est
652 4710 810 4750 nosse
840 4693 1046 4762 regulas
1077 4694 1487 4754 connexionum,
1517 4691 1658 4743 aliud
1688 4706 1810 4744 sen-

222 4790 516 4843 tentiarum
542 4789 818 4842 veritatem
853 4804 866 4839 :
898 4786 950 4839 in
981 4784 1085 4839 illis
1111 4785 1332 4840 discitur
1359 4783 1482 4852 quid
1520 4783 1588 4836 sit
1620 4797 1808 4835 conse-

213 4894 413 4948 quens,
437 4878 560 4948 quid
593 4894 696 4931 non
725 4890 1082 4944 consequens,
1103 4875 1227 4943 quid
1262 4888 1584 4942 repugnans.
1609 4871 1810 4926 Conse-

213 4985 394 5041 quens
420 4980 522 5037 est,
548 4971 600 5024 Si
633 4980 813 5022 orator
842 4977 942 5032 est,
969 4967 1128 5020 homo
1155 4974 1277 5020 est:
1314 4968 1725 5032 inconsequens,
1752 4963 1806 5016 Si

214 5061 386 5114 homo
411 5067 514 5122 est,
544 5067 726 5112 orator
752 5066 835 5112 est
867 5075 880 5111 :
912 5070 1213 5124 repugnans
1243 5071 1257 5107 :
1289 5055 1343 5110 Si
1375 5056 1532 5109 homo
1559 5065 1660 5114 est,
1685 5067 1813 5118 qua-

210 5149 418 5214 drupes
449 5157 550 5202 est.
577 5147 674 5200 IIic
705 5162 832 5216 ergo
872 5147 940 5200 de
968 5145 1081 5213 ipsa
1112 5145 1446 5198 connexione
1476 5142 1682 5196 dicatur
1712 5140 1813 5213 [ju—

209 5237 477 5309 dicatur].
506 5240 558 5292 In
583 5240 807 5293 veritate
834 5245 1012 5291 autem
1043 5235 1447 5297 sententiarum,
1471 5235 1598 5301 ipsa:
1632 5249 1724 5301 per
1753 5247 1812 5287 se

213 5330 529 5394 sententiae,
561 5344 664 5382 non
709 5344 893 5383 earum
933 5331 1198 5381 connexio
1237 5325 1623 5380 consideranda
1671 5331 1754 5377 cst
1794 5339 1808 5376 :

217 5419 320 5474 sed
353 5421 501 5472 veris
531 5420 795 5486 certisque
824 5418 1104 5472 sententiis
1130 5432 1252 5471 cum
1286 5417 1502 5470 incertae
1530 5430 1651 5468 vera
1683 5429 1809 5468 eon-

211 5510 454 5565 nexiene
490 5509 804 5577 junguntur,
837 5509 998 5561 etiam
1041 5507 1168 5574 ipsa:
1216 5515 1375 5558 cet-tte
1418 5504 1547 5557 fiant
1590 5517 1811 5557 necesse

209 5609 307 5654 est.
403 5599 622 5664 Quidam
671 5606 850 5651 autem
896 5597 972 5650 sic
1019 5611 1078 5650 se
1120 5596 1344 5664 jactant,
1376 5609 1497 5646 cum
1529 5595 1809 5648 veritatem

222 5692 624 5746 connexionum
673 5691 986 5755 didicerint,
1009 5691 1157 5758 quasi
1198 5691 1575 5742 sententiarum
1606 5688 1716 5756 ipsa
1744 5686 1815 5741 sit

222 5785 463 5850 veritas;
493 5793 549 5840 et
577 5798 762 5840 rursus
795 5782 1009 5853 quidam
1042 5782 1353 5852 plerumque
1398 5782 1692 5838 retinentes
1721 5796 1813 5836 ve-

1275 4531 1286 4565 :
1333 4529 1436 4566 non
1478 4515 1580 4567 erit
1623 4528 1810 4567 conse-
1841 4533 1890 4596 ι)

1942 1898 2176 1952 huuntur
2207 1915 2333 1954 vera
2367 1916 2472 1954 non
2503 1904 2627 1956 sint.
2664 1903 2792 1956 Nam
2825 1916 2876 1958 et
2905 1905 3075 1974 ipsum
3111 1907 3294 1961 falsum
3329 1909 3520 1961 defini-

1943 1996 2050 2054 tur,
2074 2005 2194 2042 cum
2223 1990 2450 2044 dicimus
2475 1991 2658 2044 falsam
2687 2009 2805 2048 esse
2827 1997 3262 2062 significationem
3293 1999 3391 2060 rei,
3418 2015 3522 2051 non

1935 2079 2006 2132 ita
2035 2093 2094 2132 se
2127 2079 2372 2134 habentis
2401 2091 2456 2134 ut
2479 2083 2827 2153 significatur,
2856 2085 2971 2139 sive
2999 2087 3102 2139 alio
3130 2089 3304 2155 aliquo
3330 2089 3520 2154 modo;

1935 2185 2054 2237 quae
2084 2171 2328 2226 definitio
2357 2189 2480 2227 vera
2523 2185 2623 2240 est,
2657 2176 2899 2244 quamvis
2944 2178 3130 2230 falsum
3172 2195 3354 2232 verum
3399 2195 3522 2234 esse

1934 2272 2040 2310 non
2083 2260 2269 2326 possit.
2320 2260 2612 2316 Possumus
2657 2265 2817 2317 etiam
2861 2265 3102 2320 dividere
3142 2267 3379 2322 dicentes
3417 2268 3522 2324 duo

1934 2363 2052 2404 esse
2075 2368 2269 2421 genera
2296 2353 2411 2407 falsi
2436 2372 2450 2409 :
2474 2371 2656 2419 unum,
2677 2373 2858 2410 eorum
2886 2376 3001 2426 qua:
3029 2361 3244 2414 omnino
3271 2378 3390 2416 esse
3416 2364 3522 2434 50

1932 2457 2035 2494 non
2071 2453 2323 2509 possunt;
2347 2445 2591 2508 alterum,
2616 2462 2798 2500 eorum
2823 2466 2939 2516 qua:
2969 2467 3072 2502 non
3103 2461 3243 2514 sunt,
3279 2457 3520 2520 quamvis

1931 2548 2049 2589 esse
2093 2537 2317 2603 possint.
2345 2538 2474 2590 Nam
2509 2539 2594 2607 qui
2626 2539 2751 2593 dicit
2781 2549 2982 2607 septem
3028 2555 3078 2595 et
3115 2545 3211 2595 tria
3261 2545 3504 2598 undecim

1931 2640 2070 2688 esse,
2104 2627 2152 2679 id
2187 2628 2313 2681 dicit
2337 2629 2478 2697 quod
2511 2632 2728 2684 omnino
2759 2647 2877 2686 esse
2911 2649 3010 2686 non
3055 2645 3246 2697 potest.
3276 2635 3372 2698 Qui
3417 2651 3514 2688 au-

1932 2725 2037 2768 tem
2087 2717 2236 2777 dicit,
2268 2718 2524 2774 colendis.
2556 2720 2702 2773 verbi
2750 2722 2940 2788 gratia,
2971 2723 3234 2776 Ianuariis
3285 2724 3504 2790 pluisse,

1931 2805 2140 2858 tametsi
2173 2805 2362 2858 factum
2396 2823 2499 2860 non
2530 2807 2626 2872 sit,
2657 2807 2705 2860 id
2739 2819 2911 2863 tamen
2945 2810 3069 2863 dicit
3107 2811 3244 2879 quod
3273 2812 3382 2866 fieri
3415 2827 3507 2880 po-

1930 2894 2109 2947 tuerit.
2147 2893 2389 2948 Definitio
2419 2911 2543 2963 ergo
2587 2905 2640 2950 et
2670 2897 2862 2950 divisio
2893 2897 3139 2952 f-Isttrum
3189 2915 3220 2968 p
3246 2911 3356 2953 test
3387 2917 3518 2956 esse

1931 2981 2226 3047 verissima,
2251 2985 2491 3052 quamvis
2518 2985 2646 3038 falsa
2677 2984 2785 3052 ipsa
2817 2987 2998 3054 utique
3026 3003 3146 3042 vera
3174 3004 3276 3042 non
3305 2991 3431 3044 sint.

2424 3119 2645 3176 CAPUT
2685 3119 2998 3174 CCLXVIII.

1937 3227 2005 3284 Ut
2032 3246 2121 3304 nec
2142 3230 2206 3284 de
2233 3231 2520 3304 eloquentia
2547 3249 2599 3284 se
2622 3233 2873 3302 quispiam
2898 3235 3055 3304 λιιι-ιρι
3082 3250 3194 3303 quae
3220 3252 3318 3288 non
3346 3246 3397 3290 ut
3426 3238 3510 3290 itt-

1999 3298 2286 3424 tel‘lligan’ttzs
2315 3298 2403 3354 sed
2423 3311 2480 3355 ut
2501 3298 2752 3356 intellecta
2778 3298 3102 3372 proferamus
3121 3305 3418 3371 (inhibetur;
3448 3321 3511 3360 ea

1998 3387 2056 3424 eo
2099 3387 2172 3423 rm
2224 3388 2236 3422 t
2274 3386 2352 3424 ro.

1994 3503 2131 3559 Sunt
2156 3504 2315 3558 etiam
2338 3503 2580 3573 quaedam
2609 3512 2871 3574 prtecepta
2901 3504 3162 3562 uberioris
3190 3505 3509 3572 disputatio-

1926 3596 2030 3663 nis,
2057 3611 2177 3666 qum
2200 3595 2304 3664 jam
2331 3596 2632 3666 eloquentia
2663 3597 2988 3659 nominatur,
3017 3611 3134 3665 qua:
3163 3595 3522 3650 nihilominus,

1924 3703 2049 3740 vera
2082 3696 2229 3754 sunt,
2253 3687 2501 3756 quamvis
2529 3688 2609 3741 eis
2639 3689 2848 3754 possint
2874 3689 3032 3742 e'iam
3060 3687 3192 3742 falsa
3223 3689 3508 3753 persuade-

1927 3777 1974 3829 ri
2022 3794 2035 3828 :
2079 3777 2172 3830 sed
2203 3777 2321 3842 quia
2351 3785 2404 3828 et
2432 3790 2554 3828 vera
2585 3788 2705 3831 εεεε
2737 3785 2959 3842 possunt
3011 3792 3114 3828 nou
3156 3783 3241 3829 est
3280 3776 3514 3830 facultas

1922 3864 2034 3932 ipsa
2063 3863 2370 3931 culpabilis,
2395 3862 2490 3917 sed
2534 3863 2672 3917 male
2714 3863 2971 3917 utentium
3005 3866 3342 3931 perversitas.
3370 3864 3500 3916 Nam

1923 3969 2094 4023 neque
2123 3955 2223 4008 hoc
2254 3955 2322 4008 ab
2351 3955 2656 4009 hominibus
2691 3956 2986 4009 institutttm
3019 3967 3118 4017 est,
3145 3965 3202 4008 ιιι
3229 3957 3514 4010 charitatis.

1920 4044 2197 4112 expressio
2225 4043 2477 4098 conciliet
2506 4045 2835 4110 auditorem,
2865 4054 2955 4098 aut
2977 4055 3037 4099 ιιι
3067 4046 3218 4100 facile
3244 4047 3386 4115 quod
3419 4048 3502 4099 ilb-

1919 4134 2090 4188 tendit
2122 4133 2358 4188 insinuet
2401 4133 2580 4188 brevis
2611 4143 2664 4188 et
2691 4145 2873 4203 aperta
2904 4137 3158 4200 narratio,
3189 4145 3244 4190 ct
3272 4135 3503 4190 varietas

1917 4222 2032 4290 ejus
2058 4222 2176 4276 sine
2210 4221 2424 4276 fastidio
2467 4231 2644 4276 teneat
2685 4225 2946 4286 intentos,
2975 4233 3024 4275 et
3065 4233 3274 4278 cauerat
3316 4223 3502 4290 hujus-

1916 4316 2057 4370 modi
2088 4315 2518 4379 observationes,
2552 4331 2670 4384 qua:
2701 4315 2811 4369 sive
2841 4317 2890 4370 in
2926 4314 3103 4377 falsis,
3132 4315 3246 4368 sive
3277 4315 3328 4367 in
3360 4313 3503 4367 veris

1914 4411 2084 4465 causis
2103 4426 2242 4464 verte
2258 4417 2605 4464 suntztamen
2627 4408 2944 4476 inquantum
2975 4408 3056 4462 vel
3083 4406 3205 4460 sciri
3240 4405 3321 4458 vel
3351 4404 3500 4458 credi

1914 4504 2112 4572 aliquid
2129 4504 2342 4565 faciunt,
2359 4509 2448 4554 aut
2462 4504 2524 4553 ad
2541 4517 2605 4555 ex
2619 4501 2900 4568 petendum
2917 4499 3240 4568 fttgiendumt
3253 4496 3501 4550 canimus

1919 4601 2151 4654 movent,
2178 4602 2225 4647 et
2263 4593 2491 4646 inventa:
2519 4591 2695 4660 potius
2724 4590 2865 4658 quod
2899 4590 2966 4641 ita
2999 4603 3056 4642 se
3087 4587 3313 4640 habeant
3340 4601 3498 4653 quam

1918 4697 1973 4739 ut
2000 4687 2067 4740 ita
2097 4700 2154 4739 se
2180 4684 2433 4737 haberent
2461 4670 2734 4736 instituta).
2761 4680 2865 4736 Sed
2901 4681 3012 4732 hmc
3041 4691 3160 4746 pars
3187 4693 3306 4729 etttn
3337 4675 3501 4730 disci-

1919 4786 2033 4836 tur,
2066 4775 2232 4844 magis
2277 4783 2332 4827 ut
2379 4773 2709 4841 proferamus
2753 4786 2814 4825 ea
2858 4785 2976 4838 quae
3023 4768 3289 4822 intellecta
3339 4773 3495 4830 sunt,

1919 4884 2075 4937 quam
2105 4877 2161 4919 ιιι
2187 4867 2540 4933 intelligamus
2563 4862 2856 4915 adhibenda
2880 4870 2978 4914 est.
3005 4859 3094 4912 Illa
3121 4873 3248 4912 vero
3276 4857 3497 4914 conclu-

1915 4961 2145 5021 sionum,
2169 4965 2221 5011 et
2243 4955 2634 5017 definitionum,
2657 4963 2708 5006 et
2730 4953 2851 5006 dist:
2869 4951 3183 5014 ibutionum,
3209 4948 3496 5016 plurimum

1918 5049 2304 5102 intellectorem
2337 5043 2573 5114 adjuvat,
2601 5054 2797 5095 tantum
2832 5041 2970 5095 absit
2995 5055 3164 5102 error,
3186 5052 3290 5106 quo
3314 5037 3497 5090 viden-

1917 5148 2002 5193 tur
2031 5139 2129 5193 sibi
2165 5138 2404 5190 homines
2451 5140 2616 5202 ipsam
2659 5134 2828 5187 beata:
2871 5136 2994 5184 vita:
3039 5130 3308 5185 veritatem
3356 5126 3494 5181 did.-

1916 5231 2084 5292 cisse,
2113 5243 2232 5283 cum
2267 5227 2364 5280 ista
2395 5225 2696 5279 didicerint.
2724 5225 3034 5290 Quanquam
3067 5221 3378 5289 plerumque
3403 5228 3493 5267 ac-

1915 5322 2053 5376 cidat
2073 5362 2089 5387 ,
2117 5329 2173 5373 ut
2205 5318 2413 5372 facilius
2441 5317 2684 5371 homines
2728 5330 2814 5370 res
2844 5328 2936 5368 eas
2964 5317 3333 5379 assequantur,
3371 5318 3493 5373 pro-

1916 5423 2033 5483 pter
2070 5426 2198 5480 quas
2247 5409 2607 5479 asseqttendas
2646 5409 2743 5462 ista
2785 5409 3078 5468 discuntur,
3107 5416 3260 5473 quam
3305 5399 3502 5457 talium,

1917 5510 2304 5572 prmceptorum
2339 5500 2722 5554 nodosissituas
2747 5507 2799 5551 et
2828 5493 3222 5563 spinosissimas
3249 5487 3500 5555 discipli-,

1915 5608 2029 5646 nas.
2055 5591 2326 5658 Tanquam
2357 5590 2400 5643 si
2429 5590 2690 5657 quispiam
2721 5586 2848 5640 dare
2877 5587 3058 5638 volens
3090 5588 3351 5648 praecepta
3378 5594 3498 5635 ante

1916 5683 2152 5745 bulandi,
2180 5689 2394 5736 moneat
2421 5695 2523 5733 non
2561 5693 2680 5732 esse
2709 5674 2985 5728 levandum
3019 5669 3364 5741 posteriorem
3397 5685 3490 5737 pc:

1917 5777 2062 5842 dem,
2092 5774 2193 5832 nisi
2222 5788 2341 5828 eum
2373 5769 2610 5842 posuerit
2638 5768 2866 5838 priorem
2899 5783 2910 5818 :
2941 5763 3134 5819 deinde
3165 5762 3496 5838 minutatim,
