3986 6190
469 365 572 423 955

1539 360 1601 413 D.
1644 351 1966 411 EUGYPPH
2006 347 2296 404 ABBATIS
2339 343 2655 401 AFRICANI

3634 344 3734 393 9:6

469 480 916 553 quemadmodum
974 478 1319 532 articulorum
1375 483 1429 529 et
1489 474 1743 543 poplitum
1803 468 2047 524 cardines
2080 466 2123 524 Α
2152 460 2304 528 quasi
2331 459 2570 525 quasdam
2605 464 2754 524 patta
2806 462 2963 553 atque
3008 463 3293 517 ceizveuta,
3336 454 3616 553 repudient
3652 471 3738 521 pe-

469 582 713 638 Oporteat
762 587 997 633 movere,
1028 569 1294 623 describat
1344 588 1356 620 :
1410 581 1532 616 vera
1580 565 1720 618 enim
1770 562 1919 627 dicit,
1954 575 2051 614 nec

472 667 630 721 aliter
661 664 913 717 ambulari
945 672 1141 731 potcSI,
1173 659 1265 712 sed
1311 658 1514 710 facilius
1555 656 1796 708 homines
1838 653 1951 706 inec
1978 654 2052 704 la-

472 760 666 811 cieudo
692 759 793 807 am‘
819 756 989 815 ulaut,
1019 767 1176 819 quam
1208 749 1641 802 animadvertunt
1669 761 1787 798 cum
1823 744 2050 804 iaciunt,

478 858 569 898 aut
614 844 913 913 intelligunt
962 857 1082 894 cum
1134 840 1387 901 audiunt;
1436 838 1524 905 qui
1557 846 1732 889 autem
1775 833 2051 887 ambulare

472 951 575 988 non
610 944 851 999 pOSSImI,
885 933 1051 986 multo
1083 932 1256 984 minus
1281 945 1339 982 ea
1373 937 1581 993 curant,
1611 943 1728 995 qua:
1761 941 1858 978 nec
1883 940 2048 993 expe-

471 1023 657 1077 riendo
689 1035 910 1093 possunt
941 1023 1238 1076 attendere.
1261 1022 1330 1073 Ita
1359 1021 1672 1089 plerumque
1702 1018 1862 1070 citius
1903 1017 2049 1083 inge—

472 1119 654 1171 niosus
703 1118 847 1171 videt
892 1133 997 1170 non
1044 1130 1165 1169 esse
1208 1124 1373 1168 ratam
1423 1111 1851 1171 conclusionem,
1892 1122 2050 1175 quam

473 1219 737 1277 praecepta
769 1208 886 1277 ejus
912 1207 1055 1274 capit
1086 1222 1099 1258 :
1134 1204 1314 1257 tardus
1356 1211 1531 1257 autem
1584 1217 1685 1253 non
1729 1214 1845 1253 eam
1886 1197 2051 1261 videt,

473 1298 568 1351 sed
600 1298 767 1350 multo
798 1299 973 1350 minus
1013 1293 1153 1363 quod
1193 1294 1260 1347 de
1300 1292 1389 1345 illa
1435 1290 1753 1360 prmeipitur,
1784 1287 2053 1356 magisque

475 1388 533 1442 in
566 1390 646 1442 his
675 1388 918 1443 erunibus
951 1389 1063 1456 ipsa
1106 1385 1407 1453 spectacula
1451 1384 1687 1437 veritatis
1730 1396 1870 1449 smpe
1910 1381 2053 1433 σειρ-

474 1487 643 1544 ctant,
674 1494 832 1546 quam
866 1494 929 1532 ex
970 1478 1047 1530 eis
1090 1477 1141 1530 in
1187 1476 1505 1543 disputando
1535 1482 1621 1525 aut
1647 1472 1932 1540 iudicando
1961 1471 2054 1523 ad-

474 1568 719 1634 iuvamur
744 1586 756 1620 :
792 1567 890 1620 ni~i
925 1567 1057 1619 forte
1086 1566 1224 1635 quod
1256 1564 1623 1619 ειριοιίῑςιιίοττι
1653 1564 1880 1616 reddunt
1908 1564 2055 1630 iuge-

476 1658 585 1721 nia,
613 1658 657 1711 si
696 1657 854 1711 etiam
889 1656 1197 1724 maligniora
1238 1665 1325 1707 aut
1369 1654 1632 1707 iullatiora
1665 1670 1768 1706 non
1800 1653 2053 1716 reddant,

481 1749 582 1800 hoc
611 1759 688 1802 eat
722 1757 779 1800 ut
808 1758 897 1800 aut
925 1747 1174 1814 decipere
1203 1745 1476 1800 verisimili
1507 1760 1753 1796 sermone
1781 1754 1939 1809 atque
1970 1743 2053 1794 in-

2161 553 2300 603 uitus
2330 562 2381 603 et
2414 552 2773 609 detestentur;
2806 546 3038 598 aliencnt
3069 548 3225 597 etiam
3258 544 3488 599 studium
3536 544 3609 616 [al
3654 562 3741 598 su-

2153 640 2369 708 perﬁuis
2408 646 2464 691 et
2507 636 2793 691 luxuriosis
2839 636 3109 688 hominum
3160 637 3439 690 institutis.
3474 636 3564 689 Illa
3614 653 3761 689 vero

2163 729 2401 782 instituta
2435 727 2732 789 hominum,
2758 742 2875 793 quae
2903 725 2967 777 ad
2996 727 3307 779 societatem
3339 727 3743 781 ennviventium

2156 826 2355 887 valent,
2389 839 2484 892 pro
2528 823 2638 887 ipsa
2685 822 2806 875 vita:
2856 823 3013 889 hujus
3059 824 3375 878 necessitate
3421 841 3525 878 non
3575 825 3743 893 negli-

2155 923 2278 982 gant
2316 929 2329 964 :
2365 914 2413 965 iu
2448 913 2656 964 caeteris
2690 922 2866 965 autem
2897 913 3156 965 doctrinis
3200 929 3317 981 quae
3364 915 3505 981 apud
3554 922 3743 981 gentes

2156 1003 2524 1062 inveniuntur,
2559 1013 2752 1069 prmler
2799 1002 3073 1055 historiam
3119 1018 3317 1069 rerum,
3351 1004 3433 1056 vel
3487 1004 3741 1071 pra‘trriti

2154 1092 2412 1160 temporis
2449 1091 2529 1145 vel
2563 1091 2862 1159 praesentis,
2890 1091 2954 1144 ad
2985 1107 3172 1145 sensus
3204 1093 3445 1160 corporis
3474 1092 3741 1159 pertinen-

2155 1185 2322 1249 tium,
2354 1184 2544 1251 quibus
2574 1184 2733 1236 etiam
2766 1181 2971 1233 utilium
3018 1183 3209 1233 artium
3254 1182 3611 1250 corporalium
3646 1196 3741 1233 ex-

2156 1274 2449 1342 perimenta
2491 1280 2545 1325 et
2589 1271 2911 1338 conjec-turre
2958 1281 3397 1333 annumerantur,
3444 1279 3496 1321 et
3544 1277 3742 1336 praeter

2154 1364 2414 1417 rationem
2447 1360 2821 1428 disputationis
2848 1369 2901 1414 ct
2932 1361 3161 1422 numeri,
3187 1359 3315 1412 nihil
3352 1359 3477 1412 utile
3507 1373 3625 1411 esse
3653 1373 3741 1409 ar-

2155 1453 2323 1505 bitror
2370 1470 2382 1504 :
2434 1453 2485 1503 in
2531 1449 2723 1519 quibus
2762 1450 3005 1503 omnibus
3046 1449 3327 1502 tenendum
3370 1458 3471 1511 est,
3505 1463 3571 1500 NE
3618 1462 3741 1509 oena

2160 1562 2322 1607 suns.
2354 1557 2405 1600 et
2435 1547 2663 1599 maxime
2696 1545 2744 1597 iu
2780 1544 2861 1597 his
2892 1559 3009 1611 qua:
3038 1543 3101 1597 ad
3131 1542 3372 1609 corporis
3398 1558 3585 1596 sensus
3618 1557 3741 1608 per-

2158 1637 2376 1691 tiuentia
2402 1636 2684 1690 volvuntur
2709 1634 3033 1700 temporibus
3062 1643 3116 1687 et
3143 1636 3482 1688 continentur
3512 1634 3667 1688 locis.

2690 1724 2918 1779 CAPUT
2956 1723 3207 1778 CCLXX.

477 1838 924 1907 terrogationibus
962 1847 1161 1899 ament,
1189 1846 1278 1889 aut
1318 1833 1513 1903 aliquid
1558 1850 1801 1902 magnum
1845 1848 1951 1901 quo
1995 1847 2055 1886 se

2179 1818 2310 1883 Quod
2356 1814 3503 1907 ntilesjdisciplinasnphilosophornmp{rufus
3541 1813 3740 1876 srculi,

480 1930 631 1984 bonis
681 1940 837 1996 atque
886 1928 1253 1982 innocentibus
1296 1934 1641 1994 anteponant,
1674 1940 1731 1978 se
1778 1935 2064 1978 assecutus

481 2029 665 2087 putant
695 2020 781 2088 qui
815 2020 913 2072 ista
941 2017 1245 2072 didicerint.

1007 2128 1231 2184 CAPUT
1261 2126 1531 2182 CCLXIX.

484 2243 634 2307 Quod
663 2242 859 2295 nunteri
886 2242 1154 2309 disciplina
1183 2257 1281 2294 non
1308 2245 1371 2293 sit
1399 2243 1460 2293 ab
1491 2238 1777 2309 hominibus
1806 2238 2060 2302 instituta,

553 2312 643 2365 sed
675 2314 840 2379 potius
870 2307 1115 2380 indagata
1144 2322 1187 2361 et
1227 2316 1425 2361 iuventa
1444 2350 1457 2366 .
1484 2321 1528 2360 et
1559 2310 1625 2361 ad
1672 2307 1759 2380 Dei
1798 2309 2002 2359 laudem
2030 2325 2062 2360 a

553 2398 653 2449 quo
684 2397 797 2435 vera
829 2392 921 2442 est,
948 2379 1212 2448 referenda
1238 2381 1324 2445 sit,
1352 2396 1413 2432 ea:
1441 2381 1613 2432 codem
1643 2379 1789 2430 libro.

556 2497 671 2550 Jam
721 2511 847 2549 vero
895 2494 1102 2549 muneri
1146 2494 1457 2563 disciplina,
1497 2484 1717 2546 cuilibet
1763 2492 2065 2545 tardissimo

487 2586 686 2640 clarum
724 2596 828 2651 est,
858 2586 997 2655 quod
1037 2600 1140 2639 non
1171 2586 1240 2638 sit
1265 2585 1333 2640 ab
1360 2584 1660 2637 hominibus
1686 2581 1940 2646 instituta,
1971 2581 2063 2635 sed

489 2678 666 2745 potius
697 2677 943 2745 indagata
986 2684 1042 2731 et
1086 2676 1322 2730 inventa.
1355 2673 1465 2728 Non
1508 2674 1648 2728 enim
1678 2672 1810 2727 sicut
1843 2673 2065 2742 primam

488 2767 749 2839 syllabam
782 2767 970 2829 Italia-*2,
999 2783 1155 2835 quam
1184 2768 1399 2820 brevem
1432 2766 1905 2834 pr0nuntiaverunt
1927 2780 2070 2818 vete-

492 2874 609 2927 res,
636 2859 801 2913 voluit
829 2858 1076 2928 Virgilius
1106 2868 1158 2913 et
1190 2859 1343 2927 longa
1386 2858 1523 2911 facta
1553 2867 1663 2923 est,
1690 2856 1760 2911 ita
1790 2857 2069 2927 quisquam

498 2958 675 3019 potest
703 2950 937 3016 efﬁcere,
964 2966 1081 3003 tum
1109 2950 1352 3013 voluerit,
1376 2958 1432 3003 ut
1457 2960 1535 3004 ter
1560 2956 1706 3002 terna
1726 2957 1817 3003 aut
1839 2964 1940 3003 non
1965 2949 2074 3003 sint

493 3055 709 3105 novem,
738 3051 828 3095 aut
858 3056 962 3096 nan
995 3043 1199 3110 possint
1227 3040 1440 3096 efﬁcere
1476 3040 1788 3109 quadratam
1829 3040 2072 3107 ﬁgurant,

493 3142 587 3187 aut
612 3148 719 3187 non
749 3134 813 3186 ad
844 3134 1133 3188 ternarium
1166 3148 1442 3187 numerum
1474 3130 1626 3200 tripla
1658 3132 1785 3199 sint,
1811 3130 1877 3184 ad
1907 3145 2066 3185 sena-
2092 3170 2137 3232 Ο

494 3226 629 3278 rium
671 3227 937 3295 sescupla,
983 3225 1048 3279 ad
1091 3225 1296 3279 nullum
1336 3223 1519 3293 dupla,
1551 3224 1670 3292 quia
1719 3221 2067 3290 intelligibilis

495 3315 699 3367 numeri
743 3316 1020 3369 semissem
1062 3330 1166 3369 non
1207 3314 1423 3369 habent.
1452 3316 1575 3369 Sive
1617 3329 1742 3384 ergo
1782 3314 1833 3367 in
1879 3315 2069 3384 seipsis

497 3405 937 3467 considerentur.
974 3405 1086 3459 sive
1130 3406 1196 3460 ad
1245 3408 1525 3475 ﬁgurarum
1573 3416 1658 3459 aut
1705 3407 1771 3459 ad
1819 3421 2071 3460 sonorum

497 3494 787 3547 aliarumve
829 3497 1120 3549 motionum
1162 3497 1305 3563 leges
1347 3497 1549 3549 numeri
1587 3496 1958 3564 adhibeantur,
1988 3496 2071 3548 in-

498 3584 904 3638 eommutabiles
949 3584 1157 3651 regulas
1205 3583 1420 3647 habent,
1452 3597 1624 3652 neque
1669 3583 1778 3637 ullo
1818 3582 1979 3636 modo
2008 3583 2074 3637 ab

502 3672 810 3728 hominibus
860 3672 1164 3738 institutas,
1210 3672 1305 3727 sed
1348 3673 1741 3743 ingeniosorum
1790 3673 2076 3742 sagacitate

503 3774 826 3832 compertas.
854 3766 982 3831 Quae
1014 3773 1192 3820 tamen
1227 3766 1404 3819 omnia
1432 3766 1673 3835 quisquis
1704 3765 1773 3819 ita
1804 3765 2072 3828 dilexerit,

501 3865 558 3906 ut
580 3852 783 3921 jactare
811 3868 870 3908 se
895 3854 1033 3908 inter
1055 3853 1327 3922 imperitos
1350 3853 1494 3917 velit,
1517 3862 1569 3906 et
1598 3868 1702 3906 non
1735 3854 1909 3921 potius
1934 3868 2078 3922 quae-

505 3958 627 3996 rere
657 3944 799 3998 unde
829 3945 937 3998 sint
965 3959 1091 3998 vera
1121 3959 1237 4013 quae
1268 3944 1632 3997 tantummodo
1660 3959 1783 3998 vera
1810 3960 1930 3999 esse
1958 3960 2078 4011 per-

504 4032 753 4098 senserit,
778 4045 827 4085 et
855 4033 994 4086 unde
1020 4034 1260 4101 quaedam
1293 4048 1397 4086 non
1429 4033 1599 4088 solum
1628 4049 1771 4097 vera,
1797 4034 1888 4088 sed
1917 4035 2076 4088 etiam

506 4123 986 4187 incommutabilia,
1003 4138 1122 4191 quae
1145 4123 1595 4177 incommutabilia
1618 4138 1737 4178 esse
1763 4122 1912 4193 [non]
1936 4139 2079 4177 com-

508 4214 895 4283 prehenderit:
928 4228 990 4269 ac
1040 4214 1116 4268 sic
1155 4214 1221 4267 ab
1266 4215 1446 4282 specie
1490 4230 1773 4283 corporum
1818 4231 1985 4285 usque
2015 4215 2079 4270 ad

509 4307 789 4358 humanam
832 4312 1063 4359 mentem
1108 4305 1447 4373 perveniens,
1475 4320 1593 4359 cum
1633 4315 1686 4359 et
1716 4306 1880 4373 ipsam
1913 4314 2083 4358 uniti-

511 4397 668 4450 hilem
713 4396 999 4460 invenerit,
1032 4395 1170 4464 quod
1205 4410 1343 4450 nunc
1373 4396 1551 4459 docta,
1583 4410 1722 4449 nunc
1765 4394 1974 4449 indocta
2013 4396 2084 4448 sit

509 4488 829 4551 constituta,
876 4496 1051 4539 tamen
1104 4485 1243 4539 inter
1286 4486 1769 4539 incommutabilem
1820 4498 1979 4552 supra
2026 4499 2085 4538 se

514 4578 789 4631 veritatem
821 4586 870 4631 et
904 4577 1174 4631 mutabilia
1216 4576 1349 4631 infra
1376 4592 1461 4639 se,
1492 4587 1681 4631 caetera
1711 4576 1775 4629 ad
1808 4577 1962 4630 unius
1994 4576 2086 4630 Dei

514 4668 723 4722 laudem
753 4678 910 4737 atque
940 4669 1281 4724 dilectionem
1315 4678 1503 4721 cuncta
1548 4676 1891 4728 convertere,
1925 4681 1954 4719 a
1983 4683 2090 4735 quo

516 4767 704 4811 cuncta
732 4774 852 4812 esse
880 4759 1172 4828 cognoscit,
1202 4758 1389 4812 doctus
1420 4758 1584 4811 \ideri
1624 4764 1816 4825 potest,
1846 4772 1963 4811 esse
1993 4772 2089 4808 an-

519 4857 624 4901 tem
668 4850 911 4915 sapiens,
942 4849 1087 4900 nullo
1132 4849 1311 4900 modo.
1342 4847 1694 4913 Quamobrem
1726 4847 1933 4900 videtur
1962 4846 2091 4900 mihi

518 4936 769 4991 studiosis
809 4948 860 4991 et
904 4937 1189 5003 ingeniosis
1229 4938 1674 4999 adolescentibus,
1703 4944 1758 4990 et
1787 4935 2095 4990 timentibus

522 5026 726 5090 Deum,
791 5026 1105 5093 beatamque
1162 5026 1323 5079 vitam
1388 5025 1750 5093 qurereutibus
1811 5025 2097 5079 salubriter

522 5115 775 5184 prtecipi.
826 5127 883 5169 ut
932 5116 1103 5169 nullas
1163 5115 1432 5171 doctrinas
1486 5130 1602 5184 quin
1665 5124 1857 5180 prmter
1917 5114 2097 5167 Eccle-

524 5208 655 5262 siam
694 5208 890 5262 Christi
925 5218 1262 5275 exercentur,
1297 5218 1542 5275 tanquam
1584 5206 1649 5259 ad
1692 5208 1896 5260 beatam
1935 5205 2096 5257 vitam

531 5300 932 5364 capessendam,
964 5313 1152 5351 secure
1183 5297 1331 5365 sequi
1374 5297 1606 5350 audeant
1637 5313 1648 5348 :
1681 5295 1773 5348 sed
1804 5308 1894 5346 eas
1921 5293 2099 5346 sobrie

525 5386 912 5454 diligenterque
939 5385 1251 5454 diiudicent,
1274 5393 1329 5438 et
1356 5385 1399 5436 si
1426 5398 1557 5452 quas
1586 5384 1886 5436 invenerint
1912 5383 1979 5435 ab
2008 5382 2101 5435 ho-

530 5474 761 5529 minibus
791 5478 1058 5531 institutas
1089 5476 1281 5539 varias,
1316 5484 1532 5542 propter
1560 5475 1824 5528 diversam
1853 5476 2100 5526 volunta-

536 5571 644 5616 tem
694 5564 1110 5630 instituentium,
1143 5574 1196 5616 et
1242 5561 1479 5633 ignotas,
1508 5572 1725 5632 propter
1770 5563 2101 5632 suspiciones

534 5654 849 5719 errantium,
877 5654 1109 5708 maxime
1140 5656 1181 5708 si
1219 5654 1412 5709 habent
1435 5656 1593 5709 etiam
1625 5671 1743 5709 cum
1774 5654 2102 5709 dxemonibus

531 5741 720 5797 initam
761 5746 1105 5814 societatem,
1134 5762 1228 5817 per
1269 5746 1617 5818 quarumdam
1661 5745 2100 5817 signiﬁcant-num

2117 4535 2167 4594 D

2233 1898 2472 1954 tanquam
2496 1888 2697 1938 diritias
2726 1887 2789 1937 de
2819 1884 3045 1952 ngypto
3085 1885 3276 1945 exiens,
3301 1882 3618 1935 Christianus
3648 1899 3742 1933 utt-

2228 1957 2362 2022 ferre
2390 1957 2588 2020 debeat,
2621 1956 2749 2008 velut
2779 1971 2857 2007 res
2886 1954 3097 2006 dominii
3124 1953 3207 2007 sui
3234 1954 3284 2005 in
3316 1969 3479 2005 usum.

2234 2048 2541 2114 Philosophi
2572 2056 2746 2100 autem
2789 2046 2874 2113 qui
2917 2056 3193 2105 vocantur,
3223 2046 3266 2097 si
3307 2060 3407 2112 qua
3440 2044 3579 2096 forte
3611 2057 3737 2096 vera

2162 2150 2215 2192 et
2248 2139 2367 2191 tidei
2399 2149 2596 2190 nostra:
2626 2136 3026 2190 accommodata
3057 2136 3327 2198 dixerunt,
3358 2137 3589 2187 maxime
3621 2134 3740 2186 Pla-

2165 2227 2353 2289 tenici,
2380 2242 2484 2280 non
2517 2225 2691 2279 solum
2726 2224 3053 2278 formidanda
3097 2240 3201 2277 nou
3246 2232 3389 2285 sunt,
3418 2223 3511 2277 sed
3557 2224 3626 2276 ab
3669 2223 3744 2276 eis

2169 2316 2363 2380 etiam,
2399 2328 2649 2384 tanquam
2681 2315 2749 2369 ab
2779 2315 2986 2383 injustis
3034 2314 3464 2382 possessoribus.
3499 2314 3551 2366 in
3593 2327 3742 2366 usum

2170 2417 2411 2461 nostrum
2439 2406 2773 2461 vindicanda.
2799 2407 2948 2460 Sicut
2978 2406 3117 2459 enim
3148 2404 3381 2474 A‘Igyptii
3408 2421 3511 2456 non
3543 2414 3741 2457 tantuzn

2169 2498 2308 2550 idola
2343 2497 2609 2550 habebant
2634 2505 2687 2550 et
2714 2510 2876 2549 onera
2917 2495 3128 2564 gravia,
3156 2511 3273 2563 qua.-
3317 2494 3541 2562 populus
3585 2493 3742 2548 Israel

2172 2589 2527 2643 detestaretur
2568 2596 2623 2641 et
2668 2587 2893 2655 lugeret,
2923 2586 3016 2640 sed
3046 2585 3204 2640 etiam
3237 2600 3362 2638 vasa
3393 2596 3553 2651 atque
3586 2600 3743 2639 orna.

2172 2687 2347 2731 menta
2382 2676 2447 2730 de
2476 2691 2608 2730 auro
2633 2684 2687 2730 et
2713 2685 2954 2745 argento,
2984 2685 3035 2728 et
3071 2683 3295 2739 vcstem,
3323 2690 3439 2743 qua:
3467 2674 3553 2728 ille
3586 2689 3745 2741 popu.

2171 2768 2254 2822 lus
2282 2767 2465 2822 exiens
2494 2767 2560 2821 de
2588 2766 2817 2836 Egypto
2855 2766 2957 2820 sibi
3004 2766 3175 2833 potius
3205 2776 3447 2833 tanquam
3489 2764 3556 2818 ad
3598 2780 3744 2819 usum

2174 2860 2448 2914 meliorem
2470 2858 2713 2912 clanculo
2730 2858 3032 2921 vindicavit,
3048 2872 3152 2910 non
3171 2858 3488 2912 auctoritate
3510 2859 3742 2925 prepria,

2175 2949 2267 3003 sed
2291 2958 2553 3017 prmcepto
2577 2947 2692 3014 Dei,
2713 2950 2840 3016 ipsis
2858 2949 3121 3017 Egyptiis
3144 2950 3437 3003 nescienter
3454 2963 3747 3002 accommo-

2174 3040 2422 3096 dantibus
2443 3055 2505 3093 ea
2527 3040 2717 3108 quibus
2748 3055 2850 3094 non
2877 3041 3012 3094 bene
3038 3040 3321 3093 utebantur
3346 3055 3361 3094 :
3389 3041 3467 3093 sic
3494 3039 3745 3094 doctrinae

2175 3146 2361 3187 omnes
2381 3133 2678 3201 gentilium,
2703 3147 2808 3187 non
2833 3132 3003 3186 solum
3033 3132 3278 3185 simulata
3305 3141 3359 3185 et
3382 3134 3746 3200 superstitiosa

2171 3226 2420 3294 ﬁgmenta
2478 3240 2774 3295 gravesque
2832 3227 3068 3279 sarcinas
3125 3226 3503 3293 supervacanci
3557 3227 3749 3280 laboris

2173 3316 2392 3381 habent,
2425 3331 2542 3384 qua:
2584 3316 2944 3385 unusquisque
2990 3322 3229 3369 nostrum
3269 3313 3402 3368 duce
3443 3314 3655 3368 Christo
3686 3314 3750 3367 de

2172 3410 2430 3462 societate
2474 3409 2752 3477 gentilium
2799 3409 3012 3471 exiens,
3053 3405 3215 3460 debet
3261 3405 3555 3459 abominari
3595 3414 3748 3473 atque

2172 3500 2364 3565 vitare,
2391 3497 2486 3551 sed
2526 3497 2685 3551 etiam
2730 3498 2977 3551 liberales
3021 3497 3329 3565 disciplinas
3366 3498 3483 3548 usui
3517 3496 3749 3550 veritatis

2174 3587 2428 3653 aptiores,
2449 3593 2504 3640 et
2532 3586 2774 3654 qutcdam
2806 3602 3012 3641 morum
3044 3594 3309 3655 prtecepta
3333 3602 3453 3654 quae
3476 3586 3748 3640 utilissima

2177 3674 2664 3743 continent,deque
2693 3676 2810 3745 ipso
2839 3693 2945 3731 uno
2975 3677 3081 3730 Deo
3105 3676 3327 3729 colendo
3356 3676 3610 3730 nonnulla
3631 3689 3751 3730 vera

2179 3766 2638 3837 51inveniuutur
2664 3769 2802 3836 apud
2830 3784 2945 3834 eos,
2977 3771 3114 3836 quod
3152 3785 3338 3826 eorum
3370 3776 3622 3835 tanquam
3651 3782 3749 3820 au-

2179 3871 2297 3909 rum
2334 3864 2387 3909 et
2414 3865 2717 3926 argentum,
2748 3858 2891 3925 quod
2922 3874 3025 3913 non
3053 3862 3151 3929 ipsi
3180 3863 3549 3922 instituerun',
3570 3857 3662 3911 sed
3686 3857 3751 3910 de

2180 3946 2492 4011 quibusdam
2532 3948 2682 4014 quasi
2721 3949 2947 4003 metallis
2985 3951 3176 4005 divina:
3221 3951 3601 4020 providentiae,
3636 3963 3752 4017 qua:

2182 4034 2375 4099 ubique
2429 4036 2601 4090 infusa
2657 4046 2740 4090 est
2788 4050 3061 4103 eruerant,
3112 4052 3167 4097 et
3220 4056 3324 4110 quo
3380 4055 3629 4109 perverse
3676 4047 3753 4091 at-

2183 4139 2285 4191 que
2339 4125 2591 4193 injuriose
2643 4127 2709 4180 ad
2763 4128 3018 4196 obsequia
3080 4130 3379 4185 diemonum
3440 4130 3752 4191 abutuntur,

2186 4228 2308 4267 cum
2333 4213 2401 4267 ab
2430 4230 2613 4268 eorum
2656 4216 2851 4270 misera
2878 4218 3133 4272 societate
3172 4233 3291 4274 sese
3317 4221 3497 4273 animo
3522 4228 3754 4286 separat.

2188 4302 2340 4357 debet
2366 4304 2434 4357 ab
2455 4306 2533 4358 eis
2552 4304 2762 4361 auferre
2784 4306 3115 4363 Christianus
3136 4309 3201 4363 ad
3226 4325 3379 4362 usum
3396 4308 3599 4376 justum
3627 4322 3757 4374 pra:-

2191 4394 2400 4450 dicandi
2448 4398 2743 4462 Evangelii.
2794 4399 3008 4454 Vestem
3056 4416 3267 4470 quoque
3311 4402 3543 4463 illorum,
3596 4400 3648 4452 id
3679 4408 3758 4451 est

2197 4486 2469 4541 hominum
2497 4489 2711 4557 quidem
2737 4489 2996 4552 instituta,
3027 4489 3119 4544 sed
3152 4500 3329 4544 tamen
3361 4489 3759 4545 accommodata

2194 4576 2441 4631 humanas
2472 4577 2737 4643 societati,
2770 4594 2870 4647 qua
2899 4580 2949 4631 in
2985 4582 3081 4631 hac
3108 4581 3214 4633 vita
3236 4594 3421 4633 carere
3444 4594 3547 4632 non
3571 4593 3761 4646 possu-

2193 4681 2334 4731 mus,
2360 4666 2606 4734 accipere
2629 4676 2788 4734 atque
2819 4666 3017 4722 habere
3046 4668 3257 4722 licuerit
3277 4666 3501 4738 |liCebit]
3526 4669 3577 4719 in
3602 4682 3757 4719 usum

2193 4758 2552 4811 conveitenda
2594 4758 2974 4813 Christianum.
3006 4758 3134 4811 Nam
3167 4759 3291 4826 quid
3316 4758 3465 4811 aliud
3515 4757 3759 4812 iecerunt

2196 4846 2345 4899 multi
2388 4845 2511 4898 boni
2554 4845 2737 4899 ﬁdeles
2776 4846 2978 4899 nostri?
3011 4847 3197 4901 Nonne
3238 4847 3529 4913 aspicimus
3566 4857 3766 4914 quanto

2196 4947 2346 4997 auro,
2377 4942 2430 4987 et
2476 4943 2716 5002 argento,
2760 4943 2817 4988 et
2864 4945 3015 4988 veste
3056 4934 3430 4988 suﬁarcinatus
3470 4934 3655 4989 exierit
3700 4933 3767 4987 de

2200 5026 2431 5095 ,θερινιο
2483 5027 2801 5095 Cyprianus,
2850 5027 3038 5080 doctor
3080 5027 3422 5081 suavissimus
3478 5038 3528 5081 et
3568 5036 3767 5095 martyr

2201 5118 2570 5189 beatissimus?
2594 5119 2802 5185 Quanto
2825 5117 3167 5172 Lactantius?
3194 5117 3406 5185 Quanto
3438 5117 3765 5182 Victorinus,

2201 5207 2464 5278 Optatius,
2499 5210 2768 5262 Hilarius?
2795 5218 2847 5263 ut
2876 5210 2943 5263 de
2965 5209 3097 5261 vivis
3126 5219 3353 5273 taceam,
3379 5218 3578 5276 quanto
3606 5208 3763 5261 innu-

2203 5300 2491 5354 merabiles
2522 5298 2729 5353 Grieci?
2759 5298 2908 5365 Quod
2941 5299 3088 5367 prior
3131 5299 3242 5366 ipse
3290 5298 3634 5353 ﬁdelissimus
3676 5295 3765 5348 Dei

2202 5389 2432 5445 fatnulus
2472 5391 2681 5460 Moyses
2710 5388 2931 5453 fecerat,
2971 5390 3041 5442 de
3069 5404 3176 5459 quo
3216 5389 3473 5455 scriptum
3503 5397 3604 5454 est,
3628 5386 3769 5455 quod

2204 5481 2446 5535 eruditus
2482 5479 2641 5533 fuerit
2681 5481 2825 5533 omni
2849 5480 3111 5546 sapientia
3154 5478 3547 5548 Aigyptiorum.
3572 5477 3769 5540 Quibus

2206 5571 2457 5624 omnibus
2482 5570 2611 5623 viris
2646 5570 3012 5638 superstitiosa
3044 5569 3317 5638 gentilium
3341 5565 3693 5628 consuetudo,
3723 5572 3771 5617 et

2207 5659 2438 5712 maxime
2470 5659 2574 5711 illis
2619 5658 2947 5726 temporibus
2987 5673 3106 5711 cum
3156 5655 3351 5710 Christi
3383 5657 3653 5711 decutiens
3681 5654 3772 5719 ju-

2210 5764 2362 5818 gum,
2412 5746 2742 5803 Christianos
2794 5747 3235 5817 persequebatur,
3292 5744 3596 5814 disciplinas
3638 5753 3778 5811 quas
