4016 6184
250 410 356 467 9ῗ’7

254 637 415 678 usum
438 619 646 674 colendi
676 619 830 672 unius
863 618 976 682 Dei,
1010 634 1116 687 quo
1143 636 1310 674 vanus
1353 620 1616 673 idolorum
1659 618 1836 670 cultus

256 710 625 773 scinderetur,
653 723 970 763 conversum
1004 708 1067 762 iri
1093 710 1491 777 suSpicarentur
1518 727 1529 761 :
1565 708 1658 763 sed
1681 708 1845 761 dede-

257 812 386 857 runt
418 815 632 864 aurum,
676 810 731 854 et
760 808 1065 869 argentum,
1104 809 1159 855 et
1189 811 1389 855 vestem
1437 817 1589 855 suam
1629 799 1843 854 exeunti

258 893 330 947 de
370 891 605 961 :Eg‘tpto
646 890 841 958 populo
886 890 1002 953 Dei,
1050 892 1349 945 nescientes
1396 891 1843 959 quemadmodum

259 984 354 1037 illa
381 998 503 1051 qua:
533 979 730 1034 dabant
772 981 823 1033 in
867 979 1064 1035 Christi
1110 981 1421 1048 obsequium
1467 980 1843 1034 redderentur.

261 1077 398 1131 Illud
423 1076 565 1131 enim
599 1075 649 1128 in
680 1073 863 1127 Exodo
892 1074 1083 1127 factum
1113 1074 1409 1128 sinedubio
1434 1074 1713 1143 ﬁguratum
1743 1080 1844 1139 est,

261 1178 324 1221 ut
349 1168 452 1221 hoc
475 1165 823 1235 praesignaret
845 1163 985 1232 quod
1010 1163 1125 1217 sine
1156 1162 1464 1232 pra-iudicio
1487 1163 1732 1227 alterius,
1759 1169 1850 1213 aut

262 1259 438 1329 paris,
478 1266 570 1310 aut
616 1254 853 1309 melioris
891 1254 1251 1323 intelligentiae
1303 1254 1554 1308 dixerim.
1596 1252 1701 1307 Sed
1748 1253 1849 1306 hoc

264 1347 433 1402 modo
490 1346 780 1399 instructus
836 1342 1135 1397 divinarum
1194 1344 1592 1412 Scripturarum
1647 1341 1850 1427 studio-

266 1455 385 1504 sus,
429 1454 551 1494 cum
591 1438 677 1492 ad.
703 1451 795 1491 eas
844 1435 1258 1505 perscrutandas
1305 1435 1561 1490 accedere
1604 1433 1849 1501 coeperit,

264 1530 399 1585 illud
426 1528 776 1598 apostolicum
824 1527 1063 1595 cogitare
1096 1541 1202 1579 non
1233 1537 1409 1581 cesset
1452 1544 1468 1581 :
1510 1525 1743 1580 Scientia
1769 1525 1851 1576 in-

265 1622 386 1687 ﬂat,
420 1619 652 1675 charitas
679 1617 925 1672 :ediﬁcat.
958 1615 1031 1670 lta
1062 1616 1205 1671 enim
1251 1618 1470 1682 sentiet,
1499 1616 1742 1686 quamvis
1785 1614 1852 1670 de

268 1712 509 1783 ἄζει-ι)ιο
536 1712 686 1765 dives
712 1719 887 1776 exeat,
920 1721 1094 1765 tamen
1128 1710 1228 1764 nisi
1267 1709 1468 1763 Pascha
1520 1709 1707 1778 egerit,
1750 1706 1854 1760 sal-

267 1818 398 1857 vum
432 1817 491 1857 se
522 1815 641 1856 esse
666 1817 770 1855 non
800 1815 979 1871 posse.
1010 1801 1211 1857 Pascha
1254 1811 1433 1855 autem
1480 1811 1718 1855 nostrum
1748 1798 1850 1852 im-

1418 406 1852 468 TllES.\URUS.
1893 406 2047 465 CAP.
2089 410 2364 469 CCLXXI.

253 532 416 586 utiles
485 527 716 582 habebat
773 542 1046 596 nunquam
1103 527 1502 592 commodaret,
1554 528 1599 581 si
1648 540 1741 579 eas
1790 525 1841 579 in
1876 526 1925 585 Α

3425 415 3528 474 958

2470 525 2700 583 CAPUT
2736 526 3011 584 CCLXXI.

1946 655 2026 711 De
2049 658 2207 727 signis
2256 668 2426 710 autem
2468 657 2717 727 ambiguis
2751 666 2797 711 et
2836 658 3266 723 distinctionibus,
3312 658 3533 721 exempli

2015 729 2201 798 gratia,
2258 728 2399 793 ponit
2456 730 2677 798 qualiter
2737 729 3083 798 distinguatur
3114 744 3131 781 :
3167 727 3230 781 In
3278 729 3534 798 priuetpio

2015 808 2124 850 erat
2155 796 2404 869 Verbum,
2434 807 2479 869 ei
2509 796 2641 869 illud
2663 796 2916 869 Apostoli,
2944 797 3081 862 Quid
3100 796 3285 868 eligant
3317 800 3532 869 ignoro;

2018 883 2080 920 ex
2105 866 2235 920 libro
2266 881 2322 920 ιιι
2361 867 2422 921 de
2447 866 2693 920 Doctrina
2723 867 3035 921 Christiana.

2018 998 2118 1064 Qui
2147 1013 2210 1053 eo
2240 1000 2357 1053 loco
2403 999 2563 1053 animi
2596 1008 2678 1054 est
2720 1009 2777 1055 ut
2804 1016 2899 1069 per
2945 1015 3044 1055 nos
3098 1001 3287 1055 instrui
3319 1001 3516 1067 valeat,

1950 1090 2088 1145 sciat
2112 1090 2512 1161 ambiguitatem
2543 1091 2839 1159 Scriptura:
2874 1103 2965 1147 aut
3002 1093 3053 1145 in
3092 1093 3271 1147 verbis
3301 1092 3529 1161 propriis

1951 1196 2093 1246 esse,
2120 1190 2212 1234 aut
2249 1182 2301 1235 in
2333 1182 2639 1235 translatis:
2669 1196 2788 1249 qua:
2808 1196 3004 1248 genera
3044 1181 3098 1233 in
3125 1180 3360 1233 secundo
3392 1181 3528 1234 libro

1952 1270 2466 1325 demonstravimus.
2496 1270 2601 1324 Sed
2623 1285 2745 1323 cum
2772 1270 2929 1325 verba
2954 1272 3166 1338 propria
3192 1270 3391 1324 faciunt
3416 1285 3526 1322 ain-

1953 1358 2166 1426 biguam
2214 1358 2558 1427 scripturam,
2616 1359 2787 1426 primo
2836 1358 3125 1412 videndum
3164 1367 3245 1413 e~t
3290 1373 3356 1413 ne
3401 1360 3539 1412 male

1954 1447 2361 1502 distinxerimus
2388 1457 2479 1501 aut
2509 1447 3203 1517 pronuntiaverimus.Cum
3227 1462 3357 1516 ergo
3386 1447 3539 1500 adhi-

1956 1537 2063 1592 bita
2095 1538 2318 1591 intentio
2357 1537 2614 1592 incertum
2659 1552 2780 1592 esse
2819 1536 3108 1605 perviderit
3146 1536 3415 1606 quomodo
3452 1535 3536 1589 di-

1957 1628 2338 1697 stinguendum
2382 1635 2476 1681 aut
2504 1628 2773 1698 quomodo
2808 1626 3259 1696 pronuntiandum
3288 1626 3377 1689 sit,
3408 1640 3536 1680 con-

1957 1720 2097 1772 sulat
2121 1718 2354 1788 regulam
2383 1718 2503 1772 ﬁdei
2546 1733 2705 1786 quam
2733 1718 2800 1771 de
2831 1716 3227 1785 Scripturarum
3278 1715 3530 1785 planiori-

1958 1807 2058 1863 bus
2094 1809 2225 1864 locis
2255 1820 2309 1864 et
2352 1808 2607 1863 Ecclesia:
2656 1809 2976 1863 auctoritate
3023 1809 3296 1877 percepit:
3325 1806 3391 1860 de
3437 1821 3540 1873 qua

271 1895 507 1948 uiolatus
557 1901 640 1948 est
697 1892 968 1958 Christus;
1029 1891 1269 1963 nihilque
1322 1893 1489 1963 magis
1555 1892 1852 1947 immolazio

1976 1900 2091 1955 satis
2118 1900 2348 1968 egimus,
2378 1916 2498 1954 cum
2539 1900 2605 1954 de
2629 1900 2789 1955 rebus
2838 1901 2888 1953 in
2919 1899 3057 1954 libro
3089 1902 3259 1969 primo
3302 1901 3542 1969 loquere-

270 1988 480 2044 Christi
512 2002 610 2042 nos
644 1988 817 2050 docet,
845 2002 1002 2057 quam
1031 1987 1159 2041 illud
1200 1986 1342 2057 quod
1372 1988 1484 2054 ipse
1511 1986 1708 2040 clamat
1734 1994 1855 2038 tan-

275 2096 442 2149 quam
486 2079 552 2133 ad
582 2094 675 2133 eos
701 2093 835 2147 quos
878 2077 931 2131 in
961 2077 1197 2148 [Egypto
1245 2077 1344 2132 sub
1387 2077 1664 2130 Pharaone
1714 2075 1861 2130 videt

278 2172 564 2225 laborare:
598 2168 787 2225 Venite
813 2169 877 2222 ad
912 2183 1019 2235 me,
1048 2171 1137 2237 qui
1168 2169 1424 2223 laboratis
1457 2176 1511 2222 et
1540 2167 1746 2221 onerati
1773 2181 1859 2222 es-

282 2262 369 2326 lis,
402 2271 456 2316 et
484 2275 584 2331 ego
616 2275 709 2315 vos
749 2260 1008 2315 reﬁciam.
1043 2260 1240 2315 Tollite
1266 2260 1451 2330 iugum
1478 2274 1653 2313 meum
1700 2270 1861 2327 super

276 2369 400 2418 vos,
426 2363 477 2407 et
506 2353 697 2407 discite
727 2367 752 2403 a
781 2366 865 2406 me
896 2351 1146 2420 quoniam
1180 2350 1325 2404 mitis
1372 2365 1511 2410 sum,
1545 2358 1595 2403 et
1643 2347 1862 2402 huvuilis

282 2444 476 2509 corde,
502 2454 557 2498 et
604 2441 884 2497 invenietis
924 2441 1163 2511 requiem
1211 2440 1491 2493 animabus
1521 2437 1743 2491 vestris:
1771 2434 1861 2504 ju-

280 2552 409 2606 gum
437 2535 578 2601 enim
604 2549 779 2589 meum
810 2533 929 2588 lene
955 2531 1166 2605 [suave]
1199 2541 1305 2598 est,
1328 2541 1382 2586 et
1408 2532 1616 2586 sarcina
1645 2544 1759 2583 mea
1786 2528 1863 2581 le-

279 2631 365 2684 vis
411 2638 513 2684 est.
547 2627 751 2693 Quibus
808 2627 910 2681 nisi
966 2626 1185 2680 mitibus
1232 2634 1285 2678 et
1336 2624 1624 2678 humilibus
1676 2622 1860 2688 corde,

279 2735 421 2791 quos
448 2734 552 2774 non
578 2717 728 2773 inﬂat
754 2717 976 2772 scicntia
1002 2716 1097 2770 sed
1128 2715 1366 2771 charitas
1391 2714 1655 2769 :cdiﬁcat?
1680 2713 1864 2768 Memi-

281 2813 463 2867 nerint
489 2824 616 2878 ergo
657 2823 843 2863 eorum
873 2806 962 2878 qui
990 2806 1193 2861 Pascha
1236 2806 1326 2861 illo
1357 2814 1596 2874 tempore
1624 2819 1718 2873 per
1744 2818 1865 2858 um-

281 2902 500 2957 brarum
542 2898 847 2968 imaginaria
888 2896 1253 2960 celebrabant,
1293 2910 1413 2949 cum
1459 2891 1654 2962 signari
1687 2900 1865 2960 postes

282 2992 543 3061 sanguine
572 2989 693 3059 agni
719 2989 1058 3056 iuberentur,
1086 2986 1319 3055 hyssopo
1367 2983 1531 3038 fuisse
1571 2984 1813 3052 signatos
1847 2999 1861 3034 :

285 3085 447 3139 herba
504 3076 617 3137 Iure
664 3079 876 3133 humilis
905 3086 958 3131 et
989 3077 1133 3131 mitis
1176 3087 1277 3142 est,
1308 3084 1363 3130 et
1413 3074 1544 3128 nihil
1580 3074 1767 3128 fortius
1810 3079 1866 3126 et

285 3173 671 3245 penetrabilins
699 3170 817 3237 eius
846 3167 1140 3234 radicibus,
1168 3176 1227 3220 ut
1252 3167 1303 3219 in
1332 3166 1591 3220 charitate
1640 3163 1861 3218 radicati

1962 2006 2102 2045 mur.
2131 1990 2284 2057 Quod
2314 1990 2360 2043 si
2385 1991 2559 2043 amba:
2590 1989 2674 2045 vel
2715 1991 2873 2043 etiam
2902 2003 3111 2053 omnes,
3142 1988 3187 2043 si
3216 1989 3395 2057 plures
3427 1989 3541 2041 l'ue-

1960 2083 2067 2137 rint
2097 2091 2272 2151 partes
2299 2080 2679 2150 ambiguitatis,
2708 2080 2999 2136 secundum
3039 2080 3197 2135 tidem
3226 2080 3528 2144 sonuerint,

1966 2182 2144 2229 textus
2164 2175 2278 2243 ipse
2324 2173 2610 2237 sermonis,
2640 2188 2668 2225 a
2696 2171 3122 2241 praecedentibus
3144 2179 3199 2225 et
3219 2185 3547 2240 consequen-

1969 2267 2111 2322 tibus
2139 2265 2380 2335 partibus
2409 2280 2529 2333 quas
2557 2263 2955 2333 ambiguitatem
2989 2263 3130 2316 illam
3163 2262 3215 2315 in
3240 2260 3415 2316 medio
3452 2276 3548 2330 po-

1965 2366 2219 2423 suerunt,
2268 2364 2434 2410 restat
2477 2355 2837 2409 consulendus
2882 2360 2940 2408 ut
2983 2354 3286 2415 videamus,
3328 2354 3541 2407 cuinam

1965 2450 2268 2512 sententiae,
2299 2448 2365 2501 de
2397 2446 2638 2517 pluribus
2675 2461 2796 2516 quae
2832 2460 2891 2500 se
2919 2446 3229 2513 ostendunt,
3264 2445 3402 2499 {erat
3431 2443 3548 2499 suf-

1966 2539 2220 2609 fragium,
2253 2554 2508 2614 eamque.
2534 2538 2637 2592 sibi
2690 2535 2905 2592 contexi
2959 2538 3209 2605 patiatur.
3240 2535 3358 2589 Jam
3409 2549 3550 2590 nunc

1966 2632 2212 2701 exempla
2239 2630 2538 2686 considera.
2568 2629 2660 2683 Illa
2692 2628 2942 2682 lueretica
2970 2626 3243 2682 distinctio
3274 2643 3285 2676 :
3314 2625 3367 2679 ln
3401 2625 3549 2693 prin-

1966 2724 2108 2794 cipio
2131 2733 2247 2779 erat
2277 2721 2536 2786 Verbum,
2579 2728 2634 2775 et
2658 2718 2893 2775 Verbum
2933 2727 3049 2773 erat
3091 2717 3228 2786 apud
3260 2716 3451 2780 Deum,
3490 2722 3550 2769 et

1969 2816 2111 2871 Deus
2138 2822 2273 2877 erat,
2298 2821 2357 2867 ut
2381 2812 2519 2865 alius
2545 2811 2614 2864 sit
2652 2824 2843 2863 sensus
2874 2828 2888 2863 :
2921 2807 3157 2862 Verbum
3205 2807 3304 2860 hoc
3349 2812 3467 2859 erat
3494 2807 3551 2858 in

1970 2903 2233 2974 principio
2264 2902 2403 2971 apud
2454 2902 2640 2966 Deum,
2671 2915 2776 2953 non
2814 2899 2925 2952 vult
2953 2898 3117 2952 Deum
3162 2896 3394 2950 Verbum
3423 2908 3552 2949 con-

1971 2996 2129 3051 literi.
2154 2995 2258 3049 Sed
2294 2994 2394 3048 hrc
2420 2993 2601 3063 regula
2628 2992 2751 3046 ﬁdei
2792 2989 3147 3046 refellendum
3189 2996 3291 3051 est,
3313 3002 3418 3057 qua
3451 3003 3552 3042 no-

1972 3086 2053 3142 bis
2079 3085 2146 3141 de
2168 3084 2445 3139 Trinitatis
2468 3084 2773 3153 aequalitate
2798 3080 3181 3150 prmscribitur,
3203 3087 3259 3133 ut
3283 3078 3551 3143 dicamus,

1973 3175 2041 3230 Et
2069 3176 2212 3229 Deus
2236 3182 2352 3229 erat
2367 3173 2631 3236 Verbum;
2656 3171 2846 3225 deinde
2868 3170 3253 3239 subjungamus
3277 3168 3420 3222 :lloc
3432 3177 3551 3222 erat

285 3274 338 3319 et
372 3263 595 3330 fundati,
630 3273 909 3329 possemus
954 3255 1416 3327 comprehendere
1452 3270 1573 3309 cum
1614 3251 1866 3308 omnibus
1895 3246 1941 3308 Ο
1973 3267 2027 3320 in
2068 3264 2327 3334 principio
2352 3262 2490 3332 apud
2524 3262 2715 3316 Deum,
2748 3261 2840 3315 [lla
2875 3274 3002 3314 vero
3034 3258 3400 3313 distinctionis
3444 3271 3556 3311 am.

289 3357 513 3419 sanctis,
537 3368 655 3421 quae
690 3352 761 3406 sit
801 3349 1048 3416 latitudo,
1095 3357 1148 3403 et
1178 3344 1475 3415 longitudo,
1521 3352 1577 3399 et
1614 3343 1866 3409 altitudo,

288 3456 343 3502 et
370 3444 707 3515 profundum,
740 3442 791 3496 id
839 3452 920 3497 est
950 3454 1163 3497 crucem
1212 3438 1446 3491 Domini.
1482 3436 1579 3491 Est
1622 3438 1781 3490 etiam
1814 3434 1866 3487 in

290 3538 526 3609 hyssOpo
554 3537 633 3590 vis
666 3532 993 3603 purgatoria,
1022 3545 1111 3596 ne,
1147 3528 1368 3583 inﬂante
1411 3527 1656 3593 scientia,
1689 3525 1755 3580 de
1785 3524 1870 3578 di-

289 3634 435 3687 vitiis
447 3632 513 3685 ab
526 3629 759 3700 Egypto
774 3626 965 3682 ablatis
981 3623 1209 3695 superbe
1225 3621 1421 3692 aliquid
1442 3621 1620 3690 pulmo
1638 3617 1871 3673 tumidus

290 3724 535 3778 anhelet:
558 3722 825 3790 Asperges
864 3715 1183 3784 me,inquit,
1208 3715 1441 3783 hyssopo
1473 3721 1529 3766 ct
1550 3709 1871 3774 mundabor,

291 3815 497 3871 lat-abis
526 3827 632 3877 me,
672 3818 728 3865 et
760 3823 921 3878 super
964 3808 1139 3861 nivem
1166 3803 1478 3858 dealhabnr.
1506 3799 1721 3855 Auditui
1753 3812 1874 3852 meo

290 3905 443 3962 dabis
473 3920 502 3959 e
539 3901 883 3958 sultationem
921 3907 975 3955 et
1014 3896 1275 3952 iretitiam.
1301 3892 1503 3948 Deinde
1532 3904 1872 3958 consequen-

293 4009 379 4055 ter
423 3996 682 4057 annectit,
726 4002 783 4048 ut
834 3990 1085 4047 ostendat
1137 3986 1501 4056 purgationem
1544 3997 1573 4036 a
1623 3980 1873 4050 superbia

294 4088 581 4160 signiﬁcari
640 4085 873 4156 hyssopo
917 4099 931 4136 :
984 4078 1345 4135 Exsultabunt
1398 4090 1519 4130 ossa
1569 4072 1869 4127 humiliata.

294 4181 508 4248 Quanto
536 4187 712 4233 autesn
745 4177 922 4230 minor
963 4182 1043 4229 est
1070 4172 1208 4238 auri,
1237 4168 1443 4240 argenti
1475 4168 1748 4234 vestisque
1783 4179 1875 4218 co-

296 4271 407 4340 pis,
434 4266 688 4338 quamde
720 4264 951 4333 (Egypto
1000 4275 1181 4315 secum
1223 4259 1311 4313 ille
1360 4257 1586 4327 populus
1631 4255 1874 4319 abstulit,

301 4361 355 4414 in
380 4357 781 4426 comparatione
806 4352 1108 4408 divitiarum
1126 4365 1257 4420 quas
1280 4358 1463 4418 postea
1491 4346 1876 4416 Hierosolyma:

299 4460 618 4506 consecutus
649 4458 753 4513 est,
781 4463 898 4517 qua
922 4447 1159 4500 maxime
1192 4442 1289 4516 [in]
1321 4443 1606 4498 Salomone
1629 4456 1754 4512 rege
1784 4455 1877 4494 os-

299 4542 615 4598 tenduntur.
650 4540 822 4595 Tanta
854 4539 907 4592 ﬁt
938 4545 1125 4591 cuncta
1150 4534 1393 4598 scicntia,
1420 4548 1538 4601 quas
1562 4532 1774 4599 quidem
1798 4540 1880 4586 est

1972 3351 2202 3421 b‘guitas
2228 3359 2415 3405 neutra
2446 3359 2600 3421 parte
2622 3348 2823 3403 resistit
2854 3348 2998 3414 ﬁdei,
3037 3356 3092 3401 et
3112 3346 3236 3401 ideo
3264 3355 3411 3402 textu
3442 3347 3558 3417 ipso

1971 3440 2236 3496 sermonis
2262 3439 2601 3509 diiudicanda
2630 3448 2733 3506 est,
2766 3440 2853 3494 ubi
2885 3439 2958 3492 ait
2984 3438 3276 3506 Apostolus
3306 3455 3319 3491 :
3346 3438 3411 3492 Et
3431 3439 3559 3508 quid

1973 3535 2171 3602 eligam
2200 3534 2412 3603 ignoro,
2446 3532 2743 3602 compellor
2781 3540 2960 3586 autem
2991 3544 3057 3585 ex
3090 3528 3337 3584 duobus:
3367 3543 3562 3583 concu-

1971 3627 2287 3696 piscentiam
2339 3624 2542 3679 habens
2593 3622 2819 3677 dissolvi
2873 3630 2929 3677 et
2978 3634 3104 3675 esse
3146 3633 3269 3673 cum
3323 3618 3560 3685 Christo,

1974 3721 2141 3774 multo
2175 3719 2316 3773 enim
2352 3718 2518 3786 magis
2559 3717 2816 3784 optimum
2862 3728 3080 3767 manere
3137 3715 3200 3766 in
3243 3725 3426 3776 carne,
3462 3726 3561 3764 ne-

1976 3809 2268 3864 cessarium
2308 3816 2525 3875 prapter
2558 3819 2653 3858 vos
2690 3822 2703 3857 :
2751 3804 3013 3857 incertum
3063 3811 3150 3857 est
3187 3801 3331 3856 enim
3384 3809 3561 3854 utrum

1977 3916 2045 3957 ex
2087 3899 2320 3963 duobus,
2343 3895 2835 3965 concupiscentiam
2885 3893 3110 3959 habens,
3142 3906 3234 3955 an,
3267 3890 3563 3958 compellor

1976 4002 2152 4047 autem
2176 4006 2241 4046 ex
2262 3990 2491 4055 duobus,
2528 3999 2585 4043 ut
2614 3989 2742 4043 illud
2770 3987 3111 4055 adiungatur,
3160 3983 3562 4052 Coneupiscen~

1977 4086 2104 4142 tiam
2132 4084 2334 4138 habens
2365 4081 2586 4137 dissolvi
2638 4088 2694 4135 et
2722 4095 2842 4135 esse
2865 4094 2984 4133 cum
3017 4077 3235 4130 Christo
3265 4092 3279 4129 :
3310 4075 3404 4129 sed
3431 4090 3561 4143 quo-

1979 4179 2122 4233 niam
2156 4176 2425 4245 sequitur,
2474 4173 2642 4227 Mutto
2669 4169 2811 4226 enim
2839 4168 3008 4238 magis
3031 4167 3311 4237 optimum,
3343 4172 3564 4233 apparet

1978 4285 2100 4326 eum
2132 4269 2248 4338 eius
2277 4267 2465 4336 Optimi
2500 4264 2683 4319 dicere
2722 4278 2781 4317 se
2812 4262 3009 4316 habere
3044 4256 3560 4327 concupiscentiam,

1979 4374 2038 4417 ut
2074 4378 2193 4417 cum
2222 4376 2285 4417 ex
2318 4359 2523 4414 duobus
2561 4355 2915 4424 compellatur
2936 4394 2951 4419 ,
2981 4352 3210 4408 alterius
3250 4361 3429 4404 tamen
3466 4346 3565 4400 ha-

1980 4460 2105 4515 beat
2130 4453 2635 4525 coricupiscentiam,
2670 4449 2889 4504 alterius
2917 4446 3288 4502 necessitatem
3319 4460 3332 4496 :
3364 4455 3567 4495 concu-

1983 4547 2294 4619 pisceutiam
2335 4546 2537 4600 scilicet
2581 4556 2700 4597 esse
2753 4555 2875 4595 cum
2904 4538 3138 4600 Christo,
3169 4533 3565 4593 necessitatem,

300 4632 450 4686 utilis
478 4632 699 4687 collecta
725 4630 792 4685 de
818 4629 972 4684 libris
995 4626 1255 4697 gentium,
1284 4624 1328 4679 si
1357 4623 1656 4679 divinarum
1690 4622 1875 4691 Scrip-
1906 4611 1958 4672 D
1985 4611 2203 4694 inanem
2254 4639 2305 4692 ίη
2335 4651 2518 4703 came,
2564 4635 2693 4700 Quae
2732 4630 3050 4699 ambiguitas
3086 4640 3192 4681 υηο
3221 4623 3568 4692 consequenti

304 4730 541 4775 turarurn
585 4721 824 4775 scientia‘
866 4726 1229 4786 comparetur.
1260 4714 1390 4770 Nam
1423 4713 1676 4783 quidquid
1721 4716 1883 4768 homo

304 4822 454 4868 extra
495 4812 760 4877 didicerit,
790 4813 834 4865 si
866 4810 1084 4864 noxium
1113 4817 1214 4872 est,
1247 4807 1316 4861 ibi
1343 4806 1656 4869 damnatur;
1688 4805 1731 4859 si
1755 4805 1885 4859 utile

304 4911 409 4968 est,
436 4903 505 4957 ibi
532 4903 823 4966 invenitur;
853 4909 908 4956 et
927 4915 1047 4955 cum
1072 4898 1138 4953 ibi
1168 4900 1392 4969 quisque
1417 4898 1679 4952 invenerit
1707 4895 1883 4950 omnia

309 5011 428 5062 quae
453 4994 652 5048 utiliter
672 4994 792 5047 alibi
811 4991 1057 5048 didicerit
1075 4990 1325 5063 [didicit],
1351 4990 1516 5044 multo
1532 4988 1888 5044 abundantius

308 5087 380 5142 ibi
413 5086 715 5140 iuvenietea
738 5101 858 5155 qua:
880 5098 1138 5153 nusquam
1167 5083 1387 5137 omnino
1416 5081 1665 5143 alibi,sed
1690 5081 1740 5135 in
1769 5080 1889 5134 illa-

308 5192 426 5229 rum
446 5175 809 5230 tantummodo
840 5174 1232 5243 Scripturarum
1267 5172 1495 5227 mirabili
1530 5172 1811 5226 altitudine
1836 5179 1888 5227 et

309 5267 541 5321 mirabili
568 5266 864 5321 humilitate
887 5267 1185 5319 discuntur.
1218 5263 1325 5317 liae
1360 5263 1516 5332 igitur
1542 5262 1891 5316 instructinne

310 5360 593 5429 praeditum
620 5373 740 5413 cum
772 5358 919 5426 signa
955 5355 1220 5423 incognita
1240 5354 1492 5409 lectorem
1516 5368 1619 5407 non
1642 5352 1891 5423 impedie-

310 5454 439 5513 tint,
472 5448 653 5501 mitem
693 5459 746 5501 et
794 5448 1044 5500 humilem
1088 5444 1271 5507 corde,
1314 5444 1651 5512 subiugatum
1706 5443 1894 5498 leniter

309 5539 887 5592 Christoetoneratum
911 5536 1116 5591 sarcina
1153 5534 1570 5603 levi,l'undatum
1600 5542 1650 5590 et
1688 5534 1901 5589 radica-

314 5641 452 5693 tnm,
487 5629 865 5683 ctu-diﬁcatum
896 5628 947 5682 in
975 5628 1121 5682 chari
1149 5638 1255 5693 ate,
1276 5642 1434 5694 quem
1460 5627 1682 5682 scientia
1712 5627 1900 5683 inﬂare

312 5735 422 5776 non
450 5720 897 5786 possit,accedat
921 5719 985 5772 ad
1005 5719 1253 5790 ambigua
1309 5719 1458 5790 signa
1510 5712 1564 5775 in
1607 5719 1744 5791 Scrii
1767 5719 1902 5776 turis

316 5812 707 5867 consideranda
729 5823 780 5868 et
806 5811 1161 5868 discurieuda.

1986 4732 2151 4786 verbo
2196 4729 2523 4799 diiudicatur
2559 4723 2699 4795 quod
2749 4724 2979 4793 positum
3022 4728 3125 4783 est,
3174 4718 3353 4779 Enim;
3409 4728 3570 4783 quam

1990 4819 2300 4889 particulam
2340 4818 2428 4885 qui
2469 4816 2806 4869 abstulerunt
2853 4812 3195 4878 interpretes,
3253 4807 3343 4861 illa
3398 4805 3574 4873 potius

1991 4910 2257 4966 sententia
2290 4907 2433 4962 ducti
2466 4915 2612 4970 sunt,
2646 4914 2701 4958 ut
2738 4919 2842 4956 non
2872 4902 3044 4956 solum
3074 4897 3325 4967 compelli
3355 4911 3420 4949 ex
3447 4896 3573 4949 duo-

1993 5006 2113 5069 bus,
2143 5002 2237 5057 sed
2269 5002 2428 5054 etiam
2460 4999 2684 5053 duorum
2726 4996 2925 5050 habere
2962 4987 3455 5060 concupiscentiam
3499 4988 3577 5038 vi-

1993 5095 2228 5148 deretur.
2259 5092 2346 5146 Sic
2375 5104 2504 5158 ergo
2535 5085 2975 5157 distinguendum
3002 5092 3119 5138 est:
3154 5081 3217 5135 Et
3238 5077 3360 5148 quid
3380 5076 3574 5143 eligam

1995 5186 2201 5254 ignoro,
2218 5183 2512 5252 citmpellor
2532 5191 2709 5234 autem
2735 5194 2799 5233 ex
2819 5180 3029 5232 duobus
3047 5194 3061 5230 :
3078 5188 3235 5243 quam
3270 5165 3573 5224 distinctio-

1998 5292 2118 5336 nem
2171 5274 2432 5344 sequitur,
2472 5270 2961 5339 concupiscentiam
3013 5266 3218 5320 habens
3263 5254 3489 5314 dissolvi
3520 5263 3577 5307 et

2002 5384 2125 5424 esse
2160 5382 2280 5423 cum
2307 5366 2585 5429 ,Christo:
2620 5374 2673 5419 et
2724 5373 2974 5431 tanquam
3029 5359 3360 5426 quzereretur
3411 5360 3578 5415 quare

2002 5463 2162 5531 huius
2217 5460 2293 5516 rei
2344 5459 2521 5529 potius
2586 5458 2778 5512 haheat
2840 5443 3328 5517 concupiscentiam
3364 5436 3579 5531 :‘multo

2004 5528 2146 5611 enim
2203 5528 2372 5620 magis
2425 5551 2705 5620 Optimum,
2764 5545 2950 5612 inquit.
2982 5540 3089 5592 Cur
3137 5548 3266 5602 ergo
3302 5548 3332 5586 e
3371 5528 3580 5584 duobus

2006 5643 2387 5715 compellitur?
2417 5642 2539 5709 quia
2566 5648 2647 5696 est
2683 5634 2929 5691 manendi
2979 5625 3270 5684 necessitas
3317 5636 3476 5691 quam
3508 5621 3580 5673 ita

2005 5736 2269 5805 subiect:
2299 5735 2511 5788 Mancre
2536 5733 2586 5783 in
2619 5742 2780 5784 carne
2809 5719 3168 5778 necessarium
3201 5723 3417 5784 propter
3461 5725 3583 5764 vos.

2017 5803 2123 5882 Ubi
2148 5837 2323 5882 autem
2354 5837 2526 5892 neque
2554 5822 2656 5892 52
2693 5817 3002 5890 prxscripto
3027 5809 3174 5879 ﬁdei,
3204 5820 3375 5877 neque
3418 5803 3585 5873 ipsius
