3986 6190
467 357 572 418 9,59

1533 353 1594 409 D.
1639 351 1960 409 EUGYPPII
2000 348 2292 406 ABB.\TIS
2332 349 2654 407 AFRICANI
3281 353 3308 382 θ

3624 352 3732 406 9.6-9

465 471 732 527 sermonis
781 479 930 526 textu
982 471 1301 542 ambiguitas
1351 468 1607 536 ettplicari
1655 475 1864 535 potest,
1917 463 2047 516 nihil
2079 465 2124 522 Α
2159 462 2249 514 Est
2277 463 2438 518 etiam
2480 461 2800 532 ambiguitas
2829 459 2882 513 in
2926 473 3058 513 sono
3086 458 3246 512 dubio
3288 457 3650 527 syllabarum,
3682 469 3737 515 et

465 562 644 626 obest,
679 561 970 616 secundum
999 560 1294 629 quamlibet
1323 573 1506 613 earum
1539 572 1657 626 quae
1692 555 2048 610 ostenduntur

465 654 785 706 sententiam
816 651 1170 718 distinguere,
1207 649 1368 702 veluti
1400 656 1480 700 est
1505 647 1592 700 illa
1615 646 1680 700 ad
1702 645 2048 699 Corinthios:

469 740 577 796 l‘las
616 755 744 812 ergo
789 741 1173 811 promiSsioues
1215 739 1493 802 habentes,
1535 736 1861 801 charissimi,
1893 749 2044 787 ninn-

471 836 665 886 demus
695 847 790 885 nos
817 831 885 884 ab
907 834 1048 901 omni
1078 832 1513 902 coinquinatione
1537 831 1712 884 carnis
1737 837 1791 881 et
1810 827 2049 894 spiritus.

469 923 806 989 perficientes
848 921 1326 976 sanctilicationem
1379 921 1430 974 in
1479 921 1676 973 timore
1722 919 1814 972 Dei
1843 916 2053 982 :capite

469 1027 570 1065 nos
596 1029 611 1065 :
642 1013 840 1067 ne'tnini
891 1015 1189 1067 nocuimus.
1221 1013 1444 1066 Dubium
1492 1011 1688 1080 quippe
1730 1019 1830 1074 est,
1873 1017 2051 1062 utrum

468 1105 785 1159 mandemus
813 1120 908 1160 nos
939 1106 1004 1158 ab
1027 1107 1173 1158 omni
1202 1105 1570 1173 inquinatione
1598 1103 1777 1157 carnis
1806 1110 1859 1155 et
1885 1099 2052 1168 Spiri-

471 1205 579 1259 tus,
609 1196 903 1249 secundum
934 1197 1077 1250 illam
1107 1195 1446 1258 sententiam,
1476 1203 1530 1246 ιιι
1556 1195 1625 1247 sit
1652 1203 1834 1246 sancta
1857 1199 1911 1244 et
1933 1204 2056 1243 cor-

474 1301 604 1353 pore
631 1296 685 1340 et
715 1288 946 1355 Spiritu;
981 1302 1046 1340 an
1080 1289 1396 1340 mandemus
1426 1301 1522 1339 nos
1548 1285 1615 1338 ab
1637 1285 1783 1338 omni
1807 1283 2051 1351 coinqui-

469 1381 690 1432 natione
717 1381 919 1445 carnis,
952 1388 1008 1432 ttt
1030 1380 1167 1433 alius
1196 1381 1265 1433 sit
1302 1393 1512 1443 sensus,
1547 1387 1599 1431 et
1640 1377 1858 1444 spiritus
1893 1375 2052 1441 peril-

468 1471 677 1524 cientes
717 1472 1222 1534 sattctilicationetn,
1257 1470 1307 1523 in
1357 1469 1548 1523 timore
1582 1467 1672 1522 Dei
1715 1464 1889 1534 capite
1932 1480 2052 1518 nos.

467 1559 626 1614 Tales
665 1561 826 1630 igitur
851 1562 1252 1618 distinctionum
1313 1559 1682 1630 ambiguitates
1713 1558 1763 1611 in
1792 1565 2056 1627 potestate

467 1650 698 1719 legentis
731 1662 876 1705 sunt.

962 1738 1190 1794 CAPUT
1251 1737 1552 1792 CCLXXII.

2159 555 2268 607 haec
2296 555 2475 623 utique
2495 554 2562 608 ad
2589 552 3074 621 pronuntiationem
3100 551 3374 619 pertinens
3402 567 3415 602 :
3449 566 3566 603 nam
3595 551 3750 620 quad'

2159 646 2415 715 scriptum
2448 653 2530 698 est
2557 686 2571 710 ,
2627 658 2732 696 non
2766 649 2848 695 est
2877 640 3244 696 absconditum
3283 655 3311 692 a
3347 650 3400 693 te
3430 655 3491 692 os
3523 656 3701 693 meum
3722 681 3736 703 ,

2156 736 2296 806 quod
2329 735 2500 790 fecisti
2533 736 2585 788 in
2615 733 2964 796 abscondito,
2997 748 3102 786 non
3134 732 3309 786 elucet
3341 731 3534 799 legenti
3560 741 3736 783 utrum

2157 833 2404 894 correpta
2430 839 2490 879 os
2521 823 2697 878 littera
2728 823 3066 894 pronuntiet,
3096 838 3162 876 an
3197 821 3472 892 producta.
3506 821 3562 874 Si
3595 822 3736 876 enim

2157 917 2439 986 corripiat,
2474 917 2540 971 ab
2571 932 2636 972 eo
2667 917 2807 987 quod
2837 925 3140 996 sunt-ossa,
3170 916 3214 969 si
3246 923 3423 968 autem
3456 914 3735 984 producat,

2156 1012 2226 1065 ab
2256 1027 2322 1066 eo
2352 1011 2493 1082 quod
2525 1022 2651 1066 sunt
2680 1025 2773 1063 ora
2804 1010 3120 1078 intelligitur
3151 1022 3402 1061 numerus
3432 1006 3737 1073 singularis.

2157 1103 2261 1158 Sed
2295 1103 2415 1156 talia
2444 1103 2640 1171 lingua:
2671 1100 3021 1170 praecedentis
3047 1099 3381 1167 inspectione
3407 1097 3736 1164 judicantur.

2158 1191 2290 1246 Nam
2313 1191 2362 1247 in
2389 1191 2577 1245 Graeco
2599 1205 2702 1244 non
2721 1191 2891 1259 στόμα
2909 1188 3000 1242 sed
3019 1188 3190 1242 ὀστέον
3210 1187 3437 1251 positum
3461 1193 3565 1238 est.
3587 1184 3740 1238 Unde

2161 1283 2476 1351 plerumque
2525 1281 2773 1349 loquendi
2807 1278 3139 1333 consuetudo
3167 1278 3401 1348 vulgaris
3448 1276 3633 1329 utilior
3659 1282 3740 1328 est

2159 1370 2523 1440 significandis
2546 1372 2728 1438 rebus,
2750 1384 2906 1438 quam
2940 1365 3216 1436 integritas
3243 1368 3493 1420 litterata.
3529 1367 3737 1420 Mallem

2159 1462 2353 1529 quippe
2383 1475 2505 1516 cum
2555 1460 2888 1513 barbarismo
2921 1457 3026 1512 dici
3061 1473 3072 1509 :
3108 1457 3219 1510 Non
3257 1467 3336 1510 est
3367 1458 3738 1511 absconditum

2159 1568 2188 1606 a
2222 1561 2274 1607 te
2302 1568 2484 1608 ossum
2516 1567 2691 1606 meum
2716 1594 2729 1616 ,
2764 1566 2922 1620 quam
2956 1559 3012 1602 ut
3044 1549 3163 1608 ideo
3204 1559 3348 1603 esset
3379 1549 3552 1603 minus
3585 1565 3738 1617 aper-

2161 1651 2295 1708 tum,
2327 1644 2449 1713 quia
2482 1643 2651 1712 magis
2681 1642 2927 1695 Latinum
2959 1651 3058 1694 cst.
3093 1639 3195 1694 Sed
3229 1639 3512 1708 aliquando
3543 1639 3736 1694 dubius

2159 1736 2380 1807 Syllaba:
2426 1749 2608 1798 sonus,
2661 1733 2820 1787 etiam
2852 1731 3025 1786 vicino
3051 1731 3215 1785 verbo
3241 1732 3306 1784 ad
3334 1731 3580 1785 eamdem
3605 1747 3730 1784 sen-

468 1847 544 1902 De
581 1851 830 1916 ambiguis
875 1850 1379 1916 pronuntiationibus
1419 1845 1589 1916 ponit
1629 1847 1850 1914 exentpli
1896 1864 2041 1901 causa

2159 1826 2377 1881 tentiam
2413 1825 2710 1896 pertinente
2735 1824 3096 1894 dijudicatur;
3138 1825 3292 1878 sicuti
3324 1831 3408 1878 est
3436 1823 3568 1876 illud
3595 1824 3735 1890 Apo-

539 1922 797 1989 quomodo
827 1922 1261 1989 pronuntiandum
1293 1921 1356 1971 sit
1389 1937 1406 1973 :
1438 1921 1564 1986 Quis
1589 1919 1843 1972 accusabit
1874 1922 2054 1971 adver-

537 2007 624 2041 tus
646 1991 831 2042 electos
864 1990 996 2042 Dei?
1019 2007 1084 2043 ea:
1108 1991 1284 2043 cadent
1309 1990 1459 2042 libro.

539 2101 879 2171 Quaecunque
908 2112 1086 2156 autem
1117 2102 1182 2156 de
1213 2102 1473 2171 ambiguis
1504 2102 1930 2156 distinctionibus
1959 2102 2050 2156 di-

468 2194 662 2254 ximus,
693 2193 880 2247 eadem
913 2193 1249 2247 observanda
1280 2204 1403 2258 sunt
1443 2204 1494 2246 et
1538 2193 1590 2246 in
1633 2193 1896 2261 ambiguis
1927 2209 2047 2263 pro-

470 2286 894 2339 nuntiationibus
927 2303 938 2337 :
968 2301 1088 2339 nam
1116 2295 1168 2339 et
1199 2286 1327 2354 ipsm
1349 2326 1363 2350 ,
1399 2286 1500 2339 nisi
1530 2287 1742 2338 lect-iris
1787 2286 1944 2339 nituit
1975 2285 2050 2338 vi-

468 2375 672 2437 tientur
723 2376 952 2442 incuria,
986 2385 1077 2429 aut
1124 2377 1318 2442 regulis
1371 2375 1486 2428 fidei
1539 2376 1913 2444 corriguntur,
1959 2383 2050 2428 aut

470 2466 822 2530 pra-cedentis
853 2467 932 2520 vel
962 2465 1339 2534 consequentis
1365 2468 1696 2520 connexione
1739 2467 2006 2520 sermonis
2030 2507 2044 2534 ,

465 2541 558 2608 aut
603 2556 645 2608 si
681 2565 923 2610 neutrum
957 2558 1147 2610 horum
1193 2557 1475 2610 adhibetur
1512 2556 1580 2609 rid
1613 2559 2002 2610 corrt-ctiOuctn
2027 2597 2042 2620 ,

474 2645 824 2699 nihilominus
867 2647 1037 2700 dubia:
1109 2647 1482 2711 remanebunt,
1517 2659 1569 2698 ut
1609 2645 1840 2716 quolibet
1890 2647 2048 2699 modo

472 2736 640 2789 lector
671 2737 1116 2803 pronuntiaverit,
1152 2737 1255 2790 non
1285 2739 1354 2792 sit
1385 2737 1436 2790 in
1467 2738 1620 2806 culpa
1648 2756 1657 2788 :
1690 2736 1788 2790 nisi
1813 2738 1954 2791 enim
1988 2738 2048 2790 fi-

467 2828 563 2880 des
595 2839 807 2882 revocet
830 2845 930 2896 qua
950 2830 1216 2884 credimus
1238 2830 1517 2883 Dominum
1547 2845 1646 2883 non
1677 2839 2044 2884 accusaturum

466 2918 726 2973 adversus
757 2921 857 2974 elct
879 2931 958 2975 tos
985 2938 1134 2986 suos,
1181 2933 1236 2976 et
1263 2921 1536 2990 Christum
1583 2939 1689 2975 non
1721 2925 2048 2977 condemna-

469 3015 643 3062 turutn
687 3010 888 3065 electos
932 3025 1099 3076 suos,
1135 3022 1309 3080 potest
1360 3013 1485 3066 illud
1521 3014 1600 3067 sic
1648 3015 1978 3082 pronuntiari
2029 3032 2042 3068 :

465 3101 596 3164 Quis
641 3103 909 3154 accusabit
941 3104 1197 3157 adversus
1235 3104 1387 3157 electi
1411 3119 1437 3158 s
1475 3105 1603 3158 Dei?
1633 3115 1686 3159 ιιι
1715 3105 1852 3159 hanc
1881 3107 2046 3159 inter-

2158 1919 2283 1976 stoli
2318 1934 2333 1972 :
2365 1918 2494 1986 Qua:
2527 1917 2758 1985 prtedico
2800 1917 2953 1971 vobis
2999 1917 3139 1971 sicut
3187 1916 3428 1985 prmdixi,
3480 1915 3732 1983 quoniam

2155 2010 2241 2080 qui
2276 2007 2398 2061 talia
2463 2016 2622 2076 agunt
2675 2021 2894 2075 regnum
2946 2006 3040 2060 Dei
3093 2020 3197 2058 non
3252 2005 3624 2074 possidebunt.
3679 2005 3732 2059 Si

2159 2098 2525 2151 tantummodo
2572 2095 2800 2149 dixisset
2827 2137 2841 2161 ,
2877 2109 2996 2164 qua:
3028 2095 3262 2162 prtedico
3313 2094 3500 2158 vobis,
3558 2109 3730 2160 neque

2153 2186 2523 2255 sahjuuxisset
2549 2225 2564 2250 ,
2611 2188 2751 2240 sicut
2783 2185 3004 2252 praedixi
3037 2224 3052 2249 ,
3085 2200 3187 2237 non
3221 2185 3321 2238 nisi
3370 2185 3436 2237 ad
3486 2185 3731 2237 codZCem

2155 2279 2507 2350 prmcedeutis
2540 2279 2730 2347 lingua:
2761 2277 3140 2332 recurrendum
3168 2286 3334 2336 esset,
3363 2285 3418 2328 ut
3443 2289 3732 2344 cognosce-

2153 2381 2369 2432 remus,
2403 2376 2580 2420 utrum
2633 2371 2684 2420 iu
2728 2381 2793 2419 eo
2823 2366 2962 2435 quod
3013 2366 3165 2429 dixit,
3219 2366 3480 2433 pra-dico,
3539 2365 3730 2432 produ-

2150 2458 2318 2512 ct'nda
2341 2474 2410 2510 an
2443 2457 2786 2525 corripienda
2819 2467 2960 2511 esset
2990 2457 3190 2526 syllaba
3220 2457 3390 2508 media
3424 2475 3437 2508 :
3469 2471 3609 2507 nunc
3636 2470 3729 2506 att-

2153 2559 2259 2604 tein
2291 2549 2628 2604 manifestum
2681 2558 2764 2604 est
2814 2548 3210 2617 produrendam
3259 2562 3376 2600 esse
3400 2589 3414 2611 ,
3447 2563 3554 2600 non
3590 2549 3728 2600 enim

2151 2643 2224 2695 ait
2253 2641 2393 2696 sicut
2427 2642 2732 2710 pra'dicavi,
2763 2640 2856 2694 sed
2882 2681 2895 2704 ,
2931 2642 3068 2694 sicut
3115 2640 3356 2707 pra-dixi.
3389 2638 3503 2692 Non
3557 2640 3727 2691 SUIUIII

2151 2741 2328 2786 autem
2363 2733 2501 2797 islil‘,
2533 2731 2627 2786 sed
2657 2732 2819 2785 etiam
2853 2731 2955 2783 illa:
2986 2729 3357 2798 ambiguitates
3387 2745 3506 2796 qua!
3531 2745 3638 2782 non
3665 2728 3728 2782 ad

2152 2824 2546 2878 distinctionem
2577 2823 2657 2879 vel
2690 2824 2755 2876 ad
2790 2824 3277 2894 pronuntiationem
3313 2823 3580 2891 pertinent
3610 2861 3625 2885 ,
3655 2820 3728 2874 si-

2150 2917 2349 2970 miiter
2378 2915 2782 2969 consideranda:
2827 2922 2951 2968 sunt
2981 2931 2994 2966 :
3028 2914 3201 2980 qualis
3233 2914 3319 2966 illa
3351 2921 3432 2965 est
3461 2912 3524 2964 ad
3558 2913 3728 2964 'l‘hrs-

2149 2993 2514 3060 Qlunicenses
2547 3022 2560 3058 :
2613 3005 2903 3071 Propterea
2935 3005 3197 3058 consiilati
3241 3019 3424 3057 sumus
3456 3004 3648 3057 fratres
3680 3005 3727 3054 in

2148 3097 2323 3156 vobis.
2358 3096 2582 3149 Dubium
2616 3094 2740 3166 [est]
2773 3084 2913 3148 enim
2955 3104 3162 3162 utrumt
3185 3109 3219 3148 ο
3249 3095 3439 3148 fratres
3461 3136 3475 3156 ,
3508 3109 3601 3158 an,
3637 3094 3727 3144 hos

463 3193 790 3257 rogationem
820 3193 971 3262 quasi
1019 3194 1300 3263 responsio
1343 3205 1700 3263 consequatur
1729 3213 1741 3247 :
1778 3195 1920 3260 Deus
1951 3197 2038 3264 qui

2153 3182 2364 3238 fratres.
2391 3184 2647 3238 Neutrum
2677 3196 2853 3238 autem
2876 3185 3063 3238 horum
3095 3197 3175 3239 est
3203 3193 3388 3238 contra
3424 3184 3606 3244 tidem,
3635 3184 3726 3237 sed

461 3283 743 3360 justilicat;
771 3293 828 3338 et
859 3285 1051 3340 iterum
1083 3286 1441 3354 interrogetur
1473 3302 1486 3339 :
1520 3287 1651 3351 Quis
1680 3296 1759 3340 cst
1791 3287 1876 3356 qui
1908 3302 2040 3339 con-

461 3376 715 3434 demnet?
757 3383 812 3427 et
860 3375 1250 3440 reSpondeatur
1279 3393 1291 3428 :
1324 3375 1570 3429 Christus
1597 3375 1753 3430 Jesus
1783 3377 1873 3445 qui
1901 3393 2045 3430 mor-

462 3474 584 3518 tuus
613 3473 713 3518 est.
745 3467 895 3530 Quod
927 3468 1150 3521 credere
1177 3472 1298 3535 quia
1328 3469 1789 3523 tlementissimum
1831 3479 1935 3536 est,
1969 3471 2041 3524 ita

465 3556 914 3624 pronuntiabitur,
949 3569 1005 3610 ut
1045 3559 1312 3626 prarcedat
1357 3561 1756 3626 percunctatio,
1788 3570 2042 3628 sequatur

463 3646 831 3716 interrogatio.
863 3647 1005 3701 luter
1038 3649 1534 3717 percunctationem
1579 3659 1758 3704 autem
1795 3659 1850 3707 et
1877 3652 2042 3706 inter-

462 3739 789 3806 rogationem
825 3739 924 3792 lioc
953 3751 1163 3794 veteres
1195 3741 1458 3795 interesse
1501 3741 1774 3808 dixerunt,
1803 3743 1942 3812 quod
1975 3747 2039 3801 ad

462 3830 954 3903 prrcnnclatienem
987 3831 1151 3886 multa
1177 3831 1746 3900 respondetipossunt,
1780 3836 1844 3888 ad
1873 3835 2036 3892 inter-

460 3921 788 3990 rogationem
821 3937 948 3977 vero
977 3933 1066 3976 aut
1098 3939 1227 3991 non,
1265 3924 1557 3978 autetiam.
1601 3924 2041 3983 Pronuntiabitur

462 4027 589 4082 ergo
619 4013 726 4076 ita,
783 4023 838 4067 ut
865 4054 880 4078 ,
937 4024 1056 4084 post
1087 4016 1576 4080 percutietationem
1626 4032 1726 4085 qua
1759 4018 1987 4073 dicimus
2020 4036 2036 4074 :

459 4102 588 4169 Quis
626 4105 900 4164 accusabit
942 4107 1200 4165 adversus
1227 4111 1428 4162 electos
1463 4109 1589 4161 Dei?
1622 4109 1752 4164 illud
1785 4114 1924 4181 quod
1951 4129 2039 4170 se-

458 4193 641 4260 quitur
670 4210 745 4247 soi
770 4212 802 4250 o
833 4197 1213 4267 interrogantis
1243 4202 1554 4254 enuntietur
1589 4219 1602 4255 :
1652 4205 1788 4258 Dens
1811 4206 1896 4274 qui
1919 4206 2036 4273 jus-

460 4283 666 4337 tilicat?
716 4297 769 4338 ut
814 4288 971 4340 tacite
1014 4291 1420 4355 reSpondcatur,
1475 4292 1588 4346 Non
1623 4311 1633 4345 :
1664 4303 1717 4348 et
1772 4295 1896 4349 item
1931 4312 2041 4364 per-

455 4384 811 4430 cunctemur:
844 4377 974 4445 Quis
1009 4389 1090 4434 est
1121 4382 1209 4449 qui
1241 4384 1604 4437 eundemnat?
1631 4397 1922 4456 rursusque
1955 4390 2037 4441 in-

457 4474 790 4534 terrogemus
824 4483 837 4518 :
885 4468 1133 4524 Christus
1162 4470 1317 4525 Jesns
1348 4473 1436 4540 qui
1465 4485 1702 4528 mortuus
1734 4485 1834 4543 est,
1869 4479 2035 4546 mag's

2144 3274 2336 3330 Graeca
2367 3276 2544 3350 lingua
2577 3277 2672 3330 hos
2702 3293 2856 3332 casus
2901 3293 3056 3348 pares
3102 3293 3205 3331 non
3261 3278 3449 3339 habet,
3499 3286 3553 3331 et
3608 3279 3725 3331 ideo

2143 3367 2233 3422 illa
2260 3368 2500 3438 inspecta
2532 3372 2866 3423 renunt’atur
2898 3369 3191 3435 vocativus,
3227 3368 3277 3446 id
3311 3380 3425 3434 est,
3446 3385 3478 3422 ο
3508 3368 3722 3422 fratres.

2140 3456 2291 3522 Quod
2323 3459 2366 3511 si
2402 3459 2652 3513 voluisset
2706 3459 2966 3528 interpres
2993 3459 3172 3512 dicere
3203 3476 3218 3511 :
3252 3458 3544 3528 Propterea
3596 3477 3723 3514 cou-

2142 3548 2463 3601 solationem
2491 3549 2795 3612 habuimus,
2823 3549 3036 3614 fratres,
3064 3551 3115 3603 in
3148 3550 3319 3616 vobis,
3350 3552 3526 3604 minus
3551 3551 3720 3604 servi-

2151 3644 2260 3689 tum
2287 3648 2430 3691 esset
2459 3639 2635 3692 verbis
2659 3679 2674 3703 ,
2709 3640 2802 3692 sed
2837 3641 3013 3693 minus
3064 3639 3130 3693 de
3159 3641 3422 3694 sententia
3454 3640 3721 3694 dubitare-

2142 3736 2248 3792 tur,
2280 3739 2369 3782 aut
2397 3738 2544 3784 certe
2574 3731 2614 3783 si
2644 3731 2953 3799 adderetur,
2988 3732 3191 3794 nostri,
3229 3747 3387 3786 nemo
3415 3733 3556 3787 enim
3612 3733 3721 3787 fere

2139 3826 2436 3895 ambigeret
2486 3829 2787 3882 vocativum
2837 3843 3018 3882 casum
3073 3844 3234 3893 esse,
3293 3845 3414 3884 cum
3461 3831 3714 3883 audiret:

2141 3915 2431 3986 Propterea
2464 3922 2723 3975 consolati
2756 3936 2942 3974 sumus
2991 3922 3184 3975 fratres
3217 3923 3384 3977 nostri
3433 3923 3484 3975 in
3535 3924 3714 3986 vobis;

2140 4009 2232 4062 sed
2257 4010 2367 4078 jam
2404 4011 2502 4064 hnc
2529 4012 2879 4080 periculosius
2923 4013 3266 4080 permittitur.
3311 4013 3381 4065 Ita
3415 4013 3608 4065 factum
3638 4031 3666 4063 e
3698 4022 3718 4066 t

2141 4099 2191 4153 itt
2225 4101 2314 4154 illa
2360 4103 2423 4156 ad
2477 4103 2828 4170 Corinthios,-
2861 4119 2980 4157 cutn
3013 4104 3084 4156 ait
3117 4106 3398 4169 Apostolus
3429 4123 3440 4157 :
3474 4106 3718 4171 Quotidie

2145 4193 2350 4245 morior
2376 4209 2469 4261 per
2492 4203 2722 4247 vestam
2753 4195 2998 4262 gloriam,
3028 4197 3246 4257 fratres,
3279 4209 3435 4263 quam
3469 4195 3641 4247 habeo
3667 4194 3717 4246 iit

2139 4280 2356 4336 Cltristo
2384 4286 2532 4337 Jesu.
2568 4285 2657 4336 Ait
2689 4288 2829 4338 enim
2861 4286 3074 4353 quidam
3126 4287 3390 4354 interpres
3425 4305 3436 4337 :
3467 4286 3720 4350 Quotidie

2139 4375 2356 4433 morior,
2394 4389 2488 4440 per
2533 4386 2766 4427 vesmtm
2813 4373 2937 4443 juro
2982 4376 3237 4444 gloriam;
3272 4375 3395 4444 quia
3432 4377 3483 4429 in
3530 4376 3719 4428 ϐττιτρο

2139 4477 2242 4514 vox
2276 4463 2497 4528 iurantis
2530 4470 2588 4522 vr)
2620 4465 2900 4517 manifesta
2946 4477 3046 4527 est.
3097 4467 3212 4518 sine
3262 4467 3508 4534 ambiguo
3555 4480 3715 4517 sono.

455 4565 630 4619 autem
665 4557 751 4626 qui
783 4561 1096 4624 resurrexit,
1129 4560 1217 4628 qui
1249 4572 1332 4615 εει
1366 4562 1416 4615 in
1445 4564 1661 4618 ἀρχιρω
1699 4566 1788 4622 De;
1814 4611 1828 4635 θ
1860 4568 1949 4635 qui
1981 4577 2035 4621 ει
2069 4549 2114 4620 D
2143 4552 2435 4606 liarissime
2463 4557 2622 4624 igitur
2651 4564 2703 4609 et
2733 4556 3065 4609 ditlicillime.
3088 4557 3314 4609 inveniri
3347 4563 3521 4623 potest
3545 4555 3720 4607 amtii'

457 4645 765 4716 interpellat
794 4664 890 4717 pro
919 4650 1180 4703 noliisiut
1212 4652 1407 4719 ubique
1436 4655 1594 4709 tat-ite
1623 4657 2031 4724 respondeatur,

454 4729 688 4790 No'n.At
709 4754 835 4793 vero
861 4740 953 4792 illo
977 4740 1029 4794 in
1055 4742 1172 4795 loco
1199 4741 1284 4795 ubi
1312 4742 1386 4795 ait
1412 4761 1422 4794 :
1453 4744 1586 4808 Quid
1608 4761 1734 4812 ergo
1761 4747 2034 4800 dicemus?

453 4829 577 4894 quia
593 4839 811 4896 agentes
833 4846 951 4898 quze
970 4848 1073 4884 non
1098 4833 1444 4888 sectabantur
1459 4834 1715 4902 justitiam
1735 4839 2035 4904 apprehen-

453 4919 634 4972 derint
653 4919 936 4988 justitiam,
954 4925 1050 4977 nisi
1071 4936 1188 4994 post
1207 4929 1692 4991 percunctationem
1713 4947 1809 4995 qua
1832 4931 2030 4985 dictum

455 5019 586 5064 est:
638 5011 772 5079 Quid
823 5029 951 5083 ergo
1000 5015 1281 5070 dicemus?
1331 5020 1606 5086 responsio
1651 5021 1962 5090 subjiciatur
2015 5037 2028 5075 :

453 5104 584 5168 Quia
616 5115 834 5173 gentes,
867 5123 981 5174 qua!
1013 5125 1117 5162 non
1150 5111 1803 5180 sectabanturjustitiam,
1834 5128 2029 5182 apprc-

453 5197 754 5251 hendernnt
777 5198 1060 5269 justitiam,
1097 5211 1271 5256 textus
1303 5219 1638 5273 consequens
1664 5221 1765 5258 non
1792 5207 2031 5259 coluere-

455 5286 550 5340 liit.
581 5289 830 5354 Qualibet
877 5303 1053 5344 autem
1111 5308 1240 5346 voce
1297 5297 1668 5360 pronuntietur
1715 5297 1840 5349 illttd
1888 5298 2029 5364 quod

449 5380 740 5442 batlianael
771 5383 903 5435 dixit
932 5383 1004 5437 2A
1024 5385 1284 5437 Nazrtreth
1314 5396 1486 5450 ιιοιι-δι
1513 5389 1716 5455 aliquid
1733 5390 1853 5442 boni
1877 5404 2022 5453 esse,

449 5469 568 5540 sive
597 5471 944 5540 affirmautis,
974 5483 1031 5526 ιιι
1072 5475 1196 5528 illud
1230 5475 1400 5527 solum
1443 5478 1506 5528 ad
1555 5477 2024 5546 interrogationem

450 5560 735 5636 pertineat,
769 5564 906 5628 quod
937 5564 1011 5616 ait
1037 5603 1050 5623 ,
1096 5567 1137 5616 A
1183 5563 1487 5618 Nazareth?
1540 5569 1650 5621 sive
1702 5578 1865 5620 totum
1905 5584 2024 5622 cum

451 5648 782 5705 dubitatione
806 5653 1205 5725 interrogantis,
1235 5674 1336 5711 nou
1365 5659 1516 5713 video
1544 5660 2027 5729 quomododisccr-

449 5747 606 5800 natur
639 5754 653 5794 :
689 5750 914 5812 uterque
957 5756 1133 5801 autent
1181 5766 1368 5807 sensus
1410 5751 1569 5807 fidem
1618 5769 1724 5808 non
1778 5752 2019 5825 impedit.

2137 4645 2308 4712 guitas
2345 4645 2396 4696 in
2427 4645 2656 4713 propriis
2685 4646 2894 4713 verbis,
2925 4654 3180 4712 quantum
3210 4647 3274 4699 ad
3318 4647 3482 4700 libros
3509 4646 3719 4697 divina-

2141 4753 2253 4787 rum
2287 4736 2682 4802 Scripturarttm
2720 4747 2953 4802 spectat,
3003 4753 3159 4804 quatn
3194 4753 3297 4787 non
3345 4744 3437 4788 aut
3483 4735 3716 4786 circum--

2136 4827 2330 4877 Stantia
2363 4826 2475 4893 ipsa
2525 4825 2796 4877 sermonis
2848 4841 2948 4893 qua
2997 4825 3336 4893 cugitoscitttr
3388 4823 3716 4889 scriptorum

2135 4915 2380 4980 intentio,
2415 4925 2506 4968 ant
2559 4916 2907 4983 interpretum
2939 4917 3154 4968 collatio
3176 4957 3190 4982 ,
3224 4925 3312 4968 aut
3361 4912 3717 4982 praecdentis

2136 5007 2327 5076 lingua:
2357 5007 2533 5062 solvat
2567 5007 2850 5072 inspectio.

2631 5120 2855 5174 CAPUT
2886 5119 3203 5179 CCLXXI".

2134 5229 2212 5286 De
2244 5230 2660 5298 ambiguitatibus
2707 5234 2968 5286 verborum
3019 5233 3409 5295 translatorum,
3449 5233 3500 5285 in
3530 5233 3713 5300 qubus

2204 5304 2482 5353 Cavendum
2507 5314 2782 5368 prtcmouet
2813 5319 2873 5353 ne
2909 5305 3130 5370 ﬁgurata
3160 5304 3346 5356 locutio
3376 5303 3443 5354 ad
3490 5305 3711 5356 litteram

2204 5372 2523 5440 accipiatur;
2553 5389 2614 5425 ex
2643 5375 2818 5425 eodem
2848 5373 3000 5426 libra.

2203 5484 2305 5540 Sed
2331 5484 2611 5538 verborum
2645 5484 3023 5537 translatorum
3054 5483 3427 5552 ambiguitates
3450 5525 3465 5549 ,
3497 5482 3564 5536 de
3593 5485 3711 5550 qui-

2131 5578 2228 5632 bus
2256 5577 2511 5646 deinceps
2539 5576 2858 5646 loquendum
2886 5587 2987 5642 est,
3024 5593 3128 5631 non
3172 5578 3496 5632 mediocrem
3524 5592 3708 5630 curaui

2129 5668 2554 5738 industriamque
2583 5669 2890 5724 desiderant
2937 5687 2948 5720 :
2982 5685 3103 5724 nam
3140 5670 3192 5724 in
3225 5670 3487 5737 principio
3517 5684 3710 5724 caven-

2127 5759 2254 5813 dam
2285 5767 2367 5815 est
2411 5775 2477 5816 nc
2506 5760 2785 5830 figuratam
2828 5761 3153 5816 locutionem
3187 5761 3254 5815 ad
3298 5761 3526 5814 litteram
3557 5759 3707 5813 acci-
