4016 6184
254 350 363 404 961

1400 338 1837 396 ΤΙΙΕΞᾹΟΠΕΞ.
1878 337 2031 392 CAP.
2077 337 2399 393 CCLXXlY.

3435 344 3540 398 96‘!

251 470 400 540 pias,
447 474 502 519 et
545 462 608 516 ad
642 460 742 515 hoc
787 459 924 513 enim
958 457 1186 529 pertinet
1216 458 1352 527 quod
1399 458 1472 511 ait
1504 457 1793 526 Apo<tolus
1823 469 1837 507 :
1871 450 1920 514 A
1961 455 2133 509 mines
2162 456 2465 525 vituperare
2509 462 2671 522 atque
2712 451 2969 509 damnare
3012 466 3435 519 consueverunt;
3482 470 3536 512 et

254 548 469 610 Littera
500 552 695 607 occidit
725 589 740 617 ,
773 548 988 619 spiritus
1036 559 1212 603 autem
1244 548 1494 602 viviﬁcat.
1531 551 1661 602 Cum
1705 548 1849 601 enim

258 649 494 719 figurate
534 644 735 698 dictum
763 643 839 697 sic
866 642 1127 711 accipitur
1148 653 1396 709 tanquam
1423 639 1848 707 proprio-dictum

256 744 334 796 sit
362 740 656 794 carnaliter
678 737 904 804 sapitur.
948 736 1129 804 Neque
1170 735 1273 788 ulla
1319 748 1461 786 mozs
1502 734 1692 784 anima:
1723 747 1849 785 con-

257 832 543 901 gruentius
573 828 895 897 appellatur,
928 841 1086 894 quam
1117 840 1235 878 cum
1271 824 1319 875 id
1354 825 1510 875 etiam
1545 822 1681 889 quod
1707 822 1758 872 in
1784 836 1845 875 ea

264 924 458 976 bestiis
488 920 801 981 antecellit,
836 918 935 969 hoc
964 926 1046 970 est
1078 915 1424 982 intelligentia
1456 952 1471 977 ,
1501 913 1648 965 carni
1679 913 1847 981 thji-

258 1013 427 1077 citur,
453 1010 725 1080 sequendo
749 1009 1001 1062 litteram.
1035 1007 1133 1071 Qui
1156 1007 1295 1058 cnim
1325 1006 1565 1073 sequitur
1592 1006 1602 1056 l
1632 1014 1842 1071 lteram,

271 1106 537 1159 translata
570 1103 729 1156 verba
761 1101 900 1155 sicut
922 1100 1126 1168 propria
1155 1107 1320 1161 tenet,
1346 1113 1517 1166 neque
1545 1096 1673 1149 illud
1706 1096 1845 1164 quod

263 1199 491 1267 proprio
523 1197 688 1250 verbo
710 1192 1059 1262 signiﬁcatur,
1086 1192 1248 1244 refert
1279 1190 1343 1242 ad
1388 1189 1544 1241 aliam
1583 1188 1847 1256 signiﬁca-

258 1290 463 1342 tionem
498 1304 509 1338 :
542 1286 634 1340 sed
668 1286 710 1338 si
741 1284 1019 1337 sabbatum
1049 1280 1297 1345 audierit,
1333 1281 1479 1335 verbi
1511 1282 1707 1350 gratia,
1739 1295 1845 1334 non

258 1379 521 1448 intelligit
566 1376 665 1429 nisi
699 1390 859 1427 unum
912 1373 1048 1426 diem
1079 1381 1146 1425 de
1195 1384 1401 1438 septem
1457 1374 1544 1440 qui
1590 1370 1847 1424 continuo

254 1473 539 1525 winmine
578 1476 909 1535 repetuntur.
947 1466 1158 1519 Etcum
1191 1463 1423 1518 audierit
1470 1462 1844 1528 sacriﬁcium,

257 1579 370 1615 non
406 1560 620 1615 excedit
644 1558 973 1626 cogitatione
1017 1555 1148 1609 illud
1201 1555 1343 1624 quod
1378 1555 1491 1608 ﬁeri
1521 1553 1587 1608 de
1615 1553 1849 1607 victimis

257 1668 521 1720 prcorum
547 1650 881 1717 terrenisque
922 1646 1181 1700 fructibus
1211 1646 1371 1700 solet.
1409 1645 1480 1699 Ea
1523 1644 1739 1698 demum
1769 1651 1851 1698 est

256 1742 596 1799 miserabilis
628 1742 817 1797 anima.-
843 1739 1092 1805 servitus,
1118 1739 1265 1809 signa
1282 1752 1377 1807 pro
1401 1739 1561 1793 rebus
1580 1738 1851 1805 accipere,

1955 559 2017 600 ea
2051 556 2253 599 tantum
2284 544 2551 614 probanda
2579 553 2737 613 atque
2758 544 3021 600 laudanda
3049 548 3534 616 quaeconsuetudo

1955 650 2142 690 eorum
2171 651 2289 689 eum
2318 635 2514 705 quibus
2538 635 2671 688 vivit
2709 635 2944 689 admittit
2973 653 2987 689 :
3031 652 3202 705 eoque
3239 640 3536 707 contingit,

1951 734 2011 778 ut
2040 725 2083 779 si
2115 725 2238 793 quid
2269 726 2542 794 Scriptura
2568 725 2651 779 vel
2688 729 3000 795 praeceperit
3032 729 3173 796 quod
3218 730 3477 785 abhorret
3507 748 3534 783 a

1952 818 2342 872 consuetudine
2388 818 2756 883 audientium,
2816 822 2895 873 vel
2941 822 3080 889 quod
3131 838 3235 875 non
3282 823 3539 879 abhorret

1950 908 2262 977 culpaverit,
2298 907 2343 960 si
2383 910 2614 961 animout
2666 924 2849 963 eorum
2878 911 2990 979 jam
3033 914 3178 967 verbi
3230 915 3411 981 junxit
3440 932 3537 968 au-

1949 999 2207 1061 ctoritas,
2244 999 2517 1068 ﬁguratam
2575 999 2897 1054 locutionem
2930 1011 3136 1069 putent.
3185 1003 3300 1059 Non
3354 1015 3531 1061 autem

1953 1090 2194 1157 prmcipit
2225 1089 2499 1157 Scriptura
2534 1089 2631 1141 nisi
2681 1089 3021 1157 charitatem,
3056 1110 3155 1148 nec
3200 1095 3379 1158 culpat
3430 1099 3535 1153 nisi

1952 1180 2295 1248 cupiditatem
2324 1224 2338 1247 ,
2373 1190 2427 1234 et
2456 1196 2520 1235 eo
2552 1183 2710 1235 modo
2741 1182 2996 1237 informat
3024 1201 3199 1241 mores
3232 1188 3532 1246 hominum.

1958 1270 2091 1325 Item
2124 1273 2165 1324 si
2192 1271 2429 1325 animum
2458 1275 2847 1342 pra-occupavit
2875 1274 3097 1344 alicujus
3114 1279 3311 1331 erroris
3334 1280 3536 1347 Opinio,

1951 1359 2209 1428 quidquid
2241 1360 2396 1414 aliter
2424 1362 2716 1414 asseruerit
2768 1362 3041 1432 Seriptura
3072 1413 3086 1430 ,
3136 1368 3411 1436 ﬁguratum
3446 1371 3538 1423 hoc

1953 1450 2124 1504 mines
2151 1450 2507 1515 arbitrantur;
2544 1466 2649 1504 non
2675 1461 2848 1505 autem
2872 1456 3065 1509 asserit
3088 1457 3185 1509 nisi
3214 1458 3535 1514 catholicam

1955 1538 2135 1603 ﬁdem,
2162 1538 2320 1593 rebus
2352 1540 2638 1609 praeteritis
2668 1581 2681 1603 ,
2715 1549 2769 1594 et
2798 1542 2990 1597 futuris
3014 1584 3028 1606 ,
3054 1553 3107 1598 et
3138 1549 3487 1613 praesentibus
3519 1568 3531 1602 :

1954 1629 2354 1684 Praeteritorum
2398 1631 2634 1683 narratio
2666 1640 2768 1696 est,
2802 1632 3097 1687 futurorum
3132 1640 3531 1707 pri-nuntiatur,

1962 1724 2303 1790 prmsentlnm
2324 1721 2732 1776 demonstratio.
2758 1724 2865 1779 Sed
2884 1727 3059 1779 omnia
3081 1728 3192 1783 lia-c
3209 1729 3272 1782 ad
3292 1731 3534 1786 eamdem

256 1847 312 1887 et
338 1850 399 1886 sn
411 1850 502 1900 pra
517 1842 816 1885 creaturam
843 1844 1155 1898 corpoream
1184 1829 1395 1882 oculum
1411 1829 1607 1883 mentis
1623 1828 1688 1881 ad
1718 1827 1848 1881 hau.

1961 1813 2273 1867 charitatem
2315 1814 2649 1866 nutriendam
2683 1825 2841 1883 atque
2886 1817 3264 1883 roborandam,
3302 1831 3355 1874 ct
3389 1824 3536 1892 cupi-

258 1928 512 1983 rienduni
545 1937 800 1980 retentum
833 1926 1011 1980 lumen
1042 1927 1222 1981 levare
1250 1941 1354 1980 non
1383 1940 1538 1995 posse
1572 1943 1583 1977 :
1619 1941 1737 1994 quae
1765 1933 1844 1979 ta-

258 2036 388 2074 men
422 2019 651 2073 servitus
696 2019 747 2071 in
789 2017 975 2073 Judaao
1023 2020 1217 2088 populo
1263 2019 1418 2087 longe
1467 2034 1497 2071 a
1527 2026 1843 2071 cmterarum

257 2113 503 2183 gentium
540 2126 688 2165 more
716 2111 974 2175 distabat,
1027 2111 1460 2180 quandoquidem
1516 2111 1675 2164 rebus
1708 2120 1845 2164 tem-

262 2205 544 2273 poralibus
575 2205 643 2256 ita
693 2202 960 2272 subjugati
1011 2213 1205 2268 erant,
1239 2213 1297 2257 ttt
1337 2219 1472 2258 unus
1505 2204 1610 2274 53
1658 2204 1739 2257 cis
1790 2203 1844 2255 in

261 2297 521 2349 munibus
551 2295 1019 2349 commendaretur
1068 2296 1236 2355 Deus;
1271 2307 1323 2351 et
1352 2311 1653 2364 quanquam
1696 2295 1847 2363 signa

262 2401 449 2439 rerum
475 2384 799 2453 spiritalium
848 2400 943 2452 pro
975 2386 1105 2454 ipsis
1137 2387 1296 2440 rebus
1324 2387 1697 2451 observarent,
1725 2400 1849 2441 nes-

260 2475 475 2528 cientes
498 2489 603 2542 quo
628 2472 960 2542 referuntur,
991 2475 1044 2529 id
1078 2484 1254 2531 tamen
1286 2476 1502 2530 insitum
1542 2476 1845 2545 habebant,

260 2565 415 2632 quod
443 2565 531 2617 tali
563 2567 820 2620 servitute
852 2567 941 2620 uni
968 2566 1209 2620 omnium
1251 2583 1409 2636 quem
1458 2582 1563 2622 non
1594 2567 1851 2624 videbant

260 2656 545 2726 placerent
575 2655 704 2719 Deo,
736 2671 892 2725 quam
916 2657 1236 2720 custodiam,
1272 2668 1522 2728 tanquam
1548 2659 1647 2714 sub
1673 2659 1851 2729 paeda-

261 2762 407 2813 gogo
454 2748 796 2812 parvulorum
842 2748 1039 2813 fuisse,
1075 2750 1261 2803 scribit
1303 2752 1615 2820 Apostolus.
1644 2753 1708 2806 Et
1732 2753 1851 2807 ideo

263 2838 359 2905 qui
396 2836 589 2892 talibus
618 2840 785 2908 signis
831 2840 1177 2907 pertinaciter
1220 2842 1546 2898 inhaeserunt
1570 2884 1585 2909 ,
1612 2854 1853 2899 contem-

263 2940 487 2984 nentem
519 2933 615 2985 ista
644 2932 950 2999 Dominum,
984 2950 1104 2987 cum
1126 2934 1236 3005 jam
1260 2944 1469 3005 tempus
1510 2938 1853 2994 revelationis

264 3036 456 3074 eorum
504 3024 780 3088 venisset,
836 3025 975 3079 ferre
1023 3041 1128 3079 non
1163 3036 1492 3096 potuerunt;
1540 3037 1700 3098 atque
1731 3030 1855 3086 inde

266 3104 567 3167 calumnias
597 3113 738 3182 quod
783 3114 1005 3170 sabbato
1046 3127 1263 3173 curaret
1293 3119 1459 3173 moliti
1508 3129 1628 3174 sunt
1660 3122 1854 3190 princi-

1947 1907 2165 1961 ditatem
2189 1907 2503 1960 vincendam
2528 1919 2686 1975 atque
2708 1910 3148 1978 exstinguendam
3176 1913 3349 1966 valent
3375 1931 3387 1965 :
3409 1914 3537 1967 cha-

1947 1999 2159 2052 ritatcm
2183 2012 2314 2051 voco
2332 2007 2533 2050 motum
2563 1998 2723 2050 animi
2768 1999 2830 2051 ad
2858 1999 3138 2054 fruendum
3177 2002 3285 2055 Deo
3319 2012 3537 2071 prOptcr

1947 2086 2144 2155 ipsum,
2177 2096 2233 2142 et
2284 2101 2342 2141 se
2374 2088 2616 2155 proximo
2658 2098 2875 2157 propter.
2918 2099 3075 2159 atque
3128 2090 3322 2157 Deum;
3377 2093 3528 2161 cupi-

1948 2178 2166 2234 ditatem
2213 2191 2410 2243 autem,
2454 2191 2654 2234 motum
2708 2182 2867 2234 animi
2922 2183 2988 2236 ad
3042 2183 3230 2237 fruend
3260 2203 3322 2238 ιιι
3376 2200 3434 2240 se
3480 2195 3536 2240 et

1950 2272 2214 2340 proximo,
2249 2283 2304 2327 et
2363 2272 2601 2341 quolibet
2645 2287 2892 2341 corpore,
2948 2290 3051 2327 non
3094 2286 3310 2343 prOpter
3343 2277 3535 2332 Deum.

1949 2363 2100 2430 Quod
2128 2362 2348 2434 [autem]
2372 2363 2477 2433 agit
2509 2364 2763 2417 indomita
2802 2364 3067 2432 cupiditas
3090 2366 3155 2418 ad
3189 2382 3538 2437 eorrumpen-

1949 2454 2075 2508 dum
2109 2455 2345 2507 animmn
2392 2463 2444 2507 et
2476 2468 2674 2520 corpus
2723 2469 2877 2507 suum
2904 2493 2919 2517 ,
2967 2454 3224 2523 ﬂagitium
3264 2470 3485 2511 vocatur
3519 2477 3532 2512 :

1950 2546 2091 2614 quod
2125 2555 2303 2599 autem
2333 2546 2441 2615 agit
2468 2555 2527 2599 ut
2557 2546 2707 2600 alteri
2747 2557 2957 2611 noceat,
2992 2548 3195 2601 facinus
3221 2550 3419 2605 dicitur
3444 2593 3458 2614 ,
3487 2560 3540 2605 rt

1954 2636 2070 2691 haec
2101 2646 2226 2691 sunt
2262 2638 2367 2690 duo
2399 2651 2595 2707 genera
2625 2638 2863 2691 omnium
2911 2650 3251 2709 peccatorum
3271 2684 3286 2708 ,
3320 2644 3413 2695 sed
3444 2644 3540 2696 ﬁa-

1952 2728 2082 2797 gitia
2115 2727 2292 2797 priora
2332 2739 2474 2781 sunt.
2518 2729 2647 2794 Qurc
2685 2742 2805 2781 cum
2837 2728 3232 2783 exinaniverint
3277 2733 3538 2797 animum,

1955 2829 2010 2873 et
2036 2819 2100 2872 ad
2134 2814 2429 2888 quamdam
2464 2828 2751 2887 cgvstatem
2786 2821 3170 2888 perduxerint,
3224 2823 3276 2875 in
3310 2824 3541 2880 facinora

1960 2909 2259 2963 transilinir
2304 2907 2648 2979 [prtslitnr]
2676 2949 2690 2973 ,
2742 2924 2848 2978 quo
2888 2923 3269 2966 removeantur
3322 2915 3542 2989 impedi:

1958 3011 2141 3055 mento
2170 3000 2523 3070 ﬂagitiorum,
2556 3009 2650 3053 aut
2695 3002 3003 3069 adjumenta
3046 3013 3372 3071 qumrantur.
3412 3005 3540 3059 item

1958 3094 2102 3162 quod
2132 3096 2241 3160 agit
2267 3092 2500 3146 charitas
2534 3102 2638 3161 quo
2682 3093 2780 3147 sibi
2813 3095 3002 3162 prosit,
3028 3095 3230 3148 utilitas
3260 3104 3363 3159 est,
3401 3098 3543 3165 quod

268 3217 369 3272 pes
391 3218 572 3256 eorum
603 3245 617 3270 ,
663 3206 993 3275 populusque
1018 3248 1034 3272 ,
1067 3208 1234 3277 signis
1265 3210 1368 3263 illis
1414 3182 1674 3279 tanquam
1694 3213 1853 3268 rebus
1885 3214 1929 3275 ρ
1962 3195 2140 3237 autem
2168 3185 2276 3279 agit
2311 3192 2368 3235 ιιι
2409 3182 2580 3279 pros-it
2609 3183 2854 3279 prosimo
2878 3226 2893 3250 ,
2925 3185 3273 3279 beneficentia
3306 3188 3546 3241 nomina-

268 3294 544 3356 astrictus,
573 3310 676 3349 non
708 3297 961 3351 credebat
995 3299 1156 3353 Deum
1190 3315 1309 3355 esse
1340 3303 1418 3355 vel
1452 3317 1481 3353 a
1505 3303 1615 3357 Deo
1646 3305 1856 3360 venisse

269 3388 361 3454 qui
392 3403 450 3440 ei
497 3388 635 3441 sicut
666 3388 869 3444 Judmis
896 3390 1325 3448 observabuntur
1358 3396 1524 3449 nollet
1551 3398 1852 3453 attendere.

271 3479 380 3532 Sed
410 3480 496 3548 qui
528 3480 871 3535 crediderunt
894 3524 909 3549 ,
939 3499 1002 3536 ex
1048 3485 1238 3554 quibus
1265 3486 1398 3539 facta
1425 3498 1507 3541 est
1540 3489 1707 3557 prima
1756 3491 1858 3545 Ec-

271 3570 439 3623 clesia
473 3570 989 3641 llierosolymitana,
1044 3577 1174 3629 satis
1220 3580 1601 3646 ostenderunt,
1663 3594 1858 3649 quanta

272 3659 477 3711 utilitas
510 3659 665 3713 fuerit
711 3676 776 3713 eo
809 3663 968 3715 modo
1014 3664 1112 3716 sub
1167 3667 1454 3738 pzcdagogo
1484 3671 1761 3734 custodiri,
1804 3680 1862 3724 ut

273 3750 427 3818 signa
463 3766 578 3815 qua!
612 3754 973 3817 temporaliter
1002 3754 1249 3823 imposita
1291 3769 1469 3823 erant,
1501 3761 1859 3816 servientibus

272 3841 340 3892 ad
373 3842 529 3892 unius
575 3840 666 3895 Dei
708 3844 904 3895 cultmn
935 3884 948 3906 ,
1001 3848 1086 3913 qui
1131 3846 1255 3901 fecit
1290 3850 1484 3903 cwlum
1533 3860 1583 3903 et
1618 3860 1813 3904 terram
1842 3891 1857 3915 ,

274 3935 584 4003 opinionem
617 3938 1016 3991 observantium
1052 3942 1358 4009 religarcnt.

782 4045 1009 4101 CAPUT
1039 4048 1359 4105 CCLXXIV'.

292 4133 690 4217 Hanr'modunt
722 4140 939 4217 pm'ﬁgit
968 4140 1282 4217 invenienda;
1303 4146 1573 4198 locutionis
1588 4150 1863 4217 prepriaue

347 4221 417 4255 an
446 4205 580 4281 [igitr
599 4210 780 4281 .tosit,
812 4205 1144 4279 ut'qnidquid
1171 4217 1221 4265 in
1249 4215 1533 4281 Scripturis
1564 4205 1751 4270 s'wvnm
1775 4230 1865 4272 aut

351 4278 501 4341 quasi
532 4277 843 4346 ﬂagitiosum
870 4295 932 4331 ex
969 4277 1182 4346 persona
1212 4284 1303 4335 Dei
1339 4277 1418 4337 re!
1444 4297 1740 4340 sanctorum
1770 4291 1863 4341 int-

348 4346 526 4413 periu's
556 4350 771 4467 rigetur,
802 4350 913 4401 sine
934 4350 1090 4402 dubio
1119 4354 1397 4423 ﬁguratum
1419 4357 1775 4427 intelligatur;
1804 4376 1866 4413 tu:

353 4420 530 4465 eodem
576 4432 588 4466 ι
627 4432 705 4467 r0.

353 4420 530 4465 eodem
556 4420 705 4470 libro.

358 4505 815 4564 Demonstrandus
840 4521 921 4565 est
948 4513 1109 4582 igitur
1140 4516 1285 4583 prius
1310 4519 1497 4574 modus
1532 4520 1861 4578 inveniendte

282 4600 571 4656 locutionis
602 4606 885 4672 propriane
913 4622 980 4660 an
1012 4608 1230 4675 ﬁgurata
1273 4614 1342 4665 sit
1373 4629 1384 4663 :
1419 4624 1471 4666 et
1518 4615 1617 4669 iste
1645 4618 1863 4671 omnino
1894 4581 1944 4640 Β

286 4691 481 4745 modos
511 4703 625 4758 est,
662 4704 714 4746 ut
738 4695 989 4765 quidquid
1016 4701 1066 4751 in
1090 4714 1337 4754 sermone
1354 4702 1538 4757 divino
1563 4743 1577 4766 ,
1609 4720 1779 4774 neque
1797 4707 1863 4761 ad

288 4796 501 4833 morum
528 4782 881 4851 honestatem,
919 4803 1090 4857 neque
1111 4789 1176 4842 ad
1204 4789 1323 4845 ﬁdei
1356 4793 1635 4847 veritatem
1654 4797 1865 4864 proprie

290 4871 481 4925 referri
525 4884 737 4939 potest,
785 4876 1066 4945 ﬁguratum
1119 4896 1240 4936 esse
1290 4898 1606 4952 cognoscas.
1659 4889 1861 4944 Morum

288 4960 577 5027 honestas,
608 4966 673 5017 ad
713 4966 1035 5037 diligendum
1085 4971 1251 5027 Deum
1295 4985 1347 5029 et
1380 4979 1705 5047 proximum,
1743 4983 1863 5038 ﬁdei

292 5050 491 5103 veritas
520 5052 586 5105 ad
630 5060 1060 5124 cognoscendum
1094 5064 1255 5117 Deum
1287 5074 1340 5120 et
1369 5070 1666 5135 proximum
1705 5076 1868 5138 perti-

294 5148 389 5193 net
419 5156 433 5194 :
465 5155 587 5210 spes
630 5155 805 5200 autem
837 5164 932 5203 sua
975 5153 1167 5221 cuique
1195 5157 1354 5210 estin
1385 5161 1711 5217 conscientia
1743 5181 1868 5233 pro-

288 5232 439 5298 pria,
468 5236 916 5301 quemadmodum
939 5255 997 5296 se
1037 5244 1198 5298 sentit
1233 5247 1299 5301 ad
1330 5249 1668 5307 dilectionem
1695 5232 1787 5311 Dei
1814 5266 1869 5313 et

295 5324 523 5389 proximi
567 5329 1031 5404 cognitionemque
1061 5338 1343 5404 proﬁcere.
1376 5341 1451 5396 De
1471 5346 1660 5411 quibus
1691 5350 1868 5403 omni-

292 5415 594 5507 bus‘primo
625 5419 761 5475 libro
789 5424 990 5481 dictum
1020 5437 1121 5483 est.
1169 5430 1277 5486 Sed
1325 5436 1576 5501 quoniam
1628 5443 1869 5507 proclive

287 5514 377 5559 est
408 5504 696 5563 humanum
727 5526 893 5581 genus
924 5532 1028 5573 non
1060 5535 1123 5573 ex
1173 5525 1459 5579 momentis
1488 5504 1653 5593 ipsius
1685 5532 1867 5588 libidi-

289 5597 377 5651 nis
403 5642 417 5663 ,
447 5600 542 5657 sed
569 5602 741 5669 potius
771 5621 880 5662 sum
906 5614 1304 5669 consuetudinis
1333 5619 1600 5676 :estimare
1632 5636 1866 5692 peccata,

292 5690 351 5743 ﬁt
381 5692 719 5764 plerumque,
748 5708 803 5753 ut
841 5703 1067 5773 quisque
1107 5705 1380 5764 hominum
1423 5727 1484 5767 ea
1512 5690 1713 5770 tantum
1759 5690 1874 5774 cul-

291 5784 466 5851 panda
493 5784 804 5859 arbitretur,
837 5807 953 5862 qua:
976 5809 1088 5849 suac
1109 5798 1381 5868 religionis
1413 5813 1464 5860 et
1492 5808 1748 5875 temporis
1779 5810 1874 5865 Ιιο⁴

1965 3283 2050 3327 tur
2083 3290 2095 3325 :
2131 3283 2181 3325 et
2217 3272 2302 3325 hic
2333 3273 2585 3341 prarcedit
2631 3274 2863 3339 utilitas,
2912 3276 3035 3344 quia
3081 3288 3241 3331 nemo
3282 3286 3459 3346 potest
3485 3293 3548 3331 ex

1961 3379 2026 3419 eo
2048 3363 2190 3432 quod
2224 3379 2328 3416 non
2356 3363 2515 3416 habet
2540 3365 2794 3433 prodesse
2815 3367 3214 3432 alteri.Quanto
3236 3379 3413 3422 autem
3441 3386 3550 3422 mn.

1961 3454 2042 3522 gis
2092 3468 2313 3521 regnum
2345 3452 2653 3521 cupiditatis
2695 3455 3030 3522 destruitur,
3084 3466 3229 3511 tanto
3277 3458 3552 3514 charitatis

1964 3552 2203 3611 augetur.
2223 3543 2489 3612 Quidquid
2516 3559 2644 3612 ergo
2662 3559 2910 3612 asperum
2942 3558 2991 3601 et
3016 3548 3165 3617 quasi
3184 3564 3383 3603 saevum
3410 3552 3551 3603 iacto

1964 3633 2215 3701 dictuque
2270 3635 2323 3688 in
2382 3637 2585 3690 sanctis
2638 3636 2929 3707 Scriptnris
2976 3639 3159 3709 legitur
3211 3655 3275 3695 ex
3327 3656 3553 3709 perscina

1965 3723 2056 3776 Dei
2089 3725 2171 3778 vel
2210 3735 2514 3781 sanctorum
2548 3727 2663 3793 ejus
2688 3764 2703 3792 ,
2735 3728 2803 3781 ad
2838 3729 3147 3798 cupiditatis
3178 3747 3397 3799 regnum
3429 3734 3554 3784 des-

1968 3815 2251 3867 truendum
2280 3816 2437 3869 valet.
2471 3816 2620 3882 Quod
2660 3820 2702 3871 si
2734 3820 3014 3887 perspicue
3045 3830 3219 3887 sonat,
3253 3839 3355 3874 non
3379 3830 3458 3876 'cst
3488 3826 3553 3878 ad

1965 3902 2106 3955 aliud
2142 3903 2480 3958 referendum
2506 3906 2655 3973 quasi
2688 3908 2915 3977 ﬁgurate
2943 3909 3139 3963 dietum
3165 3910 3255 3976 sit,
3290 3912 3445 3965 sicuti
3468 3922 3554 3965 cst

1967 3991 2099 4046 illud
2143 3993 2379 4060 Apostoli
2412 4011 2425 4047 :
2468 3993 2823 4050 'l‘hesaurizas
2866 3998 2961 4051 tibi
3001 3999 3133 4053 iram
3161 4000 3212 4052 in
3264 4000 3349 4054 die
3381 4002 3470 4054 ira:
3503 4011 3555 4057 ct

1968 4085 2314 4138 rcte'ationis
2340 4083 2470 4153 justi
2515 4086 2698 4154 jndicii
2734 4088 2824 4141 Dei
2851 4128 2863 4150 ,
2897 4090 2987 4158 qui
3031 4090 3220 4144 reddet
3269 4092 3556 4158 unicuith

1968 4174 2260 4228 secundum
2285 4190 2447 4243 opera
2479 4191 2571 4228 sua
2601 4194 2611 4228 :
2640 4176 2722 4229 his
2751 4178 2967 4245 quidem
3000 4180 3087 4247 qui
3116 4182 3409 4233 secundum
3433 4196 3556 4234 sus-

1972 4265 2246 4318 tinentiam
2281 4266 2404 4319 boni
2452 4266 2633 4333 operis
2653 4306 2668 4332 ,
2701 4269 2925 4337 gloriam
2955 4309 2969 4333 ,
2998 4278 3053 4322 et
3083 4270 3362 4336 honorem,
3390 4282 3445 4324 et
3474 4273 3555 4324 in-

1969 4358 2367 4424 corruptionem
2396 4368 2683 4426 quaerunt,
2716 4360 2879 4412 vitam
2911 4370 3163 4414 mternam
3200 4378 3213 4415 :
3250 4363 3332 4416 his
3370 4376 3548 4418 autem

1970 4448 2057 4516 qui
2091 4462 2154 4501 ex
2179 4451 2524 4504 contentione
2552 4460 2697 4517 sunt,
2730 4459 2785 4505 et
2814 4450 3063 4507 diiﬁdunt
3084 4454 3313 4518 veritati,
3333 4455 3555 4511 credunt

1971 4549 2149 4592 autem
2209 4538 2518 4610 iniquitati,
2574 4543 2671 4607 ira,
2703 4553 2756 4597 et
2803 4544 3118 4614 indignatio.
3168 4546 3464 4602 Tribulatio
3506 4560 3557 4603 et

1969 4635 2211 4701 angu~tia
2245 4633 2297 4688 in
2328 4650 2544 4689 omnem
2596 4638 2830 4690 animam
2867 4638 3097 4691 hominis
3127 4642 3404 4707 operantis
3440 4659 3556 4694 tna-

1970 4721 2076 4774 lum
2103 4764 2118 4787 ,
2155 4722 2323 4777 ,ιιιάωί
2357 4723 2583 4790 primum
2612 4735 2664 4779 et
2694 4725 2885 4780 Grtec‘.
2917 4726 3021 4780 Sed
3059 4727 3159 4781 hoc
3193 4728 3258 4781 ad
3286 4744 3398 4792 eos,
3432 4746 3554 4784 cum

1970 4811 2164 4879 quibus
2195 4813 2453 4883 evertitur
2484 4814 2597 4881 ipsa
2630 4816 2895 4883 cupiditas
2930 4818 3019 4885 qui
3052 4828 3169 4871 eam
3221 4819 3438 4874 vincere
3467 4839 3557 4875 vo-

1971 4900 2201 4955 lueront.
2246 4903 2377 4955 Cum
2410 4918 2585 4957 autem
2638 4905 2688 4958 in
2744 4906 2960 4960 homine
3007 4909 3095 4963 cui
3146 4910 3562 4966 dominalmntur

1970 5006 2131 5060 regna
2156 4994 2466 5062 cupiditatis
2482 4996 2887 5061 subvertuntur,
2914 4998 3002 5052 ilia
3023 5011 3106 5053 est
3123 5014 3303 5069 aperta
3333 5003 3557 5056 locutio:

1973 5081 2070 5147 Qui
2103 5093 2280 5137 autem
2311 5083 2437 5138 Jesu
2483 5084 2682 5139 Christi
2728 5097 2873 5154 sunt,
2906 5098 3125 5147 carnem
3172 5092 3366 5164 [suam]
3394 5094 3559 5147 croci-

1973 5173 2210 5227 ﬁxerunt
2235 5190 2355 5228 cum
2398 5177 2735 5244 passionibus
2765 5178 2957 5252 [vitiis]
2988 5191 3042 5237 et
3081 5183 3558 5253 concupiscentiis;

1975 5264 2075 5319 nisi
2108 5267 2227 5334 quia
2261 5278 2315 5322 et
2347 5269 2431 5321 hic
2474 5270 2718 5338 qumdam
2766 5274 2928 5328 verba
2960 5276 3213 5329 translata
3245 5284 3558 5341 tractantur,

1974 5357 2136 5410 sicuti
2164 5368 2267 5421 est,
2324 5359 2400 5412 ira
2434 5358 2548 5424 Dei,
2603 5370 2677 5427 et,
2725 5364 3107 5418 cruciﬁxerunt
3140 5381 3152 5416 :
3186 5364 3281 5419 sed
3313 5380 3417 5416 non
3452 5374 3558 5419 tam

1977 5446 2145 5500 multa
2174 5459 2318 5513 sunt,
2361 5451 2443 5504 vel
2476 5450 2545 5504 ita
2580 5454 2749 5520 pesita
2781 5463 2839 5509 ιιι
2868 5456 3123 5525 obtegant
3152 5469 3369 5510 sensum
3399 5466 3452 5511 et
3478 5458 3557 5512 al-

1974 5536 2229 5608 l--goriam
2251 5540 2331 5595 vel
2361 5543 2585 5614 :enigma
2619 5545 2832 5612 faciant,
2864 5560 3021 5616 quam
3045 5547 3259 5617 pr0prie
3283 5547 3561 5619 ﬁguratam

1977 5630 2302 5687 locutionem
2336 5649 2490 5691 voco.
2543 5637 2695 5704 Quod
2745 5646 2923 5692 autem
2968 5638 3253 5696 Hieremiae
3296 5640 3495 5697 dicitur
3543 5661 3557 5701 :

1980 5723 2118 5779 Ecce
2145 5727 2400 5782 constitui
2453 5735 2504 5782 te
2546 5729 2704 5785 hodie
2733 5745 2897 5799 super
2924 5740 3110 5801 gentes
3151 5743 3203 5788 et
3247 5748 3411 5803 regna
3443 5774 3459 5800 ,
3506 5744 3562 5790 ut

1980 5817 2200 5884 evellas,
2233 5828 2287 5873 et
2315 5819 2557 5873 destruas
2582 5858 2596 5885 ,
2647 5830 2699 5876 et
2727 5821 3007 5891 disperdas
3034 5865 3049 5892 ,
3075 5835 3128 5880 et
3160 5826 3421 5899 dissipes;
3456 5843 3561 5883 non
