3986 6190
448 269 552 324 965

1506 262 1570 315 D.
1613 259 1937 317 EUGYPPII
1979 259 2270 317 ABBATIS
2312 260 2636 318 AFRICANI

3606 269 3711 326 93!

447 380 668 436 dubium
691 378 815 449 quin
869 377 1090 448 ﬁgurata
1122 374 1317 431 locutio
1348 381 1455 427 tota
1496 374 1566 428 sit
1604 373 1669 427 ad
1705 389 1827 427 cum
1864 373 2021 427 ﬁnem
2054 375 2105 435 Α
2131 374 2328 428 locutio
2354 383 2458 443 est,
2483 383 2575 428 aut
2603 372 2858 444 ﬂagitium
2886 383 2976 429 aut
3003 373 3206 431 facinus
3234 385 3372 432 vetat
3394 392 3440 443 s,
3466 391 3555 436 aut
3579 385 3724 437 milio

446 471 725 526 referenda
755 484 911 536 quem
938 468 1189 523 diximus.
1223 468 1352 532 Quae
1373 471 1548 518 autem
1578 464 1726 531 quasi
1759 462 2020 532 ﬂagitiosa

447 560 708 630 imperitis
758 560 1041 623 videntur,
1075 572 1188 625 sive
1234 564 1439 609 tantum
1485 553 1648 622 dicta,
1700 553 1813 607 sive
1861 553 2021 607 etiam

446 655 587 710 facta
618 665 758 719 sunt,
791 653 872 707 vel
903 668 970 706 ex
1004 651 1096 704 Dei
1123 662 1368 719 persona,
1400 647 1481 700 vel
1504 661 1568 701 ex
1600 646 1873 699 hominum
1895 659 2026 714 quo-

448 761 563 799 rum
598 744 751 798 nobis
782 742 1041 796 sanctitas
1059 738 1487 803 commendatur,
1506 745 1616 790 tota
1640 735 1857 805 ﬁgurata
1880 744 2021 800 sunt,

445 849 671 905 quorum
688 833 751 887 ad
767 831 1047 887 charitatis
1070 839 1277 899 pastum
1302 826 1630 882 enucleanda
1648 834 1853 880 secreta
1879 832 2020 878 sunt.

444 927 697 996 Quisquis
723 935 902 979 autem
932 922 1091 977 rebus
1125 918 1569 989 praetereuntibus
1599 918 1898 974 restrictius
1924 917 2027 971 uti-

444 1030 529 1072 tur
551 1033 709 1088 quam
733 1030 852 1071 sese
878 1014 1078 1068 habent
1099 1027 1277 1066 mores
1304 1025 1488 1065 eorum
1516 1024 1635 1064 cum
1664 1008 1856 1078 quibus
1878 1008 2021 1073 vivit,

442 1120 533 1165 aut
565 1120 871 1179 temperans
899 1115 990 1162 aut
1036 1103 1444 1173 superstitiosus
1470 1110 1572 1156 est.
1623 1101 1875 1167 Quisquis
1900 1115 2028 1154 vero

442 1202 521 1254 sic
548 1201 627 1255 eis
649 1201 831 1264 utitur,
863 1206 919 1251 ut
949 1206 1118 1251 metas
1149 1190 1551 1247 consuetudinis
1594 1190 1856 1242 bonorum
1890 1188 2029 1242 inter

442 1305 579 1360 quos
609 1300 853 1344 versatur
874 1329 889 1354 ,
923 1286 1170 1352 excedat,
1200 1293 1292 1337 aut
1335 1280 1537 1350 aliquid
1583 1279 1848 1349 signiﬁcat
1876 1318 1891 1343 ,
1938 1288 2027 1333 aut

444 1372 741 1447 ﬂagitiosus
783 1387 886 1432 est.
940 1377 995 1431 In
1025 1376 1271 1429 omnibus
1316 1374 1457 1427 enim
1507 1372 1696 1425 talibus
1741 1385 1844 1425 non
1901 1383 2028 1424 usus

444 1483 647 1535 rerum,
679 1467 772 1521 sed
807 1465 971 1520 libido
1002 1461 1248 1536 [utentis]
1292 1465 1342 1518 in
1382 1463 1535 1531 culpa
1568 1470 1670 1517 est.
1701 1461 1884 1529 Neque
1920 1460 2029 1514 ullo

444 1558 604 1613 modo
630 1560 907 1627 quisquam
941 1555 1154 1611 sobrius
1185 1554 1474 1609 crediderit
1505 1553 1713 1607 Domini
1761 1552 1923 1622 pedes
1958 1552 2027 1605 ita

445 1660 720 1719 unguento
760 1651 995 1719 pretioso
1051 1663 1081 1702 a
1128 1648 1351 1701 muliere
1385 1645 1655 1715 perfusos,
1689 1655 1745 1699 ut
1792 1643 2029 1697 luxurio-

2127 472 2288 521 tatem
2313 477 2401 522 aut
2425 468 2827 523 beneﬁcentiam
2863 467 3086 538 jubens,
3131 486 3236 526 non
3266 481 3349 527 est
3381 474 3634 543 ﬁgurata;
3670 477 3723 533 si

2124 566 2299 610 autem
2324 557 2577 627 ﬂagitium
2608 568 2699 612 aut
2727 559 2930 613 facinus
2960 558 3171 616 videtur
3189 561 3403 631 jubere,
3434 572 3527 619 aut
3568 566 3725 619 utili-

2126 652 2290 703 tatem
2344 660 2399 703 et
2451 649 2857 705 beneﬁcentiam
2915 662 3117 717 vetare,
3184 654 3405 723 ﬁgurata
3450 668 3555 713 est.
3604 658 3724 713 Nisi

2129 740 2604 805 manducaveritis,
2634 742 2825 810 inquit,
2850 757 3067 799 carnem
3093 744 3209 799 Filii
3235 746 3488 809 hominis,
3511 760 3567 804 et
3596 765 3728 803 san-

2128 834 2341 900 guinem
2372 832 2636 898 biberitis,
2668 849 2775 888 non
2817 835 3082 890 habebitis
3128 837 3291 891 vitam
3322 838 3374 893 in
3405 841 3583 896 vobis.
3620 842 3729 896 Fac

2132 921 2286 975 cinus
2314 922 2395 976 vel
2445 920 2700 989 ﬂagitium
2732 923 2943 978 videtur
2966 926 3157 991 jubere
3192 945 3205 981 :
3251 927 3416 997 ﬁgura
3457 946 3585 1002 ergo
3612 943 3721 999 est,

2131 1012 2446 1081 praecipiens
2475 1012 2775 1080 passionem
2806 1013 3089 1087 [passioni]
3139 1017 3347 1072 Domini
3400 1034 3521 1075 esse
3565 1036 3719 1076 eom-

2143 1101 2551 1169 municandum,
2600 1111 2653 1159 et
2680 1104 2917 1159 suaviter
2967 1117 3128 1175 atque
3178 1109 3379 1163 utiliter
3426 1112 3729 1166 reconden-

2132 1194 2260 1249 dum
2293 1195 2344 1249 in
2374 1197 2632 1250 memoria
2672 1196 2812 1264 quod
2844 1212 2941 1266 pro
2971 1199 3124 1253 nobis
3155 1213 3283 1254 caro
3314 1200 3363 1255 ei
3388 1201 3641 1257 cruciﬁxa
3671 1212 3731 1258 et

2134 1289 2413 1342 vulnerata
2447 1289 2539 1343 sit.
2588 1290 2677 1343 Ait
2723 1288 3046 1360 Scriptura:
3099 1290 3155 1347 Si
3196 1292 3447 1347 esurierit
3475 1294 3730 1350 inimicus

2137 1386 2274 1444 tuus,
2308 1380 2424 1433 ciba
2455 1380 2636 1445 illum;
2670 1381 2713 1434 si
2745 1381 2877 1446 sitit,
2910 1390 3092 1450 potum
3133 1381 3199 1435 da
3245 1383 3319 1437 illi
3355 1401 3368 1437 :
3427 1384 3515 1437 hic
3566 1385 3721 1439 nullo

2133 1469 2411 1525 dubitante
2454 1469 2869 1525 beneﬁcentiam
2922 1473 3193 1542 praecipit;
3241 1474 3338 1529 sed
3366 1476 3505 1543 quod
3545 1477 3731 1545 sequi-

2136 1568 2219 1614 tur
2251 1578 2263 1613 :
2296 1560 2407 1616 Hoc
2435 1561 2578 1616 enim
2611 1560 2831 1629 faciens,
2875 1564 3137 1619 carbones
3169 1565 3306 1634 ignis
3329 1580 3594 1637 congeres
3628 1583 3728 1623 su-

2137 1666 2230 1719 per
2255 1661 2416 1721 caput
2459 1653 2599 1721 ejus,
2650 1655 3038 1710 malevolentia:
3070 1658 3275 1713 facinus
3324 1669 3478 1730 putes
3511 1661 3718 1731 juberi.

443 1757 627 1796 sorum
675 1751 729 1795 et
759 1755 986 1809 nequam
1031 1738 1309 1794 hominum
1362 1738 1574 1802 solent,
1632 1751 1859 1806 quorum
1907 1737 2027 1789 talia

2139 1740 2214 1796 Ne
2248 1742 2409 1812 igitur
2431 1743 2756 1799 dubitaveris
2789 1744 3011 1815 ﬁgurate
3054 1747 3275 1815 dictum,
3310 1757 3366 1804 et
3405 1764 3525 1805 cum
3558 1755 3730 1821 possit

442 1832 685 1885 convivia
718 1830 1050 1885 detestamur
1082 1844 1097 1881 :
1130 1829 1263 1882 odor
1294 1826 1434 1881 enim
1483 1828 1657 1881 bonus
1690 1827 1830 1880 fama
1888 1826 2026 1881 bona

441 1931 543 1987 est,
596 1936 754 1991 quam
809 1922 1032 1988 quisque
1082 1918 1233 1973 bona:
1261 1919 1386 1971 vita:
1438 1918 1690 1985 operibus
1740 1917 2026 1984 habuerit,

442 2015 567 2069 dum
595 2014 814 2079 ves-igia
842 2012 1040 2066 Christi
1072 2011 1337 2080 sequitur.
1370 2011 1519 2079 quasi
1555 2009 1728 2077 pedes
1766 2009 1888 2078 ejus
1912 2025 2031 2078 pre—

449 2105 740 2159 tiosissimo
771 2104 938 2157 odore
972 2102 1264 2171 perfundit.
1301 2102 1371 2154 Ita
1396 2100 1540 2170 quod
1564 2102 1615 2154 in
1646 2100 1767 2155 aliis
1787 2103 2029 2170 perSOnis

444 2195 758 2264 plerumque
781 2193 1038 2262 ﬂagitium
1059 2201 1161 2255 est,
1181 2192 1230 2244 in
1259 2192 1290 2245 d
1316 2192 1434 2245 vina
1456 2192 1539 2245 vel
1566 2192 1878 2261 prophetica
1909 2209 2030 2263 per-

443 2298 612 2351 sona,
667 2298 872 2353 magna:
912 2281 1187 2350 cujusdam
1236 2282 1312 2337 rei
1357 2283 1565 2350 signum
1614 2292 1717 2337 est.
1775 2284 1890 2338 Alia
1945 2293 2032 2339 est

450 2374 648 2443 quippe
678 2374 728 2426 in
775 2372 993 2442 perditis
1028 2371 1300 2437 moribus,
1333 2372 1435 2425 alia
1482 2375 1533 2427 in
1563 2374 1718 2427 Osca:
1749 2372 2029 2443 prophetat

444 2464 822 2518 vaticinatione
851 2462 1157 2531 eonjunctio
1191 2463 1487 2518 meretricis
1519 2480 1532 2516 :
1568 2479 1666 2518 nec
1696 2465 1739 2517 si
1769 2464 2029 2534 ﬂagitiose

443 2555 495 2607 in
523 2554 785 2610 conviviis
834 2554 1248 2609 temulentorum
1283 2565 1337 2608 et
1384 2555 1709 2609 lasciVorum
1759 2556 2030 2610 nudantur

443 2658 688 2713 corpora,
720 2654 1005 2714 prepterea
1049 2643 1101 2697 in
1136 2642 1326 2697 balneo
1370 2644 1570 2699 nudum
1599 2659 1720 2700 esse
1762 2646 2026 2715 ﬂagitium

508 2742 549 2789 ι.

445 2750 549 2791 ω’
943 2804 1172 2861 CAPUT
1234 2804 1533 2862 ccaxxv.

446 2917 525 2973 Dc
550 2921 799 2991 sententia
830 2922 1083 2990 generalis
1103 2920 1358 2990 justitia':
1394 2919 1543 2987 Quod
1571 2921 1661 2975 tibi
1689 2922 1802 2991 ﬁeri
1826 2940 1925 2976 non
1955 2923 2027 2976 vis

512 2989 604 3043 alii
629 3007 689 3044 ne
712 2989 1038 3061 feceris,qua2
1063 2989 1129 3043 ad
1154 2992 1365 3057 gentium
1388 2993 1673 3045 dilectionis
1691 2989 1860 3047 relata
1881 3010 2027 3046 mau-

512 3061 707 3127 datum,
738 3062 907 3114 omnia
930 3061 1133 3131 ﬂagitia
1158 3062 1495 3130 facittoraque
1523 3063 1754 3131 depellit.

522 3173 790 3228 Varietate
846 3173 1312 3228 innumerabilium
1370 3173 1821 3229 consuetudinum
1873 3188 2024 3229 com-

448 3266 606 3328 moti,
632 3264 847 3333 quidam
880 3264 1208 3320 dormientes
1234 3307 1248 3329 ,
1281 3275 1335 3319 ut
1365 3266 1436 3319 ita
1464 3266 1636 3321 dicam
1660 3310 1674 3335 ,
1725 3266 1814 3336 qui
1856 3281 2028 3336 neque

450 3353 561 3408 alto
604 3367 795 3407 somno
825 3355 1065 3409 stultitia:
1113 3356 1480 3425 sopiebantur,
1514 3372 1612 3411 nec
1659 3358 1711 3411 in
1751 3358 2029 3427 sapientia:

450 3445 626 3497 lucem
685 3454 933 3511 poterant
980 3446 1254 3514 evigilare,
1303 3456 1620 3515 putaverunt
1660 3448 1857 3503 nullam
1909 3463 2029 3504 esse

453 3533 709 3600 justitiam
743 3548 837 3601 per
864 3534 1120 3602 seipsam,
1143 3537 1233 3589 sed
1264 3537 1548 3604 unicuique
1578 3540 1722 3607 genti
1743 3551 2030 3595 consuetu.

446 3622 629 3676 dinem
680 3637 831 3675 suam
878 3621 1077 3691 justam
1129 3625 1324 3679 videri.
1372 3624 1523 3697 [Quae
1552 3642 1673 3680 cum
1705 3629 1774 3682 sit
1819 3630 2028 3685 diversa

443 3714 693 3768 omnibus
723 3715 992 3783 gentibus,
1024 3716 1215 3771 debeat
1241 3728 1417 3772 autem
1447 3720 1894 3777 incommutabilis
1917 3738 2029 3777 tna-

446 3806 796 3876 nerejustitia
824 3849 838 3870 ,
875 3806 989 3860 ﬁeri
1023 3808 1220 3864 manife
1257 3819 1370 3863 tum
1424 3811 1621 3866 nullam
1653 3828 1875 3883 usquant
1908 3828 2029 3871 esse

446 3893 752 3967 justitiam].
790 3896 904 3950 Non
955 3899 1358 3967 intellexerunt,
1395 3916 1463 3957 ne
1502 3904 1668 3957 multa
1698 3920 2029 3959 commemo-

446 3999 581 4047 rem,
624 3984 764 4053 quod
807 3986 897 4040 tibi
924 3987 1036 4043 ﬁeri
1068 4003 1171 4042 non
1198 3990 1276 4042 vis
1303 4034 1318 4058 ,
1370 3991 1460 4045 alii
1507 4007 1574 4047 ne
1621 3992 1839 4059 feceris,
1882 3995 2030 4049 nullo

449 4073 608 4126 modo
659 4090 818 4141 po~se
849 4077 956 4130 ulla
993 4092 1179 4132 eorum
1207 4079 1412 4135 Gentili
1462 4082 1768 4139 diversitate
1808 4086 2025 4141 variari.

446 4162 575 4226 Qua:
607 4166 874 4220 sententia
904 4182 1022 4220 cum
1048 4168 1278 4223 refertur
1297 4170 1363 4224 ad
1395 4171 1736 4229 dilectionem
1771 4175 1887 4242 Dei,
1917 4192 2030 4231 om-

448 4250 535 4305 nia
564 4252 758 4321 ﬂagitia
790 4256 1124 4323 moriuntur;
1152 4273 1274 4312 eum
1315 4261 1379 4313 ad
1423 4264 1675 4329 proximi,
1714 4266 1821 4338 54
1850 4268 2027 4323 omnia

445 4345 705 4400 ficinora.
760 4347 931 4401 Nemo
978 4350 1121 4402 enim
1171 4350 1289 4403 vult
1337 4355 1612 4423 corrumpi
1663 4356 2025 4412 habitaculum

2135 1832 2422 1901 dupliciter
2444 1833 2807 1903 interpretari,
2857 1850 2965 1889 uno
3004 1837 3166 1891 modo
3193 1837 3259 1892 ad
3290 1839 3618 1908 nocendum,
3646 1841 3729 1896 al-

2135 1933 2253 1979 tero
2280 1923 2344 1977 ad
2378 1924 2759 1993 prmstandum,
2797 1925 2861 1979 ad
2889 1927 3295 1981 beneﬁcentiam
3322 1937 3374 1984 te
3390 1931 3568 1999 potius
3595 1932 3728 1986 chao

2140 2015 2271 2068 ritas
2325 2024 2580 2081 revocet,
2640 2024 2697 2070 ut
2767 2017 3033 2088 intelligas
3079 2020 3340 2075 carbones
3400 2021 3538 2091 ignis
3593 2037 3721 2079 esse

2134 2113 2355 2160 urentes
2405 2106 2731 2176 paenitentia:
2760 2108 3012 2177 gemitus,
3056 2112 3250 2179 quibus
3278 2113 3526 2181 superbia
3558 2128 3723 2169 sana-

2133 2204 2219 2250 tur
2246 2199 2364 2264 ejus
2390 2197 2481 2267 qui
2509 2198 2658 2253 dolet
2683 2213 2742 2254 se
2785 2200 3057 2254 inimicum
3090 2200 3252 2257 fuisse
3294 2203 3530 2259 hominis
3557 2218 3586 2257 a
3615 2220 3728 2275 quo

2132 2287 2249 2354 ejus
2280 2288 2515 2343 miseria:
2567 2291 2902 2344 subvenitur.
2938 2289 3068 2345 ltem
3116 2305 3237 2346 cum
3285 2293 3360 2347 ait
3410 2293 3724 2350 Dominus:

2131 2374 2233 2441 Qui
2259 2384 2403 2429 amat
2426 2376 2660 2431 animam
2691 2390 2866 2441 suam,
2898 2378 3082 2447 perdet
3110 2395 3265 2445 eam;
3300 2396 3408 2436 non
3433 2383 3723 2439 utilitatem

2134 2474 2316 2521 vetare
2356 2467 2624 2535 putandus
2648 2477 2753 2533 est,
2786 2482 2888 2537 qua
2922 2468 3085 2524 debet
3129 2469 3354 2541 quisque
3399 2484 3725 2527 conservare

2132 2557 2364 2610 animam
2392 2572 2566 2623 suam,
2594 2560 2688 2614 sed
2721 2559 2946 2629 ﬁgurate
2988 2560 3213 2627 dictum,
3246 2562 3432 2631 perdet
3461 2563 3723 2627 animam,

2131 2644 2184 2700 id
2227 2658 2310 2701 est
2341 2648 2572 2716 perimat
2622 2657 2785 2719 atque
2830 2650 3042 2704 amittat
3070 2665 3225 2706 usum
3252 2652 3368 2721 ejus
3396 2666 3553 2721 quem
3582 2667 3726 2708 nunc

2131 2724 2317 2803 habet,
2369 2754 2679 2809 perversum
2719 2740 2926 2798 scilicet
2977 2752 3137 2812 atque
3176 2754 3585 2812 prmpomerum,
3616 2759 3727 2812 quo

2131 2831 2422 2887 inclinatur
2494 2833 2906 2902 temporalibus,
2964 2843 3019 2887 ut
3078 2845 3276 2890 aeterna
3334 2851 3440 2889 non
3493 2846 3723 2905 quaint.

2130 2922 2401 2992 Scriptum
2433 2934 2515 2978 est
2549 2941 2564 2977 :
2595 2924 2667 2978 Da
2713 2925 3078 2991 misericordi,
3123 2934 3179 2981 et
3208 2940 3276 2981 ne
3303 2926 3567 2995 suscipias
3596 2940 3727 2994 pec-

2131 3024 2368 3072 catoretn
2393 3032 2408 3083 ;
2434 3018 2703 3085 posterior
2731 3031 2853 3087 pars
2889 3017 3045 3087 hujus
3073 3018 3356 3074 sententia:
3384 3018 3598 3073 videtur
3628 3032 3727 3072 ve-

2054 3113 2099 3176 C
2132 3116 2246 3163 tare
2279 3107 2731 3173 beneﬁcentiam;
2762 3109 2838 3163 ait
2880 3109 3023 3164 enim
3057 3126 3070 3161 :
3121 3109 3199 3165 Ne
3241 3110 3504 3179 suscipias
3532 3124 3727 3181 pecca-

2134 3207 2337 3263 torem;
2383 3198 2655 3268 intelligas
2696 3213 2825 3268 ergo
2870 3212 3203 3267 peccatorem
3237 3200 3462 3270 ﬁgurate
3486 3204 3721 3271 positum

2133 3304 2230 3360 pro
2252 3300 2498 3360 peccato,
2533 3297 2589 3345 ut
2612 3299 2890 3359 peccatum
2921 3290 3038 3359 ejus
3065 3306 3169 3346 non
3200 3291 3485 3361 suscipias.

2612 3398 2841 3453 CAPUT
2880 3399 3238 3457 CCLXXVII.

2136 3486 2292 3554 Quod
2319 3489 2450 3573 scire
2476 3488 2768 3570 odebeamus
2801 3490 3328 3573 innobservationibus
3373 3492 3726 3573 intelligenda-

2204 3574 2321 3632 rum
2363 3559 2759 3632 “Scripturarum
2811 3562 2917 3615 alia
2971 3562 3303 3616 communiter
3346 3559 3575 3632 praecipi,
3616 3567 3725 3618 alia

2201 3628 2421 3701 singulis
2443 3630 2728 3701 quibusque
2763 3632 3031 3700 generibus
3074 3628 3429 3701 personarum,
3460 3645 3514 3685 ut
3542 3644 3617 3687 est
3646 3638 3715 3687 il-

2202 3684 2337 3751 lud:
2382 3684 2546 3751 Trdde
2571 3684 2835 3766 ﬁliamfct
2866 3684 3087 3765 similia}
3116 3717 3179 3754 ex
3199 3684 3373 3754 eodem
3401 3684 3555 3757 libro.

2206 3787 2363 3857 Saepe
2394 3799 2570 3844 autem
2605 3792 2795 3845 accidit
2820 3802 2879 3845 ut
2922 3792 3163 3862 quisquis
3208 3793 3263 3846 in
3304 3794 3526 3848 meliore
3555 3796 3726 3865 gradu

2131 3878 2395 3946 spiritalis
2413 3879 2535 3933 vitae
2558 3881 2640 3934 vel
2677 3891 2780 3947 est,
2801 3882 2883 3936 vel
2903 3897 3021 3937 esse
3048 3897 3107 3937 se
3135 3890 3303 3952 putat,
3329 3883 3551 3954 ﬁgurate
3580 3886 3725 3941 dicta

2133 3980 2252 4021 esse
2267 3967 2556 4022 arbitretur
2568 3985 2686 4039 quae
2702 3971 3041 4027 inferioribus
3054 3973 3304 4043 gradibus
3318 3976 3724 4045 praecipiuntur.

2132 4058 2373 4124 ut,verbi
2395 4060 2588 4127 gratia,
2620 4061 2664 4115 si
2700 4061 2939 4117 caelibem
2961 4064 3244 4132 amplexus
3265 4076 3350 4119 est
3376 4066 3560 4130 vitam,
3591 4075 3643 4121 et
3663 4082 3728 4121 se

2131 4150 2386 4203 castravit
2412 4162 2632 4220 propter
2657 4168 2879 4222 regnum
2907 4155 3456 4225 cmiorum,quidquid
3473 4156 3539 4211 de
3557 4173 3729 4213 uxore

2131 4240 2397 4309 diligenda
2446 4251 2500 4296 et
2553 4245 2785 4311 regenda
2822 4247 2995 4300 sancti
3039 4246 3160 4301 libri
3215 4248 3551 4317 praecipiunt,
3614 4264 3729 4304 non

2134 4333 2388 4400 proprie,
2462 4334 2556 4389 sed
2635 4336 2891 4391 translate
2954 4338 3121 4408 accipi
3183 4348 3431 4405 Oportere
3500 4351 3730 4394 conten-

446 4448 601 4488 εηωη
627 4476 642 4501 ,
693 4452 797 4490 ηοη
862 4453 990 4506 ergo
1043 4438 1205 4494 debel
1260 4420 1609 4512 οοηωηρωζε
1665 4446 2026 4503 habimwlum
2057 4453 2108 4514 Β
2133 4420 2223 4474 dat
2258 4438 2272 4475 :
2306 4432 2359 4514 et
2391 4424 2641 4493 quisquis
2675 4426 2861 4480 statuit
2888 4442 3104 4483 servare
3143 4429 3417 4497 innuptam
3462 4429 3730 4498 virginem

444 4526 565 4591 Dei,
587 4529 821 4597 seipsutn
867 4529 1102 4594 scilicet;
1136 4539 1192 4585 et.
1221 4546 1379 4586 nemo
1410 4535 1527 4589 vult
1555 4536 1658 4591 sibi
1689 4552 1719 4590 a
1759 4553 2026 4607 quoquam

441 4619 665 4682 noceri,
699 4635 797 4674 nec
827 4620 939 4687 ipse
967 4621 1127 4691 igitur
1156 4622 1407 4691 cuiquam
1434 4627 1709 4680 nocuerit:
1736 4628 1813 4681 sic
1841 4645 2029 4686 eversa

441 4708 731 4775 tyrannide
762 4710 1091 4779 cupiditatis,
1121 4712 1358 4765 charitas
1381 4724 1587 4782 regnat,
1614 4716 1926 4783 justissimis
1956 4720 2031 4774 le-

440 4799 604 4867 gibus
624 4798 927 4853 dilectionis
951 4800 1044 4855 Dei
1074 4841 1088 4867 ,
1122 4812 1342 4871 prepter
1375 4804 1562 4872 Deum,
1593 4806 1677 4861 sui
1701 4816 1753 4862 et
1780 4809 2026 4878 proximi,

442 4898 670 4957 propter
696 4889 886 4944 Deum.

946 4960 1174 5021 CAPUT
1213 4962 1443 5019 CCLXX
1458 4964 1541 5019 Vl.

446 5068 580 5127 Item
623 5070 683 5124 de
707 5071 946 5141 ﬁguratis
977 5074 1316 5128 locationibus
1361 5093 1465 5130 non
1508 5078 1800 5142 intellectis,
1844 5081 2025 5133 tandiu

518 5142 801 5218 versanda,
849 5145 1081 5211 quandiu
1112 5145 1178 5201 ad
1216 5160 1429 5215 regnum
1471 5148 1733 5203 cbaritatis
1772 5150 2031 5218 interpre-

516 5213 646 5269 tatio
677 5213 1008 5281 perducatur.

525 5326 840 5382 Servabitur
890 5343 1019 5397 ergo
1043 5330 1100 5386 in
1152 5333 1515 5388 loeutionibus
1566 5335 1802 5403 ﬁguratis
1849 5336 2032 5406 regula

446 5418 784 5487 itujusmodi,
816 5427 873 5475 ut
900 5421 1084 5477 tandiu
1133 5432 1382 5479 versetur
1432 5424 1677 5495 diligenti
1721 5426 2033 5481 considera-

448 5509 600 5564 tione
628 5510 769 5578 quod
800 5510 1012 5580 legitur.
1036 5512 1229 5568 donec
1256 5513 1323 5568 ad
1371 5528 1596 5583 regnum
1627 5515 1903 5571 charitatis
1954 5516 2032 5571 in-

448 5601 768 5670 terpretatio
813 5601 1133 5671 perducatur
1163 5622 1176 5656 :
1202 5604 1247 5658 si
1289 5615 1467 5659 autem
1517 5606 1617 5660 hoc
1660 5606 1769 5675 jam
1817 5609 2033 5676 proprie

456 5697 633 5759 sonat,
669 5691 815 5750 nulla
856 5702 1070 5764 putetur
1100 5697 1318 5766 ﬁgurata
1350 5695 1570 5753 locutio.
1604 5696 1663 5753 Si
1708 5699 2029 5769 prteccptiva

2135 4511 2575 4586 suam,tanqttam
2609 4519 2885 4588 ﬁguratam
2917 4522 3258 4585 locutionem,
3282 4522 3601 4577 Sententiam
3632 4537 3731 4577 co-

2132 4617 2292 4661 netur
2315 4609 2654 4679 interpretari
2682 4626 2785 4680 qua
2824 4612 3027 4665 dictum
3070 4620 3155 4665 est
3185 4627 3198 4665 :
3237 4611 3413 4666 Trade
3446 4611 3634 4677 ﬁliam,
3669 4621 3732 4669 et

2134 4696 2333 4764 grande
2358 4712 2492 4766 opus
2517 4698 2827 4766 perfeceris.
2862 4700 2972 4753 Erit
3002 4700 3162 4768 igitur
3193 4699 3353 4754 etiam
3393 4700 3494 4754 hoc
3536 4702 3589 4753 in
3619 4700 3729 4754 ob-

2138 4788 2532 4843 servationibus
2556 4789 3021 4858 intelligendarum
3050 4790 3469 4860 Scripturarum,
3494 4800 3552 4844 ut
3581 4792 3732 4846 scia-

2138 4892 2257 4931 mus
2285 4878 2386 4932 alia
2418 4880 2666 4933 omnibus
2691 4881 3048 4935 communiter
3077 4881 3312 4950 praecipi,
3347 4882 3450 4934 alia
3495 4883 3730 4951 singulis

2138 4971 2437 5040 quibusque
2461 4973 2746 5041 generibus
2778 4989 3161 5042 personarum:
3206 4985 3263 5029 ut
3303 4992 3408 5029 non
3450 4976 3620 5030 solum
3652 4977 3731 5031 ad

2139 5062 2448 5116 universum
2505 5073 2701 5117 statum
2738 5066 3082 5131 valetudinis,
3133 5066 3229 5122 sed
3261 5067 3422 5121 etiam
3459 5068 3525 5122 ad
3570 5083 3727 5121 suam

2139 5151 2397 5221 cujusque
2450 5156 2671 5210 membri
2724 5158 2991 5226 propriam
3036 5158 3408 5213 inﬁrmitatem
3460 5160 3726 5215 medicina

2142 5244 2432 5311 perveniat.
2466 5244 2519 5298 In
2561 5261 2660 5301 suo
2688 5248 2884 5318 quippe
2912 5264 3106 5317 genere
3133 5251 3431 5304 curandum
3463 5260 3546 5305 est
3576 5252 3725 5320 quod

2152 5332 2216 5387 ad
2248 5334 2439 5389 melius
2466 5350 2631 5406 genus
2657 5353 2760 5390 non
2787 5348 2963 5405 potest
2992 5339 3146 5409 erigi.

2606 5425 2835 5483 CAPUT
2874 5427 3241 5483 CCLXXVIII.

2134 5512 2288 5578 Quod
2314 5530 2417 5567 una
2440 5515 2713 5584 eademque
2762 5534 2841 5570 res
2864 5535 2952 5585 per
2973 5519 3360 5571 similitudine»:
3386 5526 3433 5569 et
3456 5518 3509 5570 in
3539 5517 3726 5573 bonum

2208 5596 2399 5648 partem
2422 5586 2576 5655 possit
2600 5587 2769 5653 accipi
2798 5597 2843 5640 et
2869 5588 2922 5640 in
2952 5592 3172 5653 malam;
3201 5604 3264 5641 ea:
3296 5588 3426 5641 libro
3454 5589 3649 5641 eodem.

2210 5700 2313 5759 Sed
2342 5701 2597 5771 quoniam
2652 5701 2836 5758 multis
2859 5702 3032 5761 modis
3064 5717 3154 5759 res
3184 5700 3387 5759 similes
3422 5709 3715 5771 apparent.

3632 5864 3663 5872 .-
