4016 6184
326 306 437 365 965

1479 293 1911 353 TIIESAURI'S.
1954 292 2106 350 CAP.
2150 296 2446 352 CCLXXX.

3489 303 3595 358 9‘6

327 432 440 474 non
464 424 711 485 putemus
749 424 868 466 esse
910 412 1276 480 prmscripium
1324 418 1403 475 ut,
1454 411 1593 478 quod
1627 410 1679 463 in
1729 409 1908 475 aliquo
1939 406 1984 465 A
2012 406 2170 461 etiam
2199 410 2359 464 lerica
2386 410 2528 464 dicta
2561 408 2629 464 sit
2671 408 2791 464 fidei
2836 428 2847 462 :
2882 409 3077 476 lttdttti,
3124 410 3316 480 inquit,
3375 414 3595 468 loriCam

328 509 452 563 loco
472 522 559 561 res
589 506 764 574 aliqua
795 520 887 572 per
911 490 1760 572 sim‘litudinem.siguilieaverit,
1809 502 1911 553 hoc

329 612 453 652 eam
481 610 696 663 semper
718 595 1018 665 significare
1040 596 1320 648 cedamus
1352 610 1365 647 :
1400 608 1519 646 nam
1539 607 1587 647 et
1625 593 1676 645 in
1704 594 1912 658 vitupe-

328 686 542 742 ratione
595 684 770 752 posuit
822 685 1142 738 fermentum
1178 684 1455 747 Dominus,
1488 699 1607 737 cum
1662 683 1908 736 diceret:

328 776 533 830 Cavete
567 790 595 827 a
638 775 903 829 fermento
948 772 1375 839 Phariszcorum;
1406 784 1461 829 et
1507 775 1556 826 in
1600 775 1754 826 laude
1793 787 1911 825 cum

329 866 537 921 diceret
571 884 587 920 :
617 865 803 919 Simile
851 875 932 919 est
977 880 1197 932 regnum
1245 868 1503 921 caelorum
1536 864 1747 919 mulieri
1796 876 1915 930 quze

328 957 614 1010 abscondit
643 956 964 1011 fermentum
993 957 1046 1009 in
1076 958 1248 1011 tribus
1272 957 1535 1011 mensuris
1572 954 1778 1017 farina,
1815 954 1912 1004 doo

333 1063 436 1103 nec
460 1058 625 1102 totum
656 1048 1087 1103 fermentaretur.
1124 1050 1289 1119 llujus
1323 1050 1481 1117 igitur
1511 1047 1789 1101 varietatis
1820 1045 1915 1099 ob-

332 1140 572 1193 servatio
615 1140 747 1193 duas
796 1140 956 1194 habet
1003 1140 1244 1194 formas:
1287 1140 1363 1194 sic
1400 1140 1543 1194 enim
1576 1139 1718 1193 aliud
1758 1147 1918 1203 atque

334 1230 481 1283 aliud
513 1245 603 1285 res
627 1245 853 1299 qumque
882 1232 1207 1301 significant,
1244 1240 1300 1285 ut
1350 1240 1441 1284 aut
1493 1230 1781 1293 contraria,
1829 1237 1919 1281 aut

337 1320 711 1373 tantummodo
740 1320 949 1375 diversa
990 1320 1293 1390 significent
1322 1339 1337 1373 :
1372 1321 1639 1375 contraria
1688 1320 1917 1382 scilicet,

336 1424 463 1463 cum
488 1411 621 1463 alias
653 1413 706 1464 in
739 1411 896 1470 bono.
930 1412 1061 1465 alias
1104 1415 1156 1465 iit
1189 1414 1328 1466 man
1358 1428 1445 1468 ret
1474 1413 1663 1466 eadem
1712 1427 1804 1478 per
1849 1412 1923 1463 si—

340 1500 702 1555 militudinem
734 1504 970 1571 ponitur,
1002 1505 1134 1557 sicut
1168 1506 1267 1558 ltuc
1293 1515 1375 1558 cst
1404 1505 1545 1574 quod
1568 1506 1634 1559 de
1656 1504 1921 1559 fermento

337 1606 505 1661 supra
532 1593 784 1649 diximus.
814 1595 941 1650 Tale
993 1606 1075 1651 est
1121 1598 1282 1651 etiam
1327 1599 1466 1667 quod
1520 1600 1603 1653 leo
1657 1600 1923 1667 significat

337 1682 617 1738 Christum
669 1685 758 1738 ubi
804 1688 995 1740 dicitur
1026 1704 1039 1741 :
1072 1687 1210 1741 Vicit
1259 1688 1341 1741 leo
1380 1689 1446 1743 de
1478 1689 1617 1741 tribu
1649 1688 1813 1753 .Iuda;
1848 1689 1921 1741 si-

2015 496 2135 551 ﬁdei
2153 508 2205 553 et
2226 500 2517 554 cltaritatis.
2546 500 2770 568 Quando
2800 512 2976 555 autem
2995 516 3059 555 ex
3086 502 3288 556 eisdem
3309 504 3597 571 Scriptura:

2016 591 2214 653 verbis,
2247 607 2350 644 non
2384 592 2488 662 55
2517 607 2677 646 unum
2694 592 2913 659 aliquid,
2943 592 3035 647 sed
3072 592 3175 645 duo
3195 592 3279 646 vel
3308 595 3455 661 plura
3472 608 3593 648 sen—

2017 683 2244 745 tiuntur,
2279 681 2436 735 etiam
2466 683 2509 735 si
2546 684 2674 737 latet
2696 682 2823 751 quid
2854 685 3086 737 senserit
3120 684 3211 737 ille
3231 685 3320 752 qni
3366 685 3601 751 scripsit.

2017 774 2147 827 nihil
2172 773 2577 841 periclitandum
2595 784 2698 840 est,
2727 776 2769 828 si
2788 776 3063 845 quodlibet
3095 790 3280 828 eorum
3300 791 3600 845 congruere

2019 863 2228 917 veritati
2260 878 2324 917 ex
2355 862 2476 917 aliis
2496 864 2625 918 locis
2656 875 2959 918 sanctarum
2988 866 3385 934 Scripturarnm
3418 867 3603 922 doceri

2018 965 2212 1025 potest.
2235 955 2286 1008 ld
2304 966 2478 1009 tamen
2505 970 2569 1010 eo
2595 968 2822 1011 conante
2850 957 2942 1025 qui
2974 958 3157 1011 divina
3185 968 3455 1013 scrutatur
3486 962 3608 1012 clo-

2019 1046 2166 1114 quia,
2185 1056 2241 1099 ut
2262 1047 2325 1099 ad
2352 1048 2675 1100 voluntatem
2704 1050 3047 1115 perveniatur
3069 1050 3303 1103 auctoris
3328 1066 3421 1116 per
3437 1066 3594 1119 quem

2020 1139 2350 1207 Scripturam
2384 1140 2522 1192 illaut
2555 1150 2772 1193 sanctus
2802 1150 3052 1206 operatus
3080 1150 3165 1195 est
3193 1142 3454 1210 Spiritus:
3486 1145 3604 1197 sive

2022 1229 2124 1284 hoc
2151 1239 2486 1298 as~eqnatur,
2520 1231 2632 1284 sive
2660 1231 2818 1284 aliam
2850 1233 3171 1286 sententiam
3195 1232 3263 1287 de
3294 1234 3399 1287 illis
3422 1237 3603 1289 verbis

2019 1336 2139 1389 quae
2180 1320 2300 1375 fidei
2327 1332 2472 1374 recte
2495 1336 2599 1374 non
2616 1320 2935 1391 refragatur,
2953 1323 3221 1391 cxculpat,
3239 1325 3601 1379 testimonium

2023 1412 2223 1466 habens
2252 1429 2279 1466 a
2304 1429 2622 1481 quocunque
2642 1415 2746 1469 alio
2777 1415 2893 1467 loco
2919 1415 3218 1470 divinorum
3242 1418 3596 1487 eloquiorum.

2025 1503 2118 1558 llle
2164 1504 2359 1572 quippe
2403 1514 2611 1567 auctor.
2663 1505 2713 1556 in
2767 1504 2970 1560 eisdem
3017 1507 3196 1561 verbis
3243 1524 3362 1576 quze
3414 1509 3612 1564 intelli-

2023 1608 2149 1663 gere
2175 1595 2445 1658 volumus,
2478 1604 2532 1647 et
2556 1596 2722 1663 ipsam
2769 1596 3087 1649 sententiam
3117 1596 3338 1651 forsitan
3370 1600 3524 1666 vidit,
3557 1611 3611 1655 et

2024 1692 2170 1737 certe
2203 1684 2293 1737 Dei
2320 1686 2570 1754 Spiritus,
2612 1687 2700 1755 qui
2736 1702 2829 1754 per
2857 1698 3241 1758 eumoperatus
3256 1698 3605 1756 est,etetiam

340 1776 561 1845 gniﬁcat
587 1777 875 1842 diabolum,
904 1781 992 1832 ubi
1015 1782 1270 1848 scriptum
1297 1789 1379 1835 est
1410 1798 1421 1834 :
1448 1782 1799 1836 Adversarius
1826 1797 1918 1835 ve-
1952 1753 1994 1811 Β
2023 1775 2189 1843 ipsam
2205 1791 2545 1830 occursuram
2572 1777 2757 1832 lecturi
2778 1780 2857 1833 vel
2878 1780 3106 1834 auditori
3132 1786 3246 1837 sine
3267 1783 3605 1839 dubitatione

340 1877 455 1921 Ster
483 1868 746 1933 diabolus,
781 1878 1027 1938 tanquam
1063 1871 1146 1922 leo
1173 1872 1391 1940 rugiens
1424 1872 1635 1937 circuit,
1671 1885 1919 1940 qumrcns

338 1974 504 2025 quem
534 1959 770 2014 devoret.
804 1959 879 2013 lta
901 1974 1124 2030 serpens
1147 1962 1199 2015 in
1229 1961 1369 2015 bono
1399 1972 1481 2017 cst
1514 1979 1527 2015 :
1565 1963 1745 2017 Estote
1761 1964 1922 2017 astuti

339 2060 403 2105 ut
433 2062 737 2119 serpentes;
779 2053 831 2106 in
858 2053 999 2106 malo
1037 2063 1253 2108 autem:
1289 2055 1527 2123 Serpens
1570 2055 1732 2108 Evam
1762 2056 1922 2109 sedu-

340 2142 423 2194 xit
449 2142 503 2195 in
531 2144 726 2196 astutia
758 2158 873 2196 sua.
912 2145 963 2197 ltt
997 2145 1135 2198 bono
1162 2147 1313 2215 panis
1345 2162 1359 2199 :
1386 2148 1496 2216 Ego
1525 2162 1641 2201 sum
1675 2149 1825 2216 panis
1850 2148 1925 2202 vi-

341 2245 463 2296 vus,
500 2233 593 2301 qui
620 2233 687 2286 de
714 2234 853 2287 cmlo
879 2234 1162 2301 descendi;
1198 2235 1249 2289 in
1303 2237 1443 2291 malo
1470 2236 1695 2309 [autem]
1729 2241 1879 2306 panis
1908 2257 1923 2292 :

345 2323 523 2378 Panes
566 2326 806 2378 occultos
850 2326 1081 2381 libenter
1127 2328 1293 2383 edise.
1329 2329 1417 2384 Sic
1441 2339 1495 2384 et
1526 2330 1630 2384 alia
1676 2331 1928 2399 plurima,

341 2427 394 2471 et
425 2416 540 2471 ιιωο
568 2418 783 2486 quidem
814 2435 932 2488 quae
960 2422 1377 2476 commemoravi
1436 2424 1657 2478 mittime
1710 2425 1926 2478 dubiam

344 2509 791 2575 significationem
819 2519 1032 2578 gerunt,
1079 2513 1197 2581 quia
1237 2516 1464 2583 exempli
1495 2516 1663 2584 gratia
1698 2532 1937 2573 comme-

341 2599 541 2652 morari
564 2614 667 2654 non
690 2602 788 2654 nisi
816 2604 1091 2657 manifesta
1111 2606 1428 2659 debuerunt.
1456 2607 1587 2661 Sunt
1606 2616 1782 2663 autem
1813 2625 1931 2677 quia

344 2689 605 2744 incertum
634 2691 703 2745 sit
732 2692 783 2745 in
807 2708 963 2761 quam
994 2705 1196 2762 partem
1243 2698 1411 2762 accipi
1458 2698 1710 2763 debeant,
1744 2701 1884 2754 sicut
1915 2719 1927 2753 :

344 2778 498 2833 Calix
533 2781 585 2834 in
620 2796 776 2835 manu
819 2784 1024 2838 Domini
1056 2784 1161 2838 vini
1208 2788 1339 2841 meri
1389 2787 1579 2856 plenus
1616 2801 1700 2845 est
1743 2792 1930 2846 mitto.

348 2868 614 2924 Incertum
642 2882 723 2926 est
750 2874 891 2927 enim
919 2886 1092 2929 utrum
1126 2878 1257 2931 iram
1288 2878 1381 2932 Dei
1401 2880 1687 2948 significet,
1715 2897 1819 2935 non
1838 2900 1931 2937 us-

349 2977 458 3030 que
488 2964 552 3017 ad
586 2966 925 3020 novissimam
974 2983 1209 3035 pinnam,
1241 2970 1293 3024 id
1323 2980 1405 3025 est
1452 2987 1618 3040 usque
1641 2975 1705 3027 ad
1739 2974 1930 3042 fecem,

348 3066 419 3105 an
445 3056 623 3122 potius
652 3057 873 3125 gratiam
925 3057 1320 3125 Scripturarum
1351 3077 1379 3114 a
1401 3061 1603 3117 Judmis
1649 3064 1714 3119 ad
1747 3075 1932 3133 gentes

351 3155 741 3213 transeuntem,
773 3149 895 3218 quia
931 3149 1205 3204 inclinavit
1235 3167 1299 3205 ex
1335 3153 1435 3208 hoc
1480 3156 1533 3209 in
1589 3156 1711 3225 ltoc,
1757 3173 1932 3212 rema-

352 3238 603 3292 nentibns
629 3241 764 3306 apud
798 3240 1011 3295 Judcos
1038 3243 1500 3300 observationibus
1531 3264 1663 3315 quas
1705 3251 1934 3306 carnali-

353 3340 438 3385 ter
473 3333 704 3401 sapiunt,
739 3334 861 3402 quia
894 3334 979 3388 fex
1014 3336 1132 3404 ejus
1161 3353 1263 3391 non
1289 3349 1369 3392 est
1390 3340 1685 3395 exinanita.

849 3444 1074 3500 CAPUT
1115 3447 1439 3505 CCLXXIX.

354 3550 435 3605 De
459 3554 607 3626 rebus
625 3570 746 3626 qum
774 3571 873 3607 non
916 3556 967 3608 in
997 3560 1280 3626 contraria,
1307 3562 1397 3614 sed
1437 3572 1634 3615 tantum
1666 3565 1715 3617 in
1738 3565 1936 3619 diversa

498 3624 872 3691 signiﬁcatione
912 3638 1205 3693 ponuntur,
1237 3624 1298 3683 ea'
1325 3634 1500 3685 eodem
1531 3636 1662 3687 libro
1713 3652 1791 3689 nt.

430 3735 563 3791 Cum
595 3754 722 3792 vero
754 3754 838 3793 res
856 3739 1041 3794 eadem
1072 3756 1174 3795 non
1206 3743 1257 3797 in
1288 3748 1579 3811 contraria,
1618 3750 1708 3801 scd
1736 3759 1936 3804 tantum

354 3829 414 3882 in
446 3830 653 3883 diversa
689 3831 1077 3899 significatione
1111 3837 1341 3900 ponitur,
1386 3836 1517 3889 illud
1548 3849 1627 3890 est
1673 3840 1722 3891 in
1753 3856 1939 3893 cxcm-

356 3922 508 3990 plum
531 3922 670 3990 quod
692 3937 881 3990 aquam
908 3932 962 3975 et
985 3925 1233 3992 pupulum
1257 3924 1540 3993 significat,
1565 3927 1699 3981 sicut
1722 3928 1771 3981 iu
1797 3930 1838 3982 A
1880 3945 1939 3981 o-

356 4014 563 4080 calypsi
593 4012 836 4081 legimus,
868 4024 922 4066 et
956 4013 1213 4082 Spiritum
1244 4028 1510 4082 sanctum,
1576 4018 1717 4073 unde
1747 4031 1829 4075 est
1876 4020 1940 4074 il-

361 4103 456 4156 Iud
493 4122 508 4156 :
538 4102 773 4157 Fulmina
814 4120 963 4173 aqua:
1005 4106 1135 4159 virm
1172 4107 1337 4161 tinent
1370 4108 1437 4162 de
1470 4120 1655 4164 ventre
1692 4111 1808 4180 t'jtlS
1840 4130 1851 4165 :
1885 4122 1942 4166 et

354 4198 407 4249 si
448 4196 571 4264 quid
597 4198 737 4249 aliud
777 4210 935 4265 atque
965 4199 1107 4253 aliud
1141 4215 1236 4269 pro
1266 4202 1395 4255 locis
1424 4201 1475 4255 in
1506 4204 1697 4269 quibus
1728 4206 1942 4272 ponitur

356 4303 500 4355 aqua
527 4289 824 4358 significare
849 4291 1161 4362 intelligitur
1186 4311 1198 4347 :
1226 4296 1303 4349 sic
1332 4304 1386 4347 ct
1418 4296 1537 4349 alize
1560 4312 1668 4363 res,
1698 4313 1801 4350 non
1832 4300 1943 4352 sin-

359 4378 524 4447 gulae.
554 4379 646 4433 Sed
677 4396 1008 4450 unaquicque
1048 4398 1256 4449 eurum,
1296 4400 1399 4439 non
1427 4386 1597 4439 solum
1631 4387 1737 4441 duo
1764 4390 1937 4458 aliqua

2025 1866 2290 1931 prmvidit,
2324 1867 2428 1919 imo
2453 1878 2506 1919 ut
2535 1879 2868 1932 occurreret,
2901 1870 3023 1937 quia
3051 1880 3105 1924 et
3134 1871 3241 1935 ipsa
3275 1882 3357 1927 est
3386 1874 3616 1929 veritate

2023 1955 2270 2018 subnixa,
2321 1958 2567 2024 providit.
2604 1958 2734 2011 Nam
2779 1958 2903 2027 quid
2934 1960 2985 2013 in
3016 1960 3209 2015 divinis
3251 1962 3477 2032 eloquiis
3508 1965 3617 2019 la:-

2024 2047 2141 2114 gius
2169 2057 2221 2099 et
2263 2046 2476 2100 uberius
2506 2048 2677 2115 potuit
2712 2048 2967 2103 divinitus
2998 2050 3287 2116 provideri.
3338 2068 3496 2121 quam
3553 2063 3613 2110 ut

2025 2137 2211 2191 eadem
2238 2138 2397 2191 verba
2431 2137 2673 2206 pluribus
2703 2128 3068 2206 intelligantur
3092 2139 3287 2206 modis,
3328 2157 3464 2209 quos
3505 2143 3613 2198 alia

2003 2232 2138 2281 'non
2200 2228 2376 2281 minus
2425 2229 2607 2281 divina
2658 2230 3013 2283 contestantia
3063 2230 3259 2285 faciant
3301 2234 3621 2302 approbarit

2032 2317 2132 2372 Ubi
2157 2328 2333 2370 autem
2369 2318 2492 2371 talis
2532 2332 2723 2372 sensus
2746 2320 2949 2372 eruitur
2988 2320 3142 2387 cujus
3170 2321 3429 2375 incertum
3455 2328 3620 2378 certis

2029 2416 2332 2459 sanctarum
2364 2406 2757 2474 Scripturarum
2789 2407 3108 2461 testimoniis
3146 2425 3250 2461 non
3294 2414 3461 2475 possit
3490 2427 3616 2479 ape-

2032 2496 2151 2563 riri,
2196 2505 2363 2550 restat
2392 2508 2447 2550 ut
2502 2497 2708 2551 ratione
2749 2497 2952 2551 reddita
2985 2499 3317 2551 manifestius
3342 2511 3615 2569 appareat,

2031 2587 2241 2641 etiamsi
2269 2588 2358 2641 ille
2388 2586 2545 2657 cujus
2592 2588 2755 2641 verba
2811 2587 3115 2657 intelligere
3147 2593 3456 2658 quaerimus,
3495 2608 3617 2646 euut

2033 2678 2173 2733 forte
2204 2694 2306 2734 non
2330 2681 2517 2734 sensit.
2549 2680 2655 2735 Sed
2682 2681 2796 2735 h.ec
2827 2681 3162 2735 consuetudo
3186 2683 3485 2751 periculosa
3504 2696 3619 2750 est;

2036 2786 2132 2838 per
2170 2771 2481 2839 Scripturas
2544 2773 2691 2827 enim
2736 2772 2947 2826 divinas
2978 2774 3146 2827 multo
3190 2776 3352 2828 tutius
3380 2777 3621 2830 ambula-

2037 2871 2142 2927 tur,
2175 2879 2304 2931 quas
2332 2864 2510 2916 verbis
2540 2864 2812 2917 translatis
2838 2873 3090 2932 opacatas
3111 2880 3231 2917 cum
3271 2867 3497 2919 scrutari
3529 2882 3622 2919 vo-

2036 2954 2233 3015 lumus,
2268 2965 2359 3008 aut
2391 2956 2491 3008 huc
2520 2953 2644 3008 inde
2673 2963 2829 3007 exeat
2861 2954 3002 3021 quod
3048 2972 3151 3009 non
3184 2955 3377 3011 habeat
3402 2968 3620 3010 contro-

2040 3046 2291 3109 versiam,
2333 3055 2423 3098 ant
2449 3046 2492 3099 si
2534 3046 2716 3112 habet,
2755 3062 2818 3100 ex
2851 3048 3038 3103 eadem
3080 3047 3354 3117 Scriptura
3396 3050 3621 3102 ubicun-

1958 3105 2006 3168 (ἶ
2037 3153 2140 3210 que
2159 3139 2386 3193 inventis
2414 3148 2571 3207 atque
2592 3137 2843 3192 adhibitis
2885 3140 3110 3193 testibus
3142 3140 3477 3196 terminetur.

2525 3226 2751 3282 CAPUT
2789 3209 3090 3283 ccex'iix.

2039 3318 2115 3373 De
2162 3320 2327 3372 modis
2380 3321 2712 3385 locutionum,
2767 3337 2984 3384 quorum
3027 3323 3367 3390 cognitionem
3395 3340 3623 3378 necessa-

2104 3392 2236 3442 rium
2274 3390 2825 3466 dicit__$cripturarttnt
2864 3392 3250 3447 obscuritatibus
3270 3396 3624 3466 dissolvendis,

2104 3476 2169 3514 ex
2190 3465 2365 3513 eadem
2399 3462 2548 3513 libro.

2110 3574 2295 3630 Sciant
2350 3584 2529 3627 autem
2570 3573 2816 3638 litterati,
2841 3573 3015 3627 modis
3044 3575 3290 3628 omnibus
3320 3575 3625 3643 locutTonis,

2038 3682 2171 3736 quos
2198 3666 2526 3735 grammatici
2566 3665 2754 3718 Graaco
2788 3668 3005 3718 nomine
3032 3668 3265 3739 Troxooc
3289 3677 3500 3727 vocant,
3532 3685 3626 3721 au-

2039 3769 2217 3811 ctores
2268 3767 2479 3809 tio-tros
2508 3770 2635 3807 usus
2667 3757 2828 3807 fuisse
2857 3756 3203 3823 multiplicius
3244 3767 3401 3823 atque
3438 3760 3625 3826 copio-

2041 3850 2152 3900 sius
2190 3862 2347 3914 quam
2400 3854 2621 3913 possunt
2666 3844 2970 3897 existimare
3026 3847 3106 3897 vel
3141 3846 3359 3898 credere
3383 3848 3471 3915 qui
3499 3862 3625 3901 nes-

2041 3938 2189 3990 ciunt
2217 3951 2312 3989 eos
2342 3944 2394 3988 et
2417 3936 2468 3988 in
2517 3935 2634 3987 aliis
2658 3935 2751 3987 ista
2783 3935 3105 3991 didicerunt.
3139 3936 3283 4001 Quos
3306 3948 3477 3989 tamen
3513 3947 3625 3992 tro-

2043 4044 2137 4098 pos
2168 4030 2255 4098 qui
2301 4037 2581 4090 noverunt,
2615 4038 2909 4097 agnoscunt
2958 4027 3151 4081 litteris
3182 4030 3380 4083 sanctis
3410 4045 3623 4085 eorum-

2042 4138 2147 4193 que
2167 4121 2385 4177 scientia
2411 4121 2475 4175 ad
2498 4136 2591 4175 eas
2615 4119 2989 4188 intelligendas
3011 4121 3335 4188 aliquantum
3358 4123 3587 4190 adjuvan
3603 4152 3621 4163 -

2046 4226 2152 4268 tur.
2183 4214 2289 4268 Sed
2340 4213 2422 4267 hic
2465 4228 2557 4267 eos
2589 4212 2785 4281 ignaris
2830 4214 3040 4266 tradere
3083 4228 3187 4265 tton
3219 4213 3395 4279 decet,
3442 4230 3509 4271 ne
3539 4232 3629 4271 ar-

2047 4313 2152 4359 tem
2196 4304 2593 4373 grammaticam
2638 4303 2833 4357 doccre
2876 4302 3147 4357 videamur
3180 4322 3193 4358 :
3228 4317 3375 4359 extra
3409 4322 3541 4363 sane
3570 4320 3628 4364 ut

2047 4396 2322 4451 discantur
2359 4393 2641 4454 admoneo,
2675 4390 2918 4461 quamvis
2944 4392 3053 4460 jam
3080 4394 3321 4461 superius
3356 4394 3406 4448 id
3444 4397 3628 4451 admo-

360 4470 606 4538 diversa,
630 4471 723 4525 sed
752 4474 912 4526 etiam
940 4490 1317 4545 nonnunquam
1344 4478 1506 4529 multa
1532 4457 1939 4548 significat,pro
1966 4457 2020 4516 D
2054 4485 2281 4547 nuetim,
2312 4484 2360 4537 id
2388 4491 2469 4536 est
2502 4484 2552 4535 in
2581 4457 2815 4536 secundo
2838 4457 2973 4535 libro
3001 4482 3087 4535 ubi
3111 4457 3179 4538 de
3200 4484 3497 4554 liuguarutn
3530 4504 3626 4543 ne-

358 4561 487 4615 loco
515 4566 813 4631 sententiae,
854 4565 993 4618 sicut
1048 4566 1215 4634 posita
1268 4568 1551 4636 reperitur.
1606 4568 1701 4623 Ubi
1760 4582 1937 4625 autem

360 4652 599 4720 apertius
624 4664 913 4723 ponuntur,
941 4655 1011 4709 ibi
1042 4656 1351 4711 discendum
1380 4668 1484 4725 est,
1503 4662 1772 4728 quomodo
1804 4662 1938 4719 locis

360 4744 727 4813 intelligantur
754 4748 1015 4801 obscuris.
1044 4748 1225 4818 Neque
1255 4751 1397 4805 enim
1430 4753 1622 4806 melius
1652 4764 1826 4821 potest
1857 4756 1937 4810 in-

360 4834 531 4904 telligi
561 4837 697 4905 quod
727 4837 926 4892 dictum
965 4850 1046 4893 est
1099 4840 1209 4895 Deo
1239 4858 1251 4894 :
1299 4842 1655 4911 Appreheude
1705 4862 1852 4900 arma
1885 4858 1941 4903 et

357 4939 601 4997 scutum,
622 4941 675 4983 et
705 4946 931 5000 exsurge
956 4932 1006 4986 itt
1030 4931 1352 5001 adjutorium
1379 4937 1530 5002 mihi,
1550 4953 1708 5006 quam
1728 4955 1791 4993 ex
1825 4940 1942 4996 loco

362 5021 460 5076 illo
489 5023 575 5076 ubi
611 5023 839 5092 legitur:
889 5026 1127 5091 Domine,
1164 5036 1221 5081 ut
1249 5040 1403 5083 scuto
1451 5030 1605 5085 bona:
1654 5034 1943 5089 voluntatis

363 5124 475 5167 tum
502 5118 764 5169 coronasti
799 5131 917 5170 nos.
951 5117 1059 5172 Nec
1090 5130 1265 5173 tamen
1307 5123 1377 5174 ita
1416 5131 1473 5175 ut
1496 5122 1606 5191 jam
1641 5124 1943 5195 ubicunque

362 5216 576 5258 scutum
630 5221 728 5274 pro
764 5208 941 5275 aliquo
970 5212 1299 5265 munimento
1348 5216 1577 5282 positttm
1634 5218 1941 5287 leget-imm,

364 5310 477 5350 non
503 5298 827 5366 accipiamus
857 5300 957 5354 nisi
981 5302 1173 5356 bonam
1208 5305 1533 5361 voluntatem
1567 5308 1680 5363 Dei.
1735 5312 1941 5367 Dictum

365 5396 455 5442 est
476 5388 640 5456 enim,
670 5391 737 5445 Et
771 5405 983 5447 scutum
1014 5394 1160 5462 fidei,
1208 5397 1259 5450 in
1312 5413 1417 5467 quo
1461 5402 1700 5469 possitis,
1750 5404 1942 5473 inquit,

364 5492 561 5533 omnes
588 5481 808 5550 sagittas
836 5484 1048 5561 maligni
1074 5486 1266 5554 ignitas
1292 5490 1656 5561 exstinguere.
1689 5495 1796 5551 Nec
1828 5513 1947 5552 rur-

366 5582 466 5622 sus
488 5568 607 5623 ideo
645 5571 902 5628 debemus
932 5560 997 5628 in,
1018 5577 1181 5632 armis
1216 5560 1582 5648 hujuscemodi
1612 5588 1945 5657 spiritalibus

367 5668 527 5713 scuto
570 5665 937 5722 tantummodo
989 5666 1151 5723 fidem
1202 5669 1459 5742 tribuere,
1508 5690 1628 5734 cum
1673 5682 1780 5737 alio
1828 5685 1947 5744 loco

2053 4579 2287 4634 cessaria
2308 4576 2607 4644 cognitione
2626 4574 2885 4639 disserui;
2905 4589 3024 4628 nam
3050 4575 3238 4629 littera:
3256 4592 3284 4628 a
3307 4577 3497 4645 quibus
3515 4580 3629 4649 ipsa

2054 4669 2393 4740 grammatica
2418 4681 2608 4721 nomen
2632 4665 2835 4734 accepit
2856 4666 3155 4741 (γρᾶμματα
3182 4668 3320 4722 enim
3345 4667 3515 4725 Grazci
3542 4674 3629 4725 lit-

2054 4772 2194 4816 teras
2226 4762 2434 4826 vocant)
2466 4760 2615 4825 signa
2643 4757 2821 4823 utique
2842 4767 2965 4810 sunt
2985 4772 3261 4821 sonorum,
3286 4760 3352 4814 ad
3383 4763 3633 4817 articula-

2054 4862 2161 4906 tam
2234 4865 2416 4905 vocem
2462 4863 2562 4916 qua
2613 4846 2877 4910 loquimur
2940 4850 3342 4918 pertinentium.
3403 4852 3630 4909 Istorum

2051 4955 2229 4999 autem
2288 4952 2560 5009 troporum
2619 4955 2724 4993 non
2770 4940 2942 4994 solum
2992 4946 3256 5012 exempla,
3312 4947 3449 5000 sicut
3494 4962 3626 5001 om-

2049 5044 2235 5106 nium,
2282 5040 2373 5094 scd
2420 5042 2770 5108 quorumdam
2826 5040 2987 5091 etiam
3045 5038 3257 5092 nomina
3326 5040 3381 5093 in
3436 5039 3628 5093 divinis

2051 5136 2199 5190 libris
2234 5136 2497 5203 leguntur,
2540 5133 2676 5186 sicut
2717 5133 3008 5207 ἀλληγορία,
3056 5132 3284 5205 αἴνιγμα.
3333 5133 3621 5204 παραϐολή.

2049 5227 2300 5295 Quamvis
2326 5241 2459 5293 pene
2480 5239 2666 5279 omnes
2686 5224 2735 5279 lii
2761 5226 2895 5294 ttopi
2914 5225 3000 5294 qui
3023 5224 3226 5278 liberali
3245 5224 3489 5276 dicuntur
3512 5234 3629 5278 arte

2052 5319 2324 5389 cognosci,
2371 5319 2531 5372 etiam
2576 5318 2628 5371 in
2675 5332 2862 5372 eorum
2912 5316 3242 5385 reperiantur
3270 5313 3495 5382 loquelis
3532 5316 3626 5384 qui

2055 5411 2229 5467 nullos
2278 5409 2651 5480 grammaticos
2702 5408 3006 5471 audierunt,
3060 5416 3114 5459 et
3163 5419 3230 5460 eo
3280 5418 3385 5473 quo
3436 5406 3628 5476 vulgus

2056 5503 2220 5559 utitur
2272 5516 2520 5557 sermone
2565 5500 2801 5556 contenti
2852 5506 2994 5553 sunt.
3021 5496 3149 5563 Quis
3178 5496 3319 5551 enim
3352 5510 3458 5551 non
3500 5498 3630 5554 dicit

2052 5599 2131 5654 sic
2148 5597 2338 5653 floreas
2351 5597 2374 5652 t
2386 5609 2607 5667 quorum
2629 5592 2760 5665 [quil
2780 5600 2956 5660 tropus
2971 5586 3234 5664 μεταφοραί
3247 5598 3487 5645 vocatur.
3500 5590 3630 5658 Quis

2056 5706 2163 5748 non
2211 5688 2339 5747 dicit
2394 5687 2668 5762 piscinam,
2711 5683 2871 5739 etiam
2910 5697 3029 5753 que
3076 5694 3184 5738 non
3228 5680 3389 5738 habet
3427 5683 3627 5762 pisces,
