3986 6190
420 330 523 388 967

1496 334 1554 388 D.
1600 332 1919 388 EUGYPPII
1967 335 2252 393 ABBATlS
2290 341 2612 400 AFRICANI

3589 352 3698 412 968

415 458 514 497 nec
571 443 704 498 facta
737 454 815 499 est
846 425 1058 514 propter
1081 445 1275 514 pisces,
1307 453 1360 498 et
1392 455 1566 500 tamen
1599 464 1626 500 a
1653 449 1886 517 piscibus
1911 463 2008 502 no-
2035 457 2074 508 Α
2109 469 2166 507 se
2187 470 2304 511 esse
2323 458 2475 523 dixit,
2503 470 2717 528 propter
2747 466 3091 530 temporalem
3125 470 3405 537 unitatem,
3432 472 3570 529 intra
3595 488 3700 532 una

415 549 536 588 men
564 535 798 601 accepit?
825 537 911 603 qui
941 549 1122 603 tropus
1145 536 1494 610 κατάχρησις,
1519 537 1735 592 dicitur.
1765 539 2002 608 Longum

417 633 497 677 est
544 625 644 676 isto
685 626 842 678 modo
872 637 1096 678 cmteros
1129 625 1394 693 persequi,
1428 641 1548 679 nam
1581 643 1746 697 usque
1770 629 1833 682 ad
1881 629 2003 681 illos

416 715 650 780 pervenit
714 715 850 781 vulgi
897 714 1260 780 locutio.,Qui
1310 727 1588 783 propterea
1648 720 2002 774 mirabiliores

415 816 560 871 sunt,
592 807 709 874 quia
743 816 926 858 contra
960 823 1119 875 quam
1153 806 1346 861 dicitur
1374 809 1700 878 significant;
1731 811 1886 864 siculi
1918 820 1999 865 est

414 910 530 963 qua:
583 895 883 962 appellatur
929 899 1156 968 εἰρωνεία
1209 897 1292 950 vel
1343 901 1654 972 ᾰντίρρασις.
1677 898 1785 952 Sed
1834 899 2000 954 ironia

415 987 846 1054 protnmliatione
903 987 1102 1040 indicat
1151 989 1275 1056 qttid
1326 990 1455 1042 velit
1491 990 1738 1059 intelligi,
1771 1002 1839 1044 ιιι·
1877 1006 1998 1045 cum

412 1079 640 1133 dicimus
671 1080 870 1132 homini
902 1082 1035 1131 mala
1063 1081 1273 1134 facienti
1308 1100 1318 1134 :
1347 1083 1450 1135 llcs
1483 1083 1646 1136 beatas
1673 1083 1821 1137 facis.
1847 1084 2001 1138 Anti-

413 1170 626 1238 phrasis
683 1187 809 1221 vero
835 1169 936 1240 [ut]
970 1173 1235 1224 contraria
1265 1173 1546 1240 significet.
1593 1190 1696 1227 non
1727 1190 1856 1229 voce
1881 1191 1998 1244 pro-

415 1260 710 1312 nuntiantis
759 1261 1006 1324 efficitur,
1037 1261 1129 1315 scd
1158 1271 1249 1315 aut
1279 1263 1438 1316 verba
1467 1280 1563 1317 sua
1586 1264 1745 1318 habet
1773 1281 1997 1334 qum-um

411 1351 560 1416 origo
603 1351 906 1404 ecnntrario
949 1362 1065 1419 est,
1119 1354 1256 1404 sicut
1304 1355 1605 1422 appellatur
1654 1357 1802 1410 lucus
1856 1358 1997 1425 quod

412 1440 632 1492 minime
658 1442 849 1504 luceat,
884 1451 974 1494 aut
999 1443 1278 1495 consuevit
1309 1445 1508 1514 aliquid
1543 1446 1612 1499 ita
1637 1446 1766 1514 dici,
1807 1463 1986 1515 quam-

411 1529 490 1581 vis
514 1529 720 1582 dicatur
742 1531 900 1583 etiam
935 1546 1036 1584 noa
1061 1534 1384 1600 econtratio,
1409 1536 1551 1588 velut
1568 1551 1686 1589 cum
1711 1539 1998 1604 t]ll:L‘t'ittlt|S

409 1622 651 1683 accipere
679 1624 835 1674 etiam
857 1621 994 1691 quod
1020 1624 1089 1677 ibi
1116 1640 1216 1677 non
1243 1635 1342 1686 est,
1367 1635 1420 1681 et
1445 1629 1796 1696 respondetur
1821 1629 1991 1693 nobis,

409 1711 675 1777 abundat;
727 1722 817 1766 aut
856 1712 1120 1780 adjunctis
1148 1715 1325 1768 verbis
1369 1713 1590 1771 facimus
1643 1727 1752 1770 uta
1787 1729 1997 1792 contra-

2109 548 2241 601 retia
2269 551 2490 616 piscium
2523 554 2785 608 bonorum
2805 566 2857 609 et
2881 560 3175 626 malorum;
3203 565 3541 620 tabernacula
3558 571 3702 621 enim
3757 577 3776 584 “

2105 638 2280 692 Cedar
2309 643 2374 694 ad
2401 643 2677 698 lsmaelcm
2706 646 2990 716 pertinent,
3017 652 3106 719 qui
3131 667 3234 704 non
3258 653 3358 707 erit
3387 656 3555 710 haeres
3577 672 3703 712 cum

2101 727 2421 784 ﬁlioliberaa.
2439 732 2638 802 Itaque,
2655 737 2854 790 cumde
2869 738 3003 791 bona
3021 749 3166 804 parte
3180 740 3316 794 dicat
3333 743 3704 799 Deusznucam

2110 832 2281 872 caecos
2331 822 2382 872 iu
2415 824 2550 876 viam
2583 840 2740 892 quam
2789 843 2892 881 non
2923 841 3203 894 noverunt,
3234 842 3288 887 et
3316 836 3536 890 semitas
3563 852 3705 906 quas

2117 924 2221 960 non
2263 922 2522 965 noverunt
2569 915 2870 981 calcahunt,
2914 929 2966 972 et
3009 918 3198 974 faciam
3227 922 3332 977 illis
3356 926 3601 980 tenebras
3631 927 3703 981 ad

2106 997 2204 1068 [in]
2248 1000 2444 1065 lucem,
2479 1014 2531 1056 et
2561 1020 2719 1072 prava
2748 1008 2798 1060 in
2827 1007 3090 1063 directum
3115 1027 3130 1076 ;
3166 1011 3281 1066 haec
3303 1016 3484 1078 verba,
3508 1015 3703 1072 faciam

2104 1099 2156 1142 et
2185 1105 2288 1143 non
2316 1093 2682 1163 derelinquam
2707 1112 2822 1160 eos.
2865 1116 2986 1153 mox
3011 1102 3078 1155 de
3099 1103 3199 1155 alia
3233 1113 3381 1170 parte
3412 1122 3528 1173 quae
3552 1106 3702 1160 male

2104 1183 2362 1251 permixta
2403 1195 2487 1240 83'.
2540 1189 2670 1242 dicit
2702 1206 2715 1242 :
2747 1191 2850 1258 lp~i
2897 1202 3071 1246 autem
3101 1197 3350 1248 conversi
3373 1207 3498 1250 sunt
3520 1207 3698 1263 retro,

2101 1279 2346 1346 quamvis
2392 1282 2479 1334 alii
2525 1282 2635 1352 jam
2666 1284 3030 1352 significeu'ur
3063 1289 3144 1342 his
3188 1291 3385 1345 verbis.
3421 1293 3525 1348 Sed
3553 1308 3699 1362 quo-

2104 1371 2241 1423 niam
2267 1388 2408 1427 nunc
2437 1372 2488 1427 in
2523 1389 2627 1428 uno
2655 1387 2802 1438 sunt,
2833 1388 3080 1446 tanquam
3114 1379 3180 1434 de
3208 1380 3340 1448 ipsis
3365 1381 3599 1449 loquitur
3626 1383 3700 1438 de

2100 1464 2293 1529 quibus
2316 1464 2663 1533 loquebatur;
2696 1483 2797 1520 non
2823 1475 2998 1522 tamen
3029 1483 3245 1538 semper
3274 1470 3326 1524 in
3355 1485 3464 1525 uno
3493 1482 3693 1526 erunt:

2102 1552 2216 1619 ipse
2256 1563 2339 1607 est
2382 1553 2577 1623 quippe
2624 1556 2712 1609 ille
2738 1572 2924 1610 servus
2953 1570 3404 1614 commemoratus
3433 1561 3486 1614 in
3510 1560 3696 1615 Evan-

2099 1643 2261 1712 gelio,
2309 1643 2461 1712 cujus
2516 1645 2771 1701 Doodnus
2825 1664 2944 1701 cum
2981 1650 3186 1703 venerit
3229 1651 3436 1704 dividet
3459 1667 3605 1714 eum,
3633 1661 3694 1707 et

2103 1743 2306 1802 partem
2360 1735 2476 1802 ejus
2505 1751 2625 1789 cum
2662 1738 2951 1806 hypocritis
2976 1749 3156 1807 pouct.
3189 1739 3365 1794 Tertia
3397 1741 3576 1810 regula
3609 1752 3692 1798 est

408 1802 491 1855 rio
540 1802 865 1870 intelligatur
913 1803 1056 1872 quod
1111 1805 1408 1872 loquimur;
1461 1808 1598 1860 velut
1637 1808 1677 1859 si
1711 1807 1991 1861 dicamus:
2030 1815 2074 1872 Β
2101 1825 2168 1880 de
2223 1826 2500 1894 promissis
2553 1837 2607 1881 ει
2645 1802 2781 1896 [Cea
2837 1844 2954 1896 qua;
2976 1802 3086 1883 iam,
3109 1830 3267 1884 modo
3295 1829 3398 1884 dici
3428 1802 3691 1900 ρξιιεειάο

406 1891 547 1947 Cave
578 1893 723 1946 illum
756 1894 876 1961 quia
930 1897 1098 1947 bonus
1145 1896 1305 1947 homo
1352 1906 1451 1949 cst.
1489 1897 1554 1950 Et
1587 1899 1704 1964 quis
1735 1901 1854 1950 ta'ia
1887 1916 1989 1951 non

404 1980 532 2034 dicit
586 1981 850 2045 indoctus,
909 1998 1004 2036 nec
1035 1984 1253 2036 omnino
1296 1985 1470 2038 sciens
1497 1987 1584 2054 qui
1619 1989 1723 2039 sint
1756 1988 1834 2040 vel
1867 1990 1991 2056 quid

403 2081 664 2126 vocentur
693 2073 742 2124 lii
775 2072 946 2138 tropi?
976 2088 1198 2139 quorum
1225 2076 1457 2142 cognitio
1487 2087 1763 2144 propterea
1798 2078 1993 2147 Scrip-

403 2169 642 2215 turarum
693 2161 1126 2230 ambiguitatibus
1168 2163 1528 2218 dissolvendis
1559 2177 1640 2220 est
1666 2170 1988 2233 necessarii,

403 2251 571 2326 {quia}
612 2269 732 2326 cum
761 2269 949 2308 St'tISttS
992 2254 1056 2307 ad
1090 2258 1464 2322 proprietatem
1505 2258 1784 2312 verborum
1824 2261 1867 2312 si
1904 2275 1992 2314 ac-

398 2344 626 2413 cipiatur
675 2344 939 2397 absurdus
985 2355 1099 2412 est,
1154 2347 1500 2414 qumrendum
1562 2358 1643 2401 est
1693 2349 1894 2418 utique,
1923 2366 1990 2406 ne

402 2437 538 2490 forte
580 2437 669 2489 illo
709 2437 790 2489 vel
824 2437 913 2490 illo
960 2447 1114 2505 tropo
1145 2438 1346 2492 dictum
1377 2442 1468 2505 sit,
1500 2440 1640 2508 quod
1666 2457 1768 2494 non
1791 2444 1987 2498 intelli-

397 2526 592 2594 gimus,
626 2537 679 2580 et
708 2529 786 2581 sic
819 2527 1071 2596 pleraque
1101 2531 1313 2582 inventa
1342 2540 1469 2582 sunt
1495 2547 1612 2599 qua!
1638 2533 1893 2588 latebant.

859 2615 1087 2671 CAPUT
1137 2618 1459 2673 CCLXXXI.

398 2702 505 2783 De"
525 2715 713 2783 septem
765 2703 981 2783 Tycouii
1034 2709 1246 2783 regulis,
1295 2710 1475 2783 quibus
1515 2711 1583 2764 ad
1631 2711 1989 2783 intelligendas

467 2775 765 2854 scripturas
809 2775 1058 2854 studiosos
1077 2775 1252 2854 Δξιίίιςὶι
1280 2775 1557 2848 plurimum
1617 2775 1892 2854 adjuvari;
1927 2802 1991 2839 εις

463 2845 592 2899 libro
623 2862 678 2899 ιιι
710 2848 773 2898 de
801 2847 1044 2900 Doctrina
1068 2845 1374 2902 Christiana.

462 2934 641 2990 Prima
670 2937 735 2990 de
761 2937 987 2990 Domino
1003 2949 1052 2992 et
1080 2938 1196 3007 ejus
1218 2953 1448 3008 corpore
1478 2949 1584 3007 est,
1605 2941 1656 2995 in
1683 2957 1785 3011 qua
1813 2943 1990 2998 scieno

393 3037 472 3082 tes
513 3029 800 3098 aliquando
852 3030 1042 3098 capitis
1097 3040 1151 3084 et
1209 3033 1471 3100 corporis,
1516 3034 1566 3086 id
1599 3043 1682 3088 est
1710 3034 1903 3090 Christi
1935 3045 1989 3091 et

392 3121 647 3176 Ecclesiae
710 3137 871 3176 unam
952 3141 1235 3193 personam
1295 3128 1451 3181 nobis
1501 3130 1736 3183 intimari
1791 3131 1987 3200 (neque

391 3214 530 3266 enim
578 3213 770 3267 frustra
822 3215 1023 3268 dictum
1081 3225 1165 3268 est
1222 3216 1470 3270 fidelibus
1514 3234 1528 3271 :

390 3319 576 3358 semen
626 3307 776 3369 estis,
835 3323 952 3360 cum
1005 3308 1078 3359 sit
1125 3323 1302 3371 unum
1340 3322 1524 3363 semen
1569 3311 1798 3364 Abralu:
1840 3310 1986 3380 quod

387 3403 474 3449 est
527 3395 835 3465 Christus).
892 3413 995 3450 non
1071 3399 1378 3452 luesitcmus
1435 3401 1645 3467 quando
1712 3417 1740 3454 a
1806 3403 1982 3469 Capite

391 3485 458 3536 ad
515 3500 733 3551 corpus,
768 3488 850 3537 vel
884 3502 912 3538 a
943 3503 1173 3553 corpore
1211 3491 1468 3541 transitur
1506 3490 1569 3542 ad
1596 3502 1786 3559 caput,
1818 3504 1866 3546 et
1901 3503 1978 3546 ta-

391 3589 514 3627 men
561 3591 664 3627 non
710 3575 976 3628 receditur
1005 3577 1071 3630 ab
1115 3593 1214 3629 una
1259 3578 1554 3646 eademque
1586 3595 1831 3648 persona.
1863 3583 1978 3638 Una

390 3665 532 3718 enim
593 3679 816 3732 persona
846 3665 1096 3733 loquitur.
1130 3667 1314 3722 dicens
1354 3685 1367 3721 :
1398 3670 1546 3724 Sicut
1574 3687 1772 3740 sponso
1807 3673 1980 3742 impo-

389 3758 493 3810 suit
541 3756 672 3808 mihi
726 3756 962 3824 mitram,
1029 3768 1079 3811 et
1127 3759 1266 3812 sicut
1312 3775 1562 3828 sponsam
1621 3764 1830 3818 ornavit
1893 3781 1978 3820 me

389 3855 742 3908 ornamento;
798 3856 847 3899 et
909 3857 1085 3901 tamen
1137 3849 1262 3918 quid
1317 3850 1506 3905 borum
1540 3853 1764 3908 duorum
1793 3857 1973 3926 capiti,

388 3936 515 4003 quid
545 3937 780 4004 corpori.
807 3936 856 3989 id
887 3946 967 3990 est
999 3939 1122 4006 quid
1145 3940 1381 4008 Christo,
1417 3943 1540 4012 quid
1566 3944 1819 4000 Ecclesiae
1843 3961 1972 4002 eon-

387 4027 572 4080 veniat
625 4027 804 4095 utique
860 4027 1264 4097 intelligendum
1316 4041 1418 4087 est.
1479 4036 1721 4090 Secunda
1772 4049 1854 4092 est
1907 4039 1974 4093 de

391 4116 600 4169 Domini
640 4131 868 4186 corpore
921 4119 1190 4188 bipartito,
1234 4123 1374 4191 quod
1401 4125 1612 4192 quidem
1646 4143 1750 4179 non
1783 4129 1851 4180 ita
1880 4128 1974 4182 de-

385 4208 500 4261 buit
558 4210 858 4277 appellari;
921 4227 1026 4266 non
1078 4219 1219 4266 enim
1277 4231 1461 4269 revera
1514 4218 1724 4271 Domini
1779 4234 1972 4290 corpus

383 4308 466 4353 est
509 4300 650 4368 quod
696 4315 815 4353 cum
871 4303 960 4356 illo
990 4319 1094 4355 non
1126 4306 1229 4357 erit
1268 4307 1319 4358 in
1352 4317 1636 4372 :eterunm,
1661 4310 1753 4364 sed
1785 4310 1972 4366 dicen-

384 4390 512 4443 dum
573 4394 667 4444 fuit
714 4393 781 4445 de
834 4393 1039 4448 Domini
1091 4411 1317 4464 corpore
1346 4413 1472 4451 vero
1502 4409 1658 4468 atque
1683 4403 1968 4472 permixto,

383 4490 473 4533 aut
521 4495 650 4534 vero
700 4492 859 4551 atque
905 4485 1174 4551 simulato,
1205 4489 1286 4541 vel
1344 4489 1595 4559 quidquid
1644 4492 1816 4557 aliud;
1849 4496 1968 4564 quia

2099 1915 2289 1984 spiritu
2346 1925 2400 1970 et
2453 1918 2654 1984 littera,
2685 1919 2820 1972 sicut
2850 1935 2969 1974 eam
3003 1935 3101 1974 nos
3130 1922 3538 1990 appellavimus,
3559 1938 3689 1979 cum

2099 2008 2167 2061 de
2192 2009 2288 2062 hac
2315 2025 2371 2063 re
2402 2009 2595 2063 librqu
2627 2013 3010 2066 scriberemus.
3037 2013 3215 2066 Potest
3246 2015 3406 2068 etiam
3429 2017 3508 2070 sic
3537 2016 3644 2070 dici
3670 2033 3686 2068 :

2102 2101 2176 2154 De
2203 2101 2370 2168 gratia
2393 2111 2446 2156 et
2465 2103 2733 2156 mandato.
2763 2104 2886 2158 lla-c
2911 2115 3088 2158 autem
3117 2107 3282 2174 magis
3311 2106 3439 2161 mibi
3467 2109 3689 2163 videtur

2100 2204 2287 2256 magna
2312 2192 2536 2258 quznstio
2567 2208 2723 2260 quam
2755 2195 2958 2261 regula,
2991 2210 3110 2264 quae
3133 2196 3402 2251 solvendis
3423 2198 3682 2266 quaestio-

2098 2280 2256 2334 nibus
2287 2283 2588 2336 adhibenda
2620 2295 2725 2348 est,
2758 2302 2916 2353 quam
2967 2301 3071 2341 non
3123 2288 3481 2358 intelligentes
3527 2290 3686 2345 Pela-

2094 2371 2256 2439 giani,
2315 2374 2394 2427 vel
2446 2375 2798 2430 condiderunt
2853 2391 3000 2431 suam
3070 2382 3352 2446 haeresim,
3411 2384 3492 2437 vel
3551 2385 3685 2438 hau-

2097 2473 2276 2518 serunt
2321 2464 2651 2538 [aruerunt].
2688 2466 2971 2522 Laboravit
3025 2471 3075 2522 in
3121 2486 3181 2527 ea
3227 2473 3535 2530 disserenda
3576 2475 3683 2545 Ty-

2095 2552 2318 2608 rlionius
2376 2555 2530 2621 bene,
2581 2559 2673 2610 sed
2749 2574 2854 2612 non
2929 2559 3102 2628 plene.
3179 2563 3460 2630 Disputans
3537 2565 3682 2623 enim

2097 2645 2204 2715 55
2230 2645 2296 2699 de
2329 2646 2429 2700 fide
2457 2656 2506 2701 et
2536 2646 2790 2716 operibus
2811 2689 2826 2713 ,
2871 2665 3032 2718 opera
3075 2653 3228 2706 nobis
3259 2653 3434 2724 [dixit]
3479 2669 3508 2707 a
3557 2654 3674 2710 Deo

2095 2734 2207 2787 dari
2242 2736 2430 2790 merito
2474 2737 2632 2801 fidei,
2688 2739 2857 2807 ipsam
2892 2755 3019 2794 vero
3061 2742 3223 2796 fidem
3255 2743 3329 2797 sic
3356 2758 3478 2800 esse
3508 2759 3538 2797 a
3570 2760 3670 2799 no-

2093 2828 2196 2893 bis,
2230 2841 2286 2883 ttt
2311 2832 2463 2885 nobis
2495 2849 2596 2886 non
2623 2834 2744 2887 sita
2778 2836 2915 2900 Deo;
2963 2851 3060 2890 nec
3099 2837 3324 2890 attendit
3357 2839 3678 2907 Apostolum

2093 2923 2359 2977 dicentem
2397 2941 2407 2976 :
2441 2924 2544 2978 Pax
2579 2925 2852 2992 fratribus,
2886 2936 2939 2980 et
2959 2926 3195 2980 charitas
3222 2941 3340 2981 eum
3368 2927 3474 2982 fide
3504 2942 3536 2981 a
3561 2928 3678 2983 Deo

2094 3014 2250 3069 Patre
2277 3024 2332 3070 et
2375 3015 2599 3070 Domino
2641 3026 2824 3071 nostro
2849 3017 2973 3072 .lesu
3005 3019 3256 3073 Christo:
3290 3019 3382 3074 sed
3413 3036 3518 3076 non
3548 3031 3672 3077 erat

2092 3117 2343 3174 expertus
2375 3107 2510 3162 hanc
2557 3108 2802 3163 hturesim
2846 3125 2965 3179 quae
3003 3126 3098 3180 pro
3147 3111 3374 3183 [nosuo]
3420 3124 3667 3182 tempore

1584 3181 1735 3288 [ﬁgo—
2015 3181 2061 3244 (ἶ
2094 3208 2300 3264 exorta,
2337 3200 2564 3254 multum
2597 3216 2716 3266 nos,
2751 3211 2806 3255 ut
2844 3202 3067 3272 gratiam
3103 3181 3194 3257 Dei
3224 3219 3340 3272 qute
3371 3220 3464 3271 per
3490 3204 3675 3260 Domi-

2089 3306 2214 3343 num
2244 3299 2482 3344 nostrum
2513 3291 2694 3346 Jcsum
2721 3291 2991 3347 Christum
3023 3300 3104 3346 est
3133 3294 3401 3348 adversus
3429 3310 3552 3350 eum
3579 3295 3677 3351 de-

2092 3380 2456 3446 fcndcrcmurt,
2485 3385 2753 3448 exercuit,
2785 3392 2839 3439 et
2862 3384 3155 3440 secundum
3179 3385 3228 3439 id
3260 3387 3400 3454 quod
3421 3387 3496 3440 ait
3528 3388 3673 3454 Apo-

2084 3470 2254 3523 stolus
2287 3471 2542 3539 :Oportet
2588 3471 2818 3527 haereses
2857 3488 2997 3535 esse,
3033 3483 3092 3526 ut
3123 3475 3327 3541 probati
3375 3476 3660 3530 manifeste

2087 3563 2215 3614 fiant
2256 3563 2306 3614 in
2338 3562 2510 3624 vobis,
2560 3564 2736 3618 multo
2781 3564 3146 3634 vigilantiores
3195 3565 3671 3637 dligcmioresque

2084 3653 2338 3718 reddidit,
2378 3662 2432 3707 nt
2466 3653 2876 3710 adverteremus
2902 3657 2953 3710 in
2985 3656 3268 3726 Scripturis
3301 3659 3498 3712 sanctis
3526 3659 3669 3728 quod

2082 3749 2240 3802 istum
2258 3749 2590 3820 Tycbnnium
2605 3755 2780 3807 minus
2796 3763 3054 3807 attentum
3075 3755 3356 3822 minusque
3378 3757 3493 3810 sine
3515 3756 3667 3812 hoste

2080 3839 2363 3893 sollicitum
2396 3839 2547 3910 fvgit,
2592 3843 2751 3896 etiam
2801 3844 2967 3910 ipsam
2999 3844 3208 3899 scilicet
3253 3845 3411 3900 fidem
3454 3847 3654 3902 donum

2080 3946 2201 3988 esse
2230 3934 2372 3987 illius
2403 3937 2490 4004 qui
2516 3937 2632 4004 ejus
2659 3953 2958 3993 mensuram
2995 3942 3280 4011 unicuique
3304 3945 3556 4012 partitur.
3588 3945 3662 3999 Ex

2079 4037 2179 4091 qua
2221 4029 2487 4079 sententia
2536 4026 2851 4093 quihusdam
2901 4031 3099 4085 dictum
3131 4041 3247 4086 est:
3282 4033 3445 4089 Voltis
3489 4035 3660 4089 dona-

2080 4120 2188 4164 tmn
2219 4121 2300 4167 est
2329 4129 2423 4179 pro
2449 4115 2684 4185 Christo,
2731 4133 2835 4172 non
2861 4122 3032 4175 solum
3067 4131 3125 4176 ut
3153 4123 3385 4178 credatis
3416 4125 3466 4178 in
3499 4141 3645 4192 cum,

2076 4219 2261 4257 verum
2296 4206 2456 4259 etiam
2487 4213 2543 4260 ut
2574 4210 2846 4274 patiamini
2875 4226 2971 4281 pro
2995 4227 3078 4269 eo.
3117 4213 3270 4269 Unde
3296 4216 3413 4284 quis
3442 4214 3654 4271 dubitet

2079 4301 2363 4362 utrumque
2395 4309 2514 4351 esse
2545 4298 2635 4352 Dei
2666 4299 2887 4367 donum,
2928 4304 3016 4370 qui
3051 4303 3276 4358 fideliter
3304 4313 3461 4374 atque
3497 4305 3657 4360 intel-

2079 4384 2302 4453 ligenter
2327 4387 2473 4440 audit
2503 4397 2788 4459 utrumque
2818 4391 3070 4446 donatum
3094 4394 3117 4446 ?
3142 4394 3292 4448 Plura
3324 4403 3444 4449 sunt
3471 4405 3523 4449 et
3551 4395 3656 4451 alia

2081 4479 2384 4531 testimonia
2413 4480 2607 4547 quibus
2648 4480 2698 4535 id
2735 4483 3053 4550 ostenditur,
3101 4485 3194 4540 sed
3239 4483 3342 4540 huc
3371 4501 3512 4541 nunc
3541 4503 3647 4540 non

383 4585 489 4624 non
515 4571 686 4624 solum
722 4573 772 4626 in
805 4586 1085 4644 aeternum,
1119 4593 1302 4632 verum
1334 4581 1490 4632 etiam
1512 4597 1649 4636 nunc
1673 4581 1965 4653 hypocrita!)

2088 4567 2308 4636 agimus,
2340 4569 2466 4623 alibi
2502 4579 2680 4624 autem
2718 4582 2876 4641 atque
2906 4573 3027 4628 alibi
3060 4576 3358 4644 saepissime
3405 4578 3500 4629 ista
3541 4575 3658 4645 θεῖ-ο

381 4675 489 4714 non
532 4677 654 4716 cum
701 4664 793 4715 illa
817 4678 936 4719 esse
963 4664 1170 4720 dicendi
1196 4677 1339 4731 sunt,
1365 4673 1605 4737 quamvis
1633 4672 1684 4727 in
1709 4675 1825 4744 ejus
1846 4691 1967 4730 esse

383 4751 671 4804 videantur
721 4754 978 4810 Ecclesia.
1040 4756 1192 4812 Unde
1253 4769 1460 4828 poterat
1519 4761 1620 4816 ista
1677 4766 1857 4834 regula
1913 4777 1968 4822 ct

386 4840 473 4894 sic
526 4843 804 4909 appellari,
858 4857 911 4898 ut
942 4846 1230 4913 diceretur,
1273 4850 1339 4904 de
1386 4854 1644 4920 permixta
1704 4858 1959 4913 Ecclesia.

381 4932 519 4998 Qua
561 4935 741 5001 regula
798 4936 1050 4993 lectorem
1101 4941 1402 5011 vigilantem
1462 4947 1702 5016 requirit,
1753 4952 1964 5020 quando

383 5023 664 5092 Scriptura
719 5041 839 5080 cum
899 5029 965 5082 ad
1012 5031 1143 5086 alios
1169 5035 1276 5099 jam
1310 5035 1578 5105 loquatur,
1619 5049 1866 5110 tanquam
1896 5043 1962 5097 ad

376 5130 477 5170 eos
527 5113 674 5185 ipsos
722 5117 788 5170 ad
837 5134 968 5187 quos
1013 5120 1328 5189 loquebatur
1357 5127 1565 5184 videtur
1597 5132 1757 5201 loqui,
1791 5135 1873 5190 vel
1897 5135 1963 5190 de

374 5205 530 5274 ip-is,
587 5223 707 5260 cum
748 5209 814 5262 de
843 5210 960 5263 aliis
982 5211 1092 5281 jam
1119 5215 1394 5284 loquatur;
1422 5231 1672 5290 tanquam
1705 5241 1866 5282 unum
1894 5229 1963 5283 sit

379 5309 729 5366 utrorumque
751 5315 966 5370 corpus,
994 5316 1209 5373 propter
1232 5314 1604 5377 temporariam
1628 5321 1962 5374 commixtio-

375 5403 505 5444 nem
537 5400 593 5444 et
619 5395 1048 5450 communionem
1089 5412 1561 5460 Sacramentorum.
1595 5410 1675 5462 Ad
1705 5411 1804 5466 hoc
1835 5427 1959 5480 per-

377 5479 511 5533 tinet
539 5481 589 5534 in
610 5479 846 5537 Cauticis
869 5487 1198 5543 canticorum
1220 5507 1231 5542 :
1252 5489 1419 5547 Fusce
1437 5509 1552 5550 sum
1573 5505 1628 5551 et
1647 5479 1888 5569 Speciosa
1907 5515 1963 5558 ut

375 5570 718 5628 tabernacula
737 5576 944 5640 Cedar;
969 5591 1044 5642 et,
1065 5581 1318 5649 Speciosa
1345 5599 1486 5653 sum,
1508 5587 1702 5659 inquit,
1721 5603 1776 5648 ut
1799 5597 1964 5663 pelles

385 5659 709 5717 Salomonis.
728 5666 840 5720 Non
858 5669 996 5722 enim
1015 5673 1108 5736 ait,
1139 5674 1306 5729 Fusca
1327 5677 1397 5730 fni
1423 5689 1478 5733 ut
1503 5659 1838 5740 tabernacula
1861 5687 1963 5742 Ce-

380 5748 502 5806 dar.
518 5760 572 5804 et
587 5757 823 5812 speciosa
840 5774 956 5814 sum
974 5772 1022 5816 ut
1040 5765 1208 5833 pelles
1223 5768 1551 5839 S’aiOtXtOttis;
1575 5775 1666 5833 sed
1684 5787 1964 5852 utrumque

2081 4672 2222 4713 mus.
2255 4660 2451 4725 Quarta
2493 4660 2716 4729 Tyc0uii
2749 4664 2928 4733 regula
2959 4675 3039 4718 est
3083 4665 3148 4720 de
3177 4666 3369 4734 Specie
3395 4675 3447 4722 et
3478 4665 3656 4720 Gene-

2074 4749 2280 4802 rezsic
2333 4749 2475 4803 enim
2521 4766 2639 4805 eam
2681 4763 2857 4817 vocat,
2910 4754 3100 4808 volens
3154 4754 3372 4825 intelligi
3418 4757 3655 4822 speciem

2075 4847 2300 4905 partem,
2334 4855 2502 4909 genus
2529 4849 2705 4897 autem
2740 4843 2931 4902 totum.
2963 4844 3117 4913 cujus
3146 4860 3206 4899 ea
3235 4859 3360 4915 pars
3385 4856 3468 4901 est
3490 4849 3648 4915 quam

2073 4938 2347 4998 nuncupat
2373 4933 2633 4999 speciem,
2663 4921 2805 4986 sicut
2836 4947 3170 5004 unaquaeque
3201 4935 3389 4989 civitas
3421 4951 3542 5002 pars
3573 4942 3653 4991 est

2071 5021 2252 5087 utique
2301 5021 2663 5076 universitatis
2700 5027 2938 5092 gent‘um
2973 5041 2988 5076 :
3025 5025 3162 5078 hanc
3205 5024 3298 5079 ille
3339 5033 3493 5079 vocat
3533 5039 3652 5095 spe-

2069 5108 2229 5169 ciem,
2288 5125 2456 5175 genus
2509 5122 2686 5168 autem
2737 5125 2925 5170 omnes
2967 5127 3198 5185 gentes:
3234 5129 3408 5187 neque
3459 5117 3546 5172 hic
3589 5131 3652 5172 ea

2071 5198 2411 5254 discernendi
2463 5203 2732 5260 subtilitas
2757 5206 3058 5261 adhibenda
3089 5215 3173 5262 est
3200 5222 3319 5278 quae
3344 5224 3373 5262 a
3404 5207 3652 5262 dialecti-

2069 5290 2148 5345 cis
2181 5290 2430 5357 traditur,
2461 5294 2548 5363 qui
2578 5293 2717 5350 inter
2745 5307 2948 5366 partem
2976 5307 3031 5351 et
3060 5298 3294 5367 speciem
3323 5299 3447 5369 quid
3479 5298 3652 5354 inter-

2069 5389 2141 5442 sit
2166 5387 2475 5446 acutissime
2503 5392 2796 5461 disputaut.
2846 5395 3043 5452 Eadem
3075 5397 3210 5453 ratio
3237 5408 3320 5452 est
3348 5399 3413 5460 si,
3450 5413 3552 5452 non
3583 5399 3650 5454 de

2066 5499 2382 5559 unaquaque
2407 5492 2646 5558 civitate,
2677 5493 2770 5549 sed
2803 5491 2870 5550 de
2900 5509 3218 5568 unaquaque
3246 5499 3538 5567 provincia,
3563 5499 3648 5553 vel

2064 5597 2248 5656 gente,
2280 5589 2366 5644 vel
2401 5591 2642 5662 regione,
2674 5595 2780 5649 tale
2811 5595 3012 5664 aliquid
3045 5597 3098 5650 in
3126 5597 3320 5652 divinis
3349 5597 3648 5666 reperiatur

2065 5687 2310 5756 eloquiis.
2345 5689 2460 5745 Non
2491 5693 2663 5747 so‘ium
2695 5694 2838 5748 enim
2861 5733 2878 5760 ,
2907 5694 3054 5748 verbi
3083 5696 3250 5764 gratia
3269 5735 3284 5758 ,
3329 5697 3395 5750 de
3424 5695 3643 5750 Jerusa-

2067 5786 2170 5844 lem
2205 5790 2286 5846 vel
2317 5790 2383 5847 de
2417 5791 2589 5863 aliqua
2618 5793 2856 5863 gentium
2888 5794 3102 5852 civitate
3124 5836 3140 5865 ,
3183 5795 3300 5850 sive
3332 5795 3494 5863 Tyro,
3527 5806 3646 5849 sive
