4016 6184
1440 317 1876 381 'I'IIESAURUS.
1915 317 2065 373 CAP.
2108 315 2432 373 CCLXXXI.

294 366 405 425 969

3468 307 3572 367 9ἲο

297 422 619 537 ξηιηιηηίπ,
652 454 765 511 sive
790 447 893 506 alia
922 444 1169 517 quaelibet
1204 440 1398 497 dicitur
1425 436 1621 507 aliquid
1654 438 1704 492 in
1729 434 1877 491 Scri-
1906 441 1953 497 Α
1983 427 2232 537 gentibus
2264 427 2560 537 red-ditem,
2592 422 2805 537 etillud
2837 422 2977 492 quod
3004 422 3079 537 ai‘t
3109 423 3568 537 Apamensem“

299 531 474 621 pluris
503 547 706 602 sanctis
734 540 874 611 quod
914 537 1129 593 modum
1158 534 1275 603 ejus
1302 531 1560 594 excedat,
1604 537 1657 583 et
1682 544 1878 584 conve-

295 648 412 700 niat
460 642 636 712 potius
668 634 913 692 omnibus
950 632 1197 701 gentibus
1223 647 1237 683 :
1263 643 1445 684 verum
1475 627 1639 682 etiam
1679 626 1747 681 de
1785 627 1878 682 Ju-

293 739 434 801 (I333,
490 734 557 787 de
610 729 867 798 Egypto,
912 725 979 780 de
1028 721 1268 794 Assyria,
1317 728 1371 775 et
1414 733 1730 789 quacunque
1774 719 1876 772 alia

292 837 452 897 gente
478 827 531 879 iu
559 840 664 893 qua
692 828 819 874 sunt
848 818 1093 890 plurima:
1130 815 1407 881 civitates,
1443 828 1551 868 non
1590 822 1767 867 tamen
1797 821 1877 867 to-

293 930 377 973 lus
408 916 579 980 Orbis,
630 911 725 968 sed
760 924 883 980 pars
920 907 1038 977 ejus
1064 915 1168 973 est,
1220 904 1417 960 dicitur
1447 903 1591 973 quod
1636 912 1877 959 transeat

293 1010 411 1078 ejus
443 1007 680 1069 modum,
717 1012 772 1059 et
791 1007 1054 1070 congruat
1085 998 1256 1067 potius
1282 997 1553 1065 universo,
1584 996 1735 1065 cujus
1760 996 1876 1051 haec

290 1114 421 1171 pars
459 1108 570 1159 est;
606 1094 714 1158 vel,
748 1094 905 1148 sicuti
940 1092 1041 1145 istc
1066 1088 1327 1159 appellat,
1360 1086 1543 1157 generi
1569 1087 1721 1154 cujus
1762 1087 1877 1142 huic

288 1195 505 1264 species
538 1190 686 1264 [est].
741 1187 893 1243 Unde
929 1194 985 1240 et
1026 1185 1078 1239 in
1124 1182 1367 1236 notitiam
1414 1180 1554 1249 vulgi
1585 1179 1743 1234 verba
1776 1179 1874 1233 ista

292 1294 579 1348 venerunt,
607 1291 665 1335 ut
687 1280 845 1335 etiam
871 1278 1053 1331 idiota:
1074 1274 1377 1343 intelligant
1399 1270 1525 1341 quid
1546 1270 1872 1340 specialiter,

292 1376 421 1448 quid
466 1370 791 1444 generaliter
832 1369 885 1423 in
930 1379 1249 1436 quocunque
1292 1371 1562 1433 prtecepto
1610 1360 1875 1430 imperiali

291 1469 364 1522 sit
390 1466 765 1522 constitutum.
801 1460 884 1515 Fit
916 1460 1017 1513 hoc
1046 1458 1208 1511 etiam
1243 1454 1311 1509 de
1353 1452 1685 1517 hominibus,
1736 1451 1878 1506 sicut

288 1584 353 1625 ea
381 1582 501 1636 quae
523 1566 591 1619 de
614 1563 905 1618 Salomone
924 1558 1174 1612 dicuntur
1199 1553 1465 1609 excedunt
1491 1554 1607 1619 ejus
1632 1550 1875 1615 modum,

295 1670 351 1714 et
379 1658 556 1727 potius
588 1654 653 1707 ad
680 1650 950 1707 Christum
982 1647 1067 1700 vel
1099 1644 1419 1707 Ecclesiam,
1451 1642 1603 1712 cujus
1634 1642 1725 1696 ille
1751 1655 1878 1710 pars

296 1759 399 1813 est,
430 1749 599 1801 relata
631 1743 957 1797 clarescunt.
985 1736 1094 1792 Nec
1120 1737 1301 1805 specie
1323 1748 1534 1804 semper
1556 1733 1871 1787 exceditur:

295 1853 442 1905 sape
463 1835 609 1891 enim
642 1832 765 1886 talia
790 1830 1037 1885 dicuntur
1067 1843 1186 1898 quae
1214 1825 1342 1898 {vel}
1373 1825 1421 1881 ei
1450 1839 1683 1895 quoque,

289 1930 525 1984 fortasse
571 1921 939 1978 tantummodo
992 1919 1331 1989 apertissime
1388 1923 1719 1985 congruant;
1777 1914 1873 1969 sed

290 2038 408 2079 cum
438 2021 509 2075 ab
534 2022 712 2089 specie
744 2016 998 2071 transitur
1041 2015 1107 2068 ad
1150 2029 1351 2084 genus,
1397 2014 1548 2083 quasi
1585 2013 1764 2067 adhuc
1808 2012 1876 2067 de

290 2115 473 2183 specie
499 2113 752 2180 loquente
779 2108 1079 2177 Scriptura,
1118 2106 1188 2161 ibi
1217 2106 1440 2176 vigilare
1471 2104 1631 2159 debet
1659 2103 1874 2158 lectoris

293 2206 549 2270 intentio,
583 2218 650 2257 ne
682 2210 886 2271 quaerat
914 2200 965 2254 in
996 2200 1175 2268 specie
1205 2197 1345 2266 quod
1385 2198 1438 2250 in
1466 2211 1664 2267 genere
1694 2203 1876 2265 potest

292 2297 488 2352 melius
518 2304 574 2350 et
614 2294 815 2349 certius
862 2291 1119 2347 invenire.
1169 2288 1348 2344 Facile
1393 2297 1476 2343 est
1502 2287 1697 2357 quippe
1743 2286 1872 2340 illud

295 2388 441 2457 quod
470 2388 545 2441 ait
571 2388 827 2454 prOphcta
862 2381 1112 2436 Ezechiel
1139 2397 1152 2433 :
1184 2380 1378 2434 Domus
1408 2378 1572 2433 Israel
1613 2377 1876 2431 habitavit

288 2479 342 2533 in
376 2488 543 2541 terra,
576 2486 629 2530 et
653 2475 958 2543 polluerunt
1005 2471 1148 2525 illam
1178 2471 1231 2526 in
1263 2472 1348 2524 via
1386 2484 1503 2535 sua,
1534 2478 1589 2525 et
1630 2468 1682 2523 in
1715 2468 1873 2523 idolis

288 2569 423 2636 suis,
451 2579 505 2623 et
535 2566 769 2636 peccatis
799 2566 909 2618 suis
939 2581 953 2617 :
984 2563 1274 2618 secundum
1303 2560 1696 2615 immunditiam
1724 2573 1876 2613 men-

287 2669 516 2715 struatze
544 2658 678 2712 facta
725 2664 807 2711 est
835 2655 919 2709 via
962 2669 1149 2709 eorum
1192 2662 1316 2707 ante
1347 2650 1537 2706 faciem
1580 2666 1787 2715 meam,
1818 2659 1873 2705 et

287 2753 455 2809 effudi
500 2752 631 2805 iram
663 2763 835 2803 meam
867 2762 1027 2816 super
1053 2760 1178 2812 eos,
1222 2756 1277 2802 et
1314 2745 1541 2816 dispersi
1581 2744 1700 2799 illos
1730 2742 1873 2799 inter

289 2848 564 2912 nationes,
594 2854 648 2899 et
672 2842 929 2898 ventilavi
954 2855 1048 2897 eos
1070 2841 1123 2895 in
1156 2840 1399 2910 regiones
1439 2838 1735 2894 secundum
1759 2837 1873 2892 vias

288 2952 503 3002 eorum,
537 2945 591 2991 et
641 2934 934 2988 secundum
986 2940 1202 3000 peccata
1251 2945 1437 2985 eorum
1484 2928 1716 3000 judicavi
1755 2943 1870 2996 eos;

286 3032 449 3087 facile
491 3040 573 3085 est
622 3018 921 3097 (inquam)
972 3025 1076 3081 hoc
1125 3024 1427 3094 intelligere
1464 3023 1534 3079 de
1571 3025 1660 3079 illa
1710 3024 1872 3082 domo

285 3121 479 3187 Israel,
511 3121 578 3175 de
605 3134 708 3189 qua
732 3117 865 3172 dicit
894 3115 1185 3183 Apostolus
1212 3132 1224 3166 :
1261 3113 1451 3169 Videte
1481 3114 1644 3169 Israel
1678 3130 1872 3171 secun-

285 3213 418 3267 dum
446 3224 682 3271 carnem;
714 3207 833 3277 quia
854 3209 970 3261 haec
997 3205 1173 3259 omnia
1203 3204 1436 3259 carnalis
1456 3205 1680 3274 populus
1705 3205 1869 3260 Israel

286 3314 345 3357 et
375 3302 499 3357 fetit
520 3311 571 3355 et
595 3314 782 3369 passus
808 3306 923 3363 est;
967 3297 1073 3351 alia
1115 3298 1278 3351 eziam
1310 3311 1429 3366 quae
1456 3308 1754 3363 sequuntur
1784 3299 1868 3352 ei-

283 3396 412 3450 dem
442 3395 809 3462 intelliguntur
836 3390 1029 3460 popqu
1057 3390 1350 3444 convenire
1383 3407 1395 3442 :
1426 3390 1519 3444 sed
1546 3405 1666 3444 cum
1692 3405 1872 3459 coepe-

284 3487 358 3539 rit
403 3484 625 3537 dicere:
662 3482 727 3539 Et
774 3480 1119 3535 sanctiﬁcabo
1159 3494 1355 3534 nomen
1398 3495 1575 3534 meum
1623 3490 1869 3536 sanctum

283 3575 419 3629 illud
469 3589 741 3642 magnum,
791 3572 931 3643 quod
980 3571 1239 3640 pollutum
1287 3579 1373 3628 est
1414 3573 1554 3627 inter
1599 3573 1869 3641 nationes,

283 3665 430 3735 quod
470 3664 731 3734 polluistis
771 3664 823 3718 in
864 3662 1042 3717 medio
1083 3678 1298 3727 earum,
1344 3673 1398 3719 et
1445 3664 1619 3719 scient
1657 3675 1868 3735 gentes,

281 3757 541 3827 quoniam
572 3771 671 3826 ego
695 3770 813 3809 sum
848 3755 1103 3809 Dominus
1131 3770 1145 3810 :
1164 3754 1274 3823 jam
1310 3754 1547 3812 intentus
1567 3756 1728 3811 debet
1748 3772 1872 3811 esse

281 3847 375 3916 qui
403 3846 528 3915 legit
557 3844 1006 3917 quemadmodum
1030 3846 1236 3914 species
1267 3845 1577 3912 excedatur,
1606 3856 1659 3902 et
1680 3848 1872 3917 adjun-

279 3945 445 4005 gatur
484 3950 691 4005 genus;
724 3935 966 4004 sequitur
997 3935 1138 3989 enim
1170 3943 1224 3990 et
1252 3936 1379 3990 dicit
1410 3952 1424 3990 :
1474 3936 1607 3990 Dum
1637 3938 1873 4013 sanctifi-

281 4027 453 4081 cabor
477 4029 529 4079 in
553 4026 704 4082 vobis
731 4038 857 4080 ante
873 4026 1057 4080 oculos
1080 4042 1288 4093 eorum,
1317 4038 1369 4082 et
1390 4028 1647 4096 accipiam
1678 4044 1771 4083 vos
1800 4029 1871 4085 de

280 4119 537 4188 gentibus
561 4160 576 4185 ,
615 4128 667 4173 et
694 4119 1161 4191 congregabovos
1199 4134 1261 4172 ex
1293 4119 1542 4174 omnibus
1575 4122 1767 4184 terris,
1818 4131 1873 4174 et

282 4212 540 4265 inducam
573 4225 667 4264 vos
710 4210 760 4263 in
808 4219 1008 4263 terram
1058 4220 1311 4276 vestram,
1361 4220 1416 4266 et
1454 4226 1733 4283 aspergam
1774 4228 1869 4267 vos

280 4316 424 4371 aqua
455 4300 672 4365 munda,
700 4308 754 4354 et
776 4299 1161 4353 mtmdabimini
1185 4301 1253 4355 ab
1282 4302 1533 4357 omnibus
1565 4303 1870 4359 simulacris

282 4393 502 4456 vestris,
548 4401 602 4446 et
631 4390 903 4445 muudaho
932 4406 1049 4459 vos,
1098 4401 1151 4445 et
1177 4392 1317 4445 dabo
1343 4393 1495 4447 vobis
1523 4407 1618 4448 cor
1647 4410 1866 4464 novum,

283 4497 340 4540 et
367 4485 613 4553 spiritum
647 4500 843 4537 navum
875 4482 1012 4538 dabo
1038 4484 1088 4537 in
1122 4499 1235 4548 vos,
1266 4492 1320 4539 et
1345 4484 1583 4540 auferam
1610 4500 1706 4541 cor
1735 4487 1868 4555 lapi-

280 4576 444 4630 deum
476 4574 545 4628 de
586 4590 747 4628 carne
776 4584 976 4639 vestra,
1005 4583 1059 4628 et
1101 4574 1239 4628 dabo
1267 4576 1421 4629 vobis
1459 4591 1552 4633 cor
1582 4591 1863 4641 carneum,

280 4676 337 4721 et
364 4665 619 4735 Spiritum
652 4682 828 4719 meum
873 4666 1012 4721 dabo
1051 4666 1103 4720 in
1132 4681 1245 4726 vos.
1278 4675 1332 4720 et
1361 4667 1549 4722 faciam
1582 4679 1640 4722 ut
1669 4669 1720 4723 in
1748 4669 1866 4738 jus-

279 4757 417 4811 titiis
468 4757 601 4811 meis
638 4757 945 4821 atnltnletis,
977 4767 1030 4811 et
1065 4756 1266 4826 judicia
1310 4774 1428 4813 mea
1468 4760 1782 4815 custodiatis
1811 4772 1866 4817 et

278 4848 511 4914 faciatis,
559 4858 611 4903 et
654 4848 965 4902 habitahitis
1008 4849 1229 4904 interra
1258 4866 1416 4920 quam
1446 4852 1568 4906 dedi
1626 4854 1868 4922 patribus

277 4941 508 5006 vestris,
541 4950 594 4993 et
621 4940 769 4994 eritis
792 4941 919 4994 mihi
967 4941 1019 4994 in
1046 4942 1319 5010 populum,
1355 4953 1411 4998 et
1442 4959 1544 5014 ego
1590 4962 1684 5001 ero
1718 4948 1869 5004 vobis

276 5034 331 5088 in
368 5034 556 5097 Deum,
606 5042 657 5087 et
690 5032 960 5087 mundabo
985 5047 1082 5088 vos
1107 5049 1171 5089 ex
1218 5035 1469 5091 omnibus
1511 5040 1865 5097 immunditiis

276 5125 496 5179 vestris.
532 5123 640 5177 lloc
666 5124 734 5178 de
767 5124 915 5180 Novo
940 5125 1286 5181 Testamento
1314 5142 1432 5182 esse
1464 5128 1862 5200 prophetatum,

276 5215 346 5266 ad
377 5214 518 5293 quod
549 5216 779 5282 pertinet
805 5231 911 5269 non
937 5216 1108 5270 solum
1142 5232 1244 5271 una
1263 5234 1397 5287 gens
1420 5220 1509 5275 illa
1540 5222 1592 5277 in
1621 5224 1864 5295 reliquiis

274 5304 413 5369 suis,
445 5305 510 5359 de
538 5305 729 5375 quibus
764 5307 891 5360 alibi
935 5308 1192 5377 scriptum
1223 5318 1307 5365 est
1341 5329 1353 5365 :
1386 5311 1444 5367 Si
1472 5313 1628 5369 fuerit
1673 5332 1862 5373 nume-

273 5410 372 5473 rus
400 5395 633 5448 tiliorutn
665 5395 825 5449 Israel
852 5397 991 5452 sicut
1018 5414 1178 5454 arena
1213 5404 1399 5471 maris,
1434 5405 1674 5476 reliquiae
1698 5412 1862 5467 salva:

275 5488 446 5551 fiant;
492 5504 675 5541 verum
718 5489 880 5542 etiam
925 5502 1133 5546 cratera:
1185 5504 1373 5565 gentes
1415 5513 1536 5567 qua:
1585 5505 1864 5570 promissa:

276 5588 409 5633 sunt
440 5579 680 5648 patribus
706 5594 914 5645 eorum,
938 5582 1204 5650 quietiam
1236 5588 1404 5641 nostri
1434 5598 1579 5654 sunt,
1616 5607 1718 5646 non
1748 5609 1862 5648 am-

277 5672 405 5742 bigit
424 5669 667 5742 quisquis
691 5672 945 5736 intuetur,
972 5677 1310 5734 etlavacrnm
1338 5685 1762 5751 regenerationis
1778 5689 1863 5744 hic

278 5762 457 5839 illinc]
485 5778 604 5820 esse
635 5768 979 5833 promissum.
1009 5768 1152 5837 quod
1182 5785 1322 5833 nunc.
1351 5773 1590 5833 videmus
1611 5780 1859 5841 omnibus

555 5844 823 5908 PATROL.
875 5848 1065 5909 LXII.

1985 520 2315 575 Testamenti
2346 516 2481 573 Novi
2525 516 2751 586 gratiam
2781 515 3208 577 commendaret,
3252 522 3309 567 ut
3338 513 3389 566 in
3419 527 3569 568 com-

1982 613 2259 679 paratione
2315 607 2527 664 Veteris
2574 607 2838 662 eminerct
2889 624 2903 660 :
2951 607 3189 675 Epistola
3235 614 3419 661 nostra
3472 620 3571 659 vos

1982 703 2130 767 estis,
2174 702 2370 770 scripta
2402 716 2507 754 non
2538 708 2864 765 atramento,
2914 699 3010 753 sed
3057 699 3263 765 Spiritu
3297 698 3391 753 Dei
3436 699 3567 766 vivi,

1982 807 2088 846 non
2112 792 2168 845 in
2195 792 2393 846 talatulis
2416 791 2673 860 lapideis,
2705 792 2800 845 sed
2830 792 2882 845 in
2908 790 3101 845 tabulis
3129 792 3311 845 cordis
3332 792 3563 845 carnali-

1980 882 2101 949 bus,
2136 884 2258 937 hinc
2286 897 2406 937 esse
2436 882 2654 950 respicit
2680 890 2733 935 et
2764 881 3019 950 perspicit
3049 883 3268 935 ductum
3296 880 3566 951 {dictum},

1981 974 2071 1028 ubi
2116 974 2219 1028 iste
2250 973 2506 1042 propheta
2550 972 2722 1025 dicit:
2758 972 2907 1028 Dabo
2952 972 3107 1027 vobis
3146 987 3241 1027 cor
3281 988 3478 1026 novum
3513 984 3569 1027 ct

1979 1064 2225 1133 spiritum
2268 1078 2462 1117 novum
2494 1062 2631 1116 dabo
2662 1062 2714 1116 in
2758 1077 2874 1127 vos,
2912 1071 2967 1116 et
3014 1062 3254 1116 auferant
3293 1077 3388 1116 cor
3424 1063 3562 1130 lapi-

1979 1154 2137 1209 deum
2150 1154 2217 1209 de
2234 1168 2396 1208 carne
2410 1160 2671 1218 vestra,et
2683 1152 2821 1207 dabo
2842 1151 2995 1205 vobis
3015 1166 3108 1205 cor
3121 1166 3395 1206 carneum.
3414 1150 3565 1206 Unde

1980 1247 2056 1299 ait
2081 1245 2403 1315 Apostolus:
2434 1244 2656 1299 Tabulis
2692 1243 2872 1297 cordis
2899 1242 3231 1307 carnalibus;
3257 1258 3351 1297 cor
3371 1243 3568 1313 quipj-e

1981 1349 2236 1390 carneum
2284 1348 2315 1388 a
2353 1334 2518 1389 corde
2564 1334 2774 1403 lapideo
2803 1333 2973 1387 voluit
2999 1332 3105 1387 vita
3153 1334 3417 1388 sentiente
3452 1334 3567 1387 dis-

1978 1426 2148 1491 cerni,
2197 1433 2252 1478 ct
2291 1440 2385 1492 per
2424 1424 2586 1478 vitam
2639 1424 2963 1478 sentientem
3012 1423 3335 1493 significavit
3370 1422 3567 1491 intelli.

1978 1524 2190 1585 go-ntem
2212 1532 2224 1568 :
2243 1514 2320 1569 sic
2350 1514 2409 1569 (it
2438 1515 2598 1570 Israel
2626 1514 2901 1583 spiritalis,
2931 1529 3038 1569 non
3061 1516 3221 1569 unius
3243 1515 3442 1585 gentis,
3468 1517 3564 1570 Sed

1979 1606 2218 1660 omnium
2250 1620 2371 1676 quae
2417 1607 2696 1675 promissa:
2735 1613 2860 1660 sunt
2888 1605 3129 1675 patribus
3169 1605 3223 1659 in
3251 1620 3437 1660 eorum
3477 1619 3565 1660 se-

1980 1699 2123 1754 mine
2145 1698 2289 1767 quod
2319 1709 2401 1754 eSt
2423 1698 2690 1752 Christus.
2725 1697 2821 1752 Hic
2848 1712 2976 1767 ergo
3020 1696 3179 1753 Israel
3210 1696 3466 1766 spiritalis
3494 1702 3563 1752 ah

1710 1822 1793 1878 vel
1823 1823 1872 1877 ei
1908 1819 1955 1879 Β
1982 1789 2073 1843 ἱΙΙο
2097 1788 2259 1844 Israel
2295 1790 2497 1843 carnali
2530 1788 2619 1858 qui
2651 1799 2731 1844 est
2761 1788 2918 1843 unius
2952 1789 3127 1858 gentis
3158 1790 3393 1843 novitate
3434 1804 3560 1857 gra-

1982 1882 2088 1947 tia,
2108 1896 2212 1936 non
2230 1881 2510 1936 nobilitate
2527 1882 2734 1951 patriae,
2750 1892 2807 1936 ct
2828 1890 3029 1947 mente,
3047 1896 3151 1935 non
3173 1890 3354 1951 gente,
3376 1881 3563 1935 dislin-

1975 1971 2177 2040 guitur,
2208 1971 2303 2026 sed
2334 1971 2563 2025 altitudo
2607 1972 2916 2040 prophetica
2939 2012 2955 2037 ,
3002 1972 3128 2025 dum
3159 1973 3227 2027 de
3256 1972 3346 2025 illo
3378 1972 3461 2025 vel
3491 1975 3558 2025 ad

1974 2068 2124 2124 illum
2151 2069 2406 2137 loquitur,
2452 2067 2683 2123 latenter
2713 2069 2902 2122 transit
2926 2069 2995 2122 ad
3025 2069 3198 2135 hunc;
3224 2078 3425 2123 etcum
3454 2070 3564 2137 jant

1975 2161 2043 2215 de
2073 2163 2173 2215 isto
2205 2161 2288 2216 vel
2317 2161 2383 2215 ad
2424 2162 2582 2215 istum
2628 2162 2899 2230 loquatur,
2948 2160 3124 2215 adhuc
3167 2162 3236 2216 de
3269 2160 3360 2215 illo
3391 2162 3471 2214 vel
3493 2163 3560 2214 ad

1975 2249 2127 2304 illum
2157 2249 2364 2304 videtur
2408 2250 2569 2319 loqui,
2627 2264 2734 2303 non
2778 2249 3114 2304 intellectum
3165 2250 3563 2319 Scripturarum

1975 2340 2129 2394 nobis
2155 2340 2305 2409 quasi
2336 2340 2602 2395 hostiliter
2642 2340 2927 2409 invidens,
2978 2341 3073 2396 sed
3102 2356 3361 2396 exercens
3392 2343 3563 2397 medi-

1972 2428 2218 2483 cinaliter
2245 2427 2380 2501 [eor]
2414 2439 2672 2485 nostrum.
2708 2429 2860 2486 Unde
2898 2439 2950 2485 et
2994 2431 3121 2485 illud
3152 2432 3296 2500 quod
3339 2433 3456 2502 ait,
3494 2434 3561 2488 Et

1973 2518 2219 2574 inducam
2254 2534 2345 2575 vos
2373 2521 2425 2576 in
2460 2530 2655 2575 terram
2687 2530 2951 2586 vestram,
2984 2533 3039 2576 et
3069 2523 3231 2591 paulo
3266 2533 3406 2592 post,
3441 2537 3561 2597 tan-

1973 2623 2132 2677 quam
2172 2610 2222 2665 id
2249 2611 2424 2681 ipsum
2462 2621 2731 2680 repetens,
2775 2612 2844 2666 Et
2882 2612 3231 2680 habitabilis,
3265 2614 3474 2683 inquit,
3508 2617 3560 2669 iu

1976 2710 2116 2755 terra
2147 2716 2302 2771 quam
2332 2701 2454 2756 dedi
2488 2702 2727 2770 patribus
2758 2701 2975 2768 vestris,
3009 2718 3116 2757 non
3141 2705 3452 2768 carnaliter,
3484 2707 3561 2759 si-

1974 2799 2068 2846 cut
2097 2790 2330 2846 carnalis
2372 2791 2558 2861 Israel,
2604 2792 2698 2847 sed
2736 2792 3070 2863 spiritaliter,
3117 2795 3257 2849 sicut
3300 2797 3558 2865 spiritalis

1976 2881 2161 2951 Israel,
2194 2882 2453 2938 debemus
2476 2884 2742 2953 accipere.
2792 2884 3035 2940 Ecclesia
3074 2886 3275 2958 quippe
3305 2888 3422 2944 sine
3446 2904 3545 2944 ma.

1974 2974 2094 3028 eula
2137 2982 2192 3028 et
2225 2988 2377 3043 ruga,
2410 2989 2476 3028 ex
2507 2976 2758 3030 omnibus
2798 2976 3046 3045 gentibus
3088 2988 3405 3048 congregata
3426 3020 3442 3045 ,
3474 2992 3559 3036 at-

1976 3080 2078 3137 que
2128 3065 2182 3120 in
2234 3077 2494 3120 a-ternum
2525 3076 2810 3138 regnatura
2860 3082 2983 3122 cum
3036 3065 3272 3132 Christo,
3324 3070 3439 3138 ipsa
3477 3082 3559 3128 est

1899 3187 1944 3250 ρ
1977 3166 2121 3212 terra
2167 3157 2469 3224 beatorum,
2518 3167 2659 3211 terra
2691 3156 3011 3223 viVentium,
3064 3158 3177 3228 ipsa
3213 3159 3558 3230 intelligenda

1974 3257 2057 3303 est
2094 3249 2333 3318 patribus
2369 3249 2526 3314 data,
2577 3248 2791 3319 quando
2834 3250 2913 3304 eis
2943 3259 3091 3303 certa
3139 3258 3194 3303 et
3239 3250 3559 3307 immutabili

1972 3334 2069 3391 Dei
2101 3337 2375 3391 voluntate
2420 3337 2687 3406 promissa
2723 3346 2809 3393 est
2836 3354 2850 3392 :
2877 3337 3127 3407 quoniam
3168 3339 3280 3408 ipsa
3329 3342 3562 3409 promis-

1973 3426 2142 3482 sionis
2183 3427 2265 3483 vel
2305 3427 2797 3497 prmdestinationis
2843 3428 3094 3484 ﬁrmitate
3133 3429 3244 3499 jam
3290 3429 3411 3485 data
3456 3445 3560 3495 cst,

1974 3534 2094 3587 qua:
2120 3520 2295 3574 danda
2324 3534 2425 3575 suo
2457 3529 2699 3589 tempore
2725 3533 2752 3571 a
2782 3519 3025 3588 patribus
3055 3519 3257 3574 credita
3286 3530 3387 3585 est,
3423 3522 3562 3577 sicut

1977 3609 2072 3664 Dei
2102 3610 2215 3680 ipsa
2240 3620 2408 3682 grata
2434 3625 2555 3681 quae
2581 3610 2781 3665 sanctis
2807 3611 2963 3667 datur
2990 3612 3232 3668 scribens
3275 3612 3341 3668 ad
3374 3614 3561 3669 'I‘imo-

1977 3703 2160 3757 theum
2201 3703 2490 3771 Apostolus
2514 3700 2590 3757 ait
2621 3719 2635 3756 :
2665 3702 2779 3757 Non
2821 3704 3116 3759 secundum
3144 3720 3306 3773 opera
3352 3718 3559 3772 nostra,

1974 3797 2069 3850 sed
2098 3796 2390 3850 secundum
2419 3811 2573 3849 suum
2602 3796 2934 3864 propositum
2965 3805 3021 3851 et
3042 3797 3265 3865 gratiam
3289 3814 3407 3867 qua:
3434 3801 3556 3855 data

1974 3894 2058 3940 est
2088 3886 2243 3940 nobis
2272 3884 2328 3939 in
2360 3885 2577 3940 Christo
2604 3884 2754 3951 Jesu,
2804 3894 2929 3940 ante
2958 3888 3151 3942 saecula
3180 3897 3406 3957 aeterna,
3438 3907 3554 3946 ma-

1974 3977 2218 4031 nifestata
2256 3984 2435 4031 autem
2479 3991 2621 4031 nunc
2662 3991 2757 4046 per
2784 3977 3074 4033 adventum
3113 3978 3414 4036 Salvatm‘is
3455 3999 3557 4037 no-

1972 4066 2087 4122 stri.
2124 4066 2307 4120 Datam
2332 4067 2467 4122 dixit
2494 4068 2720 4138 gratiam
2746 4108 2762 4135 ,
2811 4069 3027 4138 quando
3056 4083 3156 4125 nec
3184 4082 3342 4127 erant
3380 4074 3556 4143 adhuc

1973 4157 2165 4228 quibus
2219 4157 2472 4225 daretur,
2520 4160 2773 4229 quoniam
2815 4160 2868 4215 in
2914 4162 3268 4231 dispositione
3307 4178 3371 4219 ac
3416 4182 3557 4235 prae-

1975 4250 2333 4307 destinatione
2361 4251 2453 4306 Dei
2480 4252 2591 4320 jam
2637 4252 2833 4308 factum
2874 4264 2987 4309 erat
3016 4256 3157 4325 quod
3188 4272 3285 4311 suo
3315 4267 3557 4328 tempore

1974 4340 2208 4396 futurum
2232 4351 2369 4408 erat,
2393 4343 2532 4411 quod
2551 4358 2669 4399 esse
2695 4345 2826 4398 dicit
2853 4346 3269 4402 manifestatum.
3301 4349 3569 4415 Quamvis

1976 4436 2092 4487 haec
2118 4435 2322 4503 possint
2350 4434 2730 4505 intelligietde
2756 4446 2897 4493 terra
2925 4436 3088 4493 futuri
3115 4441 3320 4505 steculi,
3344 4442 3571 4510 quando

1900 4554 1949 4614 Β
1976 4525 2079 4579 erit
2105 4526 2300 4581 coelum
2332 4541 2528 4582 novum
2569 4538 2624 4583 et
2653 4536 2795 4583 terra
2828 4544 2986 4594 nova,
3022 4531 3073 4584 in
3101 4547 3203 4600 qua
3235 4531 3419 4601 injusti
3476 4537 3567 4584 lia-

1975 4614 2149 4670 bitare
2186 4632 2291 4671 non
2331 4625 2605 4685 poterunt.
2639 4618 2707 4672 Et
2732 4618 2852 4674 ideo
2884 4630 3026 4676 terte
3051 4621 3245 4691 dicitur
3285 4623 3387 4690 piis
3427 4637 3512 4695 qu-
3539 4625 3569 4676 d

1986 4706 2103 4775 ipsa
2132 4708 2203 4762 sit
2233 4716 2374 4771 terra
2405 4724 2615 4771 eorum,
2644 4726 2762 4780 quae
2783 4711 2891 4765 ulla
2917 4727 2979 4766 ex
3012 4720 3161 4782 parte
3188 4730 3295 4769 non
3327 4716 3430 4770 erit
3475 4715 3567 4767 im.

1974 4798 2215 4865 piorum,
2266 4800 2387 4867 quia
2436 4810 2489 4854 et
2535 4801 2644 4868 ipsa
2701 4799 2948 4855 similiter
2998 4802 3120 4854 data
3174 4813 3287 4869 cst,
3340 4820 3481 4876 quan
3502 4805 3571 4876 du

1973 4887 2146 4942 danda
2162 4888 2365 4943 ﬁrmata
2387 4898 2484 4944 est.
2512 4891 2766 4956 Quintam
2786 4890 3096 4961 Tychonius
3124 4875 3486 4965 regulampon
3507 4875 3568 4954 it.

1974 4992 2133 5047 quam
2164 4978 2232 5031 de
2274 4977 2629 5049 Temporibus
2668 4982 2928 5051 appellat,
2974 4999 3079 5054 qua
3107 4985 3288 5055 regula
3323 4986 3559 5055 plerum~

1974 5083 2080 5137 que
2126 5068 2355 5123 inveniri
2399 5071 2482 5126 vel
2515 5070 2709 5140 conjici
2758 5075 2929 5141 possit
2960 5075 3134 5130 latens
3168 5076 3218 5130 in
3262 5076 3555 5143 Scripturis

1972 5159 2171 5212 sanctis
2199 5150 2469 5228 quantitas
2510 5171 2833 5230 temporum.
2885 5165 3104 5222 Duobus
3145 5174 3324 5221 autem
3369 5164 3554 5219 modis

1972 5248 2151 5315 vigere
2176 5249 2307 5305 dicit
2336 5252 2471 5306 hanc
2497 5252 2601 5323 57
2630 5255 2894 5323 regulam,
2926 5267 3017 5311 aut
3048 5266 3203 5326 trepo
3263 5256 3553 5331 συνικδοχῇ

1971 5351 2062 5395 aut
2108 5344 2357 5413 legitimis
2405 5347 2688 5402 numeris:
2723 5358 2881 5420 tropo
2935 5350 3164 5423 [tropus]
3207 5351 3549 5422 synecdoche

1974 5442 2064 5486 aut
2091 5448 2120 5485 a
2152 5443 2301 5501 parte
2338 5444 2506 5491 totum
2535 5448 2628 5501 aut
2668 5452 2695 5492 a
2733 5450 2843 5494 ιοιο
2887 5449 3090 5509 partem
3125 5440 3253 5493 facit
3298 5440 3547 5510 intelligi,

1971 5524 2111 5577 sicut
2142 5540 2282 5580 unus
2329 5528 2663 5596 evangelista
2712 5539 2832 5600 post
2876 5529 2990 5583 dies
3020 5538 3141 5583 octo
3186 5530 3379 5583 factum
3420 5532 3549 5586 dicit

1970 5614 2112 5681 quod
2138 5614 2276 5669 alius
2304 5628 2424 5686 post
2451 5619 2566 5674 dies
2588 5635 2704 5685 sex,
2736 5619 2947 5688 quando
2981 5618 3031 5674 in
3061 5629 3263 5684 monte,
3308 5622 3548 5689 discipu-

1971 5702 2036 5757 Iis
2054 5712 2259 5762 tantum
2290 5709 2456 5764 tribus
2482 5709 2854 5779 prmsentibus,
2888 5709 3050 5764 facies
3080 5710 3286 5766 Domini
3319 5712 3465 5767 fulsit
3498 5726 3549 5767 ut

1969 5791 2083 5861 sol,
2114 5803 2166 5850 et
2198 5796 2511 5853 vestimenta
2551 5798 2669 5865 ejus
2703 5806 2759 5852 ut
2790 5799 2879 5853 nix
2913 5816 2927 5855 :
2959 5810 3244 5881 utrumque
3274 5806 3417 5859 enim
3463 5821 3552 5861 Vc-

2950 5891 3023 5953 31
