3986 6190
439 274 533 328 ωτι

1513 274 1573 328 D.
1617 272 1935 330 EUGYPPII
1978 274 2273 334 ABBATIS
2310 275 2632 334 AFRICANI

3597 287 3697 340 ἔδῚῖ

435 408 552 446 rum
581 405 699 446 esse
723 401 829 443 non
861 395 1042 455 posset
1071 386 1212 457 quod
1243 387 1311 443 dc
1337 403 1563 463 numero
1587 387 1795 441 dierum
1817 387 2017 443 dictum
2046 403 2095 462 Α
2125 389 2397 457 paradiso,
2428 400 2534 445 etc.
2571 391 2698 446 Post
2741 389 2838 446 ista
2880 391 3023 448 enim
3056 391 3216 458 facta,
3266 391 3338 446 ibi
3365 399 3450 446 est
3500 395 3696 462 pusitus

434 493 539 545 est,
566 482 666 534 nisi
692 480 782 536 ille
804 480 893 550 qui
924 479 1057 533 dixit
1081 478 1210 533 Post
1240 479 1355 533 dies
1375 487 1520 542 octo,
1544 477 1877 546 intelligatur
1904 494 2027 547 par-

437 577 545 625 tem
576 568 922 624 novissimam
934 568 1040 623 diei
1057 582 1127 622 ex
1145 581 1251 637 quo
1274 568 1325 622 id
1348 565 1599 621 Christus
1619 567 1869 636 pradixit
1885 568 2026 622 intu-

445 676 583 723 rum,
620 669 674 716 et
703 668 910 730 partem
942 660 1168 728 primam
1198 658 1304 715 diei
1346 673 1456 728 quo
1487 659 1538 713 id
1569 660 1805 715 ostendit
1833 660 2026 728 imple-

439 761 572 816 tum,
602 766 699 820 pro
727 752 852 806 totis
868 751 1056 806 diebus
1073 751 1281 806 duobus
1303 761 1465 821 atque
1487 753 1711 822 integris
1735 752 1982 821 posuisse
2005 767 2022 812 :

439 843 483 897 is
513 857 640 898 vero
667 842 756 911 qui
803 842 939 895 dixit
983 839 1110 896 Post
1137 841 1256 896 dies
1287 856 1381 896 sex
1404 881 1419 906 ,
1463 842 1702 910 integros
1743 855 1932 896 omnes
1968 847 2025 896 et

439 942 599 998 totos,
636 933 731 989 sed
766 933 914 989 solos
931 933 1134 990 medios
1158 942 1526 1004 computasse.
1557 935 1667 988 Hoc
1691 937 1851 989 modo
1867 936 2022 989 locu-

439 1027 598 1083 tionis
625 1044 732 1100 quo
775 1029 1106 1099 signiﬁcatur
1141 1046 1171 1085 a
1193 1040 1367 1100 parte
1411 1038 1598 1095 totum,
1633 1029 1791 1084 etiam
1840 1030 1930 1084 illa
1953 1028 2023 1082 de

440 1119 1041 1176 resurrectioneChristi
1070 1121 1296 1176 solvitur
1323 1120 1584 1188 quastio:
1610 1133 1732 1188 pars
1761 1120 1902 1173 enim
1927 1133 2019 1172 no-

439 1209 657 1264 vissima
689 1209 821 1276 diei,
864 1225 971 1281 quo
997 1223 1190 1280 passus
1218 1218 1324 1279 est,
1355 1208 1458 1263 nisi
1489 1223 1587 1277 pro
1627 1215 1739 1263 toto
1766 1207 1853 1260 die
1882 1207 2023 1261 acci-

437 1299 636 1370 piatur,
663 1299 717 1355 id
739 1309 823 1356 est
845 1301 1098 1371 adjuncta
1126 1299 1290 1355 etiam
1316 1307 1474 1356 nocte
1500 1300 1798 1368 praeterita,
1829 1305 1885 1352 et
1915 1312 2021 1352 nox

436 1391 490 1448 in
517 1392 671 1464 cujus
697 1401 848 1463 parte
870 1392 1059 1448 ultima
1087 1392 1406 1457 resurrexit;
1431 1391 1534 1446 nisi
1563 1399 1708 1446 totus
1737 1390 1854 1444 dies
1879 1389 2020 1444 acci-

436 1486 632 1555 piatur,
665 1484 920 1554 adjuncto
963 1485 1172 1541 scilicet
1203 1485 1293 1539 die
1322 1484 1674 1539 illucescente
1721 1481 2016 1547 dominico,

434 1588 541 1630 non
572 1583 798 1644 possunt
838 1590 960 1632 esse
999 1585 1110 1632 tres
1137 1575 1252 1632 dies
1280 1584 1334 1632 et
1360 1583 1472 1631 tres
1496 1583 1704 1640 noctes,
1736 1573 1932 1644 quibus
1959 1587 2020 1628 se

432 1667 486 1722 in
512 1666 674 1723 corde
706 1677 867 1723 terra:
907 1667 1155 1737 praedixit
1200 1668 1461 1724 futurum.
1501 1667 1795 1737 Legitimos
1840 1673 2017 1719 autem

2128 480 2311 549 homo,
2358 482 2497 537 sicut
2541 498 2680 538 nunc
2703 484 2837 540 ordo
2868 485 2981 552 ipse
3019 486 3352 542 demonstrat
3385 502 3398 537 :
3434 500 3539 539 non
3582 495 3701 555 post

2127 571 2398 628 homine
2433 572 2508 628 ibi
2541 575 2770 642 positum
2802 574 2941 628 facta
2971 586 3095 631 sunt
3126 577 3249 643 ista,
3287 575 3426 630 sicut
3455 576 3704 642 superius

2123 661 2325 716 dictum
2370 663 2540 733 putari
2571 672 2780 734 potest,
2811 664 2914 719 nisi
2944 666 3314 734 ret-apitulatio
3347 665 3452 719 illic
3482 665 3706 733 vigilan-

2127 760 2210 808 ter
2263 752 2610 823 intelligatur,
2670 770 2771 823 qua
2824 755 3030 819 reditur
3078 755 3147 810 ad
3200 770 3264 809 ea
3318 770 3440 824 quas
3495 753 3711 816 fuerant

2125 843 2506 911 praetermissa.
2538 841 2777 912 itemque
2801 842 2855 896 in
2886 843 3076 898 eodem
3105 843 3260 909 libro,
3305 859 3427 898 cum
3459 858 3708 899 comme-

2126 947 2465 990 morarentur
2492 937 2865 1006 generationes
2896 936 3127 1001 tiliorum
3159 935 3294 1006 Noe,
3333 938 3535 991 dictum
3569 947 3658 992 est
3689 951 3708 991 :

2126 1026 2186 1080 lli
2219 1028 2310 1082 ﬁlii
2333 1026 2500 1082 Cham
2528 1030 2581 1082 in
2613 1028 2854 1084 tribubus
2883 1032 3027 1096 suis,
3061 1030 3360 1085 secundum
3393 1030 3620 1100 linguas,
3655 1045 3709 1082 in

2123 1118 2430 1190 regionibus
2452 1121 2588 1188 suis,
2617 1131 2672 1175 et
2701 1121 2752 1174 in
2779 1121 3026 1190 gentibus
3051 1123 3186 1177 suis.
3217 1121 3555 1177 Enumeratts
3571 1136 3710 1190 quo-

2122 1227 2226 1282 que
2256 1212 2381 1267 ﬁliis
2404 1212 2552 1280 Sem,
2581 1212 2778 1268 dicitur
2799 1211 3089 1286 [sequitur]
3114 1231 3128 1268 :
3164 1214 3225 1268 lli
3256 1213 3348 1269 lilii
3372 1214 3500 1269 Sum
3524 1215 3575 1268 in
3609 1214 3708 1267 tri-

2124 1303 2296 1371 bubus
2333 1306 2466 1369 suis,
2517 1304 2815 1363 secundum
2858 1305 3068 1375 linguas
3113 1321 3262 1371 suas,
3295 1305 3350 1360 in
3395 1305 3712 1376 regionibus

2121 1396 2258 1460 suis,
2285 1405 2338 1450 et
2366 1397 2417 1449 in
2440 1396 2690 1466 gentibus
2715 1397 2858 1463 suis;
2899 1405 2956 1453 et
2984 1395 3285 1451 adnectitur
3312 1396 3379 1449 de
3409 1395 3664 1449 omnibus
3689 1413 3706 1447 :

2122 1485 2215 1541 llas
2247 1486 2417 1542 tribus
2447 1488 2679 1554 ﬁliorum
2712 1488 2845 1556 Noe,
2877 1487 3172 1544 secundum
3201 1487 3580 1558 generationes
3606 1502 3710 1541 eo-

2120 1592 2263 1644 rum,
2317 1579 2614 1634 secundum
2663 1588 2853 1649 gentes
2909 1593 3118 1634 eorum.
3178 1578 3262 1634 Ah
3310 1578 3395 1633 bis
3447 1578 3707 1646 dispersa

2119 1678 2248 1725 sunt
2273 1669 2458 1724 insulae
2485 1670 2726 1740 gentium
2754 1685 2917 1741 super
2945 1679 3142 1727 terram
3169 1678 3292 1741 post
3318 1669 3606 1725 diluvium.
3638 1668 3705 1723 Et

431 1775 687 1815 numeros
713 1761 840 1816 dicit
869 1777 1006 1832 quos
1029 1763 1357 1819 eminentius
1375 1761 1556 1817 divina
1571 1759 1848 1831 Scriptura
1861 1775 2012 1815 com-
2042 1775 2088 1838 Β
2121 1771 2238 1818 erat
2258 1762 2434 1816 omnis
2457 1770 2595 1816 terra
2623 1762 2820 1816 labium
2850 1778 3014 1818 unum
3032 1802 3048 1830 ,
3073 1772 3128 1818 et
3154 1777 3256 1817 vox
3286 1775 3389 1815 una
3416 1760 3701 1821 omnibus;

431 1852 669 1916 mendat,
699 1851 837 1906 sicut
863 1853 1222 1922 septenarium
1253 1853 1336 1908 vel
1360 1852 1660 1921 denarium,
1692 1852 1778 1907 vel
1810 1851 2014 1908 duode-

433 1945 663 2007 narium,
686 1953 738 1997 et
760 1944 1064 2013 quicunque
1091 1944 1182 1999 alii
1203 1951 1349 2010 sunt,
1373 1958 1511 2012 quos
1536 1944 1764 2014 legendo
1783 1944 2014 1999 studiosi

433 2033 664 2090 libenter
692 2043 1012 2103 agnoscunt.
1055 2034 1381 2103 Plerumque
1421 2036 1564 2091 enim
1603 2037 1813 2091 numeri
1856 2038 2015 2106 huius

432 2126 578 2182 modi
600 2139 698 2196 pro
723 2124 980 2180 universo
1001 2132 1246 2196 tempore
1273 2136 1580 2196 ponuntur:
1607 2129 1764 2195 sicut,
1801 2128 2014 2198 Septies

432 2225 486 2273 tn
517 2216 607 2272 dio
657 2217 886 2272 laudabo
934 2227 1008 2285 te,
1055 2217 1190 2272 nihil
1220 2225 1301 2273 est
1341 2218 1485 2273 aliud
1538 2233 1733 2289 quam,
1787 2219 2016 2290 Semper

431 2312 548 2365 laus
592 2310 710 2379 ejus
753 2310 806 2364 in
850 2324 945 2364 ore
983 2326 1127 2364 meo.
1170 2309 1524 2365 Tantumdem
1577 2311 1759 2366 valent
1797 2322 1851 2367 et
1888 2325 2012 2367 cum

433 2401 853 2470 multiplicantur
880 2399 996 2456 sive
1032 2415 1128 2470 per
1158 2400 1459 2466 denarium,
1506 2404 1646 2457 sicut
1675 2403 2013 2473 septuaginta

433 2503 486 2550 et
509 2493 860 2564 septingenti;
903 2493 1046 2548 unde
1075 2503 1297 2563 possunt
1324 2502 1379 2548 et
1407 2494 1738 2563 septuaginta
1771 2495 1898 2549 anni
1925 2494 2016 2552 Je-

433 2583 618 2640 remin
649 2600 745 2654 pro
776 2583 1027 2639 universo
1060 2592 1307 2652 tempore
1336 2584 1686 2653 spiritualiter
1708 2586 1878 2656 accipi
1909 2602 2016 2658 quo

432 2692 514 2736 est
543 2681 683 2750 apud
728 2679 934 2735 alienos
981 2678 1219 2733 Ecclesia
1266 2694 1281 2732 :
1316 2678 1431 2732 sive
1472 2693 1566 2747 per
1595 2679 1826 2748 seipsos,
1878 2680 2018 2735 sicut

432 2775 618 2831 decem
637 2788 734 2843 per
755 2772 941 2828 decem
961 2781 1177 2827 centum
1203 2778 1349 2837 sunt,
1373 2780 1427 2825 et
1454 2769 1738 2826 duodecim
1765 2785 1860 2840 per
1879 2771 2018 2827 duo-

433 2866 607 2922 decim
637 2873 856 2921 centum
887 2862 1237 2934 quadraginta
1261 2869 1509 2932 quatuor.
1542 2863 1659 2928 Quo
1687 2877 1912 2918 numero
1943 2862 2017 2917 si-

432 2958 713 3032 gniﬁcatur
734 2954 1058 3010 universitas
1081 2965 1390 3008 sanctorum
1412 2951 1466 3006 in
1488 2951 1831 3022 Apocalypsi.
1865 2951 2017 3007 Unde

430 3055 653 3119 apparet
681 3061 788 3102 non
812 3045 959 3100 solas
987 3053 1289 3114 temporum
1314 3047 1644 3113 quaestiones
1674 3043 1794 3098 istis
1824 3058 2014 3098 nume-

2116 1853 2222 1908 hoc
2245 1852 2426 1921 itaque
2453 1853 2594 1923 quod
2617 1853 2927 1922 adjunctum
2951 1861 3036 1908 est
3063 1869 3078 1907 :
3107 1852 3176 1907 Et
3201 1859 3322 1907 erat
3345 1853 3521 1905 omnis
3548 1860 3696 1905 terra

2114 1941 2316 1996 labium
2336 1958 2524 2009 unum,
2547 1953 2602 1998 et
2633 1958 2733 1997 vox
2759 1958 2861 1997 una
2877 1943 3145 2009 omnibus,
3162 1942 3214 1997 id
3242 1951 3348 2009 est,
3384 1956 3485 1996 una
3515 1941 3696 2010 lingua

2112 2035 2374 2101 omnium,
2403 2036 2476 2090 ita
2505 2035 2708 2092 dictum
2733 2037 2943 2091 videtur
2959 2045 3210 2106 tanquam
3238 2049 3306 2090 eo
3325 2036 3435 2103 jam
3458 2043 3704 2102 tempore

2113 2140 2220 2198 quo
2235 2126 2462 2197 dispersi
2483 2127 2694 2182 fuerant
2707 2137 3101 2198 superterram,
3123 2126 3284 2182 etiam
3307 2125 3597 2180 secundum
3613 2125 3700 2178 in-

2111 2219 2258 2275 sulas
2285 2219 2520 2290 gentium
2564 2235 2665 2274 una
2699 2219 3118 2276 fueritomnibus
3143 2219 3322 2289 lingua
3358 2219 3697 2283 communis;

2114 2312 2254 2382 quod
2271 2312 2618 2382 proculdubio
2634 2322 2892 2383 repugnat
2913 2311 3283 2381 superioribus
3295 2310 3491 2375 verbis,
3514 2311 3602 2363 ubi
3617 2310 3699 2362 di-

2115 2409 2259 2457 ctum
2271 2412 2354 2459 est
2373 2416 2389 2456 :
2406 2402 2459 2457 ln
2478 2403 2718 2458 tribubus
2731 2404 2867 2469 suis,
2895 2402 3183 2458 secundum
3200 2401 3404 2471 linguas
3425 2414 3586 2456 suas:
3607 2415 3701 2454 nc-

2114 2509 2218 2565 que
2234 2496 2376 2550 enim
2407 2494 2712 2551 dicerentur
2727 2495 2979 2552 habuisse
2988 2499 3094 2566 jam
3111 2494 3318 2564 linguas
3341 2508 3466 2548 suas
3476 2494 3701 2564 singula:

2117 2586 2286 2644 tribus
2298 2601 2415 2657 qum
2426 2595 2612 2657 gentes
2635 2587 2870 2658 singulas
2885 2586 3143 2651 fecerant,
3161 2584 3375 2655 quando
3390 2595 3504 2638 erat
3521 2587 3701 2638 omni-

2116 2677 2217 2733 bus
2228 2693 2331 2732 una
2342 2677 2749 2733 communis.Ac
2760 2693 2854 2747 per
2868 2677 2966 2732 hoc
2981 2675 3702 2747 recapitulandoadjunctum

2114 2778 2226 2824 est:
2244 2768 2307 2823 Et
2329 2777 2446 2824 erat
2471 2768 2645 2823 omnis
2659 2777 2797 2822 terra
2826 2767 3025 2822 labium
3053 2776 3308 2833 unum,et
3328 2781 3431 2820 vox
3455 2781 3556 2820 una
3584 2780 3703 2820 orn-

2117 2859 2276 2916 nibus
2297 2861 2521 2915 latenter
2551 2861 2858 2914 narratione
2885 2858 3167 2924 redeunte,
3193 2867 3251 2912 ut
3273 2857 3543 2912 diceretur
3569 2871 3704 2927 quo-

2116 2950 2278 3007 modo
2317 2951 2515 3006 factum
2541 2949 2630 3018 sit,
2679 2960 2737 3006 ut
2779 2965 2844 3004 ex
2876 2965 2980 3004 una
3021 2949 3258 3004 omnium
3291 2948 3471 3017 lingua
3501 2947 3704 3002 fuerint

2118 3043 2273 3098 divisi
2300 3057 2397 3112 per
2429 3044 2644 3112 multas,
2687 3051 2739 3099 et
2769 3042 3027 3097 continuo
3054 3041 3124 3097 de
3155 3041 3245 3096 illa
3273 3041 3438 3095 turris
3465 3039 3704 3094 aediﬁca-

433 3142 506 3197 ris
536 3155 658 3197 esse
689 3139 973 3193 solvendas
994 3179 1010 3204 ,
1048 3137 1144 3193 sed
1177 3137 1334 3191 latius
1365 3145 1554 3205 patere
1592 3137 2012 3207 significationes
2041 3137 2087 3202 C
2122 3137 2268 3191 tione
2290 3143 2557 3199 narratur,
2583 3135 2671 3190 ubi
2697 3133 2812 3189 haec
2838 3133 2917 3189 eis
2942 3132 3146 3204 judicio
3171 3132 3357 3187 divino
3381 3131 3590 3200 ingesta
3619 3140 3705 3184 est

430 3246 617 3287 eorum
648 3239 702 3285 et
731 3230 782 3284 in
814 3227 982 3283 multa
1028 3241 1384 3298 proserpere;
1432 3240 1606 3297 neque
1646 3229 1789 3281 enim
1823 3243 2015 3283 nume-

433 3339 525 3378 rus
570 3322 674 3376 iste
705 3322 758 3376 in
801 3318 1124 3389 Apocalypsi
1156 3318 1220 3373 ad
1254 3327 1495 3386 tempora
1526 3319 1794 3389 pertinet,
1825 3318 1920 3373 sed
1949 3317 2017 3372 ad

432 3414 695 3467 homines.
712 3412 930 3468 Sextam
949 3411 1188 3480 regulam
1201 3408 1510 3479 Tychonius
1521 3409 2014 3478 recapitulationem

436 3511 591 3559 vocat
637 3504 690 3555 in
734 3500 1065 3555 obscuritate
1111 3501 1511 3567 Scripturarum
1561 3501 1692 3554 satis
1733 3501 2017 3568 vigilanter

434 3596 727 3651 inventam.
778 3593 868 3648 Sic
920 3591 1068 3646 enim
1114 3589 1367 3646 dicuntur
1416 3588 1682 3658 quadam,
1733 3589 1883 3658 quasi
1929 3603 2016 3644 se-

435 3697 665 3757 quantur
691 3686 745 3740 in
775 3685 966 3740 ordine
992 3683 1250 3753 temporis
1280 3682 1361 3737 vel
1404 3694 1584 3736 rerum
1614 3681 2016 3736 continuatione

434 3785 739 3839 narrentur,
767 3790 887 3829 cum
916 3772 986 3828 ad
1017 3773 1193 3843 priora
1233 3787 1353 3843 quae
1382 3772 1743 3842 praetermissa
1782 3779 1905 3825 sunt
1933 3771 2014 3825 la-

435 3879 612 3924 tenter
642 3866 881 3922 narratio
921 3872 1225 3928 revocetur,
1269 3863 1410 3933 qnod
1453 3861 1554 3916 nisi
1589 3876 1652 3916 ex
1695 3860 1794 3916 hae
1833 3861 2014 3931 regula

434 3959 784 4029 intelligatur,
799 3965 1040 4020 erratur;
1061 3956 1200 4009 sicut
1217 3953 1270 4008 in
1299 3951 1495 4008 Genesi
1519 3971 1529 4005 :
1550 3951 1617 4005 Et
1639 3951 1918 4021 plantavit,
1934 3952 2013 4005 in-

431 4053 571 4121 quit,
590 4049 845 4103 Dominus
857 4047 1002 4101 Deus
1018 4045 1392 4115 paradisumin
1416 4039 1721 4133 m[Eden]
1740 4041 1806 4095 ad
1832 4040 2012 4097 orien-

431 4166 563 4221 tem,
589 4164 645 4212 et
686 4153 859 4224 posuit
885 4153 960 4207 ibi
993 4151 1263 4205 hominem
1292 4163 1451 4219 quem
1478 4146 1749 4212 formavit,
1793 4157 1847 4201 et
1889 4161 2013 4215 pro-

429 4248 588 4305 duxit
627 4247 767 4301 Deus
793 4244 969 4299 adhuc
998 4243 1065 4297 de
1096 4252 1238 4297 terra
1267 4255 1430 4296 omne
1458 4241 1664 4310 lignum
1710 4240 2011 4308 speciosum

429 4347 486 4395 et
512 4339 709 4393 bonum
740 4336 792 4390 in
821 4349 1036 4400 escam;
1086 4333 1156 4387 ita
1185 4331 1399 4387 videtur
1423 4331 1648 4394 dictum,
1677 4340 1926 4399 tanquam
1959 4331 2010 4393 id

428 4430 628 4486 factum
657 4428 747 4492 sit,
789 4435 1134 4498 posteaquam
1167 4424 1364 4479 factum
1389 4422 1576 4496 [Deus]
1613 4425 1790 4492 posuit
1834 4424 2010 4480 homi-

2123 3243 2278 3297 paena
2320 3226 2620 3296 superbiae,
2652 3233 2773 3296 post
2799 3225 2942 3294 quod
2972 3226 3166 3279 factum
3194 3224 3421 3292 dispersi
3448 3230 3574 3275 sunt
3605 3236 3638 3290 p
3679 3236 3704 3274 r

2121 3331 2318 3376 terram
2350 3320 2641 3375 secundum
2671 3319 2879 3390 linguas
2903 3332 3047 3373 suas.
3082 3315 3166 3370 Fit
3197 3317 3297 3371 ista
3331 3314 3704 3383 recapitulatio

2118 3414 2278 3468 etiam
2310 3412 2614 3480 obscurius,
2660 3413 2800 3465 sicut
2831 3412 2884 3464 in
2915 3409 3206 3479 Evangelio
3236 3407 3490 3463 Dominus
3518 3408 3647 3461 dicit
3681 3423 3696 3459 :

2121 3504 2214 3560 Die
2240 3519 2346 3573 quo
2375 3503 2506 3558 exiit
2534 3503 2670 3568 Loth
2700 3517 2730 3556 a
2761 3502 3016 3558 Sodomis
3046 3500 3181 3572 pluit
3220 3500 3394 3570 ignem
3438 3499 3502 3553 de
3533 3500 3700 3564 caelo,

2119 3605 2174 3650 et
2227 3593 2462 3664 perdidit
2508 3608 2728 3660 omnes,
2777 3593 3072 3649 secundum
3111 3592 3225 3646 hmc
3264 3593 3364 3646 erit
3413 3589 3530 3644 dies
3579 3589 3702 3643 Fili

2119 3685 2375 3752 hominis,
2425 3699 2534 3756 quo
2588 3684 2935 3740 revelabitur.
2987 3684 3045 3738 ln
3100 3683 3188 3739 illa
3244 3685 3398 3748 liora,
3456 3682 3544 3748 qui
3596 3682 3704 3734 erit

2118 3778 2170 3832 in
2203 3786 2345 3832 tecto
2373 3787 2428 3832 et
2449 3792 2573 3832 vasa
2602 3777 2720 3848 ejus
2757 3776 2810 3832 in
2838 3777 3024 3842 domo,
3056 3791 3162 3831 non
3193 3773 3480 3830 descendat
3511 3774 3703 3829 tollere

2119 3866 2233 3932 illa,
2271 3878 2325 3920 et
2351 3870 2439 3935 qui
2483 3866 2538 3920 in
2580 3880 2710 3935 agro
2756 3865 3008 3921 similiter
3037 3881 3143 3920 non
3186 3872 3489 3920 revertatur
3526 3871 3701 3930 retro,

2117 3959 2417 4013 meminerit
2443 3959 2631 4014 uxoris
2662 3959 2817 4014 Loth.
2853 3958 3099 4029 Nunquid
3132 3973 3253 4013 cum
3296 3957 3555 4012 Dominus
3583 3956 3701 4009 fue-

2117 4050 2188 4103 rit
2213 4051 2506 4117 revelatus,
2550 4060 2674 4107 tunc
2718 4060 2841 4104 sunt
2868 4050 2967 4104 ista
2998 4049 3290 4117 servanda,
3322 4065 3390 4106 ne
3416 4050 3699 4120 quisquam

2117 4150 2263 4194 retro
2291 4139 2562 4208 respiciat,
2588 4141 2640 4196 id
2672 4149 2754 4195 est
2777 4142 2938 4195 vitam
2969 4142 3052 4196 cui
3085 4144 3410 4196 renuntiavit
3445 4143 3701 4211 inquirat,

2116 4241 2170 4288 et
2196 4247 2299 4287 non
2332 4235 2508 4302 potius
2545 4234 2652 4288 isto
2687 4243 2956 4303 tempore,
3003 4244 3058 4288 ut
3088 4249 3208 4289 cum
3252 4235 3507 4288 Dominus
3541 4234 3703 4287 fuerit

2116 4326 2406 4394 revelatus,
2441 4325 2847 4382 retributionem
2865 4319 2976 4395 pro
3006 4326 3083 4382 eis
3112 4341 3232 4396 quae
3260 4326 3487 4396 quisque
3507 4339 3703 4380 serva-

2115 4420 2190 4475 vit
2230 4419 2313 4474 vel
2352 4419 2676 4491 contempsit
2715 4419 2990 4476 inveniat?
3020 4419 3082 4474 Et
3113 4427 3292 4473 tamen
3335 4419 3458 4488 quia
3493 4417 3704 4472 dictum

431 4539 553 4580 nem
596 4524 650 4578 in
682 4520 1021 4591 paradisum;
1066 4531 1186 4573 cum
1236 4517 1473 4572 breviter
1507 4525 1735 4586 utroque
1774 4531 2011 4571 commc-
2041 4513 2089 4576 D
2114 4523 2218 4580 est,
2274 4512 2329 4567 ln
2359 4513 2444 4578 illa
2477 4513 2630 4578 hora,
2663 4521 2789 4568 tunc
2817 4518 3074 4582 putantur
3105 4511 3207 4565 ista
3237 4508 3522 4572 servanda,
3572 4523 3701 4563 cum

428 4626 660 4681 morato,
714 4615 766 4668 id
815 4621 897 4668 est
925 4609 1068 4681 quod
1106 4609 1360 4680 plantavit
1392 4609 1532 4664 Deus
1579 4608 1908 4678 paradisum,
1957 4618 2015 4664 et

429 4710 609 4782 posuit
645 4707 718 4763 ibi
766 4705 1038 4761 hominem
1083 4718 1244 4773 quem
1284 4701 1556 4767 formavit,
1607 4702 2012 4772 recapitulando

428 4797 638 4864 redeat,
684 4807 737 4851 et
777 4795 924 4851 dicat
945 4793 1086 4863 quod
1117 4795 1534 4862 praetermiserat
1566 4812 1580 4850 :
1612 4793 1881 4862 quomodo
1906 4793 2010 4848 sci-

428 4887 555 4944 licet
585 4884 862 4957 paradisus
889 4881 1052 4938 fuerit
1083 4884 1354 4953 plantatus
1374 4922 1390 4947 ,
1433 4883 1556 4951 quia
1589 4883 1840 4952 produxit
1870 4883 2010 4938 Deus

427 4977 601 5034 adhuc
627 4976 696 5031 de
728 4985 869 5030 terra
894 4991 1054 5030 omne
1079 4976 1280 5045 lignum
1304 4975 1606 5044 speciosum
1637 4984 1692 5030 et
1721 4975 1918 5031 bonum
1953 4977 2006 5030 in

426 5082 628 5124 escam.
663 5066 903 5134 Denique
924 5076 1139 5120 secutus
1162 5065 1406 5136 adjunxit
1435 5083 1447 5118 :
1482 5064 1546 5120 Et
1574 5065 1772 5135 lignum
1804 5066 1924 5120 vitm
1951 5067 2003 5122 in

428 5161 609 5217 medio
663 5155 934 5232 paradiso,
981 5168 1037 5214 et
1075 5159 1274 5228 lignum
1320 5160 1524 5215 sciendi
1572 5159 1696 5214 boni
1740 5168 1797 5214 et
1841 5161 2002 5226 ntali;

422 5255 620 5311 deinde
665 5255 863 5309 ﬁumen
915 5269 1021 5323 quo
1070 5253 1344 5322 paradisus
1397 5252 1729 5320 irrigaretur,
1777 5253 2003 5309 divisiim

424 5349 477 5404 in
504 5359 732 5418 quatuor
760 5346 1021 5417 principia
1054 5343 1334 5398 ﬂuviorum
1374 5352 1634 5412 quatuor;
1679 5344 2000 5412 explicatur,

421 5439 565 5507 quod
597 5448 762 5493 totum
791 5438 1021 5504 pertinet
1048 5434 1113 5487 ad
1146 5432 1535 5487 institutionem
1564 5434 1820 5501 paradisi.
1849 5435 2000 5501 Quod

423 5533 511 5586 tibi
554 5531 890 5596 terminavit,
925 5527 1174 5597 repetivit
1216 5526 1344 5580 illud
1377 5527 1516 5596 quod
1550 5527 1654 5592 iam
1686 5526 1918 5593 dixerat,
1951 5536 2005 5580 ct

424 5636 615 5676 revera
640 5621 742 5676 hoc
762 5619 1102 5690 sequebatur,
1129 5625 1287 5686 atque
1315 5616 1388 5670 ait
1413 5633 1426 5669 ;
1465 5615 1531 5671 Et
1555 5616 1786 5680 sumpsit
1816 5616 2001 5670 Domi-

427 5727 528 5769 nus
565 5712 703 5769 Deus
748 5712 1015 5769 hominem
1053 5725 1211 5782 quem
1254 5709 1436 5776 ﬁnxit,
1479 5716 1533 5764 ct
1569 5706 1743 5779 posuit
1782 5723 1904 5766 eum
1949 5709 2000 5764 in

2116 4605 2278 4660 fuerit
2318 4605 2576 4660 Dominus
2613 4605 2912 4670 revelatus,
2947 4602 3051 4658 nisi
3091 4600 3156 4655 ad
3185 4597 3583 4670 intelligendam
3611 4614 3708 4654 re.

2114 4696 2550 4766 capitulationem
2593 4711 2784 4751 sensus
2832 4694 3058 4765 legentis
3109 4692 3370 4761 invigilet,
3409 4689 3706 4760 adjuvan‘e

2115 4793 2219 4847 alia
2250 4791 2525 4861 Scriptura
2556 4805 2675 4860 qua:
2705 4790 2945 4860 ipsorum
2967 4786 3332 4856 apostolorum
3359 4784 3535 4838 adhuc
3562 4792 3706 4837 tem—

2114 4899 2245 4954 pore
2291 4883 2579 4939 clamavit:
2615 4880 2756 4946 Fili,
2806 4879 3096 4934 novissima
3149 4878 3277 4930 liora
3327 4884 3429 4930 est.
3461 4874 3704 4943 Tempus

2114 4990 2242 5044 ergo
2288 4977 2462 5045 ipsum
2490 4988 2597 5044 quo
2638 4972 2987 5043 Evangelium
3032 4968 3368 5040 prmdicatur,
3417 4981 3706 5037 quousque

2116 5065 2372 5120 Dominus
2402 5063 2696 5130 reveletur,
2725 5055 2858 5118 hera
2887 5071 2971 5119 est
3002 5063 3052 5115 in
3084 5074 3186 5130 qua
3217 5067 3431 5129 oportet
3451 5059 3546 5113 ista
3583 5073 3704 5112 ser-

2114 5156 2256 5220 vari,
2286 5155 2408 5226 quia
2441 5163 2497 5210 et
2522 5153 2635 5224 ipsa
2668 5155 2929 5210 revelatio
2964 5151 3171 5208 Domini
3198 5152 3264 5205 ad
3303 5151 3548 5206 eamdem
3598 5152 3696 5203 bo-

2113 5263 2224 5302 ram
2259 5248 2490 5318 pertinet
2534 5262 2654 5317 qua:
2686 5247 2774 5303 die
2798 5246 2987 5316 judicii
3019 5244 3412 5300 terminabitur.
3457 5242 3702 5311 Septima

2113 5343 2373 5414 Tyclionii
2396 5343 2577 5414 regula
2605 5341 2998 5410 esteademque
3015 5347 3287 5410 postrema
3315 5336 3384 5391 de
3410 5335 3618 5390 diabolo
3641 5344 3700 5389 et

2107 5438 2221 5505 ejus
2247 5451 2471 5505 corpore
2497 5453 2510 5487 :
2535 5446 2617 5491 est
2647 5434 2792 5490 enim
2833 5443 2888 5488 et
2920 5435 3036 5501 ipse
3064 5440 3226 5501 caput
3257 5429 3570 5498 impiorum,
3599 5427 3700 5494 qui

2107 5539 2232 5580 sunt
2282 5525 2400 5594 ejus
2447 5523 2844 5594 quodammodo
2893 5536 3111 5591 corpus,
3164 5518 3291 5574 ituri
3337 5533 3460 5572 cum
3510 5516 3600 5570 illo
3642 5516 3702 5569 in

2107 5617 2424 5687 supplicium
2458 5617 2597 5687 ignis
2634 5615 2856 5682 aeterni;
2908 5614 3050 5671 sicut
3089 5613 3337 5668 Christus
3365 5619 3524 5681 caput
3568 5609 3703 5681 [est]

2110 5709 2382 5776 Ecclesiae,
2419 5724 2537 5780 quae
2568 5718 2653 5764 est
2682 5723 2877 5780 corpus
2903 5707 3053 5778 ejus,
3088 5705 3324 5764 futurum
3349 5719 3470 5761 cum
3502 5702 3600 5760 illo
3640 5703 3701 5757 in
