4016 6184
277 368 382 423 975

1391 366 1822 423 TIIESAURUS.
1864 368 2014 423 CAP.
2057 369 2422 424 CCLXXXIII.

3451 383 3556 436 τη

277 495 447 550 regno
471 487 523 534 et
551 476 723 546 gloria
751 476 1097 547 sempiterna.
1138 477 1290 535 Sicut
1329 494 1458 550 ergo
1487 482 1538 534 in
1570 481 1739 547 prima
1780 494 1869 535 re-
1897 486 1948 545 Α
1975 489 2058 535 est
2093 484 2366 538 contentio
2405 486 2525 538 tua?
2553 486 2597 540 si
2632 500 2739 542 non
2779 490 3069 545 restitisset
3109 502 3162 547 et
3203 507 3557 563 repugnasct

274 573 425 640 gula,
471 585 631 637 quam
661 578 818 623 vocat
845 568 913 624 de
947 569 1176 624 Domino
1207 579 1261 624 et
1286 571 1402 640 ejus
1431 585 1678 637 corpore;
1727 571 1864 640 vigi-

274 664 497 718 landum
528 671 612 717 est
657 670 716 716 ut
759 661 1104 731 intelligatur,
1153 675 1275 718 cum
1311 662 1380 718 de
1427 677 1531 717 una
1570 663 1866 731 eademque

275 771 506 826 persona
521 755 798 824 Scriptura
818 755 1076 824 loquitur,
1091 755 1216 823 quid
1237 756 1521 811 conveniat
1535 755 1718 824 capiti,
1737 756 1863 824 quid

271 847 512 916 corpori,
546 846 624 899 sic
675 853 730 899 et
762 846 816 898 in
846 847 946 898 ista
991 844 1279 898 novissima
1319 843 1606 914 aliquando
1655 843 1708 898 in
1751 843 1866 896 dia-

273 936 460 990 bolum
491 935 710 1000 dicitur,
753 935 895 1004 quod
929 949 1034 988 non
1078 935 1130 988 in
1167 936 1307 1004 ipso,
1341 934 1436 990 sed
1461 936 1638 1002 potius
1667 935 1719 988 in
1748 934 1864 1004 ejus

271 1043 505 1096 corpore
560 1030 730 1095 possit
767 1028 1020 1097 agnosci;
1069 1027 1210 1097 quod
1261 1027 1422 1082 habet
1451 1041 1559 1081 non
1587 1027 1762 1082 solum
1813 1028 1865 1082 in

271 1123 355 1178 eis
383 1123 472 1191 qui
506 1121 945 1176 maniiestissime
993 1122 1124 1176 loris
1162 1132 1320 1186 sunt,
1369 1121 1464 1176 scd
1499 1121 1552 1175 in
1583 1121 1663 1176 eis
1705 1121 1865 1174 etiam

272 1217 366 1283 qui
420 1231 543 1269 cum
598 1215 664 1268 ad
716 1215 890 1284 ipsum
938 1215 1261 1284 pertineant,
1316 1224 1494 1268 tamen
1543 1214 1610 1268 ad
1657 1222 1868 1282 tempus

274 1309 575 1363 miscentur
603 1307 882 1372 Ecclesiae,
916 1306 1090 1360 donec
1121 1307 1490 1376 unusquisque
1523 1306 1591 1360 de
1632 1306 1733 1360 hac
1761 1308 1866 1362 vita

272 1408 458 1465 exeat,
506 1398 586 1452 vel
619 1413 648 1451 a
680 1398 947 1453 frumento
989 1397 1136 1464 palea
1167 1396 1464 1452 ventilabro
1489 1397 1677 1452 ultimo
1712 1412 1869 1467 sepa-

272 1497 448 1542 retur.
499 1488 653 1556 Quod
695 1488 842 1543 enim
875 1489 1136 1556 scriptum
1167 1495 1252 1543 est
1272 1489 1410 1556 apud
1453 1487 1644 1543 Isaiam
1672 1528 1687 1553 ,
1721 1490 1869 1556 Quo-

272 1576 438 1632 modo
483 1577 680 1632 cecidit
723 1577 788 1631 de
829 1577 968 1632 caelo
1007 1577 1240 1640 Lucifer,
1285 1592 1443 1632 mane
1489 1578 1701 1633 oriens?
1734 1588 1864 1645 etc.,

271 1683 395 1737 quae
423 1669 525 1724 sub
553 1667 721 1737 ﬁgura
749 1668 891 1738 regis
934 1668 1244 1739 Babyloniae
1274 1669 1342 1725 de
1381 1670 1571 1724 eadem
1611 1685 1864 1739 persona,

273 1757 366 1811 vel
397 1757 466 1811 ad
495 1757 741 1814 eamdem
789 1771 1072 1824 personam
1105 1758 1245 1812 dicta
1277 1767 1441 1825 sunt,
1483 1758 1535 1812 in
1578 1760 1694 1829 ipsa
1736 1775 1864 1815 con-

1971 572 2139 639 ipsius
2175 576 2480 639 contentio;
2515 576 2676 631 etiam
2725 577 2816 632 illo
2865 580 2985 634 loco
3026 580 3557 641 describitur:Caro

1968 663 2301 732 concupiscit
2330 666 2586 722 adversus
2614 668 2883 738 spiritum,
2916 672 3139 739 spiritus
3161 674 3420 731 adversus
3440 692 3560 732 car-

1970 766 2128 817 nem;
2164 753 2278 808 hac
2308 756 2449 809 enim
2483 757 2711 812 invicem
2756 759 2856 814 sibi
2905 762 3182 829 resistunt,
3215 772 3274 818 ut
3303 781 3407 820 non
3439 781 3560 835 qua:

1968 843 2132 898 vultis
2162 844 2388 899 faciatis.
2441 847 2525 902 Fit
2565 863 2694 918 ergo
2721 864 2817 918 per
2845 853 3319 910 sanctilicationem
3345 857 3559 927 perfec-

1970 943 2100 999 tam,
2136 944 2194 989 ut
2229 937 2406 991 omnis
2449 939 2678 994 carnalis
2716 942 2983 1010 appetitus
3026 945 3231 1014 spiritui
3265 957 3450 1002 nostro
3494 950 3559 1003 il-

1970 1025 2228 1080 luminato
2258 1035 2312 1082 et
2341 1028 2632 1097 vivilicato,
2668 1030 2718 1084 id
2751 1042 2835 1086 est
2859 1033 3016 1088 bonae
3049 1037 3360 1109 voluntatis,
3393 1041 3561 1110 subji-

1970 1110 2164 1164 ciatur.
2207 1111 2274 1164 Et
2311 1112 2448 1165 sicut
2498 1114 2741 1170 videmus
2773 1118 2952 1171 multis
2985 1121 3281 1185 puerilibus
3319 1123 3560 1181 delecta-

1972 1199 2206 1254 tionibus
2231 1215 2327 1253 nos
2347 1215 2556 1269 carere,
2579 1219 2698 1273 quae
2719 1220 2817 1259 nos
2843 1221 3058 1273 pueros,
3075 1208 3119 1263 si
3140 1206 3557 1279 denegarentur,

1970 1292 2234 1347 acerrime
2283 1294 2620 1358 cruciabant,
2681 1295 2750 1350 ita
2803 1299 3134 1355 credendum
3182 1311 3270 1356 est
3316 1303 3384 1358 de
3411 1308 3558 1360 omni

1970 1383 2170 1439 carnali
2202 1384 2558 1442 delectatione
2582 1388 2814 1444 futurum
2847 1407 2990 1458 esse,
3023 1409 3143 1449 cunt
3172 1394 3405 1464 perfecta
3438 1413 3560 1451 sun-

1970 1476 2129 1532 ctitas
2187 1485 2357 1531 totum
2417 1477 2689 1536 hominem
2758 1485 3112 1552 reparaverit.
3170 1486 3324 1543 Nunc
3378 1500 3558 1545 autem

1970 1566 2206 1636 quandiu
2236 1578 2320 1624 est
2358 1571 2410 1624 in
2452 1571 2606 1626 nobis
2635 1574 2776 1642 quod
2808 1575 3024 1631 resistat
3070 1577 3226 1633 bona;
3268 1581 3554 1647 voluntati,

1971 1660 2171 1714 auxilio
2202 1660 2297 1716 Dei
2339 1676 2435 1731 per
2465 1663 2638 1720 bonos
2675 1665 2920 1723 homines
2948 1678 2999 1725 et
3032 1671 3199 1728 bonos
3225 1675 3447 1744 angelos
3477 1677 3556 1731 in-

1969 1751 2251 1821 digemus;
2284 1763 2340 1810 ut
2370 1755 2543 1811 donec
2571 1767 2792 1814 sanetur
2823 1760 3018 1817 vulnus
3051 1773 3312 1832 nostrum,
3343 1782 3450 1823 non
3482 1769 3556 1824 ita

273 1850 518 1906 textione
559 1851 826 1903 sermonis
869 1849 936 1904 de
965 1849 1181 1904 diabolo
1216 1851 1399 1919 utique
1440 1851 1818 1921 intelliguntur
1849 1871 1863 1908 :
1896 1857 1943 1917 B
1973 1844 2242 1912 ηιοιθβιεῐ.
2271 1854 2330 1900 ιιι
2361 1850 2586 1916 Perimat
2605 1850 2769 1906 ctiam
2797 1852 2991 1908 bonam
3022 1857 3351 1915 voluntatem
3377 1879 3390 1913 :
3421 1861 3557 1918 hanc

273 1950 330 1995 ct
358 1949 542 1994 tamen
570 1940 711 2010 quod
741 1939 812 1995 ibi
841 1940 1043 1994 dictum
1069 1948 1174 2007 est,
1219 1939 1496 1996 Contritus
1522 1952 1608 1997 est
1640 1943 1690 1997 in
1725 1954 1865 1998 terra

273 2029 368 2100 qui
392 2028 560 2084 mittit
578 2029 646 2083 ad
667 2043 856 2084 omnes
873 2040 1083 2098 gentes,
1116 2045 1224 2084 non
1244 2039 1413 2086 totum
1436 2030 1538 2100 ipsi
1555 2033 1716 2101 capiti
1738 2049 1868 2089 con-

272 2125 441 2193 gruit.
459 2122 592 2176 Nam
604 2122 703 2175 etsi
717 2121 956 2176 mittitad
975 2136 1164 2176 omnes
1183 2129 1374 2191 gentes
1387 2122 1632 2178 diabolus
1649 2125 1867 2194 angelos

284 2229 435 2277 suos,
467 2223 642 2266 tamen
671 2211 726 2266 in
751 2221 893 2267 terra
915 2227 1110 2282 corpus
1132 2214 1271 2282 ejus,
1291 2229 1397 2268 non
1415 2214 1528 2284 ipse
1548 2218 1864 2280 conteritur;

276 2309 378 2362 nisi
401 2308 522 2376 quia
554 2307 669 2375 ipse
695 2315 777 2361 est
815 2307 867 2360 in
903 2320 1132 2375 corpore
1156 2320 1288 2372 suo,
1317 2306 1459 2376 quod
1489 2306 1781 2362 contritum
1807 2308 1867 2362 lit

274 2394 379 2467 [ut]
412 2397 584 2466 pulvis
629 2411 786 2466 quem
829 2395 1040 2465 projicit
1079 2407 1272 2451 ventus
1298 2412 1327 2451 a
1357 2395 1495 2454 facie
1539 2405 1717 2452 terrm.
1772 2399 1865 2452 liae

269 2496 453 2541 autem
505 2501 694 2542 omnes
733 2486 954 2555 regulae,
994 2495 1218 2555 excepta
1264 2499 1367 2539 una
1394 2501 1515 2554 qua:
1544 2498 1766 2541 vocatur
1793 2488 1864 2544 de

270 2577 565 2633 Promissis
594 2587 651 2633 et
692 2578 854 2648 Lege,
897 2577 1041 2632 aliud
1082 2592 1147 2634 ex
1202 2578 1308 2632 alio
1355 2577 1556 2634 faciunt
1612 2578 1861 2647 intelligi,

270 2671 416 2737 quod
463 2679 547 2725 est
595 2670 872 2739 proprium
917 2670 1131 2738 tropica:
1173 2669 1483 2734 locutionis,
1529 2684 1651 2737 quae
1700 2669 1862 2725 latius

269 2769 418 2827 patet
439 2773 600 2828 quam
634 2768 690 2812 ut
720 2759 907 2828 possit,
941 2767 996 2813 ut
1024 2759 1152 2813 mihi
1178 2758 1410 2824 videtur,
1441 2758 1508 2811 ab
1538 2758 1716 2828 aliquo
1745 2759 1865 2814 uni-

268 2861 428 2902 versa
465 2848 877 2916 comprehendi.
922 2848 1054 2902 Nam
1087 2848 1394 2918 ubicunque
1423 2848 1574 2902 velut
1603 2847 1751 2902 aliud
1780 2846 1865 2901 di-

267 2943 413 2996 citur
440 2952 497 2994 ut
527 2941 670 2995 aliud
709 2941 1070 3010 intelligatur,
1101 2947 1158 2994 et
1181 2940 1226 2994 si
1271 2955 1466 2996 nomen
1510 2940 1679 3009 ipsius
1720 2940 1859 3008 tropi

268 3032 324 3086 in
359 3032 606 3101 loquendi
637 3041 754 3085 arte
795 3046 900 3084 non
935 3030 1237 3098 invenitur,
1288 3030 1494 3100 tropica
1525 3029 1730 3084 locutio
1756 3038 1858 3084 est.

269 3123 406 3190 Quae
446 3137 566 3176 cum
597 3121 657 3175 iit
685 3122 770 3175 ubi
805 3121 919 3176 ﬁeri
949 3122 1106 3188 solet,
1159 3121 1276 3177 sine
1302 3121 1488 3176 labore
1510 3122 1752 3190 sequitur
1782 3121 1862 3176 in-

1971 1942 2151 1988 autem
2198 1943 2432 1992 mortem
2479 1950 2699 2007 peccato
2744 1944 3076 2011 meruimus,
3107 1951 3248 2014 quoii
3281 1965 3556 2019 peccatum

1971 2033 2089 2078 erat
2113 2026 2426 2080 omnimodo
2471 2028 2526 2081 in
2562 2028 2732 2084 libero
2777 2032 3025 2096 arbitrio,
3050 2049 3170 2089 cum
3216 2038 3270 2092 in
3311 2042 3556 2108 parad'so

1971 2114 2149 2167 nullus
2190 2113 2349 2170 dolor
2377 2116 2656 2186 denegatas
2698 2120 3067 2180 delectationis
3098 2127 3357 2184 voluntati
3403 2131 3559 2187 bonzn

1970 2201 2202 2259 hominis
2231 2205 2552 2261 resistebat:
2575 2211 2731 2266 sicuti
2757 2227 2917 2279 nunc,
2939 2215 3087 2269 verbi
3113 2220 3304 2286 gratia,
3330 2221 3377 2275 si
3409 2225 3557 2292 quis-

1967 2308 2125 2362 quam
2179 2297 2378 2354 existat
2424 2314 2580 2368 quem
2645 2317 2914 2370 nunquam
2988 2307 3202 2361 venatio
3250 2310 3556 2378 delectavit,

1967 2385 2279 2439 omnimodo
2309 2387 2444 2440 liber
2472 2400 2552 2441 est
2583 2403 2760 2445 utrum
2803 2395 2985 2448 venari
3015 2397 3143 2451 velit
3171 2414 3239 2452 an
3271 2401 3423 2468 nolit,
3458 2417 3556 2456 nec

1965 2486 2086 2526 eum
2132 2476 2338 2529 cruciat
2371 2475 2617 2546 quisquis
2647 2479 2748 2535 hoc
2789 2481 3070 2551 prohibet;
3103 2496 3155 2540 at
3183 2488 3227 2540 si
3262 2489 3357 2542 ista
3388 2490 3552 2544 liber-

1967 2570 2074 2618 tate
2101 2566 2240 2618 male
2271 2582 2401 2621 usus
2430 2578 2655 2624 venatus
2683 2571 2840 2626 luerit
2865 2584 3056 2628 contra
3086 2578 3419 2646 prohibentis
3445 2583 3543 2636 im-

1964 2653 2216 2722 perium,
2273 2658 2524 2725 paulatim
2575 2661 2874 2731 subrepens
2921 2665 3206 2723 delectatio
3262 2672 3552 2728 mortiﬁcat

1966 2746 2223 2813 animam,
2272 2757 2328 2802 ut
2373 2749 2418 2804 si
2466 2764 2525 2805 se
2571 2751 2841 2810 abStinere
2887 2755 3039 2823 velit,
3070 2759 3190 2814 sine
3221 2761 3467 2818 molestia
3493 2776 3551 2820 et

1963 2849 2165 2906 angore
2212 2854 2318 2893 non
2364 2840 2562 2909 possit,
2595 2857 2715 2898 cum
2761 2843 2812 2898 id
2857 2853 2983 2901 ante
3019 2856 3130 2903 tota
3173 2850 3402 2908 sanitate
3441 2870 3548 2909 non

1962 2939 2166 2997 ageret.
2204 2929 2344 3000 Ergo
2371 2931 2588 2987 aculeus
2615 2934 2804 2990 mortis
2827 2947 3104 3005 peccatum
3136 2953 3239 3009 est,
3268 2945 3391 3013 quia
3419 2959 3549 3015 pec-

1962 3030 2085 3074 cato
2134 3021 2274 3076 facta
2315 3032 2400 3078 est
2439 3025 2754 3094 delectatio,
2789 3044 2907 3096 qua:
2941 3031 3053 3098 jam
3095 3035 3264 3102 possit
3296 3039 3550 3094 resistere

1963 3111 2225 3166 volu'utati
2255 3122 2309 3168 et
2334 3129 2455 3170 cum
2499 3116 2686 3172 dolore
2728 3120 2993 3177 cohiberi.
3037 3123 3207 3190 Quam
3237 3125 3548 3183 delectatio-

269 3215 534 3276 tellectus;
563 3226 682 3265 cum
710 3226 839 3265 vero
861 3211 950 3264 ubi
980 3226 1084 3265 non
1106 3210 1264 3276 solet,
1313 3210 1590 3265 laboratur
1616 3219 1676 3264 ut
1698 3210 1860 3265 intel—
1892 3220 1939 3284 ο
1974 3218 2094 3258 nem
2141 3207 2265 3274 quia
2317 3206 2373 3261 in
2419 3206 2631 3263 defectu
2658 3220 2740 3264 est
2784 3212 2977 3267 animae
3013 3212 3296 3277 deterioris
3323 3218 3548 3287 eﬂcctze,

269 3304 464 3372 ligatur
491 3301 686 3356 abaliis
712 3301 897 3370 magis,
928 3301 996 3356 ab
1016 3301 1138 3356 aliis
1162 3302 1370 3364 minus,
1395 3301 1535 3354 sicut
1567 3300 1738 3370 magis
1764 3301 1862 3355 mi-

268 3410 446 3449 nusve
461 3394 598 3448 dona
619 3394 709 3446 Dei
743 3401 866 3446 sunt
887 3395 937 3445 in
964 3393 1190 3461 ingeniis
1204 3392 1478 3447 hominum
1492 3391 1574 3445 vel
1593 3391 1859 3460 adjutoria

270 3482 854 3550 tribuuntur.Proinde,
875 3483 1009 3536 sicut
1024 3483 1189 3554 58in
1205 3482 1383 3537 verbis
1397 3480 1646 3550 propriis,
1665 3482 1731 3536 de
1744 3482 1862 3550 qui-

268 3573 373 3629 bus
398 3575 641 3645 superius
669 3573 1077 3641 disputavimus,
1094 3573 1184 3627 ubi
1206 3587 1292 3627 res
1318 3572 1642 3627 utdicuntur
1663 3571 1862 3626 intelli-

267 3667 463 3738 genda:
481 3678 635 3730 sunt;
656 3667 734 3719 sic
749 3665 800 3718 in
821 3665 1090 3719 translatis
1106 3664 1438 3736 putrefaciunt
1453 3664 1682 3734 tropicas
1704 3665 1858 3717 locu-

268 3759 470 3824 tiones,
494 3757 584 3810 ubi
610 3756 754 3810 aliud
774 3771 839 3810 ex
865 3755 970 3808 alio
1007 3754 1411 3824 intelligendum
1441 3763 1544 3819 est,
1572 3751 1641 3808 de
1666 3753 1857 3822 quibus

267 3849 554 3916 hucusque
581 3858 836 3917 quantum
869 3847 1041 3900 visum
1073 3854 1157 3901 est
1184 3848 1316 3899 satis
1359 3845 1589 3912 egimus,
1631 3857 1738 3895 non
1765 3856 1856 3896 so.

268 3942 382 3994 lum
413 3937 736 3993 admonendi
775 3947 901 3991 sunt
936 3936 1158 3991 studiosi
1204 3933 1589 3990 venerabilium
1646 3931 1852 3985 littera-

265 4047 415 4094 rum,
460 4041 520 4084 ut
576 4034 627 4083 in
675 4029 967 4098 Scripturis
1023 4027 1226 4081 sanctis
1274 4041 1469 4095 genera
1526 4023 1852 4078 locutionum

263 4126 463 4186 sciant,
496 4131 550 4175 et
586 4120 857 4189 quomodo
886 4119 1027 4188 apud
1055 4134 1149 4174 eas
1193 4117 1298 4172 dici
1340 4114 1539 4184 aliquid
1569 4113 1740 4168 soleat
1775 4112 1854 4165 vi-

263 4215 505 4284 gilanter
539 4213 825 4266 advertant
862 4209 1283 4278 memoriterque
1329 4208 1634 4269 retineant;
1668 4220 1852 4258 verum

261 4305 433 4358 etiam
465 4301 606 4370 quod
647 4311 732 4354 est
761 4300 1091 4368 prmeipuum
1122 4306 1174 4352 et
1201 4298 1436 4351 maxime
1466 4293 1850 4361 necessarium,

263 4406 426 4446 orent
475 4401 533 4446 ut
569 4392 873 4459 intelligant
904 4408 916 4443 :
951 4391 1002 4444 in
1045 4391 1125 4445 eis
1153 4390 1352 4459 quippe
1381 4388 1574 4454 litteris
1625 4400 1851 4456 quarum

263 4482 496 4536 studiosi
541 4491 664 4534 sunt
705 4480 887 4548 legunt
926 4481 1179 4548 quoniam
1214 4478 1468 4532 Dominus
1513 4477 1605 4530 dat
1641 4476 1852 4545 sapien-

1961 3295 2087 3365 jure
2101 3307 2324 3354 mortem
2339 3310 2494 3356 vocat
2513 3299 2832 3374 {vocamus}.
2844 3305 3023 3360 Virtus
3039 3315 3218 3363 autem
3243 3313 3444 3378 peceati
3463 3314 3547 3366 lex

1969 3395 2072 3452 est,
2101 3388 2225 3457 quia
2255 3389 2426 3444 multo
2444 3390 2758 3448 sceleratius
2781 3401 2835 3448 et
2852 3393 3168 3463 ﬂagitiosius
3186 3412 3305 3466 qua:
3321 3398 3401 3453 lex
3428 3415 3549 3468 pro-

1966 3477 2116 3533 hibet
2128 3482 2560 3550 committuntur,
2577 3500 2736 3554 quam
2750 3486 2795 3540 si
2810 3487 2952 3540 nulla
2965 3488 3083 3557 lege
3106 3492 3540 3558 prohiberentur.

1964 3565 2118 3625 Tunc
2149 3571 2330 3642 itaque
2361 3575 2614 3644 absorpta
2643 3577 2744 3631 erit
2775 3593 2923 3632 mors
2954 3579 3006 3633 in
3033 3581 3278 3646 victoria,
3304 3598 3424 3638 cum
3455 3601 3550 3654 per

1962 3662 2443 3719 sanctificationem
2483 3667 2536 3719 in
2564 3668 2709 3722 omni
2742 3667 2974 3723 hominis
3002 3673 3416 3740 parte,periecta
3445 3677 3541 3730 de-

1964 3750 2247 3807 lectatione
2264 3753 2619 3822 spiritualium
2642 3756 2930 3811 delectatio
2950 3760 3183 3816 carnalis
3205 3765 3539 3820 observetur.

2430 3843 2656 3899 CAPUT
2695 3844 3062 3903 CCLXXXIll.

1960 3931 2038 3986 De
2061 3934 2409 4015 quadraginta
2449 3953 2540 4015 sea:
2565 3940 2712 4015 annis
2742 3941 3099 4015 adi/icalionis
3127 3947 3324 4015 templi,
3352 3963 3416 4002 ea:
3450 3947 3544 4003 lto-

2172 4005 2314 4059 milia
2348 4007 2412 4062 10
2443 4005 2709 4076 Evangelii
2737 4005 3020 4063 secundum
3050 4005 3324 4070 Joannem.

2032 4094 2290 4150 Dixerunt
2335 4097 2411 4150 illi
2452 4097 2622 4152 ιιιᾶωί
2649 4115 2661 4150 :
2687 4101 2837 4164 Quod
2867 4103 3077 4169 signum
3119 4105 3361 4160 ostendis
3389 4107 3543 4162 nobis

1957 4184 2078 4253 quia
2128 4184 2241 4239 haec
2264 4183 2433 4239 facis?
2462 4195 2517 4240 et
2547 4186 2839 4242 Dominus:
2867 4188 3068 4245 Solvite
3108 4192 3363 4262 templum
3415 4197 3536 4258 hoc.

1957 4283 2012 4330 et
2046 4277 2212 4329 tribus
2238 4275 2427 4331 diebus
2465 4276 2712 4333 excitabo
2755 4279 2903 4334 illud.
2953 4282 3103 4347 Quod
3145 4296 3536 4340 sacramentum

1955 4365 2124 4421 Judzri
2169 4384 2272 4422 non
2314 4369 2705 4440 intelligente's,
2735 4371 2984 4427 dixerunt
3009 4392 3020 4427 :
3045 4373 3404 4444 Quadraginta
3444 4390 3537 4428 sex

1957 4458 2111 4511 annis
2137 4458 2458 4513 aedificatum
2489 4468 2573 4514 est
2598 4462 2854 4529 templum
2883 4462 3005 4526 hoc,
3025 4475 3076 4518 et
3107 4472 3161 4518 tu
3180 4464 3331 4528 dicis,
3347 4465 3540 4519 Tribus

262 4572 420 4635 tiam,
455 4580 511 4624 ει
547 4586 575 4624 a
604 4570 739 4623 facie
771 4569 888 4637 eius
918 4569 1140 4623 εείεηιίη
1173 4577 1226 4622 ει
1255 4568 1581 4630 intellectus,
1610 4581 1639 4620 τι
1670 4580 1777 4634 quo
1797 4575 1851 4619 ει
1881 4577 1933 4636 D
1957 4551 2144 4605 diebus
2186 4552 2434 4606 excitabo
2475 4552 2640 4607 illud?
2664 4554 2804 4609 Sane
2837 4569 2942 4609 non
2983 4555 3285 4611 Salomonis
3319 4557 3531 4610 fabricat

261 4663 441 4734 ipsum
473 4661 732 4727 studium,
765 4665 810 4715 si
841 4660 1037 4729 pietate
1067 4658 1350 4728 prmditum
1377 4666 1480 4724 est,
1505 4665 1848 4724 acceperunt.

746 4774 973 4829 CAPUT
1011 4772 1363 4828 CCLXXXII.

263 4872 342 4926 De
367 4885 427 4924 eo
447 4867 583 4939 quod
603 4867 676 4920 ait
694 4865 1266 5000 ApostolunA‘blsorpia
1287 4873 1360 4918 est
1383 4879 1517 4919 mors
1540 4865 1591 4917 in
1609 4864 1852 4930 victoria;

855 4953 918 4989 ea:
967 4955 978 4986 ι
1021 4976 1033 4988 .
1110 4951 1210 4988 uws
1241 4974 1255 4988 .

855 4953 918 4989 ea:
945 4951 1033 4989 ιιυ.
1060 4951 1255 4989 υιιωδι.

331 5029 513 5098 Quaeri
543 5028 682 5082 solet
709 5025 834 5096 quid
865 5027 958 5094 sit,
983 5026 1134 5080 Tunc
1157 5023 1250 5078 (iet
1275 5023 1402 5078 illud
1428 5024 1567 5094 quod
1593 5025 1849 5095 scriptum

256 5132 366 5186 est,
411 5120 671 5188 Absorpta
703 5127 786 5172 est
825 5132 971 5172 mors
1021 5117 1071 5170 in
1103 5115 1352 5183 victoria,
1400 5115 1487 5169 ubi
1535 5124 1638 5178 est,
1682 5130 1848 5182 mors,

254 5213 538 5268 contentio
569 5212 693 5265 tua?
726 5211 811 5264 ubi
843 5220 947 5275 est,
982 5222 1150 5273 mors,
1184 5208 1401 5262 aculeus
1431 5209 1587 5262 tuus?
1619 5209 1852 5265 Acult-us

254 5317 442 5362 autem
491 5305 678 5360 mortis
721 5313 1031 5372 peccatum,
1061 5302 1232 5356 virtus
1261 5311 1439 5355 autem
1479 5301 1685 5370 peccati
1729 5301 1848 5357 lex:

258 5411 441 5456 morte
481 5397 772 5468 signiﬁcari
806 5396 1040 5449 arbitror
1081 5395 1180 5448 hoc
1232 5395 1349 5447 loco
1394 5393 1666 5447 carnalem
1715 5408 1847 5446 con-

257 5492 627 5552 suetudinem,
648 5504 768 5559 qua:
789 5489 991 5542 resistit
1009 5488 1163 5540 boiia:
1187 5485 1470 5548 voluntati,
1495 5485 1852 5540 delectatione

259 5581 640 5648 temporalium
679 5577 1046 5633 lruendornm.
1087 5576 1200 5632 Non
1244 5576 1389 5632 enim
1421 5575 1849 5631 diceretur:Ubi

337 5683 362 5710 ι
399 5673 474 5727 De
503 5673 605 5724 hoc
632 5679 936 5736 commento
964 5669 1084 5724 vide
1104 5669 1428 5739 Cyprianum
1459 5667 1512 5721 in
1539 5667 1724 5739 libello
1752 5667 1850 5739 ad:

265 5759 453 5796 versus
489 5742 719 5806 ludreos,
760 5755 821 5794 ac
846 5737 1221 5808 castigationes
1244 5755 1296 5792 v.
1339 5753 1390 5793 c.
1432 5737 1609 5792 Desid.
1639 5737 1846 5791 Erasmi

264 5818 317 5868 in
358 5825 661 5882 utrumque,
713 5813 1064 5880 Augustinum
1118 5811 1321 5864 scilicet
1373 5819 1426 5864 et
1478 5808 1845 5879 Cyprianum;

1958 4659 2179 4699 emensa
2209 4655 2449 4713 tempora
2479 4643 2646 4700 Judaei
2683 4646 2954 4712 dixerunt,
2989 4648 3084 4701 sed
3114 4647 3319 4715 Esdrae,
3351 4649 3437 4701 cui
3470 4665 3536 4703 ne

1960 4737 2309 4804 perﬁceretur
2363 4751 2392 4787 a
2433 4734 2621 4789 vicinis
2671 4734 2919 4805 gentibus
2961 4735 3135 4791 fuerat
3173 4739 3538 4809 interdictum.

1956 4825 2093 4878 Caro
2124 4831 2296 4887 erant,
2329 4824 2563 4878 carnalia
2589 4825 2888 4894 sapiebant,
2914 4826 3003 4880 ille
3030 4826 3347 4895 loquebatur
3375 4830 3535 4897 spiri-

1958 4914 2156 4968 taliter.
2187 4914 2319 4981 Quis
2349 4924 2527 4969 autem
2559 4924 2741 4985 posset
2769 4916 3065 4986 intelligere
3093 4916 3162 4972 de
3188 4933 3294 4987 quo
3335 4921 3538 4989 templo

1957 5005 2162 5061 dicebat
2180 5023 2194 5059 :
2210 5007 2303 5062 sed
2329 5022 2432 5062 non
2457 5007 2680 5061 multum
2703 5007 3013 5076 quaerimus,
3039 5024 3135 5078 per
3154 5011 3531 5079 evangelistam

1961 5095 2116 5152 nobis
2145 5100 2383 5167 aperuit,
2417 5099 2554 5153 dixit
2581 5098 2649 5153 de
2677 5114 2782 5168 quo
2823 5100 3023 5168 templo
3065 5102 3267 5155 diceret
3293 5119 3305 5152 :
3334 5100 3536 5155 Solvite

1962 5188 2216 5256 templum
2258 5190 2383 5254 hoc,
2429 5199 2482 5244 et
2523 5189 2692 5244 tribus
2721 5189 2912 5244 diebus
2941 5190 3186 5244 excitabo
3216 5189 3364 5242 illud.
3395 5188 3536 5253 Qua-

1960 5280 2198 5348 draginta
2225 5295 2316 5334 sex
2340 5281 2494 5334 annis
2521 5279 2840 5334 aedificatum
2869 5290 2948 5334 est
2974 5279 3247 5346 templum,
3275 5285 3329 5330 et
3356 5278 3532 5330 triduo

1959 5373 2240 5428 suscitabis
2289 5372 2458 5427 illud?
2485 5372 2705 5428 Dicebat
2734 5383 2931 5437 autem,
2963 5372 3039 5425 ait
3078 5370 3422 5437 evangelista,
3465 5373 3534 5425 de

1960 5464 2158 5531 templo
2184 5463 2426 5532 corporis
2449 5465 2551 5529 sui,
2587 5474 2640 5518 et
2683 5462 3019 5517 manifestum
3049 5469 3131 5514 est
3160 5459 3394 5513 occisum
3429 5458 3535 5513 Do-

1957 5558 2158 5612 minum
2207 5565 2326 5625 post
2360 5555 2592 5610 triduum
2623 5553 3043 5610 resurrexisse.ll
3088 5549 3225 5616 Quid
3266 5563 3396 5618 ergo
3422 5549 3528 5604 sibi

1957 5667 2301 5722 Roterodami
2330 5685 2343 5721 :
2371 5676 2626 5735 prieterea
2654 5662 2960 5718 Cornelium
3001 5662 3287 5731 Agrippam
3319 5661 3387 5717 de
3421 5661 3527 5716 Ex-

1953 5739 2199 5793 cellentia
2231 5753 2390 5793 sexus
2413 5736 2650 5791 feminei.
