3986 6190
378 415 484 476 975

384 533 490 598 iuit
523 538 774 585 numerus
804 511 1252 599 quadragenarius
1283 501 1561 563 senarius?
1594 497 1807 552 Interim
1838 494 1951 562 ipse

387 627 547 690 Mam
589 620 709 691 quia
745 592 840 687 per
883 619 1051 666 totum
1099 604 1282 659 orbein
1330 610 1593 653 terrarum
1623 602 1705 648 est
1733 592 1956 646 audistis

382 687 485 794 iam
526 687 778 771 hesterno
812 707 900 762 die
941 704 993 757 in
1023 705 1253 770 quatuor
1284 692 1476 747 litteris
1503 687 1705 745 Gra'eis
1731 695 1960 754 quatuor

378 814 665 869 verborum
714 804 1045 860 Graecorum.
1096 794 1152 847 Si
1199 789 1342 845 enim
1389 787 1491 841 ista
1536 783 1698 838 verba
1734 790 1963 851 quatuor

380 902 588 959 scribas
626 892 983 955 subinvicem,
1016 885 1069 940 id
1110 891 1194 938 est
1222 880 1436 936 nomina
1477 886 1703 946 quatuor
1732 871 1958 940 partium

381 991 591 1056 mundi,
634 984 879 1045 orientis,
915 974 1231 1037 occidentis,
1286 967 1550 1038 aquilonis
1579 975 1629 1020 et
1661 961 1962 1023 meridiani,

328 1099 334 1105 ‘
386 1082 533 1157 quod
563 1088 643 1136 est
670 1084 810 1132 totus
833 1071 1003 1136 orbis,
1033 1067 1174 1123 unde
1201 1063 1327 1119 dicit
1358 1059 1635 1121 Dominus,
1680 1069 1709 1108 a
1737 1060 1966 1122 quatuor

387 1176 565 1233 ventis
605 1172 952 1226 collecturum
992 1177 1049 1215 se
1092 1160 1291 1214 electos
1331 1167 1477 1215 suos,
1513 1164 1635 1204 cum
1667 1145 1875 1199 veneth
1903 1141 1968 1195 ad

387 1269 640 1342 indicium
668 1281 683 1317 :
708 1264 750 1316 si
783 1273 911 1326 ergo
952 1254 1115 1309 facias
1141 1251 1238 1305 ista
1279 1256 1506 1316 quatuor
1542 1239 1754 1295 nomina
1787 1235 1970 1289 Grmca

389 1360 619 1421 ἀνατολὴ,
652 1351 792 1424 quod
823 1358 904 1404 est
931 1345 1130 1407 oriens,
1171 1339 1351 1402 δύσις,
1394 1333 1535 1402 quod
1578 1340 1659 1384 est
1699 1326 1970 1387 orcidens,

391 1453 594 1529 ἄρκτος,
620 1421 871 1517 quodest
898 1433 1210 1506 septentrio,
1235 1428 1553 1503 μεσημϐρία,
1579 1421 1719 1492 quod
1749 1426 1832 1474 est
1859 1431 1970 1471 me-

424 1509 435 1529 ,
556 1509 592 1514 -.
640 1509 652 1517 .

393 1544 555 1599 ridies
588 1558 601 1591 ε
635 1534 899 1595 Ἀνατο).ή,
948 1528 1121 1592 δύσις,
1170 1522 1383 1596 ἄρκτος,
1429 1515 1747 1590 μεσημίῗρία,
1802 1509 1973 1577 capita

394 1636 702 1695 verborum,
744 1628 915 1684 ‘Adam
947 1623 1165 1678 habent.
1193 1613 1475 1686 Quomodo
1512 1626 1640 1679 ergo
1670 1608 1742 1663 ibi
1774 1606 1977 1660 inveni-

397 1744 516 1786 mus
527 1716 1069 1794 etquadrageuarium
1087 1711 1360 1769 senarium
1383 1700 1700 1761 numerum?
1717 1699 1836 1768 quia
1851 1710 1976 1750 caro

399 1818 596 1878 Christi
614 1793 684 1871 de
706 1814 874 1869 Adam
902 1817 1037 1862 erat.
1069 1806 1149 1859 Ad
1169 1803 1374 1856 litteras
1396 1809 1649 1851 numeros
1670 1793 1979 1857 computant

402 1914 596 1980 Graeci,
631 1907 772 1981 quod
821 1918 920 1960 nos
949 1900 1171 1954 facimus
1201 1910 1232 1946 a
1271 1893 1525 1951 litteram,
1559 1883 1636 1937 illi
1678 1881 1854 1949 lingua
1887 1890 1981 1929 sua

404 1972 605 2078 ponunt
629 1972 778 2073 ἀλφα,
812 2004 864 2050 et
889 1999 1111 2047 vocatur
1140 2009 1173 2040 α
1202 1997 1385 2038 unum.
1432 1976 1535 2033 Ubi
1568 1983 1743 2027 autem
1788 1972 1836 2024 in
1882 1983 1983 2021 nu-

407 2059 568 2153 ineris
590 2059 830 2147 scribunt
856 2085 975 2138 beta
1000 2083 1054 2151 β,
1079 2076 1219 2147 quod
1241 2082 1323 2128 est
1346 2072 1646 2139 bipsorum,
1683 2069 1903 2117 vocatur
1932 2059 1984 2111 in

410 2185 645 2245 numeris
672 2180 801 2236 duo.
828 2174 929 2232 Ubi
975 2170 1210 2226 scribunt
1238 2177 1450 2236 gamma
1473 2183 1528 2233 γ,
1561 2163 1782 2211 vocatur
1810 2151 1860 2205 in
1892 2165 1988 2204 nu-

412 2282 572 2339 meris
615 2279 854 2347 ipsorum
899 2269 1024 2323 tria.
1070 2263 1168 2318 Ubi
1227 2257 1466 2314 scribunt
1494 2251 1635 2306 delt-.1
1673 2246 1721 2312 δ,
1771 2250 1991 2298 vocatur

415 2378 465 2430 in
487 2356 729 2428 numeris
750 2367 985 2434 ipsorum
1011 2363 1239 2426 quatuor
1266 2367 1277 2401 :
1306 2356 1360 2402 et
1387 2344 1464 2400 sic
1504 2356 1598 2411 per
1636 2350 1823 2392 omnes
1853 2333 1993 2387 litte-

416 2480 500 2521 ras
548 2469 803 2516 numeros
853 2449 1085 2512 habent;
1138 2459 1189 2495 m
1228 2438 1370 2509 quod
1415 2448 1513 2489 nos
1557 2429 1784 2486 dicimus
1815 2434 1869 2480 et
1908 2421 1995 2477 isti

419 2556 591 2614 dicunt
613 2565 698 2621 my
711 2572 771 2619 μ,
792 2539 1140 2616 quadraginta
1163 2533 1449 2605 signiﬁcat:
1466 2528 1648 2583 dicunt
1673 2523 1812 2576 enim
1834 2533 1921 2587 my
1936 2539 1992 2586 μ,

422 2646 818 2721 τεσσαράκοντα.
868 2635 984 2691 Jam
1012 2630 1190 2685 videte
1230 2627 1346 2681 ista).
1392 2622 1585 2676 litterae
1615 2631 1771 2686 quem
1812 2624 2000 2666 nume-

424 2755 537 2796 rum
584 2709 852 2795 iliabcant,
913 2735 966 2782 et
1014 2724 1087 2779 ibi
1149 2716 1432 2775 invenietis
1500 2709 1844 2781 quadraginta
1905 2717 1998 2757 sex

426 2833 580 2890 annis
615 2794 932 2883 :edilicatum
964 2814 1244 2884 templum.
1278 2808 1449 2864 liabet
1476 2806 1618 2859 enim
1641 2801 1810 2854 Adam
1848 2794 1999 2869 ἄλφα,

430 2926 565 2997 quod
614 2930 694 2976 cst
743 2929 908 2972 unum
938 2929 950 2966 :
977 2910 1133 2964 habet
1184 2902 1356 2965 δέλτα,
1402 2895 1542 2968 quod
1584 2899 1711 2948 sunt
1754 2897 2002 2959 quatuor,

431 2978 594 3074 habes
649 3010 881 3080 quinque
924 3019 938 3056 :
985 2999 1147 3053 habet
1197 2995 1432 3055 iterum,
1489 2984 1655 3057 ἄλφα,
1729 2978 1869 3049 quod
1925 2982 2007 3031 est

435 3124 619 3172 unum,
652 3067 817 3157 habes
847 3112 962 3163 sex,
994 3090 1154 3145 habet
1205 3094 1258 3142 et
1317 3088 1409 3154 μῦ,
1451 3078 1591 3147 quod
1647 3083 1730 3128 est
1779 3067 2009 3141 quadra-

438 3202 602 3273 ginta,
655 3192 822 3248 habes
875 3179 1225 3256 quadraginta
1274 3187 1390 3227 sex.
1446 3170 1590 3232 llaec,
1644 3164 1834 3216 fratres
1884 3155 2008 3215 mei.

1197 3265 1208 3273 .
1281 3265 1314 3273 ..
1520 3266 1531 3273 ,
1571 3253 1762 3273 μνη,
1965 3254 2008 3273 η,

445 3292 609 3349 etiam
638 3286 707 3341 ab
729 3274 1089 3337 anterioribus
1109 3265 1399 3336 majoribus
1417 3256 1614 3314 nostris

441 3386 689 3441 inventus
727 3383 808 3430 cst
841 3372 943 3426 iste
978 3374 1230 3422 numerus
1263 3358 1317 3412 in
1338 3352 1532 3409 litteris
1566 3338 2019 3417 quadragenarius

445 3473 714 3533 senarius,
755 3477 807 3521 et
838 3462 963 3533 quia
992 3454 1263 3512 Dominus
1289 3459 1472 3503 noster
1498 3442 1655 3497 Jesus
1683 3436 1928 3492 Christus
1955 3428 2022 3483 de

450 3565 621 3622 Adam
651 3522 1099 3626 corpusaccepit,
1127 3540 1322 3598 nonde
1345 3536 1510 3591 Adam
1535 3538 1809 3602 peccatum
1839 3522 2022 3585 traxit,

450 3654 707 3725 templum
741 3617 1055 3715 corporeum
1084 3635 1208 3691 inde
1233 3628 1491 3699 sumpsit,
1525 3637 1631 3679 non
1667 3617 2023 3688 iniquitatem,

453 3719 581 3821 qusi
603 3744 672 3799 de
708 3738 907 3808 templo
940 3729 1180 3803 pellenda
1223 3732 1324 3786 est,
1375 3721 1542 3790 ipsam
1589 3720 1767 3769 autem
1812 3719 2026 3763 carnem

1136 3817 1197 3821 “‘
1266 3815 1279 3821 ‘
1414 3812 1423 3821 ·
1535 3807 1548 3821 ·
1633 3802 1785 3821 II“;
1850 3807 1894 3821 -ι
1931 3795 2005 3821 ῆι.

454 3795 902 3911 quamFt—raxitOde
932 3795 1097 3878 ddam
1126 3815 1314 3887 (Maria
1341 3812 1482 3867 enim
1519 3807 1586 3860 de
1622 3802 1813 3866 Adam,
1846 3807 1898 3853 et
1930 3795 2031 3850 Dec

457 3888 587 3986 mini
619 3934 745 3979 caro
781 3918 847 3972 de
888 3910 1079 3980 Maria)
1119 3904 1289 3964 Judaei
1316 3898 1713 3957 cruciﬁxeruut,
1745 3900 1795 3945 et
1825 3888 1916 3943 ille
1944 3900 2031 3939 te-

459 4017 811 4077 suscitaturus
832 4014 946 4063 erat
966 4005 1133 4073 ipsam
1157 4007 1372 4053 carnem
1397 3991 1449 4045 in
1478 3985 1655 4042 triduo
1683 3994 1843 4051 quam
1873 3974 1949 4029 illi
1982 3973 2037 4026 in

459 4129 621 4174 cruce
646 4117 799 4167 erant
827 4098 1073 4158 occisuri.
1114 4092 1198 4148 llli
1228 4088 1500 4144 solverunt
1530 4076 1785 4145 templum
1813 4068 2041 4139 quadra-

463 4208 605 4278 ginta
629 4216 721 4258 sex
744 4194 899 4253 anuis
925 4187 1268 4246 aediﬁcatum,
1286 4185 1341 4233 et
1360 4176 1451 4230 ille
1478 4172 1532 4225 in
1563 4167 1735 4223 triduo
1763 4158 2043 4217 resuscita-

1180 4274 1193 4278 ‘
1290 4271 1302 4278 ·
1371 4269 1383 4278 ·
1500 4264 1514 4278 ·
1563 4273 1663 4278 πω
1700 4265 1743 4278 -ι
1771 4265 1886 4278 ..Αυ-
1932 4251 2043 4278 ιιηυ.

469 4251 542 4354 :it
569 4293 753 4351 illud!
774 4288 903 4351 Sex,
927 4292 1140 4344 novem,
1164 4269 1464 4332 duodecim,
1484 4264 1669 4319 decem
1695 4265 1748 4311 et
1768 4265 1909 4319 octo,
1932 4251 2048 4302 haec

468 4392 522 4446 in
547 4399 710 4443 unum
734 4382 864 4435 ﬁunt
884 4345 1233 4445 quadraginta
1258 4361 1491 4433 quinque
1516 4373 1529 4409 :
1552 4352 1689 4408 adde
1710 4362 1838 4416 ergo
1874 4345 2047 4411 ipsum

472 4494 685 4542 unum,
713 4474 843 4527 ﬁunt
880 4433 1231 4537 quadraginta
1263 4469 1380 4518 sex,
1411 4450 1527 4503 haec
1558 4444 1763 4508 sexies,
1798 4439 1931 4492 ﬁunt
1951 4433 2049 4488 du-

471 4583 627 4634 eenta
654 4526 1005 4636 septuaginta
1036 4526 1150 4609 sex.
1186 4547 1390 4601 Dicitur
1430 4549 1608 4595 autem
1650 4529 1928 4599 conceptio
1956 4526 2053 4578 hu-

475 4679 633 4722 mana
659 4621 1055 4726 sic-procedere
1081 4652 1137 4701 et
1173 4638 1385 4711 perﬁci,
1416 4644 1476 4689 ut
1514 4629 1702 4702 primis
1737 4639 1829 4681 sex
1861 4621 2053 4676 diebus

477 4756 629 4829 quasi
658 4719 811 4807 lactis
834 4744 1027 4799 habeat
1046 4731 1472 4793 similitudinem,
1489 4719 1838 4792 sequentibus
1861 4728 2054 4770 novem

1098 4828 1105 4829 κ
1351 4820 1363 4829 .
1573 4814 1586 4829 .
1700 4811 1713 4829 ,
1783 4806 2054 4829 ,Μμ-εμ

480 4806 703 4907 diebus,
733 4842 1070 4894 convertatur
1095 4828 1149 4881 in
1182 4820 1522 4891 sanguinem;
1555 4811 1750 4869 deinde
1777 4806 2058 4863 duodecim

476 4901 974 4994 diebus'solidetur
997 4937 1013 4975 :
1039 4916 1256 4984 reliquis
1294 4911 1481 4966 decem
1513 4914 1569 4960 et
1608 4911 1753 4962 orto.
1803 4901 2066 4953 formetur

480 5039 656 5095 usque
683 5020 748 5075 ad
781 5014 1015 5088 perfecta
1041 5009 1363 5063 lineamenta
1394 4997 1631 5052 omnium
1665 4991 2062 5049 membrorum;

410 5144 415 5149 ·
479 5128 535 5175 et
560 5084 682 5172 hinc
708 5084 816 5182 jam
853 5105 1058 5171 reliquo
1086 5108 1350 5166 tempore,
1394 5102 1562 5157 usque
1593 5084 1657 5138 ad
1693 5090 1905 5149 tempus
1938 5092 2059 5146 par-

488 5224 598 5275 tus,
629 5170 994 5275 magnitudine
1040 5198 1316 5260 augeatur.
1349 5180 1709 5251 Quadraginta
1756 5187 1884 5243 ergo
1915 5170 2071 5238 quin-

490 5260 598 5375 qut;
623 5260 760 5361 dies:
785 5290 969 5348 addito
995 5301 1120 5347 uno,
1149 5277 1289 5350 quod
1312 5272 1575 5344 signiﬁcat
1607 5279 1905 5327 summam;
1946 5260 2069 5328 quia

493 5351 612 5458 sex,
638 5397 695 5445 et
738 5395 951 5443 novem,
983 5385 1037 5432 et
1084 5367 1390 5428 duodecim,
1427 5372 1482 5417 et
1520 5360 1709 5415 decem
1758 5366 1812 5409 et
1844 5362 1985 5415 octo,
2019 5351 2073 5403 in

494 5446 659 5543 unum
704 5477 925 5537 coactis,
959 5470 1093 5523 ﬁunt
1134 5456 1485 5533 quadraginta
1512 5453 1618 5507 duo
1656 5467 1667 5501 :
1702 5446 1887 5502 addito
1922 5457 2074 5508 ergo,

576 5642 603 5672 ι
633 5629 781 5684 Hanc
801 5626 869 5681 de
892 5616 1245 5684 concept’one
1281 5612 1521 5684 humana
1544 5616 1596 5659 et
1625 5602 1941 5680 formatione
1971 5612 2074 5684 non

505 5717 625 5759 esse
658 5693 937 5766 Augustini
967 5669 1382 5766 declarationem
1415 5678 1614 5766 iudicat
1640 5669 2074 5766 annotatinncula

509 5774 563 5826 in
587 5742 825 5834 margiire
852 5762 1043 5816 VBlllrll
1069 5754 1447 5834 exemplarisna
1471 5746 1689 5829 librat-io
1712 5742 1945 5834 atljekcta;
1979 5753 2077 5792 nec

511 5812 1109 5907 iligyppii'enatncssc
1133 5812 1463 5895 vidétur.$3c
1481 5818 1621 5875 enim
1659 5830 1715 5871 se
1746 5812 1901 5868 habet
1935 5824 2075 5864 mar-

1440 386 1505 438 D.
1548 377 1867 438 EUGYPPII
1909 373 2199 432 ABBATIS
2239 363 2562 429 AFRICANI

1982 494 2032 550 Α
2057 500 2109 543 ιιι
2138 488 2336 565 dictum
2354 489 2458 545 est,
2474 491 2600 543 uno,
2625 473 2756 527 ﬁunt
2776 465 3252 540 quadragintasex.
3268 459 3505 530 Quicum
3525 459 3642 514 fue-

3534 342 3639 400 976

2064 564 2172 635 rint
2201 571 2531 641 multiplicati
2558 582 2657 637 per
2685 566 2855 634 ipsum
2901 559 3171 615 senarium
3217 566 3521 619 numerum,
3550 550 3642 620 qui

2068 671 2225 738 hujus
2251 665 2468 720 ordinat
2489 661 2608 714 onis
2632 662 2791 725 caput
2817 659 2983 717 tenet,
3014 649 3147 704 ﬁunt
3165 646 3395 702 ducenta
3423 652 3641 712 septua-

2067 762 2209 831 ginta
2235 770 2355 819 sex,
2390 754 2441 807 id
2466 759 2550 806 est
2576 761 2762 802 novem
2789 756 3001 797 menses
3027 749 3081 795 et
3105 753 3201 793 sex
3220 736 3355 801 dies,
3381 734 3473 804 qui
3501 746 3646 788 como

2069 826 2323 922 putantur
2349 845 2417 898 ab
2462 854 2655 896 octavo
2682 834 2893 892 calend.
2929 830 3157 899 Apriles,
3189 841 3295 896 quo
3330 826 3418 881 die
3445 838 3647 880 conce-

2071 919 2191 1012 ptus
2216 938 2470 994 Dominus
2493 931 2747 991 creditur,
2778 924 2901 995 quia
2929 938 2995 978 eo
3025 922 3114 977 die
3139 919 3301 975 etiam
3330 929 3520 988 passus
3545 924 3654 978 est,

2069 1006 2239 1105 usque
2289 1030 2354 1085 ad
2390 1043 2482 1082 Vill
2511 1022 2719 1080 calend.
2765 1020 2910 1082 Jan.,
2950 1030 3058 1086 quo
3093 1014 3185 1069 die
3217 1021 3375 1067 natus
3401 1018 3506 1064 est.
3535 1006 3653 1061 Non

2072 1097 2199 1198 ergo
2227 1119 2460 1177 absurde
2491 1111 2839 1187 quadraginta
2881 1123 2972 1162 sex
2995 1106 3149 1160 anuis
3184 1102 3383 1157 dicitur
3420 1097 3656 1154 fabrica-

2074 1190 2183 1273 tum
2213 1228 2333 1271 esse
2366 1209 2645 1277 templum,
2686 1201 2825 1272 quod
2857 1212 3051 1267 corpus
3072 1196 3189 1263 ejus
3214 1190 3571 1263 signiﬁcabat,
3598 1196 3657 1240 ut

2073 1316 2199 1378 quot
2226 1304 2352 1360 anni
2378 1305 2589 1355 luerunt
2617 1298 2667 1350 in
2686 1289 3047 1350 fabricatione
3075 1283 3282 1353 templi,
3313 1290 3390 1337 tot
3409 1280 3525 1336 dies
3548 1278 3659 1333 fue-

2076 1402 2182 1456 rint
2215 1400 2266 1452 in
2310 1393 2551 1462 corporis
2593 1384 2842 1443 dominici
2880 1379 3221 1452 perfectione.
3255 1375 3366 1431 Nec
3386 1370 3658 1429 immerito

2077 1495 2130 1548 in
2178 1487 2529 1545 mdiﬁcatione
2580 1477 2835 1535 Dominici
2886 1470 3161 1540 corporis,
3196 1468 3250 1522 in
3290 1465 3442 1534 cujus
3488 1463 3659 1532 ﬁgura

2078 1583 2334 1652 templum
2382 1593 2413 1631 a
2443 1573 2642 1631 Judmis
2666 1570 3026 1628 destructum,
3061 1559 3237 1614 triduo
3267 1571 3328 1612 se
3363 1554 3661 1610 resuscita-

2080 1688 2259 1732 turum
2289 1685 2411 1727 esse
2437 1666 2644 1722 dicebat
2663 1703 2680 1729 ,
2722 1670 2975 1715 numerus
3002 1654 3116 1724 ipse
3157 1649 3399 1706 senarius
3431 1646 3537 1717 59
3567 1658 3664 1713 pro

2080 1781 2222 1822 anno
2269 1762 2476 1833 positus
2521 1752 2871 1820 intelligitur:
2905 1747 3160 1802 dixerunt
3206 1741 3383 1804 enim,
3417 1735 3663 1804 Quadra—

2014 1862 2059 1922 B
2086 1857 2226 1929 ginta
2256 1830 2308 1908 et
2336 1866 2429 1905 sex
2457 1845 2613 1901 annis
2656 1838 2974 1896 aediﬁcatum
3004 1843 3087 1889 est
3124 1830 3412 1900 templum;
3443 1837 3496 1882 et
3534 1839 3669 1893 qua-

2086 1947 2299 2015 dragies
2342 1939 2523 1995 sexies
2571 1932 2688 1989 seni
2730 1930 2866 1984 ﬁunt
2903 1927 3128 1981 ducenta
3162 1919 3495 1988 septuaginta
3531 1930 3666 1979 sex;

2085 2038 2175 2107 qui
2209 2045 2463 2088 numerus
2490 2027 2699 2082 dierum
2740 2018 2974 2087 complet
3000 2028 3192 2070 novem
3225 2024 3461 2075 menses,
3492 2015 3548 2061 et
3571 2022 3668 2060 sex

2088 2131 2223 2193 dies,
2252 2126 2339 2195 qui
2372 2132 2624 2190 tanquam
2652 2118 2840 2171 decem
2869 2122 3082 2164 menses
3105 2103 3431 2173 parientibus
3452 2099 3671 2153 feminis

2096 2192 2456 2290 imputantur;
2488 2225 2595 2265 non
2625 2206 2746 2278 quia
2791 2216 2977 2259 omnes
3015 2196 3081 2252 ad
3133 2203 3343 2250 sextum
3381 2192 3523 2246 diem
3551 2197 3674 2258 post

2104 2326 2304 2368 nonum
2331 2318 2570 2361 meusrm
2611 2296 2955 2369 perveniunt,
3005 2289 3097 2345 sed
3128 2286 3251 2356 quia
3280 2285 3392 2353 ipsa
3421 2282 3673 2351 vertet-tio

2096 2401 2340 2472 corporis
2389 2393 2599 2451 Domini
2663 2398 2741 2445 tot
2790 2385 2980 2440 diebus
3033 2380 3098 2435 ad
3159 2389 3369 2447 partum
3421 2374 3672 2443 perducta

2097 2490 2441 2561 comperitur,
2484 2486 2617 2539 sicut
2656 2495 2686 2534 a
2733 2474 3024 2544 majoribus
3073 2468 3325 2523 traditum
3377 2463 3679 2521 sustioieus

2103 2588 2357 2647 Ecclesia:
2383 2580 2619 2639 custodit
2654 2573 2975 2635 auctoritas;
3009 2578 3198 2623 octavo
3239 2562 3382 2618 enim
3425 2557 3682 2613 calendas

2103 2680 2305 2751 Aprilis
2333 2682 2625 2741 conceptus
2648 2666 2904 2729 creditur,
2930 2677 3035 2731 quo
3066 2669 3118 2713 et
3149 2669 3355 2726 passus.
3386 2651 3461 2706 ita
3488 2663 3684 2703 monu-

2106 2737 2288 2825 mento
2310 2778 2450 2820 novo
2469 2737 2576 2832 quo
2604 2757 2843 2827 sepultus
2863 2760 2977 2816 est,
3001 2748 3089 2803 ubi
3119 2747 3292 2800 nullus
3315 2751 3428 2797 erat
3476 2737 3689 2809 positus

2107 2870 2464 2919 mortuorum,
2498 2866 2596 2908 nec
2640 2858 2799 2915 ante,
2833 2859 2934 2900 nec
2983 2849 3171 2911 postea
3214 2835 3459 2905 COﬂgI‘Uil
3503 2840 3693 2884 uterus

2113 2950 2373 3021 Virginis,
2401 2960 2510 3016 quo
2556 2946 2848 3009 conceptus
2892 2943 3005 3001 est,
3041 2932 3129 2987 ubi
3177 2928 3357 2982 nullus
3395 2923 3694 2980 seminans

2112 3052 2196 3100 est
2222 3038 2545 3097 mortalium.
2581 3032 2748 3087 Natus
2777 3034 2950 3081 autem
2999 3021 3223 3076 traditur
3262 3025 3456 3071 octavo
3480 3009 3694 3065 calend.

2115 3137 2260 3198 Jan.;
2295 3132 2362 3186 ab
2388 3130 2480 3183 illo
2517 3137 2646 3193 ergo
2675 3122 2761 3176 die
2791 3131 2958 3187 usque
2985 3114 3051 3168 ad
3083 3112 3242 3167 istum
3264 3104 3559 3172 computati
3592 3102 3697 3155 du-

1628 3253 1766 3307 diem
1790 3256 1933 3309 sum,
1963 3197 2017 3299 ei
2044 3224 2090 3286 C
2119 3226 2257 3283 centi
2290 3217 2623 3290 septuaginta
2656 3209 2996 3280 reperiuntur
3021 3202 3156 3266 dies,
3191 3199 3284 3269 qui
3312 3195 3583 3252 senarium
3607 3207 3701 3245 nu-

2122 3330 2327 3374 merum
2354 3307 2673 3382 quadragies
2701 3300 2883 3357 sexies
2905 3297 3120 3360 habent,
3150 3307 3257 3363 quo
3286 3301 3509 3345 numero
3536 3300 3706 3338 anno-

2128 3500 2330 3554 riorum
2381 3504 2575 3561 corpus
2618 3485 2828 3541 Domini
2860 3480 3153 3552 perfectum
3202 3483 3305 3533 est,
3335 3469 3476 3540 quod
3522 3468 3714 3521 mortis

2134 3588 2381 3658 passione
2412 3558 2739 3636 destructum
2770 3574 2944 3628 triduo
2972 3564 3284 3623 suscitavit:
3313 3560 3523 3615 dicebat
3564 3558 3715 3610 enim

2135 3681 2240 3735 hoc
2272 3676 2342 3730 de
2370 3673 2567 3740 templo
2608 3667 2847 3737 corporis
2884 3663 3001 3727 sui,
3039 3661 3177 3715 sicut
3220 3650 3622 3710 evidentissima
3663 3656 3722 3702 et

2135 3765 2509 3828 robusdssimo
2552 3759 2827 3829 Evangelii
2860 3750 3167 3811 testimonio
3189 3745 3515 3802 declaratur.

2619 3869 2842 3927 CAPUT
2879 3858 3257 3921 CCLXXXIV.

2216 3974 2290 4026 De
2318 3971 2490 4023 decem
2519 3962 2833 4034 virginibus;
2862 3974 2922 4012 ea:
2952 3955 3039 4009 lib.
3060 3966 3251 4009 Lxxxrv
3277 3945 3649 4011 Duwstionum.

2220 4086 2360 4139 Inter
2391 4076 2669 4150 parabolas
2692 4089 2720 4127 a
2754 4072 2859 4125 Deo
2885 4068 3075 4129 dictas,
3096 4064 3231 4117 solet
3260 4064 3564 4130 qmrrentes
3586 4051 3727 4105 mulo

2148 4187 2259 4232 tum
2308 4183 2559 4228 exercere
2615 4166 2715 4219 ista
2747 4175 2862 4230 qua:
2895 4160 2960 4212 de
2990 4156 3171 4209 decem
3205 4147 3499 4219 virginibus
3556 4142 3731 4212 posita

2149 4275 2232 4321 est
2261 4283 2273 4318 :
2306 4272 2359 4317 et
2387 4259 2536 4314 multi
2561 4256 2771 4327 quidem
2798 4252 2927 4321 hinc
2955 4248 3118 4302 tnulta
3144 4247 3430 4298 senserunt
3456 4252 3575 4306 qua:
3623 4248 3735 4286 non

2151 4363 2276 4410 sunt
2295 4362 2486 4421 prteter
2519 4348 2674 4400 ﬁdem
2699 4360 2713 4409 ;
2740 4342 2829 4397 sed
2857 4337 3123 4407 quomodo
3145 4331 3385 4402 partibus
3410 4330 3525 4389 ejus
3556 4324 3739 4375 muni-

2156 4448 2255 4501 bus
2286 4438 2573 4496 conveniat
2622 4432 2904 4502 expositio,
2936 4428 2985 4482 id
3029 4420 3408 4481 elaborandum
3466 4424 3569 4471 est.
3605 4411 3742 4481 Legi

2159 4535 2315 4589 etiam
2336 4533 2388 4585 in
2415 4527 2639 4598 quadam
2657 4523 2941 4590 scriptura,
2961 4532 3025 4571 ex
3044 4529 3226 4570 earum
3252 4522 3447 4581 genere
3467 4519 3587 4573 quae
3606 4516 3743 4569 apo-

2164 4631 2379 4698 crypha:
2409 4619 2769 4679 nominantur,
2801 4610 2938 4681 quod
2968 4624 3074 4663 non
3102 4606 3169 4661 sit
3210 4609 3396 4659 contra
3420 4596 3749 4653 catholicam

2169 4718 2349 4773 ﬁdem.
2378 4711 2481 4768 Sed
2506 4709 2628 4764 huic
2658 4706 2778 4761 loco
2810 4701 2942 4756 mihi
2973 4698 3149 4753 minus
3172 4705 3469 4762 congruere
3490 4688 3601 4740 visa
3632 4695 3749 4750 est,

2170 4800 2529 4864 consideranti
2584 4808 2771 4851 omnes
2822 4792 2979 4861 huius
3026 4783 3390 4843 similitudinis
3419 4785 3598 4849 partes
3632 4792 3644 4826 :
3679 4773 3756 4827 de

2172 4915 2271 4970 qua
2306 4906 2482 4951 tamen
2522 4887 2855 4959 expositione
2904 4893 3104 4938 temere
3130 4875 3257 4931 nihil
3286 4873 3457 4927 audeo
3482 4866 3755 4937 judicare,

2176 5008 2243 5047 ne
2267 4993 2400 5045 forte
2427 5000 2531 5039 non
2554 4983 2668 5051 ejus
2696 4973 3115 5033 inconvenientia
3147 4966 3275 5022 mihi
3299 4961 3571 5033 angustias
3606 4958 3762 5011 fece—

2174 5078 2368 5145 rit,sed
2400 5089 2514 5130 mea
2545 5070 2766 5125 tarditas
2790 5068 2841 5121 in
2862 5080 2929 5120 ea
2947 5056 3372 5116 convenientiam
3398 5065 3505 5106 non
3534 5049 3770 5101 invene-

2174 5175 2261 5230 rit.
2295 5169 2430 5238 Quid
2458 5178 2635 5220 autem
2669 5160 2800 5216 mihi
2824 5157 3065 5213 videatur
3088 5167 3191 5205 non
3223 5144 3456 5201 absurde
3484 5141 3585 5195 hoc
3633 5138 3769 5191 loco

2178 5265 2368 5333 accipi,
2390 5267 2645 5329 quantum
2675 5260 2860 5321 potero
2912 5246 3145 5302 breviter
3186 5248 3238 5293 et
3265 5237 3551 5304 diligenter
3581 5243 3647 5283 ex
3665 5245 3759 5296 po-

2181 5330 2324 5412 nant.
2368 5354 2726 5417 Interrogatus
2770 5343 2926 5410 igitur
2971 5333 3228 5391 Dominus
3255 5334 3441 5383 u05ter
3480 5330 3697 5378 secreto
3731 5331 3764 5367 a

2183 5442 2497 5514 discipulis,
2539 5438 2606 5492 de
2655 5425 3111 5493 consummatione
3154 5419 3371 5483 saeculi,
3401 5413 3545 5470 inter
3591 5410 3773 5464 multa

2182 5599 2372 5672 ginalis
2402 5590 2676 5672 inserip:io
2701 5605 2729 5669 ε.
2746 5606 2763 5639 t
2785 5585 2899 5639 lloc
2920 5561 3780 5672 ex.libnromaqonyﬁmo‘egamlpnf-

2222 5631 2372 5653 lllﬂlla
2404 5631 2560 5651 IIIULII
2609 5631 2674 5644 ιιυ
2703 5631 2715 5641 υ
2748 5631 2762 5639 ν
2790 5631 2897 5639 ..υτ
2924 5631 2982 5638 τ.-
3014 5631 3072 5633 ηρ

2187 5631 2421 5726 ξιιυηιιηι
2449 5631 2609 5721 εειιιξῖι
2634 5659 2732 5714 loci
2766 5652 3049 5725 pnesentis
3071 5631 3420 5726 cerpsinttisq
3443 5636 3627 5726 Videat
3657 5631 3777 5726 lec-

2187 5699 2421 5726 bllUlllllll
2449 5699 2609 5721 υιιυδιι
2635 5699 2732 5714 μιν·
2787 5699 2814 5709 -υ
2831 5699 3045 5709 ...μυ-...ν-⁷
3080 5699 3146 5702 1-.

2187 5752 2291 5812 tor,
2319 5740 2438 5812 quia
2467 5734 2622 5793 nobis
2650 5699 2958 5789 non'vacat,
2990 5720 3130 5778 unde
3168 5699 3281 5786 (iant
3303 5705 3629 5781 espiscauda
3650 5699 3749 5755 sit.
