4016 6184
325 318 438 375 977

1443 313 1880 373 ΤΗΕΞᾹὉΒΒΞ.
1916 310 2072 368 CAP.
2112 309 2488 367 CCLXXXIV.

3499 312 3603 369 978

328 449 453 503 quae
482 433 691 488 locutus
716 438 820 495 est,
854 428 955 485 hoc
982 442 1192 499 quoque
1220 427 1353 482 dixit
1384 446 1397 482 :
1424 426 1576 482 Tunc
1604 426 1780 481 simile
1820 439 1916 479 ατε-
1949 426 1996 485 Α
2026 424 2076 477 in
2106 433 2262 478 nocte
2293 424 2361 475 ita
2381 421 2558 476 veniet
2585 436 2598 474 :
2624 434 2687 475 ex
2708 435 2816 489 quo
2843 420 3173 489 signiﬁcatur
3197 420 3412 489 penitus
3434 421 3606 480 latere

331 525 617 581 timahitur
660 538 883 592 regnum
923 521 1182 577 caelorum
1213 519 1400 574 decem
1436 517 1766 586 virginibus,
1808 525 1914 570 etc.

326 619 527 671 Decem
553 617 740 686 utique
764 612 1061 686 [numerus]
1079 609 1523 681 virginum,quod
1564 610 1797 678 quinque
1820 606 1917 661 ad-

328 712 643 770 mittuntur,
680 709 915 777 quinque
964 705 1351 768 excluduntur,
1394 703 1655 757 bonorum
1707 710 1761 754 et
1801 714 1917 753 ma-

327 803 508 855 lorum
530 799 909 855 discretionem
967 797 1250 866 signiﬁcat.
1274 794 1611 862 Quapropter
1632 790 1677 845 si
1697 789 1921 858 virgini-

326 892 457 945 tatis
486 905 677 945 nomen
710 886 1023 943 honorabile
1072 894 1175 951 est,
1207 899 1302 940 cur
1330 883 1558 951 receptis
1582 879 1920 947 exclusisque

325 995 622 1036 commune
647 979 763 1034 est?
791 977 993 1033 Deinde
1009 975 1133 1046 quid
1162 975 1262 1028 sibi
1290 974 1403 1027 vult
1422 983 1676 1026 numerus
1706 970 1757 1021 in
1778 977 1919 1022 utra-

325 1090 439 1143 que
466 1083 618 1142 parte
638 1070 951 1143 quinarius?
973 1053 1107 1135 Quid
1132 1074 1307 1122 autem
1330 1064 1595 1134 significat
1617 1061 1795 1116 oleum
1822 1059 1920 1113 mi-

327 1180 454 1219 rum
500 1164 728 1218 videtur.
771 1160 901 1216 Item
942 1156 1084 1227 quod
1130 1158 1406 1225 sapientes
1458 1151 1759 1221 petentibus
1807 1163 1913 1202 non

324 1253 763 1313 communicant,
788 1265 909 1306 cum
941 1255 995 1303 et
1023 1246 1259 1301 invidere
1305 1245 1383 1298 fas
1430 1258 1537 1297 non
1567 1242 1636 1296 sit
1665 1254 1758 1295 eas
1799 1253 1919 1308 quae

321 1349 400 1404 ita
434 1346 686 1417 perfecta:
715 1352 837 1398 sunt
862 1349 920 1396 ut
948 1340 1016 1395 ab
1044 1353 1243 1408 sponso
1296 1336 1645 1403 recipiantur,
1670 1347 1775 1401 quo
1822 1345 1918 1383 no-

318 1441 496 1503 mine,
529 1437 677 1492 nullo
704 1436 1001 1499 dubitante,
1029 1432 1285 1487 Dominus
1309 1429 1466 1485 Iesus
1487 1426 1728 1483 Christus
1750 1426 1917 1494 signi-

319 1531 539 1593 ﬁcatur,
564 1535 618 1583 et
648 1523 1024 1580 misericordes
1047 1536 1167 1577 esse
1190 1526 1439 1589 oporteat
1464 1517 1531 1572 ad
1555 1514 1911 1585 praestandum

318 1636 391 1675 ex
424 1635 491 1675 eo
520 1617 658 1687 quod
684 1616 900 1679 habent,
933 1613 1312 1683 prascribeute
1360 1610 1452 1663 illa
1478 1608 1737 1661 sententia
1768 1604 1912 1674 ejus-

318 1712 447 1763 dem
481 1707 691 1761 Domini
714 1705 977 1760 dicentis:
1002 1701 1157 1758 Omni
1188 1701 1426 1770 poscenti
1456 1697 1651 1753 tribue.
1671 1695 1808 1763 Quid
1830 1702 1911 1750 est

2022 529 2143 569 cum
2168 512 2312 567 venit
2337 512 2586 584 [venerit]
2617 510 2657 582 ),
2680 513 2881 567 clamor
2926 512 3095 570 factus
3125 525 3229 575 eSt,
3257 514 3396 569 Ecce
3443 532 3606 585 spon-

2022 619 2113 659 sus
2140 604 2302 666 venit,
2336 606 2534 673 surgite
2558 605 2799 671 obviam;
2822 615 2878 660 et
2906 608 2957 660 in
2991 607 3095 661 ictu
3125 609 3286 672 oculi,
3337 609 3388 661 in
3426 612 3611 668 novis-

2022 697 2155 749 sima
2183 697 2326 757 tuba,
2354 711 2539 749 omnes
2570 711 2909 765 restirgemus
2927 712 2942 750 :
2961 712 3088 767 ergo
3115 707 3467 753 surrexerunt
3487 714 3605 755 om-

2023 802 2118 841 nes
2142 787 2246 840 illtn
2269 787 2518 856 virgines,
2550 799 2602 843 et
2631 800 2943 857 aptaverunt
2970 790 3238 858 lampades
3268 805 3414 853 suas,
3441 792 3491 844 td
3521 802 3605 845 est

2024 877 2257 932 rationes
2301 877 2599 933 reddendas
2653 894 2872 946 operum
2920 894 3160 937 suorum.
3194 881 3417 949 Oportet
3456 880 3601 935 enim

2025 984 2122 1022 nos
2161 969 2400 1025 exhiberi
2451 982 2576 1025 ante
2623 971 2851 1025 tribunal
2876 971 3099 1037 Christi,
3129 980 3187 1027 ut
3214 973 3323 1027 illic
3376 973 3601 1041 recipiat
3636 1032 3639 1033 ν

2022 1061 2388 1129 unusquisque
2414 1059 2556 1128 quod
2578 1060 2742 1129 gessit
2763 1061 2813 1115 in
2834 1076 3083 1131 corpore,
3108 1064 3219 1117 sive
3245 1063 3465 1128 bunum,
3487 1063 3601 1117 sive

2023 1151 2240 1205 malum.
2272 1153 2338 1207 Et
2363 1154 2612 1208 dixerunt
2639 1153 2817 1208 stulta:
2844 1155 2909 1209 ad
2937 1156 3206 1224 sapientes
3236 1173 3249 1210 :
3286 1156 3415 1211 Date
3446 1156 3600 1210 nobis

1988 1290 1991 1295 λ
2020 1241 2088 1297 de
2116 1242 2234 1297 oleo
2259 1253 2455 1310 vestro,
2480 1243 2601 1312 quia
2634 1243 2903 1313 lampades
2932 1254 3127 1299 nostra:
3150 1243 3559 1315 exstinguuntur
3579 1263 3597 1299 :

2020 1348 2245 1401 quorum
2295 1336 2435 1391 enim
2488 1336 2626 1392 facta
2657 1338 2830 1392 aliena
2862 1338 3019 1392 laude
3066 1338 3375 1404 fnlciuntur,
3408 1338 3597 1395 eadem

1974 1471 1983 1476 .
2018 1416 2289 1484 subtracta
2310 1430 2584 1495 deficiunt;
2607 1437 2663 1485 et
2694 1430 2761 1485 de
2789 1431 3176 1485 consuetudine
3206 1430 3255 1485 id
3283 1446 3496 1500 semper
3520 1434 3598 1486 iu-

2017 1520 2197 1587 quirit,
2232 1521 2371 1575 unde
2399 1522 2630 1593 gaudere
2679 1522 2887 1578 animus
2912 1525 3066 1579 solet.
3111 1524 3292 1595 Itaque
3323 1524 3596 1579 hominum

2016 1613 2104 1681 qui
2151 1613 2316 1668 corda
2352 1629 2455 1668 non
2501 1615 2711 1681 vident,
2761 1615 3122 1671 testimonium
3168 1616 3352 1671 volunt
3400 1617 3597 1671 habere

2014 1702 2150 1770 apud
2186 1704 2369 1767 Deum,
2400 1704 2488 1773 qui
2536 1705 2716 1759 cordis
2767 1707 3039 1775 inspector
3062 1716 3164 1762 est.
3194 1706 3300 1761 Sed
3326 1707 3447 1775 quid
3484 1722 3595 1760 tes-

320 1813 504 1858 autem
533 1800 676 1871 quod
708 1797 871 1866 possit
892 1794 1069 1851 dando
1096 1810 1200 1849 non
1227 1793 1473 1848 sumcere
1500 1788 1766 1859 utrisque?
1786 1787 1909 1841 llaec
1949 1808 1985 1864 [ι
2018 1795 2321 1861 ponderunt
2350 1795 2659 1863 sapientes?
2689 1795 2765 1850 Ne
2791 1796 2926 1851 forte
2957 1812 3061 1851 non
3088 1798 3318 1852 suiiiciat
3364 1798 3516 1851 nobis
3543 1808 3595 1851 et

323 1895 772 1961 maximeaugent
792 1888 1105 1960 quaestionis
1117 1884 1509 1947 difficultatem,
1530 1892 1836 1951 quanquam
1861 1887 1914 1929 ct

318 2002 523 2045 caetera
554 1987 835 2057 diligenter
854 1983 1189 2039 considerata
1207 1991 1263 2034 ut
1286 1978 1465 2032 omnia
1487 1978 1538 2030 in
1560 1988 1718 2028 unam
1744 1980 1909 2025 ratio-

326 2099 456 2137 nem
473 2087 811 2141 concurrant,
829 2075 1066 2143 nihilque
1085 2073 1136 2127 in
1154 2085 1312 2126 unam
1331 2076 1532 2137 partem
1552 2065 1758 2118 dicatur
1773 2060 1911 2130 quod

320 2170 790 2242 impediataliam,
823 2180 1011 2236 magna
1041 2163 1217 2218 cautio
1247 2170 1333 2216 est
1358 2156 1682 2239 adhibenda.
1714 2154 1913 2209 Viden-

320 2278 415 2318 tur
443 2266 621 2332 itaque
650 2260 778 2316 mihi
803 2260 1038 2329 quinque
1065 2255 1299 2325 virgines
1328 2250 1633 2320 signiﬁcare
1653 2249 1912 2317 qu'nque-

317 2355 574 2427 partitam
623 2350 1005 2408 continentiam
1055 2362 1087 2401 a
1140 2346 1319 2401 carnis
1391 2341 1659 2397 illecebris
1692 2358 1705 2392 :
1734 2339 1910 2393 conti-

318 2446 537 2501 nendus
566 2451 650 2498 est
677 2442 820 2498 enim
864 2438 1027 2493 animi
1064 2435 1335 2508 appetitus
1364 2449 1392 2487 a
1430 2433 1701 2499 voluptate
1729 2429 1913 2484 oculo-

318 2551 471 2603 rum,
499 2550 528 2589 a
558 2534 830 2603 voluptate
857 2531 1127 2595 aurium,a
1151 2527 1422 2596 voluptate
1450 2521 1757 2588 olfaciendi,
1788 2535 1913 2591 gus-

318 2629 496 2693 tandi,
521 2626 805 2697 tangendi;
836 2624 930 2679 sed
957 2624 1078 2693 quia
1110 2623 1209 2675 ista
1233 2616 1562 2675 continentia
1610 2614 1798 2684 partim
1823 2627 1913 2667 co-

320 2734 445 2775 ram
474 2720 581 2772 Deo
613 2719 689 2783 lit,
726 2723 784 2770 ιιι
811 2716 890 2769 illi
913 2714 1183 2784 placeatur
1206 2711 1258 2764 in
1278 2707 1536 2764 interiore
1564 2703 1758 2774 gaudio
1778 2718 1910 2757 con-

319 2807 593 2873 scicntize,
628 2806 815 2875 partim
846 2819 1029 2860 coram
1059 2800 1385 2866 hominibus,
1414 2807 1617 2852 tantum
1660 2804 1718 2849 ut
1740 2792 1908 2864 gloria

322 2902 561 2955 humana
585 2899 845 2967 capiatur,
862 2895 1097 2968 quinque
1114 2895 1364 2949 dicuntur
1389 2894 1661 2961 sapientes
1681 2898 1733 2943 et
1755 2889 1913 2957 quin-

317 3009 437 3063 que
476 2994 696 3048 stultas»:
729 3001 967 3061 utrinque
1008 2999 1188 3045 tamen
1218 2988 1483 3057 virgines,
1528 2987 1649 3055 quia
1677 2994 1902 3053 utraque

316 3085 656 3140 continentia
704 3092 807 3149 est,
852 3082 1099 3151 quamvis
1147 3080 1362 3135 diverso
1394 3078 1577 3132 fomite
1631 3076 1906 3146 gaudeat:

2019 1887 2193 1941 vobis.
2230 1887 2607 1957 Unusquisque
2657 1891 2801 1943 enim
2842 1904 2940 1957 pro
2988 1904 3048 1943 se
3094 1891 3355 1943 rationem
3386 1889 3594 1952 reddet,

2014 1994 2114 2034 nec
2128 1981 2302 2035 alieno
2322 1983 2628 2038 testimonio
2643 1983 2919 2054 quisquam
2943 1983 3224 2053 adjuvatur
3242 1986 3381 2051 apud
3403 1983 3593 2043 Deum,

1986 2073 2098 2125 -cui
2124 2083 2327 2127 secreta
2359 2076 2537 2130 cordis
2564 2086 2860 2144 apparent:
2886 2087 2935 2131 ct
2967 2077 3051 2130 vix
3082 2076 3437 2146 sibiquisque
3487 2074 3595 2128 suf-

2015 2161 2145 2227 ﬁcit,
2176 2172 2234 2217 ut
2282 2166 2329 2218 ei
2365 2166 2727 2220 teStimonium
2780 2167 3061 2235 perhibeat
3113 2167 3326 2221 conscie
3352 2166 3440 2219 alia
3475 2181 3591 2219 sua.

2012 2252 2143 2320 Quis
2193 2256 2334 2309 enim
2387 2257 2700 2324 gloriabitur
2750 2260 3004 2311 mundum
3049 2272 3106 2311 se
3138 2258 3337 2312 habere
3379 2258 3509 2311 eor?
3541 2257 3592 2310 id

2014 2340 2181 2414 [inde]
2211 2353 2292 2397 est
2320 2346 2460 2412 quod
2491 2346 2777 2414 Apostolus
2823 2346 2955 2400 dicit
2982 2365 2994 2397 :
3028 2346 3153 2400 Mihi
3202 2348 3481 2399 minimum
3512 2356 3594 2400 est

2014 2441 2126 2487 uta
2148 2435 2297 2489 vobis
2316 2435 2543 2503 judicer,
2566 2445 2658 2490 aut
2684 2438 2750 2490 ab
2780 2436 3011 2490 humano
3040 2436 3149 2502 die,
3172 2436 3266 2490 sed
3302 2451 3473 2505 neque
3505 2449 3593 2489 me

2014 2527 2186 2596 ipsum
2211 2527 2393 2596 judico
2418 2540 2773 2601 :quaprnpter
2797 2545 2916 2585 cum
2945 2529 3013 2585 de
3034 2545 3091 2585 se
3120 2533 3340 2599 quisque
3364 2540 3455 2585 aut
3484 2545 3591 2584 non

2013 2620 2430 2675 omninoautvix
2447 2623 2612 2690 possit
2627 2637 2802 2677 veram
2817 2622 2957 2679 ferre
2970 2625 3310 2686 sententiam,
3328 2622 3593 2691 quomodo

2018 2723 2190 2782 potest
2233 2714 2301 2769 de
2326 2716 2432 2769 alio
2466 2714 2728 2784 judicare,
2761 2729 2879 2771 cum
2908 2717 3041 2771 sciat
3074 2730 3230 2770 nemo
3260 2715 3383 2784 quid
3409 2722 3593 2785 agatur

2013 2805 2067 2860 in
2092 2805 2329 2873 homine,
2353 2805 2459 2861 nisi
2488 2805 2704 2876 spiritus
2763 2806 3031 2861 hominis?
3056 2806 3131 2860 Ite
3175 2806 3343 2875 magis
3370 2805 3435 2858 ad
3469 2820 3594 2859 ven-

2012 2895 2200 2951 dentes
2247 2904 2302 2951 et
2354 2897 2516 2952 emite
2557 2897 2708 2952 vobis
2737 2912 2879 2952 :non
2931 2897 3213 2953 consilium
3243 2896 3456 2951 dedisse
3501 2910 3593 2961 pu-

2015 2986 2189 3041 laudm
2209 2997 2355 3052 sunt,
2381 2988 2474 3043 sed
2497 2988 2698 3043 crimen
2726 3003 2911 3043 earum
2931 3004 2992 3043 ex
3025 2988 3243 3057 obliquo
3266 3000 3593 3042 commemo-

2016 3081 2440 3137 rasse.Vendunt
2461 3080 2604 3136 enim
2627 3082 2805 3137 oleum
2834 3081 3138 3135 adulatores
3160 3080 3275 3148 qui,
3304 3080 3416 3133 sive
3459 3078 3593 3132 falsa

292 3176 601 3245 lampades
630 3183 807 3229 autem
837 3182 979 3237 sunt,
1013 3173 1135 3241 quia
1168 3170 1414 3225 manibus
1440 3177 1715 3239 gestantur
1741 3181 1904 3235 opera
1933 3159 1980 3221 C
2012 3172 2125 3227 sive
2156 3173 2394 3242 ignorata
2424 3172 2708 3235 laudando.
2728 3173 2779 3227 in
2804 3187 3041 3227 errorem
3061 3172 3264 3226 animas
3287 3170 3517 3234 mittunt;
3544 3178 3594 3223 et

318 3282 450 3337 quae
476 3266 771 3322 secundum
804 3266 960 3319 istam
986 3263 1372 3319 continentiam
1405 3263 1568 3325 liunt;
1600 3258 1802 3313 dictum
1826 3268 1908 3312 est

318 3365 537 3411 autem:
563 3355 801 3410 Luceant
824 3370 986 3424 opera
1008 3362 1184 3409 vestra
1217 3366 1396 3407 coram
1431 3350 1754 3405 hominibus.
1781 3349 1907 3404 Om-

317 3462 424 3505 nes
448 3461 574 3502 vero
603 3456 928 3516 acceperunt
957 3445 1231 3516 lampades
1268 3458 1413 3510 suas,
1440 3452 1496 3499 et
1526 3451 1786 3499 venerunt
1811 3443 1906 3497 ob-

317 3537 471 3591 viam
502 3551 722 3606 sponso.
749 3536 1154 3604 Intelligendum
1185 3545 1265 3591 est
1289 3549 1420 3604 ergo
1461 3533 1661 3588 Christi
1692 3535 1908 3588 nomine

317 3627 537 3683 censeri
559 3626 627 3682 de
646 3627 839 3697 quibus
864 3628 1060 3697 agitur.
1080 3626 1195 3680 Non
1219 3626 1363 3680 enim
1396 3626 1721 3695 possuntqui
1751 3625 1909 3680 Chri-

317 3720 484 3774 stiani
515 3735 618 3774 non
664 3727 789 3773 sunt
827 3733 1025 3787 sponso
1053 3718 1271 3773 Christo
1301 3718 1487 3771 venire
1517 3717 1734 3770 obviam
1765 3732 1779 3769 :
1812 3715 1906 3770 sed

318 3810 563 3879 quinque
586 3810 760 3875 fatuae,
783 3810 1017 3877 acceptis
1038 3807 1370 3877 lampadibus
1391 3808 1523 3869 suis,
1544 3823 1648 3860 non
1675 3820 1909 3875 sumpse-

317 3911 450 3956 runt
489 3902 665 3955 oleum
696 3915 900 3955 secum.
925 3900 1072 3955 Multi
1121 3901 1288 3962 enim,
1318 3901 1560 3968 quamvis
1613 3898 1681 3952 de
1708 3898 1906 3953 Christi

316 3990 565 4046 bonitate
618 3991 900 4059 plurimum
930 3999 1169 4061 Spereut,
1194 3989 1443 4057 gaudium
1476 3999 1651 4042 tamen
1681 4002 1785 4042 non
1816 3988 1909 4041 ha-

286 4124 289 4127 .
316 4083 474 4147 bent,
503 4083 628 4139 dum
660 4084 1000 4139 continenter
1030 4081 1181 4155 [non]
1210 4082 1415 4152 vivunt,
1450 4082 1549 4138 nisi
1584 4084 1637 4138 in
1663 4083 1908 4139 laudibus

316 4173 622 4239 hominum;
657 4190 760 4229 non
791 4189 919 4244 ergo
960 4174 1155 4228 habent
1194 4175 1372 4229 oleum
1403 4189 1586 4229 secum
1619 4190 1634 4239 ;
1668 4188 1788 4227 nam
1823 4174 1907 4242 ip-

316 4280 437 4320 sam
486 4266 722 4320 lmtitiam
769 4267 887 4321 oleo
936 4266 1221 4335 signiticari
1279 4267 1512 4320 arbitror
1558 4284 1571 4318 :
1617 4267 1906 4333 Propterea

318 4357 477 4410 unxit
523 4365 595 4421 te,
622 4356 809 4426 inquit,
848 4356 985 4410 Deus
1035 4356 1173 4410 Deus
1197 4364 1315 4410 tuus
1351 4356 1471 4411 oleo
1494 4357 1905 4421 exsultationis;

318 4446 414 4516 qui
438 4456 613 4500 autem
647 4461 750 4500 non
781 4456 1059 4515 propterea
1082 4446 1279 4515 gaudet
1299 4449 1420 4517 quia
1444 4448 1557 4503 Deo
1587 4448 1906 4503 intrinsecus

2008 3264 2088 3319 eis
2118 3279 2252 3318 vana
2281 3264 2471 3335 gaudia
2501 3273 2751 3335 tanquam
2781 3264 2939 3320 fatuis
2970 3264 3334 3325 conciliando,
3362 3262 3593 3330 aliquam

2008 3354 2076 3410 de
2104 3355 2186 3408 his
2214 3355 2540 3421 mercedem,
2574 3357 2685 3411 sive
2734 3357 2998 3423 ciborum,
3033 3354 3146 3411 sive
3189 3354 3450 3422 pecuniae,
3485 3354 3597 3407 sive

2010 3447 2376 3513 honoris,sive
2399 3447 2623 3515 alicujus
2662 3447 2930 3502 commodi
2963 3446 3272 3510 temporalis
3295 3443 3595 3511 accipiunt:

2010 3553 2116 3592 non
2173 3538 2595 3608 intelligentihus
2615 3538 2755 3606 quod
2805 3538 3004 3593 dictum
3029 3546 3112 3592 est
3139 3554 3151 3590 :
3176 3537 3273 3603 Qui
3300 3551 3392 3590 vos
3416 3536 3599 3589 felices

2010 3630 2282 3695 dicunt,in
2309 3646 2545 3684 errorem
2570 3645 2666 3683 vos
2699 3631 2945 3693 mittunt;
2975 3629 3164 3683 melius
3191 3639 3267 3681 est
3294 3636 3474 3681 autem
3503 3628 3600 3678 nir-

1992 3722 2206 3791 vjurgari
2228 3721 2416 3789 aju-to
2440 3735 2597 3788 quam
2637 3735 2663 3772 a
2692 3729 2970 3787 peccatore
2992 3718 3178 3772 lauder
3202 3757 3214 3770 .
3251 3717 3420 3770 Einen
3444 3717 3597 3779 labir,

2010 3814 2199 3877 inquit,
2216 3827 2297 3865 me
2311 3812 2488 3880 justus
2515 3814 2565 3865 in
2586 3810 2977 3877 misericordia,
2993 3819 3049 3863 et
3069 3818 3253 3879 arguet
3268 3824 3386 3874 me;
3418 3809 3596 3862 oleum

2009 3911 2185 3957 autem
2231 3904 2529 3972 peccatoris
2560 3918 2666 3956 non
2721 3902 3018 3971 impinguet
3048 3902 3158 3971 60
3187 3909 3346 3970 caput
3392 3914 3594 3952 meum.

2008 3996 2084 4051 lte
2111 4010 2239 4065 ergo
2266 3995 2333 4048 ad
2364 3995 2657 4049 vendentes
2681 4002 2737 4049 et
2759 3994 2929 4048 emite
2954 3993 3127 4057 vobis,
3157 3992 3207 4046 id
3239 4002 3320 4045 cst
3353 4008 3365 4045 :
3398 3991 3593 4044 Videa~

2012 4100 2129 4141 mus
2160 4086 2393 4154 nunquid
2425 4101 2521 4141 vos
2547 4085 2800 4154 adjuvant
2826 4085 2913 4153 qui
2944 4085 3094 4139 vobis
3149 4082 3330 4136 laudes
3363 4082 3595 4135 vendere

2010 4186 2427 4245 consueverunt,
2457 4186 2511 4232 et
2538 4192 2632 4231 vos
2684 4177 2735 4231 in
2786 4192 3023 4233 errorezn
3083 4176 3354 4240 inducere,
3390 4185 3447 4229 ut
3488 4191 3615 4228 non.

2011 4283 2190 4322 coram
2222 4267 2353 4332 Deo,
2385 4269 2478 4321 sed
2535 4267 2604 4320 ab
2632 4266 2937 4321 hominibus
2983 4266 3203 4337 gloriam
3253 4267 3596 4336 qumrerctis.

2016 4360 2276 4414 Euntibus
2304 4371 2479 4413 autem
2512 4360 2617 4413 illis
2644 4374 2845 4426 emere,
2880 4360 3027 4413 venit
3049 4374 3296 4428 sponsus,
3325 4359 3374 4411 id
3407 4366 3488 4412 est
3516 4358 3609 4411 in-r

2013 4449 2333 4503 clinantibus
2360 4462 2417 4503 se
2440 4448 2547 4503 illis
2570 4450 2620 4504 in
2648 4464 2710 4503 ea
2733 4464 2851 4519 quin
2876 4448 3000 4503 foris
3031 4458 3172 4514 sunt,
3201 4457 3249 4503 et
3280 4448 3597 4516 soiitis-gau-

321 4536 521 4605 placet,
544 4553 650 4591 nun
674 4536 833 4593 habet
856 4538 1034 4592 oleum
1056 4553 1261 4593 secum.
1286 4539 1585 4595 Prudentes
1609 4551 1786 4595 autem
1815 4556 1907 4596 ac-
1939 4523 1990 4583 Ῐ)
2016 4543 2144 4598 dere
2166 4541 2548 4613 quaerentibus.
2578 4542 2700 4612 quia
2727 4541 2912 4613 gaudia
2941 4543 3148 4596 interna
3174 4558 3278 4595 non
3313 4550 3593 4609 noveranr,

317 4636 583 4695 ceperunt
607 4630 780 4683 oleum
812 4629 1058 4684 secemin
1088 4630 1252 4695 vasis,
1276 4645 1396 4686 cum
1419 4632 1753 4702 lampadibus
1775 4634 1908 4699 suis,

316 4716 371 4772 id
407 4728 509 4783 est,
534 4722 621 4774 lmt
646 4723 768 4774 tiam
797 4722 1054 4778 bonorum
1081 4737 1303 4793 operum
1324 4725 1375 4779 in
1396 4726 1558 4780 corde
1572 4734 1733 4796 atque
1751 4742 1909 4781 cons-

317 4809 520 4863 cientia
572 4820 863 4880 posuerunt
895 4829 908 4864 :
939 4812 1019 4867 sic
1047 4823 1101 4867 et
1132 4814 1421 4882 Apostolus
1450 4824 1634 4869 monet
1664 4833 1675 4867 :
1711 4816 1909 4870 Probet

318 4906 504 4954 autem
533 4914 593 4955 se
623 4901 805 4967 homo,
829 4904 997 4971 inquit
1022 4945 1038 4969 ,
1068 4912 1121 4957 et
1145 4914 1268 4960 tunc
1300 4905 1350 4960 in
1378 4908 1669 4975 semetipso
1692 4906 1907 4963 habebit

316 4990 571 5058 gloriam,
595 5001 772 5048 etnon
796 4994 850 5048 in
873 4995 1060 5050 altero.
1091 4996 1358 5052 Tardante
1387 5013 1515 5053 vero
1548 5014 1766 5066 sponso,
1786 5001 1911 5055 dor-

319 5080 558 5136 mierunt
580 5098 765 5139 omnes
784 5102 797 5138 :
819 5088 939 5155 quia
962 5101 1027 5141 ex
1051 5095 1281 5157 utroque
1306 5103 1500 5157 genere
1520 5092 1907 5148 continentium

292 5172 623 5239 hominum,
653 5176 766 5230 sive
790 5191 977 5231 eorum
1002 5179 1089 5247 qui
1128 5194 1307 5233 coram
1339 5180 1449 5235 Deo
1477 5182 1767 5250 exsultant,
1795 5185 1908 5240 sive

313 5279 508 5319 eorum
557 5268 645 5335 qni
691 5267 743 5321 in
796 5268 1043 5324 laudibus
1091 5270 1366 5325 hominum
1401 5274 1905 5345 aequicscunt,m0-

314 5360 533 5411 riun'ur
565 5357 667 5413 hoc
713 5359 997 5414 intervallo
1022 5362 1303 5432 temporis,
1336 5363 1506 5419 donec
1529 5366 1630 5419 sub
1669 5368 1901 5422 adventu

316 5448 533 5503 Domini
580 5453 671 5505 liat
712 5456 1045 5510 resurrectio
1101 5469 1456 5512 mortuorum.
1503 5459 1673 5514 Media
1728 5472 1904 5517 autem

315 5550 501 5605 nocte,
531 5542 578 5595 id
601 5552 686 5598 est
708 5546 852 5599 nullo
879 5548 1084 5602 sciente
1112 5558 1201 5603 aut
1230 5558 1483 5619 sperante
1518 5550 1738 5621 (quippe
1783 5568 1904 5608 cum

288 5690 291 5691 ν
319 5646 434 5700 Ipse
466 5632 605 5688 dicat
639 5635 897 5692 Dominus
929 5657 942 5694 :
980 5639 1053 5694 De
1074 5640 1161 5695 die
1181 5650 1361 5696 autem
1388 5640 1474 5696 illa
1498 5651 1551 5696 ct
1572 5642 1722 5712 hora,
1750 5662 1909 5701 neruo

316 5726 418 5781 scit
451 5743 463 5781 :
494 5735 547 5782 et
591 5727 884 5798 Apostolus
928 5731 1058 5787 dicit
1086 5751 1098 5787 :
1131 5733 1250 5791 Dies
1282 5733 1494 5792 Domini
1542 5744 1791 5809 tanquam
1821 5738 1905 5795 fur

2017 4640 2161 4691 ven't
2192 4636 2279 4690 ille
2322 4637 2410 4706 qui
2461 4636 2687 4706 j‘ndicat,
2718 4643 2772 4689 et
2802 4649 2920 4705 qua:
2961 4642 3161 4704 parata:
3209 4645 3379 4703 erant,
3416 4636 3466 4689 id
3518 4645 3600 4689 est

2017 4729 2208 4798 quibus
2265 4728 2461 4782 bonum
2510 4742 2693 4782 coram
2727 4727 2835 4781 Deo
2876 4727 3237 4782 testimonium
3268 4727 3600 4782 conscient'a

2019 4822 2353 4893 perhibebat,
2390 4824 2655 4877 intrarunt
2703 4837 2823 4876 cum
2848 4837 2913 4876 eo
2940 4821 2991 4876 in
3036 4821 3144 4893 [ad]
3175 4824 3409 4894 nuptias.
3439 4823 3490 4877 id
3521 4834 3600 4878 est

2017 4915 2105 4969 ubi
2138 4915 2335 4969 munda
2358 4914 2535 4968 anima
2565 4914 2888 4984 sempiterna
2933 4915 3026 4969 Dei
3059 4916 3224 4970 verbo
3269 4915 3599 4970 fecundanda

2020 5008 2324 5077 copulatur.
2353 5007 2545 5062 Clausa
2594 5016 2676 5061 est
2717 5008 2900 5076 janua,
2926 5007 2979 5062 id
3009 5018 3095 5063 est
3126 5010 3353 5077 receptis
3383 5008 3484 5062 illis
3509 5010 3597 5075 qtti

1995 5103 2142 5154 sunt
2169 5099 2222 5154 in
2254 5099 2547 5169 angelicam
2575 5100 2737 5154 vitam
2768 5099 3034 5154 immutati
3065 5116 3080 5155 ε
3110 5100 3308 5155 Omnes
3349 5100 3491 5152 enim
3517 5114 3599 5151 rc-

2014 5204 2324 5259 surgemus,
2358 5189 2568 5260 inquit,
2606 5190 2699 5245 sed
2748 5205 2853 5247 non
2910 5208 3101 5248 omnes
3158 5189 3598 5246 immutabimur:

2013 5282 2226 5335 clausus
2284 5289 2368 5336 cst
2416 5282 2593 5340 aditus
2642 5284 2709 5337 ad
2739 5299 2958 5355 regnum
2989 5280 3408 5341 cm!orum.Non
3454 5281 3600 5335 enim

2011 5381 2130 5441 post
2176 5372 2436 5442 judicium
2480 5386 2627 5446 patet
2659 5391 2877 5445 precum
2930 5384 3022 5429 aut
3077 5377 3390 5431 meritorum
3424 5376 3600 5433 locus.

2012 5464 2315 5519 Novissime
2368 5475 2548 5522 autem
2574 5469 2795 5524 veniunt
2824 5476 2880 5523 et
2905 5468 3122 5537 reliqua:
3153 5468 3381 5537 virgines
3410 5470 3599 5525 dicen-

2012 5564 2093 5610 tes
2125 5572 2138 5610 :
2178 5556 2423 5622 Domine,
2452 5558 2699 5627 Domine,
2729 5561 2883 5627 aperi.
2922 5559 3073 5614 nobis
3107 5575 3121 5613 :
3157 5576 3261 5614 non
3292 5562 3493 5617 dictum
3517 5574 3597 5619 est

2010 5649 2150 5718 quod
2182 5652 2411 5705 emerint
2438 5652 2636 5716 oleum,
2662 5661 2715 5707 et
2745 5650 2863 5707 ideo
2892 5651 3253 5723 intelligenda:
3286 5664 3434 5718 sunt.
3455 5658 3599 5712 uultu

2007 5740 2117 5810 jam
2141 5752 2454 5801 remanente
2478 5744 2547 5801 de
2574 5745 2766 5803 alienis
2794 5744 3037 5805 laudibus
3064 5751 3281 5824 gaudio,
3315 5750 3386 5809 in.
3403 5768 3594 5825 angus.
