4016 6184
451 393 552 449 979

1523 388 1587 444 Ι).
1631 388 1951 445 EUGYPPll
1994 390 2286 446 ABDATIS
2323 388 2646 444 AFRICANI

3614 399 3720 452 980

447 507 534 557 tiis
565 515 618 559 et
649 505 856 571 magnis
885 502 1263 558 afflictionibus
1302 501 1477 557 redire
1511 503 1576 558 ad
1608 503 2039 572 implorationem
2071 508 2120 564 Α
2143 512 2464 568 creaturam,
2489 503 2712 559 denario
2744 518 2968 560 numero
3012 506 3316 562 insinuatur
3352 526 3370 562 :
3402 524 3523 578 quae
3564 511 3730 567 disci-

449 598 566 651 llei.
587 599 689 652 Sed
722 612 912 667 magna
937 605 1023 652 est
1051 595 1172 666 ejus
1190 597 1446 652 severitas
1475 603 1592 664 post
1609 595 1864 664 judicium
1887 596 2037 662 cujus

447 699 571 742 ante
598 689 854 757 judicium
881 688 1170 744 ineflabilis
1199 688 1566 743 misericordia
1592 696 1885 757 prmrogata
1913 696 1996 742 est
2021 702 2034 739 :

448 780 625 841 itaque
667 779 996 847 respondens
1040 780 1114 832 ait
1145 796 1158 830 :
1187 781 1354 832 Amen
1386 777 1507 832 dico
1535 778 1690 832 vobis
1725 777 1867 846 quod
1903 792 2026 831 nes-

447 872 534 924 cio
551 886 673 934 vos;
700 885 766 925 ex
793 872 877 923 illa
907 871 1109 924 scilicet
1131 870 1341 938 regula,
1360 884 1463 938 qua
1492 885 1598 922 non
1625 869 1788 923 habet
1810 885 1897 923 ars
1921 869 2036 933 Dei,

451 962 552 1015 hoc
570 971 650 1015 est
664 963 921 1030 sapientia
941 963 1056 1027 Dei,
1077 963 1342 1016 utintrent
1357 962 1408 1015 in
1428 961 1677 1026 gaudium
1691 962 1807 1028 ejus
1822 961 1908 1029 qui
1935 976 2038 1014 non

448 1067 629 1106 coram
665 1052 902 1116 Deo,sed
933 1063 990 1105 ut
1014 1054 1284 1119 placerent
1309 1050 1754 1114 hominibus,visi
1778 1061 1906 1104 sunt
1934 1051 2039 1105 ali-

448 1144 578 1210 quid
609 1143 902 1198 secundum
937 1153 1203 1212 pratcepla
1222 1143 1338 1211 ejus
1359 1141 1594 1210 operari.
1623 1143 1794 1210 Atque
1815 1141 1884 1194 ita
1908 1155 2040 1194 con-

449 1233 618 1288 cludit
649 1250 661 1284 :
688 1232 914 1302 Yigilate
950 1247 1099 1299 ergo,
1145 1232 1269 1300 quia
1298 1231 1518 1286 nescitis
1557 1231 1698 1286 diem
1731 1245 1903 1298 neque
1947 1230 2041 1284 ho-

449 1339 566 1378 ram
595 1345 607 1379 ε
636 1341 742 1378 non
773 1324 934 1378 modo
965 1325 1104 1376 illius
1152 1322 1325 1376 ultimi
1355 1321 1615 1389 temporis
1641 1336 1743 1391 qua
1785 1329 2044 1375 venturus

450 1423 534 1469 est
558 1429 807 1483 sponsus,
833 1415 926 1470 sed
955 1429 1066 1467 sua:
1086 1412 1312 1481 quisque
1337 1412 1674 1466 dormitionis
1697 1411 1838 1466 diem
1867 1421 1923 1466 et
1945 1412 2042 1464 bo-

454 1524 568 1562 ram
593 1506 786 1562 nescit.
804 1505 1058 1575 Quisquis
1081 1514 1259 1558 autem
1291 1515 1506 1573 paratus
1527 1513 1607 1558 est
1636 1519 1801 1572 usque
1829 1504 1892 1557 ad
1914 1518 2057 1559 som-

453 1617 604 1667 num,
629 1600 680 1654 id
705 1609 787 1655 est
809 1615 977 1669 usque
1001 1598 1070 1652 ad
1102 1609 1352 1660 mortem,
1373 1612 1494 1667 qua:
1518 1598 1766 1650 omnibus
1792 1596 2042 1663 debetur,

455 1702 669 1757 paratus
715 1689 1015 1745 invenietur
1037 1688 1196 1744 etiam
1229 1702 1348 1742 cum
1398 1687 1485 1740 illa
1531 1702 1634 1740 vox
1685 1685 1860 1742 media
1889 1695 2049 1741 nocte

454 1781 727 1845 senuerit,
783 1795 886 1850 qua
942 1793 1132 1833 omnes
1181 1776 1483 1848 evigilaturi
1533 1784 1678 1830 sunt.
1711 1775 1864 1841 Quod
1919 1791 2049 1832 vero

2142 593 2310 662 plina,
2339 594 2574 662 quandiu
2597 595 2878 664 corporeis
2900 596 3135 652 motibus
3166 600 3539 668 tetnporaliter
3561 603 3733 671 signi-

2143 684 2354 748 ﬁeatur,
2379 685 2651 740 credendo
2673 694 2908 753 constat,
2931 696 2985 742 et
3005 703 3186 743 rerum
3211 701 3485 759 gestarum
3509 695 3732 748 venierr

2141 774 2272 827 tium
2332 783 2495 844 atque
2550 777 2941 832 transeuntium
2984 781 3324 848 auctoritate,
3379 784 3532 852 quasi
3594 785 3739 840 lacte

2143 866 2394 934 parvulos
2427 868 2630 933 nutrit,
2665 876 2727 923 ut
2763 869 2987 925 idoneos
3038 868 3202 926 faciat
3244 875 3689 943 contemplationi
3719 921 3736 944 ,

2141 971 2260 1024 qua:
2289 972 2396 1010 non
2430 958 2576 1012 venit
2605 969 2658 1012 et
2691 960 2902 1026 transit,
2932 961 3026 1015 sed
3055 977 3272 1031 semper
3299 975 3518 1031 manet;
3550 968 3602 1019 in
3630 983 3741 1035 qua

2141 1044 2370 1114 quisque
2398 1047 2624 1101 narratis
2684 1048 2785 1102 sibi
2819 1049 2980 1104 rebus
3007 1094 3022 1118 ,
3055 1050 3312 1107 divinitus
3367 1058 3743 1126 temper-aliter

2145 1151 2243 1205 pro
2272 1138 2445 1192 salute
2473 1138 2753 1194 hominum
2778 1141 2942 1210 gestis
2965 1143 3080 1196 sive
3110 1143 3384 1212 gerendis,
3410 1162 3530 1214 qum
3559 1149 3744 1201 adhuc

2144 1226 2320 1282 futura
2353 1228 2712 1297 praedicantur
2740 1270 2754 1294 ,
2799 1231 2844 1285 si
2895 1234 3256 1299 permanserit
3285 1236 3337 1288 in
3370 1235 3494 1301 ﬁde,
3528 1249 3582 1290 et
3614 1254 3744 1304 pre—

2145 1322 2308 1374 missa
2339 1321 2660 1386 speraverit,
2693 1329 2747 1375 et
2777 1336 2896 1390 qua:
2935 1321 3115 1377 divina
3163 1326 3457 1379 auctoritas
3489 1329 3745 1396 praecipit

2145 1406 2454 1478 infatigabili
2500 1408 2764 1462 charitate
2815 1410 3040 1478 implere
3075 1415 3380 1478 curaverit,
3429 1426 3583 1470 recte
3612 1426 3746 1485 aget

2147 1500 2314 1554 vitam
2353 1497 2512 1568 hujus
2539 1500 2882 1556 necessitatis
2926 1511 2982 1556 et
3024 1505 3302 1572 temporis,
3342 1520 3460 1574 quae
3509 1522 3739 1562 numera

2147 1591 2555 1661 quadragesimo
2586 1591 3018 1647 commendatur.
3060 1595 3324 1662 Quoniam
3351 1596 3610 1653 denarius
3643 1617 3740 1652 nu-

2151 1698 2352 1748 merus,
2375 1683 2462 1751 qui
2485 1691 2646 1736 totam
2673 1682 2909 1737 insinuat
2929 1683 3292 1753 disciplinam,
3311 1696 3501 1758 quater
3522 1690 3746 1756 ductus,

2152 1771 2205 1826 id
2237 1781 2317 1827 est
2351 1788 2577 1826 numero
2624 1773 2714 1842 qui
2765 1775 2976 1843 corpori
3011 1775 3261 1831 tribuitur
3311 1780 3743 1849 multiplicatus,

455 1887 652 1939 sponso
684 1871 821 1926 dixit
846 1870 1062 1926 obviam
1090 1869 1312 1924 venisse
1342 1867 1597 1938 virgines,
1620 1867 1697 1922 sic
1739 1868 2040 1937 intelligen-
2069 1860 2117 1921 Β
2145 1864 2265 1930 quia
2322 1878 2416 1930 per
2460 1873 2637 1916 motus
2698 1865 3009 1934 corporales
3058 1866 3452 1923 administratio
3509 1872 3747 1940 geritur,

456 1963 582 2016 dum
630 1973 780 2031 puto,
810 1973 865 2016 ut
893 1977 960 2016 ex
1003 1959 1135 2029 ipsis
1161 1959 1456 2028 virginibus
1486 1966 1702 2012 consret
1729 1973 1790 2011 ea
1821 1973 1940 2026 qua:
1971 1957 2053 2011 di-

457 2056 598 2109 citur
651 2069 895 2122 sponsa:
932 2061 1184 2121 tanquam
1227 2051 1274 2105 si
1321 2048 1570 2104 omnibus
1624 2047 1940 2101 Christianis
1997 2048 2051 2102 itt

462 2145 759 2200 Ecrlesiam
785 2143 1249 2208 concurrentibus,
1271 2141 1365 2196 ﬁlii
1386 2141 1452 2196 ad
1475 2151 1700 2195 matrem
1726 2154 2053 2195 concurrere

461 2237 732 2299 dicantur,
754 2249 878 2289 cum
896 2249 957 2288 ex
979 2232 1108 2301 ipsis
1132 2229 1606 2300 ﬁliisjcongregatis
1627 2237 1836 2282 constet
1853 2242 1919 2284 ea
1935 2243 2054 2297 qua:

461 2327 660 2380 dicitur
687 2335 887 2379 mater.
908 2325 1057 2377 Nunc
1085 2324 1228 2378 enim
1253 2322 1578 2389 desponsata
1609 2330 1691 2375 est
1718 2320 1978 2384 Ecclesia,
2000 2330 2055 2376 et

461 2415 611 2482 virgo
639 2422 723 2466 est
747 2413 812 2466 ad
838 2411 1053 2480 nuptias
1073 2411 1437 2480 perducenda,
1458 2411 1510 2466 id
1533 2420 1615 2466 est
1645 2426 1765 2465 cum
1791 2425 1849 2464 se
1876 2411 2055 2465 conti—

463 2513 554 2556 net
603 2518 631 2555 a
671 2501 1017 2570 corruptione
1045 2502 1289 2556 saeculari
1321 2519 1334 2555 :
1368 2501 1459 2555 illo
1481 2511 1659 2556 autem
1697 2511 1936 2570 tempore
1959 2517 2057 2554 nu-

472 2595 585 2654 bet,
616 2606 722 2661 quo
764 2590 1009 2645 universa
1061 2591 1387 2644 mortalitate
1419 2600 1800 2659 pra-tereuute,
1836 2591 2056 2644 immor-

474 2683 567 2737 tali
636 2682 1016 2750 conjunctione
1093 2680 1295 2737 fructur
1347 2701 1359 2735 :
1421 2683 1789 2751 Desponsavi,
1846 2683 2055 2752 inquit,

467 2788 564 2826 vos
604 2774 690 2826 uni
741 2774 890 2839 viro,
933 2772 1199 2844 virginem
1249 2783 1449 2828 castam
1495 2774 1751 2830 exhibere
1807 2773 2056 2840 Christo;

473 2866 604 2932 Vos,
632 2865 839 2934 inquit,
876 2863 1158 2933 virginem,
1179 2880 1209 2919 a
1241 2865 1433 2932 plurali
1462 2864 1528 2919 ad
1582 2865 1902 2934 singularem
1931 2879 2058 2919 con-

469 2959 719 3013 t-ludens.
748 2957 874 3014 ldeo
918 2967 973 3013 et
1003 2957 1237 3028 virgines
1274 2957 1376 3012 dici
1407 2968 1650 3025 possunt,
1680 2968 1734 3011 et
1754 2957 1933 3026 virgo;
1966 2972 2061 3010 cur

473 3057 654 3102 autem
675 3048 909 3116 quinque
937 3047 1094 3102 dicta:
1113 3047 1241 3110 sint,
1263 3057 1318 3101 ut
1349 3047 1480 3101 mihi
1507 3046 1740 3114 videtur,
1757 3048 2058 3115 expositum

468 3149 572 3193 est.
606 3137 712 3193 Sed
744 3137 984 3192 videmus
1013 3151 1158 3192 nunc
1187 3137 1240 3191 in
1280 3136 1584 3205 aenigmate,
1616 3146 1740 3192 tunc
1768 3145 1946 3190 autem
1976 3135 2056 3189 fa-

2152 1968 2253 2021 qua
2285 1953 2484 2008 dictum
2515 1963 2596 2008 est
2620 1953 2778 2007 ﬁdem
2811 1967 3083 2023 constare,
3127 1959 3594 2029 quadragesimum
3638 1981 3746 2017 nu-

2155 2059 2361 2098 merum
2393 2043 2608 2097 conﬁcit
2637 2061 2650 2095 :
2682 2045 2750 2098 ita
2786 2045 3037 2114 impetrat
3066 2050 3224 2102 etiam
3257 2051 3504 2106 stabilem
3532 2064 3586 2107 et
3616 2054 3746 2107 nul-

2155 2133 2256 2188 lius
2291 2136 2549 2204 temporis
2596 2137 2923 2205 indigentem
2965 2139 3308 2207 sapientiam,
3351 2159 3468 2211 qua:
3513 2144 3750 2198 denario

2154 2239 2380 2278 numero
2409 2227 2839 2292 commendatur,
2871 2238 2930 2282 ut
2968 2228 3036 2282 ad
3089 2231 3438 2302 quadraginta
3474 2233 3752 2288 addantur

2155 2317 2378 2381 decem;
2419 2319 2544 2386 quia
2593 2331 2647 2373 et
2694 2331 2874 2388 partes
2913 2322 3149 2389 aequales
3195 2323 3602 2392 quadragenarii
3653 2341 3750 2378 ηας

2156 2409 2334 2472 meri,
2383 2408 2542 2462 simul
2571 2408 2784 2474 ductze,
2837 2411 2902 2463 ad
2950 2413 3332 2483 quinquaginta
3379 2415 3750 2484 perveniunt;

2158 2509 2336 2568 partes
2378 2509 2555 2554 autem
2592 2502 2824 2569 aequales
2857 2502 3018 2558 habet
3045 2506 3500 2575 quadragenarius
3552 2524 3751 2563 nume—

2157 2604 2268 2653 rus,
2301 2590 2475 2657 primo
2505 2591 2855 2659 quadraginta
2889 2593 2939 2646 itt
2971 2596 3196 2663 singulis
3219 2635 3236 2660 ,
3262 2596 3456 2650 deinde
3476 2597 3668 2665 viginti
3699 2599 3752 2652 in

2158 2681 2320 2745 binis,
2349 2679 2543 2735 deinde
2589 2681 2776 2736 decem
2830 2682 2882 2736 in
2926 2685 3222 2752 quaternis.
3255 2696 3378 2740 octo
3423 2687 3472 2739 in
3502 2688 3703 2755 quinis
3735 2731 3751 2753 ,

2157 2773 2392 2841 quinque
2413 2773 2465 2826 in
2487 2775 2717 2839 octonis,
2745 2783 2973 2842 quatuor
3001 2774 3054 2828 in
3080 2775 3252 2839 denis,
3276 2776 3412 2831 duas
3435 2777 3483 2830 in
3507 2778 3752 2834 vicenis.

2163 2861 2338 2915 linum
2365 2877 2517 2932 ergo,
2546 2870 2601 2917 et
2626 2862 2754 2930 duo,
2776 2873 2830 2918 et
2857 2877 3107 2932 quatuor,
3138 2878 3191 2921 et
3217 2869 3467 2935 quinque,
3500 2878 3555 2921 et
3584 2883 3753 2934 ueto,

2161 2965 2208 3004 et
2240 2954 2468 3018 decem,
2498 2964 2552 3008 et
2583 2954 2767 3023 viginti
2796 2955 2953 3010 simul
2984 2955 3142 3010 ducta
3163 3000 3178 3025 ,
3213 2956 3301 3011 efli
3340 2959 3449 3010 iuni
3473 2959 3754 3027 quinqua-

2160 3042 2324 3112 ginta.
2377 3046 2716 3114 Quapropter
2767 3046 2906 3100 sicut
2945 3045 3403 3116 quadragenarius
3433 3063 3705 3105 numerus
3735 3092 3754 3116 ,

2161 3134 2454 3202 mquahbus
2485 3135 2596 3189 suis
2649 3135 2888 3202 partibus
2937 3135 3294 3203 computatis,
3349 3138 3480 3205 parit
3505 3138 3760 3205 amplius

462 3231 546 3284 cie
571 3228 636 3282 ad
666 3228 853 3284 faciem
879 3247 890 3280 :
914 3236 970 3283 et
999 3243 1143 3283 nunc
1166 3242 1231 3282 ex
1264 3237 1434 3296 parte,
1461 3238 1587 3282 tunc
1615 3237 1790 3281 autem
1820 3241 1885 3280 ex
1915 3235 2053 3280 toto.
2083 3213 2127 3273 C
2160 3224 2463 3291 denarium,
2497 3235 2551 3278 et
2580 3227 2638 3278 lit
2663 3227 3153 3296 quinquagenarius
3181 3243 3199 3285 :
3230 3229 3308 3284 sic
3352 3237 3558 3299 tempus
3591 3230 3756 3297 ﬁdei,

471 3336 648 3386 ipsum
673 3331 847 3373 autent
871 3319 924 3373 in
949 3319 1232 3390 arnigmate
1255 3328 1312 3375 et
1339 3333 1404 3374 ex
1445 3328 1596 3387 parte
1636 3333 1776 3372 nunc
1806 3318 1857 3372 in
1883 3317 2060 3387 Scrip-

465 3411 597 3462 turis
649 3409 848 3477 aliquid
900 3423 1147 3478 cernere,
1170 3408 1313 3478 quod
1345 3418 1522 3462 tamen
1546 3408 1616 3461 sit
1642 3407 1934 3463 secundum
1965 3421 2059 3462 ca-

467 3500 719 3553 tholicam
749 3500 928 3563 Iidem,
954 3513 1020 3553 ex
1052 3498 1142 3552 illo
1191 3500 1413 3568 pignore
1442 3499 1699 3566 contingit
1737 3499 1878 3568 quod
1903 3513 2057 3554 acce-

465 3592 545 3662 pit
584 3590 733 3660 virgo
776 3589 1039 3655 Ecclesia,
1078 3590 1263 3645 humili
1293 3590 1525 3645 adventu
1552 3591 1734 3659 sponsi
1782 3592 1885 3654 sui,
1935 3607 2059 3659 qua:

466 3686 558 3742 illo
581 3685 771 3739 ultimo
797 3683 1028 3738 adventu
1051 3726 1064 3749 ,
1093 3697 1212 3738 cum
1242 3682 1420 3737 veniet
1447 3681 1499 3736 iit
1526 3682 1793 3749 claritate,
1829 3691 2058 3750 nuptura

466 3787 570 3843 est,
594 3791 715 3832 cum
735 3775 845 3845 jam
872 3775 1006 3830 facie
1027 3773 1093 3828 ad
1125 3773 1310 3828 facient
1336 3772 1708 3828 contuebitttr.
1736 3771 1890 3826 Dedit
1912 3775 2057 3827 enim

467 3872 620 3928 nobis
651 3871 845 3942 pignus
874 3868 1159 3940 Spiritum,
1192 3869 1330 3922 sicut
1358 3868 1487 3921 dicit
1515 3866 1828 3936 Apostolus,
1859 3874 1914 3921 et
1936 3865 2060 3922 ideo

467 3965 570 4019 ista
600 3963 866 4032 expositio
911 3961 1043 4017 nihil
1075 3971 1282 4016 certum
1332 3961 1590 4027 intuetur,
1631 3961 1732 4016 nisi
1771 3970 1830 4015 ut
1864 3976 2060 4016 secun-

467 4059 591 4111 tlum
664 4057 821 4110 ﬁdem
863 4056 952 4119 sit,
994 4071 1165 4124 neque
1215 4053 1335 4110 aliis
1385 4053 1696 4124 praeiudicat
1749 4071 1868 4125 qua:
1917 4055 2059 4111 nihi—

469 4149 701 4206 luminus
726 4149 1018 4204 secundum
1066 4147 1222 4200 ﬁdem
1267 4160 1388 4200 esse
1448 4147 1739 4214 potuerint.

958 4287 1186 4342 CAPUT
1225 4285 1447 4340 CCLXX
1460 4286 1498 4340 X
1511 4285 1572 4339 γ.

477 4383 552 4437 De
583 4384 698 4448 Qua
720 4379 995 4452 frugest'ma
1020 4387 1067 4431 ει
1095 4377 1565 4447 Quinquagcst'ma;
1597 4391 1658 4429 ex
1698 4375 1874 4429 eodem
1905 4375 2056 4428 libro.

540 4513 729 4567 Omnis
784 4510 1047 4580 sapientia
1097 4518 1149 4564 et
1197 4507 1478 4576 disciplina
1524 4507 1735 4580 [Omnis
1778 4508 2062 4577 sapientiae

2160 3329 2340 3368 rerum
2386 3331 2482 3384 pro
2513 3325 2697 3370 nostra
2727 3316 2901 3372 salute
2927 3326 3198 3386 gestarum
3229 3327 3286 3374 et
3335 3320 3704 3388 gerendarum
3734 3363 3752 3387 ,

2160 3421 2282 3460 cum
2312 3407 2568 3476 aequitate
2594 3408 2716 3462 vita:
2743 3417 2947 3474 actum,
2999 3409 3250 3479 impetrat
3279 3411 3609 3467 intellectum
3635 3427 3754 3467 Sta-

2160 3497 2282 3553 bilis
2312 3500 2592 3568 sapientim
2619 3516 2634 3564 ;
2679 3511 2734 3554 ut
2767 3515 2869 3556 non
2901 3501 3072 3556 solum
3104 3503 3394 3568 credendo,
3444 3505 3535 3558 sed
3578 3507 3753 3560 etiam

2162 3587 2509 3660 intelligendo
2572 3591 2855 3660 disciplina
2927 3592 3191 3648 ﬁrmetur.
3252 3595 3318 3648 Et
3364 3594 3479 3648 ideo
3514 3609 3585 3648 ea
3628 3613 3755 3666 qum

2162 3695 2304 3735 nunc
2334 3690 2418 3736 est
2449 3681 2720 3750 Ecclesia,
2751 3684 2996 3753 quamvis
3029 3685 3120 3738 ﬁlii
3154 3685 3247 3740 Dei
3286 3685 3472 3748 simus,
3503 3698 3637 3742 ante
3668 3700 3755 3741 ta-

2161 3789 2282 3828 men
2313 3791 2470 3844 quam
2499 3787 2757 3845 appareat
2787 3778 2913 3846 quid
2952 3777 3191 3843 erimus,
3222 3778 3275 3832 iit
3304 3778 3580 3833 laboribus
3612 3790 3667 3834 et
3700 3781 3752 3835 in

2161 3866 2538 3923 afﬂictionibus
2567 3869 2696 3939 agit,
2725 3879 2781 3924 et
2813 3871 2861 3921 in
2890 3884 2952 3924 ea
2970 3869 3146 3939 justus
3170 3885 3237 3926 ex
3279 3871 3384 3926 ﬁde
3416 3873 3544 3926 vivit
3578 3891 3592 3925 :
3637 3873 3752 3928 Nisi

2162 3957 2304 4012 enim
2354 3957 2694 4012 credideritis
2716 3999 2731 4022 ,
2765 3959 2937 4026 inquit
2966 3999 2982 4026 ,
3034 3974 3141 4014 non
3178 3959 3506 4029 intelligetis.
3541 3962 3612 4015 Et
3654 3965 3756 4017 hoc

2164 4056 2251 4102 cst
2283 4057 2495 4118 tempus
2526 4065 2632 4118 quo
2663 4050 3062 4117 ingemiscimus
3109 4060 3165 4105 et
3212 4052 3455 4106 dolemus
3480 4091 3495 4114 ,
3551 4069 3757 4123 exspe-

2162 4147 2369 4194 ctantes
2403 4140 2828 4205 redemptionem
2851 4143 3094 4209 corporis
3121 4145 3312 4206 nostri,
3338 4144 3476 4210 quod
3504 4145 3760 4208 Quadra-

2161 4230 2363 4298 gesima
2393 4229 2718 4285 celebratur.
2748 4229 2961 4284 Scimus
2985 4241 3163 4285 autem
3194 4233 3317 4301 quia
3348 4250 3466 4286 cum
3497 4238 3761 4301 apparuit

2163 4319 2516 4392 [apparuerit]
2539 4320 2745 4375 similes
2772 4321 2850 4374 illi
2881 4325 3113 4387 erimus,
3154 4325 3406 4391 quoniam
3450 4325 3762 4382 videbimus

2163 4429 2284 4465 eum
2306 4414 2461 4467 sicuti
2491 4422 2576 4468 est
2604 4430 2616 4465 :
2641 4427 2760 4467 cum
2785 4412 3013 4468 addetur
3033 4413 3284 4468 denarius
3305 4414 3764 4485 quadragenario,
3809 4419 3815 4424 “

2166 4520 2221 4564 ut
2252 4526 2357 4563 nan
2390 4509 2562 4564 solum
2591 4509 2817 4564 credere
2861 4523 2981 4577 qua:
3024 4508 3298 4576 pertinent
3336 4510 3401 4562 ad
3431 4509 3595 4562 ﬁdem
3616 4552 3632 4576 ,
3669 4513 3766 4566 sed

470 4601 775 4674 disciplina]
800 4612 882 4658 est
910 4616 1032 4672 quas
1061 4599 1126 4654 ad
1159 4598 1408 4654 homines
1441 4597 1769 4654 erudiendos
1802 4600 2058 4668 pertinet,
2088 4582 2139 4641 D
2164 4601 2328 4656 etiam
2371 4599 2706 4669 perspicuam
2726 4600 3008 4656 veritatem
3055 4599 3376 4670 intelligere,
3403 4616 3722 4657 mereamur
3750 4621 3767 4668 ;

473 4696 786 4751 Creatorem
815 4705 1228 4762 creaturamque
1254 4690 1592 4760 dignoscere,
1622 4700 1676 4745 et
1698 4691 1850 4745 illum
1878 4691 2060 4746 colere

473 4787 890 4852 dominantem,
942 4788 1100 4841 istam
1159 4784 1454 4854 subjectum
1513 4783 1684 4838 fateri.
1736 4783 1832 4839 Est
1880 4793 2061 4839 autem

475 4887 691 4933 creator
741 4879 883 4933 Deus
911 4918 926 4942 ,
955 4894 1021 4932 ex
1052 4891 1160 4947 quo
1191 4876 1367 4930 omnia
1402 4915 1418 4941 ,
1447 4891 1543 4944 per
1571 4891 1732 4945 quem
1760 4876 1939 4930 omnia
1965 4918 1979 4939 ,
2009 4877 2062 4929 iu

473 4987 582 5042 quo
604 4971 783 5026 omnia
819 4987 832 5022 :
865 4979 916 5024 et
950 4969 1072 5022 ideo
1100 4968 1335 5023 Trinitas
1367 4967 1546 5036 Pater,
1573 4977 1625 5022 et
1652 4966 1839 5032 Filius,
1865 4976 1919 5022 et
1943 4965 2067 5037 Spi-

478 5067 615 5120 ritus
643 5073 861 5118 sanctus
890 5069 993 5115 est.
1039 5059 1300 5114 Creatura
1333 5074 1463 5115 vero
1490 5101 1504 5123 ,
1542 5057 1733 5128 partim
1767 5068 1850 5114 est
1879 5057 2065 5114 invisi-

477 5157 600 5212 bilis
628 5201 642 5224 ,
695 5155 836 5209 sicut
878 5152 1086 5204 animus
1110 5192 1126 5217 ,
1151 5151 1342 5218 partim
1365 5149 1588 5204 visibilis
1614 5191 1628 5214 ,
1659 5150 1797 5204 sicut
1821 5164 2018 5219 corpus
2049 5167 2061 5204 :

477 5247 731 5305 invisibili
765 5244 1035 5300 ternarius
1060 5256 1316 5297 numerus
1342 5240 1614 5296 tribuitur.
1651 5239 1824 5307 Quare
1845 5240 2067 5312 diligere

478 5346 763 5401 Dominum
816 5341 1099 5412 tripliciter
1125 5337 1413 5408 jubcmur,
1444 5354 1510 5395 ex
1547 5348 1658 5394 toto
1689 5339 1884 5403 corde,
1917 5350 1972 5394 et
1999 5355 2062 5394 ex

481 5449 588 5494 tota
619 5441 794 5493 anima
820 5479 834 5501 ,
865 5452 930 5491 ex
987 5445 1096 5490 tota
1156 5447 1336 5488 mente
1377 5451 1390 5487 :
1436 5433 1650 5501 corpori
1690 5433 2065 5503 qualernarius

481 5529 807 5604 [numerus],
841 5543 1058 5602 propter
1085 5527 1543 5585 evidentissimam
1569 5537 1811 5581 naturam
1841 5527 1977 5595 ejus,
2015 5526 2064 5579 id

482 5639 559 5677 est
581 5627 806 5680 calidam
833 5636 884 5680 et
910 5624 1172 5694 frigidam,
1192 5621 1464 5676 humidam
1489 5620 1754 5674 etsiccam
1773 5637 1784 5671 :
1805 5621 2067 5673 universa:

483 5735 529 5766 σει
543 5734 608 5785 go
624 5728 882 5771 creatura:
903 5717 1152 5771 tribuitur
1169 5715 1527 5783 septenarius.
1545 5712 1880 5781 Quapropter
1894 5711 2067 5764 omnis

483 5809 765 5873 disciplrna
800 5809 1116 5877 dignosccns
1147 5822 1200 5866 et
1229 5809 1544 5866 discernens
1565 5806 1874 5863 Creatorem
1906 5814 2065 5874 atque

277 6083 482 6153 ᾳ

2167 4695 2288 4749 talis
2320 4693 2559 4748 Ecclesia
2613 4693 2666 4747 in
2719 4708 2822 4761 qua
2868 4693 3043 4748 nullus
3073 4694 3176 4748 erit
3210 4707 3429 4760 maeror,
3460 4691 3611 4745 nulla
3647 4711 3768 4763 pcr-

2167 4786 2357 4840 mixtio
2387 4785 2650 4840 malorum
2683 4783 2982 4848 hominum,
3019 4784 3161 4838 nulla
3192 4784 3464 4853 iniquitas,
3483 4784 3581 4838 sed
3620 4786 3764 4840 laeti-

2168 4879 2265 4944 tia,
2287 4887 2344 4933 ct
2367 4894 2498 4948 pax,
2528 4888 2582 4932 et
2609 4877 2885 4946 gaudium,
2906 4876 3368 4946 Quinquagcsimre
3394 4875 3770 4933 celebratione

2171 4974 2540 5042 przeﬁguratur
2562 4979 3263 5040 :propterea,posteaquam
3291 4969 3547 5023 Dominus
3575 4982 3771 5025 noster

2175 5066 2352 5137 [.Iesus
2395 5061 2664 5131 Christus]
2691 5062 2996 5117 resurrexit
3034 5077 3061 5113 a
3109 5062 3336 5116 mortuis
3359 5101 3374 5126 ,
3409 5061 3770 5132 quadraginta

2173 5161 2362 5216 diebus
2394 5157 2624 5229 peractis
2650 5171 2771 5212 cum
2799 5155 3077 5223 discipulis
3106 5155 3217 5209 suis
3245 5197 3258 5217 ,
3289 5154 3477 5208 eadem
3508 5154 3631 5220 ipsa
3662 5156 3766 5208 sci-

2175 5255 2300 5308 licet
2326 5267 2419 5321 per
2451 5252 2592 5304 hunc
2622 5262 2907 5302 numerum
2942 5247 3207 5299 insinuata
3233 5245 3510 5314 temporali
3537 5246 3770 5315 dispen-

2173 5347 2383 5400 satione
2413 5359 2532 5413 qum
2561 5341 2626 5395 ad
2659 5340 2818 5394 ﬁdem
2875 5339 3108 5408 pertinet
3140 5378 3156 5403 ,
3212 5338 3454 5392 ascendit
3485 5335 3533 5388 in
3571 5338 3769 5392 cmlum

2175 5451 2225 5492 et
2256 5438 2444 5492 decem
2479 5433 2596 5488 aliis
2625 5433 2819 5486 diebus
2849 5429 3077 5498 peractis
3105 5469 3120 5492 ,
3155 5427 3300 5480 misit
3330 5427 3594 5494 Spiritum
3641 5442 3770 5479 san-

2175 5541 2346 5591 ctum,
2375 5528 2424 5580 id
2458 5537 2542 5580 est
2589 5533 2648 5579 ut
2695 5540 2800 5578 non
2853 5522 2916 5575 ad
2952 5522 3182 5574 humana
3213 5530 3266 5574 et
3298 5520 3642 5588 temporalia,
3678 5519 3773 5572 sed

2174 5623 2238 5677 ad
2269 5622 2446 5675 divina
2475 5628 2636 5686 atque
2665 5625 2864 5671 a'tcrna
2891 5612 3193 5670 continenda
3222 5653 3235 5676 ,
3287 5609 3518 5680 quodam
3569 5610 3774 5663 amoris

2175 5729 2224 5770 et
2257 5715 2541 5770 charitatis
2570 5713 2905 5782 spiramento
2933 5719 2987 5764 et
3022 5707 3267 5763 incendio
3299 5748 3313 5771 ,
3344 5705 3774 5775 quadragenarin

2178 5808 2430 5862 denarius
2463 5804 2787 5859 adderetur:
2819 5811 2870 5857 ct
2903 5801 3023 5856 ideo
3046 5800 3149 5868 jam
3184 5799 3285 5853 hoc
3327 5806 3493 5852 totum
3530 5837 3542 5862 ,
3593 5796 3645 5851 id
3694 5809 3774 5850 est
