3986 6190
446 346 551 403 983

1513 341 1575 396 D.
1618 337 1933 396 EUGYPNI
1978 334 2269 392 ABBATIS
2310 334 2630 393 AFRICANI

3591 328 3703 385 984

340 511 405 540 Α,
449 469 633 513 nostra
663 476 675 510 :
709 457 779 511 ita
809 462 863 511 et
892 468 991 510 nos
1019 453 1245 510 libenter
1274 450 1340 506 ad
1369 450 1487 521 ejus
1534 451 1885 506 imitationem
1941 451 2023 505 in-
2054 450 2104 509 Α
2133 465 2365 517 scamus,
2403 465 2498 520 per
2536 445 2813 504 charitatis
2839 444 3179 500 tolerantiam
3213 443 3592 513 perducamur;
3632 446 3711 498 ait

446 551 618 605 vicem
648 563 812 604 onera
845 556 1026 602 nostra
1057 554 1349 615 portemus.
1384 542 1520 596 liuic
1571 542 1882 611 cogitationi
1936 555 2024 596 ac-

420 692 424 697 .
448 641 591 695 cedit
612 641 772 694 etiam
796 637 885 693 illa
913 637 1184 707 :ogitatio,
1204 634 1325 706 quia
1349 634 1441 690 ille
1463 636 1700 704 suscepit
1728 633 2024 699 hominem,

449 748 550 787 nos
578 741 755 787 autem
785 730 1026 785 homines
1052 743 1262 795 sumus,
1297 738 1350 783 et
1370 728 1717 783 considerare
1742 726 2023 794 debemus,

447 823 586 893 quod
617 821 986 892 aegritudinem
1015 821 1130 876 sive
1160 820 1322 874 animi
1352 860 1368 886 ,
1418 820 1535 874 sive
1570 818 1834 887 corporis,
1866 832 2025 887 quam

447 916 501 967 in
542 913 757 966 homine
804 911 986 980 aliqua
1025 909 1270 964 videmus
1294 950 1309 972 ,
1342 907 1505 963 etiam
1550 921 1648 963 nos
1688 907 1888 963 habere
1934 920 2029 976 po-

447 1003 684 1071 tuimus,
734 1012 823 1056 aut
872 1014 1157 1071 possumus
1202 1016 1217 1054 :
1272 999 1374 1054 hoe
1419 1013 1547 1069 ergo
1597 998 1946 1054 exhibeamus
1976 996 2027 1054 ei

447 1094 603 1163 cujus
633 1093 997 1148 inﬁrmitatem
1053 1101 1268 1161 portare
1323 1091 1571 1145 volumus
1622 1089 1763 1160 quod
1819 1089 1887 1143 ab
1935 1088 2028 1143 illo

447 1185 607 1239 nobis
638 1184 902 1238 vellemus
924 1183 1194 1245 exhiberi,
1222 1181 1267 1235 si
1300 1180 1439 1235 forte
1468 1194 1567 1234 nos
1596 1180 1647 1234 in
1672 1194 1734 1233 ea
1762 1194 2023 1244 essemus,

447 1285 507 1332 et
532 1276 647 1345 ipse
678 1290 781 1329 non
809 1282 973 1329 esset.
1008 1272 1085 1327 Ad
1115 1273 1217 1327 hoc
1244 1271 1475 1341 pertinet
1502 1269 1643 1339 quod
1666 1270 1779 1338 ipse
1801 1272 2030 1339 Aposto-

451 1370 538 1424 lus
568 1369 640 1423 ait
673 1385 686 1421 :
715 1367 975 1423 Omnibus
1003 1367 1180 1420 omnia
1212 1365 1380 1418 iactus
1400 1378 1542 1428 sum,
1568 1371 1627 1415 ut
1655 1376 1843 1416 omnes
1870 1362 2027 1415 lucri-

450 1461 717 1525 facerem;
747 1457 1032 1530 cogitando
1060 1457 1270 1511 scilicet
1299 1456 1351 1510 in
1382 1470 1448 1509 eo
1478 1455 1607 1507 vitio
1636 1453 1794 1508 etiam
1826 1467 1886 1508 se
1911 1466 2030 1507 esse

452 1554 691 1620 potuisse
722 1551 865 1605 unde
905 1548 1154 1618 cupiebat
1190 1547 1350 1602 alium
1379 1544 1613 1601 liberari.
1647 1543 2029 1612 Compatiendo

450 1642 593 1696 enim
617 1642 791 1711 potius
817 1641 868 1695 id
890 1639 1099 1710 agebat,
1134 1654 1237 1694 non
1270 1637 1600 1701 mentiendo,
1633 1638 1774 1691 sicut
1803 1635 2020 1704 quidam

449 1731 811 1803 suSpicantur,
840 1740 895 1786 et
923 1731 976 1785 hi
1007 1731 1237 1786 maxime
1266 1732 1357 1799 qui
1407 1727 1700 1783 mendaciis
1739 1726 2027 1781 defenden-

2131 542 2271 597 enim
2308 562 2321 596 :
2348 541 2464 597 Non
2479 549 2561 596 est
2581 554 2714 609 opus
2738 539 2884 593 sanis
2905 536 3166 599 medicus,
3193 535 3705 605 seda’gmtantihus.

2132 634 2363 702 Ideoque
2386 633 2429 685 si
2455 640 2673 701 prepter
2696 629 2893 684 Christi
2913 628 3255 691 charitatem,
3284 629 3447 679 etiam
3475 641 3597 679 eum
3617 627 3708 694 qui

2130 725 2275 778 omni
2306 739 2369 777 ex
2400 733 2551 793 parte
2576 720 2821 776 fortassis
2849 728 3092 791 mgrotat,
3132 718 3399 787 repellere
3429 718 3497 770 ab
3525 719 3712 771 animo

2131 830 2238 869 non
2256 813 2533 877 debemus,
2558 814 2807 883 quoniam
2827 812 3003 866 sanari
3029 819 3203 879 potest
3225 825 3319 878 per
3341 809 3569 863 Verbum
3588 808 3711 872 Dei,

2129 912 2332 973 quanto
2359 904 2535 957 minus
2564 918 2685 958 eum
2716 902 2804 972 qui
2839 909 3120 972 propterea
3146 899 3301 953 nobis
3339 898 3505 953 videri
3534 908 3712 967 potest

2131 1003 2274 1049 toms
2301 1004 2532 1063 aagroms
2549 1034 2565 1060 ,
2597 993 2716 1063 quia
2738 991 2982 1062 quaedam
3002 990 3117 1058 ejus
3141 991 3320 1046 saucia
3349 993 3401 1045 in
3427 993 3599 1060 primo
3632 994 3715 1045 in-

2128 1099 2313 1155 gressu
2340 1084 2589 1139 amicitia:
2613 1100 2717 1139 non
2751 1081 3018 1152 potuimus
3046 1083 3352 1147 sustinere;
3381 1092 3435 1137 et
3456 1085 3600 1153 quod
3631 1094 3715 1138 est

2128 1179 2365 1247 gravius,
2408 1192 2528 1232 cum
2560 1176 2857 1231 oll'cnsione
2884 1174 3047 1228 animi
3076 1175 3144 1229 de
3186 1183 3299 1229 toto
3347 1174 3567 1230 homine
3595 1176 3712 1229 ausi

2129 1283 2313 1323 sumus
2344 1271 2682 1324 temerariam
2712 1266 3210 1339 prmjudiciili‘erre]
3224 1267 3567 1329 sententiam,
3603 1281 3709 1321 non

2132 1361 2378 1415 timentes
2407 1359 2549 1429 quod
2576 1360 2779 1415 dictum
2812 1369 2895 1414 est
2927 1376 2940 1412 :
2973 1358 3147 1413 Nolite
3171 1358 3433 1426 judicare,
3465 1372 3535 1411 ne
3560 1356 3710 1426 judi-

2129 1453 2352 1519 eemini;
2383 1463 2457 1519 et,
2485 1454 2537 1507 In
2568 1468 2673 1522 qua
2702 1467 2947 1507 mensura
2975 1451 3146 1507 mensi
3186 1449 3413 1514 fueritis,
3446 1448 3498 1503 in
3525 1465 3588 1503 ea
3624 1464 3713 1503 re-

2130 1544 2382 1599 metietur
2407 1544 2577 1599 vobis.
2606 1544 2759 1613 Saepe
2790 1554 2967 1597 autem
2995 1543 3081 1598 illa
3107 1557 3224 1611 qua!
3248 1541 3384 1595 bona
3409 1549 3537 1594 sunt
3567 1541 3714 1607 prius

2128 1643 2408 1704 apparent,
2439 1637 2490 1689 in
2519 1635 2713 1705 quibus
2742 1635 2904 1689 etiam
2937 1634 3277 1689 temerarium
3318 1632 3645 1688 benevolent
3668 1648 3712 1686 te

2130 1727 2381 1796 judicium
2409 1714 2826 1792 cavendum’est,
2853 1742 2940 1792 ne,
2971 1742 3091 1782 cum
3121 1734 3288 1780 totum
3315 1726 3511 1780 bonum
3556 1738 3712 1794 puta-

450 1827 533 1881 dis
564 1842 684 1896 qua:
713 1840 909 1895 negare
933 1840 1037 1879 non
1069 1832 1313 1894 possunt,
1338 1820 1564 1890 alicujus
1595 1820 1768 1890 magni
1798 1819 2027 1888 exempli
2060 1828 2108 1890 Β
2135 1821 2296 1886 veris,
2320 1836 2381 1875 ea
2408 1834 2527 1890 qua:
2558 1828 2738 1888 postea
2784 1818 2921 1873 mala
2962 1817 3327 1886 apparuerint,
3378 1830 3630 1871 securum
3660 1826 3712 1869 et

452 1917 807 1986 patrocinium
848 1916 1148 1986 requirunt.
1199 1912 1402 1967 Deinde
1440 1912 1600 1968 etiam
1634 1911 1762 1965 illud
1790 1910 2029 1979 cogitan-

451 2009 609 2072 dum,
645 2006 851 2061 nu‘lum
900 2019 1022 2060 esse
1066 2004 1334 2058 hominem
1363 2002 1451 2071 qui
1496 2016 1600 2056 non
1631 2001 1800 2071 possit
1830 2000 2029 2056 habere

450 2097 665 2167 aliquod
691 2098 887 2151 bonum
912 2095 1055 2164 quod
1083 2102 1138 2148 tu
1161 2092 1397 2148 nondum
1423 2091 1608 2157 babes,
1634 2091 1844 2147 etiamsi
1869 2092 2031 2147 lateat

452 2192 505 2242 in
532 2203 637 2257 quo
657 2187 775 2243 sine
804 2187 968 2242 dubio
991 2185 1162 2255 possit
1198 2198 1321 2239 esse
1362 2183 1628 2251 superior.
1668 2184 1799 2248 Quae
1828 2182 2029 2250 cogita-

453 2280 529 2331 tio
551 2279 615 2332 ad
633 2278 1063 2333 contundendam
1084 2284 1139 2331 et
1161 2272 1516 2329 edomandam
1536 2272 1840 2341 superbiam
1864 2271 2028 2335 valet,

453 2386 523 2426 ne
541 2370 821 2425 arbitreris
861 2369 1111 2439 quoniam
1161 2375 1247 2421 tua
1274 2366 1519 2435 quazdam
1551 2364 1688 2419 bona
1719 2364 1956 2419 eminent
1977 2372 2032 2419 et

450 2467 736 2528 apparent,
772 2461 894 2514 ideo
922 2459 1149 2514 alterum
1205 2456 1347 2511 nulla
1380 2456 1583 2511 habere
1611 2469 1730 2525 qua:
1752 2455 1948 2510 lateant
1979 2463 2032 2510 et

451 2549 679 2603 fortasse
725 2548 946 2617 majoris
989 2547 1243 2616 ponderis
1274 2547 1412 2599 bona
1443 2585 1458 2612 ,
1508 2545 1701 2615 quibus
1732 2554 1785 2599 te
1811 2555 2031 2615 superat
2085 2619 2091 2624 ἢ

448 2640 818 2703 nescientem;
870 2654 975 2693 non
1033 2638 1174 2693 enim
1233 2637 1340 2692 l'alli
1383 2653 1523 2702 nos,
1581 2647 1673 2692 aut
1721 2638 2031 2693 adulatione

450 2732 628 2797 p0tius
666 2730 738 2783 uti
766 2770 783 2793 ,
836 2730 1120 2800 Apostolus
1161 2729 1351 2799 jubet,
1384 2744 1505 2784 cum
1535 2730 1663 2784 dicit
1709 2747 1723 2783 :
1770 2730 1907 2785 Nihil
1938 2746 2032 2798 per

450 2819 873 2884 contentionem,
905 2834 1078 2886 neque
1105 2834 1199 2887 per
1221 2819 1431 2872 inanem
1454 2819 1699 2888 gloriam,
1726 2819 1818 2874 sed
1850 2820 1901 2873 in
1932 2819 2030 2873 htt-

451 2907 676 2961 militate
723 2909 951 2971 mentis;
992 2910 1130 2962 alter
1178 2909 1406 2963 alterum
1456 2909 1826 2965 existimantes
1872 2924 2033 2978 supe-

450 2999 649 3053 riorem
689 2999 789 3052 sibi
825 3016 839 3053 :
877 3016 982 3054 non
1038 2999 1139 3055 hoc
1190 3002 1262 3057 ita
1311 3002 1569 3057 debemus
1612 3004 1944 3067 existimare,
1974 3014 2032 3058 ut

449 3103 556 3144 non
583 3091 953 3147 existimemus
981 3133 996 3157 ,
1028 3092 1125 3147 scd
1155 3106 1253 3147 nos
1280 3092 1589 3150 existimare
1621 3094 1902 3165 ﬁngamus,
1934 3095 2026 3149 sed

2133 1913 2447 1982 imparatum
2477 1921 2529 1967 te
2555 1910 2825 1966 inveniant
2853 1920 2905 1965 et
2930 1911 3144 1980 gravius
3175 1908 3474 1971 oiTendant;
3500 1918 3560 1961 ut
3590 1924 3709 1961 eum

2131 2016 2289 2072 quem
2319 2011 2523 2058 temere
2552 2002 2842 2066 dilexeras,
2874 2001 3121 2055 arethius
3152 1999 3347 2063 oderis,
3376 1999 3519 2066 quod
3563 1997 3710 2051 nefas

2133 2102 2215 2149 est
2248 2109 2262 2146 :
2292 2095 2413 2163 quia
2442 2094 2652 2148 etiamsi
2681 2093 2819 2146 nulla
2847 2092 2965 2162 ejus
3005 2092 3140 2145 bona
3173 2090 3561 2159 prtecederent,
3598 2090 3710 2142 haec

2132 2199 2251 2255 quae
2300 2194 2419 2253 post
2458 2190 2817 2255 apparuezaut
2864 2182 3001 2236 mala
3045 2182 3189 2251 prius
3228 2180 3549 2244 eminerent,
3580 2178 3710 2233 tole-

2132 2278 2298 2333 randa
2348 2287 2523 2332 tamen
2582 2284 2756 2346 erant,
2785 2275 2958 2330 donec
3005 2274 3182 2328 omnia
3232 2288 3352 2327 cum
3401 2272 3493 2326 illo
3523 2286 3711 2338 ageres

2132 2369 2322 2440 quibus
2354 2372 2474 2424 ta'i't
2505 2368 2681 2423 sanari
2737 2368 2941 2431 solent;
2995 2374 3195 2435 quanto
3237 2363 3425 2431 magis,
3476 2376 3598 2416 cum
3649 2375 3708 2413 ea

2132 2460 2267 2515 bona
2296 2469 2681 2529 praecesserunt
2709 2474 2825 2528 quae
2852 2468 3103 2525 tanquam
3132 2456 3351 2525 pignora
3383 2469 3480 2508 nos
3508 2453 3595 2507 de'
3617 2462 3709 2507 ent

2132 2551 2199 2606 ad
2240 2555 2533 2621 posteriora
2576 2547 2851 2604 toleranda
2891 2546 3298 2614 constringere?
3326 2545 3441 2613 ipsa
3472 2553 3555 2597 est
3584 2556 3710 2611 ergo

2133 2643 2218 2697 lex
2291 2643 2490 2699 Christi
2545 2652 2601 2696 ut
2652 2641 2877 2696 invicem
2926 2653 3091 2692 onera
3146 2644 3323 2690 nostra
3382 2645 3710 2703 portemus:

2130 2734 2404 2792 Christum
2436 2745 2613 2789 autem
2646 2730 2916 2803 diligendo
2946 2729 3101 2783 facile
3125 2726 3450 2781 susﬁnemus
3481 2723 3710 2777 inﬁrmi-

2134 2840 2296 2885 tatem
2327 2830 2569 2892 alterius,
2592 2827 2751 2881 efiam
2780 2840 2937 2894 quem
2968 2821 3200 2875 nondum
3217 2831 3433 2890 propter
3458 2832 3552 2870 sua
3578 2820 3711 2871 bona

2132 2924 2428 2991 diligimus;
2464 2920 2762 2990 cogitamus
2792 2916 2934 2971 enim
2968 2915 3088 2984 quia
3122 2913 3209 2965 ille
3232 2926 3388 2978 quem
3416 2909 3707 2975 diligimus,

2132 3013 2388 3068 Dominus
2420 3019 2635 3079 propter
2651 3023 2772 3063 eum
2804 3017 3045 3061 mortuus
3067 3012 3169 3059 est.
3198 3004 3365 3069 Quam
3396 2999 3710 3053 charita'eut

2136 3104 2287 3159 nobis
2316 3101 2588 3170 apostolus
2620 3099 2813 3153 Paulus
2844 3096 3082 3165 ingessit,
3110 3107 3229 3148 cum
3252 3092 3449 3144 diceret
3476 3106 3488 3140 :
3526 3088 3593 3141 Et
3624 3102 3711 3154 pe-

447 3193 575 3234 vere
621 3182 990 3237 existimemus
1033 3196 1191 3250 posse
1246 3196 1366 3238 esse
1411 3183 1613 3253 aliquid
1654 3184 1923 3239 occultum
1975 3184 2027 3237 in

2139 3196 2261 3251 ribit
2290 3195 2534 3249 inﬁrmus
2576 3193 2628 3246 in
2659 3199 2747 3245 tua
2786 3188 3008 3243 scientia
3059 3187 3240 3249 lra’er,
3291 3191 3508 3251 propter
3553 3193 3708 3247 quem

447 3269 554 3323 alio
575 3286 680 3339 quo
705 3272 857 3327 nobis
896 3273 1144 3339 superior
1172 3274 1263 3341 sit,
1302 3274 1510 3329 etiamsi
1538 3275 1733 3329 bonum
1764 3284 2026 3339 nostrum,

446 3375 554 3426 quo
568 3362 658 3416 illo
670 3363 917 3418 videmur
930 3366 1233 3433 superiores
1244 3380 1387 3431 esse,
1407 3382 1512 3422 non
1527 3368 1589 3422 sit
1606 3368 1757 3422 oecul
1784 3384 1892 3422 um.
1912 3368 2030 3423 Istae

448 3450 801 3517 cogitationes
822 3453 1189 3521 deprimentes
1212 3456 1539 3522 superbiant,
1564 3466 1618 3511 et
1638 3467 1891 3527 augentes
1904 3459 2030 3512 cina-

447 3538 682 3605 ritatem,
720 3542 826 3612 62
845 3539 1044 3597 faciunt
1071 3558 1233 3597 onera
1264 3542 1499 3599 fraterna
1532 3547 1758 3601 invicem
1802 3564 1906 3602 non
1938 3563 2032 3603 so-

446 3631 553 3684 lum
581 3646 736 3702 aequo
761 3634 964 3700 animo,
995 3635 1090 3691 sed
1139 3636 1301 3692 etiam
1350 3637 1704 3694 libentissime
1748 3641 2025 3695 sustineri.

444 3722 601 3777 Nullo
634 3726 791 3780 modo
817 3735 995 3781 autem
1037 3727 1107 3783 de
1162 3743 1429 3798 quopiam
1489 3730 1707 3786 homine
1757 3733 2028 3803 incognito

445 3814 662 3871 ferenda
683 3818 944 3874 sententia
970 3828 1073 3882 est,
1105 3830 1158 3875 et
1188 3835 1346 3875 nemo
1378 3822 1478 3875 nisi
1514 3836 1609 3890 per
1629 3823 1916 3877 amicitiam
1937 3839 2027 3879 co-

443 3907 738 3974 gnoscitur.
780 3909 844 3962 Et
882 3908 1003 3964 ideo
1046 3910 1345 3964 amicorum
1397 3912 1534 3965 ma‘a
1562 3912 1763 3967 ﬁrmius
1793 3916 2029 3970 sustine-

445 4014 588 4066 mus,
614 4001 733 4068 quia
749 3999 885 4054 bona
908 4015 1093 4055 eorum
1125 4016 1221 4055 nos
1248 4002 1512 4057 delectant
1561 4011 1615 4057 et
1648 4013 1847 4058 tenent.
1892 4005 2026 4059 Nolo

443 4089 749 4159 liusitaque
780 4091 1110 4159 repudianda
1159 4102 1243 4148 est
1283 4094 1536 4158 amicitia,
1589 4108 1708 4149 sese
1739 4095 2028 4164 ingerentis

443 4182 508 4237 ad
538 4182 825 4238 amicitiam
866 4185 1245 4251 c0pulandam,
1278 4200 1381 4239 non
1408 4194 1467 4239 ut
1497 4187 1677 4240 Statim
1717 4188 2023 4256 recipiatur,

443 4273 538 4327 scd
570 4283 626 4328 ut
649 4274 987 4342 recipiendus
1009 4282 1245 4344 optetur,
1274 4283 1435 4345 atque
1465 4276 1534 4329 ita
1564 4286 1821 4332 tractetur
1853 4287 1907 4331 ut
1933 4293 2022 4332 re-

442 4364 547 4428 cipi
574 4365 770 4433 possit;
810 4365 956 4419 illum
988 4364 1130 4419 enim
1160 4375 1430 4434 receptum
1462 4368 1512 4420 iu
1558 4367 1848 4421 amicitiam
1899 4383 2023 4437 pos-

442 4470 629 4512 sumus
658 4456 859 4517 dicere,
909 4457 993 4511 cui
1026 4455 1205 4511 omnia
1239 4466 1423 4511 nostra
1469 4458 1691 4511 consilia
1743 4456 2024 4514 t'el‘undere

2132 3283 2375 3339 Christus
2411 3292 2651 3338 mortuus
2704 3280 2827 3334 est!
2865 3286 2920 3331 ut
2959 3276 3002 3331 si
3053 3276 3201 3329 illum
3263 3271 3529 3324 inﬁrmum
3589 3284 3706 3337 pro-

2132 3387 2251 3447 pter
2281 3376 2468 3431 vitium
2497 3389 2602 3444 quo
2629 3371 2872 3427 inﬁrmus
2906 3376 2989 3423 est
3024 3366 3199 3419 minus
3220 3363 3254 3417 d
3281 3363 3524 3431 ligamus,
3559 3361 3704 3411 illum

2132 3472 2185 3524 in
2214 3484 2279 3524 eo
2308 3467 2714 3523 consideremus
2736 3462 2824 3533 qui
2857 3468 3096 3513 mortuus
3141 3466 3223 3509 est
3252 3461 3466 3522 propter
3494 3452 3664 3519 ipsum
3690 3464 3705 3510 ;

2130 3560 2399 3614 Christum
2450 3568 2626 3611 autem
2660 3571 2764 3608 non
2806 3552 3051 3619 diligere,
3086 3563 3189 3602 non
3248 3543 3553 3603 inﬁrmitas,
3614 3541 3705 3593 sed

2130 3665 2275 3705 mors
2298 3658 2400 3704 est.
2433 3649 2767 3716 Quapropter
2796 3642 2997 3713 ingenti
3026 3654 3178 3705 cura,
3204 3645 3259 3691 et
3301 3635 3579 3701 implorata
3615 3632 3703 3684 Dei

2132 3738 2518 3804 misericordia,
2558 3735 2896 3807 cogitandum
2927 3742 3006 3788 cst
3052 3746 3118 3785 ne
3160 3744 3257 3783 nos
3300 3726 3569 3780 Clu-ismm
3616 3738 3705 3773 ne-

2130 3834 2388 3903 gligamus
2435 3838 2653 3900 propter
2682 3826 2973 3890 inﬁrmum,
3022 3838 3141 3876 cum
3190 3819 3457 3875 inﬁrmum
3509 3814 3706 3869 debea—
3757 3856 3765 3863 .

2131 3941 2249 3979 mus
2279 3923 2501 3993 diligere
2534 3927 2750 3990 propter
2776 3916 3071 3971 Christum.

2589 4055 2813 4111 CAPUT
2852 4049 3249 4108 CCLXXXVI].

2133 4171 2208 4227 De
2238 4171 2436 4225 Ua’rcsi
2457 4168 2762 4239 Pelagiana,
2786 4181 2851 4219 ex
2879 4165 3008 4239 libro
3038 4162 3101 4213 de
3126 4158 3424 4213 eresibtts
3442 4155 3511 4208 ad
3535 4154 3709 4219 Quod-

2635 4236 2891 4290 vultdeum
2914 4235 3209 4285 diaconum.

2199 4354 2602 4424 Pelagianorum
2651 4357 2733 4404 est
2781 4346 3003 4401 haeresis
3054 4344 3155 4397 boc
3182 4351 3422 4410 tempore
3466 4338 3708 4393 omnium

2128 4447 2517 4507 recentissima,
2555 4460 2583 4497 a
2610 4441 2826 4510 Pelagio
2862 4437 3125 4492 monacho
3153 4443 3363 4489 exorta.
3393 4431 3561 4497 Quem
3596 4445 3709 4481 nta-

441 4552 738 4607 audeamus
772 4569 785 4606 :
828 4562 881 4607 et
908 4550 953 4605 si
994 4552 1275 4621 quisquam
1307 4561 1389 4607 est
1418 4553 1504 4619 qui
1537 4567 1596 4607 se
1624 4566 1727 4606 non
1754 4553 1914 4607 aude;
1944 4553 2028 4607 in-
2059 4544 2107 4604 ι’)
2131 4543 2353 4613 gistrum
2382 4539 2665 4594 Caelestius
2694 4536 2772 4590 sic
2800 4542 3016 4588 secutus
3042 4539 3143 4593 cal,
3172 4538 3227 4582 ttt
3276 4537 3568 4582 sectatores
3612 4540 3710 4579 eo-

441 4656 631 4709 gcrcre
679 4642 742 4696 ad
771 4643 1060 4697 amicitiam
1110 4641 1434 4709 faciendam,
1467 4656 1586 4697 cum
1628 4645 1806 4713 aliquo
1839 4654 2026 4700 nostro

441 4733 724 4815 temporali
778 4733 981 4788 honore
1010 4743 1102 4787 aut
1150 4733 1411 4802 dignitate
1450 4744 1754 4797 revocetur,
1798 4734 2025 4789 descen-

441 4824 676 4879 dendum
718 4834 800 4879 est
827 4826 894 4879 ad
928 4840 1075 4891 eum,
1112 4833 1166 4880 et
1197 4825 1528 4880 olierendum
1569 4824 1641 4881 illi
1673 4826 1901 4895 quadam
1931 4840 2024 4881 co-

439 4915 625 4971 mitate
669 4926 723 4971 et
771 4916 1129 4971 submissione
1177 4916 1341 4972 animi
1385 4916 1525 4986 quod
1572 4916 1799 4989 [petere]
1842 4931 1936 4984 per
1963 4932 2022 4972 se

439 5007 554 5079 ipse
583 5023 687 5061 non
719 5006 877 5061 audet
906 5024 920 5061 :
952 5022 1083 5063 sane
1108 5008 1352 5077 quamvis
1382 5008 1572 5072 rarius,
1614 5016 1791 5062 tamen
1814 5008 2016 5076 aliquo-

437 5110 538 5156 t'es
587 5096 914 5173 [aliquando]
958 5097 1173 5164 accidit,
1225 5108 1284 5153 ut
1314 5096 1432 5168 ejus
1475 5114 1633 5168 quem
1688 5099 1939 5152 volumus
1970 5099 2020 5152 in

435 5194 723 5249 amicitiam
744 5192 983 5260 recipere
1007 5192 1152 5261 prius
1178 5192 1329 5246 nobis
1344 5191 1682 5245 innotescant
1702 5190 1840 5245 mala
1860 5205 2019 5257 quam

435 5290 608 5352 bona;
636 5286 830 5355 quibus
852 5284 1040 5341 oll‘cusi
1071 5294 1120 5339 el
1149 5283 1548 5353 quodammodo
1580 5284 1904 5352 repercussi,
1932 5298 2020 5339 re-

433 5380 725 5449 linquimus
754 5393 899 5442 eum,
929 5387 983 5432 et
1026 5375 1093 5430 ad
1123 5376 1383 5430 bonorum
1414 5376 1552 5443 ejus,
1598 5391 1715 5445 quae
1750 5376 1887 5430 forte
1932 5389 2024 5429 oe.

432 5472 656 5525 cultiora
680 5478 826 5535 sunt,
860 5466 1255 5539 indagationem
1277 5482 1383 5523 non
1416 5467 1783 5537 pervenimus.
1819 5468 2019 5522 Admo-

434 5550 525 5616 net
572 5563 745 5632 itaque
776 5562 1031 5615 Dominus
1058 5568 1241 5614 noster
1269 5558 1428 5614 Iesus
1483 5556 1733 5615 Christus
1784 5560 1874 5630 qui
1919 5574 2018 5616 nos

434 5652 546 5702 vult
568 5650 705 5704 efﬁci
737 5650 1031 5706 imitatores
1059 5663 1208 5717 suos,
1232 5659 1290 5705 ut
1318 5649 1435 5719 ejus
1463 5649 1672 5705 inﬁrma
1692 5650 2013 5716 toleremus;

437 5742 491 5791 ut
520 5739 583 5790 ad
615 5740 854 5808 qttzcdam
888 5755 1017 5796 sana
1049 5740 1101 5795 in
1146 5755 1373 5813 quorum
1407 5740 1773 5799 delectatione
1803 5742 2017 5813 acquie-

2134 4649 2250 4688 rum
2295 4627 2601 4686 Caelestiani
2630 4627 2791 4681 etiam
2824 4631 3212 4691 nuncupentur.
3266 4619 3328 4673 iii
3379 4618 3470 4671 Dei
3500 4619 3707 4686 gratiae,

2131 4738 2232 4794 qua
2266 4718 2626 4791 prmdestinati
2655 4730 2840 4772 sumus
2880 4715 2933 4769 iu
2974 4712 3314 4781 adoptionem
3349 4710 3576 4763 liliorum
3612 4726 3710 4775 per

2131 4820 2313 4876 Jesum
2334 4816 2627 4879 Christum,
2670 4811 2723 4866 in
2756 4812 2955 4880 ipsum,
2986 4817 3037 4863 et
3070 4822 3171 4875 qua
3199 4806 3440 4860 eruimur
3461 4804 3527 4857 de
3554 4815 3707 4871 pote-

2130 4920 2269 4966 state
2298 4908 2665 4971 tenebrarum,
2695 4902 2827 4957 utin
2857 4914 2979 4957 eum
3019 4898 3327 4961 credamus,
3360 4904 3523 4964 atque
3548 4894 3599 4946 in
3629 4910 3712 4946 ru.

2129 5019 2291 5075 gnum
2318 5004 2487 5073 ipsius
2516 4997 2919 5060 transieramur,
2963 5001 3180 5063 propter
3208 4988 3347 5058 quod
3379 4989 3458 5041 ait
3488 5002 3501 5039 :
3543 4985 3713 5040 Nemo

2128 5095 2277 5150 venit
2309 5093 2376 5147 ad
2403 5106 2510 5157 me,
2545 5089 2645 5143 nisi
2678 5086 2836 5141 fuerit
2863 5085 2911 5140 ei
2959 5083 3140 5137 datum
3192 5094 3223 5133 a
3275 5079 3437 5134 Patre
3463 5092 3623 5131 meo:
3657 5086 3709 5130 et

2126 5203 2229 5257 qua
2258 5184 2571 5242 diil’unditur
2602 5180 2840 5236 eharitas
2871 5180 2924 5232 in
2950 5175 3205 5231 cordibus
3234 5173 3453 5236 nostris,
3489 5183 3546 5225 ut
3571 5171 3704 5223 ﬁdes

2128 5296 2221 5351 per
2247 5277 2589 5334 dilectionem
2614 5281 2867 5344 operetur
2897 5286 2911 5324 :
2945 5270 3205 5323 iutantum
3237 5264 3439 5319 inimici
3472 5272 3619 5325 sunt,
3654 5270 3709 5314 ut

2126 5373 2242 5427 sine
2266 5371 2364 5426 hac
2395 5382 2553 5441 posse
2580 5364 2852 5419 hominem
2876 5360 3098 5416 credant
3123 5358 3301 5411 facere
3318 5355 3495 5409 omnia
3526 5354 3707 5408 divina

2125 5466 2371 5523 mandata
2404 5479 2420 5519 :
2452 5477 2572 5518 cum
2600 5460 2645 5517 si
2678 5460 2780 5513 hoc
2823 5470 3006 5511 verum
3037 5460 3199 5517 esset,
3232 5452 3424 5503 frustra
3451 5446 3710 5500 Dominus

2124 5560 2320 5614 dixisse
2365 5556 2637 5612 videretur
2687 5569 2701 5607 :
2752 5550 2885 5605 Sine
2932 5562 3019 5602 me
3064 5544 3194 5600 nihil
3245 5542 3467 5612 potestis
3506 5537 3704 5594 facere.

2126 5649 2363 5717 Denique
2389 5644 2682 5714 Pelagiusa
2726 5640 2977 5696 fratribus
3028 5638 3332 5704 increpatus
3377 5630 3515 5702 quod
3569 5629 3705 5683 nihil

2126 5740 2377 5796 tribueret
2422 5733 2689 5806 a‘ijutorio
2736 5731 2921 5804 gratim
2965 5728 3060 5785 Dei
3090 5727 3154 5782 ad
3184 5726 3301 5796 ejus
3336 5722 3581 5780 mandata
3629 5720 3707 5775 fa.
