4016 6184
294 328 402 385 985

1399 315 1835 376 TIIESAUDUS.
1874 308 2027 369 CAP.
2068 310 2487 368 CCLXXXVIII.

3465 314 3571 370 986

293 441 518 508 cicada,
551 437 884 508 rorreptioni
914 451 1096 494 eorum
1129 436 1389 492 hactenus
1434 434 1618 495 cessit,
1672 439 1732 483 ut
1783 443 1887 483 non
1921 425 1963 483 Α
1996 422 2083 476 hic
2114 422 2396 493 presbyter
2436 421 2554 484 fuit,
2588 428 2639 474 et
2668 420 2828 474 modo
2858 431 2942 475 est
2970 422 3235 477 Siccensis
3264 425 3567 493 episcopus,

298 547 423 587 eam
454 531 628 586 libero
657 530 879 584 arbitrio
910 526 1265 599 prteponeret,
1309 523 1403 580 sed
1447 521 1646 577 inﬁdeli
1677 520 1883 575 callidi-

297 634 411 680 tate
433 628 779 692 supponeret,
803 619 1022 673 dicens:
1047 617 1125 671 Ad
1152 617 1251 671 hoc
1275 630 1390 668 eam
1406 612 1519 668 dari
1550 611 1878 677 hominibus,

301 725 365 770 ut
391 729 512 782 quze
547 714 724 768 facere
752 725 847 780 per
876 710 1099 763 liberum
1144 705 1423 761 arbitrium
1468 703 1720 770 iubemur
1758 701 1882 755 faci-

308 804 414 858 "Us
444 802 650 871 possint
677 800 900 868 implere
932 813 1025 867 per
1046 796 1289 865 gratiam.
1324 793 1558 849 Diceudo
1587 791 1790 861 utique,
1826 800 1883 846 ut

299 894 519 949 facilius
553 893 778 962 possint,
807 891 974 944 voluit
1018 888 1185 954 credi,
1218 886 1425 942 etiamsi
1465 884 1758 945 difﬁcilius,
1801 892 1882 936 ta-

300 1004 427 1042 men
463 1000 618 1054 posse
661 983 907 1038 homines
945 982 1062 1036 sine
1107 979 1274 1050 gratia
1308 976 1483 1032 divina
1515 976 1690 1030 facere
1732 974 1879 1042 iussa

293 1080 501 1133 divina.
533 1077 679 1131 Illam
706 1089 832 1129 vero
862 1072 1082 1143 gratiam
1118 1070 1234 1134 Dei,
1286 1068 1404 1122 siue
1449 1081 1552 1135 qua
1585 1065 1717 1118 nihil
1757 1063 1879 1117 boni

296 1180 585 1238 possumus
618 1164 813 1228 facere,
843 1177 948 1215 non
974 1175 1096 1216 esse
1125 1160 1306 1213 dicunt
1337 1156 1438 1211 nisi
1462 1172 1513 1209 tn
1539 1155 1709 1209 libero
1740 1152 1883 1208 arbi-

300 1258 427 1322 trio,
463 1254 604 1323 quod
646 1253 808 1307 nullis
832 1252 944 1306 suis
988 1248 1413 1320 prtecedentibus
1453 1245 1659 1300 meritis
1688 1245 1756 1298 ab
1787 1245 1882 1298 illo

297 1347 509 1417 accepit
539 1354 719 1399 nostra
761 1354 971 1398 natura.
1023 1340 1105 1395 Ad
1161 1340 1263 1394 hoc
1321 1348 1524 1393 tantum
1571 1336 1687 1406 ipso
1724 1336 1879 1405 adju-

294 1448 461 1493 vante
492 1451 586 1505 per
635 1450 785 1490 suam
816 1435 986 1503 legem
1032 1440 1192 1499 atque
1244 1430 1563 1491 doctrinam,
1607 1437 1664 1481 ut
1711 1427 1883 1481 disca-

294 1544 421 1583 mus
466 1541 587 1597 quae
626 1526 803 1579 facere
849 1532 904 1578 et
949 1536 1069 1590 quae
1119 1535 1338 1589 sperare
1390 1519 1711 1583 debeamus;
1773 1533 1879 1571 non

293 1628 476 1673 autem
501 1617 566 1671 ad
600 1617 701 1670 hoc
723 1624 778 1668 ut
805 1629 896 1683 per
916 1612 1114 1667 donum
1147 1612 1379 1679 Spiritus
1402 1610 1481 1663 sui
1513 1607 1730 1681 [sancti]
1762 1622 1881 1675 qua:

293 1708 643 1763 didiceiimus
666 1720 785 1760 esse
826 1704 1086 1767 facienda,
1117 1702 1404 1757 faciamus:
1437 1714 1501 1753 ac
1532 1714 1628 1769 per
1661 1699 1760 1752 hoc
1792 1698 1880 1752 di-

1984 527 2106 567 cum
2139 520 2436 567 remeasset
2459 512 2528 565 ab
2558 511 2689 567 urbe
2739 512 2927 579 I‘toma,
2960 524 3012 567 et
3058 514 3129 566 ibi
3177 530 3297 567 cum
3338 516 3566 582 quodam

1984 606 2110 660 talia
2143 607 2413 661 sentiente
2434 606 2768 676 conﬂigeret,
2796 607 2878 659 vel
2911 622 2967 661 se
2991 608 3295 662 conflixisse
3322 609 3562 673 referret,

1982 711 2102 751 eum
2132 705 2447 765 argueretur
2468 694 2796 767 [urgeretur]
2834 697 3073 765 pondere
3104 698 3367 751 orationis
3393 699 3568 751 Domi-

1984 788 2119 842 nicze
2162 786 2419 858 (Urgehat
2463 788 2605 840 enim
2636 802 2757 841 eum
2805 798 2858 841 et
2904 788 3111 841 dicebat
3142 807 3155 841 :
3182 789 3238 843 Si
3289 789 3339 841 in
3386 799 3567 843 nostra

1983 886 2246 947 potestate
2301 885 2385 932 est
2434 892 2540 931 non
2593 893 2838 947 peccare,
2873 890 2926 932 et
2980 880 3029 933 in
3091 890 3270 933 nostra
3329 892 3567 951 potesta-

1984 977 2036 1024 te
2076 977 2159 1024 est
2211 983 2398 1022 omnes
2438 980 2776 1037 peccatorum
2828 971 3150 1025 tentationes
3194 971 3324 1025 solis
3378 975 3565 1026 volun-

1986 1061 2107 1115 tatis
2147 1072 2343 1116 nostra:
2372 1062 2573 1116 viribus
2611 1077 2886 1130 superare,
2920 1079 3086 1131 quare
3141 1064 3249 1118 Deo
3288 1064 3512 1118 dicimus
3545 1107 3561 1131 ,

1983 1153 2060 1208 Ne
2091 1167 2187 1207 nos
2213 1153 2411 1207 inferas
2466 1154 2518 1207 in
2573 1154 2979 1223 tentationem?)
3025 1154 3150 1222 qttid
3204 1170 3326 1207 eum
3361 1157 3559 1223 putatis

1983 1241 2356 1309 respondisse?
2390 1241 2679 1310 Rogamus,
2715 1242 2906 1311 inquit,
2940 1242 3107 1296 Deum
3144 1262 3157 1296 :
3194 1243 3269 1296 Ne
3301 1260 3399 1296 nos
3427 1244 3566 1299 infe-

1985 1347 2072 1387 ras
2110 1333 2161 1386 in
2195 1332 2565 1397 tentationem,
2614 1348 2681 1388 ne
2709 1332 2908 1402 aliquid
2945 1334 3069 1387 mali
3110 1336 3392 1403 patiamur,
3424 1336 3565 1404 quod

1984 1437 2089 1476 non
2122 1423 2376 1477 habemus
2407 1423 2460 1477 in
2512 1432 2776 1493 potestate
2805 1440 2819 1477 :
2845 1438 2910 1477 ne
2940 1438 3089 1477 ruam
3131 1424 3200 1479 de
3229 1440 3387 1493 equo,
3418 1436 3469 1479 et
3501 1441 3568 1480 ne

1982 1510 2219 1582 frangam
2245 1512 2457 1580 pedem,
2486 1527 2553 1567 ne
2584 1514 2722 1566 latro
2763 1529 2847 1566 me
2873 1513 3178 1579 interficiat,
3223 1525 3275 1568 et
3310 1516 3435 1582 qttid
3469 1517 3569 1569 ltu-

1979 1601 2209 1672 jttsmodi
2241 1619 2254 1655 :
2286 1602 2411 1657 Haec
2439 1604 2602 1669 enim,
2626 1604 2814 1671 inquit,
2840 1621 2944 1659 nou
2972 1605 3145 1659 habeo
3177 1607 3228 1659 in
3261 1613 3564 1674 potestate:

1984 1710 2104 1747 nam
2131 1695 2347 1749 vincere
2361 1696 2684 1750 tentationcs
2700 1707 3041 1763 peccatorum
3066 1712 3331 1761 meorum,
3356 1698 3399 1751 si
3419 1698 3565 1760 volo,

291 1802 383 1855 vin
411 1808 495 1854 tus
526 1800 678 1852 nobis
720 1797 833 1851 dari
873 1796 1153 1850 scientiam
1188 1793 1537 1856 conﬁtentur,
1583 1807 1685 1860 qua
1722 1791 1875 1859 igno-
1913 1803 1955 1860 η
1984 1793 2034 1839 ct
2062 1799 2301 1854 possunt,
2336 1799 2434 1839 nec
2477 1784 2571 1839 Dei
2599 1784 2874 1850 adiutorio
2921 1801 3159 1855 possum.
3197 1787 3418 1851 Videtis,
3455 1788 3566 1840 fta-

293 1894 470 1947 rentia
504 1891 735 1957 pellitur,
788 1888 1102 1942 charitatem
1153 1894 1330 1939 autem
1359 1884 1474 1937 dari
1518 1891 1740 1951 negant,
1774 1895 1875 1950 qua

292 1984 383 2052 pie
412 1982 645 2045 vivitur;
676 1990 733 2034 ut
760 1980 982 2040 scilicet,
1014 1993 1134 2033 cum
1167 1979 1239 2032 sit
1273 1978 1363 2032 Dei
1407 1976 1607 2030 donum
1648 1974 1876 2028 scientia

292 2088 415 2144 qua:
443 2072 559 2126 sine
589 2070 846 2126 cbaritate
892 2069 1065 2133 inflat,
1116 2083 1222 2121 non
1255 2068 1326 2121 sit
1377 2067 1468 2121 Dei
1514 2067 1709 2119 donum
1762 2064 1876 2133 ip-a

293 2163 557 2225 Charitas,
585 2176 702 2230 qua:
743 2169 799 2214 ut
846 2157 1069 2214 scientia
1120 2173 1225 2212 non
1285 2157 1457 2219 ittﬁet,
1488 2156 1737 2209 ardiﬁcat.
1774 2156 1876 2209 De-

291 2261 510 2309 struuut
539 2253 699 2307 etiam
724 2256 996 2305 orationes
1028 2264 1161 2317 quas
1192 2245 1318 2301 facit
1351 2247 1613 2310 Ecclesia,
1640 2247 1753 2300 sive
1783 2260 1878 2313 pro

294 2343 607 2398 infidelian
632 2349 686 2395 et
717 2340 974 2395 doctrina}
1004 2339 1099 2393 Dei
1140 2336 1532 2400 resistentibus,
1570 2346 1625 2389 ut
1654 2350 1879 2389 conver-

293 2443 476 2490 tantur
501 2433 566 2487 atl
592 2446 737 2495 eum,
780 2431 892 2485 sive
922 2444 1017 2498 pro
1039 2428 1308 2492 ﬁdelibus,
1342 2436 1398 2479 ut
1426 2434 1685 2494 augeatur
1722 2424 1773 2477 in
1799 2422 1879 2477 eis

293 2526 452 2591 fides,
477 2534 531 2580 et
569 2533 911 2595 perseverent
952 2522 1004 2575 in
1035 2535 1121 2576 ea.
1156 2520 1280 2574 llaec
1302 2520 1498 2589 quippe
1529 2532 1632 2571 non
1668 2517 1736 2569 ab
1765 2516 1880 2583 ipso

292 2618 561 2687 accipere,
589 2614 681 2669 sed
730 2630 756 2666 a
788 2613 979 2680 seipsis
1009 2612 1253 2665 homines
1283 2610 1482 2663 habere
1522 2607 1874 2673 contendunt,

292 2707 521 2778 gratiam
572 2704 661 2759 Dei
694 2717 796 2774 qua
835 2702 1122 2757 liberamur
1164 2701 1230 2755 ab
1285 2700 1580 2768 impietate,
1636 2697 1880 2751 dicentes

293 2802 591 2858 secundum
620 2808 805 2854 merita
826 2810 1004 2852 nos1ra
1032 2797 1064 2849 tl
1086 2794 1169 2849 iri.
1201 2792 1354 2861 Quod
1387 2792 1602 2862 quidem
1631 2791 1880 2860 Pelagius

293 2894 349 2948 in
382 2890 674 2959 episcopali
720 2888 924 2958 judicio
981 2886 1265 2940 Palaestino
1316 2884 1556 2939 damnari
1615 2891 1877 2946 metuens,

296 2983 564 3037 damnare
590 2979 897 3046 compulsus
927 2984 1040 3037 est;
1089 2975 1182 3029 sed
1236 2976 1286 3028 itt
1339 2974 1726 3043 posterioribus
1767 2973 1879 3027 suis

292 3071 515 3139 scriptis
559 3071 660 3123 hoc
704 3068 969 3122 invenitur
1008 3066 1222 3119 docere.
1266 3066 1319 3119 lu
1377 3064 1427 3119 id
1470 3064 1630 3119 etiam
1662 3079 1879 3133 progre-

1980 1867 2108 1939 tres,
2140 1890 2297 1943 quam
2330 1874 2562 1943 maligna
2594 1876 2840 1940 haeresis;
2876 1877 3067 1932 videtis
3116 1878 3564 1948 quemadmodum

1976 1980 2164 2018 omnes
2186 1963 2435 2029 horretis,
2465 1974 2651 2019 cavete
2682 1980 2748 2020 ne
2780 1968 3106 2035 capiamini;
3134 1969 3255 2022 novi
3278 1970 3422 2022 enim
3454 1971 3569 2023 cal-

1979 2053 2214 2107 liditatcs
2237 2062 2290 2107 et
2315 2052 2789 2123 tergiversa'ioues
2809 2056 3087 2109 hominum
3115 2058 3394 2126 impiorum
3414 2076 3569 2114 aver-

1977 2161 2162 2201 sorum
2209 2160 2235 2197 a
2278 2146 2538 2210 veritate;
2583 2155 2636 2199 et
2668 2148 2791 2214 quia
2832 2146 2945 2216 jam
2991 2148 3045 2201 in
3088 2163 3215 2203 suas
3275 2152 3571 2204 sententias

1977 2238 2309 2309 ceciderunt,
2344 2238 2483 2293 vinci
2509 2238 2826 2307 nolentium,
2842 2241 3037 2308 videte,
3063 2242 3289 2297 obsecro
3308 2258 3421 2309 vos,
3443 2259 3570 2299 erce

1980 2330 2179 2383 invenit
2211 2330 2349 2399 quod
2379 2330 2608 2396 diceret,
2637 2330 2758 2385 ideo
2794 2346 2893 2386 nos
2923 2332 3104 2388 dicere
3130 2351 3144 2388 :
3175 2334 3251 2389 Ne
3290 2351 3387 2389 nos
3436 2337 3571 2390 infe-

1979 2435 2067 2472 ras
2097 2421 2146 2471 in
2183 2420 2554 2488 tentationem,
2587 2436 2654 2474 ne
2684 2420 2887 2489 aliquid
2919 2422 3076 2477 nobis
3098 2426 3391 2489 contingat,
3422 2428 3565 2493 quod

1981 2525 2085 2563 non
2113 2511 2368 2565 habemus
2400 2511 2452 2565 in
2482 2518 2767 2580 poteState,
2791 2513 3085 2566 secundum
3117 2515 3361 2583 corporis
3395 2523 3570 2568 tenta-

1984 2601 2203 2654 tionem.
2267 2601 2395 2655 lude
2452 2616 2581 2671 ergo
2635 2601 2847 2657 diccbat
2899 2602 3200 2657 Dominus:
3238 2603 3463 2673 Vigilate
3516 2613 3570 2659 et

1981 2703 2162 2757 orate,
2198 2707 2264 2746 ne
2297 2692 2510 2747 intretis
2549 2693 2601 2747 in
2637 2694 2982 2748 tentationem
3010 2711 3027 2763 ε
3059 2694 3160 2749 hoc
3194 2694 3411 2748 dicelnt
3436 2712 3448 2745 :
3478 2694 3569 2748 Vi-

1980 2785 2141 2851 gilate
2183 2794 2237 2838 et
2279 2794 2460 2848 orate,
2498 2798 2565 2839 ne
2606 2783 2795 2853 pedem
2838 2785 3128 2854 frangatis,
3174 2792 3266 2837 aut
3299 2799 3365 2837 ne
3407 2792 3568 2853 caput

1981 2875 2239 2941 doleitis,
2287 2885 2377 2928 aut
2418 2892 2484 2930 ne
2535 2877 2587 2929 in
2638 2876 2890 2929 damnum
2937 2876 3253 2940 incurratis;
3308 2892 3412 2929 non
3464 2875 3567 2932 hoc

1982 2963 2216 3030 dicebat,
2258 2965 2351 3019 sed
2406 2965 2530 3033 quid
2574 2965 2824 3020 dicebat?
2854 2965 2995 3034 quod
3048 2965 3204 3020 Petro
3251 2966 3425 3019 dixit:
3458 2965 3567 3019 Ito.

1981 3057 2098 3124 gavi
2130 3071 2226 3125 pro
2275 3068 2351 3121 te,
2387 3071 2453 3112 ne
2482 3056 2697 3113 deﬁciat
2751 3057 2882 3112 ﬁdes
2924 3058 3320 3127 tua;'Rogavi,
3373 3059 3563 3133 inquit,

294 3163 517 3217 diuntur
547 3171 601 3213 ut
629 3159 807 3213 dicant
832 3159 992 3212 vitam
1021 3157 1285 3226 justorum
1320 3156 1370 3210 in
1397 3156 1497 3211 hoc
1533 3156 1732 3211 sarculo
1758 3156 1875 3208 uul-
1904 3170 1949 3232 ρ
1984 3180 2078 3233 pm
2108 3176 2180 3233 ιε,
2214 3168 2342 3223 dicit
2397 3168 2536 3223 nens
2569 3168 2803 3234 homini;
2853 3168 3122 3236 dominus,
3169 3185 3360 3235 senm;
3399 3167 3565 3241 magi.

300 3254 412 3308 lum
447 3251 665 3307 omnino
705 3249 904 3304 habere
934 3256 1231 3318 peccatum,
1277 3256 1330 3302 et
1357 3262 1423 3301 ex
1469 3246 1550 3300 IIIS
1584 3246 1703 3300 Eccl
1740 3246 1871 3299 siam

302 3343 506 3399 Christi
532 3343 584 3396 in
611 3342 710 3395 hac
735 3342 1056 3395 mortalitate
1087 3340 1286 3407 perlici,
1320 3348 1375 3391 ttt
1404 3338 1476 3391 sit
1508 3337 1730 3390 onmiuo
1761 3340 1876 3392 sine

297 3432 509 3487 macula
554 3440 609 3486 et
638 3445 764 3500 ruga
801 3445 815 3484 :
844 3429 992 3499 quasi
1028 3444 1131 3482 non
1162 3429 1230 3482 sit
1258 3426 1455 3482 Christi
1489 3428 1724 3482 Ecclesia
1758 3444 1877 3495 qua:

302 3534 421 3578 toto
462 3534 723 3578 terrarum
763 3522 894 3576 orbe
922 3523 1117 3575 clamat
1169 3520 1234 3574 ad
1291 3520 1610 3574 Dominum:
1665 3521 1878 3575 Dimitte

298 3614 462 3669 nobis
491 3612 669 3667 debita
715 3622 917 3665 nostra.
964 3610 1220 3665 Parvulos
1259 3610 1417 3665 etiam
1467 3619 1660 3680 negant
1687 3626 1878 3665 secun-

299 3705 432 3759 dum
459 3704 628 3758 Adam
656 3704 943 3786 carnaliter
971 3711 1148 3767 natos,
1172 3704 1475 3771 contagium
1504 3704 1690 3757 mortis
1716 3702 1879 3774 [auti-

298 3794 445 3865 qum]
481 3796 648 3861 prima
678 3795 954 3848 nativitale
993 3794 1335 3848 contrahere.
1363 3795 1452 3848 Sic
1478 3796 1621 3849 enim
1649 3810 1743 3849 eos
1765 3798 1881 3851 sine

300 3886 411 3940 ullo
438 3884 640 3952 peccati
663 3883 937 3953 originalis
960 3884 1172 3938 vinculo
1193 3891 1443 3938 asserunt
1462 3885 1629 3948 nasci,
1650 3894 1705 3937 ut
1733 3901 1882 3952 prur-

298 3991 396 4030 sus
426 3990 531 4029 uon
563 3975 631 4029 sit
662 3976 802 4042 quod
834 3975 912 4028 eis
941 3982 1185 4041 oporteat
1209 3973 1445 4028 secunda
1486 3973 1763 4029 nativitate
1800 3975 1884 4029 di-

299 4067 475 4131 mitti;
507 4066 602 4121 sed
635 4081 728 4120 eos
758 4076 1036 4135 propterea
1069 4065 1325 4134 baptizari
1370 4073 1450 4129 ut,
1477 4067 1883 4134 regeneratiune

299 4158 561 4227 adnptati,
593 4157 942 4213 admittantur
968 4157 1031 4210 ad
1054 4172 1274 4225 regnum
1307 4156 1420 4219 Dei,
1438 4159 1503 4211 de
1524 4157 1733 4213 bonoin
1768 4175 1884 4214 nte-

300 4248 406 4302 lius
440 4248 701 4312 translati,
731 4262 837 4302 non
869 4248 966 4301 ista
998 4247 1404 4315 regeneratione
1427 4248 1497 4303 ab
1536 4248 1717 4319 aliquo
1744 4253 1887 4307 malo

301 4340 647 4410 obligationis
673 4342 866 4395 veteris
896 4339 1158 4395 absoluti:
1189 4354 1312 4394 nam
1344 4341 1555 4396 etiamsi
1582 4357 1691 4397 non
1715 4343 1889 4413 bapti-

302 4442 513 4499 zcntur,
536 4432 848 4501 promittunt
870 4434 948 4487 eis
970 4442 1120 4487 extra
1152 4448 1374 4502 regnum
1400 4434 1615 4502 quidem
1645 4434 1761 4499 Dei,
1790 4436 1885 4491 sed

1977 3270 2108 3324 ster,
2159 3260 2453 3328 discipulo;
2504 3262 2763 3328 medicus,
2819 3271 3021 3330 aegroto
3054 3278 3070 3318 :
3105 3262 3281 3331 rogavi
3333 3278 3430 3331 pro
3488 3271 3565 3327 te,

1979 3352 2149 3421 quid?
2181 3367 2247 3406 ne
2274 3352 2485 3405 deficiat
2512 3369 2524 3404 :
2574 3352 2752 3417 Quid?
2783 3367 2973 3405 manus
3006 3360 3115 3415 tua,
3146 3366 3238 3420 prs
3268 3360 3407 3415 tuus,
3438 3368 3568 3407 ocu-

1979 3442 2060 3495 lus
2091 3452 2231 3503 tuus,
2265 3443 2438 3509 lingua
2473 3451 2582 3505 tua,
2614 3443 2792 3508 aliqua
2818 3443 3098 3511 paralysis,
3132 3442 3182 3495 id
3216 3450 3301 3496 est
3330 3443 3562 3497 dissolu-

1979 3531 2055 3584 tio
2096 3530 2496 3584 membrorum?
2521 3546 2649 3594 non,
2673 3531 2788 3598 sed,
2824 3546 2890 3585 ne
2930 3531 3142 3585 deﬁciat
3173 3531 3303 3585 fides
3329 3543 3435 3585 tua.
3470 3534 3568 3587 Se-

1980 3620 2212 3674 cundum
2236 3621 2368 3674 istos
2393 3621 2444 3675 in
2481 3629 2743 3691 potestate
2786 3622 3065 3686 habemus,
3097 3636 3164 3675 ne
3194 3622 3406 3675 deﬁciat
3438 3622 3569 3678 ﬁdes

1982 3718 2187 3764 nostra.
2218 3710 2397 3777 Quare
2441 3727 2537 3780 pro
2566 3712 2718 3764 nobis
2743 3719 2960 3780 rogatur
2993 3711 3150 3773 Deus,
3203 3720 3258 3765 ut
3303 3713 3567 3766 concedat

1983 3815 2171 3867 rogare
2192 3800 2344 3851 nobis
2369 3800 2510 3867 quod
2538 3799 2623 3852 isti
2652 3800 2859 3864 dicunt,
2886 3815 2982 3852 nos
3015 3815 3116 3851 non
3139 3798 3338 3854 debere
3365 3816 3391 3851 a
3422 3816 3568 3854 sern-

1982 3889 2188 3958 piterna
2217 3887 2517 3957 majestate,
2544 3889 2634 3944 sed
2665 3890 2862 3943 habere
2915 3890 2966 3940 in
3013 3896 3300 3955 potestate.
3342 3889 3571 3943 Benedi-

1984 3978 2208 4039 ctiones,
2235 3977 2427 4031 fratres
2454 3979 2586 4043 mei,
2619 3976 3020 4031 benedictiones
3051 3986 3284 4041 nostras,
3311 3992 3445 4047 quas
3475 3992 3569 4030 su-

1988 4084 2083 4138 per
2113 4085 2203 4122 vos
2229 4068 2471 4135 facimus,
2500 4077 2783 4132 evacuant,
2816 4067 3151 4131 exinanittnt,
3181 4068 3405 4121 elidunt.
3455 4068 3570 4119 Au-

1986 4160 2141 4215 distis
2164 4174 2270 4223 me,
2304 4159 2488 4225 credo,
2517 4156 2713 4213 fratres
2744 4159 2867 4220 mei,
2904 4158 3114 4226 quando
3144 4158 3282 4221 dico,
3325 4157 3570 4211 conversi

1987 4250 2053 4304 ad
2074 4251 2351 4304 Dominum
2381 4251 2760 4305 benedicamus
2784 4264 2978 4304 nomen
2996 4247 3144 4318 ejus;
3170 4248 3259 4302 det
3273 4248 3424 4302 nobis
3453 4264 3575 4316 per-

1989 4355 2241 4395 severare
2267 4342 2318 4395 in
2379 4340 2646 4395 mandatis
2683 4340 2814 4403 suis,
2866 4338 3140 4393 ambulare
3184 4337 3237 4393 in
3289 4340 3369 4389 via
3426 4347 3572 4392 recta

1990 4430 2308 4485 eruditionis
2337 4445 2472 4499 suae,
2504 4432 2716 4500 placere
2747 4431 2825 4483 illi
2861 4430 2912 4483 in
2942 4428 3088 4483 omni
3134 4444 3298 4495 opere
3328 4429 3489 4493 bono,
3521 4438 3574 4481 et

304 4530 482 4575 tamen
507 4530 761 4577 aeternam
788 4531 841 4576 et
872 4523 1079 4577 beatam
1109 4522 1394 4592 quamdam
1413 4524 1575 4579 vitam
1603 4540 1778 4582 suam.
1807 4527 1889 4596 Ip-
1922 4539 1973 4599 ι)
1998 4533 2189 4577 caetera
2220 4524 2364 4577 talia.
2392 4523 2638 4590 Prorsus,
2692 4521 2955 4591 inquiunt,
3004 4520 3105 4574 hoc
3134 4529 3303 4574 totum
3342 4517 3393 4571 in
3429 4530 3577 4587 pote-

304 4623 421 4691 sum
436 4625 648 4680 quoque
665 4611 829 4665 Adam
844 4611 1049 4677 dicunt,
1071 4613 1278 4668 etiamsi
1304 4628 1408 4667 non
1425 4624 1718 4684 peccasset,
1734 4616 1896 4673 fuisse

305 4715 533 4767 corpore
547 4703 858 4756 moriturum
879 4718 1081 4772 ;neque
1103 4704 1173 4758 ita
1194 4714 1462 4759 mortuum
1480 4706 1671 4761 merito
1697 4708 1890 4777 culpze,

305 4792 402 4847 sed
448 4792 754 4847 conditione
793 4802 1019 4848 naturaz.
1048 4793 1385 4863 Objiciuntur
1415 4799 1495 4850 eis
1534 4804 1585 4851 et
1624 4797 1724 4850 alia
1760 4814 1893 4852 non-

274 4874 473 4942 'nu|la,
507 4883 599 4936 sed
636 4883 734 4936 ista
763 4894 889 4938 sunt
928 4887 1189 4951 maxime,
1241 4901 1307 4941 ex
1357 4888 1547 4956 quibus
1588 4890 1892 4958 intefligun-

308 4982 398 5027 tur
433 4976 591 5027 etiam
640 4974 751 5041 illa,
784 4976 870 5029 vel
896 4984 1084 5030 cuncta
1125 4977 1206 5030 vel
1239 4993 1373 5043 pene
1408 4988 1598 5034 cuncta
1630 4980 1886 5049 pendere.

760 5066 982 5122 CAPUT
1020 5067 1437 5125 CCLXXXVIII.

308 5182 417 5252 63
450 5180 580 5236 Item
605 5181 669 5235 de
696 5183 874 5237 eadem
897 5180 1301 5251 Pelagianorum
1336 5185 1534 5249 Itmresi,
1568 5203 1631 5240 ex.
1665 5201 1896 5242 sermone

922 5254 1002 5306 At!
1029 5254 1296 5323 populum.

294 5343 299 5370 ῖ
386 5343 479 5397 Illa
509 5342 615 5399 duo
646 5362 659 5397 :
687 5344 905 5398 Dimitte
935 5345 1087 5399 nobis
1109 5344 1287 5398 debita
1322 5355 1526 5415 nostra,
1560 5349 1696 5402 sicut
1717 5360 1770 5404 et
1801 5364 1900 5405 nos

312 5435 637 5490 dimittimus
664 5436 994 5490 debitoribus
1017 5436 1251 5503 nostris,
1284 5444 1358 5501 et,
1393 5437 1468 5491 Ne
1497 5454 1595 5491 nos
1621 5439 1820 5493 inferas
1848 5442 1901 5494 in

316 5526 666 5579 tentationem
686 5568 700 5591 ,
728 5526 943 5594 quando
963 5525 1261 5597 Pelagianis
1283 5527 1628 5597 objiciuntur,
1659 5531 1781 5599 quid
1812 5546 1904 5585 eos

318 5619 517 5688 putatis
567 5618 892 5688 respondere
921 5618 943 5670 ἲ
976 5619 1179 5683 horrui,
1208 5617 1398 5673 fratres
1430 5619 1554 5682 mei,
1579 5620 1791 5688 quando
1810 5637 1906 5675 att-

318 5709 426 5762 divi
460 5723 598 5778 :ego
640 5707 856 5777 quidem
891 5722 995 5761 non
1026 5706 1205 5761 audivi
1234 5708 1452 5761 auribus
1478 5707 1746 5771 tncis,scd
1781 5724 1906 5764 sau-

320 5784 440 5855 ctus
470 5799 633 5855 frater
663 5809 718 5856 et
745 5798 896 5871 coepi
929 5815 1093 5872 clipus
1124 5814 1274 5857 meus
1296 5800 1542 5866 Urbanus
1588 5811 1787 5867 uoster,
1818 5800 1908 5873 qui

1998 4623 2135 4669 st-te
2162 4624 2338 4668 nostra
2367 4627 2445 4670 est
2474 4615 2845 4669 constitutum.
2884 4612 3024 4681 Ergo
3051 4626 3149 4665 nos
3195 4610 3423 4663 inaniter
3453 4609 3577 4661 talia

1996 4704 2148 4758 vobis
2170 4715 2435 4773 optamus,
2456 4703 2803 4758 defendamus
2834 4717 2933 4756 nos
2954 4711 3007 4755 ct
3031 4715 3150 4767 vos,
3182 4715 3247 4754 ne
3274 4709 3326 4754 et
3348 4714 3443 4752 nos
3465 4698 3581 4751 sine

1996 4811 2153 4851 eausa
2178 4796 2578 4861 benedit-atnus,
2611 4805 2665 4850 et
2689 4809 2781 4850 vos
2809 4795 2927 4851 sine
2956 4808 3115 4847 causa
3147 4793 3317 4847 Amen
3349 4797 3491 4845 suasi
3512 4792 3583 4844 ri-

1996 4888 2153 4945 balis.
2185 4889 2397 4945 Fratres
2418 4890 2542 4955 mei,
2576 4890 2741 4943 Amen
2767 4897 2999 4942 vestrum
3031 4888 3249 4956 scriptio
3272 4897 3447 4941 vestra
3477 4896 3579 4947 est,

1997 4984 2281 5035 consensio
2311 4990 2486 5035 vestra
2512 4991 2615 5045 est,
2644 4980 2985 5048 adstipulatio
3014 4990 3192 5034 vestra
3220 4989 3323 5042 est,
3360 4995 3424 5031 ne
3449 4983 3584 5029 torte

2001 5071 2163 5139 aliqui
2190 5075 2422 5141 ipsorum
2447 5080 2500 5126 et
2530 5088 2630 5125 nos
2649 5073 2973 5127 condemnet
2997 5080 3050 5125 et
3067 5086 3161 5125 vos
3187 5088 3199 5123 :
3231 5069 3579 5124 defendamus

2005 5175 2103 5214 nos
2128 5160 2195 5215 de
2222 5160 2465 5229 apostolo
2493 5161 2677 5226 Paulo,
2710 5161 2989 5216 videamus
3012 5162 3055 5216 si
3078 5161 3198 5216 talia
3223 5158 3425 5227 Optavit
3448 5155 3583 5222 pleni

2004 5268 2135 5308 suae.
2167 5254 2362 5308 Audite
2391 5252 2514 5321 quid
2562 5254 2775 5320 dixerit,
2809 5255 2984 5324 qualia
3016 5267 3228 5308 oramus
3259 5263 3419 5316 super
3462 5259 3579 5310 vos,

2007 5346 2186 5401 audite
2212 5345 2337 5416 quid
2369 5346 2561 5401 dixerit
2587 5348 2818 5415 quodam
2852 5348 2971 5401 loco
3002 5362 3016 5399 :
3058 5359 3169 5399 rem
3202 5342 3415 5395 brevem
3439 5336 3590 5400 dico.

2007 5436 2146 5505 quod
2163 5435 2317 5502 dicis,
2339 5450 2371 5489 ο
2404 5451 2540 5490 nove
2562 5436 2835 5500 hteretice,
2861 5435 3165 5505 quicunque
3209 5444 3294 5483 me
3327 5427 3505 5491 audis,
3540 5428 3585 5479 si

2010 5540 2246 5593 praesens
2275 5542 2356 5591 eo,
2386 5526 2513 5597 quid
2563 5528 2735 5581 dicis?
2764 5527 2895 5593 Quia
2947 5540 3050 5577 non
3085 5534 3303 5589 peccare
3351 5518 3402 5571 in
3433 5526 3584 5585 pote-

2009 5627 2149 5672 SIate
2194 5618 2273 5672 sic
2332 5618 2611 5681 habemus,
2661 5626 2719 5671 ut
2765 5619 2865 5669 hoc
2917 5616 3032 5669 sine
3086 5608 3349 5680 adjtttutio
3396 5609 3586 5661 divina:

2010 5710 2192 5778 gratia:
2218 5711 2439 5780 implere
2471 5712 2737 5781 possimus
2758 5709 2887 5774 ;ltoc
2916 5708 3070 5771 dicis,
3104 5707 3223 5773 hoc,
3244 5703 3434 5773 inquit,
3463 5716 3590 5770 ergo

2015 5804 2068 5863 in
2118 5813 2382 5873 potestate
2424 5804 2703 5869 habemus,
2737 5815 2840 5857 non
2874 5814 3098 5871 peccare
3151 5798 3268 5853 sine
3320 5795 3580 5865 adjutoro
