3986 6190
386 288 484 343 987

1453 285 1512 339 υ.
1559 282 1880 340 ευιιγιτιδιι
1918 281 2208 336 ABDATIS
2250 283 2572 339 .ll’lllflANl

3549 292 3665 346 9'33

387 398 523 452 Dei?
576 372 750 463 plane,
799 395 992 463 inquit.
1042 395 1268 450 liberum
1301 393 1576 449 arbitrium
1620 404 1863 448 nostrum
1895 393 1961 447 ad
1993 397 2040 452 Δ
2072 393 2267 448 fratres
2312 395 2415 448 mei
2451 412 2464 447 :
2506 395 2749 465 quisquis
2796 398 2860 452 ad
2897 410 2991 452 vos
3035 398 3350 463 accesserit,
3383 407 3437 452 ct
3463 399 3668 453 dixerit

387 491 489 543 hoc
516 491 668 544 nobis
696 489 887 542 sufficit
910 505 925 540 :
951 486 1076 555 quid
1105 497 1188 542 est
1215 500 1344 555 ergo
1372 486 1513 555 quod
1548 486 1619 539 ait
1651 485 1962 552 Apostolus,

385 573 625 635 scribens
656 578 720 633 ad
740 578 1080 632 Corinthios?
1107 576 1334 632 Oramus
1365 577 1429 631 ad
1459 577 1624 631 Deum
1652 593 1717 630 ne
1739 577 1864 646 quid
1890 576 1968 630 fa—

387 669 542 725 ciatis
575 670 728 733 mali;
758 666 1087 730 attendistis,
1116 667 1360 733 audistis,
1390 667 1698 735 accf-pistis,
1743 675 1798 722 et
1840 667 1966 736 quia

391 759 882 815 manifestissimum
929 767 1035 822 est,
1079 759 1198 812 sine
1244 757 1409 810 dubio
1457 756 1794 811 intellexistis
1822 757 1965 828 quod

385 850 558 904 oravit
587 850 874 919 Apostolus
903 867 918 905 :
942 850 1189 914 Oramus,
1223 850 1419 918 inquit,
1444 848 1509 903 ad
1540 849 1708 903 Deum
1745 863 1811 904 ne
1840 848 1965 916 quid

384 943 569 996 aeiatis
592 945 753 1009 mali;
784 952 994 1012 poterat
1031 943 1215 997 dicere
1241 958 1256 996 :
1288 942 1567 996 Mouemus
1597 956 1692 994 vos
1725 957 1790 994 ne
1819 941 1947 1010 quid

387 1033 596 1088 faciatis
623 1035 771 1099 mali,
794 1033 1051 1088 docemus
1083 1048 1178 1088 vos
1209 1048 1276 1087 ne
1304 1033 1429 1102 quid
1459 1033 1664 1087 faciatis
1704 1033 1851 1097 mali,
1882 1033 1965 1102 iu-

384 1125 580 1179 bemus
607 1124 779 1189 vobis,
815 1125 1156 1195 praecipimus
1179 1124 1370 1189 vobis;
1398 1124 1538 1194 quod
1573 1125 1784 1193 quidem
1813 1125 1856 1178 si
1887 1125 1968 1179 di-

387 1224 552 1280 ceret,
589 1227 791 1270 certum
825 1215 1046 1281 diceret,
1079 1217 1200 1282 quia
1253 1227 1308 1270 et
1355 1216 1599 1270 voluntas
1653 1229 1832 1270 nostra
1860 1218 1968 1286 agit

387 1306 610 1374 aliquid,
643 1321 747 1360 nun
781 1307 922 1361 enim
954 1306 1200 1360 voluntas
1256 1315 1436 1359 nostra
1487 1306 1620 1360 nihil
1668 1307 1800 1376 agit,
1853 1308 1965 1361 sola

384 1411 491 1452 non
522 1397 751 1460 sufficit;
776 1396 960 1450 maluit
984 1406 1160 1452 tamen
1187 1397 1389 1461 dicere,
1436 1397 1685 1462 Oramus,
1711 1407 1766 1452 ut
1798 1399 1966 1466 ipsam

386 1492 609 1560 gratiam
640 1492 1066 1559 commendaret,
1100 1501 1157 1546 ut
1202 1492 1561 1562 intelligerent
1609 1491 1706 1557 illi,
1755 1494 1969 1562 quando

387 1599 494 1636 non
524 1583 796 1636 sufficiunt
822 1584 1020 1652 aliquid
1063 1583 1208 1646 mali,
1260 1598 1364 1637 non
1402 1583 1517 1638 sola
1568 1598 1661 1638 sua
1695 1583 1969 1638 voluntate

383 1689 444 1728 se
473 1676 640 1730 vitare
667 1676 886 1740 malum,
933 1676 1024 1731 sed
1075 1675 1342 1745 adiutorio
1409 1675 1502 1730 Del
1555 1677 1781 1744 implere
1825 1679 1965 1745 quod

2073 484 2258 538 vobis:
2304 484 2441 550 Quid
2489 499 2620 554 ergo
2648 501 2745 542 nos
2786 487 3028 553 facimus,
3058 488 3102 543 si
3133 488 3268 542 nihil
3297 488 3555 543 habemus
3600 490 3666 543 in

2071 583 2332 642 pote~tate
2363 575 2462 630 nisi
2497 577 2636 633 Deus
2657 577 2749 632 det
2767 579 2988 643 omnia;
3019 594 3148 648 ergo
3178 593 3284 632 non
3310 592 3408 633 nos
3430 593 3670 632 corona-

2071 664 2146 717 bit
2177 665 2316 720 Deus
2335 705 2353 732 ,
2383 667 2474 722 sed
2504 683 2563 723 se
2593 670 2914 723 coronabit:
2941 669 3054 738 iam
3086 669 3284 724 videtis
3305 669 3425 737 quia
3455 669 3524 724 de
3567 669 3668 723 illa

2069 772 2202 810 vena
2227 759 2410 825 venit;
2443 776 2576 815 vena
2619 771 2723 826 εει,
2763 761 2856 817 sed
2881 776 3148 816 venenum
3179 763 3374 816 habet:
3401 777 3670 831 percussa

2068 859 2151 904 est
2180 867 2320 905 enim
2345 867 2373 906 a
2400 863 2670 924 serpente,
2699 869 2828 909 sana
2857 870 2963 908 non
2994 863 3108 919 est;
3134 856 3234 908 hoc
3255 856 3397 909 enim
3426 855 3536 922 agit
3575 855 3672 908 ho-

2069 939 2157 995 die
2171 939 2418 1006 Satanas,
2443 944 2713 1011 quomodo
2734 959 2831 1014 per
2848 959 3052 999 venena
3079 944 3454 999 hazretieorum
3477 944 3671 1013 eiiciat

2069 1028 2134 1082 de
2164 1031 2435 1094 Ecclesia,
2483 1034 2624 1086 sicut
2653 1043 2779 1088 tunc
2811 1049 2907 1103 per
2936 1049 3140 1088 venena
3193 1036 3460 1104 serpentis
3499 1035 3671 1102 eiecit

2069 1120 2135 1176 de
2167 1122 2430 1189 paradiso.
2463 1124 2617 1179 lltmn
2665 1141 2824 1180 nemo
2871 1126 3016 1180 dicat
3063 1126 3365 1180 absolutum
3413 1140 3538 1180 esse
3593 1126 3670 1178 ab

2069 1225 2115 1272 ε,
2141 1213 2336 1280 iscopis
2351 1255 2364 1272 .
2389 1215 2634 1268 absoluta
2655 1225 2760 1279 est,
2783 1219 2879 1270 sed
2908 1216 3184 1271 confessio
3206 1214 3361 1286 quasi
3386 1215 3666 1270 correctio

2071 1301 2182 1370 ipsa
2206 1313 2290 1357 est
2329 1303 2602 1368 absoluta,
2633 1321 2757 1374 quea
2799 1321 2861 1360 ea
2906 1319 3028 1376 quae
3055 1305 3196 1361 dixit
3231 1321 3356 1360 ante
3379 1306 3672 1374 episcopos

2069 1395 2334 1448 Catholica
2359 1395 2695 1462 videbantur,
2712 1411 2831 1466 qua:
2852 1407 3030 1450 autem
3056 1396 3274 1467 scripsit
3295 1397 3347 1448 in
3381 1395 3530 1449 libris
3544 1396 3669 1448 suis

2069 1485 2305 1554 episcopi
2331 1486 2421 1555 qui
2453 1488 2823 1554 absolverunt,
2850 1489 3176 1551 nescierunt,
3208 1495 3262 1542 et
3295 1489 3514 1540 forsitan
3541 1499 3672 1539 cor-

2072 1586 2250 1628 rectus
2275 1587 2375 1628 est.
2411 1576 2710 1645 DeSperarc
2738 1581 2880 1631 enim
2910 1578 2979 1631 de
3011 1578 3226 1632 homine
3254 1591 3359 1631 non
3395 1575 3664 1629 debemus

2071 1666 2160 1734 qui
2192 1665 2331 1721 forte
2355 1667 2478 1720 fidei
2509 1668 2789 1722 catholica:
2807 1669 3024 1738 adiungi
3048 1684 3106 1723 se
3137 1669 3344 1732 maluit,
3373 1678 3426 1721 et
3449 1666 3518 1720 ad
3547 1666 3668 1732 eius

384 1766 591 1834 iussum
619 1777 721 1821 est.
759 1766 924 1835 Ergo.
967 1766 1180 1832 fratres,
1214 1766 1429 1834 quando
1457 1765 1783 1835 prmcipitur,
1809 1781 1968 1834 agno-
2005 1760 2047 1819 Β
2075 1756 2299 1825 gratiam
2332 1757 2706 1828 auxiliumque
2727 1758 2992 1829 confugit,
3027 1759 3164 1813 forte
3191 1760 3292 1813 hoc
3329 1758 3527 1811 factum
3555 1754 3674 1826 θα

385 1858 521 1912 scite
561 1857 847 1911 voluntatis
877 1857 1182 1923 arbitrium,
1216 1856 1429 1926 quando
1454 1867 1640 1910 oratur
1670 1857 1813 1926 quod
1846 1874 1980 1927 pra:-

386 1949 600 2017 cipitur,
632 1950 903 2018 agnoscite
930 1949 1113 2016 gratia:
1143 1947 1484 2012 beneficium,
1516 1958 1805 2017 utrumque
1828 1951 1976 2004 enim

389 2043 443 2095 in
471 2041 764 2109 Scripturis
809 2040 974 2094 habes
1003 2057 1018 2104 ;
1049 2049 1103 2094 et
1143 2039 1474 2109 praecipitur,
1507 2049 1561 2094 et
1604 2051 1809 2106 oratur,
1838 2042 1980 2111 quod

391 2131 718 2200 pracipitur,
744 2130 845 2184 hoc
871 2139 1054 2184 oratur
1079 2148 1092 2182 :
1119 2130 1296 2184 videte
1324 2130 1449 2199 quid
1481 2130 1604 2185 dico
1628 2149 1642 2196 ;
1669 2131 1980 2201 prmeipitur‘

392 2236 450 2276 ut
479 2223 838 2290 intelligamus
872 2241 883 2276 :
916 2222 1090 2277 Nolite
1135 2237 1257 2278 esse
1305 2225 1441 2277 sicut
1484 2239 1654 2291 equus
1681 2234 1734 2278 et
1784 2226 1982 2291 mulus,

394 2329 499 2367 non
531 2313 789 2367 habentes
818 2312 1185 2377 intellectum;
1218 2312 1444 2367 audistis
1473 2313 1595 2383 quia
1629 2314 1842 2383 iussum
1877 2326 1980 2381 ez-t,

396 2414 518 2471 pete
548 2414 604 2457 ut
632 2404 806 2473 possis
835 2403 1062 2469 implere
1115 2403 1481 2473 quodiussum
1533 2414 1637 2460 est.
1680 2405 1979 2472 Quomodo,

399 2493 599 2561 inquis,
629 2495 787 2561 peto?
818 2494 940 2548 audi
973 2494 1308 2563 St-ripttiram
1338 2495 1466 2565 quid
1492 2495 1586 2549 tibi
1621 2495 1828 2563 iussum
1855 2506 1935 2552 est
1966 2513 1981 2551 :

396 2585 569 2639 Nolite
598 2600 716 2639 esse
741 2586 878 2639 sicut
899 2600 1069 2656 equus
1097 2597 1149 2641 et
1179 2587 1378 2650 mulus,
1408 2603 1512 2640 non
1539 2587 1798 2642 habentes
1824 2588 1982 2642 intel-

398 2675 628 2740 lectum;
661 2677 785 2744 quia
806 2675 1009 2742 iussum
1035 2685 1141 2741 est,
1171 2677 1430 2746 agnovisti
1455 2678 1782 2731 voluntatem
1816 2697 1827 2730 :
1859 2678 1983 2733 audi

397 2765 522 2833 quia
543 2775 745 2830 oratur,
771 2776 1098 2834 utagnoscas
1119 2768 1338 2837 gratiam
1365 2768 1473 2822 :Da
1501 2768 1630 2822 mihi
1658 2768 1984 2824 intellectum

399 2862 458 2908 ut
477 2854 682 2909 discam
711 2856 958 2910 mandata
992 2863 1104 2922 tua;
1137 2857 1346 2926 iussum
1392 2873 1472 2912 εει
1503 2869 1560 2911 ιιι
1586 2859 1875 2914 habeamus
1900 2875 1986 2914 sa-

402 2945 678 3012 pientiam,
709 2946 831 3013 quia
869 2945 1076 3014 iussum
1129 2956 1214 3002 est
1269 2948 1420 3018 lego;
1451 2950 1540 3004 ubi
1573 2951 1725 3021 legis,
1785 2952 1990 3019 inquit?

404 3037 617 3103 Audite,
647 3038 747 3103 Qui
776 3038 1088 3104 insipientes
1119 3042 1250 3094 estis
1280 3040 1334 3093 in
1376 3041 1594 3108 populo,
1627 3050 1682 3096 et
1712 3043 1861 3097 stulti
1892 3044 1987 3098 ali-

2086 1851 2183 1912 sit;
2214 1858 2390 1903 tamen
2423 1864 2528 1903 non
2569 1847 2793 1906 hxresis
2817 1862 2898 1906 est
2925 1850 3190 1913 abstiiuta,
3223 1849 3316 1904 sed
3348 1850 3514 1903 homo
3548 1849 3674 1900 ba:-

2084 1939 2244 1993 resim
2271 1953 2497 2008 negans.

2551 2054 2777 2110 CAPUT
2816 2053 3190 2109 CCLXXXIX.

2088 2145 2236 2209 Quod
2269 2146 2516 2198 mundum
2566 2144 2698 2198 Deus
2744 2155 2946 2215 prapter
2990 2147 3205 2216 gratiam
3244 2154 3425 2216 servat,
3457 2151 3667 2216 propter

2156 2216 2367 2267 liberum
2420 2217 2687 2269 arbitrium
2730 2211 2962 2286 Iudicat;
2990 2211 3058 2269 Ex
3103 2215 3320 2285 epistofa
3359 2215 3425 2267 ad
3476 2211 3672 2266 Valen-

2157 2294 2349 2338 (intuit.

2158 2395 2395 2450 Obsecro
2423 2396 2601 2465 itaque
2618 2409 2736 2461 vos,
2771 2394 2987 2461 fratres,
3020 2394 3155 2450 sicut
3174 2393 3479 2450 Corinthios
3509 2393 3670 2448 obse-

2085 2485 2252 2540 cravit
2296 2486 2586 2554 Apostolus
2614 2526 2629 2550 ,
2673 2501 2769 2555 per
2811 2501 3008 2541 nomen
3061 2485 3273 2541 Domini
3318 2485 3486 2539 nostri
3534 2483 3699 2539 lesu-

2087 2575 2310 2641 Christi,
2341 2584 2398 2629 ut
2426 2578 2599 2645 ipsum
2622 2575 2813 2632 dicatis
2841 2591 3047 2641 omnes,
3079 2585 3134 2630 et
3157 2591 3263 2630 non
3301 2578 3409 2630 sint
3433 2577 3482 2630 in
3517 2574 3672 2631 vobis

2086 2667 2395 2722 schismata.
2430 2667 2608 2722 Primo
2647 2667 2790 2722 enim
2821 2668 3080 2722 Dominus
3102 2667 3280 2732 .lesus,
3309 2667 3448 2721 sicut
3485 2665 3670 2733 serip-

2091 2770 2200 2811 tum
2229 2766 2310 2811 est
2337 2758 2390 2810 in
2416 2757 2707 2827 Evangelio
2733 2757 2953 2813 Joannis
2979 2757 3234 2827 apostoli,
3286 2771 3391 2811 non
3422 2757 3572 2811 venit
3607 2764 3672 2810 ut

2087 2848 2350 2918 indicaret
2392 2850 2672 2914 mundum,
2718 2850 2816 2905 sed
2855 2861 2912 2904 ut
2955 2850 3254 2904 salvaretur
3299 2848 3529 2902 mundus
3575 2863 3675 2916 per

2093 2941 2301 3008 ipsum;
2331 2949 2514 3010 postea
2541 2956 2691 3005 vero,
2717 2942 2859 2996 sicut
2897 2940 3082 2996 scribit
3123 2939 3399 3010 apostolus
3432 2939 3633 2993 Paulus
3654 2980 3674 3002 ,

2088 3030 2346 3099 iudicabit
2374 3031 2516 3086 Deus
2546 3030 2827 3101 mundum,
2856 3031 3070 3102 quando
3100 3039 3356 3086 venturus
3393 3039 3497 3095 est,
3529 3033 3675 3083 sicut

403 3127 619 3194 quando
649 3127 850 3197 sapite;
891 3127 1000 3197 iam
1057 3129 1144 3183 ille
1169 3129 1295 3199 quid
1331 3130 1453 3184 dicii
1478 3135 1501 3183 γ
1530 3131 1690 3187 vides
1718 3133 1989 3200 quomodo
2018 3128 2062 3189 C
2096 3130 2207 3175 tota
2236 3122 2476 3177 Ecclesia
2509 3124 2561 3177 in
2591 3121 2848 3194 Symbolo
2877 3122 3161 3178 confitetur
3186 3138 3202 3177 :
3225 3121 3477 3176 iudicare
3522 3119 3675 3173 vivos

404 3219 559 3272 nobis
590 3219 842 3287 prmcepit
876 3219 1014 3273 Deus
1053 3229 1112 3273 ut
1147 3221 1442 3290 sapiamus.
1477 3221 1617 3288 Ergo
1643 3223 1902 3290 sapientia
1933 3225 1985 3277 in

405 3317 586 3362 nostra
607 3318 689 3364 est
712 3310 1008 3378 potestate?
1028 3309 1145 3365 Jam
1163 3311 1303 3374 dixi,
1335 3322 1654 3381 praeceptum
1679 3313 1880 3379 audivi,
1897 3330 1990 3367 vo-

408 3399 662 3453 luntatem
713 3401 968 3470 cognovi;
1016 3401 1141 3455 audi
1195 3403 1514 3465 orationem,
1549 3413 1606 3456 ut
1652 3406 1876 3472 gratiam
1935 3413 1988 3458 tu

409 3490 579 3558 possis
609 3505 918 3557 agnoscere.
953 3490 1029 3545 De
1058 3491 1320 3557 sapientia
1353 3493 1526 3557 agitur
1569 3508 1688 3561 qua:
1733 3494 1878 3562 iussa
1908 3506 1991 3548 est

407 3581 561 3640 nobis
593 3597 608 3634 :
641 3581 920 3635 audiamus
949 3581 1074 3652 quid
1125 3582 1272 3637 dicat
1313 3583 1585 3650 apostolus
1626 3583 1856 3638 Jacobus
1891 3603 1902 3636 :
1935 3587 1989 3640 Si

405 3674 526 3736 quis
551 3680 727 3724 autem
758 3681 994 3726 vestrum
1022 3672 1222 3742 indiget
1257 3674 1540 3741 sapientia,
1571 3676 1852 3742 postuleta
1885 3677 1993 3730 Deo

405 3763 494 3828 q-ii
511 3762 860 3816 datomnibus
887 3762 1190 3829 afﬂuenter;
1213 3762 1428 3832 iubetur
1448 3764 1603 3819 nobis
1628 3766 1989 3821 continentia:

409 3850 494 3902 ubi
515 3850 766 3918 iubetur?
793 3852 1079 3920 Apo‘tulus
1095 3853 1162 3906 ad
1183 3852 1559 3907 Timotheum:
1584 3852 1813 3910 Contine
1845 3865 1894 3910 te
1917 3856 1997 3924 ip-

407 3954 548 4004 sum;
576 3939 744 4008 iussio
766 3952 868 4004 est,
885 3943 1173 4012 praeceptio
1202 3951 1304 4008 est,
1328 3942 1650 3997 audiendum
1676 3953 1779 4009 est,
1796 3943 1997 4001 facien-

408 4029 535 4084 dum
549 4039 651 4094 est,
673 4031 767 4084 sed
800 4031 900 4086 nisi
928 4032 1065 4087 Deus
1091 4033 1328 4103 adiuvet,
1351 4036 1998 4094 remanemus.Conamur

407 4121 624 4187 quidem
641 4121 812 4176 facere
823 4123 1184 4190 voluntate,'et
1197 4124 1380 4179 nititur
1395 4126 1590 4195 aliquid
1607 4128 1872 4196 voluntas,
1889 4147 1994 4187 non

408 4219 698 4279 praesumat
747 4220 1004 4279 potestas,
1051 4214 1149 4267 nisi
1183 4213 1466 4283 adiuvetur
1504 4216 1817 4284 infirmitas;
1851 4230 1998 4275 certe

411 4301 554 4354 enim
570 4301 776 4368 iussum
805 4310 890 4356 est
913 4300 1170 4358 :Contine
1194 4313 1244 4359 te
1263 4306 1460 4371 ipsum.
1480 4306 1616 4361 Audi
1642 4309 1802 4364 alium
1821 4310 1995 4366 locum

410 4389 745 4459 Scriptura:
781 4391 848 4445 Et
874 4405 996 4446 cum
1016 4393 1234 4459 scirem,
1274 4395 1463 4465 inquit,
1507 4397 1632 4466 quia
1678 4415 1836 4454 nemo
1876 4417 1998 4456 esse

2091 3222 2142 3269 et
2167 3224 2427 3268 mortuos.
2462 3215 2519 3270 Si
2550 3229 2681 3284 ergo
2710 3231 2816 3269 non
2845 3222 2928 3268 est
2951 3214 3043 3269 Dei
3065 3213 3259 3284 gratia,
3277 3213 3545 3283 quomodo
3567 3212 3676 3264 sal-

2101 3319 2193 3364 vat
2224 3309 2522 3363 munduml
2551 3318 2601 3363 et
2631 3309 2674 3363 si
2697 3323 2804 3363 non
2833 3317 2915 3362 est
2936 3307 3162 3363 liberum
3206 3307 3505 3370 arbitrium,
3535 3319 3676 3374 quo-

2093 3400 2253 3453 modo
2279 3399 2481 3469 iudicat
2508 3398 2803 3453 mundum?
2834 3398 3086 3454 Prohibet
3113 3398 3395 3465 Apostolus
3434 3394 3621 3448 dicens
3647 3410 3663 3445 :

2093 3488 2262 3544 Nemo
2286 3489 2541 3558 glorietur
2573 3489 2624 3542 in
2657 3487 2905 3554 homine;
2935 3498 2989 3542 et
3019 3490 3124 3542 alio
3150 3487 3268 3541 loco
3300 3505 3312 3538 :
3347 3486 3446 3553 Qui
3472 3485 3668 3553 gloria-

2095 3588 2201 3643 tur,
2234 3580 2424 3650 inquit,
2460 3580 2511 3633 in
2561 3580 2788 3634 Domino
2835 3580 3113 3649 glorietur.
3146 3580 3222 3633 Illi
3255 3593 3380 3633 vero
3428 3578 3678 3631 bteretici

2094 3669 2301 3737 seipsos
2329 3683 2357 3720 a
2381 3666 2572 3737 seipsis
2596 3668 2773 3738 iustos
2804 3670 2918 3725 fieri
2949 3677 3223 3738 putantes,
3256 3669 3410 3739 quasi
3443 3668 3544 3722 hoc
3587 3671 3671 3721 eis

2095 3776 2203 3816 non
2238 3760 2379 3815 Deus
2417 3760 2647 3828 dederit,
2677 3760 2772 3817 sed
2803 3762 2904 3831 ipsi
2934 3761 3062 3828 sibi,
3091 3776 3194 3816 non
3239 3761 3420 3830 utique
3464 3760 3516 3814 in
3565 3760 3674 3812 Do-

2097 3850 2275 3917 mino,
2323 3851 2416 3905 sed
2461 3851 2515 3904 in
2561 3849 2867 3920 semetipsis
2913 3851 3238 3921 gloriantur;
3291 3851 3488 3905 talibus
3541 3849 3678 3902 dicit

2098 3941 2388 4010 Apostolus
2421 3961 2435 3995 :
2467 3941 2595 4008 Quis
2621 3942 2766 3996 enim
2799 3952 2851 3997 te
2879 3942 3168 3997 discernit?
3197 3940 3338 4011 quod
3377 3941 3499 3994 ideo
3524 3940 3556 3992 d
3580 3939 3676 4001 cit,

2097 4035 2221 4103 quia
2250 4034 2317 4089 de
2345 4049 2524 4089 massa
2569 4035 2713 4090 illius
2765 4033 2957 4102 perditi
2983 4035 3082 4088 vnis
3123 4048 3244 4104 qua
3291 4032 3430 4087 facta
3479 4040 3562 4086 est
3606 4043 3677 4084 ex

2099 4125 2292 4190 Adam,
2322 4141 2428 4180 non
2456 4125 2718 4179 discernit
2745 4126 3043 4190 hominem,
3075 4134 3135 4179 ut
3163 4139 3282 4180 eum
3314 4123 3476 4177 faciat
3501 4137 3596 4175 vas
3627 4121 3680 4174 in

2099 4217 2381 4282 honorem,
2410 4232 2514 4270 non
2537 4216 2590 4271 in
2620 4218 3028 4282 contumetiam,
3064 4217 3167 4271 nisi
3198 4217 3372 4270 Deus:
3405 4215 3498 4269 sed
3541 4229 3681 4281 quo-

2099 4312 2241 4361 niam
2265 4307 2426 4361 homo
2453 4307 2684 4362 carnalis
2711 4317 2767 4362 et
2791 4308 3022 4364 inaniter
3064 4309 3301 4372 inflatus,
3330 4322 3452 4362 cum
3491 4307 3675 4359 audis-

2100 4396 2337 4462 set,Quis
2353 4397 2495 4452 enim
2518 4407 2572 4452 te
2587 4397 2875 4452 discernit?
2889 4401 3410 4468 possetrcspondere
3425 4399 3505 4452 vel
3527 4411 3682 4461 τοι-ε,

410 4489 585 4548 potest
605 4483 903 4549 continens,
929 4483 1027 4538 nisi
1054 4483 1195 4540 Deus
1215 4484 1336 4551 det;
1365 4495 1420 4541 et
1451 4487 1552 4542 hoe
1581 4489 1750 4556 ipsum
1776 4501 1894 4546 erat
1912 4508 1994 4547 sa-
2025 4494 2078 4554 1)
2103 4489 2182 4543 vel
2211 4488 2552 4557 cogitatione,
2586 4500 2641 4543 et
2669 4489 2854 4545 dicere
2886 4508 2900 4543 :
2935 4487 3201 4544 Discernit
3244 4504 3332 4543 me
3361 4488 3492 4542 fides
3534 4501 3681 4551 mea,

410 4572 606 4640 pientia
626 4575 765 4628 scire
794 4575 946 4644 cuius
975 4584 1119 4632 esset
1149 4574 1251 4630 hoc
1271 4577 1501 4644 donum;
1538 4579 1604 4635 Et
1631 4582 1778 4649 quid,
1802 4583 1994 4652 inquii,

414 4659 560 4715 feci?
589 4664 695 4716 adii
722 4664 1003 4720 Dominum
1025 4675 1080 4721 et
1095 4666 1413 4734 deprecatus
1434 4684 1574 4722 sum.
1599 4671 1733 4738 Quid
1757 4687 1890 4740 Opus
1916 4686 1998 4728 est

411 4755 576 4806 multa
604 4771 938 4824 percurrere,
964 4758 1156 4813 fratres
1190 4762 1332 4815 mei?
1364 4762 1622 4832 quidquid
1661 4763 1812 4818 nobis
1837 4765 1998 4833 iube-

412 4857 521 4912 tur,
552 4851 813 4904 orandum
843 4863 925 4907 est
949 4866 1009 4909 ut
1044 4856 1328 4924 impleatur
1362 4875 1376 4909 :
1402 4857 1495 4910 sed
1521 4874 1626 4911 non
1656 4859 1790 4912 sicut
1813 4859 1990 4912 dimit-

412 4945 588 4993 tamus
618 4955 737 5009 nos,
767 4953 823 4996 et
847 4947 1116 5013 quomodo
1141 4949 1268 5017 a-gri
1297 4949 1573 5018 iaceamus
1603 4951 1797 5016 supini,
1836 4963 1889 5004 et
1911 4951 1994 5004 di-

410 5043 631 5085 camus:
680 5031 832 5087 Pluat
860 5035 1000 5090 Deus
1033 5053 1184 5093 escas
1234 5055 1395 5109 super
1439 5041 1602 5096 facies
1650 5051 1883 5106 nostras,
1937 5053 1995 5098 ut

412 5136 630 5188 prorsus
657 5139 754 5181 nos
779 5126 912 5181 nihil
943 5143 1105 5198 agere
1136 5131 1360 5186 velimus
1385 5150 1399 5198 ;
1444 5142 1502 5188 et
1528 5149 1648 5188 cum
1690 5149 1812 5190 esea
1837 5149 1992 5188 coni-

414 5215 559 5280 pluta
583 5217 744 5272 fuerit
782 5234 945 5288 super
984 5237 1046 5277 os
1069 5233 1340 5289 nostrum,
1369 5225 1633 5288 dicamus.
1663 5226 1825 5280 etiam
1854 5227 1994 5281 Deus

411 5304 598 5372 glutiat
619 5307 685 5363 de
715 5310 873 5365 nobis
905 5328 917 5364 :
945 5312 1145 5381 aliquid
1172 5324 1225 5368 et
1252 5329 1349 5368 nos
1373 5330 1534 5384 agere
1569 5316 1849 5382 debemus,
1882 5327 1993 5371 stu-

411 5394 541 5450 dere
564 5395 843 5461 debemus.
865 5402 1346 5467 conaridebemus,
1365 5411 1422 5457 et
1438 5404 1490 5458 in
1513 5420 1578 5459 eo
1601 5406 1800 5474 gratias
1832 5421 1999 5476 agere

415 5487 466 5538 in
497 5504 604 5557 quo
633 5492 991 5560 potuerimus;
1013 5495 1065 5549 in
1093 5509 1159 5550 eo
1184 5495 1326 5564 quod
1349 5510 1456 5550 non
1475 5499 1808 5565 potuerimus
1821 5514 1995 5553 orare.

415 5579 640 5642 Quando
669 5583 865 5652 gratias
899 5587 1034 5656 agis,
1065 5600 1223 5642 caves
1276 5603 1342 5643 ne
1390 5587 1665 5642 damneris
1707 5588 1948 5658 ingratus
1977 5604 1992 5641 :

415 5669 628 5730 quando
651 5682 828 5727 autem
859 5677 998 5742 quod
1026 5679 1259 5734 nondum
1291 5680 1456 5735 habes
1509 5680 1664 5748 petis,
1716 5695 1873 5736 caves
1930 5696 1996 5736 ne

418 5771 696 5815 remaneas
728 5763 921 5830 inanis,
947 5768 1068 5838 quia
1098 5770 1406 5841 impediris;
1443 5773 1672 5844 cogitate
1701 5787 1829 5843 ergo
1855 5773 1979 5842 ista,

2101 4577 2352 4633 discernit
2372 4593 2458 4634 me
2496 4579 2670 4632 oratio
2700 4593 2838 4643 mea,
2870 4579 3126 4634 discernit
3173 4593 3260 4633 me
3286 4578 3486 4648 insutia
3528 4593 3678 4643 mea;

2100 4685 2221 4724 mox
2249 4670 2535 4739 Apostolus
2559 4671 2794 4725 occurrit
2820 4672 3231 4744 cogitationibus
3261 4672 3401 4741 eius,
3421 4680 3475 4725 et
3506 4671 3675 4726 dixit:

2097 4763 2235 4830 Quid
2258 4767 2398 4818 enim
2429 4765 2594 4820 habes
2623 4765 2764 4834 quod
2793 4780 2898 4819 non
2924 4763 3220 4834 accepisti?
3246 4762 3289 4818 si
3315 4772 3494 4816 autem
3525 4777 3684 4815 accc-

2099 4856 2239 4923 pisti,
2271 4855 2395 4923 quid
2438 4857 2686 4926 gloriaris
2718 4858 2867 4926 quasi
2916 4872 3022 4911 non
3070 4854 3380 4925 acceperis?
3428 4854 3472 4906 si
3505 4863 3683 4907 autem

2099 4945 2413 5014 gloriantur,
2446 4963 2597 5016 quasi
2622 4963 2727 5001 non
2758 4952 3084 5016 acceperint,
3109 4947 3197 5016 qui
3225 4961 3286 5001 se
3309 4959 3336 4998 a
3361 4944 3554 5014 seipsis
3570 4943 3686 5012 ius-

2104 5037 2289 5091 tilicari
2319 5048 2525 5103 putant,
2553 5053 2616 5092 ac
2641 5055 2736 5107 per
2759 5038 2863 5092 hoc
2903 5040 2956 5093 in
2985 5037 3314 5106 semetipsis,
3351 5050 3457 5090 non
3499 5036 3551 5088 in
3585 5034 3688 5088 Do—

2101 5131 2247 5185 mino
2277 5131 2600 5200 gloriantur.
2634 5132 2828 5186 Dicunt
2863 5132 3085 5202 gratiam
3118 5130 3211 5185 Dei
3252 5129 3548 5186 secundum
3575 5140 3690 5180 me-

2102 5226 2202 5277 rita
2235 5237 2416 5278 noswa
2446 5224 2584 5292 dari,
2615 5224 2760 5293 quod
2791 5225 3013 5282 omnino
3043 5223 3388 5278 falsissimum
3417 5231 3499 5274 est
3529 5236 3545 5271 :
3580 5234 3687 5271 non

2102 5317 2224 5383 quia
2250 5318 2454 5372 nullum
2485 5326 2568 5371 est
2590 5318 2838 5372 meritum
2859 5316 2940 5370 vel
2973 5315 3172 5371 bonum
3206 5314 3441 5384 piorum,
3467 5312 3548 5364 γει
3574 5325 3688 5362 ma-

2101 5407 2210 5462 lnm
2259 5410 2578 5477 impiorum;
2631 5407 2863 5476 alioquin
2912 5407 3181 5476 quomodo
3229 5405 3492 5474 iudicabit
3543 5402 3687 5457 Dens

2103 5501 2395 5553 mundum?
2424 5498 2518 5553 sed
2568 5498 2937 5553 misericordia
2986 5507 3038 5552 et
3078 5497 3248 5567 gratia
3290 5495 3383 5550 Dei
3425 5492 3693 5548 convertit

2103 5592 2398 5658 hominem,
2429 5591 2494 5646 de
2533 5607 2635 5660 qua
2672 5591 2912 5660 psalmus
2945 5591 3112 5646 dicit:
3149 5591 3287 5645 Deus
3323 5603 3495 5651 meus,
3525 5587 3692 5640 mise-

2102 5684 2329 5738 ricbrdia
2363 5683 2478 5752 eius
2525 5685 2824 5753 praeveniet
2869 5699 2976 5748 me,
3027 5681 3431 5752 utinstificctur
3462 5680 3692 5748 impius,

2101 5777 2198 5832 hoc
2228 5784 2331 5844 est,
2359 5791 2424 5831 ex
2457 5774 2625 5846 impio
2661 5775 2750 5829 fiat
2777 5775 2975 5846 iustus,
2999 5785 3052 5831 et
3088 5775 3308 5846 incipiat
3342 5773 3539 5828 habere
3569 5786 3688 5826 uie-
