3986 6190
414 362 522 417 931)

1603 357 2042 416 THESAURUS.
2084 357 2242 417 CAP.
2279 357 2482 413 CCXC.

3586 358 3694 414 990

415 481 578 534 ritum
604 479 827 541 bonum,
855 477 1000 548 quod
1033 477 1291 534 Dominus
1313 479 1592 534 coronabit
1616 479 1832 548 quando
1854 477 2001 548 judi-
2030 480 2080 536 Α
2114 475 2216 545 ipsi
2248 477 2434 545 gratia:
2464 476 2766 531 invenietur
2795 477 3057 546 ingratus,
3084 477 3173 545 qui
3199 485 3394 544 praeter
3416 477 3557 532 illam
3584 479 3695 532 vult

413 572 625 622 rabitur
673 566 925 624 mundus.
978 567 1095 636 Ipsa
1142 578 1226 624 est
1276 569 1418 625 enim
1468 571 1693 638 quzestio
1723 569 1790 623 de
1830 568 1998 638 gratia

419 662 515 714 Dei
546 676 666 729 quas
691 659 815 715 fecit
839 669 897 712 ut
925 657 1168 713 homines
1199 674 1306 714 non
1349 659 1711 728 intelligentes
1751 667 2002 730 putarent

417 753 720 816 apostolum
761 751 983 805 Paulum
1029 750 1208 806 dicere
1239 769 1252 805 :
1282 751 1562 806 Faciamus
1601 753 1760 818 mala,
1809 760 1868 805 ut
1913 769 2003 806 ve-

422 842 574 895 niant
609 842 772 895 bona.
812 841 964 896 Unde
993 842 1266 911 apostolus
1306 842 1568 896 Petrusin
1613 843 1844 898 secunda
1884 845 1999 913 epi-

415 933 554 986 srola
596 947 731 986 sua:
763 931 1125 1000 Quapropter,
1159 932 1327 1002 inquit
1350 973 1364 996 ,
1392 934 1723 999 charissiini,
1759 935 1872 988 haec
1901 950 1999 988 ex-

417 1037 727 1094 spectantes
773 1027 1004 1096 satagite
1056 1028 1292 1081 inviolati
1350 1037 1406 1082 et
1473 1028 1799 1082 immaculaii
1859 1029 1998 1098 apud

423 1116 590 1170 Deum
645 1113 811 1187 [eum]
843 1115 1066 1184 reperiri
1097 1117 1150 1169 in
1184 1132 1334 1186 pace,
1366 1127 1420 1172 et
1464 1118 1672 1172 Domini
1707 1120 1872 1173 nostri
1905 1135 1999 1187 pa-

420 1210 661 1263 tientiam
689 1210 916 1264 salutem
948 1211 1272 1276 existimate,
1305 1214 1447 1266 sicut
1480 1212 1860 1268 dilectissimus
1892 1214 2001 1268 fra-

419 1311 503 1355 ter
533 1311 714 1355 noster
765 1301 961 1355 Paulus
1006 1303 1303 1357 secnndum
1343 1318 1464 1357 eam
1515 1320 1636 1372 quae
1667 1305 1788 1358 data
1837 1316 1917 1359 est
1948 1306 1997 1360 ei

417 1394 735 1460 sapientiam
766 1393 984 1461 scripsit
1006 1393 1187 1458 vobis,
1217 1403 1274 1447 ut
1300 1402 1354 1449 et
1380 1395 1432 1448 in
1456 1395 1706 1448 omnibus
1734 1395 1995 1464 epistolis,

416 1485 643 1552 loquens
665 1484 716 1537 in
744 1485 822 1537 eis
853 1483 920 1537 de
950 1482 1030 1538 his
1059 1483 1110 1536 in
1146 1483 1339 1552 quibus
1369 1493 1493 1538 sunt
1532 1485 1773 1551 quietiam
1803 1483 1998 1538 diflici-

415 1573 490 1628 lia
520 1573 811 1638 intellectu,
844 1588 960 1642 quae
985 1572 1185 1628 indocti
1216 1582 1271 1627 et
1302 1573 1585 1628 instabiles
1615 1573 1857 1627 homines
1879 1589 1999 1642 pcr-

413 1672 629 1718 vertunt
678 1663 816 1716 sicut
864 1671 919 1716 et
965 1671 1188 1716 caeteras
1238 1662 1564 1730 Scripturas,
1602 1663 1668 1716 ad
1718 1663 1995 1733 proprium

412 1770 574 1808 suum
605 1753 902 1808 interitum.
931 1753 1128 1808 Cavete
1162 1768 1290 1823 ergo
1320 1753 1460 1823 quod
1503 1763 1683 1808 tantus
1722 1755 1997 1824 apostolus

2117 570 2302 624 vivere
2334 571 2385 623 in
2425 579 2651 639 peccato
2681 585 2774 640 per
2799 585 2955 638 quam
2981 571 3241 624 morimur
3270 581 3510 640 peccato.

2655 703 2882 759 CAPUT
2920 704 3121 758 CCXC.

2108 813 2208 880 Qui
2252 816 2362 868 sine
2409 815 2518 884 lege
2564 829 2934 885 peccaverunt.
2988 819 3098 872 sine
3150 819 3260 887 lege
3307 819 3576 888 peribunt;
3627 836 3692 874 ex

2725 888 2899 940 eodem
2929 889 3077 943 libro.

2178 1012 2274 1068 Ubi
2305 1014 2517 1079 dicitur,
2549 1016 2654 1069 noli
2682 1016 2782 1070 hoc
2807 1026 2860 1070 et
2883 1016 2992 1068 noli
3026 1016 3176 1078 illud,
3203 1027 3254 1070 et
3274 1017 3360 1071 ubi
3393 1017 3458 1070 ad
3484 1017 3685 1086 aliquid

2104 1103 2405 1159 faciendum
2435 1107 2519 1161 vel
2547 1123 2652 1160 non
2688 1107 2986 1160 faciendntn
3020 1109 3072 1160 in
3099 1108 3294 1162 divinis
3319 1109 3534 1162 monitis
3554 1124 3688 1178 opus

2103 1198 2391 1252 voluntatis
2408 1200 2653 1268 exigitur,
2663 1200 2789 1253 satis
2802 1199 3026 1253 liberum
3041 1199 3371 1254 demonstrat
3385 1202 3685 1255 arbitrium.

2101 1287 2270 1344 Nemo
2292 1305 2419 1358 ergo
2435 1290 2598 1345 Deum
2612 1299 2859 1345 causetur
2872 1292 2924 1344 in
2937 1291 3098 1346 corde
3113 1293 3333 1358 suo,sed
3351 1294 3450 1346 sibi
3466 1294 3688 1361 imputet

2102 1381 2326 1450 quisque
2354 1398 2475 1436 cum
2525 1391 2737 1451 peccat;
2779 1398 2958 1452 neque
2987 1399 3112 1437 cum
3153 1385 3354 1454 aliquid
3392 1386 3687 1440 secundum

2103 1469 2270 1524 Deum
2321 1485 2605 1540 Operatur,
2653 1474 2850 1527 alienet
2897 1474 3000 1527 hoc
3044 1489 3074 1528 a
3123 1475 3337 1544 propria
3385 1476 3686 1530 volunta'c.

2101 1561 2326 1627 Quando
2368 1563 2511 1617 enim
2544 1565 2730 1617 volens
2772 1564 2873 1618 hoc
2904 1563 3050 1630 facit,
3085 1575 3212 1619 tunc
3262 1565 3544 1620 dicendum
3579 1577 3682 1634 est,

2101 1668 2235 1720 opus
2264 1653 2463 1706 bonum
2484 1697 2498 1719 ,
2535 1662 2662 1708 tunc
2689 1654 2953 1723 speranda
2991 1666 3075 1709 est
3104 1657 3228 1709 boni
3259 1657 3437 1724 Operis
3479 1671 3687 1710 merces

2101 1743 2169 1796 ab
2197 1757 2262 1796 eo
2285 1742 2352 1796 de
2378 1759 2483 1812 quo
2509 1743 2708 1799 dictum
2735 1753 2839 1810 est,
2893 1745 2994 1811 Qui
3038 1746 3229 1800 reddet
3267 1748 3560 1816 unicuique
3598 1761 3686 1802 se-

414 1854 522 1898 tam
555 1844 864 1900 terribiliter
894 1843 1052 1910 dicit;
1084 1853 1139 1898 et
1175 1845 1261 1899 ubi
1290 1844 1500 1900 sentitis
1546 1860 1642 1900 vos
1670 1862 1774 1900 non
1800 1847 1997 1902 intelli-

2108 1833 2332 1887 cundum
2371 1849 2535 1902 opera
2566 1849 2684 1891 sua.
2714 1835 2816 1902 Qui
2845 1851 2980 1906 ergo
3020 1846 3282 1891 noverunt
3321 1836 3501 1891 divina
3532 1852 3686 1890 man-

410 1952 564 2005 gerc,
589 1937 798 1992 interim
820 1937 1022 1992 credite
1038 1938 1233 1993 divinis
1258 1939 1507 2008 eloquiis,
1532 1939 1658 2006 quia
1681 1947 1735 1993 et
1765 1938 1998 1993 liberum

412 2029 540 2101 rest}
571 2030 801 2084 hominis
821 2031 1126 2095 arbitrium,
1150 2039 1205 2085 et
1234 2031 1404 2102 gratia
1433 2031 1548 2097 Dei,
1573 2030 1689 2086 sine
1717 2031 1873 2100 cujus
1907 2031 2003 2086 ad-

411 2122 612 2190 julorio
662 2121 891 2177 liberum
941 2122 1220 2177 arbitrium
1269 2138 1371 2178 nec
1416 2124 1658 2178 converti
1715 2132 1890 2192 potest
1933 2123 2000 2178 ad

413 2210 604 2277 Deum,
645 2227 747 2267 nec
779 2211 1042 2280 proiicere
1085 2212 1136 2264 in
1183 2212 1326 2266 Deo:
1357 2221 1411 2268 et
1450 2213 1594 2281 quod
1632 2211 1717 2282 pie
1754 2213 1996 2278 creditis,

410 2301 660 2357 utetiam
698 2303 970 2369 sapienter
1012 2302 1323 2372 intelligatis
1368 2313 1554 2368 orate;
1585 2312 1638 2358 et
1675 2303 1740 2357 ad
1789 2303 1890 2356 hoc
1921 2304 2000 2372 ip—

411 2405 529 2444 sum
555 2393 720 2460 enim,
755 2391 804 2445 id
845 2402 928 2446 est
957 2401 1015 2446 ut
1057 2394 1328 2460 sapienter
1367 2392 1748 2461 intelligamus,
1785 2402 1867 2447 est
1896 2393 2000 2447 uti-

410 2497 516 2552 que
543 2483 768 2536 liberum
805 2482 1106 2537 arbitrium.
1133 2483 1242 2538 Nisi
1289 2484 1431 2538 enim
1464 2483 1634 2538 libero
1667 2484 1892 2539 arbitrio
1917 2485 1999 2538 in-

409 2575 772 2642 telligeremus
796 2586 955 2645 atque
996 2591 1334 2644 saperemus,
1360 2592 1466 2630 non
1499 2577 1651 2630 nobis
1677 2577 1998 2645 principch-

411 2674 500 2716 tur
532 2664 744 2718 dicente
764 2664 1036 2734 Scriptura
1063 2683 1076 2718 :
1105 2665 1388 2733 lntelligite
1409 2681 1538 2736 ergo
1565 2667 1652 2736 qui
1679 2666 1997 2736 insipientes

409 2754 543 2810 estis
589 2757 640 2808 in
688 2757 903 2824 populo,
932 2765 987 2810 et
1029 2757 1177 2811 stulti
1211 2739 1497 2827 aliquando
1542 2759 1731 2827 sapite.
1775 2759 1850 2812 Eo
1882 2759 1998 2827 ipso

411 2848 604 2915 quippe
629 2863 734 2915 quo
764 2857 1088 2918 praeceptum
1113 2857 1272 2919 atque
1296 2850 1616 2917 imperatum
1646 2859 1729 2904 est
1761 2860 1815 2905 ut
1840 2851 2000 2906 intel-

413 2938 643 3006 ligamus
682 2947 842 3007 atque
882 2939 1186 3007 sapiamus,
1228 2939 1533 2994 obedientia
1588 2950 1773 2994 nostra
1816 2941 1997 3009 requi-

412 3029 566 3092 ritur,
594 3043 711 3096 quaa
735 3028 876 3082 nulla
903 3039 1079 3098 potest
1108 3045 1228 3085 esse
1257 3031 1376 3084 sine
1404 3031 1572 3085 libero
1601 3031 1863 3096 arbitrio;
1896 3031 1991 3086 sed

413 3119 458 3171 si
492 3128 672 3186 posset
700 3119 802 3173 hoc
838 3120 1014 3188 ipsum
1043 3120 1163 3176 sine
1190 3120 1456 3190 adjutorio
1484 3123 1672 3191 gratiae
1694 3122 1853 3194 [Dei]
1880 3123 1992 3178 fieri

2103 1922 2249 1986 data,
2278 1925 2516 1978 aufertur
2545 1923 2623 1978 eis
2653 1925 2931 1979 excusatio
2958 1939 3115 1995 quam
3145 1927 3319 1980 solent
3348 1926 3548 1981 habere
3579 1927 3681 1980 ho-

2103 2014 2274 2066 mines
2315 2015 2383 2067 de
2423 2015 2754 2082 ignorantia;
2784 2015 2876 2070 sed
2909 2029 3009 2069 nec
3039 2015 3139 2082 ipsi
3177 2015 3296 2070 sine
3326 2031 3483 2084 pceua
3529 2028 3686 2072 erunt

2101 2104 2189 2170 qui
2222 2105 2390 2172 legem
2425 2103 2517 2157 Dei
2555 2104 2801 2159 nesciunt
2830 2123 2845 2161 :
2886 2104 2978 2173 qui
3014 2106 3158 2159 enim
3190 2106 3306 2160 sine
3336 2108 3454 2175 lege
3485 2123 3681 2176 pecca.

2100 2205 2313 2259 verunt,
2345 2196 2463 2265 sine
2496 2197 2611 2266 lege
2639 2196 3036 2268 peribunt;'qui
3066 2207 3242 2253 autem
3274 2200 3326 2252 in
3353 2200 3467 2268 lege
3494 2215 3686 2268 pecca-

2102 2295 2317 2350 verunt,
2350 2301 2447 2354 per
2478 2286 2648 2355 legem
2683 2287 3085 2356 iudicabuntur.
3118 2289 3269 2356 Quod
3302 2289 3431 2342 mihi
3463 2304 3567 2343 non
3606 2291 3686 2342 vi-

2099 2376 2256 2430 detur
2290 2379 2602 2446 Apostolum
2634 2379 2705 2433 i'a
2733 2379 2962 2445 dixisse,
2997 2390 3251 2448 tanquam
3284 2380 3434 2449 pejus
3477 2382 3682 2449 aliquid

2103 2465 2486 2534 signiﬁcaverit
2530 2481 2650 2521 esse
2692 2482 2944 2535 passuros
2987 2468 3076 2536 qui
3123 2468 3295 2536 legem
3343 2469 3590 2522 nesciunt
3631 2470 3684 2522 in

2102 2559 2335 2624 peccatis
2361 2558 2493 2622 suis,
2529 2573 2688 2626 quam
2722 2558 2841 2612 illos
2879 2559 2969 2627 qui
2999 2559 3177 2612 sciunt
3207 2575 3220 2610 :
3251 2559 3404 2626 pejus
3435 2560 3575 2612 enim
3606 2561 3684 2612 vi-

2101 2650 2257 2702 detur
2298 2664 2417 2704 esse
2464 2652 2660 2718 perire,
2691 2667 2848 2720 quam
2891 2651 3141 2720 judicari.
3177 2650 3282 2706 Sed
3324 2666 3444 2704 cum
3487 2650 3588 2706 hoc
3617 2651 3684 2705 de

2099 2741 2347 2807 gentibus
2395 2752 2448 2795 et
2486 2742 2684 2796 Judaeis
2742 2744 3071 2812 loqueretur,
3118 2744 3242 2814 quia
3296 2743 3373 2796 illi
3415 2745 3532 2799 sine
3568 2746 3686 2815 lege

2101 2840 2245 2893 sunt,
2279 2831 2364 2885 isti
2403 2841 2581 2886 autem
2615 2833 2790 2902 legem
2820 2843 3162 2902 acceperunt,
3211 2833 3331 2904 quis
3361 2834 3556 2889 audeat
3598 2836 3686 2889 di-

2101 2933 2224 2974 cere
2249 2920 2462 2975 ,Ιυάευοε
2492 2923 2581 2989 qui
2611 2925 2661 2976 in
2695 2925 2810 2993 lege
2839 2935 3061 2992 peccant
3099 2941 3204 2979 non
3234 2940 3358 2980 esse
3395 2928 3682 2995 perituros,

2100 3023 2222 3063 cum
2254 3011 2304 3063 in
2333 3008 2602 3066 Christum
2637 3029 2742 3068 non
2775 3016 3124 3080 crediderint,
3153 3019 3583 3088 quandoquidem
3617 3020 3686 3074 de

2103 3101 2208 3156 illis
2235 3103 2434 3156 dictum
2479 3114 2603 3158 est:
2635 3105 2736 3160 Per
2778 3106 2948 3174 legem
2982 3107 3397 3176 judicabuntur;
3429 3110 3546 3164 sine
3584 3110 3686 3165 fide

413 3227 512 3281 per
539 3213 763 3267 liberum
785 3213 1087 3279 arbitrium,
1114 3224 1170 3268 ut
1196 3215 1628 3284 intelligeremus
1654 3192 1818 3284 atque
1835 3192 1994 3285 sape-

2108 3192 2241 3245 enim
2291 3192 2491 3247 Christi
2523 3210 2682 3248 nemo
2721 3195 2940 3252 liberari
2985 3207 3158 3267 potest
3193 3215 3207 3252 :
3247 3213 3311 3253 ac
3352 3215 3446 3268 per
3475 3199 3577 3254 hoc
3607 3201 3677 3254 ita

414 3319 619 3368 remus,
662 3321 765 3359 non
812 3306 1082 3360 diceretur
1111 3307 1260 3361 Deo:
1291 3309 1362 3361 Da
1394 3308 1521 3362 mihi
1562 3308 1894 3363 intellectum
1944 3318 2000 3362 ut

415 3393 615 3447 discam
664 3393 909 3448 mandata
941 3406 1070 3461 tua;
1106 3411 1280 3465 neque
1317 3400 1368 3450 in
1408 3396 1697 3462 Evangelio
1739 3399 1997 3466 scriptum

415 3498 555 3539 esset
593 3503 606 3537 :
654 3486 802 3542 Tunc
840 3487 1049 3556 aperuit
1101 3489 1208 3544 illis
1253 3504 1491 3556 sensum,
1536 3499 1591 3544 ut
1639 3490 2001 3558 intelligerent

415 3574 757 3640 Scripturas;
788 3592 888 3630 nec
923 3577 1156 3631 Jacobus
1193 3580 1469 3646 apostolus
1509 3579 1713 3634 diceret
1744 3598 1755 3632 :
1785 3580 1839 3634 Si
1879 3580 2000 3648 quis

415 3674 596 3720 autem
630 3677 862 3721 vestrum
896 3667 1097 3737 indiget
1126 3669 1412 3737 sapientia,
1440 3670 1675 3740 postulet
1695 3685 1724 3722 a
1749 3671 1878 3734 Deo,
1910 3670 2000 3739 qui

416 3752 511 3806 dat
538 3754 787 3809 omnibus
815 3757 1122 3824 aflluenter,
1156 3769 1206 3813 et
1230 3774 1336 3814 non
1369 3759 1732 3827 improperat;
1761 3769 1815 3813 et
1853 3760 2004 3812 dabi-

417 3853 510 3898 tur
549 3844 617 3898 ci.
651 3845 1003 3915 Quapropter,
1058 3849 1419 3912 dilectissimi,
1475 3850 1780 3919 quicunque
1829 3849 1997 3903 dicit:

417 3933 682 3988 Voluntas
713 3951 828 3990 mea
872 3937 1005 3991 mihi
1037 3938 1236 3993 suflicit
1262 3940 1326 3992 ad
1358 3938 1602 3994 iacienda
1640 3954 1804 4005 Opera
1839 3940 1999 4006 bona,

416 4025 660 4080 declinat
698 4027 751 4080 in
775 4027 1084 4096 dexteram;
1118 4034 1210 4084 sed
1254 4047 1439 4086 rursus
1472 4032 1546 4085 illi
1572 4033 1660 4101 qui
1694 4039 1884 4101 putant
1911 4033 2003 4086 ho—

417 4133 542 4172 nam
593 4119 752 4174 vitam
801 4136 920 4176 esse
967 4122 1346 4189 deserendam,
1393 4125 1606 4191 quando
1648 4124 1875 4178 audiunt
1926 4125 2005 4178 sic

418 4207 517 4262 Dei
565 4210 787 4278 gratiam
841 4211 1145 4278 prmdicari,
1180 4225 1234 4267 ut
1278 4214 1530 4268 credatur
1572 4223 1626 4269 et
1675 4213 2006 4283 intelligatur

418 4302 720 4358 voluntates
739 4305 1012 4360 hominum
1029 4306 1196 4375 ipsam
1212 4322 1276 4361 ex
1292 4307 1445 4362 malis
1458 4308 1628 4363 bonas
1643 4306 1843 4372 facere,
1860 4308 2003 4376 ipsas

417 4395 584 4449 etiam
615 4412 748 4465 quas
789 4397 976 4452 iecerit
1012 4400 1305 4465 custodire,
1344 4407 1401 4453 et
1444 4410 1728 4469 propterea
1769 4399 1955 4454 dicunt
1987 4439 2004 4465 ,

419 4487 706 4542 Faciamus
744 4490 882 4543 mala
913 4499 971 4542 ut
1000 4491 1221 4544 veniant
1251 4491 1409 4555 bona,
1441 4491 1494 4545 in
1535 4491 1812 4545 sin?stram
1842 4489 2008 4545 decli-

2098 3282 2480 3352 judieabuntur
2520 3295 2576 3339 ut
2618 3296 2870 3354 pereant;
2905 3303 3026 3342 nam
3060 3290 3104 3343 si
3147 3290 3299 3359 pejor
3328 3299 3412 3345 est
3441 3292 3683 3345 conditio

2104 3375 2453 3430 nescientium
2487 3392 2644 3444 quam
2671 3379 2955 3431 seientium
2976 3379 3147 3448 legem
3179 3380 3569 3448 Dei,quomodo
3595 3398 3685 3436 ve~

2103 3483 2219 3521 rum
2242 3469 2343 3523 erit
2369 3470 2510 3538 quod
2540 3472 2590 3523 in
2617 3471 2903 3539 Evangelio
2931 3472 3190 3526 Dominus
3217 3474 3290 3527 ait
3317 3491 3329 3526 :
3359 3474 3558 3529 Servus
3594 3475 3687 3543 qui

2104 3559 2276 3613 nescit
2314 3561 2643 3617 voluntatem
2671 3561 2877 3616 Domini
2924 3565 3029 3629 sui,
3063 3572 3117 3618 et
3161 3563 3286 3618 facit
3308 3565 3464 3634 digna
3495 3565 3686 3635 plagis,

2107 3653 2383 3722 vapulabit
2398 3671 2587 3722 pauca;
2602 3669 2790 3710 servus
2807 3665 2985 3709 autem
3005 3655 3096 3724 qui
3123 3657 3221 3710 scit
3245 3657 3569 3710 voluntatem
3592 3657 3691 3710 do-

2106 3745 2236 3798 mini
2264 3745 2365 3804 sui.
2394 3747 2592 3798 etfacit
2612 3746 2766 3814 digna
2797 3745 2987 3811 plagis,
3024 3746 3297 3810 vapulabit
3326 3747 3512 3798 multa.
3551 3744 3690 3799 Ecce

2107 3836 2192 3888 ubi
2249 3836 2481 3889 ostendit
2538 3836 2751 3903 gravius
2813 3849 3038 3903 peccare
3097 3834 3368 3888 hominem
3425 3835 3686 3889 scientem

2105 3939 2262 3992 quam
2314 3924 2689 3978 nescientem:
2737 3939 2836 3978 nec
2880 3934 3054 3977 tamen
3103 3925 3222 3977 ideo
3275 3923 3688 3992 confugiendum

2107 4023 2189 4070 est
2232 4016 2298 4070 ad
2346 4016 2659 4086 ignorantia:
2709 4017 2982 4080 tenebras,
3019 4026 3070 4069 ut
3103 4015 3157 4068 iu
3206 4016 3283 4069 eis
3325 4016 3550 4085 quisque
3599 4031 3690 4070 re-

2107 4109 2284 4177 quirat
2348 4108 2792 4171 excusationem;
2847 4107 2989 4161 aliud
3052 4117 3134 4162 est
3193 4110 3332 4162 enim
3411 4111 3689 4172 nescisse,

2107 4200 2251 4254 aliud
2305 4200 2444 4254 scire
2501 4199 2759 4253 noluisse.
2814 4198 3069 4253 Voluntas
3116 4199 3312 4268 quippe
3357 4199 3594 4268 arguitur
3637 4200 3690 4254 in

2108 4307 2175 4347 eo
2203 4293 2271 4347 de
2319 4306 2426 4362 quo
2463 4291 2698 4347 dicitur:
2736 4290 2916 4345 Noluit
2955 4290 3253 4359 intelligere
3280 4297 3335 4343 ut
3376 4291 3511 4345 bene
3563 4305 3690 4360 age-

2110 4393 2232 4448 ret,
2283 4382 2378 4437 sed
2408 4393 2462 4436 et
2501 4383 2588 4437 illa
2623 4381 2922 4450 ignorantia
2949 4424 2963 4446 ,
2991 4397 3108 4450 qua!
3138 4397 3242 4434 non
3270 4389 3354 4434 est
3387 4395 3574 4435 eorum
3603 4380 3692 4449 qni

2110 4474 2248 4528 seire
2308 4472 2516 4537 nolunt,
2571 4472 2667 4526 sed
2698 4486 2884 4525 eorum
2930 4471 3019 4536 qui
3077 4478 3328 4539 tanquam
3380 4467 3694 4538 simpliciter

421 4586 592 4632 nant:
622 4579 743 4634 ideo
773 4578 923 4634 vobis
950 4579 1121 4635 dixit:
1154 4580 1268 4633 Non
1298 4580 1578 4636 declinetis
1601 4595 1773 4649 neque
1800 4581 1852 4633 in
1877 4579 2008 4633 dex-
2035 4561 2088 4620 D
2115 4564 2384 4628 nescium.
2423 4563 2693 4617 neminem
2717 4563 2798 4617 sic
2831 4571 3053 4616 excusat
3099 4571 3158 4615 ιιι
3203 4562 3534 4630 θεωρίων·ιο
3575 4563 3698 4630 isne

419 4679 614 4734 teram,
648 4686 820 4740 neque
847 4673 900 4726 in
927 4673 1237 4739 sinistram;
1281 4674 1382 4727 hoc
1411 4685 1514 4739 est,
1549 4688 1616 4726 ne
1645 4675 1724 4727 sic
1752 4670 2006 4726 defenda-

419 4762 492 4814 tis
566 4762 792 4817 liberum
870 4764 1190 4828 arbitrium,
1274 4774 1331 4819 ut
1383 4765 1432 4819 ei
1489 4766 1627 4819 bona
1676 4779 1839 4830 opera
1889 4763 2007 4817 sine

419 4850 517 4905 Dei
559 4853 729 4920 gratia
762 4853 1039 4908 tribuatis:
1075 4870 1142 4909 ne
1190 4856 1270 4910 sic
1313 4854 1613 4911 defendatis
1653 4856 1902 4923 gratiam,
1948 4861 2007 4907 ut

417 4944 573 5010 quasi
601 4944 666 4998 de
695 4945 784 4998 illa
815 4961 994 5001 securi
1028 4949 1168 5000 mala
1201 4962 1362 5015 opera
1388 4947 1662 5018 diligatis;
1713 4946 1855 5016 quod
1888 4947 2002 5016 ipsa

417 5036 590 5101 gratia
617 5036 711 5090 Dei
750 5047 958 5092 avertat
979 5054 1007 5091 a
1035 5037 1206 5091 vobis.
1242 5038 1448 5091 Talium
1492 5037 1688 5107 quippe
1715 5037 1875 5090 verba
1906 5035 2006 5090 sibi

421 5142 728 5194 proponens
755 5129 1043 5198 Apostolus
1091 5129 1165 5184 ait
1199 5147 1210 5181 :
1239 5129 1374 5195 Quid
1406 5142 1534 5196 ergo
1561 5127 1842 5182 dicemus?
1887 5142 2004 5194 per-
2042 5120 2050 5130 ’

419 5217 757 5272 manebimus
794 5219 846 5273 iu
885 5230 1124 5290 peccato,
1160 5230 1216 5274 ut
1260 5220 1432 5289 gratia
1459 5218 1596 5289 [Dei]
1626 5219 1902 5274 abundet?
1929 5227 2010 5274 at-

419 5325 527 5377 que
557 5309 642 5363 his
667 5311 847 5366 verbis
891 5311 1162 5366 hominum
1195 5313 1518 5376 errantium,
1556 5323 1610 5367 et
1643 5313 1737 5366 Dei
1782 5311 2006 5381 gratiam

421 5416 528 5452 non
561 5401 994 5471 intelligentium,
1021 5405 1296 5472 respondit
1323 5412 1383 5456 ut
1411 5402 1598 5458 debuit
1632 5403 1816 5459 dicens
1857 5421 1871 5456 :
1900 5405 2007 5458 Ab-

416 5492 513 5548 sit.
541 5492 598 5546 Si
629 5495 771 5548 enim
800 5497 994 5549 mortui
1019 5511 1206 5549 sumus
1229 5496 1756 5564 peecato,quomodo
1769 5497 2009 5550 vivemus

417 5583 475 5637 in
502 5585 602 5638 eo?
631 5585 764 5640 nihil
796 5586 899 5641 diei
929 5586 1101 5655 potuit
1130 5587 1346 5642 brevius
1377 5595 1432 5640 et
1455 5586 1678 5651 melius;
1710 5587 1835 5655 quid
1867 5587 2008 5665 enim

419 5675 577 5730 nobis
611 5678 777 5745 gratia
817 5679 908 5732 Dei
944 5679 1130 5733 utilius
1166 5679 1378 5732 confert
1418 5677 1468 5732 in
1489 5677 1590 5731 hoc
1625 5678 1878 5744 prin-senti
1910 5693 2010 5732 sa:-

422 5766 548 5822 culo
575 5767 830 5838 maligno,
862 5768 964 5827 nisi
991 5780 1044 5824 ut
1069 5769 1365 5824 moriamur
1399 5767 1652 5839 peccato?
1685 5769 1758 5822 Ac
1784 5783 1877 5838 per
1905 5769 2008 5823 hoc

2111 4672 2219 4742 65
2244 4688 2346 4724 non
2371 4672 2576 4736 ardeat,
2603 4673 2646 4725 si
2681 4680 2966 4739 propterea
3013 4686 3118 4724 non
3170 4669 3400 4724 credidit
3425 4671 3545 4736 quia
3590 4687 3696 4725 non

2115 4763 2312 4816 audivit
2346 4763 2565 4816 omnino
2586 4762 2712 4830 quid
2743 4762 3007 4826 crederet,
3052 4762 3146 4816 sed
3175 4761 3404 4822 fortasse
3427 4773 3483 4813 ut
3512 4763 3696 4817 mitius

2114 4856 2318 4909 ardeat.
2354 4855 2468 4908 Non
2513 4855 2656 4908 enim
2698 4855 2814 4909 sine
2868 4868 3025 4909 causa
3065 4853 3266 4908 dictum
3317 4865 3441 4909 est:
3474 4854 3700 4910 Effunde

2116 4948 2248 5002 iram
2275 4961 2415 5001 tuam
2440 4947 2490 5000 in
2518 4957 2704 5017 gentes
2747 4962 2866 5017 quae
2919 4955 2969 5001 te
2998 4961 3106 5001 non
3164 4955 3462 5012 noverunt;
3487 4957 3537 5001 et
3572 4947 3698 5000 illud

2118 5037 2260 5106 quod
2307 5037 2380 5091 ait
2429 5038 2759 5107 Apostolus:
2792 5037 2926 5092 Cum
2962 5041 3175 5092 venerit
3201 5037 3252 5089 in
3319 5037 3533 5091 ﬂamma
3566 5038 3700 5104 ignis

2116 5130 2246 5183 dare
2280 5129 2567 5184 vindictam
2593 5129 2646 5183 in
2678 5143 2773 5182 eos
2824 5129 2915 5198 qui
2958 5129 3209 5199 ignorant
3257 5128 3448 5183 Deum.
3475 5127 3701 5181 Verum-

2118 5227 2294 5272 tamen
2321 5228 2378 5273 ut
2431 5219 2724 5274 habeamus
2766 5228 2820 5274 et
2867 5219 3036 5288 ipsam
3088 5221 3388 5284 scientiam,
3441 5233 3508 5271 ne
3557 5218 3700 5273 dicat

2117 5309 2507 5377 unusquisque,
2535 5309 2771 5375 Nescivi,
2801 5325 2909 5364 non
2942 5309 3149 5372 audivi,
3183 5323 3286 5362 non
3312 5306 3572 5372 intellexi,
3600 5322 3695 5360 vo-

2117 5399 2292 5453 luntas
2327 5401 2645 5456 convenitur
2675 5401 2932 5466 humana,
2963 5398 3052 5452 ubi
3096 5397 3330 5451 dicitur:
3360 5397 3537 5450 Nolite
3577 5413 3701 5452 eSse

2115 5489 2275 5562 [fieri]
2315 5493 2454 5546 sicut
2501 5506 2671 5562 equus
2715 5499 2770 5546 et
2800 5492 2998 5553 mulus,
3024 5489 3076 5542 in
3117 5487 3312 5557 quibus
3357 5503 3462 5540 non
3491 5497 3573 5540 est
3617 5489 3700 5540 in-

2115 5582 2396 5646 tellectus;
2425 5583 2668 5652 quamvis
2696 5580 2847 5650 pejor
2867 5589 3122 5649 appareat
3139 5579 3203 5632 da
3226 5593 3330 5647 quo
3345 5578 3548 5632 dictum
3571 5588 3648 5634 est
3683 5594 3699 5632 :

2115 5675 2304 5730 Verbis
2328 5691 2432 5730 non
2489 5674 2862 5731 emendabitur
2919 5686 3106 5725 servus
3137 5672 3327 5735 durus;
3355 5671 3398 5724 si
3432 5673 3574 5725 enim
3624 5672 3706 5726 in—

2118 5768 2406 5838 tellexcrit,
2443 5783 2546 5823 non
2576 5765 2848 5822 obaudict.
2882 5765 3108 5833 Quando
3149 5772 3329 5820 autem
3360 5763 3490 5820 dicit
3520 5764 3699 5832 homo,
