4016 6184
387 694 491 719 111³11
527 694 686 713 unum".
708 694 942 707 ..ην-.--ν
1114 694 1121 700 _

387 772 507 813 suo,
537 749 629 803 sed
659 745 854 798 malum
906 748 1058 789 smnn
1094 730 1145 783 in
1178 741 1237 779 se
1275 714 1549 788 cognoscit
1594 717 1651 762 et
1680 703 1845 758 dolet.
1870 694 1966 751 Cui

1296 811 1303 813 λ
1385 809 1395 813 -
1592 799 1605 813 ι
1706 812 1713 813 κ
1733 810 1747 813 -
1775 794 1787 813 ι
1817 792 1966 813 με---

391 857 565 897 tamen
593 836 722 890 dicit
752 826 1037 898 Apostolus
1072 838 1083 872 :
1119 816 1234 871 Noli
1260 809 1399 865 vinci
1439 822 1469 859 a
1503 799 1667 862 malo,
1696 794 1789 849 sed
1817 792 1970 843 vince

393 938 445 989 in
476 935 615 983 bono
645 925 880 982 malum;
931 925 986 971 et
1015 913 1197 980 utique
1246 904 1330 959 cui
1380 898 1606 958 dicitur,
1636 888 1754 945 Noli
1804 881 1970 943 vinci,

394 1022 676 1078 arbitrium
698 1017 813 1070 sine
827 1009 988 1065 dubio
1011 1000 1299 1059 voluntatis
1322 994 1438 1062 ejus
1458 982 1812 1043 convenitur;
1838 972 1974 1026 ve’le

397 1115 539 1169 enim
570 1121 624 1164 et
648 1107 790 1161 nolle
837 1098 1069 1169 prepria:
1124 1085 1416 1144 vo‘uutatis
1455 1088 1558 1133 est.
1588 1071 1692 1129 Sed
1736 1076 1977 1122 metuen-

400 1204 525 1257 dum
552 1210 633 1255 est
663 1212 729 1250 ne
760 1197 859 1247 ista
889 1188 1067 1244 omnia
1097 1181 1272 1235 divina
1300 1169 1624 1230 testimonia,
1650 1171 1701 1217 et
1728 1170 1984 1229 qtta‘cun—

404 1308 507 1360 que
527 1290 628 1342 alia
650 1293 797 1342 sunt,
828 1296 945 1349 qua:
986 1278 1103 1329 sine
1132 1265 1465 1323 dubitatione
1495 1267 1614 1311 sunt
1642 1250 1891 1322 plurima,
1928 1243 1981 1295 in

1375 1356 1421 1360 “““
1719 1354 1732 1360 -
1791 1357 1809 1360 Α
1840 1340 1850 1360 Ι
1906 1338 1953 1360 -.ε

408 1338 503 1360 ’1⁷⁷⁷
529 1338 628 1342 ννηι
652 1338 671 1341 τ
788 1338 795 1342 ν
847 1338 859 1349 .

408 1379 719 1435 defens'one
750 1369 900 1426 liberi
919 1362 1128 1419 arbitrii
1158 1360 1235 1413 sic
1258 1356 1643 1420 intelligantur,
1680 1354 1737 1397 ut
1788 1340 1853 1392 ad
1906 1338 1987 1387 vi-

411 1480 520 1524 tam
565 1468 702 1535 piam
749 1470 805 1517 et
840 1460 1033 1513 bonam
1087 1446 1591 1507 conversuionem.
1641 1435 1726 1488 cui
1779 1440 1988 1483 merces

412 1572 609 1614 a'terna
637 1556 881 1616 debetur,
914 1545 1182 1617 adjutorio
1226 1549 1281 1596 et
1309 1536 1493 1608 gratia:
1549 1530 1643 1585 Dei
1688 1530 1835 1581 lorus
1884 1536 1988 1575 non

415 1651 766 1718 relinquatur,
808 1653 863 1697 et
915 1613 1110 1692 audeat
1152 1633 1314 1687 miser
1354 1627 1550 1690 homo,
1597 1618 1810 1690 quando
1858 1613 1993 1666 bene

417 1742 544 1795 vivit
572 1749 626 1795 et
655 1738 795 1792 bene
845 1741 1124 1802 operatur,
1166 1724 1247 1778 vel
1310 1720 1486 1788 potius
1528 1716 1666 1769 bene
1713 1711 1895 1762 vivere
1944 1712 1997 1756 et

1444 325 1505 380 D.
1548 309 1874 377 EUCYPi‘ll
1913 297 2205 361 ABDATIS
2244 287 2569 350 AFRICANI

2061 413 2148 466 rit.
2182 406 2262 462 Ad
2287 407 2385 458 hoc
2406 400 2547 455 enim
2576 393 2721 448 valet
2746 386 2890 460 quod
2933 383 3190 452 scriptum
3221 386 3306 432 est
3332 393 3346 429 :
3380 373 3437 427 Si
3462 376 3665 425 volue-

2065 517 2158 565 rts,
2199 491 2539 551 conservabis
2578 482 2821 538 mandata
2847 520 2862 544 ,
2898 485 2959 531 ut
3001 474 3162 527 homo
3190 470 3281 539 qui
3325 464 3564 518 voluerit
3610 469 3681 512 et

2068 607 2173 646 non
2203 582 2459 657 potuerit,
2484 576 2719 633 nondmn
2752 587 2810 625 se
2855 571 3010 638 plene
3062 563 3201 617 velle
3252 564 3577 627 cognoscat,
3616 562 3682 604 et

2069 642 2273 735 Oret'ut
2301 674 2497 728 habeat
2538 676 2740 721 tantam
2772 660 3103 714 voluntatem
3137 658 3336 721 quanta
3367 644 3575 699 sufﬁcit
3604 642 3684 694 ad

2073 765 2341 836 implenda
2375 759 2655 819 mandata;
2694 754 2771 807 sic
2808 752 3007 819 quippe
3058 743 3341 812 adjuvatur
3388 747 3447 790 ut
3500 734 3689 788 faciat

2074 832 2214 930 quod
2240 854 2499 926 jubetur:
2547 859 2673 899 tunc
2709 842 2853 897 enim
2883 838 3014 892 utile
3042 845 3123 889 est
3152 832 3289 886 velle
3313 845 3435 883 cum
3476 840 3693 895 passu-

2077 964 2217 1010 mus,
2246 953 2301 999 et
2326 953 2449 996 tunc
2474 939 2602 993 utile
2629 943 2711 990 e~t
2738 946 2894 1002 posse
2919 942 3040 982 cum
3065 926 3343 986 volumus;
3372 934 3495 972 nam
3532 913 3684 983 quid

2082 1038 2303 1108 p-odet
2322 1034 2365 1087 si
2398 1030 2536 1101 quod
2589 1041 2693 1079 non
2747 1032 3057 1090 possumus,
3088 1015 3340 1068 volumus
3364 1049 3381 1075 ,
3414 1016 3508 1061 aut
3530 1003 3696 1075 quod

2086 1141 2402 1199 possumus,
2430 1117 2711 1176 nolumus?
2745 1116 2990 1183 Magnum
3022 1106 3221 1175 aliquid
3252 1119 3313 1158 se
3352 1100 3494 1155 scire
3521 1097 3698 1150 Pela-

2084 1222 2224 1290 giani
2250 1225 2459 1286 putant,
2493 1209 2707 1278 quando
2739 1206 2944 1270 dicent,
2977 1199 3091 1254 Non
3118 1197 3333 1265 jubt-ret
3369 1192 3507 1244 Deu~
3532 1184 3697 1254 quod

2087 1312 2251 1366 sciret
2273 1322 2378 1360 non
2409 1317 2565 1369 posse
2597 1300 2663 1352 ab
2693 1297 2908 1351 homine
2954 1290 3067 1345 ﬁeri
3108 1287 3267 1355 :quis
3303 1284 3407 1336 hoc
3436 1276 3701 1334 nesciat?

2088 1399 2180 1455 sed
2206 1397 2326 1450 ideo
2354 1393 2505 1462 jubet
2535 1389 2706 1457 aliqua
2737 1398 2855 1454 que
2887 1397 2989 1434 non
3018 1389 3331 1447 possumus,
3366 1379 3425 1422 ut
3460 1364 3699 1420 noveri-

2090 1454 2212 1545 inns
2239 1454 2371 1554 qu'd
2396 1482 2463 1535 ab
2485 1480 2577 1534 illo
2600 1454 2780 1545 petere
2823 1472 3143 1533 debeamus;
3172 1466 3287 1533 ipsa
3327 1473 3408 1514 cst
3440 1459 3589 1512 enim
3631 1454 3702 1506 ﬁ-

2094 1582 2191 1635 des
2221 1545 2340 1646 qua:
2363 1570 2566 1627 orando
2603 1569 2875 1635 impetrat.
2922 1561 3162 1626 Denique
3197 1556 3309 1623 ipse
3354 1551 3443 1618 qui
3500 1545 3649 1601 dixit
3680 1584 3699 1607 ,

2098 1670 2158 1725 Si
2189 1663 2444 1725 volueris,
2468 1654 2812 1714 eonservabis
2836 1650 3104 1709 mandata,
3127 1646 3181 1698 in
3206 1640 3396 1697 eodem
3420 1636 3567 1690 libro
3599 1634 3704 1686 Ec-

3536 259 3672 316 θος

2159 1754 2407 1813 esiastico
2437 1751 2707 1819 aliquanto
2752 1752 2866 1813 post
2923 1734 3247 1801 dicit:Quis
3291 1728 3439 1785 dabit
3494 1726 3548 1777 in
3598 1736 3703 1776 ore

420 1760 544 1795 νινιι
572 1760 626 1795 ει.
657 1760 795 1792 DCI“:
845 1760 1124 1802 optutu”,
1172 1760 1247 1778 n.-
1312 1760 1486 1788 μιν-η...
1531 1760 1665 1769 ην..-
1728 1760 1760 1762 η
1816 1760 1825 1761 η
2222 1760 2231 1769 ⁸
2326 1760 2338 1765 _
2494 1760 2499 1761 ν

420 1833 555 1886 bene
583 1828 795 1896 eperari
826 1824 926 1880 sibi
959 1822 1191 1881 videtur,
1219 1816 1269 1867 in
1302 1815 1499 1879 seipso,
1549 1820 1655 1860 non
1692 1805 1744 1855 in
1772 1796 1998 1853 Domino
2035 1785 2077 1843 Β
2106 1760 2407 1814 demam”
2437 1760 2707 1854 ίξ¹¹ίι¹¹³¹¹¹⁰
2752 1760 2866 1813 Ρ⁰⁵¹
2923 1760 3051 1841 ί¹¹ῗ¹ι
3076 1760 3088 1789 ⁵
3117 1760 3255 1833 Ψιῖ
3291 1760 3439 1785 “‘”“

1991 1892 1999 1896 _
2114 1864 2235 1896 men
2260 1855 2377 1896 cust
2414 1843 2575 1896 diam.
2603 1846 2658 1893 et
2686 1849 2849 1896 super
2884 1830 3025 1884 labta
3067 1841 3187 1881 mea
3213 1820 3449 1893 Signacn'

2114 1864 2235 1906 meo
2260 1855 2377 1902 cust
2414 1843 2575 1904 diam,
2603 1846 2658 1893 et
2686 1849 2849 1903 super
2884 1829 3025 1884 labia
3067 1841 3187 1881 mea
3213 1828 3549 1893 signacu'um
3601 1828 3707 1866 as—

422 1921 663 1989 gloriari,
697 1928 750 1973 et
780 1932 927 1984 apem
960 1922 1107 1966 recte
1151 1903 1363 1961 vivendi
1389 1903 1439 1954 in
1470 1898 1651 1965 seipso
1698 1905 1919 1961 ponere,
1949 1892 2007 1939 ut

425 2025 676 2082 sequatur
698 2027 820 2064 eum
850 2006 1190 2061 maledictum
1214 1997 1463 2054 Ieremia:
1504 1989 1779 2060 propheta:
1820 1984 2007 2038 dicen-

428 2104 496 2157 tis
527 2120 539 2154 :
572 2099 884 2155 Maledictus
909 2095 1068 2147 homo
1097 2090 1188 2160 qni
1211 2101 1362 2155 Spem
1392 2082 1551 2138 habet
1604 2080 1656 2133 in
1688 2076 1924 2138 homine,
1958 2079 2011 2125 et

430 2194 609 2246 ﬁrmat
635 2202 851 2244 carnem
875 2183 1076 2240 brachii
1102 2180 1202 2244 sui,
1239 2189 1293 2233 et
1344 2191 1373 2229 a
1405 2172 1633 2229 Domino
1658 2166 1890 2223 di~cedit
1919 2178 2012 2217 cor

432 2283 569 2354 ejus.
605 2279 914 2348 lntelligite,
946 2275 1158 2331 fuatres.
1190 2271 1293 2323 hoc
1342 2266 1708 2336 propheticum
1765 2258 2013 2312 testimo-

435 2349 779 2441 ninmzquia
834 2368 977 2423 enim
1020 2381 1123 2418 non
1171 2359 1311 2414 dixit
1365 2356 1647 2426 propheta,
1700 2349 2015 2405 lllaledictus

438 2468 598 2521 homo
627 2463 714 2531 qui
744 2476 891 2527 Spem
926 2460 1086 2512 habet
1114 2456 1169 2509 in
1199 2453 1400 2521 seipso,
1444 2454 1626 2517 posset
1651 2442 1809 2498 alicui
1852 2438 2018 2493 videri

439 2556 561 2610 ideo
588 2529 784 2607 dictum
817 2564 938 2604 esse
961 2590 975 2611 ,
1000 2547 1308 2601 Male-ﬁctus
1340 2542 1500 2594 homo
1529 2535 1619 2605 qui
1659 2548 1807 2602 spem
1861 2529 2021 2583 habet

442 2648 494 2702 in
528 2644 764 2706 homine,
788 2650 846 2694 ut
867 2654 1024 2694 nemo
1053 2650 1202 2705 spem
1234 2633 1426 2687 habeat
1456 2631 1507 2684 in
1556 2629 1725 2681 altero
1784 2622 2021 2685 homine,

444 2737 539 2791 sed
573 2736 624 2789 in
653 2748 713 2787 se
741 2749 755 2783 :
789 2739 995 2798 utet-go
1024 2728 1337 2781 ostenderet
1365 2722 1444 2775 sic
1472 2734 1533 2774 se
1559 2715 1905 2771 admonuisse
1929 2712 2024 2763 ho-

447 2827 667 2887 minem,
694 2830 879 2875 utnec
910 2821 962 2872 in
1016 2816 1195 2882 seipse
1238 2810 1460 2865 haberet
1511 2821 1682 2875 spem,
1743 2809 2026 2871 propterea

449 2931 571 2971 cum
595 2913 839 2977 dixisset,
875 2907 1187 2963 Maledictus
1238 2902 1399 2956 homo
1451 2900 1540 2968 qui
1570 2912 1720 2963 Spem
1770 2895 1932 2947 habet
1977 2892 2029 2943 in

451 3006 692 3070 homine,
718 3016 845 3055 mox
876 2997 1081 3052 addidit
1113 3012 1127 3049 :
1162 2994 1226 3047 Et
1256 2992 1425 3046 ﬁrmat
1454 3004 1672 3044 carnem
1702 2984 1904 3041 brachii
1924 2983 2029 3037 sui.

2111 1951 2306 2002 tutum,
2337 1951 2404 1989 ne
2425 1934 2561 1986 forte
2575 1928 2763 1983 cadam
2791 1923 2857 1977 ab
2878 1913 3143 1989 ipsis,[et]
3169 1915 3342 1981 lingua
3363 1923 3476 1962 mea
3504 1904 3707 1974 perdat

2111 2048 2218 2087 me.
2246 2030 2361 2085 Jam
2389 2033 2537 2080 certe
2567 2020 2816 2076 mandata
2871 2016 3192 2078 acceperat:
3224 2002 3429 2059 Cohibe
3457 1999 3709 2066 linguam

2114 2134 2258 2178 tuam
2289 2137 2316 2172 a
2346 2118 2509 2180 malo,
2544 2125 2597 2169 et
2629 2110 2766 2164 labia
2798 2117 2884 2160 tua
2916 2118 2982 2157 ne
3011 2101 3295 2168 loquantur
3319 2092 3526 2146 dolum.
3559 2088 3707 2140 Cum

2106 2228 2244 2284 ergo
2275 2224 2458 2264 verum
2492 2206 2562 2259 sit
2587 2200 2728 2273 quod
2760 2197 2933 2251 dixit:
2967 2192 3025 2247 Si
3059 2187 3316 2249 volueris,
3351 2176 3711 2237 conservabis

2118 2304 2392 2364 mandata,
2424 2310 2588 2366 quare
2612 2291 2803 2359 qurerit
2851 2287 2902 2341 in
2944 2297 3039 2339 ore
3067 2294 3165 2335 suo
3192 2276 3307 2331 dari
3351 2267 3713 2328 custodiam?

2119 2393 2312 2449 similis
2334 2378 2386 2445 ei
2410 2388 2499 2458 qui
2523 2385 2651 2439 dicit
2679 2383 2730 2435 in
2758 2378 2965 2449 psalmo
2997 2392 3010 2429 :
3042 2373 3211 2435 Pone,
3243 2367 3489 2421 Domine.
3515 2372 3712 2415 custo-

2120 2485 2261 2540 diam
2292 2480 2375 2536 ori
2399 2493 2553 2541 meo;
2587 2488 2694 2528 non
2724 2473 2772 2526 ei
2810 2467 3008 2523 sufﬁcit
3055 2459 3361 2517 mandatum
3392 2453 3486 2507 Dei
3532 2460 3590 2504 et
3617 2464 3713 2499 vo-

2124 2576 2301 2629 luntas
2339 2586 2455 2633 sua,
2493 2560 2926 2636 quandoquidem
2986 2556 3030 2610 si
3070 2550 3302 2606 voluerit
3354 2540 3712 2601 conservabit

2124 2661 2593 2728 mandata.'Quam
2628 2655 2788 2709 multa
2824 2651 2913 2706 Dei
2951 2646 3198 2701 mandata
3230 2648 3357 2695 sunt
3387 2647 3575 2691 contra
3609 2647 3706 2687 su—

2129 2756 2393 2829 perbiam,
2423 2752 2527 2819 jam
2551 2748 2701 2802 novit
2726 2761 2810 2808 ea,
2839 2752 2893 2798 et
2938 2740 2981 2794 si
3031 2735 3259 2790 voluerit
3291 2730 3601 2786 observahit
3631 2739 3720 2778 ea.

2132 2813 2313 2913 buare
2338 2856 2467 2911 ergo
2499 2838 2658 2908 paulo
2690 2841 2809 2903 post
2831 2829 2958 2883 dicit
2994 2844 3007 2880 :
3040 2824 3265 2880 Domine
3309 2821 3466 2874 Pater
3493 2824 3545 2869 cl
3578 2813 3721 2867 Deus

2133 2943 2259 2993 vttze
2291 2950 2445 2994 mere,
2465 2931 2749 2985 elationem
2778 2923 3056 2979 oculorum
3083 2934 3150 2972 ne
3170 2909 3546 2970 dederismthi.
3580 2907 3703 2961 1am

2137 3029 2346 3083 dixerat
2371 3024 2421 3079 ei
2445 3024 2550 3076 Lex
2585 3037 2597 3073 :
2633 3018 2743 3073 Non
2794 3012 3175 3078 concupisces;
3216 3004 3346 3059 velit
3374 3015 3504 3068 ergo
3533 3008 3588 3051 et
3640 2995 3719 3048 fa-

454 3095 733 3152 Brachium
761 3107 857 3162 pro
888 3088 1117 3161 petentia
1150 3085 1328 3157 posuit
1373 3081 1629 3152 operandi
1664 3098 1675 3131 :
1707 3081 1757 3133 in
1816 3081 2033 3131 nomine
2149 3081 2183 3130 ⁷.
2447 3113 2459 3125 .
2879 3107 2883 3111 .
3040 3101 3051 3111 .
3289 3095 3299 3104 .
3688 3084 3701 3093 .

528 3200 539 3205 -
672 3186 838 3205 -___,_
880 3178 1216 3205 numnum.
1253 3186 1329 3205 ηρ.
1384 3176 1614 3205 nume-nn
1651 3170 1937 3205 manna“.
1972 3182 2033 3205 Μ,
2061 3145 2107 3205 c
2138 3128 2245 3173 (‘Iat
2275 3114 2418 3185 quod
2442 3112 2659 3182 jubetur
2681 3147 2695 3171 ,
2726 3119 2867 3172 quon
2894 3116 2978 3155 am
3009 3114 3053 3153 Si
3098 3096 3329 3150 voluerit
3382 3085 3724 3144 conservahn

454 3200 633 3245 autem
663 3186 843 3241 carnis
880 3178 1219 3250 intelligenda
1251 3186 1335 3230 est
1384 3176 1615 3228 humana
1651 3170 1939 3238 fragilitas;
1972 3182 2035 3220 ac

458 3295 553 3349 per
583 3278 685 3332 hoc
709 3278 882 3329 ﬁrmat
911 3286 1128 3327 carnem
1158 3267 1359 3322 brachii
1389 3266 1467 3319 sui
1497 3262 1586 3332 qui
1612 3261 1903 3330 po'entiam
1932 3259 2037 3309 fra-

459 3370 618 3441 gilem
657 3378 819 3436 atque
861 3364 1147 3420 invalidam
1171 3402 1186 3426 ,
1233 3361 1283 3415 id
1327 3367 1412 3413 est
1448 3358 1756 3418 humanam,
1790 3352 2038 3406 sufficere

463 3465 564 3519 sibi
596 3463 661 3516 ad
694 3462 831 3515 bene
852 3456 1181 3529 Operandum
1214 3461 1396 3522 putat,
1430 3464 1526 3503 nec
1563 3446 1885 3513 adjutorium
1917 3454 2040 3510 spe-

463 3564 604 3610 rata
634 3550 880 3607 Domino.
916 3550 1142 3617 Propter
1178 3547 1278 3600 hoc
1320 3544 1461 3597 enim
1498 3539 1747 3606 subjecit,
1784 3535 1848 3589 Et
1877 3549 1906 3587 a
1939 3534 2043 3585 Do-

466 3646 612 3699 mino
646 3642 873 3697 discedit
902 3654 995 3695 cor
1037 3638 1155 3706 ejus
1186 3653 1202 3691 :
1235 3648 1334 3690 nos
1378 3646 1505 3702 ergo
1525 3630 1590 3684 ad
1636 3629 1771 3682 bene
1811 3638 2043 3692 operan-

467 3741 592 3793 dum
617 3753 767 3806 spem
792 3752 894 3790 non
927 3734 1218 3788 habeamus
1250 3732 1301 3784 in
1351 3727 1586 3788 homine,
1615 3725 1888 3776 ﬁrmantes
1929 3733 2045 3771 car-

471 3847 590 3884 nem
623 3827 825 3883 brachii
853 3827 1041 3891 nostri,
1076 3838 1175 3877 nec
1202 3836 1231 3874 a
1257 3820 1479 3875 Domino
1509 3815 1749 3871 discedat
1794 3826 1887 3865 cur
1919 3824 2047 3861 nos-

473 3934 494 3977 t
525 3921 741 3987 um,sed
768 3921 813 3974 ei
834 3918 1010 3972 dicat:
1033 3916 1258 3985 Adjutor
1287 3928 1438 3967 meus
1463 3918 1601 3971 esto,
1622 3922 1687 3960 nc
1711 3904 2051 3968 derelinquas

476 4032 592 4081 me;
628 4013 1028 4069 meminerimus
1081 4025 1204 4064 eum
1261 4008 1439 4060 dicere
1482 4020 1496 4057 :
1534 4002 1601 4056 Et
1653 3994 2049 4055 convertimini,

475 4120 527 4164 et
553 4106 742 4161 vivetis
768 4121 783 4170 ;
808 4112 865 4159 et
889 4104 973 4158 cui
1005 4104 1204 4156 dicitur
1236 4097 1541 4152 :Converte
1592 4107 1711 4155 nos,
1742 4091 1913 4151 licus;
1943 4102 2054 4138 Ille-

478 4201 793 4257 minerimus
824 4199 992 4252 Deum
1031 4196 1216 4249 dicere
1259 4209 1274 4246 :
1327 4189 1577 4258 Ptojicite
1619 4202 1647 4239 a
1681 4183 1831 4236 vobis
1869 4196 2056 4234 omnes

482 4293 781 4360 impietatcs
814 4298 1045 4351 vestras,
1071 4300 1193 4340 cum
1228 4286 1342 4353 ipse
1376 4282 1633 4351 jnstiticet
1663 4275 1919 4344 impium;
1948 4288 2059 4325 me-

483 4384 794 4437 minerimus
825 4382 996 4448 ipsum
1026 4379 1206 4433 dicere
1236 4394 1248 4428 :
1285 4375 1467 4429 Facite
1505 4372 1658 4427 vobis
1713 4384 1806 4424 cor
1839 4382 2055 4427 novum,

483 4485 535 4527 et
567 4474 809 4542 spiritum
838 4486 1057 4534 novum,
1080 4468 1168 4538 qui
1190 4466 1357 4522 dicit:
1392 4465 1537 4520 Dabo
1559 4463 1707 4516 vobis
1724 4475 1818 4515 cur
1842 4472 2057 4522 novum,

485 4576 533 4618 cl
567 4566 809 4631 Spiritum
844 4579 1037 4617 novum
1084 4562 1223 4616 dabo
1254 4560 1423 4613 vobis.
1457 4559 1736 4623 Quomodo
1764 4568 1893 4622 ergo
1917 4549 2058 4618 quod

488 4656 657 4707 dicit:
710 4654 890 4708 Facite
931 4654 1105 4719 vobis,
1135 4652 1236 4706 hoc
1282 4650 1434 4716 dicit,
1462 4650 1608 4703 Dabo
1654 4647 1842 4701 Vobis?
1898 4656 2065 4712 quare

493 4743 659 4813 jubet,
693 4748 735 4797 si
771 4745 882 4813 ipse
914 4746 1135 4797 daturus
1163 4743 1284 4797 est?
1336 4756 1502 4810 quare
1530 4741 1639 4806 dat,
1670 4740 1715 4792 si
1762 4738 1921 4790 homo
1954 4735 2066 4787 fac-

495 4851 643 4889 turus
674 4845 788 4897 est,
824 4836 922 4887 nisi
955 4836 1078 4903 quia
1115 4835 1207 4888 dat
1243 4833 1381 4903 quod
1416 4833 1571 4902 jubet
1605 4847 1723 4885 cum
1753 4828 1971 4896 adjuvat
2015 4834 2072 4879 ut

498 4925 658 4978 faciat
688 4924 767 4976 cui
800 4923 989 4991 jubet?
1027 4925 1251 4991 Semper
1296 4936 1372 4978 est
1407 4922 1506 4997 [in]
1554 4922 1708 4976 nobis
1740 4921 1983 4976 voluntas
2010 4919 2072 4971 li-

498 5020 645 5080 bera,
679 5015 771 5068 sed
807 5028 907 5069 non
934 5030 1148 5083 semper
1168 5025 1251 5070 est
1290 5016 1427 5071 bona
1464 5024 1594 5069 :ant
1616 5017 1758 5068 enim
1805 5028 1833 5065 a
1871 5011 2074 5080 justitia

498 5108 668 5164 libera
694 5116 776 5159 est
804 5105 1017 5174 quando
1048 5106 1211 5159 servit
1254 5116 1495 5176 peccato,
1527 5116 1582 5160 et
1613 5118 1736 5159 tunc
1785 5105 1924 5157 mala
1955 5110 2076 5167 est;

498 5208 589 5250 aut
630 5213 656 5249 a
707 5206 927 5266 peccato
963 5194 1127 5249 libera
1166 5205 1250 5249 est
1291 5198 1504 5264 quando
1537 5198 1701 5252 servit
1737 5195 1958 5264 justitize
1981 5235 1995 5259 ,
2028 5203 2083 5248 et

503 5301 626 5343 tunc
654 5303 733 5343 est
758 5292 914 5344 bona.
950 5289 1128 5344 Gratia
1178 5304 1304 5343 vero
1335 5288 1426 5342 Dei
1464 5304 1675 5357 semper
1725 5298 1810 5343 est
1836 5288 1997 5348 bona,
2031 5295 2087 5339 et

504 5394 599 5446 per
627 5380 764 5433 hanc
789 5395 843 5433 ιιι
871 5381 939 5434 sit
978 5380 1139 5434 homo
1169 5381 1459 5433 voluntatis
1492 5382 1641 5435 home
1673 5382 1763 5451 qui
1798 5382 1943 5451 prius
1988 5377 2089 5432 fuit

506 5470 794 5523 voluntatis
850 5471 1023 5536 mala),
1059 5487 1153 5538 per
1209 5472 1348 5525 hanc
1392 5472 1552 5524 etiam
1598 5472 1653 5523 ﬁt
1699 5480 1756 5523 ut
1794 5472 1906 5539 ipsa
1954 5470 2090 5523 bona

509 5562 726 5614 \‘oltttt‘a
765 5604 781 5629 ,
814 5580 932 5630 qua:
959 5565 1068 5633 jam
1086 5579 1205 5619 esse
1245 5564 1428 5633 «capit,
1458 5574 1735 5632 augeatur,
1764 5571 1818 5617 et
1842 5573 1945 5615 tam
1972 5575 2085 5614 ma-

510 5662 610 5750 ςέηλ
634 5655 759 5750 Ilia},
795 5664 852 5708 ut
883 5656 1051 5724 possit
1073 5655 1298 5726 implere
1341 5646 1820 5719 diviua'tuaudata,
1852 5668 1968 5724 quze
2002 5667 2095 5706 vo-

492 5740 670 5836 llucrit
699 5741 863 5814 [quod
902 5748 1141 5821 poterit],
1173 5763 1292 5806 cum
1333 5750 1489 5807 valde
1524 5750 1867 5822 perfectoque
1911 5748 2096 5803 volue~

2141 3207 2425 3268 mandata;
2451 3216 2616 3272 quare
2638 3198 2881 3266 sequitur
2910 3201 2966 3246 et
3012 3188 3141 3245 d'cit
3176 3205 3188 3240 :
3218 3177 3723 3250 Concupiscentiam

2142 3310 2324 3355 averte
2358 3312 2386 3349 ιι
2440 3309 2560 3357 me;
2610 3301 2799 3344 contra
2844 3284 3110 3340 luxuriam
3159 3280 3300 3332 Deus
3345 3288 3505 3342 quam
3557 3268 3718 3321 multa

2143 3388 2453 3448 mandavit?
2476 3386 2630 3439 faciat
2652 3398 2735 3446 ea,
2758 3379 2880 3448 quia
2896 3377 2939 3431 si
2965 3375 3195 3428 voluerit
3215 3362 3558 3422 conservabit
3580 3374 3725 3413 man—

2148 3484 2292 3536 data.
2323 3477 2457 3546 Quid
2486 3484 2569 3530 est
2591 3472 2731 3542 quod
2760 3470 2952 3524 clamat
2982 3465 3047 3518 ad
3082 3463 3248 3516 Deum
3283 3476 3298 3512 :
3331 3453 3547 3510 Ventris
3572 3465 3724 3519 appe-

2146 3575 2263 3628 titio
2289 3581 2343 3626 et
2368 3567 2682 3623 concubitus
2709 3577 2777 3617 ne
2821 3556 3185 3629 apprehendat
3216 3551 3335 3607 me?
3364 3549 3422 3605 Si
3447 3550 3561 3599 hmc
3591 3546 3637 3597 ei
3670 3543 3718 3595 in

2159 3661 2409 3738 prresenti
2434 3658 2754 3716 diceremus,
2786 3650 3087 3706 rectissime
3118 3644 3272 3699 nobis
3301 3636 3651 3708 responderet
3678 3640 3729 3686 et

2149 3757 2353 3809 diceret
2383 3770 2397 3805 :
2430 3750 2506 3803 Ex
2541 3748 2637 3801 iSta
2673 3744 2918 3799 oratione
2964 3754 3105 3801 mea,
3156 3752 3257 3803 qua
3304 3733 3418 3786 haec
3451 3745 3478 3781 a
3511 3726 3731 3781 Donnino

2156 3856 2299 3916 peto,
2333 3840 2615 3908 intelligite
2642 3832 2916 3905 quomodo
2949 3828 3202 3893 dixerim,
3237 3826 3291 3877 Si
3318 3822 3553 3877 volueris
3606 3831 3729 3871 enn-
3814 3876 3817 3877 ν

2146 3934 2394 3992 servabis
2444 3930 2691 3986 mandata
2730 3943 2742 3979 :
2775 3933 2981 3980 certum
3028 3928 3112 3976 est
3153 3919 3297 3972 enim
3345 3928 3445 3968 nos
3490 3910 3731 3965 mandata

2155 4041 2375 4083 scrvare
2398 4025 2441 4077 si
2474 4022 2743 4084 volumus,
2770 4016 2861 4071 sed
2894 4015 3019 4084 quia
3062 4016 3392 4081 prmpiratur
3430 4003 3677 4057 voluntas
3706 4011 3732 4048 a

2159 4121 2419 4179 Domino,
2452 4117 2519 4169 ab
2562 4114 2652 4166 illo
2693 4109 2979 4179 petendum
3023 4113 3103 4158 est
3145 4112 3201 4156 ut
3241 4108 3445 4153 tantum
3504 4093 3726 4147 velimus

2159 4218 2413 4279 quantum
2446 4203 2643 4257 sufﬁcit
2683 4208 2741 4253 ut
2773 4196 3007 4252 volendo
3064 4193 3343 4247 faciamus.
3394 4185 3612 4240 Certum
3662 4187 3741 4235 est

2162 4315 2259 4355 nos
2288 4297 2429 4351 velle
2458 4309 2580 4349 cum
2622 4286 3003 4353 volumus,sed
3029 4286 3123 4340 ille
3155 4282 3281 4336 facit
3304 4290 3363 4333 ut
3392 4277 3619 4332 velimus
3650 4274 3741 4326 bo.

2150 4406 2316 4451 vnum.
2350 4388 2418 4442 de
2443 4402 2548 4456 quo
2576 4384 2778 4438 dictum
2811 4389 2915 4443 est,
2947 4389 3004 4432 ut
3036 4378 3194 4445 paulo
3226 4381 3352 4427 ante
3396 4369 3570 4439 posui,
3606 4361 3743 4434 quod

2094 4505 2140 4563 ο
2169 4488 2493 4548 prmparatur
2515 4476 2763 4529 voluntas
2810 4486 2836 4523 a
2870 4466 3213 4532 Domino,'de
3254 4478 3357 4531 quo
3409 4461 3609 4514 dictum
3634 4466 3745 4510 est:

2177 4575 2215 4625 Α
2241 4567 2468 4624 Domino
2498 4578 2719 4634 gressus
2754 4560 2987 4614 hominis
3012 4558 3310 4627 dirigentur
3331 4594 3347 4618 ,
3379 4561 3433 4606 et
3462 4552 3601 4603 viam
3634 4546 3749 4615 ejus

2176 4662 2351 4723 volet;
2380 4660 2446 4711 de
2468 4671 2573 4725 quo
2617 4655 2815 4707 dictum
2847 4660 2929 4704 est
2956 4668 2968 4702 ε
3001 4648 3101 4716 Qui
3125 4654 3378 4714 Operatur
3422 4643 3474 4695 in
3514 4639 3668 4692 vobis
3702 4646 3751 4689 et

2176 4752 2338 4804 velle.
2375 4748 2592 4803 Certum
2621 4752 2705 4798 est
2741 4757 2838 4796 nos
2875 4740 3051 4794 facere
3081 4752 3201 4791 cum
3240 4734 3462 4787 facimus
3498 4749 3511 4784 :
3554 4728 3649 4782 sed
3674 4728 3755 4778 ille

2179 4843 2302 4896 facit
2326 4849 2383 4893 ut
2410 4839 2689 4901 faciamus,
2717 4830 3007 4903 prmbendo
3046 4827 3189 4882 vires
3227 4821 3637 4878 efﬁcacissimas
3669 4831 3755 4867 vo-

2180 4933 2398 4995 luntati,
2434 4929 2523 4999 qui
2552 4927 2688 4981 dixit
2721 4943 2733 4978 :
2768 4924 2982 4978 Faciam
3003 4912 3608 4987 utinjustiﬁcationibus
3630 4908 3757 4961 meis

2179 5023 2485 5085 ambuletis,
2518 5029 2572 5074 et
2596 5018 2796 5086 judicia
2828 5030 2945 5068 mea
2974 5009 3276 5065 observetis
3306 5016 3361 5061 et
3385 5004 3610 5058 faciatis.
3632 5001 3758 5053 Cum

2182 5119 2332 5180 dicit,
2358 5113 2571 5167 Faciam
2601 5118 2657 5162 ut
2681 5105 2907 5169 faciatis,
2929 5102 3056 5173 quid
3098 5099 3239 5153 aliud
3281 5096 3410 5151 dicit
3443 5093 3569 5158 nisi,
3603 5089 3760 5144 Aufe-

2189 5223 2300 5262 ram
2343 5221 2371 5258 a
2410 5203 2563 5256 vobis
2603 5215 2698 5254 cor
2731 5198 3021 5267 lapideum,
3055 5192 3197 5247 unde
3236 5204 3340 5244 non
3376 5184 3687 5246 faciebatis,
3720 5190 3765 5235 et

2189 5299 2330 5353 dabo
2367 5310 2460 5348 cor
2490 5307 2765 5353 carneum,
2813 5289 2952 5341 umle
2991 5284 3227 5340 fac‘atis?
3267 5290 3320 5333 et
3363 5280 3465 5331 hoc
3498 5276 3623 5345 quid
3670 5281 3762 5332 est,

2198 5390 2319 5452 nisi,
2354 5386 2605 5441 [tuleram
2648 5398 2741 5437 cor
2786 5382 3014 5442 durum,
3055 5376 3195 5429 unde
3228 5388 3331 5427 non
3376 5367 3691 5427 faciebatis,
3721 5372 3767 5415 et

2198 5479 2338 5533 dabo
2360 5491 2451 5529 cor
2479 5472 2760 5534 obcdiens,
2794 5469 2935 5523 unde
2965 5464 3209 5520 faciatis?
3243 5463 3336 5516 Ille
3368 5460 3491 5513 facit
3525 5469 3580 5509 ut
3614 5455 3766 5508 facia-

2201 5581 2339 5628 mus,
2375 5564 2455 5618 τιεί
2487 5563 2615 5617 dicit
2648 5564 2845 5615 homo:
2880 5558 3055 5621 Pone,
3091 5553 3333 5615 Doluine,
3364 5548 3664 5604 custodiam
3698 5542 3767 5596 ori

2203 5672 2359 5713 meo;
2396 5656 2499 5708 hoc
2519 5662 2601 5707 est
2621 5655 2764 5707 enim
2796 5650 2995 5713 dicere,
3037 5647 3142 5701 Fac
3165 5654 3226 5700 ut
3259 5660 3448 5714 ponam
3481 5638 3770 5698 custodiuit

2202 5750 2284 5805 ori
2313 5762 2453 5813 meo,
2478 5744 2619 5817 quod
2650 5741 2967 5801 beneﬁcium
3009 5741 3100 5795 Dei
3128 5741 3237 5810 jam
3270 5740 3440 5795 fuerat
3465 5743 3772 5793 consecutus
