4016 6184
384 291 499 351 995
1584 291 2020 349 TllESAURUS.
2063 290 2215 347 CAP.
2257 289 2339 346 CC
2352 290 2480 346 XCI.
3571 301 3673 357 994

387 411 479 480 qui
512 408 654 464 dixit
686 426 700 462 :
734 408 893 463 Poeni
932 407 1013 462 ori
1052 422 1172 464 meo
1209 407 1526 463 custodiam.
1562 407 1663 475 Qui
1690 424 1820 477 ergo
1851 410 1962 462 vuit
1998 411 2046 470 Α
2076 404 2240 458 Deam
2271 405 2469 460 habere
2501 406 2552 459 in
2582 407 2789 474 notitia,
2816 407 3031 463 tradidit
3061 408 3181 464 illos
3206 408 3345 477 Deus
3376 408 3428 462 in
3476 425 3666 479 repro-

388 502 572 555 facere
592 499 685 555 Dei
718 499 1049 565 mandatum,
1081 508 1136 553 et
1159 514 1262 552 non
1289 506 1483 566 potest,
1505 497 1615 567 jam
1629 498 1844 567 quidem
1870 499 1973 551 hao
2084 497 2206 550 bam
2239 510 2492 563 mentem,
2523 507 2580 553 ttt
2609 500 2805 555 faciant
2830 517 2890 556 ea
2921 518 3041 571 qua:
3067 518 3173 556 non
3226 504 3572 556 conveniunt.
3607 505 3672 557 Et

385 590 478 645 bet
504 590 841 646 voluntatem
868 590 1085 657 bonam,
1112 590 1204 643 sed
1244 590 1420 643 adhuc
1452 603 1668 658 parvam
1708 600 1764 643 et
1792 588 1979 642 invali-
2082 588 2147 639 ad
2172 586 2679 643 'l‘liesSaloni.enses
2712 593 2761 644 in
2799 591 3035 658 Epistola
3067 593 3300 647 secunda
3344 591 3508 646 aitde
3554 609 3669 662 qut-

383 685 544 746 dam;
580 682 777 750 poterit
800 691 1003 746 autent,
1032 694 1152 734 cum
1180 693 1428 749 magnam
1453 678 1980 733 ltabueritetrobus-
2083 676 2303 730 busdam
2330 694 2345 733 :
2374 680 2476 732 Pro
2501 695 2565 733 eo
2592 682 2729 748 quod
2764 681 3107 737 dilectionem
3143 685 3384 737 veritatis
3417 700 3521 738 non
3574 702 3663 736 re-

368 762 522 827 ἰείη.
556 773 781 840 Quando
803 773 944 828 enim
978 781 1240 842 martyres
1272 786 1459 840 magna
1502 772 1588 824 illa
1619 771 1867 824 mandata
1898 772 1976 825 re-
2080 773 2357 831 ceperunt,
2392 776 2442 818 ut
2477 768 2611 820 salvi
2643 770 2848 835 tierent,
2886 769 3009 824 ideo
3034 771 3195 823 mittit
3218 771 3326 824 illis
3360 773 3499 825 Deus
3541 790 3668 839 ope-

378 873 600 928 cerunt,
629 878 819 931 magna
852 863 1039 931 ut’que
1065 862 1361 925 voluntate,
1400 861 1500 916 hoc
1527 871 1609 915 est
1635 875 1821 930 magna
1844 860 1973 915 cha-
2079 856 2341 911 rationem
2371 862 2592 924 erroris,
2620 870 2677 912 ut
2704 861 2924 914 credant
2954 862 3253 928 mendacio,
3286 863 3665 931 utjudtceitur

378 953 565 1018 ritate,
592 951 877 1019 iecerunt;
909 954 974 1006 de
1005 967 1109 1021 qua
1139 946 1402 1006 cltar'itate
1433 953 1547 1020 ipse
1575 952 1834 1005 Dominus
1864 955 1971 1005 ait:
2077 958 2266 999 omnes
2299 947 2389 1015 qui
2419 962 2521 1000 non
2567 951 2911 1005 crediderunt
2962 952 3194 1015 vet-itali.
3245 953 3337 1006 Sed
3378 968 3443 1007 CO
3469 970 3663 1008 ιδθίιευσ

383 1042 653 1112 majorem
686 1044 822 1097 hanc
850 1043 1169 1098 charitatem
1195 1057 1353 1097 nemo
1383 1043 1564 1104 habet,
1594 1058 1752 1111 quam
1776 1054 1833 1096 ιιι
1859 1043 1974 1097 ani-
2077 1041 2204 1087 runt
2233 1035 2522 1104 iniquitati.
2550 1038 2639 1091 llis
2670 1049 2725 1092 et
2765 1042 2957 1093 talibus
2990 1043 3308 1094 testimmtiis
3356 1044 3661 1096 divitturuttt

380 1148 526 1187 mam
559 1149 708 1188 suam
742 1142 904 1203 ponat
943 1148 1041 1204 pro
1081 1134 1268 1188 amicis
1310 1135 1452 1199 suis;
1487 1135 1630 1189 unde
1660 1144 1713 1188 et
1744 1134 1973 1202 Aposto-
2075 1124 2431 1193 eloquiorum,
2460 1143 2579 1196 qua:
2608 1152 2617 1176 ι
2644 1130 2782 1181 mnia
2813 1146 3237 1183 commemorare
3261 1132 3368 1183 nim
3395 1145 3421 1184 s
3444 1137 3658 1200 perlon-

380 1224 469 1278 lus
486 1224 615 1278 dicit
637 1224 924 1290 :Quieuim
952 1223 1127 1291 diligit
1159 1224 1479 1292 proximum,
1508 1222 1967 1291 legemimplcvit;
2073 1229 2195 1283 gum
2220 1224 2325 1280 est,
2356 1218 2487 1271 satis
2515 1226 2770 1288 quantum
2805 1220 3053 1273 exiStimo
3086 1221 3475 1280 manifestatur,
3527 1238 3659 1287 opu-

379 1312 1888 1381 namNonadulterabis,Nonhomieidiuml‘aeies,Nonio
1919 1329 1970 1366 ει-
2081 1307 2187 1358 rari
2245 1305 2413 1360 Deum
2474 1309 2524 1361 in
2558 1309 2812 1364 cordibus
2858 1310 3156 1375 hominum,
3218 1310 3283 1362 ad
3336 1312 3663 1364 inclinandus

376 1409 683 1472 beris,Non
702 1393 1351 1476 concupisces,etsiquod
1372 1406 1614 1462 estaliud
1632 1406 1965 1471 mandatum,
2070 1408 2255 1449 eorum
2286 1398 2585 1453 Voluntates
2631 1416 2949 1468 quocunque
2987 1400 3235 1463 voluerit,
3262 1402 3377 1455 sive
3417 1403 3480 1453 ad
3526 1402 3660 1455 bona

377 1501 437 1556 in
464 1502 566 1554 hoc
586 1513 835 1553 sermone
850 1497 1229 1567 recapitulatur
1249 1515 1260 1551 :
1278 1498 1476 1566 Diliges
1494 1497 1795 1567 proximum
1820 1506 1965 1549 tuum
2071 1500 2167 1555 pro
2190 1503 2283 1541 sua
2314 1489 2702 1556 misericordia,
2727 1493 2841 1545 sive
2866 1492 2933 1544 ad
2951 1494 3085 1544 mala
3111 1508 3204 1560 pro
3222 1492 3425 1545 meritis
3450 1510 3658 1559 eorum,

373 1600 634 1658 tanquam
666 1586 918 1654 teipsum.
940 1585 1165 1640 Dilectio
1190 1585 1748 1654 proximimatumuon
1773 1599 1966 1653 onera-
2062 1574 2266 1645 judicio
2298 1580 2482 1649 utique
2504 1594 2602 1634 suo
2630 1580 2915 1649 aliquando
2936 1594 3142 1649 aperto,
3164 1582 3449 1649 aliquando
3476 1584 3658 1634 occal-

378 1688 471 1735 tur
497 1681 635 1751 εδδ
655 1678 1217 1750 plenitudoergolegis
1235 1676 1964 1746 estdilectio;ipsamcbari-
2070 1677 2145 1731 ιο,
2172 1684 2388 1738 semper
2414 1680 2592 1726 autem
2622 1672 2785 1739 justo.
2829 1672 3017 1725 Fixum
3050 1674 3193 1726 enim
3242 1673 3401 1727 debet
3444 1690 3564 1726 esse
3605 1682 3655 1725 et

377 1779 547 1825 tatem
571 1770 845 1839 apostolus
890 1768 1079 1823 Petrus
1121 1768 1356 1823 nondum
1407 1768 1612 1831 habuit,
1645 1769 1859 1835 quanio
1891 1769 1960 1823 ti-
1994 1774 2036 1831 Β
2065 1759 2337 1815 immobile
2384 1762 2436 1815 in
2486 1762 2649 1815 eorde
2704 1772 2903 1826 vestro,
2954 1763 3077 1831 quia
3132 1778 3234 1815 non
3280 1774 3359 1814 est
3405 1764 3655 1829 iniquitas

374 1874 537 1915 more
566 1859 847 1913 Dominum
873 1866 955 1912 ter
990 1857 1227 1928 negavit.
1256 1857 1439 1911 Timor
1468 1856 1612 1912 enim
1654 1870 1757 1910 non
1795 1868 1874 1910 est
1909 1858 1961 1910 in

371 1951 677 2015 charitate,
707 1948 845 2002 sicut
883 1950 954 2002 ait
985 1948 1221 2004 Joannes
1264 1949 1590 2017 evangelista
1639 1948 1690 2001 in
1727 1947 1961 2013 Ei-istola

373 2054 495 2107 sua,
526 2039 619 2093 sed
664 2038 900 2108 perlecta
934 2037 1170 2093 charitas
1209 2038 1353 2092 foras
1393 2038 1556 2092 mittit
1595 2040 1880 2102 timorem;
1909 2048 1963 2090 et

376 2138 583 2195 tamen,
635 2128 879 2197 quamvis
931 2143 1093 2199 parva
1141 2138 1195 2183 et
1251 2129 1585 2198 imperfecta,
1628 2144 1734 2181 nou
1776 2127 1963 2182 deerat

371 2218 594 2288 quando
623 2219 835 2274 dicebat
877 2219 1102 2272 Domino
1135 2237 1148 2271 :
1180 2218 1426 2273 Animam
1457 2233 1628 2273 meam
1661 2232 1754 2286 pro
1787 2225 1837 2271 te
1869 2233 1962 2285 po-

370 2325 534 2365 nam:
569 2309 789 2377 putabat
814 2310 957 2362 enim
985 2324 1044 2363 se
1071 2324 1231 2377 posse
1257 2310 1396 2377 quod
1420 2323 1479 2364 se
1508 2310 1644 2363 velle
1673 2307 1957 2370 sentiebat,

369 2407 428 2453 et
457 2397 578 2468 quis
605 2398 779 2462 istam,
804 2398 906 2452 etsi
954 2413 1196 2468 parvam,
1215 2398 1344 2453 dare
1359 2407 1593 2467 coeperat
1616 2397 1954 2463 charitatem,

369 2487 479 2542 nisi
508 2487 600 2541 ille
627 2488 715 2556 qui
749 2496 1013 2557 praeparat
1030 2488 1378 2554 voluntatem,
1396 2497 1449 2542 et
1471 2491 1812 2555 c00peiando
1836 2503 1955 2554 per-

367 2577 485 2634 ﬁcit
511 2570 650 2648 quod
674 2580 948 2647 operando
978 2580 1197 2648 incipit,
1222 2580 1475 2648 quoniam
1506 2580 1623 2650 ipse
1653 2590 1709 2632 ut
1732 2579 1955 2634 velimus

368 2678 627 2738 operatur
657 2669 939 2740 incipiens,
971 2671 1060 2740 qui
1089 2672 1395 2729 volentibus
1439 2678 1763 2739 cooperatur
1796 2670 1957 2739 perli-

371 2762 549 2816 ciens?
584 2760 809 2829 Propter
836 2762 977 2830 quod
1000 2763 1072 2817 ait
1103 2762 1391 2832 Apostolus
1421 2781 1434 2817 :
1468 2761 1662 2817 Certus
1679 2777 1794 2814 sum
1817 2775 1953 2831 quo-

368 2852 517 2906 niam
549 2852 637 2919 qui
666 2861 921 2921 opt-ratur
950 2854 1000 2907 in
1032 2854 1182 2909 vobis
1204 2869 1339 2924 opus
1370 2856 1591 2919 bonum,
1612 2852 1848 2922 perliciet
1867 2869 1955 2906 us-

370 2957 482 3012 que
517 2943 571 2996 in
595 2942 739 2997 diem
779 2943 909 2999 Jesu
954 2944 1173 3000 Christi.
1205 2945 1272 3000 Ut
1294 2960 1423 3015 ergo
1450 2945 1696 3010 velimus,
1725 2945 1842 2998 sine
1858 2959 1954 2997 no-

364 3031 455 3087 bis
481 3042 767 3101 operatur;
801 3051 923 3089 cum
952 3045 1129 3088 autem
1158 3036 1423 3101 volumus,
1448 3047 1497 3090 et
1523 3038 1598 3090 sic
1625 3036 1869 3090 volumus
1895 3044 1952 3087 ut

365 3122 649 3193 faciamus,
674 3125 951 3181 nobiscum
982 3136 1322 3195 cooperatur,
1368 3136 1543 3180 tamen
1585 3128 1703 3180 siue
1745 3126 1835 3179 illo
1865 3124 1946 3179 vel
1977 3127 2023 3189 C
2053 3133 2294 3175 sanctum
2314 3133 2566 3190 operatur
2593 3123 2644 3177 in
2673 3124 3228 3179 cordibuselectorum
3244 3140 3459 3179 suorum
3482 3129 3638 3192 bo..a,
3730 3132 3742 3146 ‘

364 3223 623 3280 onerante
654 3225 710 3270 ut
732 3216 990 3282 velimus,
1020 3217 1104 3271 vel
1136 3226 1461 3285 cooperante
1495 3227 1549 3270 ut
1590 3216 1760 3290 [cum]
1792 3218 1945 3271 volu-
1974 3244 1986 3259 -

366 3318 513 3367 mus,
546 3304 611 3358 ad
642 3304 781 3359 bona
817 3306 1030 3375 pietatis
1057 3321 1222 3376 opera
1253 3306 1386 3360 nihil
1418 3308 1676 3362 valemus.
1716 3309 1789 3363 De
1819 3326 1948 3379 ope-

363 3400 521 3444 rante
549 3391 639 3445 illo
671 3400 728 3445 ut
750 3392 981 3447 velimus
1010 3392 1211 3447 dietum
1246 3404 1328 3448 est
1361 3412 1373 3446 :
1410 3395 1548 3448 Deus
1581 3404 1662 3448 est
1691 3398 1833 3450 enim
1856 3399 1945 3466 qui

362 3487 620 3548 operatur
652 3482 702 3535 in
727 3482 898 3548 vobis,
927 3491 982 3537 et
1010 3483 1146 3538 velle
1173 3500 1187 3548 ;
1219 3483 1289 3538 de
1317 3496 1641 3552 cooperante
1681 3485 1796 3550 illo,
1823 3501 1943 3541 cum

361 3570 472 3641 iam
512 3573 757 3628 volumus
794 3584 848 3628 et
886 3574 1116 3629 volendo
1167 3574 1395 3629 facimus
1429 3593 1440 3629 :
1474 3576 1717 3641 Scimus,
1752 3579 1943 3647 inquit,

360 3666 616 3733 quoniam
666 3668 1005 3735 diligentibus
1054 3668 1221 3721 Deum
1270 3669 1449 3723 omnia
1495 3680 1852 3739 cooperantur
1892 3672 1945 3725 in

363 3760 589 3812 bonum.
611 3758 746 3825 Quid
779 3770 863 3814 est
885 3760 1099 3824 Omnia,
1116 3760 1215 3814 nisi
1232 3774 1283 3816 et
1304 3761 1447 3829 ipsas
1467 3763 1733 3816 terribiles
1752 3777 1947 3816 saevas-

360 3871 470 3923 que
511 3857 832 3925 passiines?
861 3858 1071 3910 sarcina
1109 3858 1304 3926 quippe
1347 3858 1459 3921 illa,
1490 3872 1609 3925 qua:
1643 3856 1943 3911 inﬁrmitati

361 3947 545 4015 gravis
577 3956 677 4010 eSI,
714 3945 844 4000 levis
871 3946 1102 4000 efﬁcitur
1124 3946 1395 4001 cliaritati.
1426 3946 1646 4000 Talibus
1675 3948 1815 3999 enim
1844 3946 1946 3999 Do-

360 4037 542 4091 minus
568 4037 700 4090 dixit
721 4051 839 4090 esse
866 4051 1016 4090 suam
1040 4039 1303 4091 sarcinam
1336 4038 1529 4100 levem,
1553 4037 1726 4105 qualis
1759 4037 1945 4091 Petrus

359 4126 464 4179 fuit
484 4125 699 4193 quando
732 4141 920 4195 passus
950 4136 1034 4182 est
1081 4143 1175 4196 pro
1214 4126 1452 4191 Christo,
1492 4142 1597 4180 non
1641 4128 1810 4193 qualis
1850 4127 1947 4182 fuit

360 4215 576 4283 quando
600 4217 810 4285 negavit
836 4218 1127 4270 Christum.
1154 4217 1313 4271 Istam
1329 4218 1666 4282 eharitatem,
1687 4218 1737 4271 id
1755 4227 1838 4272 est
1868 4219 1947 4272 di-

360 4306 488 4357 vino
548 4319 732 4357 amore
778 4306 1210 4359 ardentissimatn
1260 4306 1611 4369 voluntatem,
1667 4321 1943 4361 commen-

361 4394 498 4446 dans
529 4395 813 4461 Apostolus
843 4396 1005 4450 dicit:
1039 4397 1169 4465 Quis
1199 4411 1296 4452 nos
1329 4398 1599 4468 separabit
1625 4413 1652 4450 a
1677 4398 1942 4454 cbaritate

362 4483 611 4541 Christi?
639 4494 746 4541 etc.

919 4557 1141 4614 CAPUT
1172 4558 1389 4613 CCXCI.

366 4647 519 4713 Quod
546 4648 721 4702 cordis
767 4649 1029 4702 indurotio
1065 4650 1467 4719 praecedentibus
1516 4648 1664 4703 malis
1719 4649 1832 4717 ﬁat,
1884 4666 1949 4705 ea:

973 4725 1149 4773 eodem
1176 4721 1321 4773 libro.

442 4828 711 4898 Scriptum
741 4831 889 4886 estin
914 4830 1209 4885 Proverbio
1237 4831 1585 4904 [Proverbiis]
1608 4833 1944 4891 Salomonis:

363 4918 776 4989 Sicut-impetus
800 4936 973 4991 aquze,
1002 4923 1078 4975 sic
1102 4935 1195 4975 cor
1226 4924 1365 4990 regis
1392 4923 1442 4975 in
1473 4939 1629 4976 manu
1659 4926 1780 4990 llei;
1807 4940 1944 4993 quo-

360 5024 573 5079 cunque
604 5012 829 5065 voluerit
858 5012 1293 5067 inclinabitillud.
1328 5013 1459 5067 Etin
1490 5016 1693 5083 ps:ilmo
1721 5031 1805 5071 σιν
1834 5017 1945 5071 dic-

362 5108 474 5152 tutu
506 5112 587 5154 est
615 5101 683 5156 de
704 5101 970 5173 Egypliis
991 5103 1115 5171 quid
1132 5104 1210 5157 eis
1230 5103 1412 5157 fecerit
1438 5104 1605 5159 Deus:
1635 5106 1701 5159 Et
1722 5122 1946 5161 conver-

369 5188 436 5242 tit
464 5203 558 5243 cnr
585 5203 770 5245 eorum
793 5232 807 5255 .
842 5202 898 5245 ttt
925 5193 1166 5247 odissent
1197 5194 1449 5261 populum
1497 5194 1634 5265 ejus,
1660 5206 1715 5250 cl.
1763 5199 1941 5251 dolum

362 5276 601 5333 facerent
644 5279 695 5333 in
726 5295 911 5335 servos
942 5282 1080 5351 ejus.
1112 5283 1166 5336 ln
1215 5283 1405 5337 litteris
1445 5286 1606 5338 etiam
1635 5290 1943 5356 apostolicis

358 5366 539 5421 videte
566 5384 683 5437 qua!
714 5372 909 5437 scripta
946 5382 1090 5437 sunt,
1119 5373 1249 5425 utin
1282 5373 1517 5440 Epistola
1552 5374 1697 5429 Pauli
1729 5388 1945 5445 aposto-

361 5458 395 5512 li
424 5460 491 5511 ad
518 5460 813 5517 Romanos:
845 5463 1131 5532 Propterea
1166 5463 1379 5517 tradidit
1432 5463 1551 5520 illus
1583 5465 1721 5521 Deus
1753 5468 1803 5521 iu
1850 5471 1944 5523 de-

359 5551 559 5604 sideria
583 5555 761 5608 cordis
803 5569 1013 5619 cetum,
1061 5556 1111 5608 itt
1159 5557 1588 5621 immunditiam;
1620 5558 1742 5611 item
1790 5559 1943 5627 paulo

362 5650 535 5707 post:
601 5643 888 5712 Promerea
953 5646 1169 5701 tradidit
1218 5646 1341 5700 illos
1392 5648 1529 5703 Deus
1560 5649 1610 5702 itt
1664 5652 1942 5718 passiones

362 5731 702 5802 ignotniuiw;
728 5737 851 5792 item
885 5739 1045 5807 paulo
1086 5748 1236 5812 post;
1266 5740 1416 5796 Sicut
1447 5754 1550 5797 non
1583 5743 1940 5813 probaverunt

2064 1852 2202 1919 apud
2235 1852 2399 1905 Deum
2428 1868 2442 1915 ;
2474 1868 2535 1905 ac
2568 1868 2663 1920 per
2694 1852 2793 1905 hoc
2821 1854 3033 1918 quando
3058 1853 3228 1920 legitis
3260 1853 3311 1905 iu
3343 1854 3532 1906 litteris
3565 1870 3653 1905 ve-

2064 1941 2232 1995 ritatis
2259 1957 2289 1995 a
2319 1944 2427 1997 Deo
2452 1944 2633 1997 seduci
2663 1944 2924 2005 homines,
2956 1953 3047 1997 aut
3077 1945 3320 2012 obtundi,
3353 1947 3433 1998 vel
3479 1946 3653 1997 Ulldll-

2063 2034 2168 2087 rari
2197 2034 2361 2088 corda
2392 2050 2602 2101 eorum,
2636 2037 2798 2090 nolite
2835 2036 3079 2089 dubitare
3133 2036 3473 2102 praecessisse
3514 2053 3562 2087 nt
3586 2038 3651 2087 ila

2062 2128 2252 2181 merita
2275 2143 2485 2190 eorum,
2513 2129 2726 2197 utjuste
2750 2130 2849 2181 ista
2882 2137 3207 2195 paterentur,
3261 2142 3327 2180 ne
3367 2127 3653 2179 incurratis

2061 2216 2114 2270 in
2137 2217 2263 2271 illud
2299 2218 2957 2285 proverbiutnSalomonis
2987 2218 3330 2284 :lnsipieutia
3357 2218 3456 2271 viri
3487 2218 3651 2271 violat

2061 2305 2172 2359 vias
2202 2319 2357 2371 e,us;
2401 2306 2563 2358 Deum
2594 2316 2771 2358 autem
2805 2322 3054 2359 cauSaLur
3079 2307 3130 2360 in
3169 2308 3331 2361 corde
3359 2323 3477 2360 suo.
3507 2306 3651 2361 Cra-

2060 2398 2132 2450 tia
2163 2412 2292 2449 vero
2324 2412 2427 2450 non
2453 2399 2745 2451 secundum
2781 2402 2965 2452 merita
3001 2400 3275 2451 hominum
3308 2401 3485 2464 datur,
3520 2403 3650 2456 alio-

2058 2484 2183 2552 quin
2215 2485 2382 2555 gratia
2406 2485 2515 2553 jant
2546 2498 2751 2540 nonest
2777 2488 2967 2553 gratia,
3000 2489 3119 2556 quia
3142 2489 3260 2541 ideo
3289 2491 3455 2554 gratia
3490 2506 3647 2544 voca-

2058 2582 2175 2637 tur,
2214 2577 2334 2644 quia
2357 2582 2519 2645 grat;s
2549 2578 2723 2632 datur.
2762 2578 2816 2632 Si
2845 2586 3021 2632 autem
3043 2590 3227 2648 potens
3255 2592 3361 2649 est,
3409 2583 3525 2635 sive
3556 2599 3647 2651 per

2056 2667 2277 2735 angelos
2306 2669 2497 2731 bonos,
2529 2672 2641 2724 sive
2676 2685 2768 2730 ter
2809 2672 2998 2736 malos,
3032 2673 3143 2725 sive
3172 2689 3487 2742 quocunque
3538 2676 3645 2728 aiio

2056 2758 2239 2825 modo,
2270 2762 2480 2829 operari
2514 2770 2677 2816 etiam
2710 2764 2760 2816 in
2789 2764 3043 2817 cordibus
3073 2766 3355 2830 malorum,
3389 2782 3483 2835 pro
3531 2783 3645 2822 me-

2057 2849 2174 2903 ritis
2200 2864 2385 2905 eorum
2417 2867 2646 2920 quorum
2676 2855 2929 2907 malitiam
2961 2872 3063 2907 non
3100 2855 3213 2920 ipse
3246 2856 3388 2920 fecit,
3424 2858 3516 2911 sed
3550 2868 3643 2911 aut

2055 2942 2383 3011 originaliter
2414 2953 2578 2997 tracta
2609 2952 2689 2997 est
2717 2945 2783 2998 ab
2811 2945 2998 3007 Adam,
3029 2955 3118 2997 aut
3165 2946 3335 2999 erevit
3383 2962 3474 3013 per
3520 2963 3646 3016 pro-

2054 3034 2222 3102 priam
2254 3034 2620 3098 voluntatem;
2652 3035 2774 3103 quid
2809 3035 3004 3088 mirum
3031 3045 3112 3089 est
3142 3037 3185 3089 si
3242 3053 3335 3103 per
3382 3038 3641 3104 Spiritum

2050 3210 2139 3278 qui
2170 3222 2429 3280 operatus
2455 3222 2533 3265 cst
2564 3222 2617 3266 ut
2640 3212 2750 3281 ipsa
2786 3214 2945 3267 corda
2978 3224 3159 3268 essent
3188 3230 3251 3269 ex
3287 3216 3441 3269 malis
3469 3217 3639 3270 bona:

2048 3300 2143 3354 sed
2202 3301 2547 3367 suspicentur
2598 3302 2842 3358 homines
2885 3305 3020 3369 qtnel
3048 3305 3135 3358 bet
3182 3314 3236 3358 et
3280 3308 3465 3360 merita
3503 3308 3640 3361 bona

2048 3405 2167 3459 qua:
2185 3400 2368 3460 putant
2392 3393 2691 3460 prteeedere
2711 3406 2763 3447 ut
2779 3395 3141 3463 justilieentur
3157 3412 3249 3466 per
3267 3398 3356 3451 Dei
3381 3401 3631 3468 gratiam,

2050 3497 2155 3536 non
2186 3483 2548 3551 intelligentes
2577 3500 2694 3539 cum
2720 3486 2821 3540 hoc
2850 3486 3053 3550 dicunt,
3089 3488 3214 3541 nihil
3250 3489 3391 3543 aliud
3410 3489 3641 3562 [dicere]

2048 3589 2207 3642 quam
2242 3591 2437 3645 negare
2460 3592 2520 3632 se
2546 3579 2794 3647 gratiam,
2837 3578 2953 3646 sed,
2992 3589 3047 3633 ut
3098 3580 3232 3644 dixi,
3282 3582 3421 3645 quod
3460 3583 3642 3636 volunt

2052 3664 2117 3717 de
2142 3665 2437 3733 majoribus
2466 3670 2807 3735 suspicentur
2824 3669 2892 3722 de
2920 3670 3179 3736 parvulis?
3195 3669 3351 3725 Certe
3376 3671 3462 3724 l’el
3485 3672 3642 3739 -giani

2048 3756 2174 3822 quid
2208 3757 2567 3823 respondeant
2594 3773 2699 3810 non
2732 3758 3030 3824 inveniunt,
3062 3776 3287 3827 quorum
3323 3777 3418 3815 uec
3456 3764 3642 3814 volun-

2049 3853 2129 3899 tas
2161 3845 2262 3898 ulla
2287 3856 2368 3899 est
2392 3847 2443 3899 in
2475 3848 2784 3916 accipienda
2811 3851 3001 3918 gratia,
3027 3851 3177 3918 cujus
3207 3851 3497 3906 voluntatis
3530 3870 3640 3907 nte-

2048 3935 2207 3988 ritum
2241 3937 2583 4005 praecessisse
2612 3938 2815 4002 dit-ant,
2847 3948 2897 3992 et
2927 3938 3146 4006 insuper
3177 3956 3269 3993 eos
3322 3942 3482 3994 etiam
3517 3958 3639 3995 cum

2050 4024 2176 4078 lletu
2209 4027 2457 4080 reluctari
2486 4027 2730 4082 videmus
2756 4028 2969 4097 quando
3000 4030 3336 4097 baptizantur
3362 4039 3414 4084 et
3460 4031 3637 4084 divina

2047 4125 2380 4170 sacramenta
2416 4117 2736 4187 percipiunt,
2768 4119 2909 4187 quod
2940 4119 3018 4173 eis
3042 4120 3107 4172 ad
3154 4136 3400 4185 magnum
3449 4121 3639 4187 impie-

2049 4206 2170 4258 tatis
2201 4216 2474 4273 peceatum
2524 4208 2902 4275 imputaretur,
2949 4208 2994 4263 si
3038 4208 3147 4279 jam
3199 4210 3366 4264 libero
3411 4211 3638 4266 arbitrio

2046 4303 2340 4350 uterentur.
2361 4299 2422 4351 Et
2440 4307 2615 4353 tamen
2642 4299 2980 4353 ltmretetiam
2997 4300 3047 4353 itt
3064 4299 3446 4354 reluctantibus
3463 4303 3632 4370 gratia

2046 4390 2572 4456 ajtertiSsime,n:illo
2605 4391 2743 4444 bono
2777 4391 2969 4445 merito
3003 4391 3367 4460 praecedente;
3400 4394 3633 4462 alioquin

1974 4486 2027 4546 ι)
2054 4479 2219 4547 gratia
2239 4478 2350 4548 jam
2385 4496 2488 4533 non
2522 4490 2665 4535 esset
2688 4482 2880 4551 gratia,
2912 4492 2964 4536 et
2986 4482 3270 4551 aliquando
3300 4482 3421 4536 liliis
3453 4483 3639 4538 inlide-

2054 4566 2182 4620 liutn
2216 4579 2499 4637 praestatur
2541 4574 2653 4625 lttnc
2677 4573 2865 4640 gratia,
2901 4588 3019 4627 cum
3052 4574 3257 4627 reculta
3316 4573 3408 4627 Dei
3460 4577 3635 4643 provi-

2054 4659 2239 4713 dentia
2292 4662 2621 4717 inmanibus
2674 4663 2882 4731 piorum
2929 4661 3415 4734 quontodocunque
3451 4656 3667 4735 perveC

2054 4750 2235 4816 niunt;
2267 4752 2556 4822 aliquando
2579 4754 2669 4809 lilii
2686 4756 2916 4809 ﬁdelium
2943 4771 3047 4809 non
3070 4771 3187 4810 eam
3207 4771 3631 4828 consequuntur,

2054 4842 2233 4912 aliquo
2263 4845 2644 4913 impedimento
2676 4848 2937 4903 existente
2965 4862 3031 4902 ne
3068 4846 3234 4917 possit
3287 4851 3642 4918 periclitanti-

2052 4931 2151 4987 bus
2180 4936 2473 4991 subveniri.
2511 4936 2670 4991 Fiunt
2699 4953 2822 4991 vero
2853 4940 2950 4992 ista
2985 4954 3079 5008 per
3105 4942 3368 4994 occultam
3394 4940 3485 4995 Dei
3519 4956 3640 5009 pro-

2053 5022 2363 5089 videntiam,
2387 5026 2537 5096 cujus
2556 5027 2914 5082 inscrutabilia
2938 5039 3061 5084 sunt
3083 5028 3307 5098 judicia,
3337 5040 3389 5085 et
3419 5031 3639 5084 investi-

2050 5128 2083 5183 g
2119 5116 2252 5170 biles
2302 5116 2401 5170 viae
2457 5116 2574 5187 ejus
2601 5133 2620 5171 :
2643 5120 2783 5187 quod
2812 5127 2868 5173 ut
2898 5121 3184 5187 Apostolus
3230 5120 3464 5185 diceret,
3511 5121 3637 5189 quid

2052 5205 2357 5272 praedixerit
2380 5206 2657 5262 intuemini
2687 5226 2700 5261 :
2730 5209 2916 5278 agebat
2946 5211 3087 5264 enim
3118 5210 3184 5263 de
3209 5209 3406 5263 Juda-is
3427 5218 3481 5263 et
3507 5225 3637 5279 geu-

2052 5294 2213 5359 tibus,
2242 5310 2360 5350 cum
2393 5297 2653 5352 scriberet
2682 5298 2746 5352 ad
2781 5298 3070 5366 Romanos,
3106 5299 3155 5353 id
3203 5308 3282 5353 est
3333 5300 3395 5350 ad
3422 5309 3632 5368 gentes,

2051 5392 2106 5437 et
2132 5394 2231 5438 att'
2258 5387 2405 5441 Sicut
2434 5388 2573 5440 enim
2601 5388 2886 5456 aliquando
2912 5404 3004 5443 vos
3030 5404 3132 5442 non
3162 5388 3469 5443 credidistis
3502 5391 3632 5454 Deo,

2052 5489 2193 5529 nunc
2218 5469 2407 5531 autem
2440 5479 2859 5535 misericordiam
2900 5481 3166 5533 consecuti
3201 5480 3332 5533 estis
3365 5478 3487 5551 [in]
3520 5480 3635 5533 illo-

2051 5581 2165 5620 rum
2189 5567 2591 5637 incredulitate;
2630 5576 2695 5624 ita
2725 5582 2773 5625 et
2807 5572 2857 5623 hi
2889 5584 3030 5623 nunc
3069 5586 3173 5623 non
3209 5572 3548 5625 credidi-runt
3584 5574 3633 5627 in

2051 5670 2281 5714 vestram
2309 5661 2756 5723 misericordiam,
2787 5672 2836 5713 ut
2856 5671 2907 5714 et
2931 5660 3029 5728 ipsi
3057 5662 3479 5717 misericordiam
3508 5681 3628 5718 eou-

2050 5761 2363 5819 sequantur.
2392 5751 2660 5809 Conclusit
2683 5752 2823 5808 enim
2846 5751 2985 5809 Deus
3003 5768 3191 5811 omnes
3223 5754 3275 5810 iu
3301 5755 3637 5819 itide-litate,
