4016 6184
388 318 496 375 995

1477 304 1537 357 D.
1583 295 1898 358 EUGYPPII
1942 293 2235 350 ABB.\TlS
2273 290 2591 348 AFRICANI

3570 293 3674 350 996

391 445 448 490 ιιι
477 431 716 485 omnium
746 427 1099 481 misereatur:
1131 429 1186 476 et
1210 434 1331 476 cum
1347 411 1796 481 attendissetquid
1823 409 1972 462 dixe-
2007 408 2056 465 Α
2084 409 2206 474 quia
2238 422 2340 459 non
2366 406 2466 459 erit
2491 401 2666 457 inanis
2689 399 2837 453 labor
2861 405 3059 465 vester,
3084 397 3130 453 si
3157 399 3209 453 in
3243 401 3388 454 bono
3407 405 3682 473 proposito

392 528 482 586 rit,
534 520 807 575 admirans
864 513 1146 570 sententias
1181 525 1290 565 sua:
1313 516 1516 562 certam
1540 504 1754 572 quidem
1787 500 1983 553 verita-

394 629 524 678 tem,
573 613 665 667 sed
713 623 958 678 magnam
999 601 1435 674 profunditatem,
1484 611 1609 650 mox
1662 591 1985 649 exclamavit

396 719 555 776 atque
580 706 652 758 ait
676 722 686 755 :
713 704 756 755 Ο
788 697 1010 752 altitudo
1029 695 1331 748 divitiarum
1363 686 1714 755 sapientiam
1741 682 1986 776 scientiis

403 769 518 852 Dei!
551 808 709 864 quant
735 786 1102 843 inscrutabilia
1135 790 1261 835 sunt
1287 778 1485 849 judicia
1508 776 1647 845 ejus,
1681 782 1736 826 et
1767 769 1988 825 investi-

399 859 603 956 gabiles
658 882 755 933 vim
786 877 932 946 ejus!
964 877 1088 930 llaec
1113 873 1258 926 enim
1309 867 1512 939 judicia
1544 859 1909 918 inscrutabilia
1938 865 1993 913 et

400 954 625 1041 investig
646 973 796 1026 tbiles
832 970 946 1022 vias
977 963 1215 1035 perversi
1245 961 1494 1014 homines
1523 971 1628 1010 non
1667 954 1990 1020 cogitantes,

400 1078 454 1121 et
491 1039 749 1134 proclives
780 1059 845 1110 ad
897 1049 1422 1123 reprehendendum,
1473 1060 1579 1099 non
1606 1041 1784 1097 idonei
1824 1039 1889 1093 ad
1915 1039 1994 1091 in-

402 1131 769 1224 tt-lligendutn,
797 1147 1051 1217 putabant
1076 1141 1458 1210 etjactitabant
1479 1133 1756 1204 apostolos
1777 1131 1997 1184 dicere:

404 1250 685 1304 Faciamus
715 1244 873 1304 mala,
901 1247 959 1291 ut
981 1239 1198 1290 veniant
1222 1227 1556 1298 bona;quod
1587 1225 1730 1278 absit
1759 1231 1819 1278 ut
1841 1235 2000 1290 apos-

404 1339 498 1392 toli
532 1337 774 1390 dicerent
804 1349 816 1384 :
843 1328 936 1384 sed
971 1325 1214 1379 homines
1245 1337 1353 1374 non
1401 1316 1762 1384 intelligentes
1780 1312 1883 1365 hoc
1906 1325 2003 1379 pu-

406 1434 589 1484 tabant
618 1427 744 1493 dici,
777 1422 991 1494 quando
1014 1416 1304 1471 audiebant
1334 1409 1476 1480 quod
1507 1407 1645 1462 dixit
1673 1404 1999 1475 Apostolus:

406 1520 516 1573 Lex
577 1526 757 1570 autem
823 1507 1163 1570 subintravit,
1229 1513 1286 1557 ttt
1345 1499 1642 1556 abundaret
1703 1496 2003 1561 delictum;

407 1612 496 1665 ubi
544 1619 721 1662 autem
773 1600 1063 1659 abundavit
1091 1598 1372 1657 delictum,
1411 1587 1868 1660 superabundavit
1886 1599 2009 1655 gra-

409 1704 522 1766 tia;
569 1699 664 1754 sed
718 1696 902 1764 utique
967 1690 1140 1762 gratia
1196 1687 1250 1742 id
1313 1683 1423 1755 agit
1467 1691 1526 1737 ut
1566 1682 1678 1752 jam
1733 1680 1862 1733 fiant
1909 1678 2007 1731 bo-

2088 498 2450 568 proficientes,
2482 492 2835 562 perseveretis
2865 505 3034 560 usque
3061 491 3116 545 in
3146 492 3333 548 linem.
3357 492 3499 547 Deus
3515 497 3681 560 enim,

2087 590 2177 659 qui
2224 588 2382 642 modo
2403 587 2510 640 illis
2539 597 2674 654 quos
2696 583 2886 636 liberat
2914 596 3020 635 non
3044 580 3221 636 reddit
3240 584 3537 637 secundum
3558 601 3691 652 ope-

2091 693 2152 731 ra
2177 691 2388 740 eorum,
2422 684 2550 728 tunc
2601 672 2791 727 reddet
2836 671 3130 740 unicuique
3176 671 3474 726 secundum
3525 689 3692 740 opt-ra

2091 767 2226 836 ejus.
2262 766 2472 820 Reddet
2496 762 2714 816 omnino
2745 762 2887 814 Deus
2935 770 2990 815 et
3021 761 3160 814 mala
3194 776 3290 829 pro
3333 761 3514 828 malis,
3557 778 3668 829 quo

2095 859 2237 913 uiam
2257 859 2434 926 justus
2461 863 2563 918 est,
2604 861 2659 907 et
2690 852 2828 906 bona
2863 866 2961 918 pro
2993 851 3172 912 malis.
3219 854 3472 918 quoniam
3523 853 3698 904 bonus

2094 957 2201 1013 est,
2246 957 2302 1002 et
2355 946 2493 1000 bona
2544 957 2640 1011 pro
2699 942 2877 1006 bonis,
2942 940 3194 1008 quoniam
3250 942 3423 995 bonus
3473 951 3527 995 et
3584 942 3700 1008 jus-

2099 1048 2188 1094 tus
2246 1049 2357 1103 est;
2421 1033 2791 1090 tantummodo
2844 1032 2980 1085 mala
3040 1047 3136 1100 pro
3194 1032 3347 1086 bonis
3403 1048 3510 1086 non
3575 1032 3704 1086 red-

2099 1131 2214 1194 det,
2245 1129 2496 1199 quoniam
2526 1125 2754 1194 iujustus
2784 1138 2888 1177 non
2916 1135 3022 1177 εει.
3050 1122 3259 1176 Reddet
3281 1138 3410 1192 ergo
3435 1123 3573 1176 mala
3602 1138 3704 1190 pro

2102 1225 2280 1289 malis,
2312 1237 2524 1291 poenam
2555 1234 2652 1289 pro
2679 1218 2959 1286 injustitia,
2985 1225 3039 1271 et
3066 1215 3252 1270 reddet
3284 1217 3419 1269 bona
3453 1231 3546 1284 pro
3583 1230 3706 1268 ma-

2103 1317 2192 1382 lis,
2218 1316 2447 1386 gratiam
2473 1325 2570 1381 pro
2599 1308 2857 1378 injustitia
2883 1324 2898 1374 ;
2923 1317 2978 1363 et
3010 1307 3201 1362 reddet
3223 1307 3357 1361 bona
3394 1321 3493 1375 pro
3515 1307 3704 1372 bonis,

2106 1406 2331 1475 gratiam
2348 1417 2444 1472 pro
2469 1399 2664 1470 gratia.

2667 1478 2898 1534 CAPUT
2915 1478 3161 1533 CCXCII.

2111 1556 2248 1611 Bina
2267 1554 2504 1625 quwdam
2529 1551 2732 1625 dividit,
2767 1550 2928 1625 Posse
2952 1565 3052 1602 non
3086 1565 3310 1625 peccare,
3335 1559 3382 1601 et
3407 1548 3530 1625 Non
3556 1565 3709 1618 posse

2189 1619 2398 1695 peccare
2417 1622 2698 1695 ,°_similiter_
2727 1631 2774 1695 et
2819 1622 2881 1695 de
2910 1631 3101 1695 morte;
3145 1635 3209 1673 ex
3239 1619 3369 1695 libro
3397 1623 3457 1672 de
3485 1619 3710 1689 Correp-

2189 1688 2325 1748 tione
2352 1704 2400 1747 et
2418 1688 2607 1747 Gratia
2633 1692 2699 1743 ad
2735 1688 3067 1743 Valentinum
3093 1699 3139 1741 et
3167 1689 3464 1742 monachos.

411 1812 476 1848 na
528 1793 594 1846 ab
638 1793 717 1846 eis
766 1790 856 1859 qui
914 1788 1151 1840 fecerant
1201 1780 1364 1844 mala,
1417 1793 1525 1833 non
1573 1788 1632 1830 ut
1662 1780 2008 1843 perseverent

2186 1781 2325 1850 Quid
2378 1779 2482 1835 erit
2527 1787 2706 1834 autem
2756 1777 2980 1832 liberius
3011 1777 3179 1832 l-bero
3215 1777 3461 1842 arbitrio,
3491 1778 3711 1846 quando

412 1885 464 1936 in
490 1883 664 1945 malis,
696 1888 750 1933 et
777 1877 924 1932 reddi
958 1876 1058 1928 sibi
1107 1871 1416 1925 existiment
1462 1868 1622 1922 bona.
1665 1865 1782 1919 Non
1825 1865 2006 1932 itaque

412 1974 609 2027 debent
637 1971 838 2031 dicere,
857 1965 1139 2020 Faciamus
1163 1962 1304 2015 mala
1349 1968 1403 2011 ut
1443 1959 1662 2012 veniant
1697 1952 2002 2018 bona:sed,

416 2063 664 2117 Fecimus
678 2058 836 2122 mala,
864 2064 920 2110 et
941 2059 1206 2106 venerunt
1231 2051 1394 2111 bona,
1415 2048 1529 2115 jam
1554 2045 1817 2099 faciamus
1845 2043 2004 2105 bona,
2041 2119 2047 2126 _

416 2163 473 2204 ut
506 2150 559 2202 in
612 2147 791 2200 futuro
835 2144 1033 2199 saeculo
1064 2140 1388 2207 recipiamus
1416 2151 1514 2204 pro
1537 2135 1695 2188 bonis
1724 2134 1883 2192 bona,
1916 2134 2009 2200 qui

417 2245 474 2299 in
531 2243 632 2296 hoc
685 2239 883 2293 saeculo
925 2235 1213 2303 recipimus
1264 2247 1360 2300 pro
1389 2230 1545 2284 malis
1593 2229 1753 2282 bona.
1786 2227 2011 2294 PrOpter

415 2334 558 2406 quod
590 2334 844 2400 scriptum
875 2339 961 2384 est
983 2329 1034 2382 in
1060 2326 1296 2396 psalmo,
1328 2320 1747 2376 Misericordiam
1779 2329 1834 2374 et
1868 2316 2010 2385 judi-

417 2429 560 2482 cium
609 2425 838 2479 cantabo
867 2422 984 2484 tibi,
1040 2418 1288 2472 Domine.
1323 2416 1476 2470 Prius
1527 2415 1708 2482 itaque
1737 2428 1842 2465 nou
1893 2411 2011 2464 ideo

419 2516 748 2571 vcnitFilitts
779 2512 1008 2567 hominis
1030 2511 1081 2564 in
1110 2507 1390 2570 mundum,
1415 2515 1472 2560 ut
1498 2503 1703 2574 judicet
1731 2501 2007 2565 mundum,

421 2611 513 2665 sed
543 2619 595 2662 ut
626 2608 862 2662 salvetur
891 2603 1121 2657 mundus
1154 2617 1248 2670 per
1277 2600 1486 2668 ipsum:
1522 2597 1626 2651 hoc
1656 2603 1884 2666 propter
1913 2595 2014 2647 mi-

421 2700 765 2754 sericordiam
793 2714 805 2760 ;
836 2705 1021 2765 postea
1064 2706 1194 2747 vero
1227 2707 1319 2760 per
1345 2689 1605 2759 judicium
1645 2698 1902 2744 venturus
1931 2695 2015 2741 est

423 2793 661 2864 judicare
686 2793 833 2843 vivos
857 2798 912 2843 et
943 2798 1207 2840 mortuos.
1235 2782 1491 2850 Quamvis
1535 2789 1590 2836 et
1619 2781 1672 2835 in
1723 2779 1826 2834 hoc
1873 2788 2012 2833 tem-

429 2900 558 2953 pore
589 2884 701 2951 ipsa
757 2879 978 2935 salvatio
1006 2894 1112 2932 non
1146 2876 1238 2931 flat
1263 2873 1613 2944 sinejudicio,
1645 2872 1738 2928 sed
1760 2871 2011 2936 occulto;

430 2973 554 3028 ideo
568 2973 668 3025 ait:
692 2970 1012 3040 lnjudicium
1031 2968 1152 3022 veni
1177 2968 1229 3021 in
1255 2969 1395 3020 hunc
1411 2963 1693 3027 mundum,
1714 2971 1772 3016 ut
1793 2962 1881 3030 qui
1908 2976 2013 3015 non

426 3065 614 3118 vident
643 3061 1027 3129 videantetqui
1060 3058 1378 3113 videntcmci
1400 3058 1547 3110 fiant.
1566 3055 1644 3108 Ad
1663 3054 2015 3121 occultaergo

2109 1890 2215 1931 non
2277 1873 2473 1943 poterit
2527 1872 2731 1933 servire
2786 1878 3039 1940 peccato,
3093 1885 3214 1937 qua:
3267 1869 3441 1922 futura
3491 1879 3608 1923 erat
3653 1879 3708 1923 ct

2113 1965 2341 2032 homini,
2372 1965 2508 2019 sicut
2533 1964 2672 2018 facta
2693 1972 2776 2019 est
2799 1963 3003 2032 angelis
3028 1963 3248 2030 sanctis,
3275 1977 3483 2017 merces
3506 1978 3612 2016 met
3629 1964 3667 2015 it
3689 1964 3711 2016 2

2110 2059 2264 2114 Nunc
2311 2067 2488 2111 autem
2540 2071 2634 2126 per
2674 2065 2949 2125 peccatum
2997 2054 3206 2123 perdito
3239 2055 3376 2108 bono
3408 2069 3522 2108 mrr
3545 2063 3624 2116 to,
3660 2055 3711 2106 in

2111 2153 2196 2208 his
2243 2153 2332 2223 qui
2386 2152 2679 2206 liberantur
2729 2150 2927 2204 factum
2978 2160 3060 2204 est
3103 2151 3301 2202 donum
3346 2151 3558 2218 gratim,
3588 2165 3713 2219 qme

2111 2259 2317 2299 meroes
2342 2245 2515 2298 meriti
2549 2244 2722 2296 futura
2754 2251 2890 2296 erat.
2926 2242 3262 2310 Quapropter
3298 2242 3417 2294 bina
3452 2243 3550 2294 ista
3580 2243 3713 2311 quid

2112 2341 2252 2395 inter
2298 2351 2356 2389 se
2400 2333 2649 2388 differant
2693 2333 2976 2399 diligenter
3004 2341 3058 2385 et
3084 2332 3365 2400 vigilanter
3391 2334 3714 2384 itttuetttl.:tn

2112 2436 2195 2480 est
2227 2446 2239 2478 :
2270 2440 2426 2494 posse
2455 2439 2560 2478 non
2591 2437 2832 2492 peccare,
2863 2432 2915 2476 et
2946 2438 3052 2476 non
3082 2436 3240 2484 posse
3264 2435 3524 2492 peccare;
3554 2437 3716 2491 posse

2115 2531 2222 2572 non
2249 2515 2410 2580 mori,
2454 2524 2509 2569 et
2537 2530 2642 2568 non
2674 2528 2829 2583 posse
2871 2512 3035 2578 mori;
3071 2515 3266 2567 bonum
3296 2528 3453 2581 posse
3483 2531 3587 2568 non
3621 2514 3717 2569 de-

2114 2621 2316 2671 serere,
2345 2605 2540 2660 bonnm
2573 2619 2675 2657 non
2711 2618 2867 2671 posse
2896 2603 3166 2656 deserere.
3200 2602 3376 2657 Potuit
3419 2604 3564 2657 enim
3601 2619 3712 2657 non

2118 2711 2343 2765 peCcare
2397 2696 2598 2764 primus
2671 2693 2863 2758 homo,
2909 2694 3076 2762 potuit
3153 2709 3257 2746 non
3313 2694 3470 2757 mori,
3547 2695 3721 2762 potuit

2124 2788 2324 2842 bonum
2395 2800 2500 2839 non
2584 2784 2856 2838 deserere.
2935 2782 3184 2849 Nunquid
3253 2783 3444 2836 dicturi
3508 2798 3718 2848 sumus,

2125 2894 2231 2931 non
2268 2864 2441 2947 potuit
2485 2889 2712 2944 peccare
2751 2877 2840 2944 qui
2884 2874 2990 2928 tale
3035 2874 3267 2928 habebat
3311 2873 3535 2928 liberum
3581 2877 3724 2928 arbi-

2123 2968 2324 3021 trium?
2347 2976 2459 3033 aut,
2488 2982 2593 3021 non
2621 2967 2790 3034 potuit
2821 2967 2954 3018 mori
2980 2966 3060 3018 cui
3080 2964 3280 3019 dictum
3307 2975 3420 3019 est:
3445 2964 3501 3019 Si
3535 2982 3725 3034 pecca-

2121 3062 2283 3125 veris,
2330 3072 2503 3114 morte
2553 3057 2836 3112 morieris?
2867 3065 2977 3121 aut,
3012 3072 3117 3109 non
3149 3058 3320 3125 petuit
3342 3058 3541 3111 bonum
3565 3057 3726 3110 dese--

429 3156 524 3210 Dei
554 3153 749 3223 indm“
781 3159 1051 3216 τενθεδίίό
1084 3148 1300 3221 quamlo
1342 3147 1536 3202 Videtis
1583 3145 1637 3199 ίη
1696 3159 1801 3199 una
1857 3158 2015 3197 causa
2048 3129 2095 3192 Ο
2128 3166 2268 3215 rere,
2320 3166 2438 3205 cum
2475 3150 2572 3204 hoc
2610 3149 2884 3220 peccando
2905 3149 3227 3213 deseruerit,
3261 3160 3313 3202 et
3341 3147 3462 3202 ideo
3487 3163 3726 3203 mortuus

428 3264 586 3318 quam
619 3260 764 3303 certe
791 3246 1012 3310 habent,
1039 3256 1226 3298 omnes
1252 3241 1453 3311 parvuli
1481 3235 1881 3293 hereditarium
1915 3250 2020 3287 ma-

429 3341 539 3394 lum
572 3339 844 3393 trahentes
879 3353 944 3390 ex
989 3335 1180 3401 Adam,
1211 3333 1336 3386 huic
1381 3330 1652 3386 subveniri
1685 3336 1746 3382 ut
1785 3328 2024 3396 baptizc-

430 3438 550 3487 tur;
585 3428 660 3481 illi
691 3443 793 3480 non
827 3423 1127 3489 subveniri,
1162 3433 1218 3477 ut
1241 3424 1294 3475 in
1320 3423 1434 3488 ipsa
1466 3419 1792 3488 obligatione
1823 3416 2020 3470 moria-

431 3529 546 3572 tur:
579 3517 727 3569 illum
755 3515 1078 3581 baptizatum
1110 3511 1337 3578 relinqui
1367 3511 1420 3563 in
1443 3509 1542 3562 hac
1572 3508 1701 3573 vita,
1727 3507 1836 3576 67
1860 3519 2021 3574 quem

433 3604 704 3674 prmscivit
754 3602 893 3656 Deus
922 3601 1142 3670 impium
1187 3596 1449 3662 futurum,
1484 3597 1644 3651 istum
1669 3611 1800 3650 vero
1851 3596 2025 3664 bapti-

434 3703 612 3750 zatum
645 3695 755 3761 rapi
801 3709 866 3747 ex
900 3692 999 3746 huc
1031 3691 1160 3756 vita,
1193 3705 1258 3744 ne
1325 3689 1530 3742 malitia
1588 3696 1822 3741 mutaret
1865 3686 2026 3740 intel-

433 3789 629 3842 lectum
679 3785 830 3854 ejus:
870 3795 924 3838 et
970 3784 1136 3838 nolite
1174 3783 1224 3837 in
1257 3781 1376 3835 istis
1417 3780 1549 3834 dare
1593 3778 1908 3848 injustitiam
1941 3778 2025 3832 vel

433 3876 793 3945 insipientiam
822 3876 948 3933 Deo.
968 3874 1108 3942 apud
1129 3887 1288 3942 quem
1308 3871 1531 3940 jnstitia:
1561 3870 1681 3925 fons
1709 3879 1793 3924 est
1840 3879 1895 3925 et
1936 3885 2027 3925 sa-

440 3968 686 4038 pientiai;
719 3967 812 4021 sed
843 3967 981 4020 sicut
1008 3979 1104 4020 vos
1131 3964 1446 4018 exhortatus
1476 3979 1593 4019 sitm
1619 3963 1685 4018 ah
1713 3961 1867 4016 initio
1911 3976 2027 4016 ser-

442 4061 616 4115 monis
643 4059 820 4128 ltujus,
854 4060 907 4112 in
939 4057 1081 4126 quod
1134 4057 1474 4126 pervenistis,
1525 4055 1577 4108 in
1619 4070 1684 4110 eo
1727 4054 2028 4110 ambulate:

439 4160 494 4206 et
517 4152 617 4205 hoc
637 4164 852 4220 quoque
890 4148 1041 4203 vobis
1065 4148 1206 4202 Deus
1244 4145 1525 4214 revelabit,
1557 4147 1659 4200 etsi
1691 4161 1796 4198 non
1837 4146 1889 4199 in
1931 4144 2030 4200 hac

439 4244 569 4306 vita,
596 4251 742 4296 certe
767 4242 820 4296 in
850 4241 1017 4296 altera
1045 4277 1060 4303 ,
1085 4239 1216 4294 nihil
1259 4248 1344 4294 est
1383 4239 1524 4293 enim
1572 4239 1839 4293 occultum
1887 4238 2028 4308 quod

441 4348 549 4388 non
577 4334 926 4388 revelabitur.
960 4331 1182 4398 Quando
1211 4345 1340 4401 ergo
1379 4331 1575 4384 auditis
1617 4331 1901 4384 Dominum
1944 4331 2030 4384 di-

440 4434 680 4479 centem:
715 4423 827 4494 Ego
881 4422 1137 4476 Dominus
1169 4421 1356 4475 seduxi
1391 4421 1703 4490 prophetam
1762 4421 1944 4484 illum;
1979 4432 2033 4476 et

2123 3243 2217 3298 sit?
2241 3243 2417 3297 Prima
2442 3256 2571 3310 ergo
2599 3242 2818 3295 libertas
2835 3241 3126 3294 voluntatis
3145 3250 3262 3294 erat
3283 3255 3444 3310 posse
3473 3255 3578 3294 non
3603 3256 3724 3310 pee-

2122 3349 2269 3398 care,
2294 3334 2581 3388 novissima
2609 3336 2714 3387 erit
2738 3333 2906 3387 multo
2939 3333 3129 3402 major,
3154 3348 3260 3386 non
3293 3347 3452 3402 posse
3483 3348 3724 3402 peccare.

2136 3423 2316 3478 Prima
2373 3424 2746 3478 immortalitas
2789 3435 2904 3476 erat
2935 3437 3089 3492 posse
3120 3438 3222 3477 n0n
3247 3425 3408 3490 mori,
3445 3423 3725 3479 novissima

2128 3516 2235 3570 erit
2260 3514 2427 3568 multo
2456 3513 2648 3580 major,
2680 3528 2782 3566 non
2816 3525 2970 3582 posse
2998 3512 3151 3566 mori.
3181 3512 3360 3566 Prima
3387 3525 3503 3568 erat
3537 3530 3716 3583 perse-

2126 3607 2385 3661 verantim
2410 3611 2671 3674 potestas,
2700 3604 2898 3658 bonum
2927 3618 3081 3671 posse
3109 3619 3213 3657 non
3245 3605 3521 3670 deserere,
3550 3606 3723 3657 novis—

2127 3699 2261 3752 sima
2303 3696 2405 3751 erit
2465 3695 2880 3765 perseverantia:
2911 3697 3158 3762 felicitas,
3195 3697 3393 3750 bonum
3431 3712 3535 3750 non
3570 3711 3721 3764 posse

2127 3789 2400 3844 deserere.
2426 3787 2667 3858 Nunquid
2701 3789 2823 3856 quia
2847 3797 3006 3842 erunt
3035 3788 3176 3841 bona
3206 3788 3496 3841 novissima
3528 3787 3726 3856 petiota

2137 3890 2300 3949 atque
2352 3877 2600 3943 meliora,
2635 3878 2753 3933 ideo
2793 3877 3005 3932 fuerunt
3035 3879 3120 3932 illa
3147 3877 3434 3948 prima,\el
3461 3880 3625 3943 nulla,
3653 3890 3728 3942 vel

2134 3969 2333 4040 parva?
2381 3969 2617 4038 itemque
2671 3968 2784 4039 ipsa
2837 3969 3098 4037 adjutoria
3144 3968 3525 4038 distinguenda
3567 3981 3725 4024 sunt:

2132 4057 2287 4112 aliud
2343 4057 2667 4125 adjutorium
2720 4057 2836 4111 sine
2887 4075 2992 4126 quo
3021 4058 3222 4126 aliquid
3251 4074 3354 4112 non
3391 4059 3469 4118 fit,
3505 4069 3560 4111 et
3588 4059 3638 4111 al
3664 4059 3729 4111 ud

2141 4157 2227 4202 est
2281 4148 2602 4217 adjutorium
2649 4161 2755 4218 quo
2799 4148 3000 4216 aliquid
3059 4150 3134 4202 fit.
3169 4149 3299 4204 Nam
3323 4151 3442 4204 sine
3470 4151 3734 4204 alimentis

2148 4255 2255 4293 non
2272 4254 2552 4307 possumus
2565 4241 2764 4305 vivere,
2784 4253 2882 4294 nec
2901 4251 3074 4293 tamen
3088 4255 3209 4294 cum
3223 4240 3497 4296 adfuerint
3513 4242 3734 4295 alimen-

2146 4337 2220 4394 ta,
2246 4330 2325 4383 eis
2356 4329 2410 4383 fit
2435 4339 2494 4384 ttt
2520 4331 2662 4383 vivat
2695 4331 2783 4399 qui
2805 4330 2940 4384 mari
2964 4331 3208 4386 voluerit.
3246 4331 3384 4400 Ergo
3413 4333 3733 4400 adjutorium

2145 4421 2525 4476 alimentorum
2551 4431 2628 4476 est
2658 4422 2775 4476 sine
2804 4437 3029 4492 quonon
3081 4422 3140 4475 fit
3171 4437 3274 4476 non
3305 4438 3413 4492 quo
3442 4424 3498 4475 lit
3518 4437 3570 4476 ut
3597 4425 3735 4476 viva-

445 4515 587 4583 qnod
621 4514 694 4568 ait
725 4513 1048 4581 Apostolus:
1080 4511 1246 4581 Cujus
1271 4512 1384 4565 vult
1424 4511 1727 4576 miseretur,
1779 4521 1830 4566 et
1879 4528 2036 4580 quem
2067 4484 2121 4544 Β
2149 4528 2303 4579 mus;
2337 4523 2392 4566 at
2419 4529 2548 4568 vero
2598 4484 2871 4569 beatitudo
2896 4531 3054 4582 quam
3087 4532 3193 4570 non
3221 4484 3381 4569 habet
3404 4517 3587 4584 homo,
3617 4532 3733 4570 cum

445 4609 556 4661 vult
581 4609 838 4673 obdurat;
874 4608 924 4660 in
957 4621 1022 4661 eo
1067 4620 1227 4676 quem
1280 4604 1463 4658 seduci
1507 4605 1768 4672 permittit
1814 4605 1898 4660 vel
1942 4607 2044 4661 ob-

443 4699 646 4765 durari,
667 4703 802 4754 mala
819 4701 936 4769 ejus
955 4701 1142 4754 merita
1156 4695 1382 4753 credite.
1401 4699 1457 4753 ln
1480 4710 1545 4752 eo
1567 4712 1696 4754 vero
1708 4700 1859 4768 cujus
1885 4697 2048 4754 mise-

447 4798 614 4852 retur.
629 4791 851 4859 gratiam
874 4791 967 4845 Dei
983 4806 1087 4845 non
1105 4789 1379 4846 reddentis
1395 4791 1530 4845 mala
1549 4806 1645 4860 pro
1658 4794 1833 4858 malis,
1849 4795 1943 4848 sed
1961 4798 2048 4849 bo-

449 4896 512 4934 na
529 4894 623 4948 pro
637 4881 787 4935 malis
809 4882 1036 4936 ﬁdeliter
1050 4882 1478 4939 etindubitanter
1499 4886 1790 4955 agnoscite.
1807 4887 1913 4942 Nec
1927 4887 2049 4944 ideo

445 4971 698 5027 auferatis
714 4987 741 5024 a
763 4972 1277 5028 Pharaoneliberum
1297 4976 1599 5042 arbitrium,
1620 4977 1740 5046 quia
1758 4978 1942 5032 multis
1959 4979 2038 5033 lo-

444 5066 526 5120 cis
551 5065 868 5119 dicitDeus:
896 5063 1007 5134 Ego
1029 5065 1271 5119 induravi
1296 5067 1655 5133 Pharaonem,
1677 5070 1783 5135 vel,
1818 5068 2040 5124 Indura-

448 5157 496 5210 vi
529 5165 618 5209 aut
644 5155 904 5210 indurabo
930 5169 1024 5208 cor
1054 5154 1385 5222 Pharaonis;
1419 5174 1526 5213 non
1558 5161 1700 5215 enim
1753 5172 2038 5230 promere:

447 5247 565 5317 ipse
595 5246 804 5302 Pharao
835 5260 939 5300 non
966 5243 1229 5298 induravit
1260 5260 1354 5300 cor
1384 5263 1573 5302 suum:
1608 5265 1729 5305 nam
1757 5261 1813 5305 et
1843 5252 1942 5306 hoc
1972 5253 2039 5307 de

448 5337 540 5390 illo
562 5337 773 5407 legitur,
804 5334 1018 5405 quando
1047 5335 1222 5389 ablata
1255 5344 1337 5389 est
1364 5336 1432 5391 ab
1448 5337 1716 5409 Egyptiis
1742 5340 2031 5413 κυνάμυια,

447 5429 657 5484 dicente
686 5429 964 5498 Scriptura
997 5446 1009 5482 :
1045 5428 1110 5482 Et
1140 5429 1439 5498 ingravavit
1490 5430 1706 5485 Pharao
1735 5448 1829 5487 cor
1861 5449 2037 5499 suum,

450 5531 503 5572 et
534 5521 586 5575 in
614 5521 715 5576 isto
748 5532 1007 5590 tempore,
1041 5530 1095 5576 et
1121 5522 1289 5576 noluit
1317 5522 1590 5578 dimittere
1632 5525 1884 5592 populum
1913 5542 1927 5590 ;
1975 5539 2039 5579 ac

453 5625 544 5676 per
576 5611 674 5664 hoc
701 5621 754 5664 et
784 5611 922 5666 Deus
945 5611 1210 5667 induravit
1239 5629 1334 5683 per
1356 5614 1558 5683 justum
1577 5613 1864 5685 judicium,
1883 5628 1933 5670 et
1956 5615 2039 5683 ip-

452 5719 509 5756 se
542 5701 747 5756 Pharao
771 5701 910 5773 [per]
937 5704 1159 5759 liberum
1191 5707 1493 5765 arbitrium.
1522 5707 1666 5764 Certi
1698 5723 1827 5777 ergo
1863 5717 2038 5764 estote

2149 4603 2272 4658 data
2305 4605 2487 4672 fuerit,
2517 4607 2773 4659 continuo
2801 4607 2857 4659 lit
2879 4606 3088 4661 beatus.
3131 4606 3467 4676 Adjutoriutn
3487 4617 3571 4660 est
3600 4608 3736 4660 enim

2153 4713 2257 4751 non
2303 4697 2476 4751 solum
2527 4699 2645 4753 sine
2697 4713 2802 4767 quo
2857 4714 2964 4752 non
3016 4697 3092 4762 fit,
3140 4714 3327 4753 verum
3355 4700 3517 4753 etiam
3550 4716 3656 4767 qu-
3689 4701 3741 4752 lit

2154 4799 2373 4859 pr0pter
2411 4791 2550 4858 quod
2594 4792 2770 4844 datur.
2818 4790 3152 4860 Quapropter
3205 4791 3308 4846 hoc
3335 4792 3663 4860 adjutorium
3689 4801 3738 4846 et

2155 4894 2262 4948 quo
2293 4879 2346 4932 fit
2368 4888 2469 4944 est,
2506 4890 2558 4935 et
2595 4882 2712 4934 sine
2741 4895 2847 4948 quo
2873 4897 2977 4936 non
3009 4882 3086 4945 fit,
3120 4880 3245 4952 quia
3274 4891 3328 4936 et
3355 4883 3406 4936 si
3423 4882 3546 4935 data
3588 4881 3739 4935 fuerit

2155 4969 2361 5023 homini
2389 4970 2684 5037 beatitudo,
2717 4972 2975 5026 continuo
3004 4973 3060 5026 ﬁt
3083 4974 3290 5038 beatus;
3319 4983 3371 5027 et
3393 4972 3438 5027 si
3461 4973 3583 5026 data
3609 4990 3740 5026 nun-

2146 5078 2307 5132 quam
2343 5064 2804 5133 fuerit,nunquam
2824 5066 2949 5120 erit.
2987 5066 3253 5120 Alimenta
3275 5082 3403 5118 vero
3426 5081 3532 5119 non
3555 5080 3742 5118 consc-

2147 5162 2379 5223 queuter
2426 5153 2627 5208 faciunt
2664 5163 2721 5208 ut
2767 5155 2928 5208 homo
2957 5155 3121 5217 vivat,
3163 5156 3256 5209 sed
3289 5163 3466 5210 tamen
3497 5155 3616 5209 sine
3648 5155 3741 5207 iiiis

2149 5263 2253 5301 non
2306 5254 2481 5316 potest
2530 5249 2732 5302 vivere.
2783 5245 2966 5302 Primo
3012 5247 3190 5316 itaque
3221 5247 3443 5312 homini,
3477 5248 3566 5314 qui
3603 5248 3654 5299 in
3681 5260 3740 5300 et)

2148 5339 2290 5394 bono
2311 5354 2418 5408 quo
2444 5339 2610 5393 factus
2631 5347 2746 5394 erat
2772 5347 2951 5394 rectus
2978 5347 3255 5408 acceperat
3299 5353 3456 5408 posse
3484 5354 3590 5390 non
3623 5352 3734 5405 pec-

2152 5449 2295 5500 care,
2357 5448 2514 5503 posse
2577 5448 2684 5486 non
2735 5433 2892 5496 mori,
2947 5446 3105 5502 posse
3157 5433 3329 5501 ipsum
3389 5431 3590 5485 bonum
3641 5419 3737 5482 non

2151 5523 2421 5590 deserere,
2471 5521 2650 5576 datum
2682 5531 2768 5578 est
2805 5522 3132 5593 adjutorium
3163 5522 3610 5592 perseverantiaz,
3639 5535 3737 5573 non

2151 5631 2257 5686 quo
2315 5616 2468 5671 fieret
2491 5625 2549 5670 ut
2581 5625 2973 5684 perseveraret,
3001 5615 3096 5670 sed
3126 5615 3241 5670 sine
3264 5628 3371 5683 quo
3394 5628 3489 5683 per
3516 5612 3737 5668 liberum

2153 5709 2432 5765 arbitrium
2460 5725 2809 5781 perseverare
2835 5724 2938 5765 non
2961 5718 3136 5780 potest
3163 5705 3410 5779 [posset].
3445 5705 3594 5760 Nunc
3618 5717 3739 5758 vero
