4016 6184
284 305 392 359 997

1465 310 1907 370 TllESAUlil'S.
1948 306 2101 365 CAP.
2145 308 2412 367 CCXCIII.

3478 313 3584 368 998

282 413 496 467 salictis
540 413 595 468 in
624 429 847 486 regnum
877 414 972 469 Dei
1005 430 1098 485 per
1117 417 1343 487 gratiam
1375 418 1469 474 Dei
1502 422 1897 488 prazdestinatis
1929 426 1974 483 Α
2003 419 2161 472 etiam
2212 421 2629 488 perseveraturis
2676 424 2876 478 sanctis
2904 424 2983 481 sie
3008 425 3107 480 ista
3131 425 3400 492 dicttntur,
3429 443 3584 497 quasi

287 521 397 558 tum
428 507 533 560 tale
559 506 882 576 adjutorium
916 511 1327 576 perseverantia
1362 513 1541 578 datur,
1577 513 1671 568 sed
1705 515 1807 567 tale
1835 520 1892 566 ut

286 600 369 652 eis
416 601 818 668 perseverantia
858 601 971 669 ipsa
1021 603 1277 668 donetur;
1331 620 1438 659 non
1487 607 1656 660 Solum
1688 616 1743 660 ut
1773 607 1890 662 sine

286 691 393 744 isto
450 692 594 743 dono
649 703 1054 759 perseverantes
1096 708 1215 748 esse
1273 710 1378 749 non
1424 697 1650 765 possint,
1703 711 1886 751 verum

289 785 457 835 etiam
493 795 550 836 ιιι
581 799 674 850 per
703 784 802 838 hoc
841 785 1037 838 donum
1074 789 1286 842 nonnisi
1323 802 1731 858 perseverantes
1757 792 1885 843 sint.

285 873 406 927 Non
439 873 610 927 solum
632 879 777 929 enim
808 877 940 929 dixit
967 894 978 928 :
1005 877 1134 932 Sine
1162 895 1245 932 me
1270 881 1399 934 nihil
1431 884 1652 951 potestis
1675 882 1879 947 facere;

284 979 476 1017 vt-rum
527 968 688 1020 etiam
713 967 848 1021 dixit
894 985 906 1020 :
955 969 1067 1023 Non
1109 986 1203 1026 vos
1229 989 1314 1027 me
1351 975 1610 1047 elegistis,
1652 978 1744 1031 sed
1785 992 1884 1045 ego

283 1055 424 1122 elegi
474 1069 589 1122 vos,
636 1065 690 1110 et
727 1058 878 1124 posui
928 1075 1022 1112 vos
1046 1065 1264 1116 utentis
1293 1073 1346 1117 et
1372 1064 1599 1119 fructum
1627 1066 1881 1132 aﬁeratis,

287 1153 346 1197 et
418 1145 620 1199 fructus
673 1156 853 1200 vester
906 1161 1118 1203 maneat
1161 1169 1173 1205 :
1212 1153 1403 1221 quibus
1443 1158 1620 1211 verbis
1657 1158 1736 1210 eis
1776 1175 1880 1212 non

285 1234 459 1287 solum
485 1234 772 1304 justitiam,
803 1253 987 1293 verum
1029 1242 1190 1295 etiam
1215 1244 1266 1297 in
1309 1245 1397 1298 illa
1428 1251 1879 1315 perseverantiam

286 1338 351 1376 se
379 1323 591 1378 dedisse
621 1328 956 1381 monstravit.
989 1329 1203 1384 Christo
1230 1332 1370 1386 enim
1398 1337 1474 1388 sic
1511 1351 1607 1391 eos
1648 1350 1880 1405 ponente

288 1423 350 1466 ut
373 1423 518 1478 eant,
538 1425 592 1469 et
612 1415 839 1473 fructum
857 1418 1100 1484 aﬁ‘erant,
1125 1433 1179 1478 et
1201 1423 1402 1479 fructus
1425 1442 1613 1482 eorum
1641 1440 1878 1496 maneat,

287 1504 412 1572 quis
426 1506 621 1561 audeat
638 1507 837 1574 dicere,
869 1509 1113 1565 Forsitan
1134 1528 1237 1566 non
1262 1517 1531 1570 manebit?
1556 1518 1721 1587 Sinep
1738 1521 1879 1573 mni-

293 1601 464 1654 tentia
508 1613 629 1655 sunt
674 1602 818 1657 enim
862 1603 1003 1657 dona
1045 1614 1099 1659 et
1125 1609 1332 1663 voeatio
1366 1609 1492 1677 Dei,
1536 1612 1629 1666 sed
1665 1615 1877 1667 vocatio

284 1702 478 1743 eorum
523 1691 612 1760 qui
658 1693 952 1746 secundum
995 1698 1324 1763 propositum
1372 1700 1541 1754 vocati
1573 1709 1742 1755 sunt:
1776 1719 1874 1772 pro

1994 524 2088 563 ens
2154 524 2590 580 perseveraturns
2654 514 2914 570 habeatur
2970 517 3254 585 incertum,
3304 520 3413 589 68
3475 536 3581 574 non

1991 600 2148 653 aliter
2177 600 2290 655 hmc
2341 603 2527 658 audire
2570 603 2766 658 debent
2813 606 3008 673 quibus
3045 608 3259 677 expedit
3283 623 3389 663 non
3414 609 3582 665 altum

1991 706 2202 756 sai-rere,
2233 695 2324 747 sed
2364 695 2574 749 timere.
2615 697 2745 763 Quis
2786 700 2926 751 enim
2970 715 3036 752 ex
3075 699 3412 754 multitudine
3450 701 3582 756 ﬁde-

1989 783 2134 843 limn,
2169 786 2404 853 quandiu
2441 788 2492 839 in
2528 789 2626 842 hac
2671 789 2993 844 mortalitate
3022 792 3236 859 vivitur,
3272 792 3322 844 in
3353 807 3581 846 numero

1989 881 2487 947 prmdestinatorum
2516 899 2574 938 se
2601 899 2724 940 esse
2747 887 3066 954 prmsumat?
3089 887 3222 952 Quia
3247 888 3296 940 id
3319 888 3576 941 occultari

1985 983 2119 1033 Opus
2170 981 2250 1024 est
2292 971 2342 1024 in
2390 973 2489 1027 hoc
2520 975 2659 1039 loco,
2691 975 2776 1030 tibi
2824 978 2901 1030 sic
2930 977 3162 1031 cavenda
3191 986 3274 1031 est
3298 979 3488 1043 elatio,
3522 989 3578 1031 ut

1986 1069 2141 1112 ctam
2196 1077 2290 1128 per
2336 1063 2547 1116 Satanas
2596 1065 2870 1133 angelum,
2909 1083 2974 1120 ne
3002 1066 3369 1132 extolleretur,
3397 1076 3576 1120 tantus

1983 1154 2415 1219 colapbizaretnr
2432 1158 2742 1225 apostolus;
2770 1158 2892 1212 hinc
2909 1159 3165 1226 apostolis
3187 1159 3495 1214 dicebatur:
3517 1159 3575 1214 Si

1981 1247 2287 1300 maneritis
2325 1247 2376 1300 in
2424 1264 2530 1314 me,
2561 1249 2774 1304 dicente
2806 1250 2896 1303 illo
2919 1251 3007 1320 qui
3031 1265 3125 1306 eos
3157 1252 3341 1322 utique
3371 1252 3576 1306 sciebat

1981 1347 2101 1387 esse
2134 1350 2436 1402 mansuros,
2481 1347 2536 1393 et
2580 1354 2678 1408 per
2728 1341 3066 1409 prophetam,
3109 1341 3166 1396 Si
3214 1341 3492 1398 volueritis
3521 1350 3576 1396 et

1980 1424 2325 1480 obaudicritis
2342 1442 2426 1481 me
2443 1441 2563 1483 cum
2581 1429 2762 1500 utique
2783 1430 2944 1485 sciret
2965 1431 3076 1498 ipse
3093 1432 3145 1485 in
3167 1432 3360 1501 quibus
3385 1447 3576 1501 opera-

1984 1522 2132 1566 retur
2151 1523 2205 1567 et
2225 1515 2394 1582 velle;
2418 1525 2472 1571 et
2499 1518 2694 1571 similia
2719 1521 2880 1574 multa
2903 1519 3181 1586 dicuntur;
3207 1536 3328 1575 nam
3354 1530 3575 1590 propter

1979 1599 2137 1668 hujus
2167 1604 2447 1659 utilitatem
2475 1607 2690 1677 secreti,
2723 1623 2790 1663 ne
2815 1608 2952 1663 forte
2991 1611 3110 1678 quis
3131 1611 3439 1676 extollatur,
3469 1612 3564 1665 sed

1977 1706 2166 1747 omnes
2216 1696 2374 1749 etiam
2423 1698 2513 1766 qui
2546 1697 2684 1753 bene
2713 1709 2940 1754 currunt
2965 1704 3205 1767 timeant,
3234 1702 3360 1756 dum
3387 1705 3569 1756 occul-

286 1780 376 1835 his
428 1782 587 1851 igitur
641 1783 1014 1854 interpellante
1060 1787 1277 1844 Christo
1300 1806 1367 1845 ne
1389 1791 1601 1847 deﬁciat
1631 1795 1765 1850 ﬁdes
1787 1811 1871 1850 eo-

1982 1791 2092 1837 tum
2141 1795 2225 1840 est
2269 1789 2357 1855 qui
2399 1791 2746 1857 perveniant;
2801 1804 3017 1862 propter
3059 1794 3217 1862 hujus
3261 1810 3389 1863 ergo
3427 1795 3570 1849 util-

287 1884 434 1933 rum,
481 1873 597 1925 sine
646 1871 809 1927 dubio
840 1889 947 1928 non
993 1875 1207 1932 deﬁciet
1257 1893 1428 1949 usque
1476 1883 1531 1936 in
1584 1882 1765 1951 linem,
1814 1900 1878 1942 ac

289 1974 390 2028 per
443 1959 544 2014 hoc
597 1964 960 2030 perseverabit
992 1981 1158 2035 usque
1211 1968 1263 2021 in
1293 1969 1471 2035 linem,
1509 1987 1604 2026 nec
1624 1988 1742 2027 eam
1777 1976 1877 2030 nisi

288 2063 594 2106 manentem
639 2052 765 2107 vita:
815 2054 974 2122 hujus
1024 2057 1227 2112 invenit
1276 2059 1414 2113 linis.
1467 2060 1634 2130 Major
1681 2063 1878 2134 quippe

286 2140 508 2194 libertas
533 2151 616 2195 est
637 2145 941 2198 necessaria
963 2146 1224 2202 adversus
1255 2157 1328 2203 tot
1352 2160 1406 2205 et
1432 2162 1604 2208 tantas
1626 2160 1879 2212 tentatio—

288 2246 405 2296 nes,
437 2247 556 2300 qme
585 2233 636 2284 in
669 2233 918 2301 paradiso
949 2252 1052 2291 non
1087 2237 1325 2306 fuerunt,
1355 2242 1497 2296 dono
1529 2260 1876 2312 perseveran-

286 2321 375 2376 tia:
401 2323 598 2376 munita
621 2332 781 2392 atque
810 2326 1041 2394 ﬁrmata,
1074 2338 1129 2381 ut
1155 2344 1274 2384 cum
1301 2333 1551 2389 omnibus
1578 2339 1873 2405 amoribus,

285 2413 610 2478 terroribus,
642 2415 921 2471 erroribus
949 2420 1063 2473 suis
1085 2419 1332 2475 vincatur
1381 2423 1464 2478 hic
1495 2427 1744 2492 mundus,
1774 2429 1874 2488 hoc

285 2513 593 2560 sanctorum
651 2507 908 2576 martyria
937 2508 1255 2566 docuerunt.
1287 2513 1522 2584 Denique
1548 2516 1658 2582 ille,
1684 2528 1738 2573 et
1761 2530 1871 2576 ter-

285 2600 440 2652 rente
463 2595 630 2659 nullo,
685 2605 737 2650 et
779 2597 998 2668 insuper
1043 2610 1230 2655 contra
1282 2603 1374 2658 Dei
1423 2609 1674 2664 terrentis
1704 2610 1875 2678 impc-

287 2683 450 2749 rium,
482 2682 655 2737 libero
693 2701 862 2756 usque
887 2689 1112 2744 arbitrio
1141 2708 1246 2747 non
1271 2698 1415 2749 stetit
1442 2697 1492 2750 in
1523 2708 1666 2753 tanta
1697 2700 1872 2756 felici—

286 2782 420 2840 tate,
461 2774 512 2828 in
571 2783 716 2829 tanta
763 2792 867 2835 non
918 2781 1174 2847 peccandl
1223 2783 1515 2853 facilitate;
1550 2787 1638 2844 isti
1667 2800 1868 2858 autem,

286 2882 396 2921 non
449 2867 570 2921 dico
621 2879 851 2925 terrente
883 2873 1098 2938 mundo,
1130 2875 1223 2930 sed
1265 2878 1522 2934 saeviente
1548 2896 1614 2937 ne
1644 2892 1869 2950 starent,

284 2969 551 3018 steterunt
584 2961 636 3015 in
681 2963 783 3016 ﬁde
813 2981 825 3016 :
857 2979 978 3018 cum
1034 2967 1242 3023 videret
1287 2971 1376 3027 ille
1417 2972 1554 3027 bona
1585 2979 1870 3041 praesentia

286 3066 408 3120 qua:
459 3052 629 3109 fuerat
659 3056 965 3127 relicturus,
999 3059 1089 3114 isti
1111 3060 1282 3116 futura
1307 3080 1425 3132 qua:
1448 3069 1718 3134 accepturi
1749 3069 1866 3124 fue-

1984 1881 2143 1926 tatem
2177 1877 2392 1942 secreti,
2427 1879 2754 1934 credendum
2801 1893 2881 1935 est
2911 1886 3169 1952 quosdam
3199 1888 3265 1943 de
3295 1891 3413 1944 filiis
3447 1907 3569 1960 per-

1980 1961 2214 2025 ditionis,
2275 1980 2378 2018 non
2424 1978 2646 2036 accepto
2695 1969 2838 2023 dono
2892 1977 3266 2039 perseverandi
3301 1995 3470 2048 usque
3512 1985 3564 2036 in

1981 2056 2166 2120 ﬁnem,
2191 2059 2240 2111 in
2268 2059 2393 2124 ﬁde,
2410 2076 2528 2130 qua:
2552 2076 2646 2130 per
2670 2063 3009 2118 dilectionem
3035 2079 3305 2136 operatur,
3330 2071 3565 2142 incipere

1979 2151 2178 2215 vivere,
2237 2162 2289 2205 et
2336 2153 2642 2222 aliquandiu
2694 2155 2923 2210 ﬁdeliter
2973 2172 3034 2212 ac
3080 2159 3226 2229 juste
3271 2169 3471 2232 vivere,
3511 2180 3566 2223 et

1979 2251 2159 2308 postea
2201 2241 2422 2305 cadere;
2453 2258 2626 2312 neque
2666 2245 2732 2298 de
2765 2245 2865 2299 hac
2896 2247 3000 2300 vita
3033 2252 3340 2321 priusquam
3367 2257 3466 2310 hoc
3489 2261 3568 2314 eis

1975 2333 2246 2398 contingat
2318 2330 2538 2396 auferri,
2592 2347 2820 2401 quorum
2874 2335 2920 2389 si
2973 2340 3174 2393 nemini
3230 2344 3567 2416 contigisset,

1976 2422 2158 2475 tandiu
2191 2422 2451 2478 haberent
2498 2423 2742 2479 homines
2769 2425 2928 2480 istum
2967 2429 3374 2490 saluberrimum
3409 2439 3563 2495 timo-

1975 2526 2087 2566 rem
2107 2528 2210 2579 quo
2235 2512 2414 2566 vitium
2436 2513 2685 2569 elationis
2707 2516 3051 2586 opprimitur,
3073 2519 3246 2575 donec
3267 2523 3334 2577 ad
3360 2526 3564 2584 Christi

1973 2603 2220 2671 gratiam,
2264 2620 2368 2674 qua
2425 2608 2510 2674 pie
2537 2609 2757 2676 vivitur,
2787 2614 3146 2681 pervenirent,
3179 2615 3433 2690 deinceps
3448 2622 3560 2691 jam

1972 2695 2147 2750 securi
2188 2712 2453 2766 nunquam
2507 2715 2567 2754 se
2594 2701 2661 2756 ab
2705 2702 2794 2757 illo
2821 2718 2941 2760 esse.
2976 2721 3197 2764 casuros
3229 2725 3246 2763 :
3273 2726 3391 2781 qua:
3425 2731 3563 2784 prun

1971 2789 2205 2857 sumptio
2259 2790 2312 2844 in
2369 2792 2471 2846 isto
2528 2794 2878 2850 tentationum
2926 2799 3044 2852 loco
3071 2813 3176 2854 non
3206 2803 3442 2873 expedit,
3473 2809 3562 2863 ubi

1972 2889 2118 2934 tanta
2162 2890 2247 2936 est
2285 2882 2583 2949 inﬁrmitas,
2630 2893 2690 2940 ut
2734 2887 3040 2956 superbiam
3094 2891 3264 2956 possit
3300 2909 3562 2962 generare

1971 2976 2256 3029 securitas.
2285 2977 2524 3047 Denique
2550 2981 2710 3034 etiam
2736 2980 2835 3035 hoc
2866 2983 2986 3046 erit,
3012 2984 3106 3039 sed
3139 2995 3263 3040 tunc
3287 2989 3431 3056 quod
3447 2990 3560 3058 jam

1969 3077 2000 3117 e
2033 3074 2050 3116 ι
2106 3066 2156 3116 in
2189 3066 2394 3136 angelis
2433 3069 2596 3123 etiam
2630 3070 2683 3124 in
2715 3070 3023 3128 hominibus
3052 3077 3175 3142 erit,
3226 3083 3438 3147 quando
3466 3097 3559 3136 sn-

289 3150 432 3206 rant,
486 3158 590 3196 non
644 3145 919 3214 viderent;
972 3151 1113 3204 unde
1155 3151 1279 3219 hoc,
1333 3154 1432 3208 nisi
1463 3157 1695 3212 donante
1719 3159 1810 3214 illo
1838 3177 1868 3215 a
1899 3144 1945 3206 C
1977 3155 2154 3223 Pel'bia
2179 3157 2283 3210 ulla
2312 3172 2434 3212 esse
2464 3173 2568 3212 non
2593 3162 2810 3228 poterit.

289 3246 396 3300 quo
443 3233 866 3294 mi~ericordjam
920 3241 1195 3295 consecuti
1217 3254 1340 3296 sunt
1368 3254 1422 3298 ut
1452 3244 1636 3301 ﬁdele.-
1666 3258 1870 3315 essent,

287 3337 321 3387 a
370 3338 476 3392 quo
519 3337 839 3395 acceperunt
870 3329 1126 3398 Spiritum
1157 3347 1261 3387 non
1292 3334 1518 3402 timoris,
1551 3353 1658 3407 quo
1687 3355 1872 3409 perse-

285 3414 576 3480 quentibus
605 3417 886 3483 cederent,
921 3420 1015 3474 sed
1047 3422 1256 3478 virtutis
1285 3432 1337 3478 et
1367 3426 1640 3482 cbaritatis
1669 3440 1724 3484 et
1743 3446 1872 3487 con-

289 3507 551 3567 liuentiaa,
604 3524 708 3577 quo
755 3521 944 3566 cuneta
1002 3515 1280 3582 minantia,
1334 3528 1527 3573 cuncta
1569 3522 1865 3588 invitantia,

284 3608 480 3653 cuncta
528 3603 772 3658 cruciant
801 3618 832 3657 a
879 3618 1217 3673 superarent.
1253 3609 1479 3681 llliergo
1504 3614 1620 3669 sine
1651 3625 1870 3682 peccato

288 3689 400 3742 ullo
423 3691 541 3743 data
565 3701 648 3746 est
670 3709 790 3748 cum
815 3710 917 3763 qua
948 3698 1191 3751 conditus
1218 3711 1300 3753 est
1325 3703 1574 3758 voluntas
1594 3704 1780 3770 libera,
1815 3718 1869 3761 et

284 3797 408 3835 eam
461 3783 584 3839 fecit
635 3787 839 3841 servire
869 3799 1106 3856 peccato;
1155 3790 1344 3846 horum
1375 3808 1506 3848 vero
1529 3809 1649 3848 cum
1681 3796 1870 3852 fuisset

284 3875 534 3930 voluntas
590 3891 742 3932 serva
797 3881 1022 3948 peccati,
1083 3881 1300 3937 liberata
1347 3893 1430 3938 est
1478 3900 1572 3953 per
1602 3886 1748 3940 illum
1777 3889 1867 3957 qui

285 3964 429 4018 dixit
453 3984 465 4018 :
493 3966 547 4022 Si
572 3981 664 4022 vos
683 3968 850 4024 Filius
867 3971 1195 4037 liberaverit,
1217 3985 1340 4031 tunc
1359 3991 1482 4032 vere
1504 3978 1657 4034 liberi
1683 3981 1864 4046 eritis;

286 4063 342 4108 et
366 4055 636 4122 accipiunt
669 4065 869 4113 tantam
895 4076 988 4128 per
1017 4065 1172 4118 istam
1204 4067 1426 4135 gratiam
1459 4068 1778 4136 libertatem,
1809 4081 1869 4126 ut

284 4145 531 4210 quamvis
561 4148 796 4214 quandiu
829 4151 914 4204 hic
945 4152 1149 4219 vivunt,
1187 4165 1422 4223 pugnent
1443 4169 1628 4213 contra
1657 4176 1866 4220 concu-

287 4235 578 4300 piscentias
628 4249 993 4309 peccatorum,
1041 4247 1228 4313 eisque
1270 4251 1523 4304 nonnulla
1573 4255 1864 4323 subrepant

284 4335 508 4395 prepter
555 4344 675 4396 qua:
723 4331 903 4387 dieant
945 4338 1210 4404 quotidie,
1261 4341 1475 4398 Dimitte
1506 4345 1658 4399 nobis
1686 4347 1862 4405 debita

285 4427 494 4483 nostra,
524 4434 629 4478 non
677 4432 852 4478 tamen
884 4426 1020 4480 ultra
1053 4430 1287 4484 sertiant
1330 4444 1569 4502 peccato,
1611 4440 1751 4507 quod
1782 4451 1864 4496 est

2496 3266 2722 3324 CAPUT
2761 3271 3028 3327 CCXCIll.

1977 3354 2128 3422 Quod
2149 3373 2238 3410 nec
2263 3359 2429 3428 gratia
2453 3361 2712 3441 prohibeat
2747 3367 3137 3443 correptionem,
3183 3384 3272 3422 nec
3302 3374 3556 3443 correptio

2417 3432 2634 3498 gratiam
2659 3446 2678 3493 ξ
2708 3448 2772 3485 ea;
2798 3434 2974 3486 eodem
2995 3437 3146 3490 libro.

2045 3518 2101 3572 Si
2156 3519 2300 3573 enim
2354 3521 2640 3589 aliquando
2683 3524 2874 3579 timore
2931 3541 3036 3581 non
3085 3531 3434 3599 corripimus,
3487 3550 3558 3591 ne

1973 3612 2168 3681 aliquis
2191 3613 2314 3668 inde
2335 3624 2538 3682 pert-at,
2563 3632 2661 3671 cur
2685 3633 2790 3671 non
2817 3619 2977 3673 etiam
3004 3621 3195 3678 timore
3213 3626 3557 3695 corripimus,

1975 3718 2042 3759 ne
2056 3705 2248 3774 aliquis
2271 3706 2395 3761 inde
2418 3709 2534 3775 plus
2565 3717 2749 3776 pereat
2777 3710 2800 3761 ?
2829 3709 3016 3778 Neque
3051 3713 3194 3767 enim
3247 3716 3558 3775 dilectionis

1973 3796 2177 3850 viscera
2206 3800 2404 3865 majora
2439 3808 2732 3868 gestamus,
2757 3815 2916 3870 quam
2941 3802 3129 3857 beatus
3158 3809 3436 3873 apostolus
3461 3814 3555 3880 qui

1971 3886 2103 3940 dicit
2123 3904 2136 3939 :
2154 3887 2424 3955 Corripite
2451 3889 2739 3957 inquietos,
2768 3891 3125 3947 consolamini
3152 3896 3551 3967 pusillanimes,

1971 3977 2230 4045 suscipite
2253 3977 2521 4043 inﬁrmos,
2551 3979 2819 4048 patientes
2842 3989 3016 4035 estote
3039 3983 3103 4036 ad
3129 3998 3351 4052 omnes;
3379 3988 3558 4045 videte

1972 4082 2040 4122 ne
2061 4067 2180 4137 quis
2199 4067 2396 4121 malum
2419 4083 2514 4136 pro
2542 4068 2683 4122 malo
2704 4068 2860 4124 alicui
2885 4070 3096 4137 reddat;
3131 4075 3218 4128 ubi
3250 4076 3556 4147 intelligen-

1970 4157 2097 4210 dum
2146 4165 2250 4221 est,
2282 4166 2408 4212 tunc
2441 4157 2616 4226 potius
2665 4159 2865 4212 malum
2915 4176 3013 4230 pro
3064 4163 3206 4218 malo
3255 4167 3445 4233 reddi,
3505 4171 3551 4224 si

1969 4246 2344 4314 corripiendus
2374 4262 2478 4301 non
2525 4248 2838 4316 corripitur,
2890 4250 2983 4305 sed
3032 4267 3190 4339 prava
3241 4256 3551 4314 dissimula-

1971 4339 2114 4392 tione
2135 4339 2440 4408 negligitur.
2478 4339 2614 4393 Dicit
2643 4340 2808 4405 euim,
2864 4341 3155 4398 Peccantes
3196 4361 3377 4400 coram
3433 4364 3550 4403 om-

1969 4429 2126 4485 nibus
2154 4431 2386 4500 corripe,
2415 4440 2474 4485 ut
2516 4433 2698 4488 ereteri
2726 4434 2976 4489 timorem
3005 4437 3267 4504 habeant;
3302 4443 3441 4509 quod
3486 4445 3555 4499 de

286 4507 354 4562 ad
407 4521 657 4576 mortem,
712 4513 778 4570 de
819 4532 925 4584 quo
975 4517 1104 4572 dicit
1159 4519 1390 4578 Joannes
1421 4530 1740 4594 apostolus:
1776 4531 1868 4588 Est

1977 4521 2056 4573 bis
2087 4521 2318 4588 peccatis
2359 4521 2728 4590 accipiendum
2771 4534 2856 4578 est
2905 4540 3024 4594 qua;
3072 4542 3176 4581 non
3218 4507 3420 4595 latent,
3482 4550 3550 4588 ne

285 4611 562 4667 peccatum
613 4605 680 4660 ad
728 4619 989 4673 mortem;
1045 4628 1148 4666 non
1200 4630 1296 4684 pro
1353 4617 1445 4673 illo
1482 4620 1604 4676 dico
1635 4633 1692 4677 ut
1721 4637 1872 4697 roget

282 4691 426 4758 quis.
463 4692 534 4746 De
565 4709 672 4762 quo
715 4709 955 4764 peccato,
997 4705 1250 4769 quoniam
1284 4722 1388 4760 non
1416 4723 1731 4777 expressum
1763 4691 1866 4783 est,

285 4793 510 4852 possunt
532 4787 696 4840 multa
722 4796 777 4842 et
819 4788 1028 4845 diversa
1078 4795 1288 4851 sentiri.
1317 4797 1428 4867 Ego
1451 4811 1628 4855 autem
1659 4803 1782 4860 dico
1815 4807 1869 4862 id

279 4887 403 4930 esse
427 4886 722 4944 peccatum,
755 4879 934 4944 ﬁdem,
958 4896 1077 4952 qure
1105 4900 1199 4954 per
1225 4888 1570 4946 dilectionem
1594 4906 1868 4966 operatur,

278 4963 532 5020 deserere
561 4981 730 5038 usque
772 4969 837 5024 ad
874 4981 1098 5026 mortem
1131 4991 1146 5031 :
1177 4974 1299 5032 huic
1328 4990 1544 5048 peccato
1574 4983 1711 5037 ultra
1762 4963 1866 5042 non

277 5053 543 5120 serviunt,
596 5073 700 5113 non
749 5061 918 5128 prima
961 5065 1269 5122 conditione
1295 5070 1435 5124 sicut
1461 5071 1537 5127 illi
1569 5074 1744 5139 liberi,
1773 5077 1864 5132 sed

277 5157 374 5212 per
421 5147 717 5203 secundum
748 5151 915 5207 Adam
944 5154 1034 5210 Dei
1077 5159 1248 5227 gratia
1278 5159 1510 5230 liberati,
1537 5173 1591 5218 et
1614 5164 1710 5220 ista
1736 5168 1867 5224 libe-

276 5235 489 5290 ratione
519 5237 780 5297 habentes
799 5242 1021 5299 liberum
1047 5248 1324 5303 arbitrium
1349 5267 1453 5321 quo
1469 5256 1708 5311 serviant
1733 5259 1860 5325 Deo,

275 5339 383 5379 non
415 5341 522 5395 quo
569 5330 908 5400 captiveutur
935 5348 964 5388 a
989 5337 1222 5391 diabolo.
1253 5339 1481 5396 Liberali
1513 5345 1655 5399 enim
1678 5363 1708 5402 a
1739 5363 1863 5416 pec-

272 5427 420 5482 cato,
454 5419 591 5472 servi
639 5430 764 5476 sunt
800 5421 924 5478 facti
968 5424 1210 5496 justitiae,
1245 5429 1295 5483 in
1329 5447 1430 5500 qua
1459 5435 1675 5491 stabunt
1697 5453 1863 5508 nsque

270 5506 326 5559 in
373 5507 557 5575 ﬁnem,
600 5510 834 5569 donante
863 5515 963 5570 sibi
1011 5523 1463 5586 perseverantiam
1495 5523 1589 5580 illo
1627 5525 1716 5595 qui
1770 5506 1864 5585 eos

273 5598 544 5664 prrescivit
573 5611 626 5656 et
671 5605 1091 5675 prmdestinavit,
1123 5619 1174 5664 et
1207 5616 1501 5670 secundum
1532 5619 1862 5688 propositum

275 5692 504 5760 vocavit,
530 5703 585 5748 et
627 5696 953 5767 justiﬁcavit,
985 5713 1038 5757 et
1084 5703 1420 5774 gloriﬁcavit.
1475 5711 1626 5777 Quod
1681 5723 1857 5770 autem

1972 4622 2155 4664 contra
2191 4611 2398 4666 Domini
2427 4616 2748 4669 sentent'am
2778 4623 2993 4683 putetur
3023 4616 3261 4684 locutus;
3289 4621 3381 4677 ille
3407 4627 3552 4683 enim

1973 4698 2223 4755 dicit:Si
2251 4703 2551 4768 peccaverit
2581 4704 2634 4758 in
2680 4712 2731 4758 te
2761 4704 2928 4760 frater
2974 4717 3115 4772 tuus,
3162 4714 3375 4783 corripe
3424 4730 3550 4773 eum

1976 4791 2113 4845 inter
2141 4803 2194 4846 te
2215 4801 2271 4846 et
2297 4793 2492 4861 ipsum.
2534 4796 2913 4851 Verumtamen
2941 4807 2995 4853 et
3037 4800 3152 4869 ipse
3203 4807 3556 4864 severitatem

1973 4884 2329 4951 correptionis
2355 4900 2592 4955 eotisque
2616 4888 2861 4956 perducit
2882 4891 3098 4946 utdicat
3123 4893 3212 4948 :Si
3233 4911 3332 4952 nec
3367 4898 3558 4955 Eccle-

1971 4975 2373 5041 siamaudierit,
2399 4978 2462 5032 sit
2488 4979 2578 5032 tibi
2604 4987 2852 5049 tanquam
2871 4981 3120 5039 ethnicus
3142 4989 3554 5056 etpublicanus:

1971 5078 2027 5124 et
2054 5072 2175 5139 quis
2204 5072 2371 5140 magis
2399 5071 2583 5126 dilexit
2609 5073 2852 5130 infirmos
2875 5091 3035 5144 quam
3069 5078 3160 5134 ille
3182 5082 3271 5150 qui
3303 5096 3400 5150 pro
3437 5097 3556 5136 om-

1972 5163 2128 5216 nibus
2146 5172 2230 5216 est
2256 5163 2428 5218 factus
2458 5163 2722 5228 inﬁrmus,
2741 5175 2796 5221 et
2835 5183 2931 5237 pro
2955 5172 3206 5225 omnibus
3225 5187 3294 5225 ex
3329 5174 3441 5240 ipsa
3471 5184 3553 5229 est

1972 5253 2285 5307 inﬁrmitate
2315 5256 2639 5309 crucifixus?
2665 5256 2795 5322 Quae
2839 5273 2960 5313 cum
2987 5262 3054 5313 ita
3083 5261 3212 5324 sint,
3255 5275 3352 5314 nec
3375 5263 3548 5329 gratia

1973 5344 2218 5412 prohibet
2246 5347 2667 5414 correptionem,
2694 5362 2795 5402 nec
2818 5351 3088 5418 correptio
3105 5360 3264 5419 negat
3284 5351 3548 5420 gratiam:

1967 5445 2021 5491 et
2051 5435 2171 5491 ideo
2199 5437 2278 5491 sic
2317 5445 2397 5492 est
2451 5440 2806 5510 praecipienda
2848 5441 3056 5510 justitia
3082 5481 3098 5506 ,
3147 5451 3205 5495 ut
3233 5457 3262 5496 a
3297 5443 3404 5498 Deo
3429 5461 3553 5514 gra-

1969 5529 2063 5594 tia,
2118 5543 2221 5599 qua
2275 5528 2328 5584 id
2378 5531 2518 5600 quod
2579 5531 2891 5601 praecipitur
2943 5531 3063 5594 ﬁat,
3111 5531 3257 5588 ﬁdeli
3305 5536 3551 5591 oratione

1969 5629 2250 5690 poscatur:
2281 5630 2336 5677 et
2355 5621 2456 5678 hoc
2487 5632 2773 5694 utrumque
2803 5624 2873 5678 ita
2915 5623 3214 5680 faciendum
3239 5635 3346 5693 est,
3369 5636 3428 5682 ut
3456 5644 3552 5683 ne-

1968 5730 2072 5782 que
2096 5713 2238 5784 jnsta
2267 5716 2536 5786 correptio
2569 5715 2888 5786 negligatur,
2915 5716 3093 5771 omnia
3126 5733 3253 5774 vero
3281 5718 3395 5775 lucc
3419 5734 3548 5775 cum
