3986 6190
384 310 487 365 999

1462 301 1523 357 D.
1568 297 1887 355 EUGYPPII
1929 292 2221 350 ABBATIS
2260 290 2587 347 AFRICANI

3520 292 3663 347 1000

385 422 647 479 charitate
672 420 799 475 fiant
853 438 868 475 ε
914 416 1167 487 quoniam
1217 410 1449 469 chari'ns
1479 428 1579 466 nec
1625 411 1751 466 facit
1777 426 1963 481 pecca-
1994 412 2042 471 Α
2069 414 2174 468 cat,
2208 406 2408 460 ldcoex
2427 405 2555 471 fide,
2571 402 2933 458 utsecundum
2948 401 3170 471 gratiam
3187 400 3335 454 firma
3353 401 3660 467 sitpromis-

387 525 521 579 tum,
552 524 610 570 et
632 515 807 584 operit
835 509 1232 566 multitudinem
1262 517 1627 571 peccatorum.

917 619 1144 673 CAPUT
1183 614 1453 669 CCXCIV.

390 719 470 772 De
494 715 935 789 prmdextinatioue
964 726 1075 774 qua:
1108 726 1205 761 non
1232 707 1382 789 possit
1415 720 1523 783 esse
1564 706 1671 755 sine
1695 702 1965 789 pri-escit?!-

468 774 556 850 ιῖιι,
590 784 908 853 prrescientiu
948 797 1067 853 tero
1110 781 1263 845 possit
1299 794 1403 830 esse
1430 780 1537 827 sine
1564 774 1968 843 pt'a’detlinutio-

459 874 520 909 ne
545 874 561 919 ;
590 850 654 909 ex
678 856 806 906 ϋέϊο
838 854 903 903 «ιιι
934 850 1270 921 l’rospcrum.

478 963 888 1020 Ριοίιειιεειίιιηιίο
958 970 1044 1016 est
1109 976 1226 1026 qua:
1276 959 1393 1012 sine
1456 956 1789 1025 prmscientia
1862 969 1967 1007 non

391 1066 571 1127 potest
610 1071 751 1119 esse,
809 1064 985 1123 potest
1014 1062 1192 1105 autem
1250 1066 1369 1104 esse
1425 1050 1544 1103 sine
1613 1047 1967 1115 pra'destina-

386 1154 532 1206 tione
562 1151 919 1219 prmscientia.
950 1145 1419 1200 [‘rardestinatioue
1471 1143 1666 1209 quippe
1720 1140 1858 1192 Deus
1904 1151 1967 1191 ea

388 1244 653 1313 prmscivit
681 1256 797 1309 qua:
831 1240 1000 1292 fuerat
1025 1239 1138 1305 ipse
1166 1236 1425 1297 facturus,
1461 1234 1600 1286 unde
1624 1232 1822 1284 dictum
1852 1237 1966 1282 est:

390 1334 539 1389 Fecit
565 1348 683 1401 quae
716 1331 892 1384 futura
926 1337 1072 1382 sunt.
1118 1327 1373 1380 Praascire
1425 1334 1604 1376 autem
1656 1331 1843 1390 potens
1885 1326 1971 1373 est

387 1425 547 1479 etiam
579 1436 696 1491 qua:
726 1421 841 1488 ipse
872 1433 975 1471 non
1012 1417 1154 1479 facit,
1181 1416 1322 1469 sicut
1349 1426 1682 1482 quaecunque
1726 1417 1965 1478 peccata,

385 1516 507 1585 quia
538 1514 641 1567 etsi
674 1520 801 1566 sunt
848 1510 1092 1579 quaadam
1116 1524 1233 1576 qua:
1266 1508 1334 1559 ita
1369 1514 1585 1575 peccata
1613 1515 1735 1558 sunt
1766 1511 1823 1555 ut
1854 1518 1966 1567 pte-

388 1624 470 1662 na:
499 1607 606 1660 sint
627 1606 786 1659 etiam
814 1613 1177 1672 peccatorum,
1199 1599 1341 1652 unde
1369 1598 1568 1652 dictum
1594 1607 1678 1651 est
1700 1592 1970 1650 :'l‘radidit

387 1700 514 1753 illos
544 1699 683 1752 Deus
716 1696 767 1749 in
803 1692 1086 1762 reprobam
1120 1700 1379 1753 mentem,
1413 1697 1467 1741 ut
1499 1687 1691 1740 faciant
1718 1702 1833 1753 qua:
1864 1699 1968 1737 non

2071 495 2173 557 sio,
2204 494 2371 548 miror
2402 494 2645 549 homines
2672 494 2968 548 infirmitati
2997 510 3106 546 sua:
3132 507 3191 546 se
3216 496 3375 546 malle
3404 495 3657 547 cutmnit-

2072 598 2206 653 tere,
2238 603 2399 656 quam
2426 587 2661 641 firmitati
2687 588 3053 657 promissionis
3070 586 3183 638 Dei.
3203 585 3305 639 Sed
3337 586 3537 639 incerta
3566 594 3656 640 est

2071 678 2223 743 ntihi,
2247 679 2437 746 inquit,
2457 678 2523 732 de
2547 677 2753 746 nteipsu
2776 678 3016 730 voluntas
3044 676 3157 730 Dei.
3182 677 3319 743 Quid
3347 677 3509 742 ergo?
3533 688 3658 730 lua-

2073 789 2140 826 ne
2173 774 2264 826 tibi
2300 773 2547 826 voluntas
2587 772 2654 825 de
2686 772 2855 839 teipso
2883 782 3028 824 certa
3059 781 3162 833 est,
3197 785 3294 824 nec
3319 772 3473 823 times
3499 813 3515 836 ,
3548 772 3649 839 qui

2072 865 2280 917 videtur
2304 874 2446 917 stare
2472 865 2653 917 timeat
2681 860 2900 935 [videat]
2950 876 3017 916 ne
3056 862 3261 915 cadat?
3308 859 3438 914 Cutn
3491 863 3660 931 igitur

2072 965 2294 1023 utraque
2323 956 2523 1009 incerta
2540 954 2627 1017 sit,
2651 969 2745 1008 cur
2759 970 2862 1007 non
2889 955 3050 1006 homo
3073 953 3295 1007 lirmiori
3313 969 3472 1022 quant
3494 954 3649 1005 infir-

2087 1043 2245 1097 tniuri
2273 1043 2429 1096 fidem
2457 1058 2631 1109 suam,
2660 1058 2833 1111 spem,
2866 1041 3289 1110 charitatemque
3320 1045 3607 1097 committit
3630 1046 3657 1093 ἲ

2074 1132 2178 1188 Sed
2201 1148 2320 1185 cum
2345 1132 2560 1195 dicitur,
2588 1135 2848 1202 inquiunt.
2883 1132 2938 1186 Si
2968 1133 3282 1195 credideris,
3312 1138 3488 1187 salvus
3518 1135 3653 1199 eris,

2072 1238 2233 1276 unum
2267 1224 2455 1275 horum
2485 1222 2733 1290 exigitur,
2784 1222 3009 1275 alterum
3042 1224 3298 1277 offertur:
3348 1222 3487 1290 quod
3532 1224 3654 1274 exi-

2072 1312 2212 1381 gitur
2252 1312 2301 1364 in
2329 1309 2579 1375 hominis,
2611 1311 2752 1378 quod
2780 1310 3001 1365 offertur
3035 1313 3086 1364 in
3118 1312 3207 1365 Dei
3236 1320 3317 1365 est
3352 1321 3636 1380 potestate.

2072 1403 2179 1457 Cur
2201 1418 2303 1455 non
2335 1412 2619 1472 nttutnque
2644 1404 2693 1455 in
2728 1402 2820 1457 Dei
2837 1402 2983 1475 [est],
3011 1404 3223 1474 etquod
3247 1404 3391 1474 jubet
3428 1413 3485 1459 et
3506 1406 3651 1474 quod

2072 1494 2270 1549 offert?
2327 1496 2561 1565 Rogatur
2590 1494 2731 1550 enim
2760 1506 2813 1549 ut
2844 1496 2933 1551 det
2962 1497 3100 1565 quod
3129 1499 3303 1566 jubet,
3358 1507 3413 1552 et
3453 1510 3651 1567 rogant

2074 1587 2357 1640 credentes
2389 1596 2444 1640 ιιι
2472 1587 2574 1640 sibi
2621 1597 2878 1656 augeatur
2925 1587 3101 1642 fides:
3158 1598 3349 1658 rogant
3395 1604 3493 1658 pro
3546 1604 3653 1645 non

2074 1677 2433 1743 credentibus,
2470 1687 2527 1731 ut
2552 1678 2633 1732 eis
2660 1678 2889 1732 donetur
2922 1680 3085 1742 fides;
3130 1681 3263 1734 etin
3320 1682 3432 1733 suis
3489 1682 3653 1749 igitur

386 1788 734 1849 conveniunt;
761 1800 865 1838 non
886 1783 956 1837 ibi
994 1792 1271 1850 peccatum
1306 1779 1396 1833 Dei
1426 1787 1528 1841 est,
1556 1784 1646 1830 set
1676 1776 1961 1844 judicium.
2000 1776 2046 1834 B
2074 1769 2417 1824 incrementis
2442 1779 2499 1823 et
2525 1769 2576 1822 in
2602 1769 2715 1823 suis
2743 1768 2907 1822 initiis
2932 1769 3026 1823 Dei
3050 1768 3247 1823 donum
3272 1778 3355 1823 est
3384 1768 3537 1823 fides.
3565 1770 3655 1824 Sic

387 1881 651 1945 Quocirca
684 1875 1084 1947 prmdestinatio
1116 1874 1205 1927 Dei
1235 1886 1354 1941 qua:
1385 1871 1436 1923 in
1466 1869 1607 1922 bono
1649 1876 1752 1930 est,
1788 1868 1972 1935 gratia:

384 1979 492 2034 est,
517 1980 571 2022 ιιι
600 1969 729 2030 dixi,
755 1966 1104 2035 praeparatio;
1138 1963 1309 2031 gratia
1341 1974 1472 2013 vero
1506 1967 1589 2011 est
1626 1956 1799 2025 ipsius
1837 1970 1973 2023 prte-

388 2059 763 2116 destinationis
812 2056 1053 2110 effectus.
1085 2052 1309 2119 Quando
1358 2064 1484 2117 ergo
1531 2047 1773 2116 promisit
1831 2045 1972 2099 Deus

397 2150 625 2206 Abrahte
650 2150 701 2201 in
728 2147 934 2201 semine
964 2146 1080 2211 ejus
1112 2143 1270 2196 fidem
1304 2140 1572 2209 gentium,
1604 2138 1789 2192 dicens
1815 2152 1830 2191 :
1869 2138 1968 2189 Pa-

392 2253 529 2297 trem
562 2240 844 2293 multarum
883 2236 1120 2306 gentium
1163 2234 1314 2301 posui
1341 2241 1426 2297 te;
1469 2229 1609 2284 unde
1654 2229 1785 2283 dicit
1825 2226 1970 2295 Apo-

388 2333 583 2395 stolus,
618 2331 741 2384 Ideo
779 2345 843 2383 ex
877 2328 1000 2391 fide,
1035 2334 1093 2379 ut
1117 2323 1411 2379 secundum
1441 2322 1665 2391 gratiam
1711 2322 1860 2373 firma
1903 2329 1973 2373 ει

393 2422 676 2491 promissio
724 2420 870 2473 omni
922 2417 1149 2480 semini;
1181 2431 1285 2469 non
1332 2415 1400 2469 de
1429 2421 1631 2468 nostra:
1679 2411 1973 2465 voluntatis

392 2522 676 2585 potestate,
708 2512 798 2569 sed
828 2512 895 2565 de
921 2525 1014 2564 sua
1040 2509 1513 2576 prmdestinatione
1543 2504 1815 2576 promisit:
1852 2518 1973 2571 pro-

400 2609 541 2663 tnisit
570 2607 713 2662 enim
745 2606 885 2673 quod
918 2605 1031 2672 ipse
1063 2605 1300 2657 facturus
1330 2601 1523 2667 fuerat,
1551 2616 1597 2653 ιι·
1624 2615 1655 2652 ιι
1695 2614 1762 2661 t_u
1799 2597 1831 2651 d
1879 2597 1975 2650 ho-

400 2703 596 2765 mines,
647 2699 770 2768 quia
803 2698 902 2752 etsi
934 2696 1138 2750 faciunt
1181 2692 1427 2747 homines
1474 2693 1609 2744 bona
1639 2704 1757 2757 quas
1812 2686 1976 2756 perti-

391 2804 521 2848 nent
547 2793 611 2845 ad
644 2789 931 2845 colendum
979 2788 1172 2852 Deum,
1226 2786 1344 2855 ipse
1373 2782 1501 2837 facit
1555 2792 1612 2837 ut
1656 2782 1729 2836 illi
1780 2781 1976 2835 fciant

386 2901 505 2953 que
549 2881 819 2951 pra-cepit,
855 2895 961 2934 non
997 2879 1069 2931 illi
1117 2877 1319 2931 faciunt
1367 2886 1424 2928 ut
1468 2874 1582 2943 ipse
1632 2873 1787 2927 faciat
1832 2870 1973 2941 quod

391 2974 670 3044 promisit;
694 2972 932 3039 alioquin
965 2978 1021 3023 ut
1050 2969 1142 3022 Dei
1168 2968 1427 3037 promissa
1450 2964 1839 3032 compleantur,
1868 2976 1973 3013 non

399 3068 451 3121 in
488 3064 709 3128 Dei,sed
741 3065 793 3116 in
815 3061 1088 3115 hominum
1117 3072 1193 3113 est
1227 3066 1519 3126 potestate:
1548 3064 1600 3109 et
1627 3054 1767 3122 quod
1798 3068 1828 3105 a
1864 3052 1973 3106 Deo

2080 1870 2260 1916 autem
2288 1860 2513 1914 dicitur:
2540 1858 2596 1914 Si
2620 1860 2929 1925 credideris,
2953 1861 3131 1914 Salvus
3154 1861 3282 1923 eris,
3308 1861 3655 1929 quemadmo-

2075 1952 2202 2007 dum
2230 1951 2425 2005 dicitur
2458 1968 2473 2005 :
2512 1951 2569 2006 Si
2598 1953 2786 2019 spiritu
2818 1951 2950 2005 facta
2982 1953 3159 2007 carnis
3178 1954 3650 2018 mortificaveritis,

2075 2042 2300 2107 vivetis;
2332 2056 2451 2095 nam
2483 2052 2536 2095 et
2558 2040 2644 2096 hic
2670 2058 2734 2094 ex
2779 2041 2988 2096 dttubtts
3030 2059 3190 2096 unum
3224 2045 3472 2110 exigitur,
3505 2044 3647 2096 alte-

2077 2151 2192 2189 rum
2222 2135 2465 2190 offertur.
2490 2134 2546 2190 Si
2574 2135 2785 2203 spiritu,
2818 2136 3016 2203 inquit,
3052 2136 3191 2190 facta
3220 2137 3396 2189 carnis
3427 2136 3654 2190 mortiﬁ-

2077 2226 2347 2291 caveritis,
2382 2224 2573 2278 vivetis
2606 2242 2618 2276 :
2646 2232 2704 2277 ιιι
2740 2239 2869 2293 ergo
2896 2225 3086 2293 spiritu
3126 2224 3261 2279 facta
3301 2227 3475 2279 carnis
3507 2241 3655 2279 mor-

2077 2319 2361 2385 tiliccmtts,
2422 2319 2688 2388 exigitur;
2747 2330 2804 2372 ut
2850 2329 3027 2373 autem
3080 2322 3357 2385 vivamus,
3409 2318 3653 2373 offertur.

2076 2409 2212 2464 Nutn
2248 2410 2405 2479 igitur
2450 2411 2647 2479 placet,
2681 2421 2735 2463 ut
2767 2410 2901 2463 facta
2950 2412 3128 2464 carnis
3178 2411 3503 2463 lttOl‘tlliC‘trc
3546 2425 3652 2463 non

2076 2499 2274 2554 donum
2309 2500 2399 2555 Dei
2424 2514 2543 2555 esse
2571 2500 2833 2566 dicamus,
2870 2516 3041 2569 neque
3071 2502 3121 2555 id
3150 2502 3346 2555 donum
3391 2500 3487 2555 Dei
3532 2514 3655 2555 esse

2077 2588 2360 2654 fateamur,
2393 2591 2643 2659 quoniam
2696 2592 2837 2661 exigi
2870 2591 3118 2647 audimus
3163 2608 3194 2646 a
3226 2593 3379 2647 nobis
3434 2593 3657 2661 praemio

2077 2680 2223 2745 vitm,
2254 2683 2299 2735 si
2330 2682 2431 2736 hoc
2461 2682 2767 2749 fecerimus,
2800 2684 3022 2737 oblato?
3045 2686 3185 2738 absit
3216 2684 3337 2749 hoc,
3366 2696 3422 2737 ut
3447 2686 3654 2752 placeat

2079 2773 2423 2842 participibus
2451 2775 2889 2830 etdefensoribus
2909 2778 3123 2846 gratim:
3145 2777 3549 2847 Pelagianorum
3572 2787 3657 2832 est

2078 2882 2231 2923 error
2256 2870 2359 2923 iste
2388 2868 2729 2935 damnabilis,
2767 2884 3006 2939 quorum
3051 2884 3176 2924 mox
3231 2870 3518 2940 Apostolus
3563 2885 3657 2923 ora

2077 2960 2364 3025 obstruxit,
2420 2960 2749 3029 adjungens:
2801 2962 3072 3028 Quotquot
3117 2962 3260 3016 enim
3314 2962 3515 3029 Spiritu
3547 2962 3659 3032 69

2079 3050 2173 3105 Dei
2203 3060 2452 3122 aguntur,
2474 3053 2526 3106 hi
2556 3052 2649 3107 lilii
2676 3063 2801 3108 ειι-ιι
2825 3053 2941 3121 Dei,
2966 3070 3032 3108 ne
3054 3054 3189 3109 facta
3211 3063 3351 3109 mort
3375 3054 3536 3109 litare
3561 3070 3660 3110 nos

389 3160 705 3225 protansum
733 3152 911 3219 est,ah
941 3151 1069 3218 ipsis
1098 3149 1338 3203 redditur
1367 3145 1613 3199 Abralue.
1646 3143 1758 3197 Non
1784 3150 1963 3196 autem
1994 3140 2040 3201 C
2071 3144 2270 3207 carnis,
2296 3158 2401 3196 non
2428 3158 2520 3211 per
2550 3144 2662 3208 Dei,
2693 3145 2789 3198 sed
2810 3160 2901 3212 per
2917 3155 3159 3198 nostrum
3188 3145 3439 3214 Spiritum
3467 3145 3659 3200 crede-

386 3247 467 3299 sic
514 3243 764 3305 t-retlitlit,
801 3240 1095 3305 Abraham,
1140 3236 1233 3292 sed
1285 3234 1515 3290 credidit
1561 3235 1695 3289 dans
1743 3232 1966 3301 gloriam

388 3338 516 3399 Deo,
550 3334 803 3404 quoniam
837 3348 954 3401 qua:
979 3329 1224 3400 promisit
1272 3337 1461 3397 potens
1491 3337 1574 3381 est
1599 3326 1774 3379 facere
1805 3342 1818 3376 :
1854 3339 1965 3378 non

386 3427 460 3478 ait
493 3427 798 3491 pranlicete,
832 3426 935 3474 non
966 3423 1038 3475 ait
1065 3420 1338 3488 praescire,
1370 3434 1492 3472 nam
1520 3426 1575 3470 et
1612 3416 1787 3470 aliena
1828 3416 1968 3469 facta

387 3531 419 3584 p
446 3525 563 3568 -tcst
594 3514 881 3581 pia~dicere
904 3524 1061 3578 atque
1089 3512 1361 3576 praescire,
1390 3508 1483 3563 sed
1516 3509 1621 3573 ait,
1664 3507 1860 3561 Potens
1887 3515 1969 3561 est

386 3615 439 3657 ct
484 3603 679 3667 facere,
703 3618 765 3654 ac
798 3616 891 3670 per
919 3603 1019 3653 hoc
1055 3597 1192 3653 facta
1222 3614 1326 3652 non
1352 3598 1553 3661 aliena,
1586 3596 1682 3651 sed
1713 3611 1833 3650 sua.
1883 3596 1967 3651 An

387 3695 524 3749 forte
551 3710 709 3763 opera
744 3693 876 3748 bona
904 3694 1141 3763 gentium
1177 3693 1317 3746 Deus
1358 3691 1605 3759 promisit
1629 3688 1859 3745 Abrahae
1915 3690 1968 3743 in

388 3788 592 3841 semine
621 3785 811 3851 ipsius,
845 3794 899 3837 ut
930 3784 1030 3837 hoc
1060 3782 1399 3851 promitteret
1445 3781 1587 3850 qttud
1627 3781 1741 3850 ipse
1790 3778 1917 3833 facit
1949 3794 1964 3843 ;

388 3894 490 3929 non
523 3886 701 3929 autem
735 3874 979 3941 promisit
1009 3873 1167 3926 fidem
1198 3872 1439 3941 gentium
1470 3885 1629 3938 quam
1654 3869 1767 3945 sibi.
1787 3868 1964 3922 homi-

389 3982 481 4020 nes
510 3965 733 4027 faciunt,
763 3965 854 4020 sed
880 3975 932 4017 ιιι
966 3962 1463 4031 promitteretquod
1495 3962 1611 4028 ipse
1640 3962 1789 4025 facit,
1821 3960 1967 4013 illam

389 4057 656 4125 prrescivlt
705 4056 949 4107 homines
998 4068 1116 4108 esse
1148 4052 1427 4106 facturos?
1474 4051 1588 4105 Non
1633 4050 1846 4119 quidem
1891 4052 1972 4104 sic

388 4147 680 4214 Apustius
743 4145 1009 4213 loquitur:
1069 4141 1235 4197 Filios
1290 4142 1489 4211 quippe
1539 4140 1680 4195 Deus
1728 4141 1972 4211 promisit

389 4237 613 4292 Abrabre
670 4237 756 4305 qui
809 4235 929 4289 ﬁdei
982 4234 1098 4301 ejus
1146 4232 1369 4302 vestigia
1416 4240 1784 4295 sectarentur,
1827 4230 1972 4299 quod

388 4327 729 4393 apertissime
754 4325 914 4389 dicit;
943 4325 1035 4379 sed
1055 4325 1098 4377 si
1124 4339 1289 4394 opera
1306 4322 1551 4393 gentium
1576 4320 1840 4391 promisit,
1866 4336 1971 4374 non

387 4419 541 4472 fidem
574 4417 831 4485 profecto,
864 4417 1117 4485 quoniam
1149 4431 1256 4470 non
1307 4424 1435 4470 sunt
1484 4413 1620 4468 bona
1651 4428 1812 4482 opera
1863 4412 1968 4467 nisi

2071 3246 2251 3287 remus
2277 3250 2290 3286 :
2316 3233 2385 3289 de
2405 3248 2511 3303 quo
2540 3234 2630 3288 Dei
2660 3235 2858 3303 Spiritu
2887 3236 3049 3291 etiam
3086 3237 3154 3291 ibi
3178 3235 3527 3304 loquebatur,
3568 3237 3658 3291 ubi

2076 3323 2152 3377 ait
2185 3341 2201 3379 :
2236 3325 2424 3379 Omnia
2456 3335 2634 3380 autem
2668 3328 2783 3382 btet:
2828 3337 3084 3396 cperatur
3126 3343 3264 3382 unus
3310 3338 3470 3398 atque
3512 3328 3654 3381 idem

2071 3413 2322 3484 Spiritus,
2356 3416 2603 3477 dividens
2636 3418 2847 3487 propria
2879 3418 3167 3487 unicuique
3200 3430 3357 3488 prout
3395 3419 3542 3483 vult;
3576 3421 3661 3473 in-

2073 3514 2155 3561 ter
2181 3522 2301 3575 quae
2328 3510 2526 3573 omnia,
2562 3508 2701 3562 sicut
2728 3508 2899 3573 scitis,
2931 3509 3226 3563 nominavit
3267 3518 3323 3562 et
3355 3509 3535 3563 fidem.
3572 3509 3661 3564 Si-

2071 3607 2161 3651 cut
2185 3612 2334 3668 ergo,
2362 3601 2606 3668 quamvis
2630 3599 2830 3655 donum
2865 3600 2955 3655 Dei
2974 3603 3063 3666 sit,
3099 3601 3233 3654 facta
3257 3600 3436 3655 carnis
3466 3602 3659 3655 morti-

2074 3684 2255 3755 licare,
2273 3690 2506 3758 exigitur
2531 3698 2707 3746 tamen
2732 3693 2930 3745 anobis
2953 3692 3231 3761 proposito
3257 3691 3480 3758 pnemio
3509 3691 3659 3755 vita,

2074 3777 2144 3831 ita
2176 3778 2376 3832 donum
2409 3779 2503 3833 Dei
2520 3790 2602 3834 est
2622 3791 2675 3834 et
2697 3781 2849 3845 fides,
2885 3782 3128 3849 quamvis
3150 3792 3201 3834 et
3232 3782 3343 3850 ipsa
3370 3796 3491 3835 cum
3513 3780 3658 3835 dici-

2076 3878 2198 3935 tur,
2228 3870 2287 3926 Si
2341 3871 2656 3939 credsderis,
2708 3874 2888 3928 salvus
2939 3874 3065 3936 eris,
3111 3874 3381 3942 proposito
3437 3873 3661 3943 pmmio

2075 3961 2261 4015 salutis
2343 3963 2584 4030 exigatur
2647 3978 2677 4017 a
2751 3965 2924 4018 nobis.
3004 3964 3129 4018 ldeu
3192 3966 3337 4018 enim
3418 3963 3536 4018 ha-c
3599 3972 3661 4017 et

2079 4054 2233 4108 nobis
2311 4053 2727 4122 prmcipiuntur,
2782 4066 2839 4110 et
2887 4054 3029 4109 dona
3104 4054 3194 4109 Dei
3270 4068 3392 4109 esse
3475 4068 3659 4107 mons-

2081 4153 2305 4209 trantur,
2366 4152 2423 4197 ut
2467 4145 2791 4214 intelligatur
2844 4145 2988 4213 quod
3044 4154 3099 4199 et
3134 4159 3233 4200 nos
3276 4159 3339 4199 ea
3395 4144 3660 4207 facimus,

2078 4245 2130 4291 et
2207 4236 2349 4292 Deus
2416 4236 2545 4292 facit
2602 4249 2659 4292 ut
2711 4238 2798 4293 illa
2848 4238 3135 4303 faciamus,
3195 4239 3332 4292 sicut
3384 4253 3479 4305 per
3528 4236 3664 4290 Pio-

2079 4329 2292 4398 phetam
2346 4329 2682 4385 Ezechielem
2731 4331 3065 4400 apertissime
3104 4330 3233 4384 dicit
3283 4347 3297 4385 :
3338 4330 3459 4399 quid
3502 4331 3652 4384 enim

2082 4421 2321 4487 apertius
2366 4437 2525 4491 quam
2584 4421 2670 4476 ubi
2724 4423 2888 4476 dicit:
2931 4422 3041 4491 Ego
3071 4422 3258 4476 faciam
3313 4431 3368 4475 ut
3406 4418 3667 4474 faciatis?

387 4524 452 4563 cx
503 4509 826 4578 lide,justus
853 4508 996 4562 enim
1048 4523 1115 4561 ex
1171 4506 1275 4561 fide
1320 4506 1483 4573 vivit,
1536 4513 1592 4559 ct
1636 4519 1797 4558 omne
1827 4503 1968 4572 quod
2006 4506 2053 4564 Ι)
2083 4510 2254 4563 locum
2287 4510 2459 4579 ipsum
2501 4511 2793 4581 Scriptura:
2820 4512 3100 4579 attendite,
3152 4521 3205 4565 et
3248 4511 3504 4567 videbitis
3562 4512 3663 4565 illa

388 4616 490 4653 non
521 4610 604 4654 est
632 4616 695 4654 ex
734 4600 836 4653 fide
864 4608 1138 4668 peccatum
1163 4608 1263 4663 est,
1296 4608 1347 4652 et
1370 4597 1484 4652 sine
1513 4595 1617 4650 fide
1639 4594 1970 4664 impossibile

387 4702 467 4746 est
497 4696 703 4761 placere
737 4693 867 4758 Deo,
918 4691 1268 4746 nihilominus
1310 4702 1366 4745 ut
1396 4689 1616 4761 impleat
1659 4687 1800 4759 quod
1843 4703 1966 4755 pro-

387 4783 530 4835 misit
562 4784 721 4845 Deus,
768 4784 821 4837 in
871 4783 1145 4845 hominum
1198 4793 1460 4852 potestate
1488 4790 1614 4846 est;
1662 4780 1765 4834 nisi
1823 4780 1965 4834 enini

387 4873 546 4927 homo
569 4873 728 4927 faciat
756 4875 896 4944 quod
931 4875 1038 4929 Deo
1062 4891 1167 4928 non
1198 4875 1431 4929 donante
1448 4876 1516 4927 ad
1549 4874 1818 4928 hominem
1844 4889 1963 4942 per-

386 4966 537 5030 tinet,
565 4982 667 5019 ttott
694 4964 850 5021 faciet
879 4966 991 5033 ipse
1019 4967 1159 5036 quod
1188 4967 1390 5031 donet;
1425 4968 1529 5021 hoc
1576 4976 1681 5031 est,
1712 4966 1812 5020 nisi
1860 4966 1960 5018 ha-

386 5060 507 5113 beat
560 5058 720 5112 homo
774 5059 933 5114 fidem
963 5076 1026 5115 ex
1080 5066 1391 5130 semetipso,
1434 5078 1538 5116 non
1588 5061 1773 5131 implet
1823 5063 1963 5117 Deus

383 5152 519 5220 quod
545 5149 810 5220 promisit,
842 5162 899 5205 ut
919 5166 1081 5221 opera
1107 5152 1329 5222 justitla:
1360 5156 1552 5207 dentur
1590 5168 1657 5208 ex
1711 5154 1842 5207 Deo.
1876 5153 1954 5207 Ac

383 5254 477 5310 per
508 5241 606 5295 hoc
637 5249 693 5295 ut
719 5243 976 5310 promissa
1002 5259 1095 5298 sua
1120 5245 1257 5299 Deus
1279 5245 1447 5313 possit
1475 5244 1724 5312 implere,
1747 5260 1854 5297 nos
1877 5254 1962 5298 est

382 5334 434 5387 in
464 5331 577 5398 Dei,
610 5336 702 5388 sel
737 5336 787 5388 in
821 5334 1051 5390 hominis
1077 5345 1342 5405 potestate
1374 5336 1551 5406 ;quod
1581 5336 1628 5390 si
1659 5338 1854 5390 veritas
1903 5346 1959 5390 et

381 5423 548 5489 pictas
565 5438 661 5479 nos
683 5428 908 5480 credere
923 5438 1083 5491 vetat,
1108 5427 1391 5481 credamus
1412 5442 1531 5481 cum
1554 5428 1821 5482 Abraham
1844 5444 1968 5496 quo-

382 5512 520 5565 niam
546 5530 663 5583 qua:
689 5516 929 5580 promisit
952 5528 1139 5585 potens
1160 5529 1242 5572 εει
1265 5516 1462 5583 facere;
1494 5519 1750 5587 promisit
1782 5529 1958 5573 autem

384 5601 521 5655 filius
535 5605 782 5675 Abrahm,
797 5609 938 5679 quod
954 5625 1073 5665 esse
1087 5626 1189 5664 non
1206 5621 1424 5682 possunt
1445 5614 1490 5666 si
1521 5628 1623 5666 non
1639 5612 1871 5667 habeant
1902 5616 1963 5666 li-

394 5692 541 5767 dcm,
559 5701 812 5771 etgoipse
830 5703 1251 5762 donatetlidctu.
1280 5706 1550 5763 Sauccutn
1568 5704 1863 5777 Apostolus
1891 5708 1961 5763 di-

2081 4604 2244 4656 Deutu
2298 4603 2609 4670 promittere
2645 4602 2907 4657 facturum
2944 4617 3025 4667 se,
3074 4611 3131 4656 ut
3172 4602 3333 4657 faciat
3368 4602 3665 4671 qumjubet

2077 4705 2136 4749 ut
2192 4696 2388 4750 faciant
2435 4695 2543 4767 [ut
2584 4696 2781 4750 faciant
2833 4712 2954 4766 qua:
2998 4696 3151 4765 jubet
3192 4703 3249 4748 ut
3298 4692 3498 4765 fiant].
3531 4692 3651 4747 Non

2074 4802 2205 4841 sane
2254 4789 2327 4842 ibi
2380 4799 2520 4844 tacet
2574 4788 2822 4861 [etiam]
2865 4793 3052 4843 merita
3100 4804 3311 4850 eorum,
3352 4788 3447 4842 sed
3494 4787 3658 4851 mala,

2072 4880 2265 4948 quibus
2295 4894 2355 4934 se
2383 4880 2617 4934 ostendit
2640 4880 2867 4934 reddere
2894 4896 2992 4949 pro
3022 4880 3177 4934 malis
3221 4881 3355 4934 bona
3383 4920 3395 4941 .
3443 4878 3545 4933 hoc
3583 4880 3662 4945 ip.

2071 4985 2134 5025 so
2179 4986 2284 5039 quo
2310 4985 2404 5025 eos
2434 4970 2560 5025 facit
2595 4970 2796 5026 habere
2820 4971 3090 5039 {deinceps
3130 4985 3294 5040 opera
3330 4970 3490 5032 bona,
3533 4982 3664 5024 cum

2070 5062 2183 5129 ipse
2211 5060 2337 5115 facit
2360 5069 2419 5114 ut
2447 5060 2645 5115 faciant
2673 5060 2853 5116 divina
2883 5061 3155 5116 mandata.
3180 5060 3289 5116 Sed
3316 5061 3491 5113 omnis
3541 5058 3663 5114 hmc

2066 5152 2205 5205 ratio
2232 5167 2337 5221 qua
2366 5150 2701 5207 defendimus
2730 5153 2957 5222 gratiam
2994 5152 3088 5207 Dei
3130 5167 3223 5221 per
3256 5150 3441 5206 Jesum
3496 5148 3663 5203 Chri-

2067 5251 2209 5295 stum
2226 5242 2512 5298 Dominum
2533 5254 2772 5298 nostrum
2790 5258 2915 5299 vere
2942 5259 3062 5299 esse
3076 5246 3325 5314 gratiam,
3357 5243 3410 5298 id
3433 5252 3517 5297 est
3547 5255 3658 5295 non

2070 5335 2361 5389 secundum
2392 5340 2577 5391 merita
2604 5346 2781 5391 nostra
2805 5337 3206 5406 tlari,quatnvis
3236 5335 3653 5389 evidentisstme

2076 5426 2377 5482 divinorum
2404 5429 2739 5498 eloquiorum
2772 5429 3095 5482 testimoniis
3123 5438 3423 5493 asseratur,
3474 5437 3657 5480 tamen

2075 5520 2213 5585 apud
2237 5533 2330 5574 eos
2358 5521 2469 5588 qui,
2495 5520 2593 5574 nisi
2616 5519 2818 5589 aliquid
2846 5520 2948 5574 sibi
2996 5520 3273 5588 assignent
3313 5518 3457 5588 quod
3509 5518 3653 5587 prio-

2077 5619 2162 5663 res
2192 5610 2341 5677 dent,
2373 5621 2431 5666 ut
2457 5612 2780 5667 retribuatur
2808 5613 2908 5678 eis,
2938 5612 3006 5667 ab
3036 5616 3180 5665 omni
3236 5610 3414 5665 studio
3447 5609 3660 5680 pietatis

2076 5704 2293 5775 reprimi
2322 5721 2377 5762 se
2405 5716 2607 5776 putant.
2639 5705 2874 5764 Laborat
2901 5706 3186 5777 aliquando
3212 5706 3264 5763 in
3292 5715 3448 5761 aetate
3480 5702 3681 5775 majo-‘
