4016 6184
261 386 393 440 IOUI

1393 381 1828 437 TllESAUIiUS.
1870 381 2021 436 CAi‘.
2065 380 2309 438 αχεν.
3403 380 3537 433 10.2

256 514 382 554 rum
404 498 515 569 iam
546 498 807 553 utentium
838 498 1125 553 voluntatis
1146 498 1368 552 at-bit:iu
1395 516 1406 551 :
1451 499 1547 553 sed
1580 499 1668 553 ubi
1700 499 1847 553 veni-
1877 503 1927 560 Α
1957 499 2006 552 ni
2066 498 2271 564 Titum,
2327 498 2543 553 fratrem
2577 514 2789 563 meum;
2845 497 2939 553 sed
2986 498 3101 553 vale
3149 497 3251 551 illis
3300 496 3501 552 faciens
3522 538 3539 562 ,

253 601 344 643 tur
370 590 435 643 ad
470 589 720 655 parvulos
756 600 808 643 et
848 589 913 644 atl
954 589 1126 657 ipsum
1171 590 1516 643 metliatwrcm
1549 589 1637 643 Dei
1668 597 1723 642 et
1750 592 1848 640 lto-

263 684 495 743 minuto.
549 682 819 736 hominem
864 683 1132 737 Christum
1178 681 1383 747 Jesum,
1428 682 1606 735 omnis
1650 680 1853 735 defecit

255 774 681 843 praecedentium
704 775 929 845 gratiam
952 773 1069 839 Dei,
1096 773 1449 827 humanorum
1484 772 1711 827 assertio
1742 787 1853 826 me-

260 868 523 929 ritorum;
549 866 671 933 quia
702 879 799 918 nec
831 864 907 918 illi
933 864 1058 918 ullis
1086 864 1242 918 bonis
1268 863 1694 932 przeccdeutihus
1742 877 1853 915 me-

259 956 385 1010 ritis
412 955 794 1009 discernuntur
824 969 851 1006 a
882 953 1112 1019 caeteris,
1146 963 1202 1007 ut
1227 954 1530 1022 pertineant
1557 952 1624 1005 ad
1655 950 1854 1005 libera-

269 1057 446 1101 torem
488 1046 765 1101 hominum
795 1063 808 1098 :
834 1060 936 1101 nec
966 1046 1053 1100 ille
1080 1045 1202 1099 ullis
1228 1044 1477 1098 humanis
1506 1040 1857 1111 prtecedenti-

273 1143 381 1195 bus
413 1142 640 1206 meritis,
667 1156 788 1195 cum
820 1150 876 1195 et
906 1141 1021 1211 ipse
1050 1139 1120 1194 sit
1140 1140 1333 1211 homo,
1385 1137 1640 1192 liberator
1685 1134 1855 1190 factus

259 1245 348 1289 est
379 1235 674 1289 hominum.
705 1233 833 1301 Quis
855 1235 997 1287 enim
1028 1232 1235 1297 audiat,
1265 1230 1409 1301 quod
1433 1232 1690 1284 dicuntur
1722 1244 1850 1297 pat—

264 1328 373 1382 vnli
407 1342 504 1397 pro
529 1327 640 1382 suis
665 1327 855 1381 futuris
888 1326 1123 1393 meritis,
1177 1328 1229 1378 in
1273 1326 1386 1394 ipsa
1436 1322 1666 1376 infantili
1697 1329 1857 1375 aetate

265 1417 557 1487 b~ptizati,
597 1417 749 1472 exire
795 1416 864 1470 de
920 1415 1019 1469 hac
1080 1415 1240 1479 vita;
1300 1422 1357 1468 et
1413 1411 1537 1468 ideo
1602 1410 1690 1464 alii
1750 1424 1855 1463 non

265 1510 519 1579 baptismi
566 1509 617 1562 in
672 1509 860 1562 eadem
891 1515 1052 1560 aetate
1097 1505 1268 1570 mori,
1329 1503 1453 1573 quia
1510 1510 1564 1556 et
1613 1502 1854 1570 ipsorum

266 1600 514 1670 praestita
545 1606 672 1652 sunt
716 1597 906 1652 merita
930 1594 1130 1659 futura,
1171 1594 1264 1649 sed
1318 1591 1484 1658 mala,
1518 1605 1623 1646 non
1668 1604 1855 1645 eorum

265 1696 431 1749 vitam
461 1696 653 1747 bonam
677 1693 761 1747 vel
791 1693 985 1747 malam
1023 1692 1133 1745 Deo
1166 1695 1546 1745 remunerante
1576 1687 1657 1741 vel
1705 1686 1858 1739 dam-

265 1798 454 1852 nante,
486 1786 580 1840 sed
608 1785 843 1839 nullam?
875 1783 1163 1853 Apostolus
1193 1781 1407 1852 quidem
1452 1778 1675 1833 limitem
1718 1777 1851 1840 fixit,

1956 590 2098 643 exivi
2148 590 2200 643 in
2245 589 2635 644 Macedoniam.
2669 590 2874 657 Quibus
2915 589 3184 657 valefecit,
3218 589 3320 643 nisi
3345 588 3426 644 eis
3446 588 3537 657 qui

1956 679 2314 747 crediderant,
2332 682 2383 735 in
2402 696 2630 750 quorum
2654 682 2864 737 scilicet
2880 681 3131 737 cordibus
3151 681 3547 749 evangelizanti

1956 785 2201 840 apertum
2233 782 2315 827 est
2342 774 2579 828 ostium?
2610 773 2746 840 Quid
2770 782 2947 829 autem
2975 773 3231 843 adiungat
3253 774 3537 829 attendite:

1961 865 2069 919 Deo
2090 875 2291 933 autem,
2326 865 2518 935 inquit.
2565 865 2784 934 gratias,
2815 864 2907 934 qui
2950 879 3165 932 semper
3207 863 3544 933 triumphare

1958 970 2056 1009 nos
2087 954 2209 1009 facit
2230 956 2281 1008 iu
2312 956 2549 1018 Christo,
2574 965 2630 1009 et
2660 956 2880 1010 odorem
2911 957 3115 1010 notitia:
3142 971 3254 1009 suae
3285 955 3543 1010 manifes-

1961 1055 2036 1100 tat
2060 1062 2154 1115 per
2180 1063 2275 1101 nos
2304 1050 2355 1100 in
2387 1048 2531 1101 omni
2578 1048 2719 1111 loco,
2770 1049 2892 1117 quia
2934 1048 3135 1103 Christi
3188 1048 3362 1103 bonus
3406 1050 3542 1103 odor

1958 1155 2144 1195 sumus
2178 1141 2306 1208 Deo,
2342 1141 2393 1196 itt
2428 1141 2510 1195 his
2540 1141 2629 1211 qui
2659 1142 2793 1196 salvi
2825 1142 2974 1207 ﬁunt,
3009 1151 3063 1197 et
3089 1142 3141 1196 in
3172 1142 3257 1197 his
3286 1142 3374 1209 qui
3408 1157 3537 1212 per-

1964 1242 2126 1297 eunt;
2158 1232 2474 1301 quibusdam
2506 1232 2719 1302 quidem
2750 1233 2885 1286 odor
2933 1233 3122 1287 mortis
3171 1232 3221 1286 in
3284 1243 3538 1296 mortem.

1960 1323 2278 1388 quibusdam
2308 1333 2485 1377 autem
2530 1323 2664 1376 odor
2712 1322 2834 1377 vita
2882 1323 2931 1376 iu
2982 1332 3167 1376 vtam.
3221 1323 3357 1378 Ecce
3399 1322 3539 1377 unde

1961 1414 2158 1483 gratias
2186 1414 2295 1483 agit
2337 1414 2489 1468 miles
2538 1414 2835 1469 acerrimus
2864 1426 2917 1469 et
2958 1414 3209 1468 defensor
3241 1414 3542 1468 invictissi-

1961 1516 2079 1557 mus
2106 1506 2291 1572 gratia:
2316 1518 2330 1556 :
2354 1518 2480 1557 ecce
2505 1504 2645 1557 unde
2670 1503 2870 1573 gratias
2891 1504 3019 1572 agit,
3053 1504 3177 1572 quia
3218 1502 3414 1558 Christi
3449 1504 3544 1557 bo-

1974 1610 2076 1649 nus
2103 1596 2238 1648 odor
2265 1604 2392 1649 sunt
2420 1595 2647 1664 apostoli
2680 1596 2810 1661 Deo,
2843 1608 2891 1649 et
2920 1596 2969 1648 in
3012 1597 3091 1648 his
3121 1596 3211 1664 qui
3242 1598 3371 1649 salvi
3415 1599 3549 1652 fiunt

1961 1687 2125 1755 gratia
2142 1688 2278 1754 eius,
2298 1697 2353 1741 et
2376 1686 2426 1740 itt
2462 1688 2545 1741 his
2576 1688 2663 1756 qui
2699 1698 2925 1754 pereunt
2948 1687 3150 1755 iudicio
3176 1688 3315 1758 eius.
3345 1688 3451 1745 Sed
3491 1702 3551 1744 ut

1961 1775 2139 1829 minus
2149 1787 2528 1831 succenseatur
2547 1776 2662 1831 hzec
2678 1790 2861 1846 parum
2878 1776 3442 1847 intelligentibus,ipse
3454 1780 3546 1832 ad-

262 1893 429 1946 quem
456 1876 758 1947 transgredi
789 1890 895 1930 non
931 1874 1124 1929 debeat
1170 1872 1422 1933 hominis,
1462 1879 1519 1924 ut
1544 1868 1727 1923 mitius
1775 1868 1855 1922 lo-
1888 1877 1932 1935 Β
1961 1877 2162 1930 monet,
2190 1883 2311 1922 cum
2342 1868 2615 1939 subiungit
2641 1876 2697 1923 et
2724 1868 2852 1923 dicit
2884 1885 2895 1921 :
2933 1869 2996 1922 Et
3027 1869 3093 1923 ad
3138 1868 3253 1924 ltzec
3283 1870 3401 1939 quis
3434 1870 3547 1925 ido-

263 1987 423 2042 quar,
452 1971 662 2025 incauta
685 1967 924 2037 suspicio
952 1984 965 2021 :
998 1967 1073 2019 ait
1101 1964 1285 2019 enim:
1320 1964 1522 2018 Omnes
1561 1958 1855 2014 astabimns

262 2069 396 2115 ante
422 2058 653 2114 tribunal
679 2058 901 2122 Christi,
931 2064 989 2110 ut
1019 2054 1218 2110 referat
1248 2052 1618 2120 unusquisque
1658 2062 1854 2102 secun-

263 2154 398 2209 dum
437 2168 503 2208 ea
545 2166 668 2222 qua!
723 2166 819 2221 per
863 2162 1063 2218 corpus
1093 2146 1286 2217 gessit,
1335 2146 1448 2200 sive
1476 2144 1703 2206 bonum,
1743 2144 1857 2195 sive

267 2246 472 2300 malum
504 2261 521 2299 :
557 2244 759 2309 Gessit,
793 2242 982 2311 inquit,
1039 2255 1144 2295 non
1172 2237 1436 2307 adiunxit,
1473 2235 1567 2291 Vel
1608 2243 1858 2305 gesturus

268 2336 395 2391 fuit.
446 2335 555 2389 Sed
596 2333 740 2389 unde
784 2332 886 2387 hoc
929 2331 1123 2386 talibus
1168 2329 1298 2383 viris
1335 2329 1387 2382 in
1425 2337 1659 2381 mentem
1699 2340 1861 2379 vene-

268 2437 343 2482 rtt
399 2428 603 2488 nescio,
651 2435 709 2479 ut
747 2424 921 2478 futura
952 2438 1071 2491 qua:
1101 2435 1207 2475 non
1239 2429 1365 2475 sunt
1411 2417 1586 2472 futura
1626 2415 1859 2484 punian-

268 2530 397 2585 tur,
451 2527 546 2572 aut
583 2518 916 2573 ltonorentur
960 2514 1151 2569 merita
1193 2512 1554 2582 parvulorum.
1605 2509 1714 2564 Cur
1763 2523 1860 2560 au-

270 2621 387 2667 tem
443 2611 650 2665 dictum
713 2618 837 2673 est,
893 2607 1191 2662 secundum
1238 2619 1301 2659 ea
1351 2618 1472 2673 quite
1529 2618 1622 2670 per
1668 2614 1863 2668 corpus

268 2703 443 2773 gessit
488 2701 757 2755 hominem
801 2697 1176 2768 iudicandum.
1223 2710 1343 2750 cum
1390 2704 1648 2762 gerantur
1697 2690 1862 2743 multa

267 2796 394 2849 solo
442 2792 642 2855 animo,
702 2806 805 2845 uou
859 2804 953 2858 per
988 2802 1207 2855 corpus,
1258 2799 1357 2839 nee
1403 2798 1495 2853 per
1526 2782 1694 2836 ullum
1745 2795 1865 2833 cor-

273 2886 427 2956 poris
448 2884 779 2946 membrum,
818 2890 875 2937 et
904 2880 1220 2950 plerumque
1251 2887 1359 2932 tam
1385 2889 1598 2945 magna,
1650 2881 1707 2927 ut
1746 2871 1868 2925 tali-

273 2984 380 3035 bus
404 2978 816 3050 cogitationibus
846 2990 1005 3047 paena
1027 2973 1337 3043 iustissima
1386 2969 1673 3031 debeatur,
1707 2964 1868 3020 sicuti

274 3085 383 3136 est.
417 3078 475 3125 ut
503 3068 603 3124 alia
631 3077 859 3131 taceam,
890 3064 1033 3134 quod
1055 3063 1191 3117 dixit
1212 3059 1469 3130 insipiens
1485 3059 1536 3112 in
1559 3056 1723 3113 corde
1744 3067 1867 3118 suo,

277 3166 402 3220 Non
428 3173 511 3219 εει
538 3162 682 3216 Deus
710 3160 733 3213 ?
759 3156 897 3226 Quid
927 3168 1007 3212 est
1040 3167 1171 3223 ergo
1204 3151 1499 3208 secundum
1531 3162 1597 3204 ea
1624 3161 1743 3217 quae
1774 3159 1869 3213 per

1961 1959 2127 2013 ueus?
2168 1960 2365 2013 Verum
2409 1960 2693 2014 redeamus
2734 1960 2801 2013 ad
2846 1960 2967 2013 ostii
3013 1959 3388 2028 apertionem,
3443 1976 3549 2031 qua

1963 2055 2172 2109 initium
2202 2056 2321 2110 ﬁ.lei
2342 2055 2678 2110 audientium
2711 2055 3029 2124 signiﬁcavit
3060 2055 3369 2124 Apostolus.
3403 2055 3539 2123 Quid

1961 2157 2045 2202 est
2074 2148 2215 2202 enim
2242 2159 2460 2202 orantes
2483 2148 2641 2201 simul
2671 2156 2724 2201 et
2747 2160 2845 2216 pro
2879 2146 3055 2210 nobis,
3088 2157 3143 2200 ut
3171 2145 3311 2201 Deus
3337 2150 3546 2216 aperiat

1964 2238 2118 2292 nobis
2147 2241 2341 2291 ostium
2391 2238 2579 2301 verbi,
2628 2239 2728 2292 nisi
2771 2239 3107 2307 apertissima
3136 2238 3542 2304 demonstratio,

1964 2331 2125 2384 etiam
2157 2331 2327 2396 ipsum
2356 2329 2561 2382 initium
2582 2329 2704 2383 ﬁdei
2736 2343 2857 2384 esse
2885 2330 3085 2383 donum
3119 2330 3244 2385 Dei?
3270 2331 3383 2385 Non
3406 2338 3548 2385 enim

1963 2421 2169 2474 orando
2188 2430 2457 2489 peteretur
2479 2420 2545 2473 ab
2566 2436 2651 2485 eo,
2682 2421 2780 2474 nisi
2804 2421 2871 2475 ab
2890 2423 3003 2488 ipso
3032 2422 3190 2476 tribui
3213 2424 3545 2481 crederetur.

1968 2510 2078 2564 lloc
2098 2509 2298 2563 donum
2323 2510 2557 2564 cmlestis
2580 2511 2766 2579 gratia:
2796 2511 2848 2565 in
2882 2512 3023 2565 illant
3052 2516 3418 2580 purpurariam
3445 2518 3538 2571 de-

1967 2602 2271 2667 scenderat,
2288 2602 2395 2668 cui,
2412 2601 2546 2656 sicut
2572 2602 2846 2672 Scriptura
2864 2603 2990 2657 dicit
3013 2604 3063 2657 in
3086 2604 3307 2659 Actibus
3327 2621 3397 2677 ap
3420 2617 3549 2663 isto-

1973 2691 2172 2756 lorum,
2207 2692 2347 2746 Deus
2370 2701 2655 2761 aperuerat
2682 2707 2897 2747 sensum
2921 2692 3058 2762 eius,
3088 2702 3143 2749 et
3160 2694 3469 2751 intendebat
3496 2701 3547 2752 in

1969 2799 2030 2837 ea
2059 2799 2178 2853 qme
2208 2799 2236 2836 a
2271 2784 2435 2838 Paulo
2477 2784 2814 2838 dicebantur.
2856 2782 2947 2839 Sic
2994 2785 3135 2839 enim
3168 2786 3465 2842 vocabatur
3493 2797 3553 2843 ut

1968 2878 2234 2930 crederet.
2265 2876 2389 2943 Agit
2430 2877 2626 2944 quippe
2679 2877 2819 2931 Deus
2870 2877 3013 2947 quod
3047 2880 3155 2933 vult
3204 2879 3255 2933 in
3297 2880 3554 2937 cordibus

1974 2968 2268 3030 hominum,
2291 2969 2368 3020 εει
2394 2967 2716 3035 adiuvando,
2737 2972 2817 3022 vel
2842 2969 3153 3036 iudicando,
3182 2981 3239 3024 ut
3267 2972 3429 3026 etiam
3456 2987 3553 3043 per

1971 3072 2067 3113 eos
2096 3059 2402 3127 impleatur,
2432 3057 2574 3127 quod
2610 3074 2797 3111 manus
2825 3058 2965 3129 eius,
2996 3070 3051 3115 et
3088 3061 3376 3116 consilium
3418 3078 3554 3132 prae-

1973 3151 2260 3207 destinavit
2325 3151 2459 3206 fieri.
2544 3150 2769 3205 Frustra
2844 3151 3023 3221 itaque
3108 3154 3268 3207 etiam
3376 3154 3554 3220 illud,

283 3272 486 3325 corpus
512 3253 705 3325 gessit,
734 3252 839 3308 nisi
865 3249 1155 3305 secundum
1184 3262 1247 3302 ea
1280 3259 1395 3315 qua
1431 3242 1595 3315 gessit
1640 3254 1707 3295 eo
1738 3249 1870 3294 tem-
1899 3250 1945 3313 ί]
1975 3241 2116 3311 quod
2170 3240 2477 3312 Regnorum
2519 3250 2570 3296 et
2622 3241 3061 3307 Paralipomenon
3114 3246 3379 3314 scriptura
3424 3257 3561 3301 teste

288 3363 428 3418 pure
468 3361 575 3416 quo
632 3344 687 3399 in
736 3355 963 3411 corpore
1008 3338 1126 3403 fuit,
1162 3346 1219 3392 ut
1252 3351 1348 3405 per
1384 3346 1582 3402 corpus
1608 3330 1873 3398 intelliga-

280 3456 405 3495 mus
450 3453 549 3507 per
574 3434 827 3505 corporis
850 3433 1093 3501 tempus?
1122 3429 1247 3483 Post
1275 3440 1471 3496 corpus
1506 3437 1685 3479 autem
1712 3438 1873 3477 nemo

283 3534 393 3587 erit
424 3531 479 3585 in
501 3541 748 3598 corpore,
784 3525 885 3581 nisi
906 3523 1302 3579 resurrectione
1336 3518 1646 3581 novissima,
1677 3532 1783 3570 non
1805 3514 1871 3568 ad

291 3623 405 3675 ulla
433 3620 619 3673 merita
642 3612 1137 3685 cotnparanda,srd
1166 3613 1232 3665 ad
1261 3608 1570 3679 recipienda
1595 3620 1692 3675 pro
1719 3607 1874 3661 bonis

281 3713 500 3769 meritis
532 3715 775 3781 prtemia,
803 3723 899 3777 pro
929 3708 1083 3761 malis
1114 3704 1306 3759 luenda
1331 3702 1614 3773 supplicia.

819 3798 1048 3855 CAPUT
1086 3795 1333 3852 CCXCV.

281 3898 444 3965 Quod
480 3897 666 3952 ostium
724 3894 860 3949 Μ’ὺὶ
902 3891 1164 3962 aperiatur
1193 3904 1307 3965 runt
1350 3885 1722 3965 cev‘nudiemis
1751 3900 1873 3953 ape-

609 3970 779 4021 riatur
805 3976 859 4019 ut
882 3959 1077 4026 credat,
1108 3976 1168 4015 ex
1196 3960 1372 4014 eodem
1402 3959 1552 4011 hbro.

366 4058 653 4127 Quomodo
689 4057 930 4128 aperitur
959 4054 1153 4108 ostium
1187 4050 1358 4115 verbi,
1392 4049 1490 4103 nisi
1523 4063 1644 4102 cum
1676 4060 1871 4101 sensus

283 4154 533 4222 aperitur
559 4149 827 4204 audientis
869 4153 928 4201 ut
962 4144 1169 4205 credat,
1196 4152 1249 4197 et
1280 4142 1429 4194 initio
1460 4138 1582 4193 ﬁdei
1616 4140 1775 4199 Iacto,
1810 4150 1871 4190 ea

283 4260 413 4316 quae
433 4243 502 4298 ad
532 4241 904 4298 aediﬁcandam
931 4238 1201 4294 salubrem
1229 4234 1526 4289 doctrinam
1573 4230 1872 4299 praedicau-

285 4349 375 4391 tur
397 4346 452 4390 et
480 4335 823 4404 disputantur
851 4330 1117 4397 admittat,
1146 4342 1213 4383 ne
1234 4342 1329 4396 per
1355 4325 1725 4381 infidelitatem
1755 4338 1876 4377 cor-

285 4428 356 4483 de
387 4427 590 4487 clauso.
638 4439 700 4478 ea
746 4438 866 4493 quae
910 4421 1162 4477 dicuntur
1205 4417 1469 4484 improbet
1508 4430 1573 4469 ac
1611 4413 1873 4481 repellat?

287 4516 447 4572 Unde
474 4526 528 4571 et
560 4514 625 4569 ad
648 4512 957 4569 Corinthios
988 4511 1092 4565 ait:
1127 4505 1463 4564 Permanebo
1488 4515 1666 4559 autem
1700 4500 1876 4571 Ephe-

1977 3333 2342 3402 probavitnus,
2374 3349 2495 3387 cum
2529 3334 2669 3389 Deus
2698 3339 2811 3389 vult
2842 3335 2975 3401 fieri,
3009 3336 3150 3406 quod
3177 3351 3281 3391 non
3312 3337 3413 3391 nisi
3462 3353 3556 3391 vo-

1975 3425 2209 3481 lentibus
2257 3427 2561 3479 hominibus
2604 3435 2816 3495 Oportet
2860 3427 3009 3492 ﬁeri,
3065 3427 3307 3482 inclinari
3368 3443 3555 3483 eorum

1976 3517 2161 3582 corda,
2206 3527 2263 3571 ut
2290 3517 2390 3571 hoc
2421 3517 2610 3581 velint,
2641 3532 2707 3572 eo
2753 3519 2960 3573 scilicet
3012 3519 3322 3586 inclinante,
3369 3522 3457 3590 qui
3510 3521 3562 3575 itt

1977 3610 2133 3664 nobis
2163 3607 2395 3663 mirabili
2445 3610 2605 3662 modo
2649 3618 2702 3663 et
2735 3610 2985 3665 ineffabili
3014 3620 3269 3679 operatur
3312 3620 3367 3666 et
3404 3612 3564 3678 velle,

1976 3700 2043 3755 ad
2067 3714 2281 3755 causam
2311 3701 2377 3754 de
2408 3715 2508 3769 qua
2538 3700 2875 3766 disserimus,
2931 3715 3036 3755 non
3094 3702 3370 3770 pertinere
3410 3702 3566 3758 dite-

1977 3802 2123 3846 runt.
2152 3791 2289 3857 Quid
2318 3800 2399 3845 est
2427 3790 2568 3844 aliud
2602 3792 2733 3844 nihil
2756 3791 2953 3856 dicere,
2979 3800 3035 3846 et
3065 3803 3246 3848 tamen
3289 3796 3566 3848 contradi-

1976 3882 2135 3936 cere?
2159 3881 2258 3933 uisi
2288 3880 2425 3934 forte
2451 3882 2763 3935 existimant
2786 3882 2849 3934 ad
2866 3896 3025 3951 ri-gna
3052 3892 3263 3937 terrena
3288 3884 3556 3950 facienda,

1980 3973 2145 4026 Deum
2179 3972 2451 4035 inclinare,
2485 3973 2549 4024 ad
2593 3987 2812 4041 regnum
2866 3987 2997 4027 vero
3044 3974 3267 4029 cmleste
3313 3974 3565 4032 obtinen-

1977 4072 2124 4132 dum,
2152 4067 2315 4121 Deum
2342 4081 2445 4121 non
2477 4066 2762 4131 inclinare,
2794 4082 3021 4137 quorum
3058 4067 3287 4122 voluerit
3324 4069 3567 4124 volunta-

1978 4160 2104 4215 tes?
2134 4161 2227 4215 sed
2276 4169 2336 4214 ut
2388 4170 2515 4228 puto
2574 4167 2793 4228 propter
2840 4174 3063 4229 regnum
3111 4161 3393 4225 caelorum,
3457 4177 3562 4217 non

1978 4260 2199 4324 propter
2229 4267 2449 4322 regnum
2476 4262 2769 4316 terrenum,
2804 4265 2925 4306 esse
2952 4251 3153 4305 dictum
3184 4267 3197 4303 :
3232 4252 3431 4305 lnclina
3465 4266 3563 4307 cor

1981 4359 2158 4401 meum
2184 4345 2237 4399 itt
2266 4344 2567 4398 testimonia
2589 4354 2704 4407 tua;
2732 4343 2814 4397 vel
2839 4359 2854 4397 :
2884 4342 2929 4397 A
2964 4342 3188 4397 Domino
3216 4357 3432 4413 gressus
3466 4344 3567 4397 ho-

1980 4438 2137 4492 minis
2164 4438 2480 4506 diriguntur,
2512 4446 2565 4489 et
2596 4434 2732 4488 viam
2757 4433 2872 4503 eius
2892 4436 3062 4501 volet;
3088 4436 3170 4489 vel
3188 4450 3203 4487 :
3224 4434 3448 4489 Paratur
3464 4449 3562 4488 vu-

1982 4528 2156 4583 luntas
2178 4544 2208 4583 a
2235 4527 2489 4593 Domino;
2515 4529 2599 4583 vel
2624 4546 2635 4580 :
2658 4527 2804 4582 Dabo
2830 4528 2909 4582 eis
2933 4544 3026 4583 cor
3049 4529 3212 4596 aliud,
3237 4537 3292 4583 et
3318 4529 3564 4597 spiritum

284 4610 333 4664 si
362 4623 534 4677 usque
562 4606 629 4660 ad
660 4605 1034 4666 Pt-ntecosten,
1061 4604 1257 4657 ostium
1286 4599 1432 4655 enim
1468 4596 1597 4650 mihi
1626 4606 1866 4663 apertum

1983 4636 2175 4676 novum
2196 4620 2334 4676 dabo
2360 4620 2458 4675 eis.
2484 4619 2718 4674 Audiam
2741 4621 2902 4675 etiam
2932 4622 3087 4674 illud:
3108 4596 3366 4688 Spiritum
3388 4636 3567 4675 meum

285 4711 371 4756 est
395 4716 643 4768 magnum
674 4706 729 4753 et
752 4698 994 4760 evidens,
1023 4704 1080 4750 et
1097 4692 1389 4748 adversarii
1412 4690 1561 4745 multi
1587 4704 1604 4754 ;
1632 4687 1758 4757 quid
1786 4687 1873 4742 hic

285 4802 469 4862 potest
496 4790 640 4844 aliud
668 4788 912 4857 inteliigi,
945 4787 1047 4841 nisi
1076 4787 1363 4855 prmtlicato
1392 4783 1461 4836 ibi
1488 4795 1583 4850 per
1606 4795 1728 4835 eum
1763 4779 1875 4846 pri-

288 4886 455 4938 mitus
486 4882 777 4950 Evangelia
808 4880 1102 4935 credidise
1148 4878 1370 4940 multos,
1401 4886 1456 4929 et
1500 4875 1693 4928 multos
1732 4872 1877 4941 eius-

284 4976 414 5029 dem
442 4972 562 5026 ﬁdei
585 4972 922 5025 adversarios
935 4969 1227 5033 exstitisse,
1249 4966 1541 5020 secundum
1568 4964 1694 5019 illud
1712 4964 1879 5017 Domi-

286 5066 341 5119 ni
371 5080 387 5116 :
422 5064 592 5117 Nemo
619 5062 768 5115 venit
795 5060 860 5114 ad
887 5075 992 5125 me,
1016 5058 1119 5112 nisi
1142 5061 1224 5111 cui
1254 5057 1438 5110 datum
1470 5056 1627 5111 fuerit
1656 5072 1685 5109 a
1720 5054 1877 5108 Patre

286 5172 439 5222 meo;
465 5164 520 5210 ct
539 5173 555 5211 :
576 5154 739 5209 Vobis
770 5153 954 5207 datum
976 5162 1059 5206 est
1079 5163 1237 5205 nosse
1251 5148 1561 5219 mysterium
1592 5148 1739 5217 regni
1768 5161 1879 5202 cte-

286 5254 489 5315 lorum,
512 5250 618 5303 illis
640 5259 819 5302 autem
852 5262 957 5301 non
990 5254 1073 5300 est
1096 5242 1317 5298 datum?
1339 5241 1546 5295 Ostium
1569 5254 1697 5309 ergo
1719 5254 1876 5308 aper-

287 5353 404 5397 tum
434 5341 593 5395 estin
622 5342 702 5395 eis
745 5339 943 5407 quibus
988 5338 1173 5393 datum
1215 5344 1321 5399 est,
1374 5334 1667 5389 adversarii
1698 5340 1879 5388 autem

287 5433 475 5497 multi,
505 5447 575 5487 ea
608 5431 689 5487 eis
735 5431 931 5501 quibus
962 5446 1066 5484 non
1120 5437 1201 5483 est
1247 5428 1471 5491 datum;
1534 5424 1767 5494 itemque
1814 5423 1881 5478 ad

286 5526 514 5581 eosdezn
584 5525 637 5579 in
697 5523 934 5579 secunda
1008 5520 1247 5592 Epistola
1322 5520 1463 5573 idem
1538 5519 1877 5587 Aposttlus:

287 5621 430 5674 Cum
489 5617 791 5678 venissem,
839 5615 1049 5685 inquit,
1101 5611 1390 5674 Troadem,
1444 5611 1497 5665 in
1537 5609 1883 5679 Evangelium

290 5707 523 5773 Christi,
554 5718 606 5761 et
628 5706 823 5761 ostium
850 5706 982 5760 mihi
1032 5715 1274 5773 apertum
1329 5712 1473 5758 esset
1524 5702 1576 5756 in
1636 5701 1883 5768 Domino,

300 5818 409 5857 non
443 5800 608 5856 habui
636 5798 875 5868 requiem
904 5797 1113 5866 spiritui
1148 5811 1293 5861 meo,
1339 5810 1407 5852 eo
1435 5793 1575 5865 quod
1601 5808 1706 5850 non
1736 5793 1887 5849 inve-

577 5974 845 6034 PATttoL.
899 5973 1098 6037 LXII.

1980 4715 2120 4770 dabo
2147 4713 2199 4767 in
2234 4713 2405 4777 vobis,
2436 4722 2487 4767 et
2521 4714 2707 4767 faciam
2738 4722 2795 4766 ut
2818 4713 2868 4765 in
2905 4712 3385 4782 iusti'icatiouibus
3435 4714 3571 4769 mz-is

1979 4804 2267 4861 ambuletis
2290 4820 2304 4869 ;
2331 4802 2549 4857 audiant
2586 4821 2599 4854 :
2635 4806 2675 4857 Α
2708 4804 2931 4856 Domino
2979 4804 3318 4875 corriguntur
3349 4818 3570 4874 gressus

1980 4900 2113 4963 viri;
2134 4897 2380 4951 audiant:
2406 4895 2590 4949 Omnis
2615 4895 2691 4948 vir
2711 4895 2916 4949 videtur
2929 4896 3141 4951 sibimet
3157 4911 3273 4951 esse
3291 4896 3571 4966 iustus.di-

1982 4991 2105 5061 rigit
2133 4997 2309 5043 autem
2341 4986 2618 5057 corda7o
2632 4986 2921 5051 Dominus;
2940 4987 3159 5041 audiant
3180 4986 3567 5043 :Credideruat

1988 5090 2249 5154 quotquot
2262 5091 2414 5135 erant
2437 5080 2647 5149 prteord
2676 5079 2784 5134 nati
2798 5080 2849 5133 in
2865 5083 3026 5135 vitam
3042 5091 3327 5147 aeternam;
3350 5080 3505 5135 audia
3518 5092 3568 5133 ll.

1981 5174 2099 5231 base
2110 5183 2163 5230 et
2176 5173 2279 5228 alia
2295 5187 2624 5242 quaecunque
2641 5187 2745 5225 non
2758 5172 2891 5238 dixi,
2908 5172 3101 5242 quibus
3116 5173 3415 5227 ostenditur
3432 5174 3571 5225 licus

1984 5269 2050 5324 ad
2078 5282 2301 5339 regnum
2332 5268 2493 5322 etiam
2516 5268 2797 5331 cmiorum,
2824 5277 2873 5320 et
2908 5266 2973 5319 ad
3004 5267 3164 5321 vitam
3196 5276 3453 5319 :eternatn
3478 5279 3570 5333 pa-

1984 5375 2126 5426 rare,
2159 5368 2215 5415 et
2264 5367 2583 5413 convertere
2634 5356 2909 5411 hominum
2959 5357 3282 5410 voluntates.
3324 5353 3570 5425 Cogitate

1986 5463 2165 5509 autem
2198 5456 2357 5523 quate
2380 5453 2450 5507 sit
2478 5461 2531 5506 ut
2558 5449 2863 5514 credamus,
2887 5449 2953 5501 ad
2984 5444 3361 5502 constituenda
3405 5460 3571 5514 regna

1994 5556 2205 5600 terrena
2237 5544 2511 5597 hominum
2568 5542 2872 5595 voluntates
2923 5537 3133 5607 operari
3192 5536 3381 5602 Deum,
3417 5547 3471 5591 et
3510 5539 3577 5591 ad

1992 5637 2383 5708 capessendum
2425 5651 2645 5707 regnum
2678 5632 2937 5689 caelorum
2968 5631 3213 5685 homines
3234 5631 3447 5700 operari
3481 5647 3577 5686 vo-

1994 5732 2228 5790 luntates
2251 5747 2393 5789 suas.

3024 5967 3102 6029 32
