4016 6184
470 382 603 437 θυίιδ

996 492 1220 546 CAPUT
1251 491 1522 545 CCXLVI.

467 589 617 655 Quod
650 589 813 656 gratia
843 589 1114 656 prwveuiat
1154 587 1341 653 ﬁdem.
1376 593 1678 654 prastetque
1720 598 2042 650 perseveran-

699 661 858 723 tiam;
891 674 951 711 ea;
980 658 1111 710 libro
1141 659 1204 709 de
1230 656 1375 709 Bono
1405 656 1814 726 persevrrantite.

537 751 802 808 Prtcvt'nit
823 765 949 817 ergo
971 756 1024 803 et
1047 748 1204 803 iidem
1229 748 1427 817 gratia:
1447 748 1683 815 alioquin
1706 748 1750 800 si
1778 745 1908 798 fides
1930 757 2048 797 eam

468 846 748 916 praevenit,
775 841 1126 912 proculdubio
1152 841 1409 910 pravenit
1430 850 1483 895 et
1507 840 1778 903 voluntas,
1797 839 2047 906 quoniam

469 940 550 993 tul.
574 951 600 990 s
628 938 747 992 sine
777 935 1052 988 voluntate
1084 948 1189 987 non
1218 941 1396 1003 potest
1419 946 1573 987 esse:
1603 932 1646 985 si
1674 940 1850 983 autem
1879 927 2048 998 gratia

469 1028 730 1099 praevenit
760 1025 943 1089 fidem,
977 1024 1231 1094 quoniam
1263 1022 1524 1091 praevenit
1553 1022 1901 1084 voluntatem,
1930 1033 2049 1088 pro-

470 1121 611 1175 fecto
643 1116 905 1189 praevenit
932 1128 1146 1169 omnem
1178 1112 1565 1176 obedientiam,
1600 1108 1861 1181 pravenit
1889 1108 2048 1163 etiam

470 1211 785 1265 cltaritalem
807 1248 822 1273 ,
847 1220 949 1276 qua
974 1219 1076 1259 una
1105 1205 1214 1258 Deo
1238 1203 1500 1259 veraciter
1522 1212 1575 1256 et
1603 1203 1839 1257 suaviter
1868 1200 2052 1255 obedi-

471 1317 575 1355 tur.
617 1302 684 1355 Et
725 1300 838 1352 hate
878 1296 1057 1350 omnia
1097 1296 1264 1365 gratia
1307 1297 1357 1350 in
1398 1311 1465 1350 eo
1493 1297 1578 1349 cui
1606 1295 1786 1359 datur,
1817 1305 1871 1348 et
1897 1293 2051 1361 cujus

474 1396 588 1448 haec
615 1391 797 1445 omnia
837 1387 1095 1459 prawettit
1117 1430 1132 1453 ,
1164 1396 1440 1457 operatur.
1486 1386 1669 1441 Restat
1700 1386 1751 1439 i:i
1785 1384 1868 1438 bis
1898 1383 2052 1438 bonis

474 1500 643 1555 usque
686 1484 774 1555 [in
808 1479 1001 1554 linem]
1032 1482 1432 1552 perseverantia
1452 1523 1468 1548 ,
1501 1494 1622 1549 quae
1650 1480 1849 1533 frustra
1877 1478 2053 1546 quoti-

471 1578 558 1632 die
587 1592 615 1630 a
642 1574 865 1630 Domino
894 1574 1154 1642 poscitur,
1178 1571 1223 1626 si
1246 1586 1352 1626 non
1376 1586 1494 1627 eam
1527 1569 1785 1625 Dominus
1812 1584 1907 1639 per
1930 1584 2051 1637 gra-

477 1671 601 1724 tiam
635 1681 820 1730 suam,
854 1666 907 1719 in
940 1664 1030 1720 illo
1060 1663 1215 1734 cujus
1244 1664 1544 1718 orationem
1577 1662 1828 1726 exaudit,
1862 1676 2051 1731 opera-

473 1773 581 1818 tur.
610 1760 803 1815 Videte
840 1758 948 1827 jam
978 1772 1008 1810 a
1048 1757 1277 1811 veritate
1298 1770 1456 1824 quam
1496 1756 1565 1810 sit
1594 1755 1825 1809 alienum
1855 1768 2051 1823 negare

1552 379 1607 433 ι).
1654 358 1978 434 EUGYPPII
2020 372 2310 431 AllBATlS
2350 373 2670 429 AFRICANI

2078 491 2122 548 Α
2150 496 2296 542 certe
2322 502 2539 540 causam
2570 501 2665 540 cur
2704 483 2803 537 sub
2831 484 3047 539 diabolo
3084 486 3155 540 sit
3194 491 3283 556 qtti
3329 492 3592 551 naseitnt,
3632 486 3720 539 do-

3604 373 3730 426 iiii.“

2156 594 2254 633 uec
2295 587 2607 633 renascatur
2654 578 2705 630 in
2746 574 2996 639 Christo,
3044 593 3141 646 pro
3181 582 3385 647 peccati
3419 595 3483 633 ex
3531 578 3736 649 origine

2151 668 2381 722 dicimus
2408 683 2530 722 esse
2557 667 2893 735 contagium;
2930 682 3020 721 vos
3049 676 3227 722 autem
3259 669 3349 738 qui
3382 670 3481 721 hoc
3512 672 3735 737 negatis,

2158 772 2219 811 ea
2254 758 2442 811 saltent
2474 772 2593 824 qua:
2621 767 2807 824 aperta
2846 764 2967 808 sunt
3013 757 3325 811 intuemini:
3357 773 3456 811 cur
3499 760 3739 810 nonnulli

2152 846 2315 900 etiam
2334 846 2637 900 dtemonem
2659 846 2929 915 patiantur
2949 845 3203 913 infantes,
3221 848 3319 901 nisi
3348 850 3484 901 forte
3498 860 3551 902 et
3575 851 3739 918 ipsos,

2154 946 2244 989 aut
2273 951 2397 991 esse
2420 979 2435 1000 ,
2468 944 2560 989 aut
2588 935 2686 990 sub
2712 935 2931 990 diabolo
2966 951 3091 991 esse
3114 979 3130 1003 ,
3177 939 3468 1006 negabitis;
3511 953 3611 991 nec
3650 952 3747 991 vos

2156 1029 2506 1097 Evangelium
2538 1028 2937 1087 contmonebit.
2981 1030 3071 1081 ubi
3120 1029 3345 1082 forsitan
3387 1039 3608 1096 propter
3649 1044 3747 1082 vos

2158 1120 2508 1189 interrogavit
2538 1119 2791 1172 Dominus
2812 1157 2827 1181 ,
2856 1133 2991 1186 quos
3018 1116 3203 1189 [quod]
3234 1119 3471 1180 sciebat,
3506 1130 3564 1171 ut
3593 1126 3746 1186 pater

2155 1212 2300 1279 pueri
2324 1210 2700 1279 responderet,
2728 1210 2894 1263 filium
2919 1224 3072 1263 suum
3095 1209 3164 1262 ab
3184 1208 3408 1263 infantia
3430 1224 3524 1261 sua
3541 1210 3745 1263 dwmo-

2162 1303 2250 1356 nio
2271 1310 2376 1355 tam
2400 1303 2543 1371 gravi
2571 1298 2952 1371 [graviterque]
2978 1301 3180 1366 vexari,
3208 1312 3261 1354 ut
3296 1318 3324 1352 ει
3349 1299 3551 1353 Christi
3579 1300 3748 1354 disti-

2153 1394 2295 1463 pulis
2319 1409 2422 1447 non
2451 1402 2637 1462 posset
2665 1393 2887 1461 expelli.
2915 1393 3054 1446 Ecce
3081 1407 3203 1462 ego,
3229 1401 3290 1446 ut
3318 1393 3426 1445 sint
3448 1393 3653 1459 parvuli
3692 1395 3744 1443 in

2151 1486 2355 1540 diaboli
2380 1493 2666 1554 potestate.
2687 1498 2902 1537 causam
2931 1483 3144 1551 nuptias
3166 1498 3287 1537 esse
3308 1498 3414 1536 non
3437 1483 3579 1542 dico.
3599 1481 3746 1546 quod

2153 1592 2239 1632 me
2284 1577 2467 1632 dicere
2495 1574 2841 1631 calumniaris
2867 1592 2881 1627 :
2913 1574 3111 1643 nuptiae
3141 1574 3339 1643 quippe
3371 1573 3569 1627 habent
3596 1575 3747 1626 ordi-

2154 1683 2276 1722 nem
2300 1682 2477 1732 suum,
2501 1676 2556 1721 et
2580 1664 3005 1721 benedictionem
3031 1679 3204 1723 suam.
3236 1666 3540 1734 bonumque
3563 1680 3745 1724 suum,

2152 1761 2292 1829 quod
2329 1776 2429 1813 nec
2457 1759 2794 1813 subintrante
2816 1766 3031 1825 peccato
3059 1759 3310 1812 amittere
3339 1768 3665 1828 potuerunt;
3698 1768 3749 1810 tn

472 1853 670 1906 donum
694 1849 790 1904 Dei
814 1863 936 1904 esse
962 1846 1416 1917 perseverantiam
1442 1858 1615 1913 uSqttc
1636 1844 1688 1898 in
1713 1845 1871 1899 linem
1896 1843 2054 1913 hujus
2087 1856 2131 1917 Β
2157 1863 2335 1907 autem
2354 1893 2370 1914 ,
2397 1866 2563 1921 quare
2592 1851 2664 1907 sit
2690 1851 2791 1905 sub
2816 1852 3033 1905 diabolo
3064 1852 3153 1906 ille
3188 1852 3384 1906 saltem
3425 1851 3623 1918 iurans,
3656 1853 3748 1919 qui

472 1945 632 2019 vitae,
665 1955 787 1995 cum
818 1940 944 1992 vita:
977 1937 1100 1992 huic
1130 1978 1145 2001 ,
1178 1934 1397 2006 quando
1427 1935 1691 2000 voluerit,
1723 1935 1839 2003 ipse
1867 1934 1959 1990 det
1998 1935 2059 1988 ti-

476 2048 638 2097 nem;
671 2045 829 2102 quem
861 2030 905 2084 si
936 2028 1028 2083 dat
1068 2038 1195 2084 ante
1233 2027 1603 2083 imminentem
1644 2026 1852 2094 lapsum
1878 2067 1894 2093 ,
1936 2025 2062 2080 facit

478 2122 748 2177 hominem
776 2134 1127 2190 perseverare
1153 2132 1322 2187 usque
1344 2117 1398 2171 in
1424 2116 1604 2172 finem.
1627 2116 1735 2171 Sed
1767 2113 2060 2170 mirabilior

474 2226 526 2270 et
550 2214 793 2269 fidelibus
818 2211 1120 2267 evidentior
1148 2209 1364 2279 largitas
1390 2208 1641 2262 bonitatis
1668 2207 1762 2261 Dei
1788 2216 1894 2269 est,
1918 2206 2059 2275 quod

474 2310 636 2363 etiam
669 2304 925 2377 parvulis,
970 2302 1165 2371 quibus
1189 2299 1495 2355 obcdientia
1520 2315 1629 2353 ttutt
1656 2306 1739 2353 est
1764 2296 1909 2353 illius
1932 2305 2061 2352 atta-

477 2405 547 2454 t‘s
575 2409 630 2453 ut
659 2400 849 2461 detur,
898 2394 965 2449 da
993 2409 1055 2448 ur
1086 2394 1200 2448 lure
1228 2392 1423 2463 gratia.
1454 2391 1557 2446 ista
1588 2392 1749 2463 igitur
1775 2405 1871 2445 sua
1900 2391 2061 2456 dona,

475 2491 887 2560 quibuscunque
918 2486 1059 2541 Deus
1098 2485 1300 2545 donat.
1344 2482 1698 2554 proculdubio
1737 2497 1796 2538 se
1830 2482 2061 2539 donatu-

479 2597 598 2637 rum
638 2595 760 2636 esse
806 2578 1106 2653 prmscivit,
1149 2586 1204 2633 et
1244 2576 1299 2631 iu
1342 2592 1437 2631 sua
1478 2576 1810 2646 praescientia
1855 2591 2063 2647 praepa-

478 2673 635 2728 ravit.
664 2672 813 2739 Quos
835 2684 965 2741 ergo
995 2667 1430 2739 praedestinavit,
1464 2668 1607 2737 ipsos
1630 2678 1684 2723 et
1710 2671 1952 2735 vocavit,
1980 2684 2066 2722 vo-

476 2769 691 2823 catione
721 2764 809 2819 illa
841 2778 1001 2834 quam
1026 2776 1111 2817 me
1131 2775 1276 2830 sape
1301 2776 1733 2816 commemorare
1756 2776 1862 2816 non
1888 2762 2061 2831 piget,

477 2862 546 2916 de
572 2875 677 2931 qua
720 2858 924 2912 dictum
954 2864 1079 2910 est:
1129 2854 1260 2909 Sine
1304 2855 1615 2922 pmnitentia
1663 2863 1789 2909 sunt
1827 2854 1967 2909 dona
2011 2863 2067 2911 et

481 2953 693 3006 vocatio
718 2948 811 3003 Dei
837 2963 852 3011 ;
885 2960 1118 3015 namque
1149 2945 1202 2998 in
1236 2959 1333 2999 sua
1361 2959 1478 3013 qua:
1506 2942 1612 2998 falli
1636 2943 1939 3013 mutarique
1961 2959 2064 2998 non

482 3052 663 3113 potest
699 3038 1069 3110 pratscicntia,
1102 3050 1267 3105 opera
1306 3049 1401 3090 sua
1446 3035 1622 3089 futura
1658 3035 1980 3104 disponere,
2015 3037 2065 3090 id

482 3134 703 3188 omnino
736 3146 835 3186 nec
864 3127 1008 3186 aliud
1040 3127 1321 3197 quicquam
1352 3135 1437 3181 est
1468 3125 1873 3193 prmtlestinare.

998 3239 1228 3295 CAPUT
1267 3238 1566 3295 CCXCVII.

486 3340 635 3407 Quod
668 3337 869 3407 parvuli
894 3376 908 3399 ,
948 3336 992 3388 si
1037 3341 1300 3407 precatum
1334 3332 1587 3407 originale
1613 3349 1715 3386 non
1748 3342 1909 3407 esset,
1938 3334 2068 3386 nulli

554 3428 580 3460 r
606 3402 691 3460 alo
733 3416 1021 3459 tenerentur
1061 3403 1303 3466 obnoxii;
1335 3418 1399 3456 ex
1429 3403 1557 3455 libro
1587 3415 1766 3457 contra
1791 3402 2069 3458 Julianum

556 3490 723 3530 lrl'uo.

561 3593 783 3647 Frustra
814 3589 994 3657 itaque
1022 3593 1179 3655 putas
1206 3583 1330 3638 ideo
1361 3585 1411 3637 in
1442 3584 1677 3653 parvulis
1704 3600 1811 3640 non
1834 3599 1956 3641 esse
1977 3586 2072 3643 de-

472 3664 700 3750 lictum,
729 3682 854 3751 quia
876 3679 995 3733 sine
1015 3675 1316 3740 voluntate,
1340 3689 1460 3743 quae
1483 3674 1536 3728 in
1560 3674 1639 3729 eis
1658 3676 1800 3731 nulla
1823 3684 1927 3743 est,
1950 3691 2072 3733 esse

492 3793 598 3832 non
628 3780 837 3844 potest;
872 3769 972 3825 hoc
999 3767 1141 3822 enim
1167 3774 1314 3820 recte
1336 3763 1535 3821 dicitur
1556 3777 1777 3836 propter
1800 3767 2071 3836 proprium

494 3871 757 3936 cujusque
788 3868 1065 3933 peccatum
1084 3903 1100 3927 ,
1132 3873 1238 3914 non
1270 3868 1489 3928 propter
1519 3859 1676 3928 primi
1717 3861 1918 3929 peccati
1966 3865 2075 3916 ori-

470 3959 675 4029 ginale
706 3955 1035 4024 contagium.
1065 3952 1219 4018 Quod
1264 3954 1307 4005 si
1355 3951 1558 4007 nullum
1599 3961 1782 4020 esset,
1829 3951 2073 4022 profecto

494 4050 620 4103 nulli
665 4045 806 4102 malo
850 4042 1059 4117 parvuli
1095 4040 1376 4108 obstricti,
1420 4040 1552 4096 nihil
1595 4042 1721 4096 mali
1762 4044 1848 4098 vel
1875 4044 1928 4097 in
1954 4058 2074 4098 cor-

492 4160 526 4211 p
565 4155 622 4195 re
643 4179 657 4204 ,
688 4136 775 4193 vel
804 4134 860 4191 in
885 4133 1063 4190 anima
1094 4133 1195 4187 sub
1227 4143 1369 4186 tanta
1394 4132 1525 4201 justi
1560 4132 1654 4188 Dei
1686 4143 1949 4201 potestate
1979 4150 2072 4204 pa-

499 4216 761 4289 terentur.
810 4225 965 4296 Quod
1014 4233 1189 4279 tainen
1239 4237 1295 4277 et
1339 4225 1512 4293 ipsum
1554 4238 1584 4277 a
1624 4225 1761 4279 mala
1799 4227 2075 4282 voluntate

496 4326 734 4395 primum
776 4318 1052 4375 hominum
1092 4316 1326 4387 sumpsit
1366 4315 1682 4384 exordium,
1726 4318 1796 4371 ita
1839 4317 1942 4372 nisi
1982 4333 2076 4373 vo-

500 4424 676 4471 luntas
705 4412 846 4468 mala
866 4448 881 4474 ,
914 4424 1021 4465 non
1051 4417 1137 4464 est
1161 4407 1473 4479 cujusquam
1516 4408 1621 4463 utla
1660 4409 1809 4481 origo
1849 4411 2074 4478 peccati.

499 4510 624 4564 lla-.c
645 4508 689 4560 si
713 4506 911 4573 sapias,
932 4499 1248 4571 simpliciter
1266 4507 1322 4554 et
1348 4499 1611 4554 veraciter
1630 4501 1856 4570 gratiam
1878 4500 2075 4557 Christi

2167 1942 2607 1997 manifestissime
2645 1950 2870 1996 vexatur
2906 1956 2937 1995 a
2978 1940 3224 2006 diabolo,
3262 1943 3334 1995 ita
3373 1951 3430 1996 ιιι
3457 1940 3751 2009 aliquando

2164 2038 2277 2105 ipsa
2307 2036 2593 2090 vexatione
2622 2035 2906 2100 moriatur,
2939 2033 3207 2103 responde
3236 2033 3283 2088 si
3313 2041 3487 2103 potes.
3517 2032 3637 2088 Non
3669 2033 3752 2086 vis

2160 2132 2304 2186 enim
2352 2144 2679 2201 quemquam
2721 2128 2888 2183 ullam
2936 2142 3148 2197 pinnam
3194 2142 3293 2197 pro
3333 2128 3521 2181 alienis
3565 2126 3753 2181 subire

2161 2221 2430 2291 peccatis,
2465 2236 2532 2276 ne
2562 2221 2688 2275 hinc
2717 2220 2809 2273 flat
2841 2218 3103 2273 credibile
3132 2218 3295 2273 etiam
3338 2216 3581 2285 contagia
3624 2232 3752 2282 per.

2167 2322 2413 2371 calorum
2443 2314 2495 2367 in
2528 2322 2814 2367 nascentes
2841 2325 2903 2366 ex
2935 2310 3279 2381 gignentibus
3308 2325 3468 2380 posse
3497 2311 3749 2362 transire.

2164 2406 2272 2463 Sed
2321 2405 2569 2461 videlicet
2607 2405 2854 2475 egregius
2893 2403 3229 2471 dialecticus,
3275 2419 3379 2458 non
3409 2418 3494 2458 me
3530 2403 3754 2470 patieris

2163 2500 2327 2569 elabi,
2351 2500 2445 2555 sed
2470 2513 2658 2569 presse
2680 2498 3036 2568 interrogabis
3058 2508 3112 2554 et
3138 2497 3391 2553 breviter:
3412 2497 3466 2550 In
3494 2498 3752 2566 parvulis,

2163 2594 2433 2648 actionem
2465 2607 2638 2655 ream,
2670 2607 2736 2644 an
2763 2602 3008 2645 naturam
3036 2600 3216 2662 putem
3246 2608 3261 2657 ;
3289 2600 3343 2646 et
3370 2590 3436 2645 ad
3466 2602 3757 2659 utrumque

2165 2685 2541 2753 respondens:
2573 2684 2630 2740 Si
2661 2684 2873 2738 artione
2904 2680 3248 2754 [actionem],
3278 2683 3477 2753 inquis,
3526 2684 3759 2739 ostende

2177 2774 2304 2842 quid
2341 2773 2600 2835 fecerint;
2630 2772 2673 2827 si
2703 2783 2890 2826 natura
2917 2771 3237 2845 [naturam],
3266 2774 3486 2827 ostende
3512 2774 3634 2842 quis
3666 2787 3760 2828 eos

2167 2862 2373 2919 fecerit.
2422 2863 2583 2930 Quasi
2630 2872 2686 2918 et
2732 2865 2873 2918 actio
2922 2865 3061 2919 mala
3120 2863 3308 2929 faciat,
3356 2865 3460 2919 nisi
3513 2876 3759 2921 naturam

2171 2971 2341 3011 ream.
2370 2956 2598 3011 Actione
2625 2953 2822 3024 quippe
2849 2955 2941 3024 qui
2987 2970 3114 3010 reus
3142 2964 3257 3019 est,
3306 2954 3469 3009 homo
3504 2970 3539 3010 e
3573 2964 3630 3020 t;
3668 2956 3758 3009 Iso-

2171 3060 2260 3099 mo
2289 3053 2467 3100 autem
2498 3052 2687 3099 natura
2716 3053 2840 3100 est:
2875 3044 3124 3099 humines
3165 3044 3324 3113 igitur
3365 3044 3509 3098 sicut
3552 3046 3758 3111 peccati

2175 3132 2388 3189 actione
2418 3133 2692 3203 majores,
2736 3134 2809 3187 ita
2846 3134 3084 3188 minores
3128 3133 3395 3203 majorum
3436 3136 3761 3203 contagione

2094 3218 2140 3281 C
2170 3233 2299 3279 sunt
2325 3225 2403 3278 rei
2431 3241 2443 3276 :
2477 3223 2562 3277 isti
2594 3238 2659 3277 ex
2688 3238 2755 3277 eo
2784 3227 2927 3292 quod
2959 3221 3191 3287 faciunt,
3220 3223 3298 3277 illi
3328 3238 3392 3277 ex
3425 3221 3621 3292 quibus
3651 3222 3758 3278 ori-

2171 3315 2346 3383 ginem
2374 3313 2593 3368 ducunt.
2627 3312 2889 3380 Quocirca
2913 3311 2963 3366 in
2990 3313 3225 3381 parvulis
3250 3312 3450 3368 bonum
3479 3324 3585 3377 est,
3614 3312 3755 3382 quod

2176 3404 2425 3458 homines
2448 3413 2593 3470 sunt,
2622 3404 2763 3472 quod
2792 3405 3012 3458 omnino
3038 3419 3143 3458 non
3170 3413 3377 3468 essent,
3400 3405 3501 3460 nisi
3526 3420 3622 3460 eos
3648 3405 3755 3467 ille,

2170 3496 2265 3565 qui
2296 3509 2505 3550 summe
2537 3495 2709 3549 bonus
2729 3502 2830 3553 est.
2862 3496 3173 3551 creavisset.
3199 3495 3394 3550 Malum
3420 3510 3554 3551 vero
3574 3497 3617 3550 si
3642 3498 3755 3550 nul-

2173 3588 2282 3643 lum
2316 3602 2380 3640 ex
2412 3585 2621 3655 origine
2649 3585 2956 3650 traherent,
3006 3600 3280 3656 nunquam
3323 3601 3447 3642 cum
3487 3587 3635 3641 vittis
3674 3589 3756 3641 vel

2172 3677 2547 3744 corporalibus
2578 3686 2952 3732 nascerentur.
2988 3677 3127 3732 Deus
3151 3677 3297 3733 enim
3324 3679 3414 3747 qui
3442 3686 3526 3733 est
3554 3679 3756 3733 anima-

2175 3786 2313 3836 rum,
2350 3769 2463 3839 ipse
2492 3778 2577 3825 est
2604 3770 2764 3824 etiam
2807 3783 3093 3839 corporum
3132 3770 3403 3836 conditor,
3441 3772 3533 3841 qui
3580 3772 3757 3841 utique

2177 3860 2429 3915 humana:
2457 3859 2511 3914 in
2544 3860 2657 3927 ipsa
2686 3859 2995 3915 conditione
3025 3870 3231 3915 natura:
3272 3860 3399 3915 vitia
3439 3875 3545 3916 non
3578 3861 3757 3932 inﬂigit

2180 3952 2488 4016 immerite;
2522 3964 2697 4019 neque
2722 3952 2869 4006 enim
2899 3951 2967 4007 de
2994 3951 3475 4007 innumerabilibus
3505 3954 3755 4023 parvulis,

2178 4043 2271 4113 qui
2299 4052 2356 4098 et
2381 4042 2434 4096 in
2464 4042 2645 4098 animo
2665 4084 2680 4107 ,
2713 4053 2770 4099 et
2800 4044 2852 4097 in
2881 4058 3140 4113 corpore,
3170 4058 3295 4100 cum
3323 4052 3471 4101 tanta
3514 4046 3759 4101 vitiorum

2185 4134 2448 4188 varietate
2478 4144 2792 4201 nascuntur,
2823 4134 2925 4189 hoc
2951 4134 3057 4190 diei
3091 4143 3301 4204 potest,
3330 4136 3474 4205 quod
3509 4137 3760 4191 Doinns

2176 4225 2252 4278 ait
2288 4224 2357 4280 de
2401 4225 2494 4279 illo
2524 4226 2613 4294 qui
2640 4238 2818 4280 catcus
2840 4234 2925 4281 est
2969 4234 3124 4280 natus
3152 4242 3167 4279 :
3198 4240 3306 4281 non
3332 4238 3557 4296 propter
3583 4242 3761 4297 peca-

2178 4322 2291 4369 tum
2323 4315 2513 4384 ipsius,
2536 4314 2623 4369 vel
2648 4323 2929 4384 parentum
2958 4314 3010 4370 id
3043 4329 3163 4370 esse
3191 4315 3413 4381 factum,
3438 4317 3535 4372 sed
3565 4327 3623 4371 ut
3651 4331 3763 4372 ma-

2180 4405 2564 4462 nifestarentur
2592 4419 2756 4475 opera
2790 4405 2880 4462 Dei
2912 4408 2965 4462 in
2995 4407 3128 4462 illo:
3161 4407 3315 4464 multi
3336 4408 3539 4477 quippe
3561 4421 3661 4462 nec
3684 4422 3760 4462 sa-

2185 4508 2381 4553 nantur
2403 4497 2647 4564 omnino,
2671 4497 2766 4553 sed
2793 4512 2913 4552 cum
2943 4495 3150 4553 eisdem
3178 4497 3344 4562 vitiis,
3364 4497 3478 4552 sive
3506 4495 3605 4568 [in]
3632 4511 3763 4567 qna-

497 4614 624 4669 erga
656 4594 908 4668 parvulos
936 4592 1302 4655 confiteberis,
1334 4605 1434 4646 nec
1459 4592 1670 4661 cogeris
1701 4605 1786 4645 res
1814 4592 2072 4661 impiissi-
2102 4591 2153 4655 ι)
2182 4588 2312 4642 hbet
2337 4596 2526 4652 atate,
2564 4586 2683 4642 sive
2719 4587 2772 4641 in
2822 4586 2938 4655 ipsa
2977 4586 3279 4641 moriuntur
3321 4586 3589 4651 infantia;
3634 4601 3765 4641 non-

500 4708 615 4747 tnas
636 4700 796 4758 atque
819 4685 1232 4740 absurdissimas
1253 4683 1458 4749 dicere,
1481 4693 1573 4737 aut
1596 4684 1942 4753 baptizandos
1971 4702 2077 4743 non

497 4800 619 4840 esse
661 4782 944 4853 parvulos,
984 4778 1127 4848 quod
1168 4778 1388 4849 quidem
1421 4786 1606 4847 postea
1635 4778 1765 4834 estis
1796 4779 1934 4839 forte
1960 4784 2073 4842 dic.

498 4877 601 4930 ιιιιί
622 4915 637 4938 ,
670 4884 761 4927 aut
794 4882 898 4927 tam
927 4887 1177 4941 magnum
1206 4882 1603 4929 sacramentum
1635 4875 1714 4930 sic
1751 4875 1801 4929 in
1843 4877 1922 4931 eis
1958 4893 2080 4935 esse

496 4965 819 5025 ludibrium,
850 4970 909 5016 ut
936 4962 987 5016 in
1017 4963 1284 5017 salvatore
1315 4964 1675 5034 baptizentur,
1707 4968 1801 5022 sed
1834 4985 1940 5024 non
1971 4973 2079 5029 sal-

497 5066 720 5121 vcntur;
747 5069 776 5107 a
802 5052 1108 5118 liberatore,
1138 5054 1490 5122 redimantur,
1514 5057 1608 5111 sed
1634 5073 1741 5112 non
1763 5060 2073 5131 liberentur;

496 5153 710 5207 lavacro
742 5143 1168 5217 regenerationis
1206 5146 1469 5213 laventur,
1500 5149 1595 5207 sed
1626 5167 1732 5205 non
1765 5153 2073 5225 abluantur;

495 5240 868 5297 exorcizentur
898 5242 950 5291 et
972 5235 1343 5303 exsut‘tlentur,
1366 5238 1461 5293 sed
1484 5255 1512 5292 a
1536 5251 1802 5309 potestate
1832 5248 2077 5305 tenebra-

497 5348 613 5388 rum
643 5344 750 5385 non
781 5334 1078 5384 eruantur:
1125 5326 1197 5383 sit
1225 5341 1409 5381 eorum
1440 5332 1668 5397 pretium
1698 5337 1949 5406 sanguis,
1982 5341 2074 5410 qui

497 5426 551 5480 in
606 5421 979 5478 remissionem
1022 5419 1170 5473 fusus
1222 5427 1305 5473 est
1346 5431 1709 5491 peccatorum,
1741 5428 1835 5483 sed
1876 5431 2074 5487 nullius

498 5516 697 5585 peccati
726 5511 1040 5568 remissione
1076 5520 1386 5580 purgentur.
1419 5512 1529 5566 lloc
1556 5523 1722 5570 totum
1750 5530 2030 5590 propterea
2053 5563 2069 5590 ,

497 5608 619 5676 quia
648 5605 843 5658 timetis
872 5602 1073 5665 dicere,
1108 5616 1210 5654 non
1245 5600 1602 5671 baptizentur,
1645 5624 1711 5662 ne
1750 5626 1857 5663 nou
1897 5612 2072 5668 εοιυηι

498 5690 664 5748 lacies
692 5703 880 5747 vestra:
905 5694 1073 5760 sputis
1095 5692 1402 5747 oblinantur
1427 5696 1684 5763 virorum,
1711 5716 1893 5756 verum
1911 5705 2072 5761 etiam

497 5782 670 5853 capita
703 5784 955 5837 sandaliis
997 5784 1428 5841 muliercolarum
1466 5792 1920 5860 commitigcntur.
1965 5799 2075 5855 Nos

2186 4677 2347 4732 nullis
2386 4677 2549 4730 etiam
2594 4675 2832 4745 parvulis
2877 4674 2985 4743 jam
3031 4675 3265 4736 renatis,
3312 4676 3399 4730 vel
3450 4684 3766 4742 permanent

2183 4784 2304 4823 cum
2362 4766 2552 4836 quibus
2611 4766 2723 4820 nati
2777 4772 2942 4831 sunt,
3013 4765 3096 4820 vel
3155 4765 3406 4820 accidunt
3462 4766 3763 4835 hujusmodi

2188 4861 2367 4914 mala:
2402 4858 2572 4927 absit,
2616 4866 2674 4912 ut
2713 4857 2958 4913 dicamus
2999 4857 3243 4927 indigne,
3285 4858 3382 4910 sed
3425 4858 3551 4912 hinc
3596 4859 3766 4927 potius

2187 4952 2553 5021 intelligamus
2582 4950 2660 5004 eis
2682 4950 2749 5005 ad
2779 4951 3004 5004 alterunt
3035 4948 3289 5003 saeculum
3323 4950 3601 5017 prodesse,
3629 4950 3763 5020 quod

2191 5051 2566 5109 renascuntur;
2592 5042 2748 5111 hujus
2770 5051 2945 5095 autem
2967 5041 3151 5095 amenti
3174 5041 3583 5111 dispositionem
3604 5083 3619 5110 ,
3647 5059 3766 5113 pro-

2186 5146 2307 5204 pter
2336 5134 2541 5189 initiout
2572 5133 2839 5201 superbia:
2868 5133 3121 5198 hominis,
3154 5148 3249 5202 per
3273 5134 3417 5204 quod
3447 5138 3767 5203 apoStatatit

2186 5244 2216 5282 a
2251 5228 2390 5291 Deo,
2424 5224 2655 5279 diversis
2684 5225 2838 5277 malis
2869 5223 3147 5279 hominum
3176 5228 3381 5295 peragi,
3412 5226 3464 5279 in
3491 5226 3622 5296 jugo
3648 5241 3762 5296 grao

2181 5320 2271 5385 vi,
2299 5333 2460 5385 super
2489 5316 2629 5370 titius
2654 5316 2866 5381 Adam,
2895 5330 2925 5371 a
2953 5315 3044 5370 die
3070 5318 3243 5370 exitus
3274 5316 3342 5372 de
3364 5329 3554 5372 ventre
3586 5318 3765 5373 matris

2181 5425 2365 5465 eorum
2398 5423 2565 5477 usque
2597 5409 2651 5461 in
2671 5408 2809 5462 diem
2841 5408 3129 5478 sepultum
3161 5410 3212 5463 in
3245 5419 3468 5465 matrem
3500 5412 3756 5467 omnium.

2691 5520 2919 5576 CAPUT
2957 5520 3275 5576 CCXCVIII.

2182 5612 2331 5679 Quod
2354 5627 2470 5665 cum
2499 5612 2779 5667 remedium
2809 5613 3032 5679 fateatur
3058 5612 3339 5676 Julianus,
3372 5613 3527 5681 fateri
3553 5620 3763 5682 cogatur

2560 5693 2607 5737 et
2639 5683 2868 5737 morbum
2893 5700 2910 5749 ;
2941 5700 3003 5738 ea:
3032 5686 3204 5737 eodem
3229 5683 3378 5738 libro.

2252 5800 2458 5858 Diserte
2485 5814 2615 5857 Sane
2646 5800 2787 5857 inter
2815 5800 3153 5856 lascivientes
3190 5810 3244 5856 et
3285 5802 3624 5857 continentes
3652 5806 3761 5852 tart-
