4074 6186
396 321 535 375 1005

1621 316 1841 375 ’ΠΙΕΒᾹ
1853 308 2033 373 [τηυξ
2092 314 2243 371 CAP.
2283 310 2429 371 CCC.

3539 316 3675 373 1006

392 449 551 501 qua!“
599 434 651 487 in
697 433 876 488 mcdio
916 432 1223 502 pudicitiam
1270 431 1556 487 constituis
1599 432 1933 503 cenjugalem
1964 472 1981 497 ,
2010 433 2054 490 A
2086 432 2321 500 ruptibili
2343 447 2505 487 car..c
2529 447 2632 486 nun
2658 432 3099 499 possumus,ideo
3120 433 3337 489 disitad
3364 435 3635 491 Romanos
3662 458 3676 494 τ

390 541 510 592 qua:
539 526 655 578 illos
686 526 885 581 inlicita
911 524 1141 598 [illicita]
1164 525 1503 580 commisisse
1532 526 1858 594 indignatur,
1885 524 1984 577 hos

388 620 553 669 etiam
590 618 733 671 licita
757 618 1150 687 contempsisse
1178 615 1425 681 miratur,
1455 616 1627 669 ultimi
1653 616 1840 669 limitis
1864 628 1983 670 sor-

388 706 485 759 tita
514 708 811 774 regionem,
837 707 976 762 ultra
996 722 1055 762 se
1076 708 1444 778 proruentiutn
1476 716 1756 762 exsecrata
1787 707 1985 760 barba-

392 798 563 863 riem,
595 809 758 866 supra
788 813 847 853 se
891 798 1200 853 micantium
1244 806 1495 853 venerata
1528 797 1788 868 fulgorem
1817 813 1832 851 :
1862 811 1983 867 quae

386 890 706 945 verecundis
740 890 1014 959 manibus,
1045 898 1100 947 et
1126 890 1375 946 confovet
1407 899 1694 945 :estuantes
1719 934 1734 956 ,
1768 898 1824 944 ct
1868 890 1983 945 lau-

382 979 478 1033 dat
507 979 601 1034 tali
635 982 876 1035 remedio
902 996 1007 1035 non
1041 991 1284 1051 egentes.
1331 981 1552 1036 Multum
1592 980 1832 1036 delector
1870 980 1983 1035 elo.

381 1071 739 1139 quentissima
780 1072 1042 1139 veritate;
1089 1073 1183 1127 sed
1225 1072 1453 1128 obsecro
1494 1080 1580 1136 te.
1612 1086 1810 1140 nempe
1838 1071 1983 1126 sicut

383 1163 550 1227 dicis,
589 1173 647 1220 et
682 1165 1038 1221 disertissime
1080 1179 1141 1220 ac
1184 1164 1464 1220 verissime
1490 1165 1662 1219 dicis:
1696 1174 1977 1233 propterea

381 1258 729 1313 continentes
757 1258 938 1313 laudat
968 1257 1225 1328 pudicitia
1253 1258 1572 1328 coniugalis,
1602 1258 1744 1328 quod
1770 1259 1861 1313 tali
1893 1274 1978 1315 re-

383 1349 565 1404 medio
590 1365 698 1404 non
728 1359 941 1421 egeant,
973 1366 1083 1422 quo
1112 1354 1344 1420 seipsam
1370 1355 1629 1424 perspicit
1658 1355 1893 1425 eguise,
1925 1354 1975 1409 id

379 1448 500 1506 est,
529 1450 589 1495 ut
618 1441 914 1496 secundum
949 1443 1295 1513 Apostolum,
1326 1445 1417 1515 qui
1451 1460 1513 1501 se
1544 1460 1651 1501 non
1696 1447 1973 1514 continet,

379 1531 569 1586 nubat.
593 1531 703 1586 Cur
728 1548 859 1602 ergo
878 1534 1094 1605 quando
1125 1534 1279 1591 istam
1309 1536 1802 1607 concupiscentiam
1833 1554 1977 1595 mor-

379 1625 510 1678 bum
542 1638 663 1679 esse
693 1625 848 1690 dico.
879 1636 934 1680 tu
965 1641 1161 1697 negas,
1190 1629 1281 1699 qui
1311 1639 1488 1684 tamen
1514 1630 1565 1685 ei
1607 1631 1972 1687 necessarium

373 1718 680 1771 remedium
709 1718 1025 1774 conﬁteris?
1047 1720 1101 1775 Si
1125 1721 1374 1786 agnoscis
1398 1722 1716 1789 remedium,
1741 1738 1973 1793 agnosce

2101 521 2247 577 Velle
2275 521 2487 593 adjacet
2513 523 2664 586 mihi,
2696 523 2954 590 perﬁcere
2976 532 3156 579 autem
3187 526 3382 581 bonum
3407 542 3512 581 non
3534 528 3678 583 inve-

2089 611 2177 665 nio
2190 610 2315 684 [hoc
2328 611 2606 668 intendere
2617 613 3065 679 concupiscentiis
3087 616 3266 672 carnis
3278 631 3384 672 non
3400 618 3681 686 perﬁcien-

2087 704 2259 772 dis,et
2286 704 2484 759 bonum
2515 706 2772 774 perﬁcere
2787 722 2890 759 nun
2917 706 3185 780 invenio];
3215 709 3298 765 vel
3317 708 3455 763 sicut
3484 709 3683 765 habent

2084 795 2304 850 codices
2334 795 2506 851 Grtcci
2535 811 2551 850 :
2589 797 2732 851 Velle
2760 796 2969 865 adjacet
3006 799 3157 860 mihi,
3192 801 3452 868 perlicere
3498 811 3678 857 autem

2086 887 2284 942 bonum
2327 904 2468 954 noui;
2501 889 2552 944 id
2582 898 2686 953 est,
2717 905 2821 943 non
2856 890 2987 945 mihi
3034 891 3246 962 adiacet
3282 891 3542 963 perﬁcere
3577 893 3680 949 bo-

2085 996 2213 1035 num
2248 1000 2261 1034 :
2294 995 2405 1036 non
2442 982 2519 1035 ait
2549 980 2747 1045 facere,
2772 982 2869 1037 sed
2899 984 3160 1053 perlicere
3187 984 3407 1040 bonum.
3438 984 3569 1053 Quia
3601 984 3681 1040 fa-

2081 1086 2205 1129 cere
2240 1073 2466 1138 bonum,
2493 1083 2577 1128 est
2605 1082 2722 1143 post
2748 1076 3208 1144 concupiscentias
3239 1092 3344 1131 non
3376 1077 3483 1143 ire;
3517 1078 3679 1147 perﬁ-

2079 1180 2207 1223 cere
2226 1177 2403 1222 autem
2431 1167 2653 1233 bonum,
2684 1177 2768 1223 est
2796 1182 2902 1223 non
2929 1171 3334 1237 concupiscere.
3364 1170 3517 1239 Quod
3543 1185 3677 1243 ergo

2077 1266 2163 1312 est
2177 1258 2244 1312 ad
2267 1258 2490 1315 Galatas
2506 1275 2523 1312 :
2537 1258 3012 1329 (foucupiscentias
3030 1262 3208 1315 carnis
3223 1275 3291 1317 ne
3308 1260 3676 1331 perfeceritis;

2078 1345 2181 1401 hoc
2204 1361 2234 1402 a
2262 1350 2538 1402 contrario
2558 1350 2725 1404 estad
2751 1348 3022 1405 Romanos
3048 1367 3064 1405 :
3089 1350 3355 1406 Perﬁcere
3381 1360 3559 1407 autem
3582 1352 3679 1407 bo-

2074 1455 2204 1495 num
2238 1456 2344 1495 non
2375 1440 2609 1496 invenio.
2645 1440 2778 1508 Quia
2807 1456 2905 1496 nec
2936 1441 3010 1496 illi
3046 1440 3400 1510 perﬁciuntur
3427 1441 3477 1497 in
3508 1442 3673 1511 malo,

2074 1534 2289 1605 quando
2318 1536 2400 1590 eis
2445 1551 2552 1590 non
2584 1534 2794 1591 accedit
2835 1544 3037 1590 nostrae
3066 1534 3355 1591 voluntatis
3398 1549 3672 1604 assensus,

2073 1643 2175 1682 nec
2204 1638 2385 1683 nostra
2420 1630 2667 1683 toluntas
2700 1627 2977 1698 perﬁcitur
3007 1628 3059 1683 in
3093 1628 3255 1689 bono,
3290 1626 3526 1698 quandiu
3556 1627 3674 1683 illa-

2075 1736 2195 1775 rum
2221 1762 2236 1787 ,
2278 1721 2365 1776 cui
2419 1735 2523 1775 non
2573 1719 2965 1785 consentimus,
2998 1730 3272 1787 permanet
3314 1728 3510 1775 motus.
3550 1720 3672 1789 ipse

380 1811 633 1865 morbum
659 1828 674 1877 ;
706 1812 749 1866 si
781 1827 945 1882 negas
975 1813 1245 1877 morbum,
1281 1829 1415 1883 nega
1444 1814 1762 1870 remedium.
1796 1816 1967 1886 Rogo,
2002 1800 2049 1861 B
2076 1819 2253 1866 autem
2276 1810 2581 1880 conﬂictus,
2599 1811 2651 1865 in
2682 1826 2786 1880 quo
2805 1812 2967 1866 etiam
2991 1811 3241 1880 baptizati
3265 1811 3411 1867 velut
3430 1811 3481 1865 in
3501 1824 3672 1881 agone

378 1901 517 1956 cede
554 1901 864 1972 aliquando,
898 1908 1059 1957 etiam
1090 1918 1185 1972 per
1214 1919 1276 1959 os
1309 1912 1456 1958 tuum
1490 1905 1582 1958 tibi
1612 1905 1848 1976 loquenti
1877 1921 1968 1962 ve-

374 1994 544 2062 ritati,
578 2009 739 2050 nemo
764 2011 898 2066 prov
921 1997 1013 2052 det
1041 1994 1338 2052 remedium
1369 1997 1604 2053 sanitati.

903 2129 1131 2187 CAPUT
1169 2128 1441 2186 CCXCIX.

373 2257 454 2314 De
468 2260 879 2336 concupiscentia
901 2262 1071 2315 carnis
1096 2262 1339 2316 adversus
1370 2261 1644 2336 spiritum,
1675 2272 1727 2319 et
1755 2264 1966 2336 spiritus

664 2332 911 2385 adversus
935 2348 1140 2387 carnem
1162 2350 1181 2397 ;
1203 2349 1266 2387 ex
1285 2333 1460 2388 eodem
1489 2334 1642 2389 libro.

442 2464 547 2534 71
572 2462 770 2520 Recole
800 2464 928 2530 quid
950 2463 1241 2534 Apostolus
1262 2465 1461 2522 scribat
1481 2466 1547 2523 ad
1570 2467 1964 2538 Galatas,eerte

370 2554 620 2610 homines
659 2554 974 2626 baptizatos.
1009 2556 1138 2611 Dico
1168 2567 1375 2625 autem,
1405 2557 1596 2631 inquit,
1626 2561 1813 2631 spiritu
1841 2576 1961 2615 am-

367 2646 568 2711 bulate,
598 2656 655 2702 et
698 2648 1157 2717 concupiscentiae
1211 2650 1393 2707 carnis
1437 2667 1543 2707 non
1585 2653 1957 2723 perfeceritis:

366 2756 399 2794 n
442 2758 475 2795 n
512 2742 608 2807 ait,
639 2739 714 2797 Ne
746 2741 1000 2808 feceritis,
1033 2745 1157 2812 quia
1192 2757 1284 2797 eas
1310 2758 1418 2801 non
1448 2744 1649 2801 habere
1674 2761 1779 2801 non
1808 2760 1961 2816 nove-

364 2842 508 2897 rant,
538 2833 652 2903 sed,
683 2834 759 2890 Ne
788 2835 1133 2903 rerleceritis,
1159 2837 1208 2891 id
1237 2845 1315 2893 est
1343 2852 1412 2893 ne
1438 2852 1599 2908 opera
1617 2853 1801 2894 earum
1830 2853 1959 2895 con-

365 2942 532 2982 sensu
562 2928 849 2984 voluntatis
896 2929 1182 2998 impleatis.
1212 2932 1352 2987 Caro
1395 2932 1562 2999 enim,
1606 2934 1799 3004 inquit,
1828 2949 1956 2992 con-

364 3023 591 3091 cupiscit
622 3023 877 3078 adversus
920 3026 1188 3092 sp'rizum,
1219 3037 1271 3080 et
1301 3026 1520 3097 spiritus
1549 3027 1810 3084 adversus
1836 3046 1954 3086 car-

364 3126 486 3165 nem
518 3131 531 3165 :
562 3113 673 3169 htec
700 3114 840 3169 enim
869 3115 1095 3170 invicem
1122 3116 1492 3182 adversantur,
1522 3128 1580 3173 ut
1607 3134 1712 3175 non
1743 3136 1805 3176 ea
1830 3138 1950 3191 quae

2074 1904 2353 1959 decertant
2387 1918 2509 1957 cum
2554 1917 2681 1957 caro
2720 1902 3053 1972 edncupiscit
3100 1904 3357 1958 adversus
3397 1901 3665 1971 spiritum.

2071 2003 2126 2049 et
2153 1994 2376 2063 spiritus
2403 1993 2669 2048 adversus
2696 2008 2937 2063 carnem,
2969 1993 3060 2048 ubi
3090 2003 3146 2049 et
3168 1996 3386 2064 spirizus
3408 1994 3531 2049 facit
3564 1994 3664 2048 bo-

2073 2101 2199 2140 num
2241 2100 2400 2153 opus,
2435 2098 2539 2138 non
2568 2083 2961 2139 consentivndo
2988 2084 3443 2153 concupiscentiae
3487 2085 3664 2150 malae,

2068 2175 2165 2230 sed
2198 2189 2304 2230 non
2330 2170 2567 2243 perlicit,
2597 2172 2721 2243 quia
2754 2174 2869 2242 ipsa
2901 2178 3039 2227 ma'a
3069 2172 3335 2229 desideria
3378 2189 3481 2228 non
3507 2172 3667 2227 absu-

2070 2267 2186 2333 mit,
2218 2275 2274 2321 et
2309 2280 2437 2322 mro
2469 2266 2598 2321 facit
2625 2264 2824 2320 malum
2868 2265 3218 2327 desiderium.
3247 2265 3343 2320 sed
3377 2279 3473 2319 nec
3503 2262 3664 2337 [ipsa]

2068 2358 2298 2428 perﬁcit,
2320 2356 2442 2429 quia
2473 2356 2575 2413 sibi
2605 2372 2714 2412 non
2740 2358 3111 2413 consentiente
3139 2358 3351 2427 spiritu,
3374 2368 3428 2414 et
3458 2359 3572 2428 ipsa
3593 2359 3662 2412 ad

2062 2464 2229 2521 opera
2257 2446 2564 2505 damnanda
2597 2462 2704 2504 non
2744 2447 2990 2519 pervenit
3021 2463 3036 2502 :
3078 2448 3181 2503 iste
3209 2463 3336 2518 ergo
3379 2448 3661 2505 conflictus

2065 2557 2174 2600 non
2220 2542 2550 2611 Judteorum,
2584 2555 2688 2598 nec
2710 2540 3077 2613 quorumlibet
3104 2541 3355 2607 aliorum,
3380 2543 3475 2596 sed
3500 2542 3658 2610 plane

2063 2636 2482 2692 christianorum
2512 2634 2751 2691 ﬁdelium
2778 2643 2833 2690 et
2857 2634 2996 2690 bene
3023 2633 3251 2689 vivendo
3275 2633 3326 2687 in
3357 2634 3458 2690 hoc
3485 2643 3659 2689 certa-

2064 2729 2206 2785 mine
2220 2730 2595 2797 laborantium,
2613 2729 2846 2784 breviter
2859 2727 3179 2794 ostenditur,
3197 2727 3261 2781 ad
3280 2726 3551 2782 Romanos
3564 2726 3657 2784 ubi

2059 2823 2166 2878 ait:
2186 2822 2346 2894 igitur
2366 2822 2483 2893 ipse
2503 2837 2602 2892 ego
2624 2831 2803 2877 mente
2822 2822 3002 2876 servio
3034 2821 3133 2891 legi
3158 2820 3275 2887 Dei,
3290 2834 3457 2876 carne
3476 2828 3653 2874 autem

2060 2918 2165 2989 legi
2187 2915 2409 2987 peccati.
2426 2916 2483 2972 Si
2510 2931 2635 2986 ergo
2652 2915 2766 2969 haec
2785 2924 2867 2969 est
2895 2912 3131 2970 conditio
3154 2913 3203 2967 in
3221 2926 3446 2983 corpore
3467 2912 3655 2966 mortis

2060 3009 2246 3079 hujus,
2282 3023 2403 3080 quae
2449 3011 2630 3078 utique
2670 3023 2778 3063 non
2816 3006 2916 3061 fuit
2950 3007 3002 3060 in
3034 3006 3279 3076 paradiso
3324 3005 3376 3060 in
3422 3020 3650 3072 corpore

2060 3103 2186 3158 vita:
2210 3104 2378 3169 illius,
2410 3100 2762 3173 proculdubio
2786 3098 2917 3154 satis
2944 3098 3221 3154 evidenter
3258 3106 3477 3168 apparet
3505 3096 3644 3153 unde

364 3201 522 3255 vultis
550 3200 772 3257 faciatis.
806 3203 937 3258 Vide
966 3205 1010 3260 εἰ
1044 3220 1146 3260 non
1176 3205 1278 3262 hoe
1305 3217 1388 3262 est
1416 3174 1491 3263 ad.
1514 3174 1805 3267 Romanos:
1976 3174 2022 3238 Ο
2056 3196 2269 3252 ῑτθδθηῑ
2300 3194 2508 3266 Dawn"
2548 3192 2923 3263 oblismionem
2956 3189 3157 3260 ρεοοτιιί
3175 3232 3190 3256 ν
3214 3203 3335 3244 cum
3355 3188 3643 3242 unum“

362 3290 503 3345 enim
531 3293 671 3362 quod
694 3295 835 3361 volu,
855 3294 994 3350 facio
1026 3297 1247 3364 bonum,
1277 3298 1369 3353 sed
1400 3300 1541 3368 quod
1570 3301 1694 3356 nolo
1725 3302 1947 3375 malum,

362 3391 463 3437 uoc
505 3399 622 3454 ago.
659 3384 859 3442 Deinde
889 3388 957 3442 ad
1000 3388 1215 3444 Galatas
1245 3389 1390 3445 addit
1418 3400 1473 3446 et
1500 3392 1630 3447 dicit
1660 3410 1674 3447 :
1707 3393 1863 3461 Quod
1902 3397 1946 3450 si

361 3474 551 3544 spiritu
592 3477 872 3556 ducimini,
905 3495 1012 3536 non
1042 3482 1218 3537 adhuc
1245 3484 1379 3539 estis
1406 3484 1506 3538 sub
1555 3485 1692 3556 lege.
1724 3484 1860 3543 Vide
1901 3489 1945 3543 si

360 3582 468 3621 non
501 3552 609 3623 hoc.
628 3578 711 3624 est
731 3568 795 3623 ad
821 3570 1089 3627 Romanos
1123 3590 1136 3625 :
1168 3572 1285 3627 iam
1316 3589 1421 3628 non
1443 3589 1542 3645 ego
1570 3552 1766 3645 operor
1793 3578 1945 3641 illud,

359 3667 415 3714 et
451 3661 795 3717 condelector
823 3662 925 3732 legi
959 3662 1072 3729 Dei,
1097 3665 1388 3720 secundum
1421 3667 1731 3725 interiorem
1778 3668 1949 3725 homi-

360 3764 518 3816 nem;
545 3760 620 3817 et,
643 3752 760 3807 Non
787 3763 977 3825 regnet
1003 3768 1162 3825 pecca
1173 3764 1281 3810 tum
1308 3756 1358 3811 in
1382 3767 1563 3813 vestro
1585 3761 1798 3815 mortali
1823 3778 1944 3817 cor-

358 3854 511 3909 pore,
547 3842 614 3896 ad
657 3843 1015 3899 obediendum
1047 3845 1329 3902 desideriis
1374 3847 1513 3916 ejus.
1546 3848 1602 3904 Si
1652 3851 1795 3904 enim
1840 3868 1946 3908 non

356 3931 641 3987 obediatur
674 3935 1149 4003 concupiscentiis,
1182 3953 1315 4008 quas
1361 3953 1584 3996 necesse
1622 3952 1704 3999 est
1731 3958 1852 4000 esse
1891 3945 1945 3999 in

355 4036 523 4077 carne
548 4027 750 4093 peccati
773 4036 930 4097 atque
956 4028 1007 4082 in
1031 4042 1258 4098 corpore
1284 4032 1471 4087 mortis
1491 4030 1671 4101 hujus,
1697 4048 1801 4090 non
1830 4051 1949 4104 per-

356 4117 565 4172 ficietur
608 4120 749 4189 quod
796 4120 979 4189 perﬁci
1019 4130 1161 4177 vetat
1200 4123 1513 4192 Apostolus,
1542 4126 1726 4181 dicens
1758 4145 1771 4191 ;
1802 4127 1947 4183 Con-

356 4210 718 4280 cupiscentias
747 4215 925 4270 carnis
953 4229 1021 4271 ne
1061 4216 1417 4285 perfeceritis.
1451 4218 1565 4289 Ipsa
1598 4221 1795 4290 quippe
1825 4231 1948 4276 sunt

355 4316 521 4370 opera
543 4302 608 4356 de
627 4304 819 4373 quibus
841 4306 1030 4377 [totum
1058 4306 1211 4378 mire]
1233 4309 1493 4379 sequitur,
1518 4318 1574 4365 et
1595 4308 1757 4366 dicit:
1785 4310 1949 4366 Mani-

356 4392 490 4448 festa
514 4405 688 4449 autem
712 4407 834 4450 sunt
854 4413 1014 4466 opera
1037 4403 1233 4465 carnis,
1261 4417 1378 4471 qua:
1400 4415 1521 4457 sunt
1544 4404 1948 4473 fornicationes,

362 4485 739 4552 immunditizu,
758 4488 998 4554 luxuriat,
1016 4489 1279 4546 idolorum
1297 4494 1533 4548 servitus
1561 4504 1616 4550 et
1636 4506 1827 4550 czetera
1856 4514 1869 4551 :
1903 4499 1947 4552 si

356 4591 488 4644 ergo
501 4590 604 4629 non
624 4578 991 4634 consentiatur
1007 4581 1453 4650 concupiscentiis
1481 4586 1677 4651 carnis,
1695 4588 1940 4656 quamvis

353 4681 585 4739 agantur
616 4672 866 4736 motibus,
900 4688 1006 4728 non
1058 4683 1233 4730 tamen
1280 4676 1621 4746 perﬁcienlur
1664 4679 1932 4745 operibus.

354 4759 589 4816 Proinde
618 4776 737 4816 cum
769 4776 897 4817 caro
937 4765 1268 4835 concupiscit
1307 4765 1563 4824 adversus
1591 4769 1859 4835 spiritum,
1887 4780 1937 4822 et

351 4851 575 4919 spiritus
603 4853 859 4909 adversus
885 4870 1123 4921 carnem,
1154 4867 1209 4911 ut
1236 4872 1340 4913 non
1367 4873 1428 4912 ea
1451 4874 1568 4928 quae
1594 4860 1839 4915 volumus
1862 4859 1938 4914 fa-

351 4944 579 5011 ciamus,
600 4959 699 5001 nec
713 4945 888 5002 carnis
910 4948 1258 5017 perﬁciuntur
1273 4952 1739 5020 concupiscentia},
1752 4968 1938 5022 quam-

352 5037 435 5088 vis
466 5036 612 5105 fiant,
646 5052 744 5092 nec
773 5049 954 5093 nostra
989 5042 1334 5109 perﬁciuntur
1364 5058 1523 5112 Opera
1556 5043 1716 5110 bona,
1746 5060 1936 5114 qnam-

350 5129 434 5181 vis
480 5128 630 5184 ﬁant.
679 5130 830 5186 Sicut
858 5131 999 5187 enim
1049 5140 1175 5188 tunc
1220 5133 1494 5203 perﬁcitur
1535 5136 1712 5191 carnis
1742 5152 1940 5191 concu-

351 5218 634 5286 piscentia,
677 5236 796 5276 cum
846 5225 1115 5279 consentit
1143 5226 1191 5280 ei
1221 5225 1439 5293 spiritus
1466 5226 1532 5280 ad
1579 5240 1740 5296 opera
1774 5228 1935 5294 mala,

348 5318 408 5363 ut
440 5324 543 5365 non
573 5314 912 5384 concupiscat
941 5315 1199 5371 adversus
1227 5315 1395 5382 illam,
1428 5316 1519 5371 sed
1550 5332 1670 5372 cum
1712 5316 1798 5371 illa
1836 5316 1933 5385 sic,

347 5410 406 5457 et
434 5402 574 5457 bona
606 5417 768 5472 opera
815 5416 996 5460 nostra
1043 5415 1170 5461 tunc
1206 5407 1567 5477 perﬁcientur,
1598 5409 1811 5478 quando
1859 5407 1932 5463 ita

345 5496 560 5561 spiritui
590 5510 716 5551 caro
745 5501 1095 5566 consenserit,
1118 5511 1172 5554 ut
1201 5500 1455 5556 adversus
1480 5516 1600 5556 cum
1627 5503 1786 5556 etiam
1818 5501 1931 5572 ipsa

345 5602 455 5640 non
488 5589 830 5657 concupiscat
862 5607 877 5643 :
905 5591 1003 5645 hoc
1033 5592 1172 5647 enim
1203 5592 1470 5659 volumus,
1496 5608 1618 5647 cum
1649 5594 1935 5663 perfectio-

347 5695 471 5734 nem
492 5682 712 5747 justitia:
729 5684 1178 5753 concupiscimus,
1200 5688 1298 5741 hoc
1322 5687 1613 5742 intentione
1630 5704 1734 5741 non
1760 5688 1926 5743 inter-

346 5771 511 5827 missa
533 5772 669 5830 velle
686 5774 942 5831 debemus
966 5794 980 5830 :
1004 5777 1097 5832 sed
1124 5776 1241 5848 quia
1259 5778 1308 5833 id
1325 5779 1580 5849 perﬁcere
1610 5778 1663 5834 in
1682 5779 1778 5835 ista
1806 5793 1928 5835 cor-

2051 3298 2361 3353 nascuntur,
2417 3301 2536 3357 qute
2584 3301 2690 3340 non
2731 3281 2977 3350 solvitur,
3012 3281 3115 3336 nisi
3142 3296 3263 3336 cum
3292 3279 3647 3349 spi‘ritualiter

2050 3390 2427 3437 renascuntur.
2475 3380 2591 3435 Non
2617 3378 2759 3434 enim
2793 3377 2932 3432 hanc
2974 3377 3193 3431 trahunt
3237 3387 3305 3428 ex
3343 3386 3507 3441 opere
3536 3387 3645 3441 quo

2052 3474 2336 3529 humanam
2368 3472 2508 3528 Deus
2537 3480 2779 3525 naturam
2827 3469 2973 3535 fecit,
3008 3466 3102 3522 sed
3142 3482 3206 3521 ex
3240 3466 3459 3519 vulne:e
3498 3465 3641 3533 quod

2050 3576 2257 3621 natura:
2283 3564 2529 3619 humana:
2561 3561 2732 3618 hostis
2758 3559 2952 3615 inﬁisit
2971 3577 2984 3612 :
3004 3574 3108 3613 non
3152 3556 3321 3612 hostis
3345 3568 3373 3610 s
3392 3554 3641 3610 'cuudum

2051 3661 2374 3717 Haniclneos
2402 3658 2686 3728 prosiliens
2707 3671 2771 3710 ex
2791 3663 2979 3709 natura
3011 3651 3136 3706 mali
3178 3666 3335 3721 quam
3363 3664 3470 3704 non
3506 3663 3639 3703 con-

2050 3754 2184 3808 didit
2241 3754 2403 3817 Deus,
2434 3751 2527 3804 sed
2569 3748 2739 3801 hostis
2779 3748 3025 3815 angelus,
3057 3741 3328 3812 quondam
3368 3755 3432 3795 ex
3472 3754 3644 3808 Opere

2051 3845 2146 3900 Dei
2181 3844 2373 3907 bonus,
2402 3855 2468 3895 ex
2496 3854 2659 3908 opere
2683 3852 2781 3892 suo
2807 3836 2977 3890 factus
3001 3835 3193 3898 malus,
3223 3834 3309 3901 qui
3334 3846 3393 3886 se
3415 3832 3642 3901 primum

2052 3932 2381 3990 vulnerando
2407 3930 2712 4002 prostravit,
2729 3938 2787 3983 ut
2816 3927 2977 3983 elisus
2999 3926 3223 3981 elideret
3249 3932 3305 3978 et
3326 3939 3422 3993 per
3446 3938 3530 3977 ma
3553 3938 3639 3977 am

2050 4027 2355 4082 suasionem
2382 4020 3043 4093 prmvaricationisviilnus
3067 4018 3351 4086 inﬂigeret.
3379 4015 3529 4071 Unde
3549 4031 3639 4084 ge«

2052 4135 2151 4175 nus
2182 4120 2496 4182 humanum,
2525 4116 2687 4170 etiam
2720 4112 2886 4192 iubis
2915 4110 3005 4181 qui
3044 4111 3182 4164 viam
3212 4106 3302 4162 Dei
3340 4107 3636 4171 ambulant,

2051 4214 2128 4268 cla
2138 4211 2396 4267 udicarel.

2645 4274 2870 4333 CAPUT
2902 4272 3048 4331 CCC.

2053 4419 2242 4473 Contra
2269 4417 2575 4490 objectiones
2611 4412 3071 4492 conclusionesque
3087 4408 3413 4492 Pelagianos,
3441 4406 3533 4492 sui:
3566 4407 3631 4459 ti-

2126 4491 2247 4543 tult’s
2280 4475 2368 4553 xv,
2392 4504 2636 4555 responsa
2664 4485 2824 4540 sancti
2854 4483 3127 4555 Augustini
3153 4475 3465 4555 egrlifn‘and
3489 4475 3630 4555 Pau-

2124 4561 2229 4612 lum
2270 4569 2317 4613 et
2356 4548 2675 4627 Eutrapium
2729 4548 3017 4625 episcopos.
3059 4551 3121 4605 de
3181 4548 3497 4619 Perfcclt'one
3537 4549 3631 4615 ju-

2116 4642 2287 4685 8!“!(8.

2117 4770 2252 4821 Ante
2309 4766 2509 4829 omnia,
2538 4763 2731 4833 inquit,
2776 4759 3184 4831 interrogandus
3225 4769 3304 4812 est
3345 4755 3433 4823 qui
3476 4766 3632 4824 negat

2047 4858 2318 4914 hominem
2348 4859 2463 4912 sine
2488 4865 2706 4927 peccatu
2734 4870 2854 4911 esse
2884 4867 3060 4925 posse,
3091 4852 3217 4917 quid
3250 4851 3323 4906 sit
3346 4848 3627 4919 quodcun-

2046 4965 2150 5018 que
2182 4957 2479 5018 peccatum,
2505 4947 2644 5017 quod
2673 4946 2827 5001 vitari
2851 4954 3046 5015 potest,
3064 4959 3132 4997 an
3162 4941 3303 5012 quod
3337 4937 3493 4994 vitari
3525 4952 3630 4991 non

2044 5050 2242 5109 potest.
2286 5040 2341 5095 Si
2372 5039 2513 5111 quod
2545 5038 2696 5093 vitari
2728 5054 2829 5091 non
2864 5045 3061 5105 potest,
3086 5042 3363 5104 peccatum
3391 5045 3497 5085 non
3522 5037 3623 5082 est.

2040 5133 2096 5188 Si
2124 5132 2266 5203 quod
2294 5132 2447 5186 vitari
2481 5138 2675 5200 potest,
2701 5139 2877 5198 potest
2908 5127 3069 5181 homo
3098 5126 3215 5179 sine
3243 5128 3461 5191 peccato
3484 5131 3628 5180 esse,

2042 5226 2184 5296 quod
2207 5226 2358 5280 vit-uri
2374 5232 2551 5294 potest
2573 5240 2586 5279 :
2606 5222 2749 5277 nulla
2767 5221 2910 5276 enim
2940 5219 3074 5273 ratio
3097 5216 3178 5269 vel
3198 5210 3401 5283 iustitia
3426 5206 3623 5276 patitur

2042 5319 2230 5373 saltem
2257 5316 2360 5372 dici
2394 5322 2670 5386 peccatum
2695 5314 2837 5386 quod
2882 5311 3036 5365 vitari
3063 5306 3209 5361 nullo
3240 5300 3398 5357 modo
3421 5304 3619 5396 potest.

2045 5407 2445 5479 Respondemus
2468 5406 2621 5460 vitari
2653 5419 2809 5473 posse
2836 5409 3130 5471 peccatum,
3153 5395 3198 5450 si
3222 5400 3410 5447 natura
3438 5387 3623 5440 vitiata

2036 5518 2256 5558 sanetur
2292 5502 2459 5570 gratia
2507 5499 2599 5553 Dei
2646 5514 2741 5567 per
2780 5496 2959 5551 Jesum
3003 5490 3273 5547 Christum
3325 5479 3613 5536 Dominum

2037 5607 2301 5651 nostrum.
2329 5592 2385 5647 in
2418 5601 2623 5645 tantum
2654 5591 2796 5644 enim
2828 5601 2955 5639 sana
2985 5598 3089 5637 non
3133 5588 3236 5644 est,
3269 5576 3322 5630 in
3350 5579 3610 5642 quantum

2037 5689 2089 5741 id
2115 5685 2255 5757 quod
2279 5684 2578 5740 faciendum
2604 5691 2703 5741 est,
2724 5688 2812 5732 aut
2833 5678 3077 5732 excitate
3096 5686 3202 5727 non
3226 5668 3388 5732 videt,
3407 5670 3503 5757 aut
3537 5661 3618 5714 iu-

2036 5753 2285 5834 lirmitate
2320 5792 2425 5833 non
2459 5772 2663 5845 implet,
2695 5771 2818 5824 dum
2850 5782 2973 5824 caro
3000 5759 3329 5835 concupiscit
3356 5753 3619 5813 adversus
