4074 6186
442 313 577 382 toni
1470 329 1529 383 ι).

1581 325 1895 380 ΜΖΟΫΙῚῚΙ
1939 325 2236 381 ABBATIS
2279 325 2604 381 AFRICANI

3581 333 3722 389 l0ti8

441 445 710 513 spiritum,
743 452 797 497 et
842 443 1058 512 spiritus
1103 440 1360 495 adversus
1405 454 1644 500 carnem,
1693 445 1745 489 nt
1794 450 1856 489 ea
1906 451 2024 502 quae
2061 441 2103 498 Λ
2133 448 2297 496 tores.
2321 440 2440 506 quia
2474 455 2578 490 non
2611 447 2690 489 est
2719 452 2852 503 opus
2875 440 3018 494 sanis
3048 440 3306 503 medicus,
3329 444 3423 496 srd
3460 443 3597 498 male
3629 449 3724 496 ha-

444 539 553 590 vult
585 536 745 589 homo
774 549 880 589 non
903 533 1084 588 faciat.
1110 533 1302 587 ltcrmn
1328 529 1674 598 quatrendum
1698 537 1803 594 εει,
1831 526 2023 596 inquit,

446 631 727 681 l‘eccattttn
765 627 1053 679 voluntatis
1093 639 1159 677 an
1194 621 1530 675 necessitatis
1555 621 1671 675 esi?
1701 623 1744 673 si
1790 622 2028 674 necessi—

445 721 568 773 tatis
591 729 691 785 cet,
710 727 988 786 peccatum
1011 723 1246 795 nonest;
1270 716 1311 768 si
1336 712 1814 777 veluntatis,vitari
1836 729 1846 778 ι
1867 719 2024 764 οιεει.

445 809 850 875 ltespondemns
895 805 1036 877 quod
1089 821 1249 876 supra
1286 821 1298 856 :
1329 816 1382 858 et
1419 815 1474 856 nt
1505 817 1778 867 sanentur,
1817 802 2030 855 invoca-
2067 821 2070 824 λ

446 918 563 956 ltltlS
593 917 714 956 eum
744 901 830 955 cui
875 900 1074 954 dicitur
1115 899 1168 954 in
1209 898 1457 967 psalmo:
1505 897 1580 950 De
1627 895 2032 950 necessitatibus

439 997 578 1049 meis
622 994 758 1047 educ
789 1008 888 1047 me.
925 992 1144 1059 lterum,
1178 992 1370 1059 inquit,
1399 989 1747 1059 quaerendum
1775 997 1858 1043 est
1905 987 2030 1056 quid

437 1095 523 1140 est
553 1096 850 1156 peccatum,
875 1085 1117 1138 naturale
1137 1099 1205 1136 an
1235 1082 1507 1136 accidens.
1545 1081 1598 1136 Si
1629 1082 1893 1146 naturale,
1911 1095 2034 1146 pec-

443 1188 619 1231 talum
653 1191 758 1230 non
799 1185 914 1238 est;
947 1176 991 1227 si
1031 1183 1207 1226 autem
1260 1171 1510 1226 accidens
1540 1183 1645 1234 εει,
1679 1179 1734 1223 ει
1755 1169 2034 1244 ,τεεεύιιιιε

437 1278 649 1336 potest;
673 1280 724 1322 et
747 1266 888 1336 quod
911 1263 1170 1320 recedere
1185 1272 1388 1333 potest,
1414 1262 1566 1316 vitari
1595 1272 1801 1331 potest;
1823 1261 2034 1330 etquod

447 1358 610 1412 vitari
657 1366 851 1428 potest,
883 1363 1060 1425 potest
1093 1357 1254 1408 homo
1282 1354 1401 1408 sine
1448 1367 1514 1408 eo
1539 1367 1660 1408 esse
1704 1351 1845 1422 quod
1878 1352 2036 1407 vitari

440 1460 644 1514 potest.
698 1445 1101 1517 Respondemus
1143 1445 1386 1499 naturale
1416 1459 1523 1499 non
1571 1459 1692 1498 esse
1734 1452 2035 1512 peccatum,

438 1541 540 1594 sed
595 1548 796 1593 natura:
856 1537 1160 1607 pratsertim
1211 1536 1444 1604 vitiatm,
1493 1534 1636 1590 unde
1684 1534 1805 1590 lacti
1853 1548 2038 1589 sumus

436 1641 630 1684 natura
667 1630 756 1684 ﬁlii
799 1630 912 1688 irai.
949 1645 1134 1698 parum
1179 1642 1302 1683 esse
1339 1626 1399 1682 ad
1454 1641 1558 1681 non
1591 1624 1913 1696 peccandum
1948 1641 2038 1678 vo-

447 1727 668 1777 luntatis
698 1724 999 1785 arbitrium,
1035 1723 1137 1778 nisi
1166 1723 1348 1792 adjuta
1377 1729 1596 1776 sanetur
1629 1721 1798 1790 gratia
1829 1737 1922 1788 per
1951 1719 2038 1775 Je—

2131 529 2402 584 hentibus.
2442 531 2660 591 lterum,
2686 532 2781 594 ait,
2809 535 3158 600 qumreudum
3191 544 3272 587 est
3304 545 3554 590 utrumne
3587 554 3726 604 pra--

2129 630 2342 689 ceptum
2371 623 2442 675 sit
2475 622 2676 676 homini
2725 624 2842 675 sine
2877 638 3094 691 poet-ato
3125 641 3267 680 esse.
3297 631 3399 680 Aut
3441 628 3584 680 enim
3618 644 3728 680 non

2132 721 2328 780 potest,
2357 721 2412 766 et
2439 722 2762 781 praeceptum
2811 731 2917 768 non
2963 725 3080 781 est;
3112 726 3202 768 aut
3242 717 3364 784 quia
3399 727 3729 787 prtem-ptum

2131 813 2235 866 est,
2265 813 2434 871 potesr
2469 820 2481 854 :
2509 819 2628 856 nam
2660 819 2756 856 cur
2779 808 3160 872 praeco-eretur
3186 806 3326 873 quod
3359 807 3470 859 ﬁeri
3497 806 3726 860 omnino

2135 910 2241 948 non
2258 895 2470 963 posset?
2486 895 2854 963 Respondetur
2868 897 3267 951 consoltissime
3285 897 3483 951 homini
3503 901 3727 968 praeripi

2134 989 2296 1042 rectis
2325 988 2568 1054 passibus
2597 987 2896 1056 ambulare,
2928 995 2985 1042 ut
3011 1003 3132 1041 cum
3168 1003 3228 1041 se
3273 1005 3377 1042 non
3408 1003 3568 1056 posse
3597 1005 3728 1056 per-

2136 1079 2399 1148 spexeiit,
2425 1076 2741 1132 medicinam
2774 1077 3033 1147 requirat,
3058 1094 3174 1147 qum
3195 1079 3462 1132 interioris
3495 1078 3733 1132 hominis

2137 1173 2207 1228 ad
2247 1171 2540 1226 sanandam
2572 1171 2774 1240 peccati
2818 1170 3263 1226 claudicationem
3293 1171 3459 1240 gratia
3509 1170 3603 1224 Dei
3647 1183 3738 1224 est

2137 1280 2233 1336 per
2262 1264 2446 1320 Jesum
2470 1263 2744 1318 Christum
2771 1263 3054 1318 Dominum
3083 1273 3350 1318 nostrum.
3384 1263 3601 1327 lterum,
3624 1264 3730 1328 ait,

2143 1357 2492 1428 qumrendum
2522 1365 2606 1410 est
2637 1369 2704 1409 an
2739 1354 2868 1409 velit
2896 1355 3168 1410 hominem
3202 1355 3341 1409 Deus
3367 1353 3485 1408 sine
3509 1364 3736 1423 peccato

2142 1464 2286 1504 esse.
2317 1447 2510 1503 Procul
2539 1446 2704 1502 dubio
2727 1447 2862 1513 Vult,
2887 1458 2941 1502 et
2963 1445 3152 1516 procul
3175 1446 3336 1500 dubio
3367 1456 3538 1515 potest
3564 1461 3579 1499 :
3610 1447 3735 1513 quis

2139 1540 2284 1594 enim
2309 1551 2416 1592 tam
2442 1538 2665 1592 demens
2687 1545 2793 1604 Cal,
2821 1547 2878 1590 ut
2911 1537 2994 1591 vel
3019 1536 3230 1609 dpbitet
3263 1537 3377 1590 ﬁeri
3401 1550 3559 1605 posse
3587 1538 3733 1606 quod

2141 1631 2308 1685 Deum
2334 1630 2469 1686 velle
2499 1645 2603 1682 non
2632 1627 2867 1682 dubitet’
2894 1627 3290 1696 Respondetur,
3314 1626 3361 1680 si
3393 1627 3558 1680 nollet
3590 1627 3733 1680 Deus

2144 1723 2414 1776 hominem
2434 1723 2548 1775 sine
2567 1736 2610 1789 p~
2633 1728 2782 1774 ccat-i
2801 1733 2944 1786 esse,
2963 1734 3065 1772 non
3086 1718 3320 1772 mitteret
3344 1715 3535 1771 Filium
3549 1731 3732 1782 suum,

445 1834 563 1871 .~um
594 1818 866 1871 Christum
901 1817 1183 1870 Dominum
1215 1824 1477 1871 nostrum.
1527 1817 1742 1877 lterum,
1768 1816 1863 1881 ait,
1886 1829 2033 1880 qum-
2076 1833 2114 1891 ῃ
2144 1816 2233 1884 qui
2257 1823 2473 1870 sanaret
2496 1814 2784 1867 hominesa
2813 1830 2858 1879 pi
2880 1811 3049 1865 ceatis
3074 1827 3089 1865 :
3116 1811 3215 1866 hoc
3230 1810 3280 1863 ﬁt
3309 1811 3361 1864 itt
3385 1809 3735 1864 credentibus

441 1910 674 1964 rendum
703 1922 782 1963 est
810 1909 935 1978 quid
971 1919 1051 1962 est
1093 1920 1392 1977 peccatum,
1425 1920 1577 1962 actus
1605 1924 1672 1960 an
1707 1923 1791 1962 res
1819 1927 1830 1961 :
1863 1909 1907 1962 si
1949 1922 2035 1960 res

443 2013 554 2064 est,
586 2011 860 2056 auctorem
919 2001 1112 2053 habeat
1153 2013 1376 2054 necesse
1421 2010 1537 2054 est.
1571 2008 1626 2053 et
1669 1999 1714 2053 si
1761 2011 2033 2053 auctori-tn

456 2095 657 2148 habere
705 2093 920 2156 dicitur,
951 2094 1058 2161 jam
1105 2091 1242 2146 alter
1271 2103 1464 2161 praeter
1490 2091 1675 2154 Drnm,
1707 2091 1782 2145 rei
1813 2091 2036 2159 alicujus

448 2186 845 2252 auctor,induci
879 2185 1161 2238 videbitur.
1191 2186 1258 2237 At
1278 2184 1322 2238 si
1352 2185 1451 2238 hoc
1471 2185 1572 2238 dici
1607 2184 1825 2254 impium
1856 2196 1962 2251 est,
1983 2193 2037 2239 et

436 2277 688 2331 ~conﬁteri
722 2290 944 2331 necesse
966 2285 1048 2331 est
1073 2285 1349 2344 peccatum
1379 2289 1538 2330 omne
1561 2286 1737 2330 actum
1761 2291 1902 2338 esse,
1931 2291 2036 2338 non

439 2384 597 2432 rem;
629 2368 675 2422 si
701 2368 860 2438 igitur
891 2377 1042 2421 actus
1071 2373 1174 2431 cst,
1204 2365 1310 2420 imo
1334 2367 1458 2435 quia
1501 2383 1624 2420 vere
1653 2378 1804 2422 actus
1825 2377 1932 2432 est,
1964 2368 2040 2418 vi-

437 2462 549 2514 "till
600 2469 792 2527 potest.
841 2458 1221 2524 Repondemus
1270 2469 1546 2527 peccatum
1589 2459 1806 2528 quidem
1860 2468 2037 2513 actum

440 2553 556 2608 ilici
587 2563 641 2606 et
669 2566 811 2618 esse,
841 2565 944 2606 ιιοιι
989 2566 1132 2615 rem;
1160 2550 1252 2604 sed
1282 2549 1442 2604 etiam
1489 2550 1541 2603 in
1578 2565 1806 2619 corpore
1834 2549 2039 2604 claudi-

441 2659 507 2698 tca
537 2645 588 2698 io
618 2643 806 2698 eadem
839 2642 1046 2697 ratione
1074 2651 1225 2696 actus
1247 2652 1349 2706 est,
1381 2656 1487 2694 noo
1517 2655 1626 2704 res,
1649 2641 1899 2710 quoniam
1930 2656 2040 2705 res,

451 2752 545 2804 pes
578 2737 712 2804 ipse,
740 2735 820 2789 vel
859 2749 1076 2804 corpus,
1104 2733 1188 2787 vel
1229 2733 1389 2788 homo
1424 2741 1529 2795 est,
1558 2734 1646 2802 qtti
1681 2733 1813 2801 pede
1854 2733 2040 2788 vitiato

437 2826 745 2890 claudit-at;
788 2840 887 2879 nec
931 2833 1107 2878 tanien
1149 2825 1318 2878 vitare
1352 2833 1524 2892 potest
1569 2824 1848 2878 claudicati
1889 2839 2036 2889 neut,

450 2922 548 2973 n'si
575 2918 821 2972 habuerit
841 2928 1084 2970 sanatum
1109 2915 1321 2985 pedem.
1340 2915 1492 2984 Quod
1517 2919 1677 2970 etiam
1704 2917 1756 2970 in
1782 2916 2038 2972 interiore

470 3012 688 3064 homine
719 3008 834 3063 ﬁeri
864 3018 1058 3077 potest,
1088 3008 1181 3063 sed
1211 3008 1378 3075 gratia
1427 3008 1517 3062 Dei
1553 3022 1645 3076 per
1682 3007 1861 3062 Jesnm
1892 3007 2046 3064 Chri-

453 3113 592 3157 stum
611 3102 887 3154 Dominum
901 3108 1174 3154 nostrum.
1195 3097 1373 3170 ipsum
1398 3113 1526 3153 sane
1549 3098 1755 3163 vitium,
1779 3114 1886 3167 quo
1911 3101 2051 3154 clau-

2141 1917 2194 1960 et
2219 1904 2591 1974 proﬁtentibus
2615 1900 3438 1973 lproﬁcientibus],renovatione
3463 1900 3736 1956 interioris

2143 1999 2374 2052 hominis
2413 1998 2480 2052 de
2511 1997 2600 2052 die
2644 1998 2694 2050 iu
2728 1999 2892 2061 diem,
2921 1995 3097 2050 donec
3136 1997 3228 2050 liat
3261 1993 3493 2059 perfecta
3524 1995 3734 2064 justitia

2143 2102 2392 2162 tanquam
2441 2091 2641 2146 sanitas
2683 2089 2858 2159 plena.
2915 2090 3068 2154 l'em,
3115 2089 3210 2156 ait,
3253 2090 3601 2158 quaerendum
3651 2101 3736 2142 cst

2142 2185 2410 2254 quomodo
2454 2184 2565 2236 vult
2610 2182 2748 2236 Deus
2778 2182 3051 2235 hominem
3082 2197 3202 2235 esse
3229 2196 3350 2236 eum
3385 2189 3630 2250 peccato,
3664 2195 3735 2233 an

2143 2277 2263 2330 sine
2291 2287 2530 2345 peccato.
2569 2273 2760 2328 Procul
2807 2272 2969 2326 dubio
3002 2289 3106 2326 non
3152 2273 3264 2326 vult
3305 2288 3428 2327 csse
3455 2289 3576 2326 cum
3611 2287 3734 2340 pec-

2144 2382 2282 2423 cato.
2317 2369 2522 2434 Quanta
2569 2365 2681 2419 haec
2713 2365 3000 2434 impietitis
3031 2364 3359 2431 blaSphemia
3391 2367 3461 2417 sit
3490 2365 3732 2434 Cogitan-

2145 2461 2270 2516 dum
2295 2470 2402 2527 est,
2429 2469 2482 2514 ιιι
2507 2461 2716 2514 dicatur
2739 2459 3008 2513 hominem
3031 2474 3184 2526 posse
3209 2474 3328 2512 es:c
3350 2474 3469 2512 cum
3494 2467 3730 2526 peccato,

2148 2555 2288 2624 quod
2321 2555 2458 2606 Dens
2494 2567 2598 2605 non
2635 2551 2775 2615 vult;
2809 2560 2862 2604 et
2893 2561 3116 2620 negrtur
3149 2565 3305 2619 posse
3335 2564 3457 2603 εεδε
3477 2549 3591 2602 sine
3616 2565 3728 2617 pec-

2147 2657 2290 2709 eato,
2307 2644 2448 2714 quod
2469 2645 2606 2697 Dens
2629 2643 2772 2697 vult:
2793 2643 2939 2712 quasi
2967 2641 3194 2712 aliquem
3217 2642 3283 2695 ad
3304 2643 3402 2696 hoc
3426 2643 3566 2696 Deus
3587 2658 3728 2697 crea-

2151 2739 2308 2802 verit,
2327 2749 2376 2789 ιιι
2406 2746 2582 2806 ροεε-ει
2606 2735 2879 2804 essequod
2901 2735 3052 2801 nolit,
3068 2745 3122 2789 ει
3143 2751 3244 2788 non
3266 2747 3442 2804 posset
3460 2752 3581 2791 esse
3597 2738 3735 2806 quod

2155 2825 2312 2890 velit;
2349 2836 2400 2879 et
2434 2835 2490 2878 ut
2535 2833 2720 2879 centra
2763 2838 2910 2878 suam
2945 2821 3131 2894 magis,
3163 2839 3320 2894 quant
3355 2834 3411 2878 ιιι
3439 2827 3735 2880 secundum

2150 2933 2302 2974 Suam
2334 2919 2593 2974 existeret
2625 2917 2976 2972 voluntatem.
3005 2916 3121 2973 Jam
3147 2919 3393 2986 superius
3421 2935 3736 2988 responsum

2155 3023 2258 3078 ενι,
2284 3010 2380 3065 sed
2408 3011 2709 3066 addendum
2735 3011 2912 3076 video,
2937 3012 3077 3080 quod
3109 3027 3204 3080 spe
3230 3010 3364 3065 salvi
3388 3014 3506 3066 farti
3525 3029 3736 3080 sumus,

2154 3120 2277 3173 spes
2307 3115 2484 3158 autem
2517 3120 2636 3172 qua:
2663 3101 2871 3157 videtur
2890 3120 2994 3157 non
3021 3114 3103 3159 est
3132 3119 3254 3172 Spes
3281 3121 3294 3157 :
3320 3105 3459 3174 quod
3491 3107 3634 3160 enim
3660 3111 3732 3160 vi-

446 3197 591 3249 dicat
610 3194 792 3257 homo,
808 3207 907 3246 nec
923 3202 1129 3261 pesest,
1148 3205 1475 3258 neccorpns,
1494 3192 1789 3252 ni-cbomo,
1807 3207 1902 3245 nec
1926 3191 2037 3258 ipsa
2069 3219 2112 3279 ρ
2152 3198 2239 3250 det
2257 3196 2396 3266 quis,
2419 3195 2544 3265 quid
2561 3196 2775 3264 sperat?
2796 3195 2850 3250 Si
2868 3205 3042 3250 autem
3067 3196 3206 3265 quod
3228 3211 3332 3250 non
3352 3197 3594 3252 videmus
3617 3215 3730 3269 spe-

441 3286 793 3348 elaudicatio,
826 3300 942 3351 qum
972 3284 1153 3352 utique
1183 3298 1287 3336 non
1333 3290 1439 3347 εει,
1472 3282 1684 3351 quandi
1718 3298 1822 3336 non
1851 3283 2033 3336 ambu-

454 3379 548 3442 lat,
571 3391 690 3431 cum
717 3386 892 3428 tamen
919 3375 1044 3427 insit
1067 3374 1248 3428 vitium
1266 3388 1382 3443 quo
1407 3374 1463 3426 lit
1485 3371 1805 3428 claudicatio
1823 3377 2036 3442 quando

455 3469 709 3521 ambulat.
741 3465 955 3531 Qumrat
981 3479 1111 3531 ergo
1138 3464 1280 3532 quod
1319 3464 1490 3518 eidem
1537 3463 1664 3518 vitio
1702 3480 1900 3520 nomen
1931 3465 2034 3519 im-

457 3567 640 3622 ponat,
666 3567 843 3611 utrum
871 3571 985 3610 rem
1011 3556 1143 3608 velit
1171 3554 1376 3617 dicere,
1407 3571 1474 3608 an
1502 3567 1703 3623 actum,
1737 3571 1804 3610 an
1834 3556 1908 3611 rei
1939 3571 2035 3625 po-

456 3652 558 3705 tius
603 3647 914 3719 quaiitatem
948 3645 1291 3714 malam,qua
1335 3645 1595 3699 deformis
1643 3657 1794 3702 actus
1829 3648 2034 3702 existit.

442 3744 542 3798 Sic
583 3752 639 3797 et
688 3743 740 3795 iu
774 3739 992 3794 homine
1039 3737 1295 3794 interiore
1333 3737 1544 3794 animus
1587 3755 1672 3795 res
1707 3750 1818 3808 est,
1851 3742 2039 3811 rapina

451 3845 602 3889 actus
632 3843 715 3891 est
747 3850 758 3885 :
791 3829 1016 3886 avaritia
1041 3830 1228 3885 vitium
1257 3839 1359 3896 est,
1394 3830 1445 3884 id
1473 3839 1554 3884 est
1577 3831 1823 3900 qualitas,
1849 3848 2039 3888 secun-

454 3931 584 3981 dum
634 3940 793 3996 quam
835 3925 1007 3979 malus
1038 3933 1128 3979 est
1168 3922 1377 3977 animus
1403 3964 1418 3988 ,
1466 3923 1624 3978 etiam
1648 3925 1872 3992 quando
1909 3923 2038 3980 nihil

453 4020 562 4087 agit
591 4016 735 4071 unde
772 4015 1014 4092 avaritia:
1039 4027 1150 4068 suat
1192 4013 1409 4079 serviat,
1439 4013 1598 4067 etiam
1630 4016 1843 4084 quando
1871 4016 2035 4080 audit,

443 4123 560 4162 tuon
604 4108 981 4175 concupisces,
1008 4119 1174 4174 seque
1221 4105 1506 4174 vituperat,
1552 4119 1607 4162 et
1634 4119 1811 4163 tamen
1842 4125 2038 4164 avarus

455 4208 652 4264 manet,
671 4196 763 4251 sed
791 4210 884 4264 per
911 4194 1070 4249 ﬁdem
1102 4204 1414 4259 renovatur,
1434 4194 1486 4249 id
1512 4205 1593 4252 est
1617 4204 1838 4252 sanatur
1859 4199 1926 4255 de
1951 4200 2040 4254 die

454 4295 504 4345 in
533 4291 700 4354 diem,
725 4303 827 4344 nec
855 4297 1033 4342 tamen
1076 4286 1176 4340 nisi
1208 4285 1374 4354 gratia
1412 4288 1502 4342 Dei
1545 4303 1641 4358 per
1670 4288 1850 4345 Jesnm
1886 4291 2041 4346 Chri-

453 4392 595 4439 stum
621 4382 907 4436 Dominum
936 4387 1201 4433 nostrum.
1229 4377 1451 4453 lterum,
1480 4379 1670 4451 inquit,
1689 4382 2038 4453 qurerendnm

451 4488 535 4529 est
565 4485 815 4530 utrumne
842 4471 1034 4527 debeat
1065 4472 1224 4526 homo
1252 4451 1374 4528 sine
1419 4483 1639 4543 pecc..to
1667 4491 1810 4532 esse.
1845 4475 2038 4533 Procul

2145 3303 2346 3352 rainus,
2373 3305 2468 3355 per
2495 3287 2805 3358 patientiam
2835 3298 3210 3358 exspectamus
3238 3306 3251 3344 :
3279 3298 3402 3343 tunc
3427 3305 3556 3360 ergo
3581 3292 3734 3359 plena

2141 3380 2208 3452 [ei
2225 3369 2524 3451 it]justitia,
2544 3380 2756 3450 quando
2772 3380 2921 3450 plena
2941 3380 3166 3446 sanitas;
3200 3390 3323 3435 tunc
3339 3383 3493 3449 plena
3507 3384 3735 3445 sanitas.

2142 3473 2356 3540 quando
2378 3473 2533 3540 plena
2559 3472 2794 3527 charitas
2817 3473 3112 3544 (plenitudo
3133 3475 3273 3528 enim
3295 3476 3423 3543 legis
3440 3477 3734 3560 charitas);

2145 3574 2273 3618 tunc
2310 3576 2490 3618 autem
2533 3564 2688 3632 plena
2734 3565 2990 3628 charitas,
3026 3569 3240 3634 quando
3276 3567 3577 3622 videbimus
3612 3584 3736 3624 eum

2139 3657 2296 3710 sicuti
2343 3666 2446 3712 est.
2486 3657 2672 3728 Neque
2721 3658 2863 3714 enim
2921 3657 3026 3712 erit
3075 3661 3216 3728 quod
3269 3661 3495 3715 addatur
3531 3661 3600 3715 ad
3645 3663 3732 3716 di-

2153 3747 2462 3814 lectionem,
2488 3763 2608 3802 cunt
2641 3748 2773 3804 ﬁdes
2802 3751 3106 3820 pervenerit
3137 3750 3202 3804 ad
3232 3751 3510 3806 visionem.
3537 3752 3735 3808 Ιιειιιιιι

2141 3839 2490 3910 ιιιιιετειιιιιιηι
2516 3849 2616 3907 εει,
2651 3839 2844 3910 inquit,
2875 3856 2966 3910 per
2995 3841 3120 3912 quid
3149 3840 3380 3896 efﬁcitur
3415 3845 3578 3896 homo
3607 3860 3732 3899 eum

2143 3944 2385 4003 peccato,
2419 3951 2513 4004 per
2545 3943 2748 3988 natura:
2779 3937 3176 4000 necessitatem,
3203 3952 3270 3989 an
3305 3952 3398 4006 per
3427 3937 3634 3993 arbitrii
3671 3939 3733 3992 li-

2143 4025 2430 4080 bertatem.
2477 4025 2535 4080 Si
2567 4041 2658 4096 per
2687 4037 2888 4080 natura:
2929 4026 3325 4090 necessitatem,
3358 4027 3517 4097 culpa
3544 4040 3689 4083 cant
3717 4047 3732 4095 ;

2142 4118 2186 4173 si
2213 4133 2307 4187 per
2328 4118 2536 4172 arbitrii
2565 4119 2891 4182 libertatem,
2917 4120 3263 4188 qua-rendum
3283 4131 3366 4175 est
3382 4136 3411 4174 a
3435 4138 3538 4190 quo
3561 4123 3734 4190 ipsam

2144 4207 2357 4263 arbitrii
2375 4208 2973 4278 lihertatemaeccpcrit.
2993 4209 3179 4265 Procul
3197 4210 3360 4266 dubio
3377 4227 3406 4264 a
3428 4211 3572 4267 Deo:
3594 4213 3736 4266 Dem

2146 4311 2324 4355 autem
2351 4300 2495 4369 quod
2523 4297 2692 4366 dedit,
2722 4308 2867 4355 certe
2887 4298 3086 4354 bonum
3114 4311 3218 4367 est,
3247 4303 3429 4369 negari
3451 4307 3598 4356 enm
3625 4319 3734 4356 non

2144 4400 2341 4461 potest.
2372 4393 2485 4459 Qua
2520 4393 2679 4459 igitur
2711 4391 2918 4447 ratione
2946 4395 3146 4448 butum
3178 4395 3458 4463 probatur,
3488 4397 3532 4449 si
3564 4398 3736 4464 magis

2143 4482 2210 4536 ad
2240 4482 2438 4536 malum
2471 4498 2629 4552 quam
2659 4483 2724 4537 ad
2753 4483 2951 4537 bonum
2983 4499 3209 4553 pronum
3233 4486 3359 4538 est?
3389 4484 3556 4552 magis
3587 4486 3734 4540 enim

451 4567 622 4622 dubio
668 4567 830 4622 debet
857 4581 870 4617 :
900 4564 945 4618 si
977 4563 1159 4628 debet,
1183 4565 1292 4634 72
1341 4575 1550 4634 potest;
1595 4567 1641 4621 si
1689 4585 1796 4623 non
1841 4579 2035 4638 potem,
2069 4585 2120 4646 ι)
2142 4575 2211 4628 ad
2243 4576 2441 4630 malum
2471 4593 2630 4644 quam
2660 4576 2728 4630 ad
2755 4576 2952 4632 bonum
2985 4594 3211 4647 pronum
3242 4589 3344 4644 εει,
3377 4578 3425 4632 si
3449 4585 3611 4633 homo
3637 4595 3738 4648 per

451 4674 582 4726 ergo
607 4671 704 4712 nec
734 4655 892 4710 debet
922 4671 934 4706 :
962 4665 1015 4708 et
1042 4653 1088 4706 si
1115 4668 1222 4707 non
1251 4653 1408 4708 debet
1436 4654 1598 4710 homo
1627 4673 1746 4713 esse
1775 4659 1891 4716 sine
1915 4675 2038 4730 pec-

451 4761 591 4812 rato,
617 4746 778 4800 debet
808 4759 936 4813 ergo
967 4759 1087 4800 esse
1113 4760 1234 4799 cum
1276 4758 1530 4816 peccato;
1563 4750 1723 4803 etiam
1756 4761 2034 4819 peclatum

448 4853 554 4892 nou
582 4837 684 4891 erit
711 4837 755 4890 si
787 4835 914 4889 illud
949 4835 1134 4890 deberi
1189 4837 1496 4891 constiterit
1522 4855 1535 4890 :
1561 4847 1654 4892 aut
1678 4839 1722 4894 si
1752 4839 1854 4894 hoc
1874 4842 2034 4896 etiam

448 4930 552 4984 dei
601 4926 891 4982 absurdum
943 4934 1064 4994 est,
1124 4927 1366 4983 conﬁteri
1423 4942 1646 4985 necesse
1702 4939 1785 4986 est
1837 4933 2038 4988 debere

452 5019 726 5073 hominem
749 5023 869 5072 sine
897 5025 1117 5086 peccato
1139 5032 1279 5084 esse,
1301 5027 1356 5073 et
1383 5029 1594 5074 constat
1613 5037 1734 5076 eum
1767 5037 1870 5077 non
1891 5023 2032 5079 aliud

445 5113 643 5166 debere
667 5125 825 5179 quam
850 5117 1044 5178 potest.
1071 5109 1445 5180 Respondetur
1463 5112 1650 5168 eadem
1681 5114 2031 5172 similitudine

446 5219 548 5273 qua
569 5201 818 5270 superius
847 5201 956 5270 jam
991 5202 1370 5269 respondimus
1401 5219 1416 5258 :
1448 5219 1570 5258 cum
1610 5205 1754 5261 enim
1786 5207 2030 5264 videmus

445 5292 697 5348 claudum
719 5292 806 5361 qui
837 5293 1012 5346 sanari
1039 5299 1236 5361 potest,
1257 5302 1401 5348 recte
1423 5294 1607 5363 utique
1632 5295 1860 5353 dicimus
1887 5316 1899 5351 :
1928 5299 2031 5354 De-

445 5386 536 5439 bet
573 5398 698 5439 esse
732 5385 892 5436 homo
930 5383 1032 5437 iste
1073 5384 1192 5438 sine
1225 5383 1649 5452 claudicatione;
1677 5399 1729 5443 et
1767 5389 1813 5443 si
1845 5389 2022 5457 debet,

441 5485 624 5543 potest
646 5493 659 5528 :
684 5490 784 5530 nec
806 5484 981 5530 tamen
1009 5491 1129 5529 cum
1155 5475 1266 5529 vult
1293 5477 1549 5532 continuo
1575 5486 1768 5547 potest,
1788 5484 1880 5538 sed
1903 5499 2024 5540 cum

440 5569 606 5622 fuerit
624 5568 864 5622 adhibita
887 5569 1164 5622 curatione
1179 5579 1420 5632 sanatus,
1439 5581 1493 5624 et
1514 5571 1779 5628 medicina
1809 5575 2029 5643 adjuve-

443 5663 514 5712 rit
545 5659 892 5713 voluntatem.
925 5659 1036 5713 lloc
1068 5659 1127 5713 ﬁt
1159 5661 1210 5712 in
1243 5661 1494 5716 interiore
1523 5661 1759 5730 homine,
1792 5667 1932 5736 quod
1958 5668 2024 5722 ad

439 5757 722 5814 peccatum
763 5746 976 5816 attinet,
1009 5759 1256 5818 tanquam
1303 5751 1418 5820 ejus
1450 5752 1891 5812 claudicationem
1930 5774 2027 5829 per

440 5839 561 5903 eius
592 5837 812 5904 gratiam
843 5841 930 5906 qui
960 5840 1105 5895 venit
1137 5855 1240 5897 non
1272 5857 1463 5901 vocare
1489 5844 1681 5916 justos,
1711 5850 1804 5906 scd
1839 5867 2026 5923 peten-

2145 4669 2274 4723 illud
2307 4677 2482 4737 potest
2503 4683 2623 4723 esse
2648 4683 2766 4722 cum
2795 4678 3035 4738 peccato,
3059 4681 3112 4725 et
3141 4686 3245 4724 non
3272 4678 3449 4740 potest
3469 4685 3593 4727 esse
3613 4673 3738 4727 sine

2144 4771 2382 4830 peccato.
2415 4760 2790 4830 Respondetur
2817 4777 2912 4830 per
2938 4762 3144 4818 arbitrii
3191 4762 3495 4818 libertatem
3529 4763 3734 4818 factum

2142 4860 2200 4904 ut
2228 4860 2371 4904 esset
2403 4851 2562 4904 homo
2588 4863 2708 4904 cum
2742 4859 2984 4918 peccato,
3016 4851 3113 4908 sed
3153 4851 3264 4922 jam
3291 4852 3524 4922 poenalis
3573 4852 3737 4907 vitio-

2140 4939 2270 4996 sitas
2291 4941 2596 5004 subsecuta,
2624 4955 2690 4995 ει
2723 4940 2971 4998 libertate
2999 4942 3125 4998 fecit
3147 4945 3559 5009 necessitatem;
3587 4943 3737 5000 unde

2139 5033 2204 5088 ad
2223 5032 2385 5087 Deum
2403 5031 2535 5087 ﬁdes
2550 5033 2766 5087 clamat:
2786 5033 2862 5089 De
2880 5035 3290 5093 necessitatibus
3307 5037 3443 5093 meis
3456 5037 3592 5092 educ
3607 5052 3698 5092 me
3714 5055 3732 5102 ;

2140 5127 2241 5180 sub
2280 5125 2472 5195 quibus
2504 5125 2684 5195 positi,
2716 5128 2797 5181 vel
2846 5143 2952 5182 non
2996 5142 3282 5198 possumus
3311 5131 3453 5199 quod
3482 5131 3734 5186 volumus

2139 5214 2464 5285 intel‘igere,
2482 5216 2562 5271 vel
2587 5217 2727 5285 quod
2753 5217 3176 5276 intellexetimus
3199 5222 3446 5277 volumus
3469 5236 3567 5277 nec
3590 5222 3733 5276 vale-

2136 5307 2312 5364 lemus
2335 5309 2556 5378 implere
2579 5324 2595 5364 :
2617 5322 2739 5363 nam
2766 5318 2820 5364 et
2840 5309 2954 5380 ipsa
2983 5311 3198 5368 libertas
3224 5313 3565 5369 credentibus
3589 5330 3620 5368 a
3648 5315 3732 5369 Li-

2132 5399 2383 5456 beratore
2410 5400 2771 5470 promittitur:
2793 5403 2849 5457 Si
2873 5419 2990 5472 vos,
3015 5404 3732 5472 inquit,Filiusliberaverit,

2138 5498 2267 5547 tunc
2311 5507 2436 5548 vere
2467 5493 2620 5549 liberi
2655 5497 2836 5562 tritis;
2871 5499 3005 5551 victa
3037 5498 3182 5553 enim
3208 5499 3413 5568 judicio
3445 5499 3644 5572 [vitio],
3673 5501 3734 5556 in

2135 5579 2280 5650 quod
2309 5581 2504 5637 cecidit
2544 5583 2840 5650 voluntate,
2867 5586 3038 5640 caruit
3069 5588 3314 5645 libertate
3345 5601 3552 5645 natura.
3587 5590 3734 5646 lliuc

2135 5675 2237 5730 alia
2265 5674 2539 5746 Scriptura
2570 5677 2699 5732 dicit
2731 5697 2743 5731 :
2776 5679 2820 5734 A
2851 5695 2957 5749 quo
2997 5684 3137 5736 enim
3185 5683 3304 5752 quis
3351 5683 3588 5740 devictus
3615 5698 3726 5750 est,

2136 5767 2258 5821 huic
2303 5776 2359 5824 et
2405 5784 2592 5824 servus
2615 5770 2859 5826 addictus
2886 5783 2985 5827 est.
3018 5775 3165 5830 Sicut
3194 5789 3324 5845 ergo
3343 5791 3448 5831 non
3475 5786 3557 5832 est
3581 5792 3726 5846 opus

2134 5859 2286 5918 sanis
2313 5861 2574 5929 medicus,
2613 5860 2708 5919 sed
2731 5863 2870 5919 male
2888 5863 3223 5932 habentibus,
3254 5868 3322 5923 ita
3349 5884 3451 5924 non
3474 5877 3555 5924 est
3577 5883 3722 5938 opus
