4074 6186
516 287 645 347 1011

1612 293 1674 348 D.
1718 292 2037 351 ECGYPPH
2073 294 2358 355 ABBATIS
2393 297 2715 359 AFRICANI

3647 317 3783 375 ΙῖἶΙΞ

509 406 839 477 spondemus
864 406 973 477 jam
1020 408 1146 463 olim
1195 414 1382 463 contra
1411 409 1675 477 superbos
1727 426 1849 467 esse
1893 413 2093 468 clama-
2121 414 2168 471 Δ
2200 421 2348 478 ptum
2379 428 2501 469 esse
2539 424 2769 482 constat,
2822 424 2998 471 utrum
3030 415 3084 471 in
3133 432 3364 488 corpore
3402 425 3592 476 mortis
3623 426 3785 496 hujus

509 506 621 553 tum
648 514 662 552 :
692 498 886 553 Beatus
913 499 996 553 cui
1033 515 1139 552 non
1186 499 1469 567 imputavit
1498 498 1753 555 Dominus
1786 513 2086 570 peccatum.

506 592 622 647 Non
670 591 814 647 enim
862 592 1084 659 impuzat
1125 591 1209 645 his
1254 590 1342 661 qui
1388 590 1617 647 fideliter
1654 594 1703 647 ei
1734 593 1958 648 dicunt:
1995 595 2086 650 Di-

505 687 658 741 mitte
700 686 853 742 nobis
880 685 1057 740 debita
1100 697 1305 751 nostra,
1350 687 1489 742 sicut
1537 696 1594 742 et
1621 701 1720 742 nos
1767 688 2088 743 dimittimus

502 780 833 835 debitoribus
881 780 1085 834 nostris
1113 790 1205 834 :et
1230 781 1377 849 juste
1425 797 1530 835 non
1566 783 1814 851 imputat,
1850 782 1970 852 quia
1998 783 2089 852 ju-

500 883 641 929 stum
681 884 764 929 est
803 876 943 945 quod
970 874 1080 931 ait:
1107 875 1161 930 ln
1207 891 1307 944 qua
1354 891 1606 931 mensura
1646 879 1817 933 mensi
1853 880 2078 941 fuerit's,

500 968 553 1021 in
581 968 769 1022 eadem
795 969 1108 1023 remetietur
1137 968 1256 1022 vobi
1291 1007 1306 1023 .
1338 969 1625 1025 Peccatum
1650 979 1731 1024 cst
1760 978 1939 1025 autem
1959 987 2079 1027 cum

498 1060 582 1116 vel
615 1076 720 1116 nou
753 1070 838 1116 est
880 1061 1116 1117 charitas
1146 1077 1265 1128 quae
1304 1077 1425 1118 esse
1462 1063 1647 1127 debet,
1680 1064 1761 1120 vel
1796 1066 1970 1120 minor
2000 1074 2082 1121 est

497 1166 657 1219 quam
699 1152 880 1218 debet,
932 1152 1044 1207 sive
1073 1153 1174 1207 hoc
1214 1154 1371 1208 vitari
1421 1154 1701 1211 voluntate
1730 1157 1919 1225 possit,
1968 1160 2083 1213 sive

496 1263 602 1303 non
632 1248 842 1318 possit;
874 1248 995 1316 quia
1020 1247 1066 1301 si
1097 1254 1296 1316 potest,
1324 1262 1564 1318 praesens
1594 1248 1842 1305 voluntas
1871 1248 1971 1305 hoc
1998 1250 2077 1304 fa-

493 1337 595 1401 cit;
627 1337 672 1392 si
702 1338 1017 1392 antem'non
1048 1344 1245 1405 potest,
1280 1338 1548 1406 praeterita
1578 1338 1828 1394 voluntas
1871 1339 1973 1395 hoc
1998 1340 2079 1397 fe-

491 1430 591 1495 cit;
616 1437 672 1483 et
701 1436 878 1483 tamen
908 1428 1063 1482 vitari
1108 1437 1302 1497 potest,
1332 1444 1440 1485 non
1470 1430 1682 1499 quando
1711 1431 1957 1488 voluntas
1986 1448 2078 1488 su-

493 1520 651 1589 perba
681 1519 951 1587 laudatur,
983 1518 1077 1574 sed
1109 1520 1323 1588 quando
1352 1519 1567 1577 humilis
1598 1523 1902 1592 adjuvatnr.
1948 1525 2075 1581 Post

489 1611 603 1665 hzec
652 1610 741 1665 ille
782 1609 873 1679 qui
906 1610 1005 1665 ista
1051 1614 1397 1680 conscripsit,
1448 1613 1745 1674 introducit
1782 1630 2069 1684 personam

487 1717 637 1757 suam
685 1701 835 1772 quasi
879 1715 1001 1755 cum
1048 1704 1222 1758 altero
1252 1706 1637 1775 disputantem,
1664 1715 1718 1760 et
1746 1705 1870 1760 facit
1899 1722 1959 1762 se
1989 1709 2072 1762 in-

2194 502 2363 569 possit
2394 502 2630 573 impleri,
2664 506 2751 560 ubi
2799 522 2927 563 caro
2956 511 3287 578 concupiscit
3332 511 3591 568 adversus
3618 516 3781 584 spiri-

2192 605 2326 661 tum,
2351 609 2405 654 rt
2434 601 2656 668 spiritus
2684 602 2947 658 adversus
2969 618 3206 671 carnem,
3234 618 3289 659 ut
3322 622 3426 660 non
3452 622 3512 661 ea
3540 624 3659 677 qua:
3681 626 3781 663 vo-

2188 686 2365 742 lumus
2396 689 2672 746 faciamus.
2704 693 2779 748 De
2819 710 2925 763 quo
2954 710 3181 765 corpore
3237 699 3425 753 mortis
3470 700 3629 769 hujus
3660 718 3773 758 non

2186 780 2363 834 omnis
2393 780 2649 837 liberatur
2678 786 2767 854 qui
2803 784 2917 839 linit
2950 785 3086 840 hanc
3121 787 3307 851 vitam,
3333 789 3427 843 sed
3457 791 3546 859 qui
3576 790 3630 844 in
3664 792 3777 848 hae

2186 875 2291 930 vita
2311 878 2606 948 susceperit
2625 879 2874 949 gratiam,
2906 889 2959 935 ct
2987 895 3055 935 ne
3083 881 3134 935 in
3165 896 3359 936 vanum
3387 884 3643 953 suscipiat
3672 885 3775 940 bo-

2188 964 2271 1021 nis
2307 968 2560 1036 Opvribus
2604 971 2795 1038 egerit.
2842 970 3003 1026 Aliud
3051 980 3134 1027 est
3179 972 3323 1026 enim
3364 972 3513 1028 exire
3550 975 3618 1029 de
3664 975 3773 1030 hrc

2184 1071 2411 1126 corpore
2436 1058 2598 1129 (quod
2626 1074 2813 1115 omnes
2856 1060 3102 1116 homines
3131 1061 3248 1118 dies
3294 1061 3420 1118 vitta
3448 1063 3605 1133 hujus
3633 1065 3768 1121 ulti-

2184 1162 2303 1202 mus
2330 1149 2517 1219 cogit),
2548 1149 2690 1204 aliud
2719 1158 2802 1206 est
2823 1159 2998 1206 autem
3030 1152 3249 1207 liberari
3272 1152 3340 1208 de
3366 1167 3594 1222 corpore
3613 1170 3769 1210 moro

2183 1240 2251 1293 tis
2280 1237 2457 1308 hujus,
2485 1239 2624 1309 quod
2656 1241 2769 1296 sola
2803 1242 2893 1297 Dei
2934 1245 3103 1311 gratia
3134 1258 3231 1313 per
3257 1242 3441 1298 Jesum
3479 1242 3760 1301 Christum

2181 1329 2462 1385 Dominum
2490 1343 2731 1387 nostrum
2761 1334 2959 1388 sanctis
2988 1345 3042 1388 et
3078 1334 3322 1389 lidelibus
3347 1336 3464 1405 ejus
3494 1336 3762 1404 impertit.

2180 1419 2309 1474 Post
2338 1421 2474 1477 hanc
2513 1434 2691 1478 autem
2732 1424 2899 1478 vitam
2938 1439 3144 1479 merces
3178 1425 3465 1495 perliciens
3494 1427 3763 1495 redditur,

2179 1511 2271 1565 sed
2302 1513 2381 1567 eis
2413 1522 2615 1569 tantum
2640 1529 2670 1569 a
2698 1515 2892 1584 quibus
2920 1518 2973 1572 in
3006 1516 3108 1571 hac
3148 1519 3250 1571 vita
3274 1518 3520 1588 ejusdem
3543 1535 3766 1575 merce-

2176 1601 2257 1655 dis
2286 1605 2529 1659 meritum
2560 1620 2923 1677 comparatur.
2970 1607 3086 1662 Non
3119 1609 3262 1664 enim
3310 1610 3377 1664 ad
3421 1614 3760 1668 saturitatem

2175 1691 2416 1760 iustitiae,
2441 1710 2562 1751 cum
2590 1697 2712 1751 hinc
2737 1700 2931 1753 exierit
2951 1700 3177 1769 quisque
3217 1703 3512 1771 perveniet,
3551 1705 3654 1759 nisi
3681 1706 3754 1759 ad

487 1792 748 1862 terrogari
775 1835 790 1859 ,
835 1800 888 1847 et
936 1794 1089 1863 quasi
1138 1794 1207 1847 ab
1247 1794 1607 1867 interrogante
1656 1797 1754 1851 sibi
1802 1797 1906 1852 dici
1941 1816 1956 1851 :
1992 1799 2057 1852 Da

2171 1796 2311 1850 eam,
2342 1799 2464 1840 cum
2495 1787 2584 1842 hic
2622 1797 2725 1855 est,
2757 1790 3043 1845 esuriendo
3072 1801 3127 1847 et
3150 1793 3384 1848 sitiendo
3407 1798 3707 1853 cucurrerit
3734 1814 3752 1850 :

491 1884 621 1937 mihi
671 1882 941 1938 hominem
992 1885 1109 1940 sine
1137 1888 1399 1955 peccato?
1423 1896 1476 1943 et
1501 1889 1827 1957 respondet:
1864 1890 1939 1944 Do
1969 1890 2066 1947 tibi

484 1974 570 2042 qui
603 1988 726 2028 esse
751 1976 916 2043 possit
940 1990 955 2039 ;
986 1984 1040 2029 et
1067 1991 1253 2032 rursus
1279 1978 1344 2033 ab
1369 1978 1733 2049 interrogante
1763 1981 1956 2036 dicitur
1985 1980 2067 2037 ei:

484 2067 614 2131 Quis
644 2075 727 2121 est
751 2067 774 2120 2
802 2077 856 2120 et
889 2068 1197 2134 respondet,
1234 2068 1351 2137 ipse
1381 2080 1457 2127 tu.
1488 2070 1638 2138 Quod
1663 2071 1706 2124 si
1730 2070 1949 2139 dixeris,
1988 2077 2067 2128 in-

482 2158 613 2226 quit,
642 2173 742 2225 ego
770 2174 891 2214 esse
922 2174 1026 2213 non
1078 2175 1322 2228 possum,
1355 2163 1784 2229 respondendum
1838 2174 1940 2229 est,
1973 2181 2066 2220 cu-

474 2250 564 2319 jus
591 2252 743 2319 culpa
774 2251 896 2306 est?
926 2251 1076 2319 Quod
1105 2253 1150 2307 si
1192 2254 1412 2318 dixeris,
1447 2271 1585 2319 mea,
1631 2257 1913 2311 dicendum
1956 2266 2061 2322 est,

480 2351 530 2397 et
561 2343 833 2411 quomodo
860 2354 947 2397 tua
977 2353 1080 2408 est,
1119 2345 1162 2399 si
1193 2347 1307 2410 ipse
1354 2362 1457 2401 non
1493 2350 1679 2414 potest
1712 2348 1906 2404 lterum
1939 2351 2063 2406 facit

480 2447 539 2487 se
568 2434 910 2505 interra-gari,
945 2443 1000 2490 et
1030 2435 1135 2490 dici
1167 2436 1268 2491 sibi
1296 2454 1309 2489 :
1340 2436 1420 2491 Tu
1444 2439 1558 2509 ipse
1578 2439 1696 2493 sine
1725 2450 1947 2507 pert-ato
1976 2457 2059 2507 es,

477 2525 564 2596 qui
594 2526 727 2581 dicis
771 2526 1039 2581 hominem
1071 2527 1190 2582 sine
1240 2538 1457 2596 peccato
1488 2545 1613 2584 esse
1643 2546 1802 2600 posse
1822 2534 1847 2586 ἲ
1884 2542 1939 2587 et
1976 2549 2061 2588 re-

476 2617 723 2686 Spondet,
755 2618 906 2686 Quod
948 2635 1054 2673 non
1086 2634 1206 2675 sum
1260 2621 1377 2677 sine
1416 2632 1662 2693 peccato,
1711 2624 1863 2695 cujus
1902 2627 2057 2696 culpa

475 2710 597 2766 est?
625 2710 771 2779 quod
793 2709 838 2764 si
879 2710 1098 2776 dixerit,
1143 2711 1338 2782 inquit,
1375 2721 1461 2767 tua
1490 2724 1593 2782 est,
1623 2717 2056 2786 respondendum

473 2809 577 2865 est,
626 2800 898 2870 quomodo
955 2816 1095 2868 mea,
1147 2803 1190 2858 si
1223 2818 1342 2859 esse
1392 2820 1494 2859 non
1530 2810 1924 2874 possum2Nos
1966 2828 2055 2867 re-

472 2891 795 2960 spondemus
843 2892 1046 2947 nullum
1085 2910 1204 2948 cum
1238 2895 1317 2949 cis
1361 2895 1431 2951 de
1479 2896 1561 2952 his
1588 2898 1765 2954 verbis
1808 2915 1929 2957 esse
1956 2902 2055 2958 de-

475 2984 603 3038 bere
632 2984 964 3053 conflictum,
999 2985 1121 3056 quia
1147 3002 1253 3042 non
1295 3000 1375 3043 est
1406 3004 1572 3045 ausus
1599 2990 1783 3046 dicere
1808 3008 1929 3048 esse
1959 2993 2055 3050 ho-

469 3073 667 3137 minam
698 3074 817 3131 sine
847 3086 1086 3141 tet-cato,
1121 3078 1205 3133 vel
1246 3079 1508 3151 aliquem,
1537 3081 1622 3137 vel
1651 3083 1884 3152 seipsum
1907 3126 1923 3152 ,
1958 3085 2051 3142 sed

2170 1876 2315 1930 Beati
2353 1878 2549 1948 quippe
2577 1880 2667 1950 qui
2697 1884 2941 1936 esuriant
2976 1892 3030 1937 et
3072 1883 3257 1938 sitiunt
3280 1884 3543 1954 justitiam
3566 1930 3580 1951 ,
3615 1904 3755 1957 quo-

2168 1968 2313 2020 niam
2352 1968 2451 2036 ipsi
2481 1971 2888 2026 saturabuntur.
2918 1972 3159 2038 Quandiu
3188 1989 3319 2045 ergo
3347 1979 3759 2047 peregrinantis

2165 2074 2195 2112 a
2228 2060 2473 2127 Domino,
2501 2078 2594 2132 per
2626 2063 2783 2119 iidem
2812 2066 3171 2132 ambulamus,
3216 2083 3319 2122 non
3369 2084 3463 2138 per
3488 2072 3751 2140 speciem,

2167 2151 2308 2206 unde
2335 2152 2533 2207 dictum
2563 2163 2666 2223 est,
2694 2154 2877 2211 Justus
2898 2171 2963 2211 ex
2994 2157 3098 2212 fide
3127 2159 3290 2222 vivit;
3322 2158 3437 2215 inec
3461 2171 3751 2218 estnostra

2167 2245 2218 2297 in
2250 2244 2360 2311 ipsa
2391 2247 2818 2317 peregrinatione
2840 2248 3068 2319 justitia,
3105 2262 3161 2305 ut
3203 2250 3269 2305 ad
3294 2252 3437 2306 illam
3463 2256 3749 2322 perfectio-

2164 2353 2285 2392 nem
2319 2339 2808 2411 plenitudinemque
2833 2342 3079 2411 justitiae,
3110 2343 3200 2397 ubi
3243 2344 3296 2398 in
3324 2346 3503 2414 specie
3531 2345 3748 2402 decoris

2164 2429 2282 2499 ejus
2307 2432 2417 2499 jam
2446 2432 2602 2500 plena
2634 2443 2687 2487 et
2719 2434 2957 2502 perfecta
2987 2434 3224 2489 charitas
3253 2436 3376 2500 crit,
3406 2452 3547 2492 nunc
3574 2438 3746 2507 ipsius

2161 2536 2352 2577 cursus
2394 2525 2715 2581 rectitudine
2762 2536 2814 2581 et
2845 2526 3172 2596 periecuione
3225 2529 3527 2596 tendamus,
3580 2533 3745 2585 casti-

2161 2617 2340 2683 gando
2369 2631 2565 2679 conus
2617 2631 2854 2672 nostrum
2911 2629 2965 2674 et
3013 2620 3253 2675 servituti
3298 2621 3649 2691 suljiciendo,
3687 2635 3746 2678 et

2159 2707 2533 2778 eli-emosynas
2564 2708 2614 2762 in
2644 2709 2833 2764 dandis
2865 2710 3159 2776 beneﬁciis,
3186 2722 3238 2765 et
3268 2712 3597 2769 dimittendis
3620 2731 3743 2785 qua:

2160 2800 2211 2854 in
2245 2816 2341 2854 nos
2362 2809 2487 2855 sunt
2512 2804 2798 2858 commissa
2833 2806 3085 2872 peccatis,
3133 2806 3368 2862 hilariter
3391 2816 3445 2861 et
3480 2821 3544 2861 ex
3575 2808 3741 2862 corde

2159 2894 2429 2958 iaciendo,
2478 2905 2534 2949 et
2582 2897 2921 2951 orationibus
2968 2897 3330 2955 indesinenter
3360 2900 3632 2961 inst-tudo,
3683 2910 3741 2954 et

2158 2985 2272 3038 hinc
2305 2985 2548 3041 faciendo
2580 2988 2631 3041 in
2662 2988 2901 3043 dot-trioa
2946 3003 3097 3052 sana,
3130 3005 3232 3059 qua
3260 2990 3561 3045 mdilicatur
3600 2989 3738 3046 ﬁdes

2157 3086 2323 3140 recta,
2354 3089 2477 3144 spes
2509 3076 2679 3141 ﬁrma,
2727 3079 2960 3132 charitas
2992 3095 3138 3147 pura.
3181 3080 3303 3134 lianc
3332 3090 3417 3139 est
3466 3096 3610 3134 nunc
3638 3095 3736 3134 no.

468 3168 842 3223 tantummodo
870 3184 992 3225 esse
1018 3185 1175 3239 posse
1205 3146 1479 3241 τοιρόηάίι
1504 3190 1518 3240 ;
1547 3173 1687 3244 quod
1736 3146 1920 3245 ineque'
1954 3193 2051 3234 nos
2077 3146 2124 3209 Ο
2157 3174 2265 3220 stra
2292 3167 2515 3235 justitia,
2555 3184 2656 3238 qua
2824 3172 3112 3235 currimus,
3140 3172 3438 3226 esurientes
3469 3180 3522 3226 et
3550 3173 3737 3227 sitien-

469 3273 727 3328 negamus
752 3277 766 3314 :
800 3261 1015 3329 quando
1047 3275 1225 3317 au'em
1261 3265 1448 3333 possit,
1473 3275 1529 3321 et
1558 3281 1653 3336 per
1678 3283 1836 3338 quem
1862 3270 2050 3339 possit,

467 3350 567 3405 hoc
597 3352 876 3420 qua-ritur.
918 3353 971 3407 SI
1006 3355 1151 3408 enim
1189 3356 1350 3409 modo
1389 3367 1494 3421 est,
1528 3375 1633 3413 non
1666 3362 1813 3415 omni
1861 3366 2054 3418 anima

468 3438 608 3493 fideli
649 3442 835 3508 positae
861 3444 912 3494 in
945 3456 1171 3511 corpore
1194 3445 1382 3499 mortis
1411 3447 1568 3515 hujus
1597 3449 1854 3503 orandum
1885 3464 1968 3507 est
1995 3462 2052 3508 et

465 3532 749 3587 dicendum
780 3550 795 3589 :
828 3534 1041 3590 Dimitte
1073 3538 1227 3592 nobis
1254 3538 1429 3593 debita
1462 3548 1683 3607 nostra;
1714 3556 1834 3597 cum
1863 3542 1972 3613 jam
1997 3544 2050 3599 in

464 3633 650 3677 sancto
673 3623 939 3695 baptismo
969 3627 1215 3682 universa
1251 3629 1448 3683 fuerint
1502 3630 1721 3687 dimissa
1752 3633 2045 3703 praui-rita.

464 3715 716 3787 Quisquis
766 3728 943 3772 autvm
986 3734 1037 3772 m
1075 3719 1242 3774 mbris
1274 3720 1522 3776 lidelibus
1562 3722 1763 3779 Chris‘i
1797 3727 1895 3781 hoc
1942 3742 2047 3782 non

463 3824 584 3863 esse
612 3811 894 3877 orandum,
925 3815 1247 3881 persuadere
1275 3824 1519 3879 conatur,
1553 3816 1682 3871 nihil
1715 3818 1855 3873 aliud
1889 3836 2045 3888 quam

468 3902 713 3969 seipsum
767 3902 1126 3959 Christianum
1181 3919 1286 3960 non
1346 3920 1469 3962 esse
1522 3910 1823 3976 profitetur.
1881 3912 2049 3966 Porro

462 3994 506 4048 si
569 4010 665 4068 per
718 3995 950 4065 seipsum
1012 4007 1186 4067 potest
1243 3999 1404 4054 homo
1456 4015 1578 4056 esse
1625 4002 1746 4057 sine
1800 4014 2044 4073 peccato,

459 4102 587 4156 ergo
612 4087 858 4144 Christus
895 4091 1062 4160 gratis
1106 4103 1349 4148 mortuus
1378 4104 1496 4159 est;
1537 4110 1641 4149 nun
1671 4106 1847 4151 autem
1882 4101 2045 4168 gratis

462 4190 708 4237 mortuus
738 4191 818 4236 est
849 4181 1090 4238 Christus
1116 4200 1131 4237 :
1163 4199 1267 4237 non
1320 4184 1482 4254 igitur
1514 4195 1688 4253 potest
1730 4187 1895 4241 homo
1925 4204 2045 4245 esse

456 4272 574 4328 sine
600 4284 839 4342 peccato,
871 4277 1080 4331 etiamsi
1115 4277 1265 4340 velit,
1295 4278 1395 4331 nisi
1428 4278 1716 4346 adjuvetur
1746 4282 1916 4350 gratia
1949 4282 2041 4337 Dei

456 4377 554 4435 per
601 4363 784 4420 Jesum
828 4362 1099 4419 Christum
1158 4366 1439 4421 Dominum
1479 4376 1743 4422 nostrum.
1779 4370 1930 4436 Quod
1985 4381 2043 4425 ut

455 4453 787 4523 potiit-iatnr,
817 4463 870 4509 et
900 4469 1039 4510 nunc
1068 4455 1120 4509 in
1148 4457 1552 4523 proﬁcientibus
1582 4458 1775 4525 agitur.
1808 4473 1858 4512 et
1891 4460 2036 4515 omni

456 4547 620 4603 modo
666 4545 998 4617 impiehitur,
1048 4549 1393 4602 contentane
1423 4550 1615 4604 mortis
1651 4551 1953 4622 absumpta,
1984 4564 2038 4609 et

453 4637 737 4704 charitate,
786 4654 909 4708 qua:
953 4637 1229 4694 credendo
1278 4648 1334 4693 et
1373 4640 1643 4706 sperando
1675 4642 1934 4709 nutritur,
1963 4644 2038 4698 vi-

451 4726 629 4781 dendo
655 4737 709 4782 et
738 4728 1030 4787 obtinendo
1080 4728 1337 4799 perii-ctu.
1374 4729 1638 4800 Deinceps
1690 4732 1921 4787 inStituit
1947 4734 2036 4790 di-

452 4818 591 4871 vinis
623 4819 943 4876 testimoniis
970 4837 1129 4891 agere
1153 4823 1293 4892 quod
1323 4824 1572 4892 intendit,
1601 4823 1744 4893 quod
1780 4825 1940 4895 quale
1966 4827 2039 4893 sit

450 4914 758 4983 diligentius
783 4915 1143 4971 advertatnus.

1019 5031 1245 5089 CAPUT
1285 5030 1453 5093 CCCI.

570 5140 771 5211 possint
798 5151 1054 5205 pra'cepla
1092 5144 1397 5209 perfectione
1421 5143 1687 5210 compleri,
1719 5155 1767 5197 et
1797 5144 1920 5211 quid
1960 5146 2029 5199 sit

518 5206 733 5284 liberare
755 5212 817 5262 de
843 5227 1050 5280 corpore
1082 5206 1282 5276 inertis,
1312 5214 1387 5264 vel
1418 5206 1555 5279 (μιοᾶ
1585 5215 1789 5268 nomine
1809 5206 2023 5284 ieiunii,

516 5277 848 5349 elsentosyttw
890 5277 938 5333 et
964 5285 1163 5333 oration
1188 5299 1232 5343 δ,
1273 5277 1438 5334 omnis
1458 5284 1680 5352 justitiw
1721 5277 2024 5353 generalitas

518 5350 768 5403 indicetur
782 5367 799 5413 ;
823 5367 885 5402 ex
907 5353 1034 5403 libro
1074 5354 1267 5405 eodem.

518 5465 865 5527 Testimonia,
925 5468 1113 5533 inquit,
1161 5467 1354 5535 quibus
1408 5468 1660 5535 probatur
1697 5479 2022 5539 praeceptum

450 5570 569 5607 esse.
602 5556 803 5610 homini
836 5567 891 5609 ut
941 5560 1142 5627 alisque
1174 5568 1392 5627 peccato
1436 5558 1523 5612 sit.
1561 5560 1637 5613 Ad
1675 5561 1773 5613 hoc
1806 5575 2026 5629 respon-

446 5645 633 5696 demus
665 5661 678 5697 :
705 5645 816 5697 Non
862 5657 1036 5701 utrum
1082 5659 1406 5719 pra't‘eplum
1459 5650 1527 5702 sit
1566 5651 1823 5717 quarritur
1858 5654 2021 5721 (quod

450 5733 601 5793 valde
635 5738 967 5791 ιητίιιὶῐροιυω
1001 5741 1125 5805 οτι),
1160 5742 1250 5796 sed
1297 5743 1393 5794 iint'
1444 5748 1612 5812 ipsum
1650 5744 1785 5812 quod
1822 5761 2019 5812 proice:-

2158 3269 2261 3324 tes,
2300 3259 2367 3313 ad
2392 3259 2777 3329 perfectionem
2820 3260 3557 3332 plenitudinemqucjustitia,
3589 3272 3646 3317 ut
3672 3277 3736 3317 ea

2155 3359 2337 3419 postea
2377 3360 2701 3406 saturentur.
2736 3351 2889 3408 Unde
2922 3352 3179 3408 Dominus
3209 3353 3261 3408 in
3295 3352 3582 3423 Evangvlio
3610 3368 3735 3408 cum

2151 3438 2378 3494 dixisset
2402 3458 2414 3491 :
2438 3440 2614 3495 Nolite
2641 3444 2815 3497 facere
2842 3442 3101 3511 justitiam
3134 3453 3363 3498 vestram
3411 3457 3596 3498 coram
3631 3444 3734 3497 hoc

2152 3531 2409 3598 minibus,
2452 3542 2509 3587 ut
2562 3534 2851 3592 videamini
2900 3540 2967 3594 ab
3019 3539 3130 3606 eis;
3181 3554 3249 3595 ne
3288 3538 3446 3595 istum
3490 3549 3732 3593 nostrum

2150 3637 2365 3678 cursum
2397 3623 2501 3680 fine
2533 3627 2783 3683 humanae
2812 3628 2993 3701 gloria:
3024 3632 3370 3693 metiremur.
3418 3644 3522 3683 non
3564 3638 3648 3684 est
3677 3631 3733 3683 in

2151 3715 2489 3784 expositione
2509 3715 2736 3788 iustitia:
2764 3719 2928 3789 ipsius
2949 3733 3232 3775 exsecutus
3251 3720 3348 3774 nisi
3377 3719 3474 3773 tria
3499 3719 3619 3783 ista,
3647 3717 3733 3787 je-

2147 3808 2378 3875 junium,
2440 3811 2835 3883 eleemOsynas,
2879 3814 3152 3869 orationes
3184 3830 3199 3868 :
3234 3812 3442 3883 jejunio
3495 3811 3730 3882 scilicet,

2151 3899 2453 3955 universam
2482 3903 2724 3971 corporis
2763 3905 3164 3974 castigationem
3196 3903 3531 3975 signiﬁcans;
3580 3904 3731 3959 elee-

2149 3994 2408 4063 tnosynis,
2455 4010 2667 4049 omnem
2725 3995 3154 4053 benevolentiam
3203 4010 3255 4052 et
3308 4000 3720 4054 beneficentiam

2148 4082 2230 4135 vi-l
2262 4083 2424 4138 dandi
2454 4084 2537 4140 vel
2565 4085 2912 4154 ignoscendi;
2942 4099 2992 4144 et
3024 4091 3264 4143 oratione
3294 4091 3575 4145 insinuans
3615 4104 3734 4143 om-

2148 4190 2244 4230 nes
2272 4178 2483 4244 regulas
2514 4179 2685 4233 sancti
2725 4178 2993 4241 desiderii.
3030 4192 3085 4233 ut
3114 4183 3367 4251 quoniam
3404 4182 3455 4235 in
3502 4181 3734 4250 castiga-

2148 4265 2295 4321 tione
2324 4267 2568 4336 corporis
2597 4269 2836 4323 frenatur
2864 4270 3317 4341 concupiscentia,
3348 4287 3466 4341 qua:
3496 4287 3603 4325 non
3626 4270 3734 4325 fre-

2147 4357 2263 4410 nari
2308 4358 2401 4412 sed
2432 4360 2654 4416 omnino
2704 4375 2825 4416 esse
2875 4378 2979 4417 non
3031 4362 3214 4429 debet,
3266 4377 3365 4418 nec
3393 4363 3495 4419 erit
3544 4364 3597 4417 in
3641 4362 3735 4417 illa

2150 4448 2479 4516 perfectione
2501 4450 2721 4519 justitize
2770 4452 2858 4507 ubi
2906 4454 3112 4507 nullum
3139 4456 3242 4507 erit
3290 4455 3504 4508 «mnino
3534 4468 3730 4522 pecca—

2147 4548 2281 4606 tum,
2304 4549 2361 4596 et
2382 4556 2526 4611 saepe
2557 4543 2608 4599 in
2641 4560 2737 4597 usu
2766 4560 2940 4598 rerum
2974 4546 3134 4599 etiam
3159 4560 3536 4599 conccssarum
3563 4556 3727 4613 atque

2143 4630 2407 4687 licitarnm
2435 4636 2605 4691 exerit
2635 4633 3132 4698 immoderationem
3157 4651 3310 4689 suam
3335 4652 3347 4687 :
3376 4637 3428 4690 in
3458 4636 3573 4705 ipsa
3597 4651 3729 4689 vera

2143 4721 2518 4789 beneficentia,
2549 4736 2648 4803 qui
2680 4724 2853 4791 justus
2907 4725 3135 4780 con-ulit
3180 4727 3444 4794 proximo,
3477 4725 3728 4796 quaedam

2142 4811 2277 4871 ﬁunt
2305 4828 2424 4881 qute
2454 4815 2652 4878 obsint,
2686 4831 2806 4870 cum
2855 4816 3109 4886 prodesse
3142 4824 3318 4884 putata
3348 4816 3490 4882 sint;
3521 4825 3578 4870 et
3612 4816 3729 4870 ali-

2140 4904 2354 4970 quando
2392 4919 2484 4971 per
2512 4904 2898 4971 inﬁrmitatem,
2934 4907 3016 4961 vel
3062 4923 3183 4961 cum
3233 4907 3412 4973 minus
3451 4904 3727 4961 sufficitur

2143 4994 2553 5055 necessitatibus
2607 4995 2853 5062 aliorum,
2919 4999 3001 5051 vel
3049 5013 3232 5064 parum
3282 4997 3336 5055 in
3376 4998 3458 5055 eis
3509 4998 3731 5068 proﬁcit

2140 5084 2281 5151 quod
2307 5084 2647 5151 benignitatis
2672 5103 2735 5143 ac
2762 5089 2957 5144 laboris
2983 5092 3324 5159 impenditur,
3356 5092 3598 5160 subrepit
3624 5101 3726 5148 ta:-

2136 5176 2307 5242 diutn,
2349 5192 2455 5245 quo
2479 5178 2713 5231 fuscetur
2743 5180 3003 5246 hilaritas,
3041 5182 3221 5250 inqua
3264 5181 3502 5236 datorem
3545 5183 3727 5251 diligit

2140 5271 2279 5325 Deus
2315 5286 2329 5323 :
2360 5269 2601 5333 subrepit
2647 5278 2823 5322 autem
2884 5280 3028 5323 tanto
3077 5272 3242 5340 magis
3291 5282 3489 5340 quanto
3539 5274 3724 5326 minus

2135 5365 2384 5433 quisque,
2412 5369 2467 5416 ct
2500 5367 2649 5413 tanto
2682 5357 2855 5412 minus
2877 5371 3075 5426 quanto
3108 5361 3276 5430 magis
3330 5360 3637 5430 profecerit.

2706 5510 2928 5564 CAPUT
2946 5512 3138 5567 CCC".

2129 5651 2447 5716 Praeceptum
2477 5653 2536 5704 de
2559 5650 2818 5721 dilige/:10
2850 5648 2953 5701 Deo
2982 5650 3037 5721 in,
3065 5650 3155 5702 illa
3186 5652 3284 5702 vita
3316 5655 3533 5717 perfecte
3564 5669 3714 5706 com-

2200 5724 2324 5791 pleri
2355 5724 2495 5786 dicit,
2526 5733 2572 5776 ct
2618 5720 2870 5778 rationem
2896 5720 3059 5772 reddit
3084 5722 3483 5775 testimoniorum
3522 5724 3714 5791 quibus
