  <div class='ocr_page' id='page_1' title='image "/cluster/home/n/w/nwhite01/storage/ocr_20150623/62/hvd.32044054758693/512.png"; bbox 0 0 4074 6186; ppageno 0'>
   <div class='ocr_carea' id='block_1_1' title="bbox 383 312 524 368">
    <p class='ocr_par' dir='ltr' id='par_1_1' title="bbox 383 312 524 368">
     <span class='ocr_line' id='line_1_1' title="bbox 383 312 524 368; baseline 0 -3"><span class='ocrx_word' id='word_1_1' title='bbox 383 312 524 368; x_wconf 73' lang='grc'><strong>1015</strong></span> 
     </span>
    </p>
   </div>
   <div class='ocr_carea' id='block_1_2' title="bbox 1565 301 2424 363">
    <p class='ocr_par' dir='ltr' id='par_1_2' title="bbox 1565 301 2424 363">
     <span class='ocr_line' id='line_1_2' title="bbox 1565 301 2424 363; baseline -0.003 -2"><span class='ocrx_word' id='word_1_2' title='bbox 1565 301 1997 363; x_wconf 76' lang='lat' dir='ltr'><strong>THESAURUS.</strong></span> <span class='ocrx_word' id='word_1_3' title='bbox 2037 301 2191 357; x_wconf 77' lang='lat' dir='ltr'><strong>CAP.</strong></span> <span class='ocrx_word' id='word_1_4' title='bbox 2231 302 2424 360; x_wconf 78' lang='lat' dir='ltr'><strong>CCCII.</strong></span> 
     </span>
    </p>
   </div>
   <div class='ocr_carea' id='block_1_3' title="bbox 3514 304 3649 360">
    <p class='ocr_par' dir='ltr' id='par_1_3' title="bbox 3514 304 3649 360">
     <span class='ocr_line' id='line_1_3' title="bbox 3514 304 3649 360; baseline -0.007 -2"><span class='ocrx_word' id='word_1_5' title='bbox 3514 304 3649 360; x_wconf 69' lang='lat' dir='ltr'><strong>10H.</strong></span> 
     </span>
    </p>
   </div>
   <div class='ocr_carea' id='block_1_4' title="bbox 451 416 3643 492">
    <p class='ocr_par' dir='ltr' id='par_1_4' title="bbox 451 416 3643 492">
     <span class='ocr_line' id='line_1_4' title="bbox 451 416 3643 492; baseline -0.002 -13"><span class='ocrx_word' id='word_1_6' title='bbox 451 427 735 492; x_wconf 78' lang='lat' dir='ltr'><strong>imperatur</strong></span> <span class='ocrx_word' id='word_1_7' title='bbox 763 422 959 477; x_wconf 68' lang='lat' dir='ltr'><strong>homini</strong></span> <span class='ocrx_word' id='word_1_8' title='bbox 981 422 1262 492; x_wconf 73' lang='lat' dir='ltr'><strong>perfectum</strong></span> <span class='ocrx_word' id='word_1_9' title='bbox 1287 437 1421 484; x_wconf 79' lang='lat' dir='ltr'><strong>esse,</strong></span> <span class='ocrx_word' id='word_1_10' title='bbox 1448 420 1527 476; x_wconf 79' lang='lat' dir='ltr'><strong>uel</strong></span> <span class='ocrx_word' id='word_1_11' title='bbox 1545 419 1751 489; x_wconf 82' lang='lat' dir='ltr'><strong>quando</strong></span> <span class='ocrx_word' id='word_1_12' title='bbox 1783 419 1845 472; x_wconf 83' lang='lat' dir='ltr'><strong>sit</strong></span> <span class='ocrx_word' id='word_1_13' title='bbox 1873 416 1968 471; x_wconf 84' lang='lat' dir='ltr'><strong>Ec—</strong></span> <span class='ocrx_word' id='word_1_14' title='bbox 1996 417 2051 477; x_wconf 76' lang='grc' dir='ltr'><strong>Α</strong></span> <span class='ocrx_word' id='word_1_15' title='bbox 2073 429 2188 471; x_wconf 82' lang='lat' dir='ltr'><strong>Sum</strong></span> <span class='ocrx_word' id='word_1_16' title='bbox 2224 420 2381 474; x_wconf 89' lang='lat' dir='ltr'><strong>finem</strong></span> <span class='ocrx_word' id='word_1_17' title='bbox 2412 430 2835 476; x_wconf 90' lang='lat' dir='ltr'><strong>commemorant</strong></span> <span class='ocrx_word' id='word_1_18' title='bbox 2863 437 2969 489; x_wconf 86' lang='lat' dir='ltr'><strong>quo</strong></span> <span class='ocrx_word' id='word_1_19' title='bbox 2998 422 3263 477; x_wconf 78' lang='lat' dir='ltr'><strong>currendo</strong></span> <span class='ocrx_word' id='word_1_20' title='bbox 3293 424 3603 490; x_wconf 73' lang='lat' dir='ltr'><strong>perlettdatif</strong></span> <span class='ocrx_word' id='word_1_21' title='bbox 3634 443 3643 475; x_wconf 90' lang='lat'><strong>:</strong></span> 
     </span>
    </p>
   </div>
   <div class='ocr_carea' id='block_1_5' title="bbox 453 494 880 565">
    <p class='ocr_par' dir='ltr' id='par_1_5' title="bbox 453 494 880 565">
     <span class='ocr_line' id='line_1_5' title="bbox 453 494 880 565; baseline -0.002 -16"><span class='ocrx_word' id='word_1_22' title='bbox 453 495 607 549; x_wconf 81' lang='lat' dir='ltr'><strong>clesia</strong></span> <span class='ocrx_word' id='word_1_23' title='bbox 632 494 880 565; x_wconf 80' lang='lat' dir='ltr'><strong>gloriosa.</strong></span> 
     </span>
    </p>
   </div>
   <div class='ocr_carea' id='block_1_6' title="bbox 452 639 1969 713">
    <p class='ocr_par' dir='ltr' id='par_1_6' title="bbox 452 639 1969 713">
     <span class='ocr_line' id='line_1_6' title="bbox 452 639 1969 713; baseline -0.003 -16"><span class='ocrx_word' id='word_1_24' title='bbox 452 645 727 713; x_wconf 85' lang='lat' dir='ltr'><strong>Quotquot</strong></span> <span class='ocrx_word' id='word_1_25' title='bbox 754 657 884 711; x_wconf 83' lang='lat' dir='ltr'><strong>ergo</strong></span> <span class='ocrx_word' id='word_1_26' title='bbox 916 641 1140 713; x_wconf 78' lang='lat' dir='ltr'><strong>perfecti</strong></span> <span class='ocrx_word' id='word_1_27' title='bbox 1172 641 1276 698; x_wconf 90' lang='lat' dir='ltr'><strong>hoc</strong></span> <span class='ocrx_word' id='word_1_28' title='bbox 1298 642 1590 711; x_wconf 77' lang='lat' dir='ltr'><strong>sapiamus,</strong></span> <span class='ocrx_word' id='word_1_29' title='bbox 1617 639 1668 694; x_wconf 94' lang='lat' dir='ltr'><strong>id</strong></span> <span class='ocrx_word' id='word_1_30' title='bbox 1700 648 1782 692; x_wconf 89' lang='lat' dir='ltr'><strong>est</strong></span> <span class='ocrx_word' id='word_1_31' title='bbox 1812 647 1969 707; x_wconf 83' lang='lat' dir='ltr'><strong>quot-</strong></span> 
     </span>
    </p>
   </div>
   <div class='ocr_carea' id='block_1_7' title="bbox 382 730 1968 807">
    <p class='ocr_par' dir='ltr' id='par_1_7' title="bbox 382 730 1968 807">
     <span class='ocr_line' id='line_1_7' title="bbox 382 730 1968 807; baseline -0.005 -15"><span class='ocrx_word' id='word_1_32' title='bbox 382 744 515 807; x_wconf 82' lang='lat' dir='ltr'><strong>quot</strong></span> <span class='ocrx_word' id='word_1_33' title='bbox 543 735 762 805; x_wconf 81' lang='lat' dir='ltr'><strong>perfecti</strong></span> <span class='ocrx_word' id='word_1_34' title='bbox 793 733 1080 799; x_wconf 85' lang='lat' dir='ltr'><strong>currimus,</strong></span> <span class='ocrx_word' id='word_1_35' title='bbox 1106 733 1207 789; x_wconf 91' lang='lat' dir='ltr'><strong>hoc</strong></span> <span class='ocrx_word' id='word_1_36' title='bbox 1256 736 1531 802; x_wconf 75' lang='lat' dir='ltr'><strong>sapiamus</strong></span> <span class='ocrx_word' id='word_1_37' title='bbox 1556 732 1699 801; x_wconf 90' lang='lat' dir='ltr'><strong>quod</strong></span> <span class='ocrx_word' id='word_1_38' title='bbox 1728 730 1968 785; x_wconf 90' lang='lat' dir='ltr'><strong>nondum</strong></span> 
     </span>
    </p>
   </div>
   <div class='ocr_carea' id='block_1_8' title="bbox 383 822 1971 900">
    <p class='ocr_par' dir='ltr' id='par_1_8' title="bbox 383 822 1971 900">
     <span class='ocr_line' id='line_1_8' title="bbox 383 822 1971 900; baseline -0.004 -16"><span class='ocrx_word' id='word_1_39' title='bbox 383 829 607 900; x_wconf 76' lang='lat' dir='ltr'><strong>perfecti</strong></span> <span class='ocrx_word' id='word_1_40' title='bbox 640 842 858 893; x_wconf 87' lang='lat' dir='ltr'><strong>sumus,</strong></span> <span class='ocrx_word' id='word_1_41' title='bbox 886 837 946 881; x_wconf 91' lang='lat' dir='ltr'><strong>ut</strong></span> <span class='ocrx_word' id='word_1_42' title='bbox 975 827 1083 882; x_wconf 90' lang='lat' dir='ltr'><strong>illic</strong></span> <span class='ocrx_word' id='word_1_43' title='bbox 1113 826 1453 895; x_wconf 82' lang='lat' dir='ltr'><strong>perficiamur</strong></span> <span class='ocrx_word' id='word_1_44' title='bbox 1473 841 1581 893; x_wconf 88' lang='lat' dir='ltr'><strong>quo</strong></span> <span class='ocrx_word' id='word_1_45' title='bbox 1613 824 1849 895; x_wconf 88' lang='lat' dir='ltr'><strong>perfecte</strong></span> <span class='ocrx_word' id='word_1_46' title='bbox 1875 822 1971 877; x_wconf 83' lang='lat' dir='ltr'><strong>ad-</strong></span> 
     </span>
    </p>
   </div>
   <div class='ocr_carea' id='block_1_9' title="bbox 384 916 1971 987">
    <p class='ocr_par' dir='ltr' id='par_1_9' title="bbox 384 916 1971 987">
     <span class='ocr_line' id='line_1_9' title="bbox 384 916 1971 987; baseline -0.005 -12"><span class='ocrx_word' id='word_1_47' title='bbox 384 926 489 978; x_wconf 87' lang='lat' dir='ltr'><strong>huc</strong></span> <span class='ocrx_word' id='word_1_48' title='bbox 528 921 795 976; x_wconf 88' lang='lat' dir='ltr'><strong>currimus</strong></span> <span class='ocrx_word' id='word_1_49' title='bbox 827 937 840 974; x_wconf 91' lang='lat'><strong>:</strong></span> <span class='ocrx_word' id='word_1_50' title='bbox 871 930 929 975; x_wconf 90' lang='lat' dir='ltr'><strong>ut</strong></span> <span class='ocrx_word' id='word_1_51' title='bbox 970 934 1093 974; x_wconf 91' lang='lat' dir='ltr'><strong>eum</strong></span> <span class='ocrx_word' id='word_1_52' title='bbox 1120 919 1329 973; x_wconf 82' lang='lat' dir='ltr'><strong>venerit</strong></span> <span class='ocrx_word' id='word_1_53' title='bbox 1358 918 1500 986; x_wconf 89' lang='lat' dir='ltr'><strong>quod</strong></span> <span class='ocrx_word' id='word_1_54' title='bbox 1529 916 1824 987; x_wconf 87' lang='lat' dir='ltr'><strong>perfectum</strong></span> <span class='ocrx_word' id='word_1_55' title='bbox 1865 924 1971 979; x_wconf 85' lang='lat' dir='ltr'><strong>est,</strong></span> 
     </span>
    </p>
   </div>
   <div class='ocr_carea' id='block_1_10' title="bbox 379 1006 1972 1085">
    <p class='ocr_par' dir='ltr' id='par_1_10' title="bbox 379 1006 1972 1085">
     <span class='ocr_line' id='line_1_10' title="bbox 379 1006 1972 1085; baseline -0.004 -16"><span class='ocrx_word' id='word_1_56' title='bbox 379 1014 523 1085; x_wconf 89' lang='lat' dir='ltr'><strong>quod</strong></span> <span class='ocrx_word' id='word_1_57' title='bbox 546 1029 612 1068; x_wconf 79' lang='lat' dir='ltr'><strong>ex</strong></span> <span class='ocrx_word' id='word_1_58' title='bbox 638 1020 786 1082; x_wconf 85' lang='lat' dir='ltr'><strong>parte</strong></span> <span class='ocrx_word' id='word_1_59' title='bbox 807 1019 893 1067; x_wconf 88' lang='lat' dir='ltr'><strong>est</strong></span> <span class='ocrx_word' id='word_1_60' title='bbox 912 1010 1250 1077; x_wconf 82' lang='lat' dir='ltr'><strong>destruatur;</strong></span> <span class='ocrx_word' id='word_1_61' title='bbox 1277 1011 1325 1064; x_wconf 89' lang='lat' dir='ltr'><strong>id</strong></span> <span class='ocrx_word' id='word_1_62' title='bbox 1350 1017 1453 1076; x_wconf 84' lang='lat' dir='ltr'><strong>est,</strong></span> <span class='ocrx_word' id='word_1_63' title='bbox 1473 1024 1578 1062; x_wconf 87' lang='lat' dir='ltr'><strong>non</strong></span> <span class='ocrx_word' id='word_1_64' title='bbox 1599 1006 1709 1078; x_wconf 74' lang='lat' dir='ltr'><strong>jam</strong></span> <span class='ocrx_word' id='word_1_65' title='bbox 1731 1023 1794 1063; x_wconf 73' lang='lat' dir='ltr'><strong>ex</strong></span> <span class='ocrx_word' id='word_1_66' title='bbox 1820 1017 1972 1078; x_wconf 87' lang='lat' dir='ltr'><strong>parte</strong></span> 
     </span>
    </p>
   </div>
   <div class='ocr_carea' id='block_1_11' title="bbox 379 1100 1969 1174">
    <p class='ocr_par' dir='ltr' id='par_1_11' title="bbox 379 1100 1969 1174">
     <span class='ocr_line' id='line_1_11' title="bbox 379 1100 1969 1174; baseline -0.007 -11"><span class='ocrx_word' id='word_1_67' title='bbox 379 1110 476 1173; x_wconf 89' lang='lat' dir='ltr'><strong>sit,</strong></span> <span class='ocrx_word' id='word_1_68' title='bbox 495 1108 588 1161; x_wconf 88' lang='lat' dir='ltr'><strong>sed</strong></span> <span class='ocrx_word' id='word_1_69' title='bbox 645 1121 710 1161; x_wconf 79' lang='lat' dir='ltr'><strong>ex</strong></span> <span class='ocrx_word' id='word_1_70' title='bbox 743 1114 876 1171; x_wconf 91' lang='lat' dir='ltr'><strong>toto,</strong></span> <span class='ocrx_word' id='word_1_71' title='bbox 905 1105 1026 1174; x_wconf 85' lang='lat' dir='ltr'><strong>quia</strong></span> <span class='ocrx_word' id='word_1_72' title='bbox 1058 1103 1180 1158; x_wconf 92' lang='lat' dir='ltr'><strong>fidei</strong></span> <span class='ocrx_word' id='word_1_73' title='bbox 1211 1112 1266 1157; x_wconf 88' lang='lat' dir='ltr'><strong>et</strong></span> <span class='ocrx_word' id='word_1_74' title='bbox 1294 1102 1405 1171; x_wconf 86' lang='lat' dir='ltr'><strong>spei</strong></span> <span class='ocrx_word' id='word_1_75' title='bbox 1435 1102 1546 1171; x_wconf 90' lang='lat' dir='ltr'><strong>jam</strong></span> <span class='ocrx_word' id='word_1_76' title='bbox 1579 1116 1667 1156; x_wconf 91' lang='lat' dir='ltr'><strong>res</strong></span> <span class='ocrx_word' id='word_1_77' title='bbox 1694 1100 1831 1168; x_wconf 88' lang='lat' dir='ltr'><strong>ipsa,</strong></span> <span class='ocrx_word' id='word_1_78' title='bbox 1865 1115 1969 1152; x_wconf 89' lang='lat' dir='ltr'><strong>non</strong></span> 
     </span>
    </p>
   </div>
   <div class='ocr_carea' id='block_1_12' title="bbox 379 1193 1972 1267">
    <p class='ocr_par' dir='ltr' id='par_1_12' title="bbox 379 1193 1972 1267">
     <span class='ocr_line' id='line_1_12' title="bbox 379 1193 1972 1267; baseline -0.006 -14"><span class='ocrx_word' id='word_1_79' title='bbox 379 1214 503 1267; x_wconf 86' lang='lat' dir='ltr'><strong>quae</strong></span> <span class='ocrx_word' id='word_1_80' title='bbox 528 1197 781 1253; x_wconf 90' lang='lat' dir='ltr'><strong>credatur</strong></span> <span class='ocrx_word' id='word_1_81' title='bbox 804 1205 861 1253; x_wconf 89' lang='lat' dir='ltr'><strong>et</strong></span> <span class='ocrx_word' id='word_1_82' title='bbox 890 1204 1159 1263; x_wconf 84' lang='lat' dir='ltr'><strong>speretur,</strong></span> <span class='ocrx_word' id='word_1_83' title='bbox 1180 1193 1273 1251; x_wconf 88' lang='lat' dir='ltr'><strong>sed</strong></span> <span class='ocrx_word' id='word_1_84' title='bbox 1295 1210 1414 1263; x_wconf 66' lang='lat' dir='ltr'><strong>quae</strong></span> <span class='ocrx_word' id='word_1_85' title='bbox 1435 1193 1678 1248; x_wconf 82' lang='lat' dir='ltr'><strong>videatur</strong></span> <span class='ocrx_word' id='word_1_86' title='bbox 1702 1200 1972 1247; x_wconf 86' lang='lat' dir='ltr'><strong>teneatur-</strong></span> 
     </span>
    </p>
   </div>
   <div class='ocr_carea' id='block_1_13' title="bbox 380 1281 1969 1358">
    <p class='ocr_par' dir='ltr' id='par_1_13' title="bbox 380 1281 1969 1358">
     <span class='ocr_line' id='line_1_13' title="bbox 380 1281 1969 1358; baseline -0.004 -18"><span class='ocrx_word' id='word_1_87' title='bbox 380 1305 485 1358; x_wconf 89' lang='lat' dir='ltr'><strong>qne</strong></span> <span class='ocrx_word' id='word_1_88' title='bbox 511 1288 766 1343; x_wconf 83' lang='lat' dir='ltr'><strong>succedet</strong></span> <span class='ocrx_word' id='word_1_89' title='bbox 793 1306 805 1339; x_wconf 87' lang='lat'><strong>:</strong></span> <span class='ocrx_word' id='word_1_90' title='bbox 833 1286 1071 1342; x_wconf 90' lang='lat' dir='ltr'><strong>charitas</strong></span> <span class='ocrx_word' id='word_1_91' title='bbox 1099 1295 1276 1341; x_wconf 90' lang='lat' dir='ltr'><strong>autem</strong></span> <span class='ocrx_word' id='word_1_92' title='bbox 1305 1286 1423 1354; x_wconf 74' lang='lat' dir='ltr'><strong>qua:</strong></span> <span class='ocrx_word' id='word_1_93' title='bbox 1454 1284 1506 1338; x_wconf 91' lang='lat' dir='ltr'><strong>in</strong></span> <span class='ocrx_word' id='word_1_94' title='bbox 1537 1283 1623 1338; x_wconf 93' lang='lat' dir='ltr'><strong>his</strong></span> <span class='ocrx_word' id='word_1_95' title='bbox 1651 1281 1822 1337; x_wconf 77' lang='lat' dir='ltr'><strong>tribus</strong></span> <span class='ocrx_word' id='word_1_96' title='bbox 1853 1296 1969 1334; x_wconf 90' lang='lat' dir='ltr'><strong>ma-</strong></span> 
     </span>
    </p>
   </div>
   <div class='ocr_carea' id='block_1_14' title="bbox 378 1376 1970 1449">
    <p class='ocr_par' dir='ltr' id='par_1_14' title="bbox 378 1376 1970 1449">
     <span class='ocr_line' id='line_1_14' title="bbox 378 1376 1970 1449; baseline -0.006 -15"><span class='ocrx_word' id='word_1_97' title='bbox 378 1382 469 1449; x_wconf 84' lang='lat' dir='ltr'><strong>jor</strong></span> <span class='ocrx_word' id='word_1_98' title='bbox 516 1390 597 1435; x_wconf 86' lang='lat' dir='ltr'><strong>est</strong></span> <span class='ocrx_word' id='word_1_99' title='bbox 653 1395 757 1435; x_wconf 90' lang='lat' dir='ltr'><strong>non</strong></span> <span class='ocrx_word' id='word_1_100' title='bbox 789 1376 1088 1443; x_wconf 83' lang='lat' dir='ltr'><strong>auferatur,</strong></span> <span class='ocrx_word' id='word_1_101' title='bbox 1122 1378 1215 1433; x_wconf 86' lang='lat' dir='ltr'><strong>sed</strong></span> <span class='ocrx_word' id='word_1_102' title='bbox 1246 1384 1505 1446; x_wconf 80' lang='lat' dir='ltr'><strong>augeatur</strong></span> <span class='ocrx_word' id='word_1_103' title='bbox 1557 1382 1606 1430; x_wconf 86' lang='lat' dir='ltr'><strong>et</strong></span> <span class='ocrx_word' id='word_1_104' title='bbox 1656 1376 1970 1443; x_wconf 80' lang='lat' dir='ltr'><strong>impleatur,</strong></span> 
     </span>
    </p>
   </div>
   <div class='ocr_carea' id='block_1_15' title="bbox 379 1466 1970 1540">
    <p class='ocr_par' dir='ltr' id='par_1_15' title="bbox 379 1466 1970 1540">
     <span class='ocr_line' id='line_1_15' title="bbox 379 1466 1970 1540; baseline -0.003 -15"><span class='ocrx_word' id='word_1_105' title='bbox 379 1472 742 1540; x_wconf 87' lang='lat' dir='ltr'><strong>contemplata</strong></span> <span class='ocrx_word' id='word_1_106' title='bbox 769 1469 909 1539; x_wconf 89' lang='lat' dir='ltr'><strong>quod</strong></span> <span class='ocrx_word' id='word_1_107' title='bbox 935 1470 1212 1536; x_wconf 74' lang='lat' dir='ltr'><strong>credebat,</strong></span> <span class='ocrx_word' id='word_1_108' title='bbox 1231 1469 1441 1538; x_wconf 86' lang='lat' dir='ltr'><strong>etquod</strong></span> <span class='ocrx_word' id='word_1_109' title='bbox 1466 1466 1711 1537; x_wconf 89' lang='lat' dir='ltr'><strong>sperabat</strong></span> <span class='ocrx_word' id='word_1_110' title='bbox 1735 1466 1970 1534; x_wconf 73' lang='lat' dir='ltr'><strong>indepta.</strong></span> 
     </span>
    </p>
   </div>
   <div class='ocr_carea' id='block_1_16' title="bbox 381 1556 1971 1633">
    <p class='ocr_par' dir='ltr' id='par_1_16' title="bbox 381 1556 1971 1633">
     <span class='ocr_line' id='line_1_16' title="bbox 381 1556 1971 1633; baseline -0.003 -20"><span class='ocrx_word' id='word_1_111' title='bbox 381 1563 439 1615; x_wconf 88' lang='lat' dir='ltr'><strong>In</strong></span> <span class='ocrx_word' id='word_1_112' title='bbox 472 1579 573 1633; x_wconf 88' lang='lat' dir='ltr'><strong>qua</strong></span> <span class='ocrx_word' id='word_1_113' title='bbox 602 1562 931 1631; x_wconf 84' lang='lat' dir='ltr'><strong>plenitudine</strong></span> <span class='ocrx_word' id='word_1_114' title='bbox 951 1558 1253 1623; x_wconf 88' lang='lat' dir='ltr'><strong>charitatis,</strong></span> <span class='ocrx_word' id='word_1_115' title='bbox 1278 1568 1601 1627; x_wconf 73' lang='lat' dir='ltr'><strong>przeeeptum</strong></span> <span class='ocrx_word' id='word_1_116' title='bbox 1626 1556 1755 1611; x_wconf 88' lang='lat' dir='ltr'><strong>illttd</strong></span> <span class='ocrx_word' id='word_1_117' title='bbox 1782 1556 1971 1624; x_wconf 90' lang='lat' dir='ltr'><strong>imple-</strong></span> 
     </span>
    </p>
   </div>
   <div class='ocr_carea' id='block_1_17' title="bbox 380 1648 1972 1725">
    <p class='ocr_par' dir='ltr' id='par_1_17' title="bbox 380 1648 1972 1725">
     <span class='ocr_line' id='line_1_17' title="bbox 380 1648 1972 1725; baseline -0.004 -16"><span class='ocrx_word' id='word_1_118' title='bbox 380 1656 566 1710; x_wconf 88' lang='lat' dir='ltr'><strong>bitur:</strong></span> <span class='ocrx_word' id='word_1_119' title='bbox 606 1656 800 1725; x_wconf 79' lang='lat' dir='ltr'><strong>Diliges</strong></span> <span class='ocrx_word' id='word_1_120' title='bbox 836 1655 1117 1708; x_wconf 90' lang='lat' dir='ltr'><strong>Dominum</strong></span> <span class='ocrx_word' id='word_1_121' title='bbox 1152 1652 1315 1706; x_wconf 84' lang='lat' dir='ltr'><strong>Deum</strong></span> <span class='ocrx_word' id='word_1_122' title='bbox 1363 1660 1510 1705; x_wconf 90' lang='lat' dir='ltr'><strong>tuum</strong></span> <span class='ocrx_word' id='word_1_123' title='bbox 1561 1666 1625 1706; x_wconf 73' lang='lat' dir='ltr'><strong>ex</strong></span> <span class='ocrx_word' id='word_1_124' title='bbox 1670 1659 1781 1703; x_wconf 92' lang='lat' dir='ltr'><strong>toto</strong></span> <span class='ocrx_word' id='word_1_125' title='bbox 1810 1648 1972 1703; x_wconf 90' lang='lat' dir='ltr'><strong>corde</strong></span> 
     </span>
    </p>
   </div>
   <div class='ocr_carea' id='block_1_18' title="bbox 380 1746 2045 1837">
    <p class='ocr_par' dir='ltr' id='par_1_18' title="bbox 380 1746 2045 1837">
     <span class='ocr_line' id='line_1_18' title="bbox 380 1746 2045 1837; baseline -0.002 -40"><span class='ocrx_word' id='word_1_126' title='bbox 380 1757 497 1813; x_wconf 92' lang='lat' dir='ltr'><strong>tuo,</strong></span> <span class='ocrx_word' id='word_1_127' title='bbox 526 1755 584 1801; x_wconf 89' lang='lat' dir='ltr'><strong>et</strong></span> <span class='ocrx_word' id='word_1_128' title='bbox 609 1761 671 1800; x_wconf 79' lang='lat' dir='ltr'><strong>ex</strong></span> <span class='ocrx_word' id='word_1_129' title='bbox 709 1755 817 1800; x_wconf 91' lang='lat' dir='ltr'><strong>tota</strong></span> <span class='ocrx_word' id='word_1_130' title='bbox 849 1746 1024 1799; x_wconf 87' lang='lat' dir='ltr'><strong>anima</strong></span> <span class='ocrx_word' id='word_1_131' title='bbox 1058 1754 1169 1810; x_wconf 90' lang='lat' dir='ltr'><strong>tua,</strong></span> <span class='ocrx_word' id='word_1_132' title='bbox 1196 1752 1248 1796; x_wconf 88' lang='lat' dir='ltr'><strong>et</strong></span> <span class='ocrx_word' id='word_1_133' title='bbox 1269 1757 1333 1797; x_wconf 72' lang='lat' dir='ltr'><strong>es</strong></span> <span class='ocrx_word' id='word_1_134' title='bbox 1366 1750 1474 1795; x_wconf 90' lang='lat' dir='ltr'><strong>tota</strong></span> <span class='ocrx_word' id='word_1_135' title='bbox 1502 1750 1680 1794; x_wconf 87' lang='lat' dir='ltr'><strong>mente</strong></span> <span class='ocrx_word' id='word_1_136' title='bbox 1704 1750 1821 1805; x_wconf 87' lang='lat' dir='ltr'><strong>tua;</strong></span> <span class='ocrx_word' id='word_1_137' title='bbox 1849 1753 1969 1793; x_wconf 92' lang='lat' dir='ltr'><strong>nam</strong></span> <span class='ocrx_word' id='word_1_138' title='bbox 2005 1778 2045 1837; x_wconf 75' lang='grc' dir='ltr'><strong>Β</strong></span> 
     </span>
    </p>
   </div>
   <div class='ocr_carea' id='block_1_19' title="bbox 379 1832 1969 1905">
    <p class='ocr_par' dir='ltr' id='par_1_19' title="bbox 379 1832 1969 1905">
     <span class='ocr_line' id='line_1_19' title="bbox 379 1832 1969 1905; baseline -0.004 -12"><span class='ocrx_word' id='word_1_139' title='bbox 379 1854 504 1893; x_wconf 90' lang='lat' dir='ltr'><strong>cum</strong></span> <span class='ocrx_word' id='word_1_140' title='bbox 532 1850 611 1893; x_wconf 70' lang='grc' dir='ltr'><strong>ρει</strong></span> <span class='ocrx_word' id='word_1_141' title='bbox 639 1838 814 1892; x_wconf 90' lang='lat' dir='ltr'><strong>adhuc</strong></span> <span class='ocrx_word' id='word_1_142' title='bbox 842 1838 1044 1905; x_wconf 89' lang='lat' dir='ltr'><strong>aliquid</strong></span> <span class='ocrx_word' id='word_1_143' title='bbox 1072 1835 1304 1891; x_wconf 86' lang='lat' dir='ltr'><strong>carnalis</strong></span> <span class='ocrx_word' id='word_1_144' title='bbox 1328 1832 1802 1903; x_wconf 68' lang='lat' dir='ltr'><strong>concupiscentiae,</strong></span> <span class='ocrx_word' id='word_1_145' title='bbox 1828 1832 1969 1902; x_wconf 90' lang='lat' dir='ltr'><strong>quod</strong></span> 
     </span>
    </p>
   </div>
   <div class='ocr_carea' id='block_1_20' title="bbox 376 1924 1967 1993">
    <p class='ocr_par' dir='ltr' id='par_1_20' title="bbox 376 1924 1967 1993">
     <span class='ocr_line' id='line_1_20' title="bbox 376 1924 1967 1993; baseline -0.006 -9"><span class='ocrx_word' id='word_1_146' title='bbox 376 1933 467 1984; x_wconf 78' lang='lat' dir='ltr'><strong>vel</strong></span> <span class='ocrx_word' id='word_1_147' title='bbox 486 1930 810 1987; x_wconf 82' lang='lat' dir='ltr'><strong>continendo</strong></span> <span class='ocrx_word' id='word_1_148' title='bbox 829 1930 1086 1993; x_wconf 88' lang='lat' dir='ltr'><strong>frenetur,</strong></span> <span class='ocrx_word' id='word_1_149' title='bbox 1104 1943 1209 1983; x_wconf 89' lang='lat' dir='ltr'><strong>non</strong></span> <span class='ocrx_word' id='word_1_150' title='bbox 1224 1925 1537 1981; x_wconf 88' lang='lat' dir='ltr'><strong>omnimodo</strong></span> <span class='ocrx_word' id='word_1_151' title='bbox 1558 1940 1621 1978; x_wconf 67' lang='lat' dir='ltr'><strong>ex</strong></span> <span class='ocrx_word' id='word_1_152' title='bbox 1660 1934 1766 1977; x_wconf 67' lang='lat' dir='ltr'><strong>tota</strong></span> <span class='ocrx_word' id='word_1_153' title='bbox 1791 1924 1967 1977; x_wconf 88' lang='lat' dir='ltr'><strong>anima</strong></span> 
     </span>
    </p>
   </div>
   <div class='ocr_carea' id='block_1_21' title="bbox 380 2012 1967 2092">
    <p class='ocr_par' dir='ltr' id='par_1_21' title="bbox 380 2012 1967 2092">
     <span class='ocr_line' id='line_1_21' title="bbox 380 2012 1967 2092; baseline -0.008 -17"><span class='ocrx_word' id='word_1_154' title='bbox 380 2022 619 2092; x_wconf 61' lang='lat' dir='ltr'><strong>diligitur</strong></span> <span class='ocrx_word' id='word_1_155' title='bbox 636 2022 775 2077; x_wconf 90' lang='lat' dir='ltr'><strong>Deus</strong></span> <span class='ocrx_word' id='word_1_156' title='bbox 791 2038 805 2075; x_wconf 94' lang='lat'><strong>:</strong></span> <span class='ocrx_word' id='word_1_157' title='bbox 824 2037 927 2075; x_wconf 90' lang='lat' dir='ltr'><strong>non</strong></span> <span class='ocrx_word' id='word_1_158' title='bbox 951 2022 1093 2073; x_wconf 89' lang='lat' dir='ltr'><strong>enim</strong></span> <span class='ocrx_word' id='word_1_159' title='bbox 1112 2034 1239 2073; x_wconf 89' lang='lat' dir='ltr'><strong>caro</strong></span> <span class='ocrx_word' id='word_1_160' title='bbox 1258 2018 1376 2072; x_wconf 90' lang='lat' dir='ltr'><strong>sine</strong></span> <span class='ocrx_word' id='word_1_161' title='bbox 1399 2016 1575 2070; x_wconf 91' lang='lat' dir='ltr'><strong>anima</strong></span> <span class='ocrx_word' id='word_1_162' title='bbox 1609 2012 1967 2083; x_wconf 85' lang='lat' dir='ltr'><strong>concupiscit,</strong></span> 
     </span>
    </p>
   </div>
   <div class='ocr_carea' id='block_1_22' title="bbox 379 2104 1971 2182">
    <p class='ocr_par' dir='ltr' id='par_1_22' title="bbox 379 2104 1971 2182">
     <span class='ocr_line' id='line_1_22' title="bbox 379 2104 1971 2182; baseline -0.005 -17"><span class='ocrx_word' id='word_1_163' title='bbox 379 2115 629 2182; x_wconf 91' lang='lat' dir='ltr'><strong>quamvis</strong></span> <span class='ocrx_word' id='word_1_164' title='bbox 677 2128 806 2168; x_wconf 89' lang='lat' dir='ltr'><strong>caro</strong></span> <span class='ocrx_word' id='word_1_165' title='bbox 838 2111 1224 2178; x_wconf 63' lang='lat' dir='ltr'><strong>concupiscere</strong></span> <span class='ocrx_word' id='word_1_166' title='bbox 1252 2110 1482 2170; x_wconf 85' lang='lat' dir='ltr'><strong>dicatur,</strong></span> <span class='ocrx_word' id='word_1_167' title='bbox 1513 2108 1636 2176; x_wconf 86' lang='lat' dir='ltr'><strong>quia</strong></span> <span class='ocrx_word' id='word_1_168' title='bbox 1682 2104 1971 2158; x_wconf 83' lang='lat' dir='ltr'><strong>carnaliter</strong></span> 
     </span>
    </p>
   </div>
   <div class='ocr_carea' id='block_1_23' title="bbox 381 2194 1969 2272">
    <p class='ocr_par' dir='ltr' id='par_1_23' title="bbox 381 2194 1969 2272">
     <span class='ocr_line' id='line_1_23' title="bbox 381 2194 1969 2272; baseline -0.006 -16"><span class='ocrx_word' id='word_1_169' title='bbox 381 2204 556 2257; x_wconf 86' lang='lat' dir='ltr'><strong>anima</strong></span> <span class='ocrx_word' id='word_1_170' title='bbox 580 2202 929 2272; x_wconf 85' lang='lat' dir='ltr'><strong>concupiscit.</strong></span> <span class='ocrx_word' id='word_1_171' title='bbox 956 2203 1104 2257; x_wconf 91' lang='lat' dir='ltr'><strong>Tunc</strong></span> <span class='ocrx_word' id='word_1_172' title='bbox 1136 2202 1235 2253; x_wconf 90' lang='lat' dir='ltr'><strong>erit</strong></span> <span class='ocrx_word' id='word_1_173' title='bbox 1262 2198 1440 2269; x_wconf 84' lang='lat' dir='ltr'><strong>justus</strong></span> <span class='ocrx_word' id='word_1_174' title='bbox 1470 2197 1585 2249; x_wconf 69' lang='lat' dir='ltr'><strong>sine</strong></span> <span class='ocrx_word' id='word_1_175' title='bbox 1612 2194 1721 2247; x_wconf 90' lang='lat' dir='ltr'><strong>ullo</strong></span> <span class='ocrx_word' id='word_1_176' title='bbox 1749 2194 1969 2247; x_wconf 89' lang='lat' dir='ltr'><strong>omnino</strong></span> 
     </span>
    </p>
   </div>
   <div class='ocr_carea' id='block_1_24' title="bbox 383 2284 1969 2362">
    <p class='ocr_par' dir='ltr' id='par_1_24' title="bbox 383 2284 1969 2362">
     <span class='ocr_line' id='line_1_24' title="bbox 383 2284 1969 2362; baseline -0.007 -15"><span class='ocrx_word' id='word_1_177' title='bbox 383 2302 629 2362; x_wconf 80' lang='lat' dir='ltr'><strong>peccato,</strong></span> <span class='ocrx_word' id='word_1_178' title='bbox 660 2293 781 2360; x_wconf 87' lang='lat' dir='ltr'><strong>quia</strong></span> <span class='ocrx_word' id='word_1_179' title='bbox 829 2292 968 2345; x_wconf 91' lang='lat' dir='ltr'><strong>nulla</strong></span> <span class='ocrx_word' id='word_1_180' title='bbox 1024 2292 1105 2345; x_wconf 83' lang='lat' dir='ltr'><strong>lex</strong></span> <span class='ocrx_word' id='word_1_181' title='bbox 1138 2290 1242 2344; x_wconf 91' lang='lat' dir='ltr'><strong>erit</strong></span> <span class='ocrx_word' id='word_1_182' title='bbox 1299 2290 1352 2342; x_wconf 88' lang='lat' dir='ltr'><strong>in</strong></span> <span class='ocrx_word' id='word_1_183' title='bbox 1385 2285 1640 2341; x_wconf 88' lang='lat' dir='ltr'><strong>membris</strong></span> <span class='ocrx_word' id='word_1_184' title='bbox 1670 2284 1785 2353; x_wconf 83' lang='lat' dir='ltr'><strong>ejus</strong></span> <span class='ocrx_word' id='word_1_185' title='bbox 1813 2300 1969 2352; x_wconf 86' lang='lat' dir='ltr'><strong>repu-</strong></span> 
     </span>
    </p>
   </div>
   <div class='ocr_carea' id='block_1_25' title="bbox 381 2373 1966 2451">
    <p class='ocr_par' dir='ltr' id='par_1_25' title="bbox 381 2373 1966 2451">
     <span class='ocr_line' id='line_1_25' title="bbox 381 2373 1966 2451; baseline -0.004 -18"><span class='ocrx_word' id='word_1_186' title='bbox 381 2398 556 2451; x_wconf 85' lang='lat' dir='ltr'><strong>gnans</strong></span> <span class='ocrx_word' id='word_1_187' title='bbox 606 2380 706 2449; x_wconf 70' lang='lat' dir='ltr'><strong>legi</strong></span> <span class='ocrx_word' id='word_1_188' title='bbox 731 2380 925 2435; x_wconf 87' lang='lat' dir='ltr'><strong>mentis</strong></span> <span class='ocrx_word' id='word_1_189' title='bbox 958 2380 1102 2448; x_wconf 83' lang='lat' dir='ltr'><strong>ejus;</strong></span> <span class='ocrx_word' id='word_1_190' title='bbox 1132 2378 1227 2432; x_wconf 89' lang='lat' dir='ltr'><strong>sed</strong></span> <span class='ocrx_word' id='word_1_191' title='bbox 1259 2390 1476 2445; x_wconf 87' lang='lat' dir='ltr'><strong>prorsus</strong></span> <span class='ocrx_word' id='word_1_192' title='bbox 1505 2383 1616 2428; x_wconf 89' lang='lat' dir='ltr'><strong>toto</strong></span> <span class='ocrx_word' id='word_1_193' title='bbox 1647 2373 1833 2438; x_wconf 89' lang='lat' dir='ltr'><strong>corde,</strong></span> <span class='ocrx_word' id='word_1_194' title='bbox 1859 2382 1966 2427; x_wconf 86' lang='lat' dir='ltr'><strong>tota</strong></span> 
     </span>
    </p>
   </div>
   <div class='ocr_carea' id='block_1_26' title="bbox 381 2465 1965 2539">
    <p class='ocr_par' dir='ltr' id='par_1_26' title="bbox 381 2465 1965 2539">
     <span class='ocr_line' id='line_1_26' title="bbox 381 2465 1965 2539; baseline -0.006 -15"><span class='ocrx_word' id='word_1_195' title='bbox 381 2472 585 2534; x_wconf 85' lang='lat' dir='ltr'><strong>anima,</strong></span> <span class='ocrx_word' id='word_1_196' title='bbox 620 2481 729 2525; x_wconf 90' lang='lat' dir='ltr'><strong>tota</strong></span> <span class='ocrx_word' id='word_1_197' title='bbox 774 2488 805 2525; x_wconf 91' lang='lat' dir='ltr'><strong>n</strong></span> <span class='ocrx_word' id='word_1_198' title='bbox 828 2480 951 2525; x_wconf 86' lang='lat' dir='ltr'><strong>ente</strong></span> <span class='ocrx_word' id='word_1_199' title='bbox 996 2470 1177 2539; x_wconf 75' lang='lat' dir='ltr'><strong>diliget</strong></span> <span class='ocrx_word' id='word_1_200' title='bbox 1210 2468 1399 2531; x_wconf 89' lang='lat' dir='ltr'><strong>Deum,</strong></span> <span class='ocrx_word' id='word_1_201' title='bbox 1429 2465 1572 2535; x_wconf 89' lang='lat' dir='ltr'><strong>qttod</strong></span> <span class='ocrx_word' id='word_1_202' title='bbox 1603 2473 1685 2518; x_wconf 91' lang='lat' dir='ltr'><strong>est</strong></span> <span class='ocrx_word' id='word_1_203' title='bbox 1734 2466 1965 2531; x_wconf 87' lang='lat' dir='ltr'><strong>primum</strong></span> 
     </span>
    </p>
   </div>
   <div class='ocr_carea' id='block_1_27' title="bbox 379 2555 1966 2635">
    <p class='ocr_par' dir='ltr' id='par_1_27' title="bbox 379 2555 1966 2635">
     <span class='ocr_line' id='line_1_27' title="bbox 379 2555 1966 2635; baseline -0.009 -14"><span class='ocrx_word' id='word_1_204' title='bbox 379 2580 755 2635; x_wconf 79' lang='lat' dir='ltr'><strong>summumque,</strong></span> <span class='ocrx_word' id='word_1_205' title='bbox 807 2571 1157 2632; x_wconf 75' lang='lat' dir='ltr'><strong>pra-ceptum.</strong></span> <span class='ocrx_word' id='word_1_206' title='bbox 1198 2560 1305 2615; x_wconf 80' lang='lat' dir='ltr'><strong>Cur</strong></span> <span class='ocrx_word' id='word_1_207' title='bbox 1357 2573 1485 2627; x_wconf 90' lang='lat' dir='ltr'><strong>ergo</strong></span> <span class='ocrx_word' id='word_1_208' title='bbox 1545 2573 1650 2611; x_wconf 92' lang='lat' dir='ltr'><strong>non</strong></span> <span class='ocrx_word' id='word_1_209' title='bbox 1700 2555 1966 2623; x_wconf 59' lang='lat' dir='ltr'><strong>pracipe-</strong></span> 
     </span>
    </p>
   </div>
   <div class='ocr_carea' id='block_1_28' title="bbox 379 2634 1967 2721">
    <p class='ocr_par' dir='ltr' id='par_1_28' title="bbox 379 2634 1967 2721">
     <span class='ocr_line' id='line_1_28' title="bbox 379 2634 1967 2721; baseline -0.006 -13"><span class='ocrx_word' id='word_1_210' title='bbox 379 2664 528 2708; x_wconf 88' lang='lat' dir='ltr'><strong>rctur</strong></span> <span class='ocrx_word' id='word_1_211' title='bbox 574 2634 774 2708; x_wconf 83' lang='lat' dir='ltr'><strong>homini</strong></span> <span class='ocrx_word' id='word_1_212' title='bbox 833 2655 933 2707; x_wconf 65' lang='lat' dir='ltr'><strong>ida</strong></span> <span class='ocrx_word' id='word_1_213' title='bbox 998 2650 1289 2721; x_wconf 87' lang='lat' dir='ltr'><strong>perfectio,</strong></span> <span class='ocrx_word' id='word_1_214' title='bbox 1321 2649 1573 2717; x_wconf 81' lang='lat' dir='ltr'><strong>quamvis</strong></span> <span class='ocrx_word' id='word_1_215' title='bbox 1624 2662 1746 2701; x_wconf 90' lang='lat' dir='ltr'><strong>eam</strong></span> <span class='ocrx_word' id='word_1_216' title='bbox 1783 2634 1835 2698; x_wconf 85' lang='lat' dir='ltr'><strong>in</strong></span> <span class='ocrx_word' id='word_1_217' title='bbox 1868 2644 1967 2698; x_wconf 92' lang='lat' dir='ltr'><strong>hac</strong></span> 
     </span>
    </p>
   </div>
   <div class='ocr_carea' id='block_1_29' title="bbox 382 2734 1967 2802">
    <p class='ocr_par' dir='ltr' id='par_1_29' title="bbox 382 2734 1967 2802">
     <span class='ocr_line' id='line_1_29' title="bbox 382 2734 1967 2802; baseline -0.008 -3"><span class='ocrx_word' id='word_1_218' title='bbox 382 2748 488 2798; x_wconf 69' lang='lat' dir='ltr'><strong>vEta</strong></span> <span class='ocrx_word' id='word_1_219' title='bbox 523 2760 679 2798; x_wconf 89' lang='lat' dir='ltr'><strong>nemo</strong></span> <span class='ocrx_word' id='word_1_220' title='bbox 733 2743 956 2797; x_wconf 84' lang='lat' dir='ltr'><strong>habeat?</strong></span> <span class='ocrx_word' id='word_1_221' title='bbox 992 2757 1094 2795; x_wconf 88' lang='lat' dir='ltr'><strong>non</strong></span> <span class='ocrx_word' id='word_1_222' title='bbox 1125 2741 1265 2795; x_wconf 92' lang='lat' dir='ltr'><strong>enim</strong></span> <span class='ocrx_word' id='word_1_223' title='bbox 1302 2748 1444 2793; x_wconf 87' lang='lat' dir='ltr'><strong>recte</strong></span> <span class='ocrx_word' id='word_1_224' title='bbox 1491 2737 1757 2799; x_wconf 88' lang='lat' dir='ltr'><strong>cttrritur,</strong></span> <span class='ocrx_word' id='word_1_225' title='bbox 1786 2734 1830 2786; x_wconf 90' lang='lat' dir='ltr'><strong>si</strong></span> <span class='ocrx_word' id='word_1_226' title='bbox 1861 2748 1967 2802; x_wconf 89' lang='lat' dir='ltr'><strong>quo</strong></span> 
     </span>
    </p>
   </div>
   <div class='ocr_carea' id='block_1_30' title="bbox 380 2826 1963 2899">
    <p class='ocr_par' dir='ltr' id='par_1_30' title="bbox 380 2826 1963 2899">
     <span class='ocr_line' id='line_1_30' title="bbox 380 2826 1963 2899; baseline -0.008 -10"><span class='ocrx_word' id='word_1_227' title='bbox 380 2837 707 2890; x_wconf 87' lang='lat' dir='ltr'><strong>currendum</strong></span> <span class='ocrx_word' id='word_1_228' title='bbox 755 2846 830 2889; x_wconf 84' lang='lat' dir='ltr'><strong>est</strong></span> <span class='ocrx_word' id='word_1_229' title='bbox 866 2834 1154 2887; x_wconf 86' lang='lat' dir='ltr'><strong>nesciatnr.</strong></span> <span class='ocrx_word' id='word_1_230' title='bbox 1188 2829 1469 2899; x_wconf 82' lang='lat' dir='ltr'><strong>Quomodo</strong></span> <span class='ocrx_word' id='word_1_231' title='bbox 1504 2837 1681 2883; x_wconf 88' lang='lat' dir='ltr'><strong>autem</strong></span> <span class='ocrx_word' id='word_1_232' title='bbox 1713 2826 1963 2891; x_wconf 85' lang='lat' dir='ltr'><strong>sciretur,</strong></span> 
     </span>
    </p>
   </div>
   <div class='ocr_carea' id='block_1_31' title="bbox 380 2919 1962 2994">
    <p class='ocr_par' dir='ltr' id='par_1_31' title="bbox 380 2919 1962 2994">
     <span class='ocr_line' id='line_1_31' title="bbox 380 2919 1962 2994; baseline -0.006 -16"><span class='ocrx_word' id='word_1_233' title='bbox 380 2927 427 2978; x_wconf 88' lang='lat' dir='ltr'><strong>si</strong></span> <span class='ocrx_word' id='word_1_234' title='bbox 454 2925 613 2979; x_wconf 89' lang='lat' dir='ltr'><strong>nullis</strong></span> <span class='ocrx_word' id='word_1_235' title='bbox 641 2922 921 2994; x_wconf 78' lang='lat' dir='ltr'><strong>praeceptis</strong></span> <span class='ocrx_word' id='word_1_236' title='bbox 952 2922 1366 2978; x_wconf 83' lang='lat' dir='ltr'><strong>ostenderetur?</strong></span> <span class='ocrx_word' id='word_1_237' title='bbox 1395 2919 1484 2974; x_wconf 90' lang='lat' dir='ltr'><strong>Sic</strong></span> <span class='ocrx_word' id='word_1_238' title='bbox 1503 2933 1631 2988; x_wconf 88' lang='lat' dir='ltr'><strong>ergo</strong></span> <span class='ocrx_word' id='word_1_239' title='bbox 1659 2931 1962 2984; x_wconf 86' lang='lat' dir='ltr'><strong>curramus,</strong></span> 
     </span>
    </p>
   </div>
   <div class='ocr_carea' id='block_1_32' title="bbox 380 3010 1968 3086">
    <p class='ocr_par' dir='ltr' id='par_1_32' title="bbox 380 3010 1968 3086">
     <span class='ocr_line' id='line_1_32' title="bbox 380 3010 1968 3086; baseline -0.004 -17"><span class='ocrx_word' id='word_1_240' title='bbox 380 3027 442 3071; x_wconf 81' lang='lat' dir='ltr'><strong>ut</strong></span> <span class='ocrx_word' id='word_1_241' title='bbox 471 3015 991 3086; x_wconf 72' lang='lat' dir='ltr'><strong>comprehendamus</strong></span> <span class='ocrx_word' id='word_1_242' title='bbox 1012 3028 1232 3070; x_wconf 89' lang='lat' dir='ltr'><strong>:omnes</strong></span> <span class='ocrx_word' id='word_1_243' title='bbox 1283 3012 1425 3068; x_wconf 89' lang='lat' dir='ltr'><strong>enim</strong></span> <span class='ocrx_word' id='word_1_244' title='bbox 1456 3010 1544 3080; x_wconf 89' lang='lat' dir='ltr'><strong>qui</strong></span> <span class='ocrx_word' id='word_1_245' title='bbox 1574 3018 1720 3064; x_wconf 89' lang='lat' dir='ltr'><strong>recte</strong></span> <span class='ocrx_word' id='word_1_246' title='bbox 1748 3018 1968 3063; x_wconf 90' lang='lat' dir='ltr'><strong>current</strong></span> 
     </span>
    </p>
   </div>
   <div class='ocr_carea' id='block_1_33' title="bbox 384 3099 1966 3181">
    <p class='ocr_par' dir='ltr' id='par_1_33' title="bbox 384 3099 1966 3181">
     <span class='ocr_line' id='line_1_33' title="bbox 384 3099 1966 3181; baseline -0.006 -18"><span class='ocrx_word' id='word_1_247' title='bbox 384 3108 680 3181; x_wconf 83' lang='lat' dir='ltr'><strong>[currunt].</strong></span> <span class='ocrx_word' id='word_1_248' title='bbox 712 3105 1207 3176; x_wconf 87' lang='lat' dir='ltr'><strong>comprehendent;</strong></span> <span class='ocrx_word' id='word_1_249' title='bbox 1237 3120 1343 3159; x_wconf 91' lang='lat' dir='ltr'><strong>non</strong></span> <span class='ocrx_word' id='word_1_250' title='bbox 1374 3105 1510 3156; x_wconf 89' lang='lat' dir='ltr'><strong>sicut</strong></span> <span class='ocrx_word' id='word_1_251' title='bbox 1540 3103 1592 3155; x_wconf 91' lang='lat' dir='ltr'><strong>in</strong></span> <span class='ocrx_word' id='word_1_252' title='bbox 1616 3114 1787 3170; x_wconf 85' lang='lat' dir='ltr'><strong>agone</strong></span> <span class='ocrx_word' id='word_1_253' title='bbox 1816 3099 1966 3153; x_wconf 88' lang='lat' dir='ltr'><strong>thea-</strong></span> 
     </span>
    </p>
   </div>
   <div class='ocr_carea' id='block_1_34' title="bbox 384 3193 1971 3263">
    <p class='ocr_par' dir='ltr' id='par_1_34' title="bbox 384 3193 1971 3263">
     <span class='ocr_line' id='line_1_34' title="bbox 384 3193 1971 3263; baseline -0.004 -12"><span class='ocrx_word' id='word_1_254' title='bbox 384 3200 520 3252; x_wconf 88' lang='lat' dir='ltr'><strong>trico</strong></span> <span class='ocrx_word' id='word_1_255' title='bbox 548 3212 736 3253; x_wconf 88' lang='lat' dir='ltr'><strong>omnes</strong></span> <span class='ocrx_word' id='word_1_256' title='bbox 789 3197 1004 3261; x_wconf 47' lang='lat' dir='ltr'><strong>quidem</strong></span> <span class='ocrx_word' id='word_1_257' title='bbox 1055 3205 1299 3259; x_wconf 87' lang='lat' dir='ltr'><strong>currunt,</strong></span> <span class='ocrx_word' id='word_1_258' title='bbox 1331 3194 1426 3250; x_wconf 83' lang='lat' dir='ltr'><strong>sed</strong></span> <span class='ocrx_word' id='word_1_259' title='bbox 1467 3210 1604 3248; x_wconf 89' lang='lat' dir='ltr'><strong>unus</strong></span> <span class='ocrx_word' id='word_1_260' title='bbox 1633 3194 1829 3263; x_wconf 89' lang='lat' dir='ltr'><strong>accipit</strong></span> <span class='ocrx_word' id='word_1_261' title='bbox 1860 3193 1971 3261; x_wconf 91' lang='lat' dir='ltr'><strong>pal-</strong></span> 
     </span>
    </p>
   </div>
   <div class='ocr_carea' id='block_1_35' title="bbox 385 3286 1974 3359">
    <p class='ocr_par' dir='ltr' id='par_1_35' title="bbox 385 3286 1974 3359">
     <span class='ocr_line' id='line_1_35' title="bbox 385 3286 1974 3359; baseline -0.006 -13"><span class='ocrx_word' id='word_1_262' title='bbox 385 3308 528 3346; x_wconf 86' lang='lat' dir='ltr'><strong>mam</strong></span> <span class='ocrx_word' id='word_1_263' title='bbox 555 3309 568 3345; x_wconf 91' lang='lat'><strong>:</strong></span> <span class='ocrx_word' id='word_1_264' title='bbox 594 3307 874 3345; x_wconf 83' lang='lat' dir='ltr'><strong>curramus</strong></span> <span class='ocrx_word' id='word_1_265' title='bbox 893 3288 1471 3359; x_wconf 85' lang='lat' dir='ltr'><strong>credendo,sperando</strong></span> <span class='ocrx_word' id='word_1_266' title='bbox 1501 3298 1548 3340; x_wconf 90' lang='lat' dir='ltr'><strong>et</strong></span> <span class='ocrx_word' id='word_1_267' title='bbox 1578 3286 1974 3351; x_wconf 80' lang='lat' dir='ltr'><strong>desiderando;</strong></span> 
     </span>
    </p>
   </div>
   <div class='ocr_carea' id='block_1_36' title="bbox 384 3376 1976 3451">
    <p class='ocr_par' dir='ltr' id='par_1_36' title="bbox 384 3376 1976 3451">
     <span class='ocr_line' id='line_1_36' title="bbox 384 3376 1976 3451; baseline -0.004 -16"><span class='ocrx_word' id='word_1_268' title='bbox 384 3398 667 3436; x_wconf 83' lang='lat' dir='ltr'><strong>curramus</strong></span> <span class='ocrx_word' id='word_1_269' title='bbox 694 3397 892 3451; x_wconf 88' lang='lat' dir='ltr'><strong>corpus</strong></span> <span class='ocrx_word' id='word_1_270' title='bbox 916 3379 1250 3450; x_wconf 85' lang='lat' dir='ltr'><strong>castigando,</strong></span> <span class='ocrx_word' id='word_1_271' title='bbox 1278 3388 1334 3433; x_wconf 88' lang='lat' dir='ltr'><strong>et</strong></span> <span class='ocrx_word' id='word_1_272' title='bbox 1376 3379 1752 3448; x_wconf 82' lang='lat' dir='ltr'><strong>eleemosynas</strong></span> <span class='ocrx_word' id='word_1_273' title='bbox 1798 3377 1849 3429; x_wconf 94' lang='lat' dir='ltr'><strong>in</strong></span> <span class='ocrx_word' id='word_1_274' title='bbox 1883 3376 1976 3429; x_wconf 90' lang='lat' dir='ltr'><strong>bo-</strong></span> 
     </span>
    </p>
   </div>
   <div class='ocr_carea' id='block_1_37' title="bbox 388 3466 1973 3541">
    <p class='ocr_par' dir='ltr' id='par_1_37' title="bbox 388 3466 1973 3541">
     <span class='ocr_line' id='line_1_37' title="bbox 388 3466 1973 3541; baseline -0.006 -14"><span class='ocrx_word' id='word_1_275' title='bbox 388 3474 474 3527; x_wconf 89' lang='lat' dir='ltr'><strong>nis</strong></span> <span class='ocrx_word' id='word_1_276' title='bbox 495 3472 685 3526; x_wconf 79' lang='lat' dir='ltr'><strong>dandis</strong></span> <span class='ocrx_word' id='word_1_277' title='bbox 712 3472 970 3541; x_wconf 89' lang='lat' dir='ltr'><strong>malisque</strong></span> <span class='ocrx_word' id='word_1_278' title='bbox 993 3469 1332 3541; x_wconf 69' lang='lat' dir='ltr'><strong>ignoscendis</strong></span> <span class='ocrx_word' id='word_1_279' title='bbox 1354 3469 1596 3524; x_wconf 87' lang='lat' dir='ltr'><strong>hilariter</strong></span> <span class='ocrx_word' id='word_1_280' title='bbox 1617 3482 1678 3522; x_wconf 77' lang='lat' dir='ltr'><strong>ex</strong></span> <span class='ocrx_word' id='word_1_281' title='bbox 1703 3468 1866 3522; x_wconf 63' lang='lat' dir='ltr'><strong>corde</strong></span> <span class='ocrx_word' id='word_1_282' title='bbox 1892 3466 1973 3520; x_wconf 83' lang='lat' dir='ltr'><strong>fa-</strong></span> 
     </span>
    </p>
   </div>
   <div class='ocr_carea' id='block_1_38' title="bbox 386 3560 1974 3631">
    <p class='ocr_par' dir='ltr' id='par_1_38' title="bbox 386 3560 1974 3631">
     <span class='ocr_line' id='line_1_38' title="bbox 386 3560 1974 3631; baseline -0.003 -14"><span class='ocrx_word' id='word_1_283' title='bbox 386 3565 604 3631; x_wconf 85' lang='lat' dir='ltr'><strong>ciendo,</strong></span> <span class='ocrx_word' id='word_1_284' title='bbox 629 3572 684 3620; x_wconf 90' lang='lat' dir='ltr'><strong>et</strong></span> <span class='ocrx_word' id='word_1_285' title='bbox 735 3565 1065 3619; x_wconf 90' lang='lat' dir='ltr'><strong>currentium</strong></span> <span class='ocrx_word' id='word_1_286' title='bbox 1096 3564 1239 3618; x_wconf 91' lang='lat' dir='ltr'><strong>vires</strong></span> <span class='ocrx_word' id='word_1_287' title='bbox 1300 3570 1357 3616; x_wconf 92' lang='lat' dir='ltr'><strong>ut</strong></span> <span class='ocrx_word' id='word_1_288' title='bbox 1385 3561 1707 3629; x_wconf 75' lang='lat' dir='ltr'><strong>adiuventur</strong></span> <span class='ocrx_word' id='word_1_289' title='bbox 1735 3560 1974 3624; x_wconf 87' lang='lat' dir='ltr'><strong>orando;</strong></span> 
     </span>
    </p>
   </div>
   <div class='ocr_carea' id='block_1_39' title="bbox 381 3652 1976 3724">
    <p class='ocr_par' dir='ltr' id='par_1_39' title="bbox 381 3652 1976 3724">
     <span class='ocr_line' id='line_1_39' title="bbox 381 3652 1976 3724; baseline -0.003 -15"><span class='ocrx_word' id='word_1_290' title='bbox 381 3664 440 3709; x_wconf 88' lang='lat' dir='ltr'><strong>et</strong></span> <span class='ocrx_word' id='word_1_291' title='bbox 486 3655 566 3710; x_wconf 91' lang='lat' dir='ltr'><strong>sic</strong></span> <span class='ocrx_word' id='word_1_292' title='bbox 613 3655 896 3709; x_wconf 76' lang='lat' dir='ltr'><strong>audiamus</strong></span> <span class='ocrx_word' id='word_1_293' title='bbox 933 3663 1206 3724; x_wconf 60' lang='lat' dir='ltr'><strong>praecinit</strong></span> <span class='ocrx_word' id='word_1_294' title='bbox 1239 3652 1619 3722; x_wconf 85' lang='lat' dir='ltr'><strong>perfectionis,</strong></span> <span class='ocrx_word' id='word_1_295' title='bbox 1662 3665 1729 3705; x_wconf 92' lang='lat' dir='ltr'><strong>ne</strong></span> <span class='ocrx_word' id='word_1_296' title='bbox 1757 3665 1976 3705; x_wconf 87' lang='lat' dir='ltr'><strong>currere</strong></span> 
     </span>
    </p>
   </div>
   <div class='ocr_carea' id='block_1_40' title="bbox 384 3743 1976 3817">
    <p class='ocr_par' dir='ltr' id='par_1_40' title="bbox 384 3743 1976 3817">
     <span class='ocr_line' id='line_1_40' title="bbox 384 3743 1976 3817; baseline -0.003 -16"><span class='ocrx_word' id='word_1_297' title='bbox 384 3748 722 3817; x_wconf 81' lang='lat' dir='ltr'><strong>negligamns</strong></span> <span class='ocrx_word' id='word_1_298' title='bbox 758 3747 823 3801; x_wconf 89' lang='lat' dir='ltr'><strong>ad</strong></span> <span class='ocrx_word' id='word_1_299' title='bbox 866 3747 1253 3815; x_wconf 87' lang='lat' dir='ltr'><strong>plenitudinem</strong></span> <span class='ocrx_word' id='word_1_300' title='bbox 1280 3743 1579 3799; x_wconf 88' lang='lat' dir='ltr'><strong>charitatis.</strong></span> <span class='ocrx_word' id='word_1_301' title='bbox 1611 3743 1706 3797; x_wconf 83' lang='lat' dir='ltr'><strong>llis</strong></span> <span class='ocrx_word' id='word_1_302' title='bbox 1737 3743 1976 3811; x_wconf 68' lang='lat' dir='ltr'><strong>praemis-</strong></span> 
     </span>
    </p>
   </div>
   <div class='ocr_carea' id='block_1_41' title="bbox 384 3830 1979 3905">
    <p class='ocr_par' dir='ltr' id='par_1_41' title="bbox 384 3830 1979 3905">
     <span class='ocr_line' id='line_1_41' title="bbox 384 3830 1979 3905; baseline -0.004 -15"><span class='ocrx_word' id='word_1_303' title='bbox 384 3837 483 3900; x_wconf 89' lang='lat' dir='ltr'><strong>sis,</strong></span> <span class='ocrx_word' id='word_1_304' title='bbox 518 3853 578 3891; x_wconf 89' lang='lat' dir='ltr'><strong>ea</strong></span> <span class='ocrx_word' id='word_1_305' title='bbox 608 3837 914 3891; x_wconf 51' lang='lat' dir='ltr'><strong>testimonia</strong></span> <span class='ocrx_word' id='word_1_306' title='bbox 945 3851 1064 3905; x_wconf 71' lang='lat' dir='ltr'><strong>qua:</strong></span> <span class='ocrx_word' id='word_1_307' title='bbox 1096 3837 1273 3904; x_wconf 86' lang='lat' dir='ltr'><strong>posuit</strong></span> <span class='ocrx_word' id='word_1_308' title='bbox 1322 3833 1424 3887; x_wconf 87' lang='lat' dir='ltr'><strong>iste</strong></span> <span class='ocrx_word' id='word_1_309' title='bbox 1449 3832 1534 3887; x_wconf 90' lang='lat' dir='ltr'><strong>cui</strong></span> <span class='ocrx_word' id='word_1_310' title='bbox 1588 3830 1979 3898; x_wconf 79' lang='lat' dir='ltr'><strong>respondemus</strong></span> 
     </span>
    </p>
   </div>
   <div class='ocr_carea' id='block_1_42' title="bbox 383 3918 1977 3998">
    <p class='ocr_par' dir='ltr' id='par_1_42' title="bbox 383 3918 1977 3998">
     <span class='ocr_line' id='line_1_42' title="bbox 383 3918 1977 3998; baseline -0.006 -16"><span class='ocrx_word' id='word_1_311' title='bbox 383 3937 637 3998; x_wconf 85' lang='lat' dir='ltr'><strong>tanquam</strong></span> <span class='ocrx_word' id='word_1_312' title='bbox 669 3942 765 3979; x_wconf 86' lang='lat' dir='ltr'><strong>nos</strong></span> <span class='ocrx_word' id='word_1_313' title='bbox 795 3941 856 3981; x_wconf 89' lang='lat' dir='ltr'><strong>ea</strong></span> <span class='ocrx_word' id='word_1_314' title='bbox 882 3925 1289 3994; x_wconf 88' lang='lat' dir='ltr'><strong>protuleritnns,</strong></span> <span class='ocrx_word' id='word_1_315' title='bbox 1318 3922 1602 3990; x_wconf 82' lang='lat' dir='ltr'><strong>diligenter</strong></span> <span class='ocrx_word' id='word_1_316' title='bbox 1622 3918 1901 3973; x_wconf 89' lang='lat' dir='ltr'><strong>audiamus</strong></span> <span class='ocrx_word' id='word_1_317' title='bbox 1925 3919 1977 3972; x_wconf 77' lang='lat' dir='ltr'><strong>in</strong></span> 
     </span>
    </p>
   </div>
   <div class='ocr_carea' id='block_1_43' title="bbox 385 4007 1976 4082">
    <p class='ocr_par' dir='ltr' id='par_1_43' title="bbox 385 4007 1976 4082">
     <span class='ocr_line' id='line_1_43' title="bbox 385 4007 1976 4082; baseline -0.008 -9"><span class='ocrx_word' id='word_1_318' title='bbox 385 4017 807 4073; x_wconf 88' lang='lat' dir='ltr'><strong>Deuteronomio</strong></span> <span class='ocrx_word' id='word_1_319' title='bbox 840 4034 852 4069; x_wconf 92' lang='lat'>:</span> <span class='ocrx_word' id='word_1_320' title='bbox 883 4016 964 4070; x_wconf 84' lang='lat' dir='ltr'><strong>Tu</strong></span> <span class='ocrx_word' id='word_1_321' title='bbox 1004 4025 1186 4070; x_wconf 86' lang='lat' dir='ltr'><strong>autem</strong></span> <span class='ocrx_word' id='word_1_322' title='bbox 1220 4011 1493 4082; x_wconf 85' lang='lat' dir='ltr'><strong>perfectus</strong></span> <span class='ocrx_word' id='word_1_323' title='bbox 1526 4011 1635 4063; x_wconf 88' lang='lat' dir='ltr'><strong>eris</strong></span> <span class='ocrx_word' id='word_1_324' title='bbox 1656 4021 1839 4063; x_wconf 87' lang='lat' dir='ltr'><strong>coram</strong></span> <span class='ocrx_word' id='word_1_325' title='bbox 1869 4007 1976 4061; x_wconf 87' lang='lat' dir='ltr'><strong>Do-</strong></span> 
     </span>
    </p>
   </div>
   <div class='ocr_carea' id='block_1_44' title="bbox 386 4099 1976 4174">
    <p class='ocr_par' dir='ltr' id='par_1_44' title="bbox 386 4099 1976 4174">
     <span class='ocr_line' id='line_1_44' title="bbox 386 4099 1976 4174; baseline -0.009 -9"><span class='ocrx_word' id='word_1_326' title='bbox 386 4111 537 4165; x_wconf 90' lang='lat' dir='ltr'><strong>mino</strong></span> <span class='ocrx_word' id='word_1_327' title='bbox 570 4110 675 4163; x_wconf 87' lang='lat' dir='ltr'><strong>Deo</strong></span> <span class='ocrx_word' id='word_1_328' title='bbox 707 4119 831 4174; x_wconf 91' lang='lat' dir='ltr'><strong>tuo;</strong></span> <span class='ocrx_word' id='word_1_329' title='bbox 858 4110 986 4162; x_wconf 88' lang='lat' dir='ltr'><strong>item</strong></span> <span class='ocrx_word' id='word_1_330' title='bbox 1059 4106 1209 4162; x_wconf 88' lang='lat' dir='ltr'><strong>illic:</strong></span> <span class='ocrx_word' id='word_1_331' title='bbox 1245 4105 1311 4157; x_wconf 82' lang='lat' dir='ltr'><strong>Et</strong></span> <span class='ocrx_word' id='word_1_332' title='bbox 1352 4117 1459 4157; x_wconf 91' lang='lat' dir='ltr'><strong>non</strong></span> <span class='ocrx_word' id='word_1_333' title='bbox 1502 4099 1604 4155; x_wconf 89' lang='lat' dir='ltr'><strong>erit</strong></span> <span class='ocrx_word' id='word_1_334' title='bbox 1666 4099 1976 4153; x_wconf 84' lang='lat' dir='ltr'><strong>inconsum-</strong></span> 
     </span>
    </p>
   </div>
   <div class='ocr_carea' id='block_1_45' title="bbox 388 4192 1969 4261">
    <p class='ocr_par' dir='ltr' id='par_1_45' title="bbox 388 4192 1969 4261">
     <span class='ocr_line' id='line_1_45' title="bbox 388 4192 1969 4261; baseline -0.008 -3"><span class='ocrx_word' id='word_1_335' title='bbox 388 4214 564 4258; x_wconf 89' lang='lat' dir='ltr'><strong>matus</strong></span> <span class='ocrx_word' id='word_1_336' title='bbox 593 4204 643 4258; x_wconf 92' lang='lat' dir='ltr'><strong>in</strong></span> <span class='ocrx_word' id='word_1_337' title='bbox 698 4204 818 4258; x_wconf 86' lang='lat' dir='ltr'><strong>filiis</strong></span> <span class='ocrx_word' id='word_1_338' title='bbox 874 4202 1057 4258; x_wconf 75' lang='lat' dir='ltr'><strong>Israel.</strong></span> <span class='ocrx_word' id='word_1_339' title='bbox 1085 4201 1215 4255; x_wconf 91' lang='lat' dir='ltr'><strong>Item</strong></span> <span class='ocrx_word' id='word_1_340' title='bbox 1244 4198 1489 4253; x_wconf 79' lang='lat' dir='ltr'><strong>Salvator</strong></span> <span class='ocrx_word' id='word_1_341' title='bbox 1528 4195 1581 4248; x_wconf 93' lang='lat' dir='ltr'><strong>in</strong></span> <span class='ocrx_word' id='word_1_342' title='bbox 1623 4192 1914 4261; x_wconf 81' lang='lat' dir='ltr'><strong>Evangelia</strong></span> <span class='ocrx_word' id='word_1_343' title='bbox 1955 4208 1969 4245; x_wconf 87' lang='lat'><strong>:</strong></span> 
     </span>
    </p>
   </div>
   <div class='ocr_carea' id='block_1_46' title="bbox 387 4282 1976 4362">
    <p class='ocr_par' dir='ltr' id='par_1_46' title="bbox 387 4282 1976 4362">
     <span class='ocr_line' id='line_1_46' title="bbox 387 4282 1976 4362; baseline -0.01 -12"><span class='ocrx_word' id='word_1_344' title='bbox 387 4296 575 4350; x_wconf 81' lang='lat' dir='ltr'><strong>Estute</strong></span> <span class='ocrx_word' id='word_1_345' title='bbox 605 4293 860 4362; x_wconf 87' lang='lat' dir='ltr'><strong>perfecti,</strong></span> <span class='ocrx_word' id='word_1_346' title='bbox 884 4293 1008 4362; x_wconf 89' lang='lat' dir='ltr'><strong>quia</strong></span> <span class='ocrx_word' id='word_1_347' title='bbox 1041 4292 1209 4345; x_wconf 85' lang='lat' dir='ltr'><strong>Pater</strong></span> <span class='ocrx_word' id='word_1_348' title='bbox 1239 4298 1417 4342; x_wconf 81' lang='lat' dir='ltr'><strong>vester</strong></span> <span class='ocrx_word' id='word_1_349' title='bbox 1444 4286 1533 4356; x_wconf 90' lang='lat' dir='ltr'><strong>qui</strong></span> <span class='ocrx_word' id='word_1_350' title='bbox 1583 4283 1636 4337; x_wconf 93' lang='lat' dir='ltr'><strong>in</strong></span> <span class='ocrx_word' id='word_1_351' title='bbox 1666 4282 1818 4337; x_wconf 65' lang='lat' dir='ltr'><strong>catlis</strong></span> <span class='ocrx_word' id='word_1_352' title='bbox 1871 4290 1976 4347; x_wconf 88' lang='lat' dir='ltr'><strong>est,</strong></span> 
     </span>
    </p>
   </div>
   <div class='ocr_carea' id='block_1_47' title="bbox 387 4371 1977 4458">
    <p class='ocr_par' dir='ltr' id='par_1_47' title="bbox 387 4371 1977 4458">
     <span class='ocr_line' id='line_1_47' title="bbox 387 4371 1977 4458; baseline -0.01 -16"><span class='ocrx_word' id='word_1_353' title='bbox 387 4387 661 4458; x_wconf 87' lang='lat' dir='ltr'><strong>perfectus</strong></span> <span class='ocrx_word' id='word_1_354' title='bbox 683 4393 788 4441; x_wconf 91' lang='lat' dir='ltr'><strong>est.</strong></span> <span class='ocrx_word' id='word_1_355' title='bbox 822 4384 953 4439; x_wconf 89' lang='lat' dir='ltr'><strong>Item</strong></span> <span class='ocrx_word' id='word_1_356' title='bbox 984 4382 1259 4450; x_wconf 88' lang='lat' dir='ltr'><strong>apostolus</strong></span> <span class='ocrx_word' id='word_1_357' title='bbox 1281 4379 1347 4432; x_wconf 90' lang='lat' dir='ltr'><strong>ad</strong></span> <span class='ocrx_word' id='word_1_358' title='bbox 1371 4374 1681 4432; x_wconf 84' lang='lat' dir='ltr'><strong>Corinthios</strong></span> <span class='ocrx_word' id='word_1_359' title='bbox 1704 4371 1936 4428; x_wconf 86' lang='lat' dir='ltr'><strong>secunda</strong></span> <span class='ocrx_word' id='word_1_360' title='bbox 1960 4390 1977 4426; x_wconf 72' lang='grc' dir='ltr'>ε</span> 
     </span>
    </p>
   </div>
   <div class='ocr_carea' id='block_1_48' title="bbox 387 4464 1974 4545">
    <p class='ocr_par' dir='ltr' id='par_1_48' title="bbox 387 4464 1974 4545">
     <span class='ocr_line' id='line_1_48' title="bbox 387 4464 1974 4545; baseline -0.009 -11"><span class='ocrx_word' id='word_1_361' title='bbox 387 4479 468 4534; x_wconf 87' lang='lat' dir='ltr'><strong>De</strong></span> <span class='ocrx_word' id='word_1_362' title='bbox 519 4488 739 4545; x_wconf 62' lang='lat' dir='ltr'><strong>caetero,</strong></span> <span class='ocrx_word' id='word_1_363' title='bbox 760 4473 1244 4545; x_wconf 88' lang='lat' dir='ltr'><strong>fratres,gaudete,</strong></span> <span class='ocrx_word' id='word_1_364' title='bbox 1265 4468 1483 4540; x_wconf 78' lang='lat' dir='ltr'><strong>perfecti</strong></span> <span class='ocrx_word' id='word_1_365' title='bbox 1509 4475 1711 4531; x_wconf 85' lang='lat' dir='ltr'><strong>estote;</strong></span> <span class='ocrx_word' id='word_1_366' title='bbox 1741 4465 1867 4521; x_wconf 90' lang='lat' dir='ltr'><strong>item</strong></span> <span class='ocrx_word' id='word_1_367' title='bbox 1907 4464 1974 4519; x_wconf 85' lang='lat' dir='ltr'><strong>ad</strong></span> 
     </span>
    </p>
   </div>
   <div class='ocr_carea' id='block_1_49' title="bbox 386 4531 2296 4634">
    <p class='ocr_par' dir='ltr' id='par_1_49' title="bbox 386 4531 2296 4634">
     <span class='ocr_line' id='line_1_49' title="bbox 386 4531 2296 4634; baseline -0.009 -9"><span class='ocrx_word' id='word_1_368' title='bbox 386 4570 741 4625; x_wconf 82' lang='lat' dir='ltr'><strong>Colosscnses</strong></span> <span class='ocrx_word' id='word_1_369' title='bbox 769 4585 782 4621; x_wconf 91' lang='lat'><strong>:</strong></span> <span class='ocrx_word' id='word_1_370' title='bbox 806 4566 1172 4634; x_wconf 85' lang='lat' dir='ltr'><strong>Corripieutes</strong></span> <span class='ocrx_word' id='word_1_371' title='bbox 1200 4576 1415 4616; x_wconf 89' lang='lat' dir='ltr'><strong>omnem</strong></span> <span class='ocrx_word' id='word_1_372' title='bbox 1472 4556 1768 4619; x_wconf 84' lang='lat' dir='ltr'><strong>hominem,</strong></span> <span class='ocrx_word' id='word_1_373' title='bbox 1793 4564 1846 4609; x_wconf 88' lang='lat' dir='ltr'><strong>et</strong></span> <span class='ocrx_word' id='word_1_374' title='bbox 1873 4558 1973 4610; x_wconf 91' lang='lat' dir='ltr'><strong>do-</strong></span> <span class='ocrx_word' id='word_1_375' title='bbox 2003 4531 2057 4593; x_wconf 80' lang='grc' dir='ltr'><strong>Ῑ)</strong></span> <span class='ocrx_word' id='word_1_376' title='bbox 2083 4537 2296 4593; x_wconf 69' lang='grc' dir='ltr'><strong>ιπίίείηι</strong></span> 
     </span>
    </p>
   </div>
   <div class='ocr_carea' id='block_1_50' title="bbox 386 4648 1977 4727">
    <p class='ocr_par' dir='ltr' id='par_1_50' title="bbox 386 4648 1977 4727">
     <span class='ocr_line' id='line_1_50' title="bbox 386 4648 1977 4727; baseline -0.009 -11"><span class='ocrx_word' id='word_1_377' title='bbox 386 4671 577 4717; x_wconf 80' lang='lat' dir='ltr'><strong>rentes</strong></span> <span class='ocrx_word' id='word_1_378' title='bbox 600 4662 651 4714; x_wconf 89' lang='lat' dir='ltr'><strong>in</strong></span> <span class='ocrx_word' id='word_1_379' title='bbox 685 4660 829 4713; x_wconf 92' lang='lat' dir='ltr'><strong>omni</strong></span> <span class='ocrx_word' id='word_1_380' title='bbox 852 4657 1139 4727; x_wconf 89' lang='lat' dir='ltr'><strong>sapientia,</strong></span> <span class='ocrx_word' id='word_1_381' title='bbox 1173 4664 1226 4709; x_wconf 89' lang='lat' dir='ltr'><strong>ut</strong></span> <span class='ocrx_word' id='word_1_382' title='bbox 1258 4652 1613 4708; x_wconf 76' lang='lat' dir='ltr'><strong>exhibeamus</strong></span> <span class='ocrx_word' id='word_1_383' title='bbox 1643 4664 1856 4702; x_wconf 89' lang='lat' dir='ltr'><strong>omnem</strong></span> <span class='ocrx_word' id='word_1_384' title='bbox 1883 4648 1977 4702; x_wconf 90' lang='lat' dir='ltr'><strong>ho-</strong></span> 
     </span>
    </p>
   </div>
   <div class='ocr_carea' id='block_1_51' title="bbox 386 4737 1980 4820">
    <p class='ocr_par' dir='ltr' id='par_1_51' title="bbox 386 4737 1980 4820">
     <span class='ocr_line' id='line_1_51' title="bbox 386 4737 1980 4820; baseline -0.009 -12"><span class='ocrx_word' id='word_1_385' title='bbox 386 4753 587 4808; x_wconf 88' lang='lat' dir='ltr'><strong>tninem</strong></span> <span class='ocrx_word' id='word_1_386' title='bbox 620 4751 917 4820; x_wconf 89' lang='lat' dir='ltr'><strong>perfectum</strong></span> <span class='ocrx_word' id='word_1_387' title='bbox 956 4750 1008 4802; x_wconf 92' lang='lat' dir='ltr'><strong>in</strong></span> <span class='ocrx_word' id='word_1_388' title='bbox 1048 4747 1283 4802; x_wconf 88' lang='lat' dir='ltr'><strong>Christo.</strong></span> <span class='ocrx_word' id='word_1_389' title='bbox 1319 4745 1449 4797; x_wconf 92' lang='lat' dir='ltr'><strong>Item</strong></span> <span class='ocrx_word' id='word_1_390' title='bbox 1480 4740 1543 4794; x_wconf 93' lang='lat' dir='ltr'><strong>ad</strong></span> <span class='ocrx_word' id='word_1_391' title='bbox 1575 4737 1836 4808; x_wconf 81' lang='lat' dir='ltr'><strong>Ephesios</strong></span> <span class='ocrx_word' id='word_1_392' title='bbox 1866 4756 1879 4793; x_wconf 88' lang='lat'><strong>:</strong></span> <span class='ocrx_word' id='word_1_393' title='bbox 1913 4738 1980 4793; x_wconf 86' lang='lat' dir='ltr'><strong>Ut</strong></span> 
     </span>
    </p>
   </div>
   <div class='ocr_carea' id='block_1_52' title="bbox 389 4829 1978 4910">
    <p class='ocr_par' dir='ltr' id='par_1_52' title="bbox 389 4829 1978 4910">
     <span class='ocr_line' id='line_1_52' title="bbox 389 4829 1978 4910; baseline -0.009 -14"><span class='ocrx_word' id='word_1_394' title='bbox 389 4840 675 4896; x_wconf 78' lang='lat' dir='ltr'><strong>exhiberet</strong></span> <span class='ocrx_word' id='word_1_395' title='bbox 704 4842 817 4910; x_wconf 90' lang='lat' dir='ltr'><strong>ipse</strong></span> <span class='ocrx_word' id='word_1_396' title='bbox 841 4840 944 4894; x_wconf 88' lang='lat' dir='ltr'><strong>sibi</strong></span> <span class='ocrx_word' id='word_1_397' title='bbox 975 4838 1264 4909; x_wconf 80' lang='lat' dir='ltr'><strong>gloriosam</strong></span> <span class='ocrx_word' id='word_1_398' title='bbox 1301 4832 1618 4895; x_wconf 79' lang='lat' dir='ltr'><strong>Eerlesiam,</strong></span> <span class='ocrx_word' id='word_1_399' title='bbox 1651 4844 1755 4883; x_wconf 92' lang='lat' dir='ltr'><strong>non</strong></span> <span class='ocrx_word' id='word_1_400' title='bbox 1781 4829 1978 4883; x_wconf 86' lang='lat' dir='ltr'><strong>haben-</strong></span> 
     </span>
    </p>
   </div>
   <div class='ocr_carea' id='block_1_53' title="bbox 388 4922 1980 5003">
    <p class='ocr_par' dir='ltr' id='par_1_53' title="bbox 388 4922 1980 5003">
     <span class='ocr_line' id='line_1_53' title="bbox 388 4922 1980 5003; baseline -0.009 -15"><span class='ocrx_word' id='word_1_401' title='bbox 388 4946 498 4988; x_wconf 88' lang='lat' dir='ltr'><strong>tem</strong></span> <span class='ocrx_word' id='word_1_402' title='bbox 530 4936 793 4989; x_wconf 87' lang='lat' dir='ltr'><strong>maeulam</strong></span> <span class='ocrx_word' id='word_1_403' title='bbox 840 4944 933 4987; x_wconf 87' lang='lat' dir='ltr'><strong>aut</strong></span> <span class='ocrx_word' id='word_1_404' title='bbox 980 4946 1188 5003; x_wconf 83' lang='lat' dir='ltr'><strong>rugam,</strong></span> <span class='ocrx_word' id='word_1_405' title='bbox 1218 4937 1309 4982; x_wconf 88' lang='lat' dir='ltr'><strong>aut</strong></span> <span class='ocrx_word' id='word_1_406' title='bbox 1335 4925 1534 4995; x_wconf 88' lang='lat' dir='ltr'><strong>aliquid</strong></span> <span class='ocrx_word' id='word_1_407' title='bbox 1569 4922 1891 4992; x_wconf 87' lang='lat' dir='ltr'><strong>hujusmodi,</strong></span> <span class='ocrx_word' id='word_1_408' title='bbox 1922 4932 1980 4974; x_wconf 86' lang='lat' dir='ltr'><strong>ut</strong></span> 
     </span>
    </p>
   </div>
   <div class='ocr_carea' id='block_1_54' title="bbox 388 5014 1977 5082">
    <p class='ocr_par' dir='ltr' id='par_1_54' title="bbox 388 5014 1977 5082">
     <span class='ocr_line' id='line_1_54' title="bbox 388 5014 1977 5082; baseline -0.009 -2"><span class='ocrx_word' id='word_1_409' title='bbox 388 5030 458 5080; x_wconf 79' lang='lat' dir='ltr'><strong>sit</strong></span> <span class='ocrx_word' id='word_1_410' title='bbox 488 5038 672 5081; x_wconf 85' lang='lat' dir='ltr'><strong>sancta</strong></span> <span class='ocrx_word' id='word_1_411' title='bbox 690 5039 744 5081; x_wconf 92' lang='lat' dir='ltr'><strong>et</strong></span> <span class='ocrx_word' id='word_1_412' title='bbox 770 5027 1127 5082; x_wconf 85' lang='lat' dir='ltr'><strong>immaculata.</strong></span> <span class='ocrx_word' id='word_1_413' title='bbox 1156 5024 1306 5081; x_wconf 86' lang='lat' dir='ltr'><strong>Unde</strong></span> <span class='ocrx_word' id='word_1_414' title='bbox 1335 5031 1383 5077; x_wconf 89' lang='lat' dir='ltr'><strong>et</strong></span> <span class='ocrx_word' id='word_1_415' title='bbox 1412 5020 1599 5075; x_wconf 87' lang='lat' dir='ltr'><strong>beatus</strong></span> <span class='ocrx_word' id='word_1_416' title='bbox 1631 5016 1795 5071; x_wconf 84' lang='lat' dir='ltr'><strong>David</strong></span> <span class='ocrx_word' id='word_1_417' title='bbox 1823 5014 1977 5068; x_wconf 88' lang='lat' dir='ltr'><strong>dicit:</strong></span> 
     </span>
    </p>
   </div>
   <div class='ocr_carea' id='block_1_55' title="bbox 394 5105 1982 5190">
    <p class='ocr_par' dir='ltr' id='par_1_55' title="bbox 394 5105 1982 5190">
     <span class='ocr_line' id='line_1_55' title="bbox 394 5105 1982 5190; baseline -0.01 -17"><span class='ocrx_word' id='word_1_418' title='bbox 394 5120 641 5187; x_wconf 80' lang='lat' dir='ltr'><strong>Domine,</strong></span> <span class='ocrx_word' id='word_1_419' title='bbox 676 5120 797 5190; x_wconf 83' lang='lat' dir='ltr'><strong>quis</strong></span> <span class='ocrx_word' id='word_1_420' title='bbox 828 5119 1090 5174; x_wconf 88' lang='lat' dir='ltr'><strong>habitabit</strong></span> <span class='ocrx_word' id='word_1_421' title='bbox 1130 5118 1182 5172; x_wconf 90' lang='lat' dir='ltr'><strong>in</strong></span> <span class='ocrx_word' id='word_1_422' title='bbox 1230 5112 1573 5170; x_wconf 87' lang='lat' dir='ltr'><strong>tabernaculo</strong></span> <span class='ocrx_word' id='word_1_423' title='bbox 1605 5121 1717 5175; x_wconf 91' lang='lat' dir='ltr'><strong>tuo,</strong></span> <span class='ocrx_word' id='word_1_424' title='bbox 1744 5116 1836 5161; x_wconf 90' lang='lat' dir='ltr'><strong>attt</strong></span> <span class='ocrx_word' id='word_1_425' title='bbox 1863 5105 1982 5173; x_wconf 89' lang='lat' dir='ltr'><strong>quis</strong></span> 
     </span>
    </p>
   </div>
   <div class='ocr_carea' id='block_1_56' title="bbox 396 5195 1982 5278">
    <p class='ocr_par' dir='ltr' id='par_1_56' title="bbox 396 5195 1982 5278">
     <span class='ocr_line' id='line_1_56' title="bbox 396 5195 1982 5278; baseline -0.008 -17"><span class='ocrx_word' id='word_1_426' title='bbox 396 5210 701 5278; x_wconf 84' lang='lat' dir='ltr'><strong>requiescet</strong></span> <span class='ocrx_word' id='word_1_427' title='bbox 741 5211 792 5263; x_wconf 91' lang='lat' dir='ltr'><strong>in</strong></span> <span class='ocrx_word' id='word_1_428' title='bbox 824 5221 1005 5264; x_wconf 90' lang='lat' dir='ltr'><strong>monte</strong></span> <span class='ocrx_word' id='word_1_429' title='bbox 1026 5216 1211 5262; x_wconf 89' lang='lat' dir='ltr'><strong>sancto</strong></span> <span class='ocrx_word' id='word_1_430' title='bbox 1242 5207 1369 5259; x_wconf 60' lang='lat' dir='ltr'><strong>tuo?</strong></span> <span class='ocrx_word' id='word_1_431' title='bbox 1400 5202 1491 5273; x_wconf 92' lang='lat' dir='ltr'><strong>qui</strong></span> <span class='ocrx_word' id='word_1_432' title='bbox 1536 5197 1832 5265; x_wconf 79' lang='lat' dir='ltr'><strong>ingreditur</strong></span> <span class='ocrx_word' id='word_1_433' title='bbox 1866 5195 1982 5248; x_wconf 88' lang='lat' dir='ltr'><strong>sine</strong></span> 
     </span>
    </p>
   </div>
   <div class='ocr_carea' id='block_1_57' title="bbox 395 5289 1983 5370">
    <p class='ocr_par' dir='ltr' id='par_1_57' title="bbox 395 5289 1983 5370">
     <span class='ocr_line' id='line_1_57' title="bbox 395 5289 1983 5370; baseline -0.007 -19"><span class='ocrx_word' id='word_1_434' title='bbox 395 5300 625 5363; x_wconf 73' lang='lat' dir='ltr'><strong>uincula,</strong></span> <span class='ocrx_word' id='word_1_435' title='bbox 657 5310 713 5355; x_wconf 90' lang='lat' dir='ltr'><strong>et</strong></span> <span class='ocrx_word' id='word_1_436' title='bbox 760 5309 1016 5370; x_wconf 88' lang='lat' dir='ltr'><strong>operatur</strong></span> <span class='ocrx_word' id='word_1_437' title='bbox 1060 5298 1349 5366; x_wconf 82' lang='lat' dir='ltr'><strong>justitiam;</strong></span> <span class='ocrx_word' id='word_1_438' title='bbox 1379 5304 1432 5351; x_wconf 92' lang='lat' dir='ltr'><strong>et</strong></span> <span class='ocrx_word' id='word_1_439' title='bbox 1462 5293 1584 5348; x_wconf 89' lang='lat' dir='ltr'><strong>alibi</strong></span> <span class='ocrx_word' id='word_1_440' title='bbox 1617 5309 1631 5345; x_wconf 89' lang='lat'><strong>:</strong></span> <span class='ocrx_word' id='word_1_441' title='bbox 1660 5291 1727 5345; x_wconf 86' lang='lat' dir='ltr'><strong>Et</strong></span> <span class='ocrx_word' id='word_1_442' title='bbox 1755 5304 1849 5343; x_wconf 92' lang='lat' dir='ltr'><strong>ero</strong></span> <span class='ocrx_word' id='word_1_443' title='bbox 1883 5289 1983 5341; x_wconf 64' lang='lat' dir='ltr'><strong>imo</strong></span> 
     </span>
    </p>
   </div>
   <div class='ocr_carea' id='block_1_58' title="bbox 396 5381 1979 5459">
    <p class='ocr_par' dir='ltr' id='par_1_58' title="bbox 396 5381 1979 5459">
     <span class='ocr_line' id='line_1_58' title="bbox 396 5381 1979 5459; baseline -0.009 -15"><span class='ocrx_word' id='word_1_444' title='bbox 396 5393 693 5447; x_wconf 60' lang='lat' dir='ltr'><strong>maeulatus</strong></span> <span class='ocrx_word' id='word_1_445' title='bbox 716 5409 833 5448; x_wconf 88' lang='lat' dir='ltr'><strong>cum</strong></span> <span class='ocrx_word' id='word_1_446' title='bbox 861 5410 958 5459; x_wconf 86' lang='lat' dir='ltr'><strong>eo;</strong></span> <span class='ocrx_word' id='word_1_447' title='bbox 984 5404 1034 5447; x_wconf 89' lang='lat' dir='ltr'><strong>et</strong></span> <span class='ocrx_word' id='word_1_448' title='bbox 1066 5392 1190 5446; x_wconf 84' lang='lat' dir='ltr'><strong>alibi</strong></span> <span class='ocrx_word' id='word_1_449' title='bbox 1219 5409 1231 5442; x_wconf 94' lang='lat'>:</span> <span class='ocrx_word' id='word_1_450' title='bbox 1260 5389 1405 5444; x_wconf 87' lang='lat' dir='ltr'><strong>Beati</strong></span> <span class='ocrx_word' id='word_1_451' title='bbox 1434 5383 1758 5441; x_wconf 72' lang='lat' dir='ltr'><strong>immaculoti</strong></span> <span class='ocrx_word' id='word_1_452' title='bbox 1790 5383 1839 5435; x_wconf 91' lang='lat' dir='ltr'><strong>in</strong></span> <span class='ocrx_word' id='word_1_453' title='bbox 1873 5381 1979 5443; x_wconf 85' lang='lat' dir='ltr'><strong>via,</strong></span> 
     </span>
    </p>
   </div>
   <div class='ocr_carea' id='block_1_59' title="bbox 395 5477 1978 5553">
    <p class='ocr_par' dir='ltr' id='par_1_59' title="bbox 395 5477 1978 5553">
     <span class='ocr_line' id='line_1_59' title="bbox 395 5477 1978 5553; baseline -0.007 -18"><span class='ocrx_word' id='word_1_454' title='bbox 395 5485 486 5549; x_wconf 80' lang='lat' dir='ltr'><strong>qui</strong></span> <span class='ocrx_word' id='word_1_455' title='bbox 509 5484 784 5537; x_wconf 88' lang='lat' dir='ltr'><strong>ambulant</strong></span> <span class='ocrx_word' id='word_1_456' title='bbox 808 5486 859 5539; x_wconf 92' lang='lat' dir='ltr'><strong>in</strong></span> <span class='ocrx_word' id='word_1_457' title='bbox 885 5486 1002 5553; x_wconf 88' lang='lat' dir='ltr'><strong>lege</strong></span> <span class='ocrx_word' id='word_1_458' title='bbox 1030 5481 1402 5537; x_wconf 82' lang='lat' dir='ltr'><strong>Doinitti.ltetn</strong></span> <span class='ocrx_word' id='word_1_459' title='bbox 1435 5478 1576 5547; x_wconf 90' lang='lat' dir='ltr'><strong>apud</strong></span> <span class='ocrx_word' id='word_1_460' title='bbox 1604 5477 1978 5531; x_wconf 62' lang='lat' dir='ltr'><strong>Salomouem:</strong></span> 
     </span>
    </p>
   </div>
   <div class='ocr_carea' id='block_1_60' title="bbox 396 5567 1980 5645">
    <p class='ocr_par' dir='ltr' id='par_1_60' title="bbox 396 5567 1980 5645">
     <span class='ocr_line' id='line_1_60' title="bbox 396 5567 1980 5645; baseline -0.009 -13"><span class='ocrx_word' id='word_1_461' title='bbox 396 5575 579 5645; x_wconf 79' lang='lat' dir='ltr'><strong>Diligit</strong></span> <span class='ocrx_word' id='word_1_462' title='bbox 603 5576 857 5630; x_wconf 90' lang='lat' dir='ltr'><strong>Dominus</strong></span> <span class='ocrx_word' id='word_1_463' title='bbox 876 5588 1058 5631; x_wconf 85' lang='lat' dir='ltr'><strong>sancta</strong></span> <span class='ocrx_word' id='word_1_464' title='bbox 1085 5574 1280 5640; x_wconf 86' lang='lat' dir='ltr'><strong>corda;</strong></span> <span class='ocrx_word' id='word_1_465' title='bbox 1312 5571 1517 5640; x_wconf 84' lang='lat' dir='ltr'><strong>accepti</strong></span> <span class='ocrx_word' id='word_1_466' title='bbox 1549 5577 1672 5623; x_wconf 89' lang='lat' dir='ltr'><strong>sunt</strong></span> <span class='ocrx_word' id='word_1_467' title='bbox 1694 5567 1765 5620; x_wconf 87' lang='lat' dir='ltr'><strong>illi</strong></span> <span class='ocrx_word' id='word_1_468' title='bbox 1799 5576 1980 5618; x_wconf 86' lang='lat' dir='ltr'><strong>autent</strong></span> 
     </span>
    </p>
   </div>
   <div class='ocr_carea' id='block_1_61' title="bbox 396 5659 1983 5725">
    <p class='ocr_par' dir='ltr' id='par_1_61' title="bbox 396 5659 1983 5725">
     <span class='ocr_line' id='line_1_61' title="bbox 396 5659 1983 5725; baseline -0.006 -8"><span class='ocrx_word' id='word_1_469' title='bbox 396 5682 587 5721; x_wconf 91' lang='lat' dir='ltr'><strong>omnes</strong></span> <span class='ocrx_word' id='word_1_470' title='bbox 611 5666 959 5721; x_wconf 86' lang='lat' dir='ltr'><strong>immaettlati.</strong></span> <span class='ocrx_word' id='word_1_471' title='bbox 981 5666 1178 5721; x_wconf 86' lang='lat' dir='ltr'><strong>florum</strong></span> <span class='ocrx_word' id='word_1_472' title='bbox 1205 5662 1632 5717; x_wconf 77' lang='lat' dir='ltr'><strong>testimoniorum</strong></span> <span class='ocrx_word' id='word_1_473' title='bbox 1662 5659 1833 5725; x_wconf 84' lang='lat' dir='ltr'><strong>aliqua</strong></span> <span class='ocrx_word' id='word_1_474' title='bbox 1866 5671 1983 5710; x_wconf 90' lang='lat' dir='ltr'><strong>cur-</strong></span> 
     </span>
    </p>
   </div>
   <div class='ocr_carea' id='block_1_62' title="bbox 398 5748 1982 5827">
    <p class='ocr_par' dir='ltr' id='par_1_62' title="bbox 398 5748 1982 5827">
     <span class='ocr_line' id='line_1_62' title="bbox 398 5748 1982 5827; baseline -0.008 -13"><span class='ocrx_word' id='word_1_475' title='bbox 398 5768 584 5815; x_wconf 81' lang='lat' dir='ltr'><strong>rentes</strong></span> <span class='ocrx_word' id='word_1_476' title='bbox 632 5758 1001 5824; x_wconf 74' lang='lat' dir='ltr'><strong>exhortantur,</strong></span> <span class='ocrx_word' id='word_1_477' title='bbox 1031 5767 1084 5812; x_wconf 93' lang='lat' dir='ltr'><strong>ut</strong></span> <span class='ocrx_word' id='word_1_478' title='bbox 1119 5758 1349 5827; x_wconf 86' lang='lat' dir='ltr'><strong>perfecte</strong></span> <span class='ocrx_word' id='word_1_479' title='bbox 1403 5760 1617 5809; x_wconf 87' lang='lat' dir='ltr'><strong>currant</strong></span> <span class='ocrx_word' id='word_1_480' title='bbox 1646 5767 1659 5815; x_wconf 84' lang='lat'><strong>;</strong></span> <span class='ocrx_word' id='word_1_481' title='bbox 1694 5749 1739 5803; x_wconf 91' lang='lat' dir='ltr'><strong>al</strong></span> <span class='ocrx_word' id='word_1_482' title='bbox 1766 5762 1866 5816; x_wconf 86' lang='lat' dir='ltr'><strong>qua</strong></span> <span class='ocrx_word' id='word_1_483' title='bbox 1901 5748 1982 5813; x_wconf 84' lang='lat' dir='ltr'><strong>ip-</strong></span> 
     </span>
    </p>
   </div>
   <div class='ocr_carea' id='block_1_63' title="bbox 2071 512 3645 579">
    <p class='ocr_par' dir='ltr' id='par_1_63' title="bbox 2071 512 3645 579">
     <span class='ocr_line' id='line_1_63' title="bbox 2071 512 3645 579; baseline 0.002 -15"><span class='ocrx_word' id='word_1_484' title='bbox 2071 512 2274 579; x_wconf 86' lang='lat' dir='ltr'><strong>ingredi</strong></span> <span class='ocrx_word' id='word_1_485' title='bbox 2303 524 2478 566; x_wconf 86' lang='lat' dir='ltr'><strong>autem</strong></span> <span class='ocrx_word' id='word_1_486' title='bbox 2500 515 2618 568; x_wconf 88' lang='lat' dir='ltr'><strong>sine</strong></span> <span class='ocrx_word' id='word_1_487' title='bbox 2649 514 2857 568; x_wconf 90' lang='lat' dir='ltr'><strong>macula</strong></span> <span class='ocrx_word' id='word_1_488' title='bbox 2888 530 2995 569; x_wconf 90' lang='lat' dir='ltr'><strong>non</strong></span> <span class='ocrx_word' id='word_1_489' title='bbox 3017 513 3250 568; x_wconf 87' lang='lat' dir='ltr'><strong>absurde</strong></span> <span class='ocrx_word' id='word_1_490' title='bbox 3270 515 3432 567; x_wconf 87' lang='lat' dir='ltr'><strong>etiam</strong></span> <span class='ocrx_word' id='word_1_491' title='bbox 3457 515 3545 567; x_wconf 87' lang='lat' dir='ltr'><strong>ille</strong></span> <span class='ocrx_word' id='word_1_492' title='bbox 3571 516 3645 568; x_wconf 86' lang='lat' dir='ltr'><strong>di-</strong></span> 
     </span>
    </p>
   </div>
   <div class='ocr_carea' id='block_1_64' title="bbox 2069 604 3649 674">
    <p class='ocr_par' dir='ltr' id='par_1_64' title="bbox 2069 604 3649 674">
     <span class='ocr_line' id='line_1_64' title="bbox 2069 604 3649 674; baseline 0.001 -17"><span class='ocrx_word' id='word_1_493' title='bbox 2069 604 2227 665; x_wconf 89' lang='lat' dir='ltr'><strong>citur,</strong></span> <span class='ocrx_word' id='word_1_494' title='bbox 2283 619 2387 658; x_wconf 91' lang='lat' dir='ltr'><strong>non</strong></span> <span class='ocrx_word' id='word_1_495' title='bbox 2436 605 2526 674; x_wconf 89' lang='lat' dir='ltr'><strong>qui</strong></span> <span class='ocrx_word' id='word_1_496' title='bbox 2578 604 2690 674; x_wconf 89' lang='lat' dir='ltr'><strong>jam</strong></span> <span class='ocrx_word' id='word_1_497' title='bbox 2741 607 3009 673; x_wconf 82' lang='lat' dir='ltr'><strong>perlectus</strong></span> <span class='ocrx_word' id='word_1_498' title='bbox 3061 615 3166 672; x_wconf 89' lang='lat' dir='ltr'><strong>est,</strong></span> <span class='ocrx_word' id='word_1_499' title='bbox 3217 605 3311 660; x_wconf 86' lang='lat' dir='ltr'><strong>sed</strong></span> <span class='ocrx_word' id='word_1_500' title='bbox 3352 606 3440 672; x_wconf 91' lang='lat' dir='ltr'><strong>qui</strong></span> <span class='ocrx_word' id='word_1_501' title='bbox 3472 606 3535 657; x_wconf 89' lang='lat' dir='ltr'><strong>ad</strong></span> <span class='ocrx_word' id='word_1_502' title='bbox 3568 606 3649 672; x_wconf 88' lang='lat' dir='ltr'><strong>ip-</strong></span> 
     </span>
    </p>
   </div>
   <div class='ocr_carea' id='block_1_65' title="bbox 2070 697 3651 765">
    <p class='ocr_par' dir='ltr' id='par_1_65' title="bbox 2070 697 3651 765">
     <span class='ocr_line' id='line_1_65' title="bbox 2070 697 3651 765; baseline -0.003 -14"><span class='ocrx_word' id='word_1_503' title='bbox 2070 711 2184 751; x_wconf 82' lang='lat' dir='ltr'><strong>sam</strong></span> <span class='ocrx_word' id='word_1_504' title='bbox 2216 698 2597 765; x_wconf 83' lang='lat' dir='ltr'><strong>perfectionem</strong></span> <span class='ocrx_word' id='word_1_505' title='bbox 2639 697 3181 765; x_wconf 88' lang='lat' dir='ltr'><strong>irreprehensibifitcr</strong></span> <span class='ocrx_word' id='word_1_506' title='bbox 3222 697 3390 751; x_wconf 89' lang='lat' dir='ltr'><strong>currit</strong></span> <span class='ocrx_word' id='word_1_507' title='bbox 3414 738 3429 761; x_wconf 95' lang='lat'><strong>,</strong></span> <span class='ocrx_word' id='word_1_508' title='bbox 3462 709 3651 750; x_wconf 80' lang='lat' dir='ltr'><strong>carens</strong></span> 
     </span>
    </p>
   </div>
   <div class='ocr_carea' id='block_1_66' title="bbox 2070 788 3650 858">
    <p class='ocr_par' dir='ltr' id='par_1_66' title="bbox 2070 788 3650 858">
     <span class='ocr_line' id='line_1_66' title="bbox 2070 788 3650 858; baseline -0.003 -14"><span class='ocrx_word' id='word_1_509' title='bbox 2070 789 2384 844; x_wconf 72' lang='lat' dir='ltr'><strong>Criminibus</strong></span> <span class='ocrx_word' id='word_1_510' title='bbox 2425 789 2816 844; x_wconf 86' lang='lat' dir='ltr'><strong>damnabilibus</strong></span> <span class='ocrx_word' id='word_1_511' title='bbox 2836 829 2851 852; x_wconf 95' lang='lat'><strong>,</strong></span> <span class='ocrx_word' id='word_1_512' title='bbox 2883 798 3044 857; x_wconf 88' lang='lat' dir='ltr'><strong>atque</strong></span> <span class='ocrx_word' id='word_1_513' title='bbox 3074 788 3185 857; x_wconf 89' lang='lat' dir='ltr'><strong>ipsa</strong></span> <span class='ocrx_word' id='word_1_514' title='bbox 3219 799 3436 858; x_wconf 89' lang='lat' dir='ltr'><strong>peccata</strong></span> <span class='ocrx_word' id='word_1_515' title='bbox 3466 788 3650 841; x_wconf 85' lang='lat' dir='ltr'><strong>venia-</strong></span> 
     </span>
    </p>
   </div>
   <div class='ocr_carea' id='block_1_67' title="bbox 2074 880 3650 951">
    <p class='ocr_par' dir='ltr' id='par_1_67' title="bbox 2074 880 3650 951">
     <span class='ocr_line' id='line_1_67' title="bbox 2074 880 3650 951; baseline -0.004 -16"><span class='ocrx_word' id='word_1_516' title='bbox 2074 881 2142 936; x_wconf 87' lang='lat' dir='ltr'><strong>lia</strong></span> <span class='ocrx_word' id='word_1_517' title='bbox 2175 895 2280 934; x_wconf 91' lang='lat' dir='ltr'><strong>non</strong></span> <span class='ocrx_word' id='word_1_518' title='bbox 2310 881 2583 951; x_wconf 85' lang='lat' dir='ltr'><strong>negligens</strong></span> <span class='ocrx_word' id='word_1_519' title='bbox 2605 880 2863 935; x_wconf 87' lang='lat' dir='ltr'><strong>mundare</strong></span> <span class='ocrx_word' id='word_1_520' title='bbox 2908 880 3288 949; x_wconf 85' lang='lat' dir='ltr'><strong>eleemosyois.</strong></span> <span class='ocrx_word' id='word_1_521' title='bbox 3350 880 3650 947; x_wconf 87' lang='lat' dir='ltr'><strong>lngressum</strong></span> 
     </span>
    </p>
   </div>
   <div class='ocr_carea' id='block_1_68' title="bbox 2071 970 3651 1043">
    <p class='ocr_par' dir='ltr' id='par_1_68' title="bbox 2071 970 3651 1043">
     <span class='ocr_line' id='line_1_68' title="bbox 2071 970 3651 1043; baseline -0.003 -16"><span class='ocrx_word' id='word_1_522' title='bbox 2071 974 2289 1043; x_wconf 86' lang='lat' dir='ltr'><strong>quippe,</strong></span> <span class='ocrx_word' id='word_1_523' title='bbox 2323 972 2423 1025; x_wconf 91' lang='lat' dir='ltr'><strong>hoc</strong></span> <span class='ocrx_word' id='word_1_524' title='bbox 2466 981 2550 1025; x_wconf 87' lang='lat' dir='ltr'><strong>est</strong></span> <span class='ocrx_word' id='word_1_525' title='bbox 2596 972 2695 1024; x_wconf 91' lang='lat' dir='ltr'><strong>iter</strong></span> <span class='ocrx_word' id='word_1_526' title='bbox 2723 980 2965 1025; x_wconf 89' lang='lat' dir='ltr'><strong>nostrum</strong></span> <span class='ocrx_word' id='word_1_527' title='bbox 2993 987 3101 1039; x_wconf 91' lang='lat' dir='ltr'><strong>quo</strong></span> <span class='ocrx_word' id='word_1_528' title='bbox 3149 971 3419 1025; x_wconf 88' lang='lat' dir='ltr'><strong>tendimus</strong></span> <span class='ocrx_word' id='word_1_529' title='bbox 3439 970 3503 1022; x_wconf 86' lang='lat' dir='ltr'><strong>ad</strong></span> <span class='ocrx_word' id='word_1_530' title='bbox 3534 986 3651 1036; x_wconf 85' lang='lat' dir='ltr'><strong>per-</strong></span> 
     </span>
    </p>
   </div>
   <div class='ocr_carea' id='block_1_69' title="bbox 2072 1063 3649 1129">
    <p class='ocr_par' dir='ltr' id='par_1_69' title="bbox 2072 1063 3649 1129">
     <span class='ocr_line' id='line_1_69' title="bbox 2072 1063 3649 1129; baseline -0.003 -10"><span class='ocrx_word' id='word_1_531' title='bbox 2072 1066 2381 1129; x_wconf 83' lang='lat' dir='ltr'><strong>fectionem,</strong></span> <span class='ocrx_word' id='word_1_532' title='bbox 2413 1063 2608 1118; x_wconf 90' lang='lat' dir='ltr'><strong>munda</strong></span> <span class='ocrx_word' id='word_1_533' title='bbox 2639 1064 2859 1117; x_wconf 89' lang='lat' dir='ltr'><strong>mundat</strong></span> <span class='ocrx_word' id='word_1_534' title='bbox 2899 1064 3106 1127; x_wconf 85' lang='lat' dir='ltr'><strong>oratio;</strong></span> <span class='ocrx_word' id='word_1_535' title='bbox 3137 1064 3337 1118; x_wconf 81' lang='lat' dir='ltr'><strong>munda</strong></span> <span class='ocrx_word' id='word_1_536' title='bbox 3360 1072 3445 1119; x_wconf 86' lang='lat' dir='ltr'><strong>est</strong></span> <span class='ocrx_word' id='word_1_537' title='bbox 3473 1075 3649 1117; x_wconf 85' lang='lat' dir='ltr'><strong>autem</strong></span> 
     </span>
    </p>
   </div>
   <div class='ocr_carea' id='block_1_70' title="bbox 2070 1154 3651 1213">
    <p class='ocr_par' dir='ltr' id='par_1_70' title="bbox 2070 1154 3651 1213">
     <span class='ocr_line' id='line_1_70' title="bbox 2070 1154 3651 1213; baseline -0.003 0"><span class='ocrx_word' id='word_1_538' title='bbox 2070 1158 2245 1213; x_wconf 85' lang='lat' dir='ltr'><strong>oratio</strong></span> <span class='ocrx_word' id='word_1_539' title='bbox 2299 1154 2389 1212; x_wconf 92' lang='lat' dir='ltr'><strong>ubi</strong></span> <span class='ocrx_word' id='word_1_540' title='bbox 2442 1156 2703 1211; x_wconf 86' lang='lat' dir='ltr'><strong>veraciter</strong></span> <span class='ocrx_word' id='word_1_541' title='bbox 2740 1155 3223 1210; x_wconf 76' lang='lat' dir='ltr'><strong>diciturzbimitte</strong></span> <span class='ocrx_word' id='word_1_542' title='bbox 3278 1156 3434 1210; x_wconf 87' lang='lat' dir='ltr'><strong>nobis</strong></span> <span class='ocrx_word' id='word_1_543' title='bbox 3474 1155 3651 1209; x_wconf 89' lang='lat' dir='ltr'><strong>debita</strong></span> 
     </span>
    </p>
   </div>
   <div class='ocr_carea' id='block_1_71' title="bbox 2075 1244 3651 1314">
    <p class='ocr_par' dir='ltr' id='par_1_71' title="bbox 2075 1244 3651 1314">
     <span class='ocr_line' id='line_1_71' title="bbox 2075 1244 3651 1314; baseline -0.001 -13"><span class='ocrx_word' id='word_1_544' title='bbox 2075 1257 2256 1302; x_wconf 88' lang='lat' dir='ltr'><strong>nostra</strong></span> <span class='ocrx_word' id='word_1_545' title='bbox 2276 1286 2290 1309; x_wconf 94' lang='lat'><strong>,</strong></span> <span class='ocrx_word' id='word_1_546' title='bbox 2315 1244 2453 1298; x_wconf 85' lang='lat' dir='ltr'><strong>sicut</strong></span> <span class='ocrx_word' id='word_1_547' title='bbox 2478 1256 2530 1299; x_wconf 91' lang='lat' dir='ltr'><strong>et</strong></span> <span class='ocrx_word' id='word_1_548' title='bbox 2557 1260 2655 1299; x_wconf 91' lang='lat' dir='ltr'><strong>nos</strong></span> <span class='ocrx_word' id='word_1_549' title='bbox 2671 1244 2988 1300; x_wconf 69' lang='lat' dir='ltr'><strong>dimittimus</strong></span> <span class='ocrx_word' id='word_1_550' title='bbox 3004 1263 3018 1311; x_wconf 89' lang='lat'><strong>;</strong></span> <span class='ocrx_word' id='word_1_551' title='bbox 3035 1246 3230 1300; x_wconf 92' lang='lat' dir='ltr'><strong>utdum</strong></span> <span class='ocrx_word' id='word_1_552' title='bbox 3245 1261 3349 1300; x_wconf 92' lang='lat' dir='ltr'><strong>non</strong></span> <span class='ocrx_word' id='word_1_553' title='bbox 3364 1246 3651 1314; x_wconf 86' lang='lat' dir='ltr'><strong>reprehen-</strong></span> 
     </span>
    </p>
   </div>
   <div class='ocr_carea' id='block_1_72' title="bbox 2073 1339 3653 1411">
    <p class='ocr_par' dir='ltr' id='par_1_72' title="bbox 2073 1339 3653 1411">
     <span class='ocr_line' id='line_1_72' title="bbox 2073 1339 3653 1411; baseline -0.004 -14"><span class='ocrx_word' id='word_1_554' title='bbox 2073 1344 2217 1397; x_wconf 90' lang='lat' dir='ltr'><strong>ditur</strong></span> <span class='ocrx_word' id='word_1_555' title='bbox 2256 1344 2397 1411; x_wconf 90' lang='lat' dir='ltr'><strong>quod</strong></span> <span class='ocrx_word' id='word_1_556' title='bbox 2448 1356 2553 1396; x_wconf 92' lang='lat' dir='ltr'><strong>non</strong></span> <span class='ocrx_word' id='word_1_557' title='bbox 2595 1342 2908 1409; x_wconf 87' lang='lat' dir='ltr'><strong>imputatur,</strong></span> <span class='ocrx_word' id='word_1_558' title='bbox 2938 1340 3055 1395; x_wconf 89' lang='lat' dir='ltr'><strong>sine</strong></span> <span class='ocrx_word' id='word_1_559' title='bbox 3086 1339 3525 1408; x_wconf 80' lang='lat' dir='ltr'><strong>reprehensione,</strong></span> <span class='ocrx_word' id='word_1_560' title='bbox 3553 1339 3653 1391; x_wconf 91' lang='lat' dir='ltr'><strong>hoc</strong></span> 
     </span>
    </p>
   </div>
   <div class='ocr_carea' id='block_1_73' title="bbox 2072 1430 3653 1501">
    <p class='ocr_par' dir='ltr' id='par_1_73' title="bbox 2072 1430 3653 1501">
     <span class='ocr_line' id='line_1_73' title="bbox 2072 1430 3653 1501; baseline -0.007 -9"><span class='ocrx_word' id='word_1_561' title='bbox 2072 1439 2299 1492; x_wconf 85' lang='lat' dir='ltr'><strong>estsine</strong></span> <span class='ocrx_word' id='word_1_562' title='bbox 2342 1436 2570 1501; x_wconf 86' lang='lat' dir='ltr'><strong>macula,</strong></span> <span class='ocrx_word' id='word_1_563' title='bbox 2602 1440 2785 1488; x_wconf 86' lang='lat' dir='ltr'><strong>noster</strong></span> <span class='ocrx_word' id='word_1_564' title='bbox 2810 1432 2874 1486; x_wconf 92' lang='lat' dir='ltr'><strong>ad</strong></span> <span class='ocrx_word' id='word_1_565' title='bbox 2935 1431 3317 1499; x_wconf 84' lang='lat' dir='ltr'><strong>perfectionem</strong></span> <span class='ocrx_word' id='word_1_566' title='bbox 3347 1444 3538 1486; x_wconf 84' lang='lat' dir='ltr'><strong>cursus</strong></span> <span class='ocrx_word' id='word_1_567' title='bbox 3562 1430 3653 1482; x_wconf 86' lang='lat' dir='ltr'><strong>ha-</strong></span> 
     </span>
    </p>
   </div>
   <div class='ocr_carea' id='block_1_74' title="bbox 2076 1521 3653 1598">
    <p class='ocr_par' dir='ltr' id='par_1_74' title="bbox 2076 1521 3653 1598">
     <span class='ocr_line' id='line_1_74' title="bbox 2076 1521 3653 1598; baseline -0.005 -16"><span class='ocrx_word' id='word_1_568' title='bbox 2076 1528 2289 1594; x_wconf 88' lang='lat' dir='ltr'><strong>beatur;</strong></span> <span class='ocrx_word' id='word_1_569' title='bbox 2323 1529 2375 1584; x_wconf 71' lang='lat' dir='ltr'><strong>in</strong></span> <span class='ocrx_word' id='word_1_570' title='bbox 2407 1543 2508 1598; x_wconf 85' lang='lat' dir='ltr'><strong>qua</strong></span> <span class='ocrx_word' id='word_1_571' title='bbox 2542 1525 2871 1595; x_wconf 86' lang='lat' dir='ltr'><strong>perfectione</strong></span> <span class='ocrx_word' id='word_1_572' title='bbox 2891 1568 2906 1593; x_wconf 90' lang='lat'><strong>,</strong></span> <span class='ocrx_word' id='word_1_573' title='bbox 2934 1540 3055 1579; x_wconf 88' lang='lat' dir='ltr'><strong>cum</strong></span> <span class='ocrx_word' id='word_1_574' title='bbox 3086 1523 3154 1578; x_wconf 89' lang='lat' dir='ltr'><strong>ad</strong></span> <span class='ocrx_word' id='word_1_575' title='bbox 3201 1538 3318 1578; x_wconf 91' lang='lat' dir='ltr'><strong>eam</strong></span> <span class='ocrx_word' id='word_1_576' title='bbox 3352 1521 3653 1578; x_wconf 86' lang='lat' dir='ltr'><strong>venerimus</strong></span> 
     </span>
    </p>
   </div>
   <div class='ocr_carea' id='block_1_75' title="bbox 2074 1614 3651 1691">
    <p class='ocr_par' dir='ltr' id='par_1_75' title="bbox 2074 1614 3651 1691">
     <span class='ocr_line' id='line_1_75' title="bbox 2074 1614 3651 1691; baseline -0.004 -20"><span class='ocrx_word' id='word_1_577' title='bbox 2074 1618 2664 1691; x_wconf 75' lang='lat' dir='ltr'><strong>[pervenerimus],jam</strong></span> <span class='ocrx_word' id='word_1_578' title='bbox 2691 1633 2797 1672; x_wconf 91' lang='lat' dir='ltr'><strong>non</strong></span> <span class='ocrx_word' id='word_1_579' title='bbox 2826 1616 2894 1671; x_wconf 89' lang='lat' dir='ltr'><strong>sit</strong></span> <span class='ocrx_word' id='word_1_580' title='bbox 2916 1616 3134 1670; x_wconf 90' lang='lat' dir='ltr'><strong>omnino</strong></span> <span class='ocrx_word' id='word_1_581' title='bbox 3157 1615 3301 1685; x_wconf 88' lang='lat' dir='ltr'><strong>quod</strong></span> <span class='ocrx_word' id='word_1_582' title='bbox 3329 1614 3651 1685; x_wconf 67' lang='lat' dir='ltr'><strong>ignositeudo</strong></span> 
     </span>
    </p>
   </div>
   <div class='ocr_carea' id='block_1_76' title="bbox 2076 1704 3651 1775">
    <p class='ocr_par' dir='ltr' id='par_1_76' title="bbox 2076 1704 3651 1775">
     <span class='ocr_line' id='line_1_76' title="bbox 2076 1704 3651 1775; baseline -0.004 -11"><span class='ocrx_word' id='word_1_583' title='bbox 2076 1711 2383 1765; x_wconf 86' lang='lat' dir='ltr'><strong>mundetur.</strong></span> <span class='ocrx_word' id='word_1_584' title='bbox 2407 1712 2511 1764; x_wconf 88' lang='lat' dir='ltr'><strong>Sed</strong></span> <span class='ocrx_word' id='word_1_585' title='bbox 2557 1709 2698 1763; x_wconf 86' lang='lat' dir='ltr'><strong>aliud</strong></span> <span class='ocrx_word' id='word_1_586' title='bbox 2728 1716 2812 1763; x_wconf 87' lang='lat' dir='ltr'><strong>est</strong></span> <span class='ocrx_word' id='word_1_587' title='bbox 2836 1722 2955 1763; x_wconf 66' lang='lat' dir='ltr'><strong>esse</strong></span> <span class='ocrx_word' id='word_1_588' title='bbox 2986 1706 3104 1762; x_wconf 87' lang='lat' dir='ltr'><strong>sine</strong></span> <span class='ocrx_word' id='word_1_589' title='bbox 3131 1710 3382 1775; x_wconf 81' lang='lat' dir='ltr'><strong>peceato,</strong></span> <span class='ocrx_word' id='word_1_590' title='bbox 3416 1705 3556 1774; x_wconf 87' lang='lat' dir='ltr'><strong>quod</strong></span> <span class='ocrx_word' id='word_1_591' title='bbox 3586 1704 3651 1757; x_wconf 85' lang='lat' dir='ltr'><strong>de</strong></span> 
     </span>
    </p>
   </div>
   <div class='ocr_carea' id='block_1_77' title="bbox 2076 1796 3652 1868">
    <p class='ocr_par' dir='ltr' id='par_1_77' title="bbox 2076 1796 3652 1868">
     <span class='ocr_line' id='line_1_77' title="bbox 2076 1796 3652 1868; baseline -0.006 -13"><span class='ocrx_word' id='word_1_592' title='bbox 2076 1802 2190 1856; x_wconf 89' lang='lat' dir='ltr'><strong>solo</strong></span> <span class='ocrx_word' id='word_1_593' title='bbox 2221 1802 2273 1855; x_wconf 90' lang='lat' dir='ltr'><strong>in</strong></span> <span class='ocrx_word' id='word_1_594' title='bbox 2325 1801 2424 1855; x_wconf 92' lang='lat' dir='ltr'><strong>hac</strong></span> <span class='ocrx_word' id='word_1_595' title='bbox 2450 1802 2554 1853; x_wconf 91' lang='lat' dir='ltr'><strong>vita</strong></span> <span class='ocrx_word' id='word_1_596' title='bbox 2583 1799 2864 1868; x_wconf 88' lang='lat' dir='ltr'><strong>Unigenito</strong></span> <span class='ocrx_word' id='word_1_597' title='bbox 2893 1798 3092 1853; x_wconf 88' lang='lat' dir='ltr'><strong>dictum</strong></span> <span class='ocrx_word' id='word_1_598' title='bbox 3123 1806 3226 1863; x_wconf 87' lang='lat' dir='ltr'><strong>est,</strong></span> <span class='ocrx_word' id='word_1_599' title='bbox 3253 1796 3395 1851; x_wconf 89' lang='lat' dir='ltr'><strong>aliud</strong></span> <span class='ocrx_word' id='word_1_600' title='bbox 3423 1806 3505 1852; x_wconf 86' lang='lat' dir='ltr'><strong>est</strong></span> <span class='ocrx_word' id='word_1_601' title='bbox 3532 1812 3652 1848; x_wconf 70' lang='lat' dir='ltr'><strong>esse</strong></span> 
     </span>
    </p>
   </div>
   <div class='ocr_carea' id='block_1_78' title="bbox 2074 1886 3651 1961">
    <p class='ocr_par' dir='ltr' id='par_1_78' title="bbox 2074 1886 3651 1961">
     <span class='ocr_line' id='line_1_78' title="bbox 2074 1886 3651 1961; baseline -0.004 -16"><span class='ocrx_word' id='word_1_602' title='bbox 2074 1891 2192 1945; x_wconf 90' lang='lat' dir='ltr'><strong>sine</strong></span> <span class='ocrx_word' id='word_1_603' title='bbox 2212 1892 2451 1961; x_wconf 81' lang='lat' dir='ltr'><strong>querela,</strong></span> <span class='ocrx_word' id='word_1_604' title='bbox 2477 1889 2617 1958; x_wconf 86' lang='lat' dir='ltr'><strong>quod</strong></span> <span class='ocrx_word' id='word_1_605' title='bbox 2647 1888 2713 1941; x_wconf 90' lang='lat' dir='ltr'><strong>de</strong></span> <span class='ocrx_word' id='word_1_606' title='bbox 2742 1888 2925 1943; x_wconf 67' lang='lat' dir='ltr'><strong>multis</strong></span> <span class='ocrx_word' id='word_1_607' title='bbox 2953 1888 3108 1954; x_wconf 85' lang='lat' dir='ltr'><strong>justis</strong></span> <span class='ocrx_word' id='word_1_608' title='bbox 3133 1888 3293 1942; x_wconf 85' lang='lat' dir='ltr'><strong>etiam</strong></span> <span class='ocrx_word' id='word_1_609' title='bbox 3334 1887 3386 1941; x_wconf 91' lang='lat' dir='ltr'><strong>in</strong></span> <span class='ocrx_word' id='word_1_610' title='bbox 3425 1887 3523 1939; x_wconf 87' lang='lat' dir='ltr'><strong>hac</strong></span> <span class='ocrx_word' id='word_1_611' title='bbox 3548 1886 3651 1939; x_wconf 80' lang='lat' dir='ltr'><strong>vita</strong></span> 
     </span>
    </p>
   </div>
   <div class='ocr_carea' id='block_1_79' title="bbox 2072 1978 3655 2049">
    <p class='ocr_par' dir='ltr' id='par_1_79' title="bbox 2072 1978 3655 2049">
     <span class='ocr_line' id='line_1_79' title="bbox 2072 1978 3655 2049; baseline -0.003 -15"><span class='ocrx_word' id='word_1_612' title='bbox 2072 1981 2176 2034; x_wconf 86' lang='lat' dir='ltr'><strong>dici</strong></span> <span class='ocrx_word' id='word_1_613' title='bbox 2204 1982 2365 2048; x_wconf 80' lang='lat' dir='ltr'><strong>potuit</strong></span> <span class='ocrx_word' id='word_1_614' title='bbox 2389 1998 2403 2046; x_wconf 92' lang='lat'><strong>;</strong></span> <span class='ocrx_word' id='word_1_615' title='bbox 2431 1981 2681 2049; x_wconf 85' lang='lat' dir='ltr'><strong>quoniam</strong></span> <span class='ocrx_word' id='word_1_616' title='bbox 2705 1989 2788 2032; x_wconf 81' lang='lat' dir='ltr'><strong>est</strong></span> <span class='ocrx_word' id='word_1_617' title='bbox 2810 1979 3025 2046; x_wconf 84' lang='lat' dir='ltr'><strong>quidam</strong></span> <span class='ocrx_word' id='word_1_618' title='bbox 3056 1978 3247 2033; x_wconf 87' lang='lat' dir='ltr'><strong>modus</strong></span> <span class='ocrx_word' id='word_1_619' title='bbox 3268 1980 3421 2031; x_wconf 68' lang='lat' dir='ltr'><strong>bona:</strong></span> <span class='ocrx_word' id='word_1_620' title='bbox 3443 1979 3564 2031; x_wconf 70' lang='lat' dir='ltr'><strong>vim</strong></span> <span class='ocrx_word' id='word_1_621' title='bbox 3586 1979 3655 2030; x_wconf 83' lang='lat' dir='ltr'><strong>de</strong></span> 
     </span>
    </p>
   </div>
   <div class='ocr_carea' id='block_1_80' title="bbox 2071 2068 3653 2142">
    <p class='ocr_par' dir='ltr' id='par_1_80' title="bbox 2071 2068 3653 2142">
     <span class='ocr_line' id='line_1_80' title="bbox 2071 2068 3653 2142; baseline -0.003 -18"><span class='ocrx_word' id='word_1_622' title='bbox 2071 2088 2201 2142; x_wconf 90' lang='lat' dir='ltr'><strong>quo,</strong></span> <span class='ocrx_word' id='word_1_623' title='bbox 2230 2072 2390 2126; x_wconf 64' lang='lat' dir='ltr'><strong>ctiam</strong></span> <span class='ocrx_word' id='word_1_624' title='bbox 2422 2072 2473 2125; x_wconf 92' lang='lat' dir='ltr'><strong>in</strong></span> <span class='ocrx_word' id='word_1_625' title='bbox 2503 2072 2603 2125; x_wconf 82' lang='lat' dir='ltr'><strong>ista</strong></span> <span class='ocrx_word' id='word_1_626' title='bbox 2626 2071 2857 2125; x_wconf 89' lang='lat' dir='ltr'><strong>humana</strong></span> <span class='ocrx_word' id='word_1_627' title='bbox 2887 2069 3318 2131; x_wconf 80' lang='lat' dir='ltr'><strong>conversatione,</strong></span> <span class='ocrx_word' id='word_1_628' title='bbox 3342 2068 3485 2136; x_wconf 76' lang='lat' dir='ltr'><strong>ju~ta</strong></span> <span class='ocrx_word' id='word_1_629' title='bbox 3525 2083 3653 2133; x_wconf 51' lang='lat' dir='ltr'><strong>quc-</strong></span> 
     </span>
    </p>
   </div>
   <div class='ocr_carea' id='block_1_81' title="bbox 2073 2159 3654 2231">
    <p class='ocr_par' dir='ltr' id='par_1_81' title="bbox 2073 2159 3654 2231">
     <span class='ocr_line' id='line_1_81' title="bbox 2073 2159 3654 2231; baseline -0.004 -13"><span class='ocrx_word' id='word_1_630' title='bbox 2073 2165 2181 2218; x_wconf 85' lang='lat' dir='ltr'><strong>rela</strong></span> <span class='ocrx_word' id='word_1_631' title='bbox 2214 2179 2334 2218; x_wconf 74' lang='lat' dir='ltr'><strong>es~e</strong></span> <span class='ocrx_word' id='word_1_632' title='bbox 2388 2179 2495 2218; x_wconf 90' lang='lat' dir='ltr'><strong>non</strong></span> <span class='ocrx_word' id='word_1_633' title='bbox 2550 2162 2718 2231; x_wconf 90' lang='lat' dir='ltr'><strong>possit</strong></span> <span class='ocrx_word' id='word_1_634' title='bbox 2748 2178 2761 2214; x_wconf 92' lang='lat'><strong>:</strong></span> <span class='ocrx_word' id='word_1_635' title='bbox 2791 2163 2911 2231; x_wconf 90' lang='lat' dir='ltr'><strong>quis</strong></span> <span class='ocrx_word' id='word_1_636' title='bbox 2960 2163 3105 2217; x_wconf 89' lang='lat' dir='ltr'><strong>enim</strong></span> <span class='ocrx_word' id='word_1_637' title='bbox 3150 2160 3293 2231; x_wconf 83' lang='lat' dir='ltr'><strong>justo</strong></span> <span class='ocrx_word' id='word_1_638' title='bbox 3322 2160 3563 2229; x_wconf 82' lang='lat' dir='ltr'><strong>queritur</strong></span> <span class='ocrx_word' id='word_1_639' title='bbox 3588 2159 3654 2211; x_wconf 84' lang='lat' dir='ltr'><strong>de</strong></span> 
     </span>
    </p>
   </div>
   <div class='ocr_carea' id='block_1_82' title="bbox 2075 2249 3653 2323">
    <p class='ocr_par' dir='ltr' id='par_1_82' title="bbox 2075 2249 3653 2323">
     <span class='ocr_line' id='line_1_82' title="bbox 2075 2249 3653 2323; baseline -0.004 -15"><span class='ocrx_word' id='word_1_640' title='bbox 2075 2256 2291 2309; x_wconf 88' lang='lat' dir='ltr'><strong>homine</strong></span> <span class='ocrx_word' id='word_1_641' title='bbox 2322 2256 2410 2323; x_wconf 91' lang='lat' dir='ltr'><strong>qui</strong></span> <span class='ocrx_word' id='word_1_642' title='bbox 2442 2255 2640 2308; x_wconf 88' lang='lat' dir='ltr'><strong>nemini</strong></span> <span class='ocrx_word' id='word_1_643' title='bbox 2681 2254 2793 2306; x_wconf 91' lang='lat' dir='ltr'><strong>vult</strong></span> <span class='ocrx_word' id='word_1_644' title='bbox 2821 2254 2985 2318; x_wconf 88' lang='lat' dir='ltr'><strong>male,</strong></span> <span class='ocrx_word' id='word_1_645' title='bbox 3014 2262 3071 2307; x_wconf 91' lang='lat' dir='ltr'><strong>et</strong></span> <span class='ocrx_word' id='word_1_646' title='bbox 3099 2253 3290 2322; x_wconf 87' lang='lat' dir='ltr'><strong>quibus</strong></span> <span class='ocrx_word' id='word_1_647' title='bbox 3319 2259 3495 2320; x_wconf 86' lang='lat' dir='ltr'><strong>potest</strong></span> <span class='ocrx_word' id='word_1_648' title='bbox 3528 2249 3653 2302; x_wconf 86' lang='lat' dir='ltr'><strong>flde-</strong></span> 
     </span>
    </p>
   </div>
   <div class='ocr_carea' id='block_1_83' title="bbox 2078 2340 3654 2413">
    <p class='ocr_par' dir='ltr' id='par_1_83' title="bbox 2078 2340 3654 2413">
     <span class='ocr_line' id='line_1_83' title="bbox 2078 2340 3654 2413; baseline -0.005 -14"><span class='ocrx_word' id='word_1_649' title='bbox 2078 2346 2199 2400; x_wconf 86' lang='lat' dir='ltr'><strong>liter</strong></span> <span class='ocrx_word' id='word_1_650' title='bbox 2228 2346 2488 2410; x_wconf 84' lang='lat' dir='ltr'><strong>consulit,</strong></span> <span class='ocrx_word' id='word_1_651' title='bbox 2514 2359 2610 2399; x_wconf 86' lang='lat' dir='ltr'><strong>nec</strong></span> <span class='ocrx_word' id='word_1_652' title='bbox 2631 2355 2818 2398; x_wconf 88' lang='lat' dir='ltr'><strong>contra</strong></span> <span class='ocrx_word' id='word_1_653' title='bbox 2841 2345 3157 2413; x_wconf 67' lang='lat' dir='ltr'><strong>cujusquam</strong></span> <span class='ocrx_word' id='word_1_654' title='bbox 3184 2343 3403 2412; x_wconf 87' lang='lat' dir='ltr'><strong>injurias</strong></span> <span class='ocrx_word' id='word_1_655' title='bbox 3424 2348 3565 2394; x_wconf 89' lang='lat' dir='ltr'><strong>tenet</strong></span> <span class='ocrx_word' id='word_1_656' title='bbox 3595 2340 3654 2391; x_wconf 84' lang='lat' dir='ltr'><strong>li-</strong></span> 
     </span>
    </p>
   </div>
   <div class='ocr_carea' id='block_1_84' title="bbox 2073 2434 3656 2502">
    <p class='ocr_par' dir='ltr' id='par_1_84' title="bbox 2073 2434 3656 2502">
     <span class='ocr_line' id='line_1_84' title="bbox 2073 2434 3656 2502; baseline -0.005 -11"><span class='ocrx_word' id='word_1_657' title='bbox 2073 2438 2304 2491; x_wconf 85' lang='lat' dir='ltr'><strong>bidinem</strong></span> <span class='ocrx_word' id='word_1_658' title='bbox 2360 2435 2687 2502; x_wconf 86' lang='lat' dir='ltr'><strong>vindicandi,</strong></span> <span class='ocrx_word' id='word_1_659' title='bbox 2714 2445 2770 2489; x_wconf 91' lang='lat' dir='ltr'><strong>nt</strong></span> <span class='ocrx_word' id='word_1_660' title='bbox 2798 2435 3063 2491; x_wconf 82' lang='lat' dir='ltr'><strong>veraciter</strong></span> <span class='ocrx_word' id='word_1_661' title='bbox 3088 2434 3233 2489; x_wconf 87' lang='lat' dir='ltr'><strong>dicat</strong></span> <span class='ocrx_word' id='word_1_662' title='bbox 3262 2452 3273 2487; x_wconf 95' lang='lat'>:</span> <span class='ocrx_word' id='word_1_663' title='bbox 3299 2435 3453 2490; x_wconf 89' lang='lat' dir='ltr'><strong>Sicut</strong></span> <span class='ocrx_word' id='word_1_664' title='bbox 3476 2440 3531 2486; x_wconf 89' lang='lat' dir='ltr'><strong>et</strong></span> <span class='ocrx_word' id='word_1_665' title='bbox 3556 2445 3656 2484; x_wconf 84' lang='lat' dir='ltr'><strong>nos</strong></span> 
     </span>
    </p>
   </div>
   <div class='ocr_carea' id='block_1_85' title="bbox 2071 2523 3654 2592">
    <p class='ocr_par' dir='ltr' id='par_1_85' title="bbox 2071 2523 3654 2592">
     <span class='ocr_line' id='line_1_85' title="bbox 2071 2523 3654 2592; baseline -0.006 -9"><span class='ocrx_word' id='word_1_666' title='bbox 2071 2530 2386 2583; x_wconf 87' lang='lat' dir='ltr'><strong>dimittimus</strong></span> <span class='ocrx_word' id='word_1_667' title='bbox 2402 2527 2733 2583; x_wconf 74' lang='lat' dir='ltr'><strong>debitoribus</strong></span> <span class='ocrx_word' id='word_1_668' title='bbox 2757 2526 2977 2582; x_wconf 89' lang='lat' dir='ltr'><strong>nostris.</strong></span> <span class='ocrx_word' id='word_1_669' title='bbox 3008 2527 3071 2581; x_wconf 85' lang='lat' dir='ltr'><strong>Et</strong></span> <span class='ocrx_word' id='word_1_670' title='bbox 3095 2538 3270 2580; x_wconf 88' lang='lat' dir='ltr'><strong>tamen</strong></span> <span class='ocrx_word' id='word_1_671' title='bbox 3292 2523 3486 2592; x_wconf 91' lang='lat' dir='ltr'><strong>eoipso</strong></span> <span class='ocrx_word' id='word_1_672' title='bbox 3509 2524 3654 2591; x_wconf 63' lang='lat' dir='ltr'><strong>quod</strong></span> 
     </span>
    </p>
   </div>
   <div class='ocr_carea' id='block_1_86' title="bbox 2070 2613 3655 2685">
    <p class='ocr_par' dir='ltr' id='par_1_86' title="bbox 2070 2613 3655 2685">
     <span class='ocr_line' id='line_1_86' title="bbox 2070 2613 3655 2685; baseline -0.004 -12"><span class='ocrx_word' id='word_1_673' title='bbox 2070 2635 2254 2676; x_wconf 71' lang='lat' dir='ltr'><strong>Verum</strong></span> <span class='ocrx_word' id='word_1_674' title='bbox 2302 2620 2453 2685; x_wconf 86' lang='lat' dir='ltr'><strong>dicit,</strong></span> <span class='ocrx_word' id='word_1_675' title='bbox 2508 2620 2723 2675; x_wconf 87' lang='lat' dir='ltr'><strong>Dimitte</strong></span> <span class='ocrx_word' id='word_1_676' title='bbox 2773 2622 2912 2673; x_wconf 90' lang='lat' dir='ltr'><strong>sicut</strong></span> <span class='ocrx_word' id='word_1_677' title='bbox 2941 2628 2995 2673; x_wconf 89' lang='lat' dir='ltr'><strong>et</strong></span> <span class='ocrx_word' id='word_1_678' title='bbox 3040 2631 3138 2672; x_wconf 89' lang='lat' dir='ltr'><strong>nos</strong></span> <span class='ocrx_word' id='word_1_679' title='bbox 3168 2614 3508 2679; x_wconf 88' lang='lat' dir='ltr'><strong>dimittimus,</strong></span> <span class='ocrx_word' id='word_1_680' title='bbox 3535 2613 3655 2668; x_wconf 87' lang='lat' dir='ltr'><strong>sine</strong></span> 
     </span>
    </p>
   </div>
   <div class='ocr_carea' id='block_1_87' title="bbox 2071 2703 3655 2779">
    <p class='ocr_par' dir='ltr' id='par_1_87' title="bbox 2071 2703 3655 2779">
     <span class='ocr_line' id='line_1_87' title="bbox 2071 2703 3655 2779; baseline -0.007 -13"><span class='ocrx_word' id='word_1_681' title='bbox 2071 2719 2291 2779; x_wconf 66' lang='lat' dir='ltr'><strong>peccato</strong></span> <span class='ocrx_word' id='word_1_682' title='bbox 2314 2725 2375 2764; x_wconf 87' lang='lat' dir='ltr'><strong>se</strong></span> <span class='ocrx_word' id='word_1_683' title='bbox 2396 2726 2502 2765; x_wconf 92' lang='lat' dir='ltr'><strong>non</strong></span> <span class='ocrx_word' id='word_1_684' title='bbox 2529 2725 2647 2765; x_wconf 87' lang='lat' dir='ltr'><strong>esse</strong></span> <span class='ocrx_word' id='word_1_685' title='bbox 2667 2709 2935 2775; x_wconf 86' lang='lat' dir='ltr'><strong>declarat;</strong></span> <span class='ocrx_word' id='word_1_686' title='bbox 2965 2709 3086 2764; x_wconf 84' lang='lat' dir='ltr'><strong>inde</strong></span> <span class='ocrx_word' id='word_1_687' title='bbox 3107 2716 3189 2762; x_wconf 90' lang='lat' dir='ltr'><strong>est</strong></span> <span class='ocrx_word' id='word_1_688' title='bbox 3209 2705 3348 2776; x_wconf 91' lang='lat' dir='ltr'><strong>quod</strong></span> <span class='ocrx_word' id='word_1_689' title='bbox 3371 2704 3501 2759; x_wconf 90' lang='lat' dir='ltr'><strong>dicit</strong></span> <span class='ocrx_word' id='word_1_690' title='bbox 3524 2720 3537 2757; x_wconf 90' lang='lat'>:</span> <span class='ocrx_word' id='word_1_691' title='bbox 3563 2703 3655 2757; x_wconf 79' lang='lat' dir='ltr'><strong>Ni-</strong></span> 
     </span>
    </p>
   </div>
   <div class='ocr_carea' id='block_1_88' title="bbox 2073 2796 3660 2874">
    <p class='ocr_par' dir='ltr' id='par_1_88' title="bbox 2073 2796 3660 2874">
     <span class='ocr_line' id='line_1_88' title="bbox 2073 2796 3660 2874; baseline -0.005 -17"><span class='ocrx_word' id='word_1_692' title='bbox 2073 2804 2145 2857; x_wconf 91' lang='lat' dir='ltr'><strong>hil</strong></span> <span class='ocrx_word' id='word_1_693' title='bbox 2178 2804 2419 2874; x_wconf 90' lang='lat' dir='ltr'><strong>iniquum</strong></span> <span class='ocrx_word' id='word_1_694' title='bbox 2449 2811 2567 2858; x_wconf 86' lang='lat' dir='ltr'><strong>erat</strong></span> <span class='ocrx_word' id='word_1_695' title='bbox 2595 2804 2647 2856; x_wconf 88' lang='lat' dir='ltr'><strong>itt</strong></span> <span class='ocrx_word' id='word_1_696' title='bbox 2694 2801 2941 2856; x_wconf 86' lang='lat' dir='ltr'><strong>manibus</strong></span> <span class='ocrx_word' id='word_1_697' title='bbox 2976 2800 3133 2863; x_wconf 89' lang='lat' dir='ltr'><strong>meis,</strong></span> <span class='ocrx_word' id='word_1_698' title='bbox 3161 2801 3254 2853; x_wconf 85' lang='lat' dir='ltr'><strong>sed</strong></span> <span class='ocrx_word' id='word_1_699' title='bbox 3318 2796 3491 2852; x_wconf 88' lang='lat' dir='ltr'><strong>oratio</strong></span> <span class='ocrx_word' id='word_1_700' title='bbox 3539 2810 3660 2849; x_wconf 84' lang='lat' dir='ltr'><strong>mea</strong></span> 
     </span>
    </p>
   </div>
   <div class='ocr_carea' id='block_1_89' title="bbox 2070 2889 3656 2961">
    <p class='ocr_par' dir='ltr' id='par_1_89' title="bbox 2070 2889 3656 2961">
     <span class='ocr_line' id='line_1_89' title="bbox 2070 2889 3656 2961; baseline -0.007 -11"><span class='ocrx_word' id='word_1_701' title='bbox 2070 2896 2302 2961; x_wconf 87' lang='lat' dir='ltr'><strong>munda;</strong></span> <span class='ocrx_word' id='word_1_702' title='bbox 2336 2897 2462 2950; x_wconf 90' lang='lat' dir='ltr'><strong>hinc</strong></span> <span class='ocrx_word' id='word_1_703' title='bbox 2490 2895 2633 2949; x_wconf 86' lang='lat' dir='ltr'><strong>enim</strong></span> <span class='ocrx_word' id='word_1_704' title='bbox 2684 2902 2801 2948; x_wconf 86' lang='lat' dir='ltr'><strong>erat</strong></span> <span class='ocrx_word' id='word_1_705' title='bbox 2831 2891 3024 2945; x_wconf 89' lang='lat' dir='ltr'><strong>munda</strong></span> <span class='ocrx_word' id='word_1_706' title='bbox 3057 2892 3231 2945; x_wconf 89' lang='lat' dir='ltr'><strong>oratio</strong></span> <span class='ocrx_word' id='word_1_707' title='bbox 3257 2930 3270 2952; x_wconf 96' lang='lat'><strong>,</strong></span> <span class='ocrx_word' id='word_1_708' title='bbox 3299 2890 3419 2957; x_wconf 90' lang='lat' dir='ltr'><strong>quia</strong></span> <span class='ocrx_word' id='word_1_709' title='bbox 3444 2889 3656 2943; x_wconf 78' lang='lat' dir='ltr'><strong>veniam</strong></span> 
     </span>
    </p>
   </div>
   <div class='ocr_carea' id='block_1_90' title="bbox 2072 2980 3654 3056">
    <p class='ocr_par' dir='ltr' id='par_1_90' title="bbox 2072 2980 3654 3056">
     <span class='ocr_line' id='line_1_90' title="bbox 2072 2980 3654 3056; baseline -0.005 -16"><span class='ocrx_word' id='word_1_710' title='bbox 2072 3001 2177 3041; x_wconf 91' lang='lat' dir='ltr'><strong>non</strong></span> <span class='ocrx_word' id='word_1_711' title='bbox 2228 2987 2425 3056; x_wconf 77' lang='lat' dir='ltr'><strong>injuste</strong></span> <span class='ocrx_word' id='word_1_712' title='bbox 2475 2985 2687 3053; x_wconf 76' lang='lat' dir='ltr'><strong>petebat</strong></span> <span class='ocrx_word' id='word_1_713' title='bbox 2732 2982 2821 3052; x_wconf 89' lang='lat' dir='ltr'><strong>qui</strong></span> <span class='ocrx_word' id='word_1_714' title='bbox 2850 2982 3111 3037; x_wconf 87' lang='lat' dir='ltr'><strong>veraciter</strong></span> <span class='ocrx_word' id='word_1_715' title='bbox 3157 2980 3335 3036; x_wconf 84' lang='lat' dir='ltr'><strong>dabat.</strong></span> <span class='ocrx_word' id='word_1_716' title='bbox 3383 2980 3654 3036; x_wconf 67' lang='lat' dir='ltr'><strong>iudicium</strong></span> 
     </span>
    </p>
   </div>
   <div class='ocr_carea' id='block_1_91' title="bbox 2080 3069 3659 3141">
    <p class='ocr_par' dir='ltr' id='par_1_91' title="bbox 2080 3069 3659 3141">
     <span class='ocr_line' id='line_1_91' title="bbox 2080 3069 3659 3141; baseline -0.005 -10"><span class='ocrx_word' id='word_1_717' title='bbox 2080 3077 2225 3131; x_wconf 85' lang='lat' dir='ltr'><strong>enim</strong></span> <span class='ocrx_word' id='word_1_718' title='bbox 2270 3077 2389 3131; x_wconf 86' lang='lat' dir='ltr'><strong>sine</strong></span> <span class='ocrx_word' id='word_1_719' title='bbox 2420 3073 2785 3130; x_wconf 89' lang='lat' dir='ltr'><strong>misericordia</strong></span> <span class='ocrx_word' id='word_1_720' title='bbox 2831 3071 2906 3125; x_wconf 90' lang='lat' dir='ltr'><strong>illi</strong></span> <span class='ocrx_word' id='word_1_721' title='bbox 2932 3072 3019 3141; x_wconf 90' lang='lat' dir='ltr'><strong>qui</strong></span> <span class='ocrx_word' id='word_1_722' title='bbox 3052 3086 3156 3125; x_wconf 89' lang='lat' dir='ltr'><strong>non</strong></span> <span class='ocrx_word' id='word_1_723' title='bbox 3186 3069 3309 3125; x_wconf 88' lang='lat' dir='ltr'><strong>fecit</strong></span> <span class='ocrx_word' id='word_1_724' title='bbox 3355 3070 3659 3123; x_wconf 64' lang='lat' dir='ltr'><strong>misericor—</strong></span> 
     </span>
    </p>
   </div>
   <div class='ocr_carea' id='block_1_92' title="bbox 2014 3156 3656 3239">
    <p class='ocr_par' dir='ltr' id='par_1_92' title="bbox 2014 3156 3656 3239">
     <span class='ocr_line' id='line_1_92' title="bbox 2014 3156 3656 3239; baseline -0.005 -15"><span class='ocrx_word' id='word_1_725' title='bbox 2014 3156 2059 3217; x_wconf 86' lang='lat' dir='ltr'><strong>C</strong></span> <span class='ocrx_word' id='word_1_726' title='bbox 2090 3170 2262 3236; x_wconf 88' lang='lat' dir='ltr'><strong>diam;</strong></span> <span class='ocrx_word' id='word_1_727' title='bbox 2291 3166 2650 3239; x_wconf 84' lang='lat' dir='ltr'><strong>superexaltat</strong></span> <span class='ocrx_word' id='word_1_728' title='bbox 2678 3173 2853 3219; x_wconf 88' lang='lat' dir='ltr'><strong>autem</strong></span> <span class='ocrx_word' id='word_1_729' title='bbox 2878 3161 3244 3218; x_wconf 87' lang='lat' dir='ltr'><strong>misericordia</strong></span> <span class='ocrx_word' id='word_1_730' title='bbox 3271 3161 3498 3230; x_wconf 88' lang='lat' dir='ltr'><strong>judicio:</strong></span> <span class='ocrx_word' id='word_1_731' title='bbox 3517 3162 3656 3227; x_wconf 80' lang='lat' dir='ltr'><strong>quod</strong></span> 
     </span>
    </p>
   </div>
   <div class='ocr_carea' id='block_1_93' title="bbox 2080 3248 3654 3327">
    <p class='ocr_par' dir='ltr' id='par_1_93' title="bbox 2080 3248 3654 3327">
     <span class='ocr_line' id='line_1_93' title="bbox 2080 3248 3654 3327; baseline -0.007 -12"><span class='ocrx_word' id='word_1_732' title='bbox 2080 3262 2125 3315; x_wconf 87' lang='lat' dir='ltr'><strong>si</strong></span> <span class='ocrx_word' id='word_1_733' title='bbox 2155 3276 2260 3314; x_wconf 91' lang='lat' dir='ltr'><strong>non</strong></span> <span class='ocrx_word' id='word_1_734' title='bbox 2282 3266 2447 3324; x_wconf 83' lang='lat' dir='ltr'><strong>esset,</strong></span> <span class='ocrx_word' id='word_1_735' title='bbox 2462 3271 2580 3327; x_wconf 67' lang='lat' dir='ltr'><strong>quin</strong></span> <span class='ocrx_word' id='word_1_736' title='bbox 2608 3269 2732 3324; x_wconf 78' lang='lat' dir='ltr'><strong>spes</strong></span> <span class='ocrx_word' id='word_1_737' title='bbox 2760 3263 2925 3318; x_wconf 83' lang='lat' dir='ltr'><strong>esset,</strong></span> <span class='ocrx_word' id='word_1_738' title='bbox 2944 3250 3375 3320; x_wconf 70' lang='lat' dir='ltr'><strong>quandoquidem</strong></span> <span class='ocrx_word' id='word_1_739' title='bbox 3401 3265 3519 3303; x_wconf 91' lang='lat' dir='ltr'><strong>cum</strong></span> <span class='ocrx_word' id='word_1_740' title='bbox 3547 3248 3654 3304; x_wconf 55' lang='lat' dir='ltr'><strong>lies</strong></span> 
     </span>
    </p>
   </div>
   <div class='ocr_carea' id='block_1_94' title="bbox 2078 3341 3659 3420">
    <p class='ocr_par' dir='ltr' id='par_1_94' title="bbox 2078 3341 3659 3420">
     <span class='ocr_line' id='line_1_94' title="bbox 2078 3341 3659 3420; baseline -0.009 -15"><span class='ocrx_word' id='word_1_741' title='bbox 2078 3351 2254 3420; x_wconf 83' lang='lat' dir='ltr'><strong>justus</strong></span> <span class='ocrx_word' id='word_1_742' title='bbox 2306 3349 2507 3404; x_wconf 88' lang='lat' dir='ltr'><strong>sederit</strong></span> <span class='ocrx_word' id='word_1_743' title='bbox 2531 3346 2583 3401; x_wconf 90' lang='lat' dir='ltr'><strong>in</strong></span> <span class='ocrx_word' id='word_1_744' title='bbox 2616 3344 2830 3407; x_wconf 84' lang='lat' dir='ltr'><strong>throno,</strong></span> <span class='ocrx_word' id='word_1_745' title='bbox 2859 3343 2978 3413; x_wconf 90' lang='lat' dir='ltr'><strong>quis</strong></span> <span class='ocrx_word' id='word_1_746' title='bbox 3014 3341 3333 3411; x_wconf 83' lang='lat' dir='ltr'><strong>gloriabitur</strong></span> <span class='ocrx_word' id='word_1_747' title='bbox 3363 3348 3568 3393; x_wconf 89' lang='lat' dir='ltr'><strong>castum</strong></span> <span class='ocrx_word' id='word_1_748' title='bbox 3603 3356 3659 3391; x_wconf 77' lang='lat' dir='ltr'><strong>se</strong></span> 
     </span>
    </p>
   </div>
   <div class='ocr_carea' id='block_1_95' title="bbox 2084 3430 3663 3504">
    <p class='ocr_par' dir='ltr' id='par_1_95' title="bbox 2084 3430 3663 3504">
     <span class='ocr_line' id='line_1_95' title="bbox 2084 3430 3663 3504; baseline -0.005 -11"><span class='ocrx_word' id='word_1_749' title='bbox 2084 3440 2281 3494; x_wconf 89' lang='lat' dir='ltr'><strong>habere</strong></span> <span class='ocrx_word' id='word_1_750' title='bbox 2325 3438 2456 3493; x_wconf 79' lang='lat' dir='ltr'><strong>cor?</strong></span> <span class='ocrx_word' id='word_1_751' title='bbox 2485 3446 2576 3491; x_wconf 88' lang='lat' dir='ltr'><strong>aut</strong></span> <span class='ocrx_word' id='word_1_752' title='bbox 2600 3437 2719 3503; x_wconf 90' lang='lat' dir='ltr'><strong>quis</strong></span> <span class='ocrx_word' id='word_1_753' title='bbox 2767 3432 3083 3504; x_wconf 75' lang='lat' dir='ltr'><strong>gloriabitur</strong></span> <span class='ocrx_word' id='word_1_754' title='bbox 3118 3430 3374 3485; x_wconf 89' lang='lat' dir='ltr'><strong>mundum</strong></span> <span class='ocrx_word' id='word_1_755' title='bbox 3408 3445 3467 3485; x_wconf 92' lang='lat' dir='ltr'><strong>sc</strong></span> <span class='ocrx_word' id='word_1_756' title='bbox 3491 3444 3663 3485; x_wconf 84' lang='lat' dir='ltr'><strong>es-ea</strong></span> 
     </span>
    </p>
   </div>
   <div class='ocr_carea' id='block_1_96' title="bbox 2082 3525 3661 3603">
    <p class='ocr_par' dir='ltr' id='par_1_96' title="bbox 2082 3525 3661 3603">
     <span class='ocr_line' id='line_1_96' title="bbox 2082 3525 3661 3603; baseline -0.006 -15"><span class='ocrx_word' id='word_1_757' title='bbox 2082 3531 2498 3603; x_wconf 74' lang='lat' dir='ltr'><strong>peccato‘i&#39;l‘tmc</strong></span> <span class='ocrx_word' id='word_1_758' title='bbox 2516 3545 2645 3599; x_wconf 89' lang='lat' dir='ltr'><strong>ergo</strong></span> <span class='ocrx_word' id='word_1_759' title='bbox 2667 3545 2757 3597; x_wconf 88' lang='lat' dir='ltr'><strong>per</strong></span> <span class='ocrx_word' id='word_1_760' title='bbox 2782 3527 2898 3598; x_wconf 89' lang='lat' dir='ltr'><strong>ejus</strong></span> <span class='ocrx_word' id='word_1_761' title='bbox 2923 3525 3481 3594; x_wconf 85' lang='lat' dir='ltr'><strong>misericordiamjusti</strong></span> <span class='ocrx_word' id='word_1_762' title='bbox 3508 3527 3661 3594; x_wconf 86' lang='lat' dir='ltr'><strong>pleno</strong></span> 
     </span>
    </p>
   </div>
   <div class='ocr_carea' id='block_1_97' title="bbox 2083 3617 3661 3694">
    <p class='ocr_par' dir='ltr' id='par_1_97' title="bbox 2083 3617 3661 3694">
     <span class='ocr_line' id='line_1_97' title="bbox 2083 3617 3661 3694; baseline -0.006 -15"><span class='ocrx_word' id='word_1_763' title='bbox 2083 3625 2426 3694; x_wconf 83' lang='lat' dir='ltr'><strong>perfectoque</strong></span> <span class='ocrx_word' id='word_1_764' title='bbox 2469 3622 2730 3685; x_wconf 85' lang='lat' dir='ltr'><strong>mundati,</strong></span> <span class='ocrx_word' id='word_1_765' title='bbox 2763 3618 3040 3689; x_wconf 80' lang='lat' dir='ltr'><strong>fulgebunt</strong></span> <span class='ocrx_word' id='word_1_766' title='bbox 3094 3620 3143 3671; x_wconf 90' lang='lat' dir='ltr'><strong>in</strong></span> <span class='ocrx_word' id='word_1_767' title='bbox 3178 3634 3341 3688; x_wconf 80' lang='lat' dir='ltr'><strong>regno</strong></span> <span class='ocrx_word' id='word_1_768' title='bbox 3372 3617 3544 3671; x_wconf 78' lang='lat' dir='ltr'><strong>Patris</strong></span> <span class='ocrx_word' id='word_1_769' title='bbox 3578 3617 3661 3669; x_wconf 86' lang='lat' dir='ltr'><strong>sui</strong></span> 
     </span>
    </p>
   </div>
   <div class='ocr_carea' id='block_1_98' title="bbox 2081 3706 3663 3778">
    <p class='ocr_par' dir='ltr' id='par_1_98' title="bbox 2081 3706 3663 3778">
     <span class='ocr_line' id='line_1_98' title="bbox 2081 3706 3663 3778; baseline -0.006 -10"><span class='ocrx_word' id='word_1_770' title='bbox 2081 3715 2220 3768; x_wconf 85' lang='lat' dir='ltr'><strong>sicut</strong></span> <span class='ocrx_word' id='word_1_771' title='bbox 2246 3714 2345 3767; x_wconf 89' lang='lat' dir='ltr'><strong>sol.</strong></span> <span class='ocrx_word' id='word_1_772' title='bbox 2363 3711 2514 3766; x_wconf 86' lang='lat' dir='ltr'><strong>Tunc</strong></span> <span class='ocrx_word' id='word_1_773' title='bbox 2542 3711 2697 3778; x_wconf 87' lang='lat' dir='ltr'><strong>plene</strong></span> <span class='ocrx_word' id='word_1_774' title='bbox 2723 3718 2879 3777; x_wconf 89' lang='lat' dir='ltr'><strong>atque</strong></span> <span class='ocrx_word' id='word_1_775' title='bbox 2896 3708 3133 3777; x_wconf 72' lang='lat' dir='ltr'><strong>perferte</strong></span> <span class='ocrx_word' id='word_1_776' title='bbox 3154 3709 3257 3761; x_wconf 91' lang='lat' dir='ltr'><strong>erit</strong></span> <span class='ocrx_word' id='word_1_777' title='bbox 3279 3706 3535 3773; x_wconf 86' lang='lat' dir='ltr'><strong>Ecclesia,</strong></span> <span class='ocrx_word' id='word_1_778' title='bbox 3557 3712 3663 3759; x_wconf 81' lang='lat' dir='ltr'><strong>non</strong></span> 
     </span>
    </p>
   </div>
   <div class='ocr_carea' id='block_1_99' title="bbox 2082 3799 3662 3867">
    <p class='ocr_par' dir='ltr' id='par_1_99' title="bbox 2082 3799 3662 3867">
     <span class='ocr_line' id='line_1_99' title="bbox 2082 3799 3662 3867; baseline -0.006 -8"><span class='ocrx_word' id='word_1_779' title='bbox 2082 3805 2286 3859; x_wconf 86' lang='lat' dir='ltr'><strong>habens</strong></span> <span class='ocrx_word' id='word_1_780' title='bbox 2334 3802 2593 3857; x_wconf 83' lang='lat' dir='ltr'><strong>maculant</strong></span> <span class='ocrx_word' id='word_1_781' title='bbox 2633 3810 2720 3853; x_wconf 89' lang='lat' dir='ltr'><strong>aut</strong></span> <span class='ocrx_word' id='word_1_782' title='bbox 2751 3814 2954 3867; x_wconf 82' lang='lat' dir='ltr'><strong>rugam,</strong></span> <span class='ocrx_word' id='word_1_783' title='bbox 2984 3809 3074 3852; x_wconf 91' lang='lat' dir='ltr'><strong>aut</strong></span> <span class='ocrx_word' id='word_1_784' title='bbox 3101 3799 3300 3867; x_wconf 90' lang='lat' dir='ltr'><strong>aliquid</strong></span> <span class='ocrx_word' id='word_1_785' title='bbox 3335 3799 3662 3866; x_wconf 88' lang='lat' dir='ltr'><strong>hujusmodt,</strong></span> 
     </span>
    </p>
   </div>
   <div class='ocr_carea' id='block_1_100' title="bbox 2080 3890 3667 3966">
    <p class='ocr_par' dir='ltr' id='par_1_100' title="bbox 2080 3890 3667 3966">
     <span class='ocr_line' id='line_1_100' title="bbox 2080 3890 3667 3966; baseline -0.004 -16"><span class='ocrx_word' id='word_1_786' title='bbox 2080 3895 2202 3966; x_wconf 77' lang='lat' dir='ltr'><strong>quia</strong></span> <span class='ocrx_word' id='word_1_787' title='bbox 2232 3904 2358 3948; x_wconf 91' lang='lat' dir='ltr'><strong>tunc</strong></span> <span class='ocrx_word' id='word_1_788' title='bbox 2403 3894 2562 3947; x_wconf 89' lang='lat' dir='ltr'><strong>etiam</strong></span> <span class='ocrx_word' id='word_1_789' title='bbox 2612 3891 2714 3945; x_wconf 90' lang='lat' dir='ltr'><strong>erit</strong></span> <span class='ocrx_word' id='word_1_790' title='bbox 2746 3907 2870 3945; x_wconf 84' lang='lat' dir='ltr'><strong>vere</strong></span> <span class='ocrx_word' id='word_1_791' title='bbox 2924 3890 3173 3959; x_wconf 81' lang='lat' dir='ltr'><strong>gloriosa.</strong></span> <span class='ocrx_word' id='word_1_792' title='bbox 3205 3890 3336 3944; x_wconf 90' lang='lat' dir='ltr'><strong>Cum</strong></span> <span class='ocrx_word' id='word_1_793' title='bbox 3363 3890 3506 3944; x_wconf 90' lang='lat' dir='ltr'><strong>enim</strong></span> <span class='ocrx_word' id='word_1_794' title='bbox 3556 3904 3667 3944; x_wconf 86' lang='lat' dir='ltr'><strong>non</strong></span> 
     </span>
    </p>
   </div>
   <div class='ocr_carea' id='block_1_101' title="bbox 2084 3976 3661 4040">
    <p class='ocr_par' dir='ltr' id='par_1_101' title="bbox 2084 3976 3661 4040">
     <span class='ocr_line' id='line_1_101' title="bbox 2084 3976 3661 4040; baseline -0.006 -1"><span class='ocrx_word' id='word_1_795' title='bbox 2084 3994 2285 4040; x_wconf 87' lang='lat' dir='ltr'><strong>tantttm</strong></span> <span class='ocrx_word' id='word_1_796' title='bbox 2316 3982 2391 4036; x_wconf 86' lang='lat' dir='ltr'><strong>ait</strong></span> <span class='ocrx_word' id='word_1_797' title='bbox 2417 3992 2473 4034; x_wconf 90' lang='lat' dir='ltr'><strong>ttt</strong></span> <span class='ocrx_word' id='word_1_798' title='bbox 2496 3980 2777 4035; x_wconf 73' lang='lat' dir='ltr'><strong>exhiberet</strong></span> <span class='ocrx_word' id='word_1_799' title='bbox 2800 3978 2900 4031; x_wconf 87' lang='lat' dir='ltr'><strong>sibi</strong></span> <span class='ocrx_word' id='word_1_800' title='bbox 2925 3978 3208 4032; x_wconf 75' lang='lat' dir='ltr'><strong>ecclesiam</strong></span> <span class='ocrx_word' id='word_1_801' title='bbox 3242 3993 3345 4031; x_wconf 88' lang='lat' dir='ltr'><strong>non</strong></span> <span class='ocrx_word' id='word_1_802' title='bbox 3380 3976 3661 4031; x_wconf 83' lang='lat' dir='ltr'><strong>habentem</strong></span> 
     </span>
    </p>
   </div>
   <div class='ocr_carea' id='block_1_102' title="bbox 2084 4064 3663 4137">
    <p class='ocr_par' dir='ltr' id='par_1_102' title="bbox 2084 4064 3663 4137">
     <span class='ocr_line' id='line_1_102' title="bbox 2084 4064 3663 4137; baseline -0.008 -7"><span class='ocrx_word' id='word_1_803' title='bbox 2084 4074 2344 4130; x_wconf 87' lang='lat' dir='ltr'><strong>maculam</strong></span> <span class='ocrx_word' id='word_1_804' title='bbox 2374 4079 2467 4124; x_wconf 86' lang='lat' dir='ltr'><strong>aut</strong></span> <span class='ocrx_word' id='word_1_805' title='bbox 2491 4084 2695 4137; x_wconf 84' lang='lat' dir='ltr'><strong>rugam,</strong></span> <span class='ocrx_word' id='word_1_806' title='bbox 2714 4066 2807 4121; x_wconf 89' lang='lat' dir='ltr'><strong>sed</strong></span> <span class='ocrx_word' id='word_1_807' title='bbox 2829 4065 3048 4130; x_wconf 86' lang='lat' dir='ltr'><strong>addidit,</strong></span> <span class='ocrx_word' id='word_1_808' title='bbox 3084 4067 3366 4134; x_wconf 81' lang='lat' dir='ltr'><strong>gloriosam</strong></span> <span class='ocrx_word' id='word_1_809' title='bbox 3392 4081 3407 4131; x_wconf 89' lang='lat'><strong>;</strong></span> <span class='ocrx_word' id='word_1_810' title='bbox 3438 4064 3569 4119; x_wconf 83' lang='lat' dir='ltr'><strong>satis</strong></span> <span class='ocrx_word' id='word_1_811' title='bbox 3593 4064 3663 4118; x_wconf 86' lang='lat' dir='ltr'><strong>si-</strong></span> 
     </span>
    </p>
   </div>
   <div class='ocr_carea' id='block_1_103' title="bbox 2081 4142 3674 4237">
    <p class='ocr_par' dir='ltr' id='par_1_103' title="bbox 2081 4142 3674 4237">
     <span class='ocr_line' id='line_1_103' title="bbox 2081 4142 3674 4237; baseline -0.008 -16"><span class='ocrx_word' id='word_1_812' title='bbox 2081 4167 2369 4237; x_wconf 84' lang='lat' dir='ltr'><strong>gnificavit,</strong></span> <span class='ocrx_word' id='word_1_813' title='bbox 2394 4162 2607 4233; x_wconf 83' lang='lat' dir='ltr'><strong>quando</strong></span> <span class='ocrx_word' id='word_1_814' title='bbox 2627 4161 2729 4215; x_wconf 87' lang='lat' dir='ltr'><strong>erit</strong></span> <span class='ocrx_word' id='word_1_815' title='bbox 2753 4160 2872 4214; x_wconf 89' lang='lat' dir='ltr'><strong>sine</strong></span> <span class='ocrx_word' id='word_1_816' title='bbox 2894 4158 3097 4211; x_wconf 87' lang='lat' dir='ltr'><strong>macula</strong></span> <span class='ocrx_word' id='word_1_817' title='bbox 3128 4166 3183 4210; x_wconf 90' lang='lat' dir='ltr'><strong>et</strong></span> <span class='ocrx_word' id='word_1_818' title='bbox 3214 4171 3339 4223; x_wconf 77' lang='lat' dir='ltr'><strong>ruga</strong></span> <span class='ocrx_word' id='word_1_819' title='bbox 3371 4163 3466 4209; x_wconf 89' lang='lat' dir='ltr'><strong>aut</strong></span> <span class='ocrx_word' id='word_1_820' title='bbox 3486 4142 3674 4224; x_wconf 63' lang='lat' dir='ltr'><strong>aliqua</strong></span> 
     </span>
    </p>
   </div>
   <div class='ocr_carea' id='block_1_104' title="bbox 2083 4248 3662 4332">
    <p class='ocr_par' dir='ltr' id='par_1_104' title="bbox 2083 4248 3662 4332">
     <span class='ocr_line' id='line_1_104' title="bbox 2083 4248 3662 4332; baseline -0.009 -17"><span class='ocrx_word' id='word_1_821' title='bbox 2083 4260 2368 4332; x_wconf 79' lang='lat' dir='ltr'><strong>ejusmodi,</strong></span> <span class='ocrx_word' id='word_1_822' title='bbox 2394 4267 2520 4312; x_wconf 91' lang='lat' dir='ltr'><strong>tunc</strong></span> <span class='ocrx_word' id='word_1_823' title='bbox 2563 4255 2749 4324; x_wconf 89' lang='lat' dir='ltr'><strong>utique</strong></span> <span class='ocrx_word' id='word_1_824' title='bbox 2790 4252 3006 4324; x_wconf 89' lang='lat' dir='ltr'><strong>quando</strong></span> <span class='ocrx_word' id='word_1_825' title='bbox 3061 4251 3290 4321; x_wconf 86' lang='lat' dir='ltr'><strong>gloriosa</strong></span> <span class='ocrx_word' id='word_1_826' title='bbox 3336 4264 3350 4302; x_wconf 87' lang='lat'><strong>:</strong></span> <span class='ocrx_word' id='word_1_827' title='bbox 3384 4262 3488 4302; x_wconf 93' lang='lat' dir='ltr'><strong>non</strong></span> <span class='ocrx_word' id='word_1_828' title='bbox 3518 4248 3662 4302; x_wconf 90' lang='lat' dir='ltr'><strong>enim</strong></span> 
     </span>
    </p>
   </div>
   <div class='ocr_carea' id='block_1_105' title="bbox 2085 4341 3663 4416">
    <p class='ocr_par' dir='ltr' id='par_1_105' title="bbox 2085 4341 3663 4416">
     <span class='ocr_line' id='line_1_105' title="bbox 2085 4341 3663 4416; baseline -0.011 -7"><span class='ocrx_word' id='word_1_829' title='bbox 2085 4353 2244 4409; x_wconf 91' lang='lat' dir='ltr'><strong>modo</strong></span> <span class='ocrx_word' id='word_1_830' title='bbox 2283 4352 2338 4406; x_wconf 88' lang='lat' dir='ltr'><strong>in</strong></span> <span class='ocrx_word' id='word_1_831' title='bbox 2403 4350 2565 4405; x_wconf 83' lang='lat' dir='ltr'><strong>tantis</strong></span> <span class='ocrx_word' id='word_1_832' title='bbox 2590 4348 2767 4416; x_wconf 90' lang='lat' dir='ltr'><strong>malis,</strong></span> <span class='ocrx_word' id='word_1_833' title='bbox 2792 4350 2844 4402; x_wconf 90' lang='lat' dir='ltr'><strong>in</strong></span> <span class='ocrx_word' id='word_1_834' title='bbox 2911 4345 3072 4400; x_wconf 89' lang='lat' dir='ltr'><strong>tantis</strong></span> <span class='ocrx_word' id='word_1_835' title='bbox 3118 4342 3406 4410; x_wconf 79' lang='lat' dir='ltr'><strong>scandulis,</strong></span> <span class='ocrx_word' id='word_1_836' title='bbox 3431 4341 3484 4395; x_wconf 91' lang='lat' dir='ltr'><strong>in</strong></span> <span class='ocrx_word' id='word_1_837' title='bbox 3516 4350 3663 4395; x_wconf 82' lang='lat' dir='ltr'><strong>tanta</strong></span> 
     </span>
    </p>
   </div>
   <div class='ocr_carea' id='block_1_106' title="bbox 2086 4433 3664 4515">
    <p class='ocr_par' dir='ltr' id='par_1_106' title="bbox 2086 4433 3664 4515">
     <span class='ocr_line' id='line_1_106' title="bbox 2086 4433 3664 4515; baseline -0.011 -15"><span class='ocrx_word' id='word_1_838' title='bbox 2086 4444 2443 4515; x_wconf 80' lang='lat' dir='ltr'><strong>permixtione</strong></span> <span class='ocrx_word' id='word_1_839' title='bbox 2469 4441 2741 4497; x_wconf 89' lang='lat' dir='ltr'><strong>hominum</strong></span> <span class='ocrx_word' id='word_1_840' title='bbox 2776 4438 3154 4508; x_wconf 83' lang='lat' dir='ltr'><strong>pessimorum,</strong></span> <span class='ocrx_word' id='word_1_841' title='bbox 3185 4434 3239 4488; x_wconf 91' lang='lat' dir='ltr'><strong>in</strong></span> <span class='ocrx_word' id='word_1_842' title='bbox 3266 4433 3427 4487; x_wconf 84' lang='lat' dir='ltr'><strong>tantis</strong></span> <span class='ocrx_word' id='word_1_843' title='bbox 3465 4446 3664 4500; x_wconf 60' lang='lat' dir='ltr'><strong>Oppron</strong></span> 
     </span>
    </p>
   </div>
   <div class='ocr_carea' id='block_1_107' title="bbox 2304 4522 3665 4604">
    <p class='ocr_par' dir='ltr' id='par_1_107' title="bbox 2304 4522 3665 4604">
     <span class='ocr_line' id='line_1_107' title="bbox 2304 4522 3665 4604; baseline -0.01 -17"><span class='ocrx_word' id='word_1_844' title='bbox 2304 4538 2508 4604; x_wconf 88' lang='lat' dir='ltr'><strong>piorum</strong></span> <span class='ocrx_word' id='word_1_845' title='bbox 2532 4531 2816 4588; x_wconf 85' lang='lat' dir='ltr'><strong>dicendum</strong></span> <span class='ocrx_word' id='word_1_846' title='bbox 2839 4538 2919 4584; x_wconf 85' lang='lat' dir='ltr'><strong>est</strong></span> <span class='ocrx_word' id='word_1_847' title='bbox 2941 4543 3057 4583; x_wconf 86' lang='lat' dir='ltr'><strong>eam</strong></span> <span class='ocrx_word' id='word_1_848' title='bbox 3079 4542 3199 4582; x_wconf 89' lang='lat' dir='ltr'><strong>esse</strong></span> <span class='ocrx_word' id='word_1_849' title='bbox 3219 4525 3527 4594; x_wconf 89' lang='lat' dir='ltr'><strong>gloriosam,</strong></span> <span class='ocrx_word' id='word_1_850' title='bbox 3544 4522 3665 4591; x_wconf 83' lang='lat' dir='ltr'><strong>quia</strong></span> 
     </span>
    </p>
   </div>
   <div class='ocr_carea' id='block_1_108' title="bbox 2086 4617 3665 4699">
    <p class='ocr_par' dir='ltr' id='par_1_108' title="bbox 2086 4617 3665 4699">
     <span class='ocr_line' id='line_1_108' title="bbox 2086 4617 3665 4699; baseline -0.014 -14"><span class='ocrx_word' id='word_1_851' title='bbox 2086 4644 2242 4699; x_wconf 82' lang='lat' dir='ltr'><strong>reges</strong></span> <span class='ocrx_word' id='word_1_852' title='bbox 2280 4628 2328 4683; x_wconf 90' lang='lat' dir='ltr'><strong>ei</strong></span> <span class='ocrx_word' id='word_1_853' title='bbox 2352 4625 2714 4689; x_wconf 88' lang='lat' dir='ltr'><strong>serviunt,ubi</strong></span> <span class='ocrx_word' id='word_1_854' title='bbox 2739 4632 2816 4676; x_wconf 90' lang='lat' dir='ltr'><strong>est</strong></span> <span class='ocrx_word' id='word_1_855' title='bbox 2844 4619 3191 4690; x_wconf 86' lang='lat' dir='ltr'><strong>periculosior</strong></span> <span class='ocrx_word' id='word_1_856' title='bbox 3233 4617 3508 4685; x_wconf 90' lang='lat' dir='ltr'><strong>majorque</strong></span> <span class='ocrx_word' id='word_1_857' title='bbox 3553 4624 3665 4667; x_wconf 85' lang='lat' dir='ltr'><strong>ten-</strong></span> 
     </span>
    </p>
   </div>
   <div class='ocr_carea' id='block_1_109' title="bbox 2088 4705 3664 4787">
    <p class='ocr_par' dir='ltr' id='par_1_109' title="bbox 2088 4705 3664 4787">
     <span class='ocr_line' id='line_1_109' title="bbox 2088 4705 3664 4787; baseline -0.013 -10"><span class='ocrx_word' id='word_1_858' title='bbox 2088 4724 2243 4787; x_wconf 84' lang='lat' dir='ltr'><strong>tatio;</strong></span> <span class='ocrx_word' id='word_1_859' title='bbox 2276 4719 2367 4775; x_wconf 88' lang='lat' dir='ltr'><strong>sed</strong></span> <span class='ocrx_word' id='word_1_860' title='bbox 2395 4730 2518 4772; x_wconf 90' lang='lat' dir='ltr'><strong>tunc</strong></span> <span class='ocrx_word' id='word_1_861' title='bbox 2547 4717 2723 4784; x_wconf 89' lang='lat' dir='ltr'><strong>potius</strong></span> <span class='ocrx_word' id='word_1_862' title='bbox 2747 4714 2980 4784; x_wconf 85' lang='lat' dir='ltr'><strong>gloriosa</strong></span> <span class='ocrx_word' id='word_1_863' title='bbox 3010 4711 3132 4775; x_wconf 88' lang='lat' dir='ltr'><strong>erit,</strong></span> <span class='ocrx_word' id='word_1_864' title='bbox 3159 4708 3372 4778; x_wconf 90' lang='lat' dir='ltr'><strong>quando</strong></span> <span class='ocrx_word' id='word_1_865' title='bbox 3403 4707 3493 4760; x_wconf 89' lang='lat' dir='ltr'><strong>fiet</strong></span> <span class='ocrx_word' id='word_1_866' title='bbox 3522 4705 3664 4773; x_wconf 86' lang='lat' dir='ltr'><strong>quod</strong></span> 
     </span>
    </p>
   </div>
   <div class='ocr_carea' id='block_1_110' title="bbox 2086 4798 3665 4879">
    <p class='ocr_par' dir='ltr' id='par_1_110' title="bbox 2086 4798 3665 4879">
     <span class='ocr_line' id='line_1_110' title="bbox 2086 4798 3665 4879; baseline -0.013 -10"><span class='ocrx_word' id='word_1_867' title='bbox 2086 4815 2224 4869; x_wconf 80' lang='lat' dir='ltr'><strong>idem</strong></span> <span class='ocrx_word' id='word_1_868' title='bbox 2280 4813 2355 4866; x_wconf 79' lang='lat' dir='ltr'><strong>ait</strong></span> <span class='ocrx_word' id='word_1_869' title='bbox 2401 4810 2720 4879; x_wconf 79' lang='lat' dir='ltr'><strong>Apostolus:</strong></span> <span class='ocrx_word' id='word_1_870' title='bbox 2750 4810 2879 4859; x_wconf 70' lang='lat' dir='ltr'><strong>fiunt</strong></span> <span class='ocrx_word' id='word_1_871' title='bbox 2925 4803 3170 4857; x_wconf 69' lang='lat' dir='ltr'><strong>Christus</strong></span> <span class='ocrx_word' id='word_1_872' title='bbox 3224 4798 3532 4866; x_wconf 68' lang='lat' dir='ltr'><strong>a~paruerit</strong></span> <span class='ocrx_word' id='word_1_873' title='bbox 3561 4798 3665 4849; x_wconf 82' lang='lat' dir='ltr'><strong>vita</strong></span> 
     </span>
    </p>
   </div>
   <div class='ocr_carea' id='block_1_111' title="bbox 2086 4887 3662 4968">
    <p class='ocr_par' dir='ltr' id='par_1_111' title="bbox 2086 4887 3662 4968">
     <span class='ocr_line' id='line_1_111' title="bbox 2086 4887 3662 4968; baseline -0.013 -7"><span class='ocrx_word' id='word_1_874' title='bbox 2086 4914 2282 4968; x_wconf 90' lang='lat' dir='ltr'><strong>vestra,</strong></span> <span class='ocrx_word' id='word_1_875' title='bbox 2318 4914 2442 4957; x_wconf 89' lang='lat' dir='ltr'><strong>tunc</strong></span> <span class='ocrx_word' id='word_1_876' title='bbox 2488 4910 2541 4955; x_wconf 92' lang='lat' dir='ltr'><strong>et</strong></span> <span class='ocrx_word' id='word_1_877' title='bbox 2572 4915 2665 4954; x_wconf 74' lang='lat' dir='ltr'><strong>vos</strong></span> <span class='ocrx_word' id='word_1_878' title='bbox 2693 4914 2811 4952; x_wconf 90' lang='lat' dir='ltr'><strong>cum</strong></span> <span class='ocrx_word' id='word_1_879' title='bbox 2844 4898 2960 4963; x_wconf 61' lang='lat' dir='ltr'><strong>ipso</strong></span> <span class='ocrx_word' id='word_1_880' title='bbox 2985 4892 3313 4963; x_wconf 72' lang='lat' dir='ltr'><strong>apparebitis</strong></span> <span class='ocrx_word' id='word_1_881' title='bbox 3365 4889 3417 4943; x_wconf 91' lang='lat' dir='ltr'><strong>in</strong></span> <span class='ocrx_word' id='word_1_882' title='bbox 3463 4887 3662 4958; x_wconf 85' lang='lat' dir='ltr'><strong>gloria;</strong></span> 
     </span>
    </p>
   </div>
   <div class='ocr_carea' id='block_1_112' title="bbox 2088 4982 3666 5057">
    <p class='ocr_par' dir='ltr' id='par_1_112' title="bbox 2088 4982 3666 5057">
     <span class='ocr_line' id='line_1_112' title="bbox 2088 4982 3666 5057; baseline -0.012 -5"><span class='ocrx_word' id='word_1_883' title='bbox 2088 5014 2207 5053; x_wconf 89' lang='lat' dir='ltr'><strong>cum</strong></span> <span class='ocrx_word' id='word_1_884' title='bbox 2260 4994 2407 5050; x_wconf 89' lang='lat' dir='ltr'><strong>enim</strong></span> <span class='ocrx_word' id='word_1_885' title='bbox 2456 4992 2716 5047; x_wconf 89' lang='lat' dir='ltr'><strong>Dominus</strong></span> <span class='ocrx_word' id='word_1_886' title='bbox 2761 4989 2874 5057; x_wconf 88' lang='lat' dir='ltr'><strong>ipse</strong></span> <span class='ocrx_word' id='word_1_887' title='bbox 2918 4985 3213 5039; x_wconf 82' lang='lat' dir='ltr'><strong>secundum</strong></span> <span class='ocrx_word' id='word_1_888' title='bbox 3247 4982 3472 5036; x_wconf 89' lang='lat' dir='ltr'><strong>formam</strong></span> <span class='ocrx_word' id='word_1_889' title='bbox 3503 4983 3666 5039; x_wconf 87' lang='lat' dir='ltr'><strong>servi.</strong></span> 
     </span>
    </p>
   </div>
   <div class='ocr_carea' id='block_1_113' title="bbox 2088 5073 3669 5159">
    <p class='ocr_par' dir='ltr' id='par_1_113' title="bbox 2088 5073 3669 5159">
     <span class='ocr_line' id='line_1_113' title="bbox 2088 5073 3669 5159; baseline -0.015 -13"><span class='ocrx_word' id='word_1_890' title='bbox 2088 5105 2183 5159; x_wconf 86' lang='lat' dir='ltr'><strong>per</strong></span> <span class='ocrx_word' id='word_1_891' title='bbox 2218 5102 2375 5157; x_wconf 77' lang='lat' dir='ltr'><strong>quam</strong></span> <span class='ocrx_word' id='word_1_892' title='bbox 2413 5100 2472 5141; x_wconf 89' lang='lat' dir='ltr'><strong>se</strong></span> <span class='ocrx_word' id='word_1_893' title='bbox 2494 5084 2754 5138; x_wconf 85' lang='lat' dir='ltr'><strong>mediator</strong></span> <span class='ocrx_word' id='word_1_894' title='bbox 2784 5078 3059 5147; x_wconf 77' lang='lat' dir='ltr'><strong>conjunxit</strong></span> <span class='ocrx_word' id='word_1_895' title='bbox 3084 5075 3480 5141; x_wconf 73' lang='lat' dir='ltr'><strong>Ecclesiae,non</strong></span> <span class='ocrx_word' id='word_1_896' title='bbox 3514 5074 3615 5124; x_wconf 76' lang='lat' dir='ltr'><strong>fuci</strong></span> <span class='ocrx_word' id='word_1_897' title='bbox 3635 5073 3669 5123; x_wconf 90' lang='lat' dir='ltr'><strong>it</strong></span> 
     </span>
    </p>
   </div>
   <div class='ocr_carea' id='block_1_114' title="bbox 2085 5163 3665 5251">
    <p class='ocr_par' dir='ltr' id='par_1_114' title="bbox 2085 5163 3665 5251">
     <span class='ocr_line' id='line_1_114' title="bbox 2085 5163 3665 5251; baseline -0.014 -16"><span class='ocrx_word' id='word_1_898' title='bbox 2085 5180 2414 5251; x_wconf 86' lang='lat' dir='ltr'><strong>glorificatns</strong></span> <span class='ocrx_word' id='word_1_899' title='bbox 2441 5176 2542 5230; x_wconf 91' lang='lat' dir='ltr'><strong>nisi</strong></span> <span class='ocrx_word' id='word_1_900' title='bbox 2575 5185 2691 5243; x_wconf 90' lang='lat' dir='ltr'><strong>post</strong></span> <span class='ocrx_word' id='word_1_901' title='bbox 2724 5168 3134 5225; x_wconf 90' lang='lat' dir='ltr'><strong>resurrectionis</strong></span> <span class='ocrx_word' id='word_1_902' title='bbox 3163 5168 3390 5236; x_wconf 83' lang='lat' dir='ltr'><strong>gloriam</strong></span> <span class='ocrx_word' id='word_1_903' title='bbox 3421 5163 3544 5233; x_wconf 80' lang='lat' dir='ltr'><strong>[nisi</strong></span> <span class='ocrx_word' id='word_1_904' title='bbox 3581 5177 3665 5214; x_wconf 85' lang='lat' dir='ltr'><strong>re-</strong></span> 
     </span>
    </p>
   </div>
   <div class='ocr_carea' id='block_1_115' title="bbox 2085 5254 3667 5339">
    <p class='ocr_par' dir='ltr' id='par_1_115' title="bbox 2085 5254 3667 5339">
     <span class='ocr_line' id='line_1_115' title="bbox 2085 5254 3667 5339; baseline -0.014 -12"><span class='ocrx_word' id='word_1_905' title='bbox 2085 5271 2434 5327; x_wconf 74' lang='lat' dir='ltr'><strong>surrectionis</strong></span> <span class='ocrx_word' id='word_1_906' title='bbox 2488 5265 2710 5339; x_wconf 77' lang='lat' dir='ltr'><strong>gloria];</strong></span> <span class='ocrx_word' id='word_1_907' title='bbox 2743 5264 2847 5335; x_wconf 83' lang='lat'><strong>75</strong></span> <span class='ocrx_word' id='word_1_908' title='bbox 2880 5263 3019 5317; x_wconf 87' lang='lat' dir='ltr'><strong>unde</strong></span> <span class='ocrx_word' id='word_1_909' title='bbox 3042 5262 3241 5314; x_wconf 91' lang='lat' dir='ltr'><strong>dictum</strong></span> <span class='ocrx_word' id='word_1_910' title='bbox 3274 5266 3355 5311; x_wconf 89' lang='lat' dir='ltr'><strong>est</strong></span> <span class='ocrx_word' id='word_1_911' title='bbox 3390 5273 3402 5307; x_wconf 91' lang='lat'>:</span> <span class='ocrx_word' id='word_1_912' title='bbox 3434 5254 3667 5323; x_wconf 85' lang='lat' dir='ltr'><strong>Spiritus</strong></span> 
     </span>
    </p>
   </div>
   <div class='ocr_carea' id='block_1_116' title="bbox 2087 5343 3667 5425">
    <p class='ocr_par' dir='ltr' id='par_1_116' title="bbox 2087 5343 3667 5425">
     <span class='ocr_line' id='line_1_116' title="bbox 2087 5343 3667 5425; baseline -0.016 -7"><span class='ocrx_word' id='word_1_913' title='bbox 2087 5374 2263 5418; x_wconf 84' lang='lat' dir='ltr'><strong>autem</strong></span> <span class='ocrx_word' id='word_1_914' title='bbox 2291 5377 2396 5416; x_wconf 90' lang='lat' dir='ltr'><strong>non</strong></span> <span class='ocrx_word' id='word_1_915' title='bbox 2422 5370 2539 5415; x_wconf 86' lang='lat' dir='ltr'><strong>erat</strong></span> <span class='ocrx_word' id='word_1_916' title='bbox 2558 5359 2734 5420; x_wconf 86' lang='lat' dir='ltr'><strong>datus,</strong></span> <span class='ocrx_word' id='word_1_917' title='bbox 2763 5356 2881 5425; x_wconf 82' lang='lat' dir='ltr'><strong>quizi</strong></span> <span class='ocrx_word' id='word_1_918' title='bbox 2910 5354 3064 5409; x_wconf 84' lang='lat' dir='ltr'><strong>Jesus</strong></span> <span class='ocrx_word' id='word_1_919' title='bbox 3090 5348 3325 5405; x_wconf 85' lang='lat' dir='ltr'><strong>nondum</strong></span> <span class='ocrx_word' id='word_1_920' title='bbox 3357 5348 3526 5400; x_wconf 85' lang='lat' dir='ltr'><strong>fuerat</strong></span> <span class='ocrx_word' id='word_1_921' title='bbox 3553 5343 3667 5411; x_wconf 85' lang='lat' dir='ltr'><strong>glo-</strong></span> 
     </span>
    </p>
   </div>
   <div class='ocr_carea' id='block_1_117' title="bbox 2085 5438 3665 5521">
    <p class='ocr_par' dir='ltr' id='par_1_117' title="bbox 2085 5438 3665 5521">
     <span class='ocr_line' id='line_1_117' title="bbox 2085 5438 3665 5521; baseline -0.015 -11"><span class='ocrx_word' id='word_1_922' title='bbox 2085 5457 2355 5515; x_wconf 82' lang='lat' dir='ltr'><strong>rificatus;</strong></span> <span class='ocrx_word' id='word_1_923' title='bbox 2389 5451 2657 5521; x_wconf 83' lang='lat' dir='ltr'><strong>quomodo</strong></span> <span class='ocrx_word' id='word_1_924' title='bbox 2686 5447 2910 5502; x_wconf 87' lang='lat' dir='ltr'><strong>dicenda</strong></span> <span class='ocrx_word' id='word_1_925' title='bbox 2950 5454 3027 5499; x_wconf 85' lang='lat' dir='ltr'><strong>est</strong></span> <span class='ocrx_word' id='word_1_926' title='bbox 3059 5452 3182 5497; x_wconf 87' lang='lat' dir='ltr'><strong>ante</strong></span> <span class='ocrx_word' id='word_1_927' title='bbox 3214 5438 3665 5495; x_wconf 73' lang='lat' dir='ltr'><strong>reSttrreistiotn-tn</strong></span> 
     </span>
    </p>
   </div>
   <div class='ocr_carea' id='block_1_118' title="bbox 2086 5532 3667 5611">
    <p class='ocr_par' dir='ltr' id='par_1_118' title="bbox 2086 5532 3667 5611">
     <span class='ocr_line' id='line_1_118' title="bbox 2086 5532 3667 5611; baseline -0.018 -6"><span class='ocrx_word' id='word_1_928' title='bbox 2086 5564 2239 5605; x_wconf 89' lang='lat' dir='ltr'><strong>suam</strong></span> <span class='ocrx_word' id='word_1_929' title='bbox 2288 5545 2523 5600; x_wconf 85' lang='lat' dir='ltr'><strong>Ecclesia</strong></span> <span class='ocrx_word' id='word_1_930' title='bbox 2550 5542 2662 5611; x_wconf 87' lang='lat' dir='ltr'><strong>ejus</strong></span> <span class='ocrx_word' id='word_1_931' title='bbox 2694 5553 2816 5595; x_wconf 87' lang='lat' dir='ltr'><strong>esse</strong></span> <span class='ocrx_word' id='word_1_932' title='bbox 2841 5535 3111 5608; x_wconf 72' lang='lat' dir='ltr'><strong>gloriosa?</strong></span> <span class='ocrx_word' id='word_1_933' title='bbox 3142 5532 3364 5587; x_wconf 82' lang='lat' dir='ltr'><strong>mundat</strong></span> <span class='ocrx_word' id='word_1_934' title='bbox 3390 5543 3519 5597; x_wconf 78' lang='lat' dir='ltr'><strong>ergo</strong></span> <span class='ocrx_word' id='word_1_935' title='bbox 3548 5541 3667 5581; x_wconf 89' lang='lat' dir='ltr'><strong>eam</strong></span> 
     </span>
    </p>
   </div>
   <div class='ocr_carea' id='block_1_119' title="bbox 2089 5628 3671 5706">
    <p class='ocr_par' dir='ltr' id='par_1_119' title="bbox 2089 5628 3671 5706">
     <span class='ocr_line' id='line_1_119' title="bbox 2089 5628 3671 5706; baseline -0.019 -7"><span class='ocrx_word' id='word_1_936' title='bbox 2089 5658 2228 5699; x_wconf 91' lang='lat' dir='ltr'><strong>nunc</strong></span> <span class='ocrx_word' id='word_1_937' title='bbox 2258 5641 2471 5695; x_wconf 89' lang='lat' dir='ltr'><strong>lavacro</strong></span> <span class='ocrx_word' id='word_1_938' title='bbox 2495 5652 2666 5706; x_wconf 71' lang='lat' dir='ltr'><strong>aane,</strong></span> <span class='ocrx_word' id='word_1_939' title='bbox 2693 5634 2744 5688; x_wconf 89' lang='lat' dir='ltr'><strong>in</strong></span> <span class='ocrx_word' id='word_1_940' title='bbox 2777 5631 2940 5686; x_wconf 89' lang='lat' dir='ltr'><strong>verbo</strong></span> <span class='ocrx_word' id='word_1_941' title='bbox 2970 5628 3191 5682; x_wconf 84' lang='lat' dir='ltr'><strong>abluens</strong></span> <span class='ocrx_word' id='word_1_942' title='bbox 3224 5631 3440 5693; x_wconf 87' lang='lat' dir='ltr'><strong>peccata</strong></span> <span class='ocrx_word' id='word_1_943' title='bbox 3478 5628 3671 5689; x_wconf 68' lang='lat' dir='ltr'><strong>priete-</strong></span> 
     </span>
    </p>
   </div>
   <div class='ocr_carea' id='block_1_120' title="bbox 2088 5719 3673 5806">
    <p class='ocr_par' dir='ltr' id='par_1_120' title="bbox 2088 5719 3673 5806">
     <span class='ocr_line' id='line_1_120' title="bbox 2088 5719 3673 5806; baseline -0.02 -11"><span class='ocrx_word' id='word_1_944' title='bbox 2088 5741 2211 5806; x_wconf 82' lang='lat' dir='ltr'><strong>rita,</strong></span> <span class='ocrx_word' id='word_1_945' title='bbox 2240 5747 2291 5793; x_wconf 89' lang='lat' dir='ltr'><strong>et</strong></span> <span class='ocrx_word' id='word_1_946' title='bbox 2320 5736 2522 5803; x_wconf 82' lang='lat' dir='ltr'><strong>pellens</strong></span> <span class='ocrx_word' id='word_1_947' title='bbox 2566 5732 2631 5785; x_wconf 88' lang='lat' dir='ltr'><strong>ab</strong></span> <span class='ocrx_word' id='word_1_948' title='bbox 2661 5744 2721 5784; x_wconf 84' lang='lat' dir='ltr'><strong>ea</strong></span> <span class='ocrx_word' id='word_1_949' title='bbox 2754 5724 3173 5781; x_wconf 87' lang='lat' dir='ltr'><strong>dominationem</strong></span> <span class='ocrx_word' id='word_1_950' title='bbox 3209 5719 3477 5773; x_wconf 87' lang='lat' dir='ltr'><strong>malorum</strong></span> <span class='ocrx_word' id='word_1_951' title='bbox 3507 5726 3673 5779; x_wconf 78' lang='lat' dir='ltr'><strong>ange-</strong></span> 
     </span>
    </p>
   </div>
  </div>
