4016 6184
513 286 649 341 1015

1573 297 1633 352 D.
1678 298 1997 356 EUGYPPII
2039 299 2324 359 ABBATIS
2360 304 2682 363 AFlllCANi

3634 324 3762 378 1011)

508 402 676 457 lorum
705 422 717 457 :
741 404 939 464 deinde
967 410 1249 479 perliciens
1270 412 1386 483 ejus
1406 415 1680 482 sanitates,
1711 416 1831 471 facit
1854 434 1970 472 eam
2002 432 2090 471 oc—
2122 418 2169 475 Α
2198 417 2335 473 llttic
2367 432 2546 478 autem
2590 425 2974 493 regenerationi
3006 443 3113 482 non
3136 429 3331 485 sufﬁcit
3353 432 3484 487 illud
3511 433 3756 492 dc'ic-um

505 510 721 552 currere
747 497 798 551 in
822 499 964 553 illam
989 501 1295 570 gloriosam.
1314 505 1431 560 sine
1457 507 1658 561 macula
1690 519 1744 562 ct
1766 524 1912 577 ruga.
1937 510 2083 577 Quos

504 581 647 636 enim
698 587 1117 653 prazdestinavit,
1143 590 1259 645 illos
1290 601 1347 647 et
1376 594 1606 661 vocavit,
1638 605 1692 650 et
1717 613 1848 666 quos
1876 599 2084 653 vocavit

505 675 649 743 ipsos
676 690 726 733 et
771 680 1083 749 jutstificavit
1108 700 1119 735 :
1144 698 1279 753 quos
1308 697 1483 741 autem
1512 688 1843 758 justiflcznit,
1874 692 1994 746 illos
2029 704 2082 747 et

501 770 847 838 glorificabit;
882 775 934 828 in
990 776 1091 832 hoc
1122 780 1377 849 mySIerio
1416 782 1616 836 dictum
1648 787 1879 841 arbitror
1904 804 1917 840 :
1945 789 2081 844 Ecce

499 862 658 928 ejicio
678 864 966 932 daemonia,
991 876 1045 922 et
1073 870 1328 927 sanitates
1352 874 1569 942 perficio
1603 876 1762 932 hodie
1790 890 1843 932 et
1872 890 2081 946 cras,ct

499 954 650 1008 tertia
685 956 1203 1029 [die]consummor,
1229 964 1279 1018 id
1308 975 1410 1032 est,
1448 968 1710 1033 periit-iur.
1749 970 1891 1025 Dixit
1935 974 2077 1028 enim

499 1048 599 1100 hoc
621 1061 686 1102 ea
710 1063 937 1118 persona
965 1056 1208 1121 corporis
1220 1056 1323 1119 sui,
1340 1058 1480 1126 quod
1500 1068 1581 1113 est
1598 1061 1834 1115 Ecclesia
1852 1062 1966 1126 Dei,
1986 1078 2079 1131 po-

496 1153 631 1193 nens
663 1156 758 1208 pro
792 1142 1060 1197 distinctis
1091 1146 1455 1217 ordinatisque
1484 1155 1814 1220 temporibus
1854 1155 1993 1223 quod
2023 1164 2078 1210 et

495 1246 545 1280 Ill
577 1244 670 1282 sua
717 1233 1118 1288 resurrectione
1147 1236 1463 1305 significavit
1494 1241 1544 1294 in
1591 1243 1787 1297 triduo.
1822 1247 1957 1300 Puto
1981 1261 2074 1300 an-

493 1331 597 1374 tem
626 1321 888 1379 interesse
918 1327 1055 1381 inter
1086 1339 1287 1383 rectum
1320 1335 1481 1387 corde
1510 1347 1559 1388 et
1592 1337 1845 1392 mundum
1870 1340 2072 1397 corde:

492 1428 611 1468 nam
643 1424 696 1469 et
717 1428 895 1471 rectus
916 1420 1082 1475 corde
1114 1421 1163 1474 in
1193 1438 1254 1476 ea
1286 1440 1404 1493 quae
1430 1436 1554 1481 ante
1583 1441 1707 1486 sunt
1733 1434 2067 1499 extenditur,

490 1522 549 1559 t-a
582 1524 701 1577 quze
729 1521 875 1565 retro
905 1522 1030 1566 sunt
1055 1515 1408 1583 nblivisccns,
1434 1530 1491 1573 ut
1521 1533 1667 1576 recto
1692 1537 1876 1589 cursu,
1906 1525 1958 1578 id
1989 1536 2072 1581 est

488 1613 629 1656 recta
665 1602 769 1659 fide
818 1615 976 1675 atque
1022 1608 1352 1677 intentione,
1403 1614 1678 1678 perveniat
1732 1615 1818 1670 ubi
1870 1619 2072 1674 habitet

488 1693 717 1749 mundus
741 1698 924 1752 corde.
953 1697 1102 1753 Sicut
1132 1701 1222 1755 illa
1251 1703 1456 1772 singula
1484 1705 1753 1760 reddenda
1783 1717 1908 1762 sunt
1960 1710 2069 1763 sin-

2189 515 2555 567 tantummodo
2608 516 2821 571 solvere
2870 518 3010 586 quod
3033 534 3099 574 ex
3132 521 3300 577 Adam
3355 525 3587 580 trahtur
3609 570 3625 594 ,
3659 532 3748 584 sed

2186 600 2436 670 quicquid
2490 605 2648 658 etiam
2682 616 2862 673 postea
2890 623 2954 663 ex
2989 609 3182 680 iniquis
3225 615 3480 683 operibus
3512 618 3755 675 humana:

2184 694 2606 749 conversationis
2635 698 2870 764 accedit;
2901 698 3298 769 ideojudicium
3327 722 3393 759 ex
3418 723 3527 761 uno
3555 710 3606 761 in
3637 724 3756 764 con-

2184 784 2601 855 demnationem,
2630 791 2797 859 gratia
2837 801 3015 848 autem
3037 810 3103 850 ex
3135 798 3314 853 multis
3332 801 3547 858 delictis
3577 804 3628 856 in
3650 804 3757 872 jus-

2184 873 2545 931 tificationem.
2575 878 2631 934 Si
2656 881 2797 934 enim
2825 881 2894 937 ob
2925 884 3079 937 unius
3106 885 3357 942 delictum
3388 907 3535 946 mors
3565 910 3754 962 regna-

2186 963 2262 1016 vit
2288 979 2381 1032 per
2407 982 2594 1031 unum,
2623 983 2652 1021 a
2683 984 2789 1038 quo
2818 970 3015 1026 delicto
3050 977 3251 1042 parvuli
3284 994 3379 1047 per
3431 980 3753 1049 baptismum

2181 1055 2481 1124 expiantur,
2509 1059 2675 1114 multo
2731 1064 2897 1132 magis
2926 1066 3011 1133 qui
3062 1068 3444 1126 abundantiam
3488 1075 3679 1142 gratia:
3701 1088 3755 1130 et

2176 1146 2398 1213 iustitiae
2436 1152 2722 1220 accipiunt,
2763 1154 2814 1207 in
2856 1155 2960 1209 vita
2995 1161 3312 1227 regnabunt,
3357 1178 3450 1229 per
3478 1183 3643 1219 unum
3670 1167 3754 1222 Je-

2179 1252 2298 1293 sum
2332 1241 2601 1295 Christum
2637 1260 2649 1295 :
2684 1246 2853 1299 multo
2905 1249 3072 1316 magis
3116 1250 3298 1318 utique
3329 1253 3379 1305 in
3413 1254 3522 1307 viza
3571 1271 3755 1326 regna-

2178 1330 2329 1394 bnnt,
2358 1333 2475 1400 quia
2507 1342 2723 1389 :eterna:
2754 1336 2875 1390 vita:
2906 1353 3125 1406 regnum
3158 1341 3279 1395 crit.
3314 1343 3458 1397 Mors
3486 1357 3665 1400 autem
3698 1348 3750 1400 itt

2176 1422 2253 1475 eis
2307 1424 2671 1490 temporaliter
2719 1428 2927 1488 transit,
2962 1443 3064 1482 non
3098 1429 3150 1484 in
3190 1441 3452 1487 tetctnum
3484 1440 3752 1506 regnabit.

2178 1513 2359 1582 itaque
2390 1515 2527 1569 sicut
2557 1530 2652 1584 per
2676 1518 2832 1571 unius
2853 1519 3102 1575 delictum
3127 1523 3180 1577 in
3202 1540 3388 1580 omnes
3414 1526 3663 1587 homines
3688 1538 3750 1591 ad

2178 1608 2676 1663 condemnationem
2703 1609 2792 1678 (de
2818 1626 2918 1679 qua
2942 1615 3389 1671 condemnatione
3417 1623 3622 1688 parvuli
3664 1642 3750 1696 per

2172 1710 2562 1753 sacramentum
2594 1702 2838 1771 baptismi
2880 1703 3141 1760 liberandi
3181 1719 3303 1763 sunt
3342 1710 3392 1779 ),
3429 1713 3498 1765 ita
3551 1724 3607 1770 et
3659 1734 3748 1787 per

486 1785 647 1851 gulis,
677 1788 766 1840 ubi
801 1788 1001 1843 dictum
1048 1801 1129 1846 est
1160 1794 1328 1861 :Quis
1362 1796 1607 1851 ascendit
1634 1797 1658 1850 ?
1698 1808 1932 1853 montem
1965 1799 2061 1854 Do-

2178 1788 2788 1855 uniusjnstiﬁcationem
2817 1792 2867 1846 in
2899 1807 3086 1849 omnes
3117 1778 3363 1853 homines
3399 1800 3466 1853 ad
3487 1778 3747 1869 justifica-

486 1877 636 1943 ntini,
655 1881 878 1949 autqnis
894 1881 1054 1936 stabit
1076 1882 1127 1935 in
1151 1883 1269 1937 loco
1290 1892 1476 1941 Sancto
1498 1888 1653 1956 ejus?
1676 1889 1933 1945 innocens
1955 1908 2068 1946 ma-

483 1968 660 2036 nibus,
678 1979 731 2024 et
754 1974 985 2027 mundus
1008 1975 1208 2039 corde;
1231 1976 1487 2031 innocens
1519 1981 1759 2036 manibu~
1788 1984 2061 2049 ascendet,

483 2068 535 2113 rt
566 2062 799 2116 mundus
833 2064 996 2119 corde
1050 2066 1402 2122 stabitzillud
1452 2070 1503 2123 iu
1528 2086 1692 2139 opere
1719 2082 1820 2138 est,
1856 2076 1983 2129 illud
2013 2078 2063 2130 itt

483 2150 609 2205 fine.
646 2152 715 2206 Et
750 2153 864 2209 illic
891 2155 1060 2225 magis
1095 2156 1497 2227 intelligendum
1528 2162 1669 2231 quod
1707 2163 1906 2219 dictum
1939 2178 2063 2223 est:

484 2243 627 2299 Bona
650 2256 731 2300 est
752 2247 1050 2302 substantia
1073 2249 1155 2302 cui
1177 2265 1280 2305 non
1304 2261 1385 2306 est
1410 2264 1683 2320 peccatum
1709 2257 1760 2309 in
1784 2260 2066 2313 conscien-

480 2338 571 2391 tia.
600 2337 755 2392 Τυηο
774 2339 916 2393 enirn
941 2340 1036 2395 erit
1063 2357 1193 2397 vere
1213 2342 1350 2397 bona
1382 2345 1702 2411 substantia,
1733 2347 1783 2404 id
1812 2362 1893 2403 est
1922 2366 2063 2404 vera:

474 2428 695 2497 divitiae,
729 2448 850 2486 cum
903 2434 1175 2489 transierit
1223 2444 1332 2490 tota
1384 2447 1688 2506 paupertas,
1724 2440 1776 2494 id
1825 2450 1907 2496 est
1935 2456 2065 2495 con-

475 2530 683 2589 sumpla
708 2520 867 2576 fuerit
890 2524 1066 2577 omnis
1115 2524 1417 2581 infirmitas.
1444 2525 1597 2583 Nunc
1620 2543 1747 2582 vero
1773 2537 1978 2585 avertat
2006 2546 2065 2584 se

475 2609 635 2665 homo
663 2626 690 2666 a
720 2611 936 2679 delicto,
967 2629 1087 2667 cuin
1118 2615 1453 2684 proflciendo
1480 2618 1603 2673 inde
1624 2619 1869 2687 discedit,
1893 2630 1947 2675 et
1976 2639 2063 2675 re-

475 2713 702 2759 novetur
721 2705 789 2760 de
810 2705 898 2761 die
923 2706 973 2760 in
999 2708 1161 2773 diem,
1185 2717 1239 2763 et
1260 2709 1455 2779 dirigat
1482 2726 1671 2767 manus
1702 2712 1755 2766 in
1777 2726 1939 2783 Opera
1965 2713 2059 2768 ini-

472 2795 799 2861 sericordize,
833 2807 886 2851 ct
913 2798 979 2853 ab
1031 2801 1176 2854 omni
1223 2801 1419 2855 delicto
1470 2804 1691 2860 mundet
1722 2820 1817 2859 cor
1865 2821 2069 2873 suum;-

472 2885 791 2941 misereatur
804 2897 862 2941 ut
882 2889 1022 2958 quod
1048 2898 1214 2944 restat
1244 2907 1339 2960 per
1363 2893 1575 2948 veniam
1598 2894 1922 2949 dimittatur.
1949 2896 2060 2952 [loc

470 2977 608 3033 enim
632 2980 918 3037 salubriter
942 2992 995 3037 et
1014 2985 1130 3037 sine
1159 2999 1293 3038 vana
1324 2985 1573 3055 inanique
1616 2987 1872 3055 jactantia
1926 2989 2061 3044 bene

474 3073 783 3144 intelligitur
817 3074 869 3128 in
899 3090 962 3129 co
994 3075 1135 3145 quod
1170 3077 1301 3130 dixit
1327 3085 1548 3132 sanctus
1578 3078 1810 3134 Joannes
1838 3098 1850 3133 :
1881 3080 1934 3136 Si
1968 3097 2062 3134 cor

2173 1880 2372 1934 tionem
2403 1881 2559 1936 vitae:
2590 1892 2639 1935 et
2673 1883 2758 1937 hic
2789 1899 2974 1940 omnes
2998 1886 3130 1941 dixit
3150 1899 3201 1942 et
3227 1889 3321 1954 ibi,
3365 1896 3613 1963 nonquia
3640 1914 3745 1953 om.

2173 1985 2267 2024 nes
2294 1970 2534 2026 homines
2556 1973 2848 2028 veniuntad
2870 1978 3093 2045 gratiam
3116 1979 3513 2045 jnstifieationis
3525 1986 3739 2051 Christi,

2169 2078 2290 2118 cum
2340 2072 2445 2116 tam
2498 2064 2651 2118 multi
2681 2066 2895 2121 alienati
2924 2068 2992 2122 ab
3016 2069 3104 2122 illa
3137 2072 3187 2122 in
3227 2083 3487 2127 internum
3516 2082 3743 2133 morian-

2170 2163 2257 2209 tur
2284 2170 2297 2207 :
2328 2154 2420 2209 sed
2446 2154 2567 2223 quia
2597 2168 2785 2211 omnes
2812 2157 2901 2225 qui
2925 2171 3297 2223 renascuntur,
3324 2162 3377 2216 in
3403 2163 3716 2232 justificatio

2172 2259 2292 2297 nem
2337 2259 2441 2297 non
2483 2244 2583 2299 nisi
2631 2261 2725 2315 per
2749 2246 3018 2300 ChriStom
3051 2260 3437 2317 renascuntur;
3471 2255 3607 2309 sicut
3636 2273 3738 2311 om—

2169 2349 2263 2389 nes
2300 2335 2389 2404 qui
2419 2348 2731 2401 nascuntur,
2763 2338 2815 2390 in
2886 2339 3383 2398 condemnationem
3417 2348 3627 2403 nonnisi
3657 2363 3738 2419 per

2167 2426 2336 2481 Adam
2392 2438 2697 2483 nascuntur.
2724 2429 2890 2485 Nemo
2934 2432 3131 2501 quippe
3152 2433 3277 2505 [est]
3310 2435 3361 2488 in
3395 2438 3483 2491 illa
3508 2455 3729 2508 genera-

2169 2519 2313 2571 tione
2334 2527 2529 2587 printer
2556 2520 2747 2586 Adam,
2773 2537 2928 2575 nemo
2955 2522 3007 2575 in
3040 2524 3137 2576 ista
3172 2530 3580 2594 regeneratione
3611 2547 3736 2601 prmo

2170 2619 2251 2665 ter
2280 2610 2578 2677 Christum;
2609 2612 2730 2667 ideo
2751 2629 2937 2671 omnes
2958 2625 3011 2669 et
3040 2632 3227 2671 omnes
3260 2636 3274 2672 :
3306 2621 3524 2676 eosdem
3556 2638 3726 2679 au'em

2166 2718 2353 2757 omnes
2400 2703 2561 2758 etiam
2613 2706 2809 2760 multos
2832 2716 3017 2775 postea
3041 2708 3190 2773 dicit,
3220 2710 3518 2779 adjnngens
3550 2732 3561 2765 :
3588 2714 3729 2770 Sicut

2166 2794 2308 2847 enim
2326 2808 2417 2860 per
2441 2794 2865 2851 inobcdientiatn
2886 2799 3042 2853 unius
3056 2798 3288 2853 hominis
3298 2814 3607 2869 peccatores
3617 2821 3736 2858 con.

2168 2886 2342 2939 stituti
2369 2899 2492 2939 suut
2520 2887 2697 2952 multi,
2730 2890 2810 2942 sic
2834 2897 2889 2942 et
2913 2903 3011 2957 per
3041 2890 3202 2944 unius
3231 2892 3461 2948 hominis
3482 2896 3735 2951 obedien-

2167 2978 2318 3041 tiam,
2348 2978 2476 3045 justi
2506 2979 2902 3032 constituentur
2929 2980 3103 3034 muiti.
3135 2980 3233 3047 Qui
3267 2984 3440 3046 multi,
3472 2986 3576 3040 nisi
3606 3003 3732 3055 qum

2161 3069 2271 3137 jam
2301 3069 2458 3138 paulo
2488 3078 2612 3123 ante
2637 3083 2824 3124 omnes
2854 3071 3093 3125 dixerat?
3126 3072 3255 3126 Vide
3283 3076 3731 3143 quemadmodum

469 3174 709 3219 nostrum
740 3182 838 3221 nos
871 3183 975 3220 non
1008 3169 1385 3237 reprehrndat,
1414 3169 1661 3223 fiduciam
1696 3171 1954 3227 habemus
1986 3173 2049 3226 ad

2165 3161 2505 3216 commendat
2555 3177 2742 3226 unum,
2770 3170 2825 3216 et
2868 3178 3053 3230 unutn,
3101 3164 3152 3218 id
3200 3175 3282 3220 est
3308 3167 3476 3221 Adam
3504 3180 3559 3223 et
3588 3170 3735 3224 Chrio

469 3255 659 3321 Deum,
690 3265 743 3311 et
770 3272 1101 3326 quaecunque
1148 3258 1460 3326 petierimus
1504 3260 1834 3330 accipiemus
1864 3263 1931 3316 ab
1960 3279 2045 3318 eo.

469 3349 581 3403 lloc
610 3350 751 3404 enim
778 3351 991 3404 videtur
1024 3351 1073 3405 in
1122 3354 1224 3406 isto
1264 3353 1384 3406 loco
1431 3354 1799 3422 admonuisse,
1832 3376 1899 3414 ne
1957 3376 2051 3413 cor

470 3449 708 3497 nostrum
759 3457 854 3497 nos
881 3443 933 3497 in
962 3445 1072 3513 ipsa
1103 3447 1348 3501 oratione
1378 3458 1433 3502 et
1471 3451 1730 3519 petitione
1757 3454 2050 3521 reprehen-

469 3531 591 3597 dat;
612 3532 709 3587 hoc
736 3543 835 3597 est,
856 3551 922 3589 ne
950 3536 1082 3589 forte
1106 3551 1225 3588 cum
1252 3541 1574 3606 cmperimus
1593 3543 1795 3608 dicere,
1833 3544 2048 3600 Dimitte

469 3623 645 3688 nobis,
678 3625 813 3679 sicut
863 3634 917 3680 et
958 3642 1054 3681 nos
1085 3627 1435 3696 dimittimus,
1470 3645 1894 3701 compungatnur
1942 3655 2044 3694 non

468 3717 643 3770 facere
697 3716 834 3784 quod
867 3718 1113 3782 dicimus,
1140 3730 1230 3772 aut
1281 3723 1441 3773 etiarn
1478 3737 1581 3775 non
1630 3725 1922 3781 audeamus
1960 3728 2045 3781 di-

468 3825 589 3863 cere
616 3826 683 3878 qn
710 3810 755 3863 ~d
803 3827 905 3865 non
940 3812 1195 3868 faciamus
1217 3855 1230 3877 .
1263 3824 1315 3868 et
1349 3815 1595 3870 fiduciam
1642 3821 1857 3876 netenni
1887 3823 2043 3875 antit-

468 3916 661 3959 tantus.

1022 3978 1249 4033 CAPUT
1272 3979 1490 4035 CCClll.

470 4066 547 4119 υρ
573 4084 630 4120 eo
659 4071 796 4133 quor!
825 4070 898 4122 ait
927 4070 1197 4140 ΑροδιοΙιιν
1214 4085 1234 4124 :
1253 4068 1511 4123 Indicium
1534 4089 1597 4125 ea:
1624 4089 1727 4126 uno
1754 4076 1804 4127 in
1821 4078 2049 4129 conmm-

541 4156 604 4191 na
627 4142 789 4192 tonent
806 4157 825 4203 ;
851 4156 913 4193 ea:
941 4142 1153 4210 epistola
1188 4142 1553 4212 Responsicnis
1581 4146 1650 4196 ad
1681 4153 1913 4199 consulta
1942 4146 2040 4199 Ili-

540 4210 677 4271 (arti.

561 4226 677 4264 um.

537 4326 672 4379 Cum
697 4341 825 4393 ergo
850 4327 901 4379 in
924 4336 1172 4394 utroque,
1205 4324 1256 4379 id
1278 4335 1362 4381 est
1391 4337 1444 4381 et
1474 4328 1526 4383 in
1552 4329 1757 4399 judicio
1781 4340 1835 4387 et
1858 4332 1907 4386 in
1927 4348 2049 4400 gra-

469 4422 562 4486 tia,
595 4418 734 4489 qttod
788 4420 979 4473 attinet
1003 4419 1070 4472 ad
1124 4435 1287 4474 unum
1320 4429 1374 4475 et
1404 4423 1564 4477 multa
1597 4424 1789 4480 delicta
1821 4442 1922 4481 una
1951 4441 2044 4481 ea-

2153 3264 2295 3308 stum
2314 3272 2323 3305 :
2343 3253 2487 3307 illum
2511 3252 2574 3307 ad
2598 3253 3119 3321 condemnationem,
3146 3255 3285 3311 hunc
3307 3259 3373 3311 ad
3392 3257 3734 3326 justiﬁcatio—

2156 3361 2305 3409 nent;
2332 3361 2452 3398 cum
2480 3353 2625 3398 tanto
2648 3356 2765 3411 post
2782 3344 2951 3398 Adam
2974 3348 3179 3401 venerit
3200 3346 3446 3402 Christus
3472 3350 3523 3403 in
3548 3365 3729 3415 carne,

2154 3447 2207 3491 ut
2225 3438 2463 3492 sciamus
2479 3437 2725 3507 antiquos
2740 3436 3253 3507 justos,qnicunque
3275 3454 3394 3494 esse
3418 3452 3724 3508 potuerunt,

2153 3546 2256 3584 non
2289 3529 2389 3583 nisi
2423 3544 2517 3598 per
2543 3528 2790 3582 eamdem
2824 3528 2983 3583 fidem
3017 3529 3275 3584 liberatos
3302 3545 3397 3600 per
3419 3546 3581 3601 quam
3610 3532 3732 3586 libe-

2152 3638 2334 3677 ramur
2384 3631 2438 3676 et
2483 3635 2603 3686 nos,
2633 3620 2790 3675 fidem
2841 3621 3049 3677 scilicet
3098 3622 3486 3679 incarnationis
3512 3624 3728 3689 Christi,

2150 3729 2270 3782 quee
2323 3712 2431 3765 illis
2462 3712 2939 3780 prmuunttabatur,
2969 3714 3109 3766 sicut
3137 3722 3194 3767 et
3235 3714 3389 3767 nobis
3438 3718 3720 3771 annuntia-

2152 3808 2308 3861 batur
2350 3804 2511 3875 [facta
2552 3803 2941 3875 annuntiatur].
2977 3804 3100 3859 Ideo
3132 3804 3217 3860 hic
3249 3805 3521 3860 Christum
3557 3808 3720 3861 homi-

2151 3913 2273 3951 nem
2296 3896 2580 3957 dicit,cum
2594 3896 2663 3951 sit
2683 3904 2738 3951 et
2767 3896 2930 3961 Deus,
2950 3911 3014 3949 ne
3041 3897 3163 3965 quis
3188 3897 3455 3953 existimet
3486 3902 3724 3969 antiquos

2144 3992 2318 4059 jnstos
2368 4004 2465 4057 per
2492 3989 2659 4043 Deum
2700 3987 3068 4042 tantummodo
3114 3987 3407 4053 Christum,
3442 3990 3495 4043 id
3526 4002 3606 4043 est
3633 4006 3723 4059 per

2150 4080 2386 4134 Verbum
2410 4079 2549 4145 quod
2582 4088 2695 4134 erat
2723 4080 2773 4131 in
2803 4078 3085 4147 principio,
3111 4093 3214 4131 non
3243 4078 3405 4132 etiam
3452 4095 3549 4147 per
3572 4080 3717 4133 fidem

2149 4170 2530 4227 incarnationis
2555 4170 2689 4233 ejus,
2715 4184 2816 4237 qna
2844 4178 2900 4222 et
2929 4168 3088 4222 homo
3113 4168 3362 4222 Christus
3390 4168 3608 4233 dicitur,
3636 4186 3723 4237 pr:-

2151 4266 2315 4319 tnisse
2344 4263 2579 4317 liliierari.
2605 4260 2881 4317 Sententia
2913 4260 3107 4330 quippe
3139 4260 3238 4314 ista
3262 4260 3466 4314 destrui
3502 4277 3608 4314 non
3641 4277 3725 4329 po.

2151 4364 2275 4418 test,
2300 4354 2367 4408 de
2410 4368 2513 4423 qua
2551 4363 2604 4406 et
2631 4350 2757 4406 alibi
2786 4351 2915 4406 dicit
2946 4367 3039 4421 per
3068 4366 3228 4403 unum
3261 4350 3534 4405 hominem
3563 4366 3726 4412 mors.

2150 4459 2203 4503 et
2236 4462 2332 4515 per
2361 4460 2522 4499 unum
2556 4443 2825 4497 hominem
2857 4442 3178 4498 resurrectio
3207 4453 3537 4496 mortuorum
3567 4442 3729 4498 :sicnt

467 4512 697 4576 denique
718 4509 788 4563 sit
810 4510 969 4574 ratio,
985 4509 1265 4565 dicantisti
1284 4513 1437 4567 nobis
1449 4515 1884 4583 quarejudiciutn
1901 4521 2049 4576 dixe-
2076 4513 2130 4573 D
2161 4540 2211 4593 in
2231 4509 2397 4592 Adam
2417 4552 2604 4591 omnes
2622 4535 2944 4601 moriuntur,
2963 4535 3042 4588 sic
3065 4545 3115 4588 et
3134 4532 3187 4586 in
3212 4533 3426 4587 Christo
3444 4548 3635 4588 omnes
3661 4532 3730 4586 vi-

470 4600 533 4650 rit
558 4613 622 4652 ex
644 4614 750 4655 uno
769 4600 963 4656 delicto
978 4601 1176 4657 ducere
1199 4603 1252 4656 in
1294 4604 1815 4673 condemnationem,
1828 4614 2053 4680 gratiam

470 4702 598 4741 vero
619 4706 680 4742 ex
706 4692 888 4747 multis
910 4692 1120 4749 delictis
1153 4693 1203 4748 in
1217 4694 1676 4763 juSIificationetn.
1693 4703 1798 4755 Aut
1814 4704 2055 4771 acquies-

472 4790 597 4833 cant
621 4782 743 4836 ideo
766 4783 844 4837 sic
860 4799 983 4840 esse
999 4786 1364 4858 dictum,quia
1387 4789 1439 4843 in
1462 4791 1564 4845 hac
1590 4806 1751 4847 causa
1780 4793 1888 4847 duo
1928 4810 2055 4849 con-

472 4871 765 4926 stituuntur
785 4873 1062 4931 homines:
1085 4878 1275 4948 Adam,
1295 4896 1359 4936 ex
1388 4899 1493 4952 quo
1509 4883 1751 4938 subsistit
1779 4888 2057 4954 generatio

473 4962 725 5030 carnalis,
748 4972 806 5019 et
833 4963 1098 5037 Christus,
1131 4985 1198 5023 ex
1230 4988 1337 5040 quo
1365 4976 1642 5039 generatio
1670 4976 2045 5051 [regeneratio]

473 5055 763 5122 spiritalis;
788 5056 881 5110 sed
911 5059 1032 5126 quia
1087 5070 1288 5117 tantum
1333 5066 1418 5120 ille
1452 5066 1633 5133 homo,
1660 5067 1759 5123 iste
1788 5080 1966 5124 autem
1996 5080 2051 5124 ct

478 5154 617 5205 Deus
629 5163 681 5207 et
698 5153 858 5206 homo
878 5170 890 5205 :
908 5167 1013 5206 non
1032 5158 1297 5219 quomodo
1317 5159 1405 5211 illa
1421 5160 1696 5227 generatio
1725 5178 1831 5216 uno
1854 5163 1937 5216 del
1964 5175 2052 5218 cto

472 5246 695 5314 obligat.
718 5246 856 5316 quod
882 5256 963 5300 est
986 5263 1048 5299 ex
1079 5247 1270 5310 Adam,
1305 5250 1371 5303 ita
1406 5252 1501 5303 ista
1536 5246 2073 5322 regenerationnutn

476 5338 726 5392 delictum
746 5341 915 5393 solum
938 5340 1117 5405 scivit,
1134 5343 1273 5410 quod
1297 5352 1460 5397 estex
1483 5345 1672 5399 Adam.
1704 5349 1809 5403 Sed
1835 5350 1908 5403 illi
1931 5353 2051 5420 qui-

476 5429 597 5484 dem
652 5433 983 5501 gencrationi
1037 5435 1229 5488 sufficit
1264 5435 1330 5487 ad
1359 5437 1863 5495 condemnationem
1897 5443 2055 5495 unius

477 5520 657 5575 delicti
686 5525 976 5591 connexio;
1010 5527 1264 5597 quidquid
1294 5528 1435 5581 enim
1467 5540 1647 5595 postea
1680 5532 1943 5608 Ἰιοιυηιιεδ
1987 5551 2051 5589 cx

482 5611 635 5663 malis
685 5616 794 5667 suis
842 5618 1095 5686 operibus
1139 5620 1359 5684 addunt,
1390 5636 1495 5676 non
1526 5624 1759 5691 pertinet
1808 5627 1873 5677 ad
1906 5627 2050 5680 illam

484 5704 909 5773 generationem,
953 5710 1045 5766 sed
1105 5712 1171 5767 ad
1225 5713 1512 5770 humanam
1566 5730 2050 5775 conversationem.

2161 4628 2547 4689 vilicabnntur;
2582 4628 2764 4693 utique
2806 4624 3256 4680 resurrectionem
3289 4623 3419 4678 dicit
3445 4625 3728 4692 iustorum,

2173 4720 2263 4773 ubi
2295 4726 2376 4772 est
2404 4717 2511 4771 vita
2538 4726 2759 4778 atterna,
2787 4729 2893 4768 non
2924 4715 3378 4769 resurrectionem
3411 4712 3728 4783 iniquorum,

2162 4810 2248 4862 ubi
2281 4823 2425 4862 mors
2469 4816 2668 4859 aeterna
2718 4805 2860 4858 erit:
2886 4804 3007 4860 ideo
3037 4804 3112 4858 ait
3141 4804 3585 4870 vivificabuntur,
3614 4808 3729 4874 quia

2163 4903 2235 4956 illi
2296 4900 2710 4956 damnabantur.
2743 4897 2879 4951 Hinc
2919 4907 2974 4951 et
3003 4898 3054 4952 in
3085 4898 3358 4952 veteribus
3388 4898 3731 4953 sacramentis

2156 4993 2490 5048 circumcisio
2511 4990 2847 5057 parvulorum
2865 4990 3148 5043 octavodie
3176 4988 3291 5044 fieri
3316 4999 3585 5058 praecepta
3631 5000 3728 5052 cst,

2159 5084 2407 5155 quoniam
2438 5083 2702 5145 Christus,
2733 5080 2781 5131 in
2814 5095 2917 5149 quo
2966 5081 3021 5132 fit
3072 5079 3250 5133 delicti
3276 5078 3508 5133 carnalis
3536 5096 3728 5147 exstio-

2160 5175 2304 5228 ltatio
2335 5176 2514 5243 (quant
2542 5171 2807 5238 significat
2834 5170 3217 5235 tiretttncisio),
3240 5168 3325 5221 die
3357 5170 3539 5223 domin
3564 5187 3629 5223 co
3656 5187 3728 5222 rc-

2160 5272 2416 5326 snt'rext,
2435 5263 2520 5330 qui
2546 5272 2663 5329 post
2690 5262 2970 5325 Septimum
3000 5275 3025 5311 s
3043 5260 3205 5311 chbazi
3236 5270 3456 5313 octavus
3486 5272 3588 5314 est.
3616 5262 3727 5314 iit-tt

2162 5370 2290 5424 ergo
2321 5354 2451 5408 ftdes
2492 5354 2649 5406 etiam
2700 5355 3034 5417 antiquorum
3062 5350 3329 5419 jftsiotttm
3365 5353 3486 5417 fuit;
3521 5370 3590 5406 ttn
3615 5360 3655 5408 le
3680 5364 3725 5407 et

2160 5445 2449 5511 Apostolus
2496 5442 2625 5495 dit'ii.
2657 5461 2669 5493 :
2707 5442 2974 5494 llabentes
3000 5450 3176 5494 autem
3211 5444 3457 5496 eumdem
3492 5448 3723 5512 Sptl’llum

2158 5535 2301 5597 fidei,
2338 5545 2550 5601 propter
2582 5533 2718 5601 quod
2769 5531 3023 5594 δοτὶμιιιιιι
3075 5542 3158 5585 est
3197 5549 3211 5585 :
3242 5531 3483 5600 Credidi,
3520 5546 3726 5604 propter

2158 5626 2295 5693 quod
2324 5627 2529 5679 locutus
2558 5642 2674 5678 sunt
2703 5643 2715 5689 ;
2748 5634 2799 5677 et
2830 5640 2923 5677 nos
2949 5625 3237 5690 credimus,
3274 5638 3492 5697 propter
3518 5630 3651 5697 quod
3672 5640 3721 5682 ct

2160 5720 2459 5786 loquimur;
2496 5736 2596 5771 non
2633 5719 2829 5771 «lcetct
2859 5716 3101 5773 eumdem
3150 5716 3409 5785 Spiritum
3444 5719 3596 5779 fidei.
3626 5718 3725 5775 nisi
