  <div class='ocr_page' id='page_1' title='image "/cluster/home/n/w/nwhite01/storage/ocr_20150623/62/hvd.32044054758693/514.png"; bbox 0 0 4016 6184; ppageno 0'>
   <div class='ocr_carea' id='block_1_1' title="bbox 295 330 427 382">
    <p class='ocr_par' dir='ltr' id='par_1_1' title="bbox 295 330 427 382">
     <span class='ocr_line' id='line_1_1' title="bbox 295 330 427 382; baseline 0 -1"><span class='ocrx_word' id='word_1_1' title='bbox 295 330 427 382; x_wconf 72' lang='grc'><strong>1037</strong></span> 
     </span>
    </p>
   </div>
   <div class='ocr_carea' id='block_1_2' title="bbox 1505 316 2368 379">
    <p class='ocr_par' dir='ltr' id='par_1_2' title="bbox 1505 316 2368 379">
     <span class='ocr_line' id='line_1_2' title="bbox 1505 316 2368 379; baseline -0.01 1"><span class='ocrx_word' id='word_1_2' title='bbox 1505 321 1942 379; x_wconf 51' lang='grc' dir='ltr'>τιιῑεηιῑιιῑδ.</span> <span class='ocrx_word' id='word_1_3' title='bbox 1982 317 2129 372; x_wconf 76' lang='lat' dir='ltr'><strong>CAP.</strong></span> <span class='ocrx_word' id='word_1_4' title='bbox 2174 316 2368 373; x_wconf 65' lang='grc' dir='ltr'><strong>ερον.</strong></span> 
     </span>
    </p>
   </div>
   <div class='ocr_carea' id='block_1_3' title="bbox 3420 322 3554 378">
    <p class='ocr_par' dir='ltr' id='par_1_3' title="bbox 3420 322 3554 378">
     <span class='ocr_line' id='line_1_3' title="bbox 3420 322 3554 378; baseline 0.015 -2"><span class='ocrx_word' id='word_1_5' title='bbox 3420 322 3554 378; x_wconf 74' lang='grc' dir='ltr'><strong>1(Ίὸ</strong></span> 
     </span>
    </p>
   </div>
   <div class='ocr_carea' id='block_1_4' title="bbox 292 426 1883 508">
    <p class='ocr_par' dir='ltr' id='par_1_4' title="bbox 292 433 1874 508">
     <span class='ocr_line' id='line_1_4' title="bbox 292 433 1874 508; baseline -0.006 -14"><span class='ocrx_word' id='word_1_6' title='bbox 292 444 589 494; x_wconf 87' lang='lat' dir='ltr'><strong>:dinonens</strong></span> <span class='ocrx_word' id='word_1_7' title='bbox 632 443 791 493; x_wconf 78' lang='lat' dir='ltr'><strong>et&#39;ain</strong></span> <span class='ocrx_word' id='word_1_8' title='bbox 822 440 1065 507; x_wconf 88' lang='lat' dir='ltr'><strong>antiquos</strong></span> <span class='ocrx_word' id='word_1_9' title='bbox 1086 440 1259 508; x_wconf 74' lang='lat' dir='ltr'><strong>justus</strong></span> <span class='ocrx_word' id='word_1_10' title='bbox 1286 439 1455 507; x_wconf 88' lang='lat' dir='ltr'><strong>ipsum</strong></span> <span class='ocrx_word' id='word_1_11' title='bbox 1487 438 1734 490; x_wconf 91' lang='lat' dir='ltr'><strong>habuisse</strong></span> <span class='ocrx_word' id='word_1_12' title='bbox 1767 433 1874 501; x_wconf 88' lang='lat' dir='ltr'><strong>spi-</strong></span> 
     </span>
    </p>
   </div>
   <div class='ocr_carea' id='block_1_5' title="bbox 1991 426 3555 508">
    <p class='ocr_par' dir='ltr' id='par_1_5' title="bbox 1991 426 3555 499">
     <span class='ocr_line' id='line_1_5' title="bbox 1991 426 3555 499; baseline 0.003 -20"><span class='ocrx_word' id='word_1_13' title='bbox 1991 428 2240 497; x_wconf 73' lang='lat' dir='ltr'><strong>piazsivit.</strong></span> <span class='ocrx_word' id='word_1_14' title='bbox 2269 426 2405 493; x_wconf 86' lang='lat' dir='ltr'><strong>Quid</strong></span> <span class='ocrx_word' id='word_1_15' title='bbox 2454 426 2500 479; x_wconf 82' lang='lat' dir='ltr'><strong>ei</strong></span> <span class='ocrx_word' id='word_1_16' title='bbox 2532 428 2896 495; x_wconf 81' lang='lat' dir='ltr'><strong>responderim</strong></span> <span class='ocrx_word' id='word_1_17' title='bbox 2942 428 3211 482; x_wconf 87' lang='lat' dir='ltr'><strong>subditum</strong></span> <span class='ocrx_word' id='word_1_18' title='bbox 3258 429 3391 499; x_wconf 75' lang='lat' dir='ltr'><strong>lege.</strong></span> <span class='ocrx_word' id='word_1_19' title='bbox 3429 431 3555 485; x_wconf 83' lang='lat' dir='ltr'><strong>lteui</strong></span> 
     </span>
    </p>
   </div>
   <div class='ocr_carea' id='block_1_6' title="bbox 290 527 1871 596">
    <p class='ocr_par' dir='ltr' id='par_1_6' title="bbox 290 527 1871 596">
     <span class='ocr_line' id='line_1_6' title="bbox 290 527 1871 596; baseline -0.004 -11"><span class='ocrx_word' id='word_1_20' title='bbox 290 532 454 585; x_wconf 92' lang='lat' dir='ltr'><strong>ritum</strong></span> <span class='ocrx_word' id='word_1_21' title='bbox 490 533 634 589; x_wconf 82' lang='lat' dir='ltr'><strong>lidei,</strong></span> <span class='ocrx_word' id='word_1_22' title='bbox 666 532 765 585; x_wconf 91' lang='lat' dir='ltr'><strong>hoc</strong></span> <span class='ocrx_word' id='word_1_23' title='bbox 819 541 901 586; x_wconf 84' lang='lat' dir='ltr'><strong>est</strong></span> <span class='ocrx_word' id='word_1_24' title='bbox 934 532 1311 584; x_wconf 66' lang='lat' dir='ltr'><strong>incarnationis</strong></span> <span class='ocrx_word' id='word_1_25' title='bbox 1364 529 1587 583; x_wconf 81' lang='lat' dir='ltr'><strong>Christi.</strong></span> <span class='ocrx_word' id='word_1_26' title='bbox 1614 528 1719 583; x_wconf 87' lang='lat' dir='ltr'><strong>Sed</strong></span> <span class='ocrx_word' id='word_1_27' title='bbox 1750 527 1871 596; x_wconf 81' lang='lat' dir='ltr'><strong>quia</strong></span> 
     </span>
    </p>
   </div>
   <div class='ocr_carea' id='block_1_7' title="bbox 296 623 1873 693">
    <p class='ocr_par' dir='ltr' id='par_1_7' title="bbox 296 623 1873 693">
     <span class='ocr_line' id='line_1_7' title="bbox 296 623 1873 693; baseline -0.003 -18"><span class='ocrx_word' id='word_1_28' title='bbox 296 624 399 677; x_wconf 81' lang='lat' dir='ltr'><strong>illis</strong></span> <span class='ocrx_word' id='word_1_29' title='bbox 435 624 608 676; x_wconf 88' lang='lat' dir='ltr'><strong>futura</strong></span> <span class='ocrx_word' id='word_1_30' title='bbox 665 626 1122 691; x_wconf 68' lang='lat' dir='ltr'><strong>praenuntiabatur</strong></span> <span class='ocrx_word' id='word_1_31' title='bbox 1148 640 1264 693; x_wconf 69' lang='lat' dir='ltr'><strong>quae</strong></span> <span class='ocrx_word' id='word_1_32' title='bbox 1290 624 1399 691; x_wconf 83' lang='lat' dir='ltr'><strong>jam</strong></span> <span class='ocrx_word' id='word_1_33' title='bbox 1426 623 1559 676; x_wconf 83' lang='lat' dir='ltr'><strong>facta</strong></span> <span class='ocrx_word' id='word_1_34' title='bbox 1597 623 1749 675; x_wconf 87' lang='lat' dir='ltr'><strong>nobis</strong></span> <span class='ocrx_word' id='word_1_35' title='bbox 1782 638 1873 671; x_wconf 51' lang='lat' dir='ltr'><strong>nn-</strong></span> 
     </span>
    </p>
   </div>
   <div class='ocr_carea' id='block_1_8' title="bbox 290 713 1872 781">
    <p class='ocr_par' dir='ltr' id='par_1_8' title="bbox 290 713 1872 781">
     <span class='ocr_line' id='line_1_8' title="bbox 290 713 1872 781; baseline -0.003 -13"><span class='ocrx_word' id='word_1_36' title='bbox 290 716 589 780; x_wconf 76' lang='lat' dir='ltr'><strong>nuntiatur,</strong></span> <span class='ocrx_word' id='word_1_37' title='bbox 622 725 676 769; x_wconf 89' lang='lat' dir='ltr'><strong>et</strong></span> <span class='ocrx_word' id='word_1_38' title='bbox 699 726 935 781; x_wconf 71' lang='lat' dir='ltr'><strong>tempore</strong></span> <span class='ocrx_word' id='word_1_39' title='bbox 966 714 1174 769; x_wconf 83' lang='lat' dir='ltr'><strong>Veteris</strong></span> <span class='ocrx_word' id='word_1_40' title='bbox 1217 714 1543 769; x_wconf 81' lang='lat' dir='ltr'><strong>Testamenti</strong></span> <span class='ocrx_word' id='word_1_41' title='bbox 1597 713 1872 764; x_wconf 90' lang='lat' dir='ltr'><strong>velabatur</strong></span> 
     </span>
    </p>
   </div>
   <div class='ocr_carea' id='block_1_9' title="bbox 289 804 1871 876">
    <p class='ocr_par' dir='ltr' id='par_1_9' title="bbox 289 804 1871 876">
     <span class='ocr_line' id='line_1_9' title="bbox 289 804 1871 876; baseline -0.004 -16"><span class='ocrx_word' id='word_1_42' title='bbox 289 825 411 876; x_wconf 71' lang='lat' dir='ltr'><strong>qua!</strong></span> <span class='ocrx_word' id='word_1_43' title='bbox 440 820 679 875; x_wconf 79' lang='lat' dir='ltr'><strong>tempore</strong></span> <span class='ocrx_word' id='word_1_44' title='bbox 698 807 1169 862; x_wconf 81' lang='lat' dir='ltr'><strong>NoviTestamenti</strong></span> <span class='ocrx_word' id='word_1_45' title='bbox 1193 808 1477 871; x_wconf 83' lang='lat' dir='ltr'><strong>revelatur,</strong></span> <span class='ocrx_word' id='word_1_46' title='bbox 1494 806 1616 859; x_wconf 91' lang='lat' dir='ltr'><strong>ideo</strong></span> <span class='ocrx_word' id='word_1_47' title='bbox 1643 804 1758 872; x_wconf 88' lang='lat' dir='ltr'><strong>ejus</strong></span> <span class='ocrx_word' id='word_1_48' title='bbox 1790 819 1871 854; x_wconf 83' lang='lat' dir='ltr'><strong>sa-</strong></span> 
     </span>
    </p>
   </div>
   <div class='ocr_carea' id='block_1_10' title="bbox 290 898 1874 967">
    <p class='ocr_par' dir='ltr' id='par_1_10' title="bbox 290 898 1874 967">
     <span class='ocr_line' id='line_1_10' title="bbox 290 898 1874 967; baseline -0.001 -16"><span class='ocrx_word' id='word_1_49' title='bbox 290 912 563 954; x_wconf 83' lang='lat' dir='ltr'><strong>i&#39;ramcnta</strong></span> <span class='ocrx_word' id='word_1_50' title='bbox 597 902 797 955; x_wconf 83' lang='lat' dir='ltr'><strong>variata</strong></span> <span class='ocrx_word' id='word_1_51' title='bbox 826 911 981 967; x_wconf 83' lang='lat' dir='ltr'><strong>sunt,</strong></span> <span class='ocrx_word' id='word_1_52' title='bbox 1013 912 1067 953; x_wconf 91' lang='grc' dir='ltr'><strong>ιιι</strong></span> <span class='ocrx_word' id='word_1_53' title='bbox 1098 900 1199 954; x_wconf 89' lang='lat' dir='ltr'><strong>alia</strong></span> <span class='ocrx_word' id='word_1_54' title='bbox 1226 909 1407 955; x_wconf 85' lang='lat' dir='ltr'><strong>essent</strong></span> <span class='ocrx_word' id='word_1_55' title='bbox 1436 899 1487 952; x_wconf 88' lang='lat' dir='ltr'><strong>in</strong></span> <span class='ocrx_word' id='word_1_56' title='bbox 1520 899 1712 952; x_wconf 83' lang='lat' dir='ltr'><strong>Vetere</strong></span> <span class='ocrx_word' id='word_1_57' title='bbox 1740 898 1874 950; x_wconf 62' lang='lat' dir='ltr'><strong>Tes-</strong></span> 
     </span>
    </p>
   </div>
   <div class='ocr_carea' id='block_1_11' title="bbox 292 988 1872 1059">
    <p class='ocr_par' dir='ltr' id='par_1_11' title="bbox 292 988 1872 1059">
     <span class='ocr_line' id='line_1_11' title="bbox 292 988 1872 1059; baseline -0.003 -16"><span class='ocrx_word' id='word_1_58' title='bbox 292 1002 553 1051; x_wconf 81' lang='lat' dir='ltr'><strong>tamento.</strong></span> <span class='ocrx_word' id='word_1_59' title='bbox 579 993 679 1045; x_wconf 90' lang='lat' dir='ltr'><strong>alia</strong></span> <span class='ocrx_word' id='word_1_60' title='bbox 704 993 757 1045; x_wconf 89' lang='lat' dir='ltr'><strong>in</strong></span> <span class='ocrx_word' id='word_1_61' title='bbox 792 991 967 1054; x_wconf 82' lang='lat' dir='ltr'><strong>Novo,</strong></span> <span class='ocrx_word' id='word_1_62' title='bbox 998 1007 1116 1046; x_wconf 89' lang='lat' dir='ltr'><strong>cum</strong></span> <span class='ocrx_word' id='word_1_63' title='bbox 1149 992 1279 1046; x_wconf 79' lang='lat' dir='ltr'><strong>ﬁdes</strong></span> <span class='ocrx_word' id='word_1_64' title='bbox 1324 994 1436 1059; x_wconf 90' lang='lat' dir='ltr'><strong>ipsa</strong></span> <span class='ocrx_word' id='word_1_65' title='bbox 1461 991 1604 1042; x_wconf 89' lang='lat' dir='ltr'><strong>varia</strong></span> <span class='ocrx_word' id='word_1_66' title='bbox 1649 1004 1751 1042; x_wconf 90' lang='lat' dir='ltr'><strong>non</strong></span> <span class='ocrx_word' id='word_1_67' title='bbox 1784 988 1872 1051; x_wconf 90' lang='lat' dir='ltr'><strong>sit,</strong></span> 
     </span>
    </p>
   </div>
   <div class='ocr_carea' id='block_1_12' title="bbox 290 1081 1874 1151">
    <p class='ocr_par' dir='ltr' id='par_1_12' title="bbox 290 1081 1874 1151">
     <span class='ocr_line' id='line_1_12' title="bbox 290 1081 1874 1151; baseline -0.002 -18"><span class='ocrx_word' id='word_1_68' title='bbox 290 1085 391 1136; x_wconf 80' lang='lat' dir='ltr'><strong>sed</strong></span> <span class='ocrx_word' id='word_1_69' title='bbox 425 1102 525 1138; x_wconf 86' lang='lat' dir='ltr'><strong>una</strong></span> <span class='ocrx_word' id='word_1_70' title='bbox 558 1088 623 1136; x_wconf 82' lang='lat' dir='ltr'><strong>sit</strong></span> <span class='ocrx_word' id='word_1_71' title='bbox 647 1125 661 1147; x_wconf 89' lang='lat'><strong>,</strong></span> <span class='ocrx_word' id='word_1_72' title='bbox 690 1084 810 1151; x_wconf 84' lang='lat' dir='ltr'><strong>quia</strong></span> <span class='ocrx_word' id='word_1_73' title='bbox 853 1083 988 1136; x_wconf 82' lang='lat' dir='ltr'><strong>sicut</strong></span> <span class='ocrx_word' id='word_1_74' title='bbox 1034 1084 1085 1135; x_wconf 89' lang='lat' dir='ltr'><strong>in</strong></span> <span class='ocrx_word' id='word_1_75' title='bbox 1120 1083 1286 1135; x_wconf 78' lang='lat' dir='ltr'><strong>Adam</strong></span> <span class='ocrx_word' id='word_1_76' title='bbox 1314 1096 1503 1135; x_wconf 85' lang='lat' dir='ltr'><strong>omnes</strong></span> <span class='ocrx_word' id='word_1_77' title='bbox 1552 1081 1874 1143; x_wconf 85' lang='lat' dir='ltr'><strong>moriuntur,</strong></span> 
     </span>
    </p>
   </div>
   <div class='ocr_carea' id='block_1_13' title="bbox 292 1174 1478 1231">
    <p class='ocr_par' dir='ltr' id='par_1_13' title="bbox 292 1174 1478 1231">
     <span class='ocr_line' id='line_1_13' title="bbox 292 1174 1478 1231; baseline -0.003 -2"><span class='ocrx_word' id='word_1_78' title='bbox 292 1177 373 1231; x_wconf 79' lang='lat' dir='ltr'><strong>sic</strong></span> <span class='ocrx_word' id='word_1_79' title='bbox 400 1185 455 1230; x_wconf 88' lang='lat' dir='ltr'><strong>et</strong></span> <span class='ocrx_word' id='word_1_80' title='bbox 496 1177 545 1227; x_wconf 93' lang='lat' dir='ltr'><strong>in</strong></span> <span class='ocrx_word' id='word_1_81' title='bbox 588 1175 802 1228; x_wconf 80' lang='lat' dir='ltr'><strong>Christo</strong></span> <span class='ocrx_word' id='word_1_82' title='bbox 832 1189 1018 1225; x_wconf 81' lang='lat' dir='ltr'><strong>omnes</strong></span> <span class='ocrx_word' id='word_1_83' title='bbox 1048 1174 1478 1226; x_wconf 69' lang='lat' dir='ltr'><strong>vii&#39;ilirabunttir.</strong></span> 
     </span>
    </p>
   </div>
   <div class='ocr_carea' id='block_1_14' title="bbox 856 1264 1324 1320">
    <p class='ocr_par' dir='ltr' id='par_1_14' title="bbox 856 1264 1324 1320">
     <span class='ocr_line' id='line_1_14' title="bbox 856 1264 1324 1320; baseline 0.002 -1"><span class='ocrx_word' id='word_1_84' title='bbox 856 1265 1083 1320; x_wconf 77' lang='lat' dir='ltr'><strong>CAI’L‘T</strong></span> <span class='ocrx_word' id='word_1_85' title='bbox 1113 1264 1324 1320; x_wconf 63' lang='grc' dir='ltr'><strong>(Ἄξων.</strong></span> 
     </span>
    </p>
   </div>
   <div class='ocr_carea' id='block_1_15' title="bbox 294 1340 1875 1430">
    <p class='ocr_par' dir='ltr' id='par_1_15' title="bbox 294 1357 1875 1430">
     <span class='ocr_line' id='line_1_15' title="bbox 294 1357 1875 1430; baseline -0.003 -17"><span class='ocrx_word' id='word_1_86' title='bbox 294 1357 491 1413; x_wconf 77' lang='lat' dir='ltr'><strong>Contra</strong></span> <span class='ocrx_word' id='word_1_87' title='bbox 515 1361 566 1412; x_wconf 80' lang='lat' dir='ltr'><strong>id</strong></span> <span class='ocrx_word' id='word_1_88' title='bbox 590 1360 727 1430; x_wconf 77' lang='lat' dir='ltr'><strong>quod</strong></span> <span class='ocrx_word' id='word_1_89' title='bbox 751 1360 988 1411; x_wconf 72' lang='lat' dir='ltr'><strong>dixerunt</strong></span> <span class='ocrx_word' id='word_1_90' title='bbox 1010 1358 1275 1424; x_wconf 65' lang='lat' dir='ltr'><strong>Pelagiani</strong></span> <span class='ocrx_word' id='word_1_91' title='bbox 1305 1360 1577 1430; x_wconf 77' lang='lat' dir='ltr'><strong>humanam</strong></span> <span class='ocrx_word' id='word_1_92' title='bbox 1604 1375 1700 1409; x_wconf 81' lang='lat' dir='ltr'><strong>non</strong></span> <span class='ocrx_word' id='word_1_93' title='bbox 1730 1374 1875 1421; x_wconf 76' lang='lat' dir='ltr'><strong>posse</strong></span> 
     </span>
    </p>
   </div>
   <div class='ocr_carea' id='block_1_16' title="bbox 367 1428 1866 1496">
    <p class='ocr_par' dir='ltr' id='par_1_16' title="bbox 367 1428 1866 1496">
     <span class='ocr_line' id='line_1_16' title="bbox 367 1428 1866 1496; baseline 0.001 -18"><span class='ocrx_word' id='word_1_94' title='bbox 367 1441 566 1483; x_wconf 85' lang='lat' dir='ltr'><strong>mutare</strong></span> <span class='ocrx_word' id='word_1_95' title='bbox 602 1428 689 1483; x_wconf 66' lang='lat' dir='ltr'><strong>vel</strong></span> <span class='ocrx_word' id='word_1_96' title='bbox 727 1431 997 1482; x_wconf 79' lang='lat' dir='ltr'><strong>debilitare</strong></span> <span class='ocrx_word' id='word_1_97' title='bbox 1038 1439 1276 1479; x_wconf 83' lang='lat' dir='ltr'><strong>naturam</strong></span> <span class='ocrx_word' id='word_1_98' title='bbox 1316 1430 1369 1479; x_wconf 79' lang='lat' dir='ltr'><strong>id</strong></span> <span class='ocrx_word' id='word_1_99' title='bbox 1416 1428 1550 1496; x_wconf 66' lang='lat' dir='ltr'><strong>quod</strong></span> <span class='ocrx_word' id='word_1_100' title='bbox 1582 1432 1866 1480; x_wconf 77' lang='lat' dir='ltr'><strong>substantia</strong></span> 
     </span>
    </p>
   </div>
   <div class='ocr_carea' id='block_1_17' title="bbox 366 1498 1375 1564">
    <p class='ocr_par' dir='ltr' id='par_1_17' title="bbox 366 1498 1375 1564">
     <span class='ocr_line' id='line_1_17' title="bbox 366 1498 1375 1564; baseline 0 -13"><span class='ocrx_word' id='word_1_101' title='bbox 366 1512 535 1564; x_wconf 80' lang='lat' dir='ltr'><strong>caret;</strong></span> <span class='ocrx_word' id='word_1_102' title='bbox 564 1515 626 1553; x_wconf 74' lang='lat' dir='ltr'><strong>ea:</strong></span> <span class='ocrx_word' id='word_1_103' title='bbox 646 1501 773 1553; x_wconf 83' lang='lat' dir='ltr'><strong>libro</strong></span> <span class='ocrx_word' id='word_1_104' title='bbox 794 1501 855 1552; x_wconf 84' lang='lat' dir='ltr'><strong>de</strong></span> <span class='ocrx_word' id='word_1_105' title='bbox 882 1500 1082 1551; x_wconf 83' lang='lat' dir='ltr'><strong>Natura</strong></span> <span class='ocrx_word' id='word_1_106' title='bbox 1104 1509 1150 1551; x_wconf 75' lang='lat' dir='ltr'><strong>et</strong></span> <span class='ocrx_word' id='word_1_107' title='bbox 1176 1498 1375 1551; x_wconf 76' lang='lat' dir='ltr'><strong>Gratia.</strong></span> 
     </span>
    </p>
   </div>
   <div class='ocr_carea' id='block_1_18' title="bbox 370 1587 1877 1658">
    <p class='ocr_par' dir='ltr' id='par_1_18' title="bbox 370 1587 1877 1658">
     <span class='ocr_line' id='line_1_18' title="bbox 370 1587 1877 1658; baseline -0.002 -15"><span class='ocrx_word' id='word_1_108' title='bbox 370 1590 571 1652; x_wconf 76' lang='lat' dir='ltr'><strong>l‘riino,</strong></span> <span class='ocrx_word' id='word_1_109' title='bbox 598 1591 789 1658; x_wconf 74' lang='lat' dir='ltr'><strong>inquit,</strong></span> <span class='ocrx_word' id='word_1_110' title='bbox 810 1590 877 1644; x_wconf 91' lang='lat' dir='ltr'><strong>de</strong></span> <span class='ocrx_word' id='word_1_111' title='bbox 898 1604 961 1643; x_wconf 89' lang='lat' dir='ltr'><strong>eo</strong></span> <span class='ocrx_word' id='word_1_112' title='bbox 980 1588 1357 1654; x_wconf 82' lang='lat' dir='ltr'><strong>disputandum</strong></span> <span class='ocrx_word' id='word_1_113' title='bbox 1384 1587 1621 1655; x_wconf 86' lang='lat' dir='ltr'><strong>estquod</strong></span> <span class='ocrx_word' id='word_1_114' title='bbox 1644 1604 1737 1655; x_wconf 86' lang='lat' dir='ltr'><strong>per</strong></span> <span class='ocrx_word' id='word_1_115' title='bbox 1757 1602 1877 1655; x_wconf 87' lang='lat' dir='ltr'><strong>pec-</strong></span> 
     </span>
    </p>
   </div>
   <div class='ocr_carea' id='block_1_19' title="bbox 292 1681 1879 1737">
    <p class='ocr_par' dir='ltr' id='par_1_19' title="bbox 292 1681 1879 1737">
     <span class='ocr_line' id='line_1_19' title="bbox 292 1681 1879 1737; baseline -0.003 0"><span class='ocrx_word' id='word_1_116' title='bbox 292 1695 478 1737; x_wconf 86' lang='lat' dir='ltr'><strong>catum</strong></span> <span class='ocrx_word' id='word_1_117' title='bbox 494 1684 765 1737; x_wconf 79' lang='lat' dir='ltr'><strong>debilitata</strong></span> <span class='ocrx_word' id='word_1_118' title='bbox 784 1684 977 1735; x_wconf 85' lang='lat' dir='ltr'><strong>dicitur</strong></span> <span class='ocrx_word' id='word_1_119' title='bbox 995 1692 1047 1735; x_wconf 87' lang='lat' dir='ltr'><strong>et</strong></span> <span class='ocrx_word' id='word_1_120' title='bbox 1069 1681 1343 1735; x_wconf 83' lang='lat' dir='ltr'><strong>immutata</strong></span> <span class='ocrx_word' id='word_1_121' title='bbox 1367 1692 1574 1733; x_wconf 84' lang='lat' dir='ltr'><strong>natura.</strong></span> <span class='ocrx_word' id='word_1_122' title='bbox 1592 1681 1879 1735; x_wconf 85' lang='lat' dir='ltr'><strong>Uotleaule</strong></span> 
     </span>
    </p>
   </div>
   <div class='ocr_carea' id='block_1_20' title="bbox 1979 518 3562 589">
    <p class='ocr_par' dir='ltr' id='par_1_20' title="bbox 1979 518 3562 589">
     <span class='ocr_line' id='line_1_20' title="bbox 1979 518 3562 589; baseline 0.006 -21"><span class='ocrx_word' id='word_1_123' title='bbox 1979 519 2197 586; x_wconf 81' lang='lat' dir='ltr'><strong>qtuuris,</strong></span> <span class='ocrx_word' id='word_1_124' title='bbox 2233 518 2474 585; x_wconf 85' lang='lat' dir='ltr'><strong>inquam,</strong></span> <span class='ocrx_word' id='word_1_125' title='bbox 2507 528 2687 570; x_wconf 89' lang='lat' dir='ltr'><strong>utrum</strong></span> <span class='ocrx_word' id='word_1_126' title='bbox 2737 519 2954 585; x_wconf 72' lang='lat' dir='ltr'><strong>spiritus</strong></span> <span class='ocrx_word' id='word_1_127' title='bbox 3000 519 3302 572; x_wconf 65' lang='lat' dir='ltr'><strong>inun‘undus</strong></span> <span class='ocrx_word' id='word_1_128' title='bbox 3328 524 3417 589; x_wconf 92' lang='lat' dir='ltr'><strong>qtti</strong></span> <span class='ocrx_word' id='word_1_129' title='bbox 3447 534 3562 578; x_wconf 84' lang='lat' dir='ltr'><strong>erat</strong></span> 
     </span>
    </p>
   </div>
   <div class='ocr_carea' id='block_1_21' title="bbox 1979 607 3564 677">
    <p class='ocr_par' dir='ltr' id='par_1_21' title="bbox 1979 607 3564 677">
     <span class='ocr_line' id='line_1_21' title="bbox 1979 607 3564 677; baseline 0.003 -15"><span class='ocrx_word' id='word_1_130' title='bbox 1979 610 2031 663; x_wconf 87' lang='lat' dir='ltr'><strong>iii</strong></span> <span class='ocrx_word' id='word_1_131' title='bbox 2056 607 2369 677; x_wconf 84' lang='lat' dir='ltr'><strong>pythonissa</strong></span> <span class='ocrx_word' id='word_1_132' title='bbox 2402 610 2632 677; x_wconf 82' lang='lat' dir='ltr'><strong>potuerit</strong></span> <span class='ocrx_word' id='word_1_133' title='bbox 2659 625 2818 677; x_wconf 79' lang='lat' dir='ltr'><strong>agere</strong></span> <span class='ocrx_word' id='word_1_134' title='bbox 2851 620 2903 662; x_wconf 91' lang='lat' dir='ltr'><strong>ut</strong></span> <span class='ocrx_word' id='word_1_135' title='bbox 2924 608 3139 664; x_wconf 90' lang='lat' dir='ltr'><strong>Samuel</strong></span> <span class='ocrx_word' id='word_1_136' title='bbox 3168 624 3196 661; x_wconf 91' lang='lat' dir='ltr'><strong>a</strong></span> <span class='ocrx_word' id='word_1_137' title='bbox 3227 608 3389 664; x_wconf 86' lang='lat' dir='ltr'><strong>Saule</strong></span> <span class='ocrx_word' id='word_1_138' title='bbox 3417 612 3564 666; x_wconf 82' lang='lat' dir='ltr'><strong>vide-</strong></span> 
     </span>
    </p>
   </div>
   <div class='ocr_carea' id='block_1_22' title="bbox 1979 687 3557 769">
    <p class='ocr_par' dir='ltr' id='par_1_22' title="bbox 1979 687 3557 769">
     <span class='ocr_line' id='line_1_22' title="bbox 1979 687 3557 769; baseline 0.001 -17"><span class='ocrx_word' id='word_1_139' title='bbox 1979 713 2037 752; x_wconf 86' lang='lat' dir='ltr'><strong>re</strong></span> <span class='ocrx_word' id='word_1_140' title='bbox 2065 714 2144 761; x_wconf 92' lang='lat' dir='ltr'><strong>ur,</strong></span> <span class='ocrx_word' id='word_1_141' title='bbox 2176 687 2232 751; x_wconf 83' lang='lat' dir='ltr'><strong>et</strong></span> <span class='ocrx_word' id='word_1_142' title='bbox 2262 698 2571 765; x_wconf 88' lang='lat' dir='ltr'><strong>loqueretur</strong></span> <span class='ocrx_word' id='word_1_143' title='bbox 2599 712 2717 751; x_wconf 92' lang='lat' dir='ltr'><strong>cum</strong></span> <span class='ocrx_word' id='word_1_144' title='bbox 2750 714 2836 754; x_wconf 91' lang='lat' dir='ltr'><strong>co.</strong></span> <span class='ocrx_word' id='word_1_145' title='bbox 2874 699 2977 753; x_wconf 82' lang='lat' dir='ltr'><strong>Sed</strong></span> <span class='ocrx_word' id='word_1_146' title='bbox 3010 699 3177 753; x_wconf 89' lang='lat' dir='ltr'><strong>multo</strong></span> <span class='ocrx_word' id='word_1_147' title='bbox 3209 698 3427 769; x_wconf 82' lang='lat' dir='ltr'><strong>majoris</strong></span> <span class='ocrx_word' id='word_1_148' title='bbox 3458 702 3557 754; x_wconf 87' lang='lat' dir='ltr'><strong>nii-</strong></span> 
     </span>
    </p>
   </div>
   <div class='ocr_carea' id='block_1_23' title="bbox 1979 788 3561 858">
    <p class='ocr_par' dir='ltr' id='par_1_23' title="bbox 1979 788 3561 858">
     <span class='ocr_line' id='line_1_23' title="bbox 1979 788 3561 858; baseline 0.001 -15"><span class='ocrx_word' id='word_1_149' title='bbox 1979 789 2140 843; x_wconf 84' lang='lat' dir='ltr'><strong>raculi</strong></span> <span class='ocrx_word' id='word_1_150' title='bbox 2164 797 2269 852; x_wconf 87' lang='lat' dir='ltr'><strong>est,</strong></span> <span class='ocrx_word' id='word_1_151' title='bbox 2298 789 2437 857; x_wconf 88' lang='lat' dir='ltr'><strong>quod</strong></span> <span class='ocrx_word' id='word_1_152' title='bbox 2470 789 2583 855; x_wconf 85' lang='lat' dir='ltr'><strong>ipse</strong></span> <span class='ocrx_word' id='word_1_153' title='bbox 2610 789 2838 844; x_wconf 86' lang='lat' dir='ltr'><strong>Satanas</strong></span> <span class='ocrx_word' id='word_1_154' title='bbox 2887 788 3132 858; x_wconf 80' lang='lat' dir='ltr'><strong>princeps</strong></span> <span class='ocrx_word' id='word_1_155' title='bbox 3165 788 3561 845; x_wconf 90' lang='lat' dir='ltr'><strong>immundorum</strong></span> 
     </span>
    </p>
   </div>
   <div class='ocr_carea' id='block_1_24' title="bbox 1978 880 3564 952">
    <p class='ocr_par' dir='ltr' id='par_1_24' title="bbox 1978 880 3564 952">
     <span class='ocr_line' id='line_1_24' title="bbox 1978 880 3564 952; baseline 0.003 -18"><span class='ocrx_word' id='word_1_156' title='bbox 1978 880 2215 934; x_wconf 86' lang='lat' dir='ltr'><strong>omnium</strong></span> <span class='ocrx_word' id='word_1_157' title='bbox 2264 880 2548 947; x_wconf 73' lang='lat' dir='ltr'><strong>spirituum</strong></span> <span class='ocrx_word' id='word_1_158' title='bbox 2584 891 2752 948; x_wconf 24' lang='lat' dir='ltr'><strong>potuit</strong></span> <span class='ocrx_word' id='word_1_159' title='bbox 2784 881 2927 950; x_wconf 89' lang='lat' dir='ltr'><strong>loqui</strong></span> <span class='ocrx_word' id='word_1_160' title='bbox 2960 897 3080 934; x_wconf 92' lang='lat' dir='ltr'><strong>cuin</strong></span> <span class='ocrx_word' id='word_1_161' title='bbox 3133 882 3263 945; x_wconf 85' lang='lat' dir='ltr'><strong>Deo,</strong></span> <span class='ocrx_word' id='word_1_162' title='bbox 3296 893 3349 937; x_wconf 90' lang='lat' dir='ltr'><strong>ct</strong></span> <span class='ocrx_word' id='word_1_163' title='bbox 3380 895 3564 952; x_wconf 81' lang='lat' dir='ltr'><strong>petere</strong></span> 
     </span>
    </p>
   </div>
   <div class='ocr_carea' id='block_1_25' title="bbox 1987 968 3565 1040">
    <p class='ocr_par' dir='ltr' id='par_1_25' title="bbox 1987 968 3565 1040">
     <span class='ocr_line' id='line_1_25' title="bbox 1987 968 3565 1040; baseline 0 -16"><span class='ocrx_word' id='word_1_164' title='bbox 1987 969 2297 1024; x_wconf 90' lang='lat' dir='ltr'><strong>tentandum</strong></span> <span class='ocrx_word' id='word_1_165' title='bbox 2349 968 2451 1024; x_wconf 78' lang='lat' dir='ltr'><strong>Job</strong></span> <span class='ocrx_word' id='word_1_166' title='bbox 2488 968 2843 1037; x_wconf 87' lang='lat' dir='ltr'><strong>justissimutn</strong></span> <span class='ocrx_word' id='word_1_167' title='bbox 2882 972 3053 1023; x_wconf 85' lang='lat' dir='ltr'><strong>virum</strong></span> <span class='ocrx_word' id='word_1_168' title='bbox 3090 988 3102 1023; x_wconf 92' lang='lat'><strong>:</strong></span> <span class='ocrx_word' id='word_1_169' title='bbox 3134 971 3222 1039; x_wconf 90' lang='lat' dir='ltr'><strong>qui</strong></span> <span class='ocrx_word' id='word_1_170' title='bbox 3255 974 3413 1025; x_wconf 89' lang='lat' dir='ltr'><strong>etiam</strong></span> <span class='ocrx_word' id='word_1_171' title='bbox 3444 988 3565 1040; x_wconf 65' lang='lat' dir='ltr'><strong>apo-</strong></span> 
     </span>
    </p>
   </div>
   <div class='ocr_carea' id='block_1_26' title="bbox 1980 1058 3557 1127">
    <p class='ocr_par' dir='ltr' id='par_1_26' title="bbox 1980 1058 3557 1127">
     <span class='ocr_line' id='line_1_26' title="bbox 1980 1058 3557 1127; baseline 0.003 -16"><span class='ocrx_word' id='word_1_172' title='bbox 1980 1059 2144 1112; x_wconf 88' lang='lat' dir='ltr'><strong>stolos</strong></span> <span class='ocrx_word' id='word_1_173' title='bbox 2168 1058 2451 1111; x_wconf 85' lang='lat' dir='ltr'><strong>tentandos</strong></span> <span class='ocrx_word' id='word_1_174' title='bbox 2481 1058 2663 1127; x_wconf 89' lang='lat' dir='ltr'><strong>petiit;</strong></span> <span class='ocrx_word' id='word_1_175' title='bbox 2696 1068 2788 1112; x_wconf 84' lang='lat' dir='ltr'><strong>aut</strong></span> <span class='ocrx_word' id='word_1_176' title='bbox 2812 1059 2856 1111; x_wconf 86' lang='lat' dir='ltr'><strong>si</strong></span> <span class='ocrx_word' id='word_1_177' title='bbox 2886 1059 2986 1112; x_wconf 89' lang='lat' dir='ltr'><strong>hoc</strong></span> <span class='ocrx_word' id='word_1_178' title='bbox 3009 1059 3127 1114; x_wconf 88' lang='lat' dir='ltr'><strong>ideo</strong></span> <span class='ocrx_word' id='word_1_179' title='bbox 3151 1076 3255 1112; x_wconf 92' lang='lat' dir='ltr'><strong>non</strong></span> <span class='ocrx_word' id='word_1_180' title='bbox 3284 1060 3443 1115; x_wconf 90' lang='lat' dir='ltr'><strong>habet</strong></span> <span class='ocrx_word' id='word_1_181' title='bbox 3464 1061 3557 1115; x_wconf 77' lang='lat' dir='ltr'><strong>dif-</strong></span> 
     </span>
    </p>
   </div>
   <div class='ocr_carea' id='block_1_27' title="bbox 1984 1148 3551 1217">
    <p class='ocr_par' dir='ltr' id='par_1_27' title="bbox 1984 1148 3551 1217">
     <span class='ocr_line' id='line_1_27' title="bbox 1984 1148 3551 1217; baseline 0.003 -16"><span class='ocrx_word' id='word_1_182' title='bbox 1984 1148 2105 1202; x_wconf 49' lang='lat' dir='ltr'><strong>licilx</strong></span> <span class='ocrx_word' id='word_1_183' title='bbox 2128 1164 2179 1201; x_wconf 81' lang='grc' dir='ltr'>ω</span> <span class='ocrx_word' id='word_1_184' title='bbox 2204 1148 2579 1217; x_wconf 63' lang='lat' dir='ltr'><strong>quaestionem,</strong></span> <span class='ocrx_word' id='word_1_185' title='bbox 2609 1152 2731 1216; x_wconf 91' lang='lat' dir='ltr'><strong>quia</strong></span> <span class='ocrx_word' id='word_1_186' title='bbox 2773 1164 2865 1214; x_wconf 85' lang='lat' dir='ltr'><strong>per</strong></span> <span class='ocrx_word' id='word_1_187' title='bbox 2893 1163 3049 1216; x_wconf 90' lang='lat' dir='ltr'><strong>quam</strong></span> <span class='ocrx_word' id='word_1_188' title='bbox 3081 1150 3309 1204; x_wconf 89' lang='lat' dir='ltr'><strong>voluerit</strong></span> <span class='ocrx_word' id='word_1_189' title='bbox 3342 1165 3551 1205; x_wconf 85' lang='lat' dir='ltr'><strong>creatu—</strong></span> 
     </span>
    </p>
   </div>
   <div class='ocr_carea' id='block_1_28' title="bbox 1982 1238 3554 1307">
    <p class='ocr_par' dir='ltr' id='par_1_28' title="bbox 1982 1238 3554 1307">
     <span class='ocr_line' id='line_1_28' title="bbox 1982 1238 3554 1307; baseline 0.001 -15"><span class='ocrx_word' id='word_1_190' title='bbox 1982 1253 2121 1307; x_wconf 85' lang='lat' dir='ltr'><strong>ram,</strong></span> <span class='ocrx_word' id='word_1_191' title='bbox 2154 1242 2236 1293; x_wconf 92' lang='lat' dir='ltr'><strong>cui</strong></span> <span class='ocrx_word' id='word_1_192' title='bbox 2268 1239 2495 1292; x_wconf 86' lang='lat' dir='ltr'><strong>voluerit</strong></span> <span class='ocrx_word' id='word_1_193' title='bbox 2537 1247 2818 1299; x_wconf 79' lang='lat' dir='ltr'><strong>creaturzc,</strong></span> <span class='ocrx_word' id='word_1_194' title='bbox 2868 1238 3064 1306; x_wconf 90' lang='lat' dir='ltr'><strong>ubique</strong></span> <span class='ocrx_word' id='word_1_195' title='bbox 3095 1252 3330 1306; x_wconf 67' lang='lat' dir='ltr'><strong>praesens</strong></span> <span class='ocrx_word' id='word_1_196' title='bbox 3358 1246 3554 1295; x_wconf 85' lang='lat' dir='ltr'><strong>veritas</strong></span> 
     </span>
    </p>
   </div>
   <div class='ocr_carea' id='block_1_29' title="bbox 1984 1329 3560 1401">
    <p class='ocr_par' dir='ltr' id='par_1_29' title="bbox 1984 1329 3560 1401">
     <span class='ocr_line' id='line_1_29' title="bbox 1984 1329 3560 1401; baseline 0.002 -18"><span class='ocrx_word' id='word_1_197' title='bbox 1984 1329 2217 1398; x_wconf 86' lang='lat' dir='ltr'><strong>loquitur</strong></span> <span class='ocrx_word' id='word_1_198' title='bbox 2250 1344 2387 1383; x_wconf 88' lang='lat' dir='ltr'><strong>:ucc</strong></span> <span class='ocrx_word' id='word_1_199' title='bbox 2419 1339 2700 1399; x_wconf 75' lang='lat' dir='ltr'><strong>pmpterea</strong></span> <span class='ocrx_word' id='word_1_200' title='bbox 2734 1330 2907 1397; x_wconf 83' lang='lat' dir='ltr'><strong>magni</strong></span> <span class='ocrx_word' id='word_1_201' title='bbox 2941 1330 3115 1383; x_wconf 68' lang='lat' dir='ltr'><strong>meriti</strong></span> <span class='ocrx_word' id='word_1_202' title='bbox 3161 1341 3248 1384; x_wconf 88' lang='lat' dir='ltr'><strong>est</strong></span> <span class='ocrx_word' id='word_1_203' title='bbox 3275 1333 3361 1385; x_wconf 79' lang='lat' dir='ltr'><strong>cui</strong></span> <span class='ocrx_word' id='word_1_204' title='bbox 3391 1334 3560 1401; x_wconf 86' lang='lat' dir='ltr'><strong>loqui-</strong></span> 
     </span>
    </p>
   </div>
   <div class='ocr_carea' id='block_1_30' title="bbox 1989 1423 3564 1494">
    <p class='ocr_par' dir='ltr' id='par_1_30' title="bbox 1989 1423 3564 1494">
     <span class='ocr_line' id='line_1_30' title="bbox 1989 1423 3564 1494; baseline 0.001 -17"><span class='ocrx_word' id='word_1_205' title='bbox 1989 1432 2074 1477; x_wconf 88' lang='lat' dir='ltr'><strong>tur</strong></span> <span class='ocrx_word' id='word_1_206' title='bbox 2106 1424 2280 1489; x_wconf 89' lang='lat' dir='ltr'><strong>Dcus;</strong></span> <span class='ocrx_word' id='word_1_207' title='bbox 2317 1424 2540 1477; x_wconf 85' lang='lat' dir='ltr'><strong>interest</strong></span> <span class='ocrx_word' id='word_1_208' title='bbox 2577 1424 2718 1477; x_wconf 88' lang='lat' dir='ltr'><strong>enim</strong></span> <span class='ocrx_word' id='word_1_209' title='bbox 2760 1424 2884 1492; x_wconf 90' lang='lat' dir='ltr'><strong>quid</strong></span> <span class='ocrx_word' id='word_1_210' title='bbox 2928 1423 3088 1494; x_wconf 88' lang='lat' dir='ltr'><strong>[ipse]</strong></span> <span class='ocrx_word' id='word_1_211' title='bbox 3137 1424 3412 1493; x_wconf 86' lang='lat' dir='ltr'><strong>loquatur;</strong></span> <span class='ocrx_word' id='word_1_212' title='bbox 3444 1430 3564 1493; x_wconf 81' lang='lat' dir='ltr'><strong>quia</strong></span> 
     </span>
    </p>
   </div>
   <div class='ocr_carea' id='block_1_31' title="bbox 1987 1514 3562 1585">
    <p class='ocr_par' dir='ltr' id='par_1_31' title="bbox 1987 1514 3562 1585">
     <span class='ocr_line' id='line_1_31' title="bbox 1987 1514 3562 1585; baseline -0.004 -14"><span class='ocrx_word' id='word_1_213' title='bbox 1987 1525 2043 1571; x_wconf 88' lang='lat' dir='ltr'><strong>et</strong></span> <span class='ocrx_word' id='word_1_214' title='bbox 2067 1517 2362 1585; x_wconf 89' lang='lat' dir='ltr'><strong>imperator</strong></span> <span class='ocrx_word' id='word_1_215' title='bbox 2387 1530 2507 1568; x_wconf 92' lang='lat' dir='ltr'><strong>cum</strong></span> <span class='ocrx_word' id='word_1_216' title='bbox 2542 1514 2720 1567; x_wconf 59' lang='lat' dir='ltr'><strong>multis</strong></span> <span class='ocrx_word' id='word_1_217' title='bbox 2750 1515 3120 1569; x_wconf 77' lang='lat' dir='ltr'><strong>innocentibus</strong></span> <span class='ocrx_word' id='word_1_218' title='bbox 3151 1532 3253 1569; x_wconf 90' lang='lat' dir='ltr'><strong>non</strong></span> <span class='ocrx_word' id='word_1_219' title='bbox 3286 1516 3520 1583; x_wconf 81' lang='lat' dir='ltr'><strong>loquitur</strong></span> <span class='ocrx_word' id='word_1_220' title='bbox 3548 1558 3562 1579; x_wconf 83' lang='grc'><em>,</em></span> 
     </span>
    </p>
   </div>
   <div class='ocr_carea' id='block_1_32' title="bbox 1986 1608 3565 1677">
    <p class='ocr_par' dir='ltr' id='par_1_32' title="bbox 1986 1608 3565 1677">
     <span class='ocr_line' id='line_1_32' title="bbox 1986 1608 3565 1677; baseline 0.001 -19"><span class='ocrx_word' id='word_1_221' title='bbox 1986 1609 2183 1677; x_wconf 88' lang='lat' dir='ltr'><strong>quibus</strong></span> <span class='ocrx_word' id='word_1_222' title='bbox 2218 1608 2683 1676; x_wconf 77' lang='lat' dir='ltr'><strong>providentissime</strong></span> <span class='ocrx_word' id='word_1_223' title='bbox 2726 1609 2956 1659; x_wconf 81' lang='lat' dir='ltr'><strong>consulit</strong></span> <span class='ocrx_word' id='word_1_224' title='bbox 2977 1608 3041 1659; x_wconf 90' lang='lat' dir='ltr'><strong>ad</strong></span> <span class='ocrx_word' id='word_1_225' title='bbox 3068 1608 3294 1661; x_wconf 86' lang='lat' dir='ltr'><strong>salutem</strong></span> <span class='ocrx_word' id='word_1_226' title='bbox 3320 1649 3335 1671; x_wconf 92' lang='lat'><strong>,</strong></span> <span class='ocrx_word' id='word_1_227' title='bbox 3367 1620 3418 1660; x_wconf 80' lang='lat' dir='ltr'><strong>et</strong></span> <span class='ocrx_word' id='word_1_228' title='bbox 3446 1626 3565 1660; x_wconf 81' lang='lat' dir='ltr'><strong>eum</strong></span> 
     </span>
    </p>
   </div>
   <div class='ocr_carea' id='block_1_33' title="bbox 1986 1698 3563 1765">
    <p class='ocr_par' dir='ltr' id='par_1_33' title="bbox 1986 1698 3563 1765">
     <span class='ocr_line' id='line_1_33' title="bbox 1986 1698 3563 1765; baseline -0.001 -13"><span class='ocrx_word' id='word_1_229' title='bbox 1986 1701 2164 1752; x_wconf 90' lang='lat' dir='ltr'><strong>mu&#39;tis</strong></span> <span class='ocrx_word' id='word_1_230' title='bbox 2194 1700 2507 1751; x_wconf 74' lang='lat' dir='ltr'><strong>nocentibus</strong></span> <span class='ocrx_word' id='word_1_231' title='bbox 2538 1700 2769 1765; x_wconf 79' lang='lat' dir='ltr'><strong>loquitur</strong></span> <span class='ocrx_word' id='word_1_232' title='bbox 2791 1737 2807 1759; x_wconf 84' lang='lat'><strong>,</strong></span> <span class='ocrx_word' id='word_1_233' title='bbox 2840 1713 2973 1764; x_wconf 87' lang='lat' dir='ltr'><strong>quos</strong></span> <span class='ocrx_word' id='word_1_234' title='bbox 3017 1698 3167 1765; x_wconf 84' lang='lat' dir='ltr'><strong>jubet</strong></span> <span class='ocrx_word' id='word_1_235' title='bbox 3217 1699 3441 1751; x_wconf 82' lang='lat' dir='ltr'><strong>interfici</strong></span> <span class='ocrx_word' id='word_1_236' title='bbox 3472 1715 3485 1752; x_wconf 91' lang='lat'>:</span> <span class='ocrx_word' id='word_1_237' title='bbox 3519 1702 3563 1751; x_wconf 88' lang='lat' dir='ltr'><strong>si</strong></span> 
     </span>
    </p>
   </div>
   <div class='ocr_carea' id='block_1_34' title="bbox 294 1773 1883 1862">
    <p class='ocr_par' dir='ltr' id='par_1_34' title="bbox 294 1773 1878 1844">
     <span class='ocr_line' id='line_1_34' title="bbox 294 1773 1878 1844; baseline -0.004 -17"><span class='ocrx_word' id='word_1_238' title='bbox 294 1776 477 1828; x_wconf 89' lang='lat' dir='ltr'><strong>omnia</strong></span> <span class='ocrx_word' id='word_1_239' title='bbox 523 1774 867 1844; x_wconf 88' lang='lat' dir='ltr'><strong>qua-rettdum</strong></span> <span class='ocrx_word' id='word_1_240' title='bbox 933 1783 1088 1841; x_wconf 90' lang='lat' dir='ltr'><strong>puto,</strong></span> <span class='ocrx_word' id='word_1_241' title='bbox 1120 1773 1307 1842; x_wconf 90' lang='lat' dir='ltr'><strong>inquit,</strong></span> <span class='ocrx_word' id='word_1_242' title='bbox 1340 1774 1465 1841; x_wconf 85' lang='lat' dir='ltr'><strong>quid</strong></span> <span class='ocrx_word' id='word_1_243' title='bbox 1490 1774 1557 1825; x_wconf 87' lang='lat' dir='ltr'><strong>sit</strong></span> <span class='ocrx_word' id='word_1_244' title='bbox 1585 1788 1658 1839; x_wconf 90' lang='lat' dir='ltr'><strong>pe-</strong></span> <span class='ocrx_word' id='word_1_245' title='bbox 1681 1782 1878 1834; x_wconf 90' lang='lat' dir='ltr'><strong>catum,</strong></span> 
     </span>
    </p>
   </div>
   <div class='ocr_carea' id='block_1_35' title="bbox 1991 1773 3567 1862">
    <p class='ocr_par' dir='ltr' id='par_1_35' title="bbox 1994 1788 3567 1857">
     <span class='ocr_line' id='line_1_35' title="bbox 1994 1788 3567 1857; baseline -0.003 -15"><span class='ocrx_word' id='word_1_246' title='bbox 1994 1804 2119 1857; x_wconf 84' lang='lat' dir='ltr'><strong>ergo</strong></span> <span class='ocrx_word' id='word_1_247' title='bbox 2152 1788 2275 1841; x_wconf 86' lang='lat' dir='ltr'><strong>hinc</strong></span> <span class='ocrx_word' id='word_1_248' title='bbox 2307 1800 2585 1855; x_wconf 79' lang='lat' dir='ltr'><strong>propterea</strong></span> <span class='ocrx_word' id='word_1_249' title='bbox 2616 1789 2753 1839; x_wconf 87' lang='lat' dir='ltr'><strong>nulla</strong></span> <span class='ocrx_word' id='word_1_250' title='bbox 2781 1788 3003 1855; x_wconf 76' lang='lat' dir='ltr'><strong>quzrstiu</strong></span> <span class='ocrx_word' id='word_1_251' title='bbox 3026 1798 3129 1851; x_wconf 81' lang='lat' dir='ltr'><strong>est,</strong></span> <span class='ocrx_word' id='word_1_252' title='bbox 3162 1790 3300 1840; x_wconf 72' lang='lat' dir='ltr'><strong>nulla</strong></span> <span class='ocrx_word' id='word_1_253' title='bbox 3329 1790 3397 1841; x_wconf 82' lang='lat' dir='ltr'><strong>sit</strong></span> <span class='ocrx_word' id='word_1_254' title='bbox 3420 1804 3567 1855; x_wconf 77' lang='lat' dir='ltr'><strong>qtize-</strong></span> 
     </span>
    </p>
   </div>
   <div class='ocr_carea' id='block_1_36' title="bbox 295 1866 1878 1935">
    <p class='ocr_par' dir='ltr' id='par_1_36' title="bbox 295 1866 1878 1935">
     <span class='ocr_line' id='line_1_36' title="bbox 295 1866 1878 1935; baseline 0.002 -18"><span class='ocrx_word' id='word_1_255' title='bbox 295 1867 595 1920; x_wconf 80' lang='lat' dir='ltr'><strong>substantia</strong></span> <span class='ocrx_word' id='word_1_256' title='bbox 627 1866 823 1935; x_wconf 87' lang='lat' dir='ltr'><strong>aliqua,</strong></span> <span class='ocrx_word' id='word_1_257' title='bbox 858 1882 922 1919; x_wconf 89' lang='lat' dir='ltr'><strong>an</strong></span> <span class='ocrx_word' id='word_1_258' title='bbox 974 1866 1195 1919; x_wconf 87' lang='lat' dir='ltr'><strong>omnino</strong></span> <span class='ocrx_word' id='word_1_259' title='bbox 1224 1866 1522 1918; x_wconf 71' lang='lat' dir='ltr'><strong>substantia</strong></span> <span class='ocrx_word' id='word_1_260' title='bbox 1552 1867 1658 1935; x_wconf 82' lang='lat'><strong>76</strong></span> <span class='ocrx_word' id='word_1_261' title='bbox 1688 1881 1878 1921; x_wconf 83' lang='lat' dir='ltr'><strong>carens</strong></span> 
     </span>
    </p>
   </div>
   <div class='ocr_carea' id='block_1_37' title="bbox 295 1957 1879 2026">
    <p class='ocr_par' dir='ltr' id='par_1_37' title="bbox 295 1957 1879 2026">
     <span class='ocr_line' id='line_1_37' title="bbox 295 1957 1879 2026; baseline 0.001 -16"><span class='ocrx_word' id='word_1_262' title='bbox 295 1972 523 2021; x_wconf 84' lang='lat' dir='ltr'><strong>nomen,</strong></span> <span class='ocrx_word' id='word_1_263' title='bbox 552 1973 659 2026; x_wconf 88' lang='lat' dir='ltr'><strong>quo</strong></span> <span class='ocrx_word' id='word_1_264' title='bbox 680 1972 783 2011; x_wconf 93' lang='lat' dir='ltr'><strong>non</strong></span> <span class='ocrx_word' id='word_1_265' title='bbox 810 1972 915 2019; x_wconf 88' lang='lat' dir='ltr'><strong>res.</strong></span> <span class='ocrx_word' id='word_1_266' title='bbox 943 1973 1045 2011; x_wconf 90' lang='lat' dir='ltr'><strong>non</strong></span> <span class='ocrx_word' id='word_1_267' title='bbox 1068 1957 1372 2020; x_wconf 83' lang='lat' dir='ltr'><strong>existentia,</strong></span> <span class='ocrx_word' id='word_1_268' title='bbox 1407 1974 1513 2010; x_wconf 83' lang='lat' dir='ltr'><strong>non</strong></span> <span class='ocrx_word' id='word_1_269' title='bbox 1544 1973 1739 2026; x_wconf 86' lang='lat' dir='ltr'><strong>corpus</strong></span> <span class='ocrx_word' id='word_1_270' title='bbox 1781 1960 1879 2011; x_wconf 90' lang='lat' dir='ltr'><strong>ali-</strong></span> 
     </span>
    </p>
   </div>
   <div class='ocr_carea' id='block_1_38' title="bbox 297 2049 1878 2119">
    <p class='ocr_par' dir='ltr' id='par_1_38' title="bbox 297 2049 1878 2119">
     <span class='ocr_line' id='line_1_38' title="bbox 297 2049 1878 2119; baseline 0.004 -21"><span class='ocrx_word' id='word_1_271' title='bbox 297 2050 466 2115; x_wconf 85' lang='lat' dir='ltr'><strong>quod,</strong></span> <span class='ocrx_word' id='word_1_272' title='bbox 490 2050 584 2104; x_wconf 88' lang='lat' dir='ltr'><strong>sed</strong></span> <span class='ocrx_word' id='word_1_273' title='bbox 618 2064 896 2119; x_wconf 82' lang='lat' dir='ltr'><strong>perperam</strong></span> <span class='ocrx_word' id='word_1_274' title='bbox 947 2050 1068 2105; x_wconf 87' lang='lat' dir='ltr'><strong>facti</strong></span> <span class='ocrx_word' id='word_1_275' title='bbox 1098 2061 1247 2104; x_wconf 89' lang='lat' dir='ltr'><strong>actus</strong></span> <span class='ocrx_word' id='word_1_276' title='bbox 1295 2049 1631 2117; x_wconf 79' lang='lat' dir='ltr'><strong>exprimitur.</strong></span> <span class='ocrx_word' id='word_1_277' title='bbox 1678 2050 1878 2104; x_wconf 86' lang='lat' dir='ltr'><strong>Deinde</strong></span> 
     </span>
    </p>
   </div>
   <div class='ocr_carea' id='block_1_39' title="bbox 298 2140 1879 2209">
    <p class='ocr_par' dir='ltr' id='par_1_39' title="bbox 298 2140 1879 2209">
     <span class='ocr_line' id='line_1_39' title="bbox 298 2140 1879 2209; baseline 0.001 -17"><span class='ocrx_word' id='word_1_278' title='bbox 298 2140 546 2209; x_wconf 81' lang='lat' dir='ltr'><strong>adjungit</strong></span> <span class='ocrx_word' id='word_1_279' title='bbox 578 2159 589 2192; x_wconf 89' lang='lat'>:</span> <span class='ocrx_word' id='word_1_280' title='bbox 626 2141 803 2194; x_wconf 81' lang='lat' dir='ltr'><strong>Credo</strong></span> <span class='ocrx_word' id='word_1_281' title='bbox 834 2142 904 2193; x_wconf 90' lang='lat' dir='ltr'><strong>ita</strong></span> <span class='ocrx_word' id='word_1_282' title='bbox 935 2149 1053 2202; x_wconf 86' lang='lat' dir='ltr'><strong>est;</strong></span> <span class='ocrx_word' id='word_1_283' title='bbox 1079 2151 1135 2195; x_wconf 88' lang='lat' dir='ltr'><strong>et.</strong></span> <span class='ocrx_word' id='word_1_284' title='bbox 1178 2141 1222 2195; x_wconf 90' lang='lat' dir='ltr'><strong>si</strong></span> <span class='ocrx_word' id='word_1_285' title='bbox 1252 2141 1321 2194; x_wconf 89' lang='lat' dir='ltr'><strong>ita</strong></span> <span class='ocrx_word' id='word_1_286' title='bbox 1371 2149 1487 2205; x_wconf 85' lang='lat' dir='ltr'><strong>est,</strong></span> <span class='ocrx_word' id='word_1_287' title='bbox 1512 2141 1716 2209; x_wconf 86' lang='lat' dir='ltr'><strong>inquit,</strong></span> <span class='ocrx_word' id='word_1_288' title='bbox 1743 2156 1879 2209; x_wconf 89' lang='lat' dir='ltr'><strong>quo-</strong></span> 
     </span>
    </p>
   </div>
   <div class='ocr_carea' id='block_1_40' title="bbox 298 2233 1877 2301">
    <p class='ocr_par' dir='ltr' id='par_1_40' title="bbox 298 2233 1877 2301">
     <span class='ocr_line' id='line_1_40' title="bbox 298 2233 1877 2301; baseline 0 -16"><span class='ocrx_word' id='word_1_289' title='bbox 298 2234 464 2285; x_wconf 88' lang='lat' dir='ltr'><strong>modo</strong></span> <span class='ocrx_word' id='word_1_290' title='bbox 486 2233 657 2301; x_wconf 88' lang='lat' dir='ltr'><strong>potuit</strong></span> <span class='ocrx_word' id='word_1_291' title='bbox 692 2234 972 2289; x_wconf 85' lang='lat' dir='ltr'><strong>humanam</strong></span> <span class='ocrx_word' id='word_1_292' title='bbox 997 2234 1275 2289; x_wconf 87' lang='lat' dir='ltr'><strong>debilitare</strong></span> <span class='ocrx_word' id='word_1_293' title='bbox 1298 2234 1377 2289; x_wconf 91' lang='lat' dir='ltr'><strong>vel</strong></span> <span class='ocrx_word' id='word_1_294' title='bbox 1401 2244 1608 2287; x_wconf 85' lang='lat' dir='ltr'><strong>mutare</strong></span> <span class='ocrx_word' id='word_1_295' title='bbox 1637 2245 1877 2287; x_wconf 90' lang='lat' dir='ltr'><strong>naturam</strong></span> 
     </span>
    </p>
   </div>
   <div class='ocr_carea' id='block_1_41' title="bbox 297 2322 1880 2393">
    <p class='ocr_par' dir='ltr' id='par_1_41' title="bbox 297 2322 1880 2393">
     <span class='ocr_line' id='line_1_41' title="bbox 297 2322 1880 2393; baseline 0.003 -21"><span class='ocrx_word' id='word_1_296' title='bbox 297 2323 444 2388; x_wconf 90' lang='lat' dir='ltr'><strong>quod</strong></span> <span class='ocrx_word' id='word_1_297' title='bbox 473 2322 764 2377; x_wconf 78' lang='lat' dir='ltr'><strong>subSIantia</strong></span> <span class='ocrx_word' id='word_1_298' title='bbox 791 2325 970 2378; x_wconf 85' lang='lat' dir='ltr'><strong>caret?</strong></span> <span class='ocrx_word' id='word_1_299' title='bbox 1004 2324 1303 2378; x_wconf 77' lang='lat' dir='ltr'><strong>Cernitisne</strong></span> <span class='ocrx_word' id='word_1_300' title='bbox 1327 2340 1433 2393; x_wconf 91' lang='lat' dir='ltr'><strong>quo</strong></span> <span class='ocrx_word' id='word_1_301' title='bbox 1464 2324 1649 2378; x_wconf 82' lang='lat' dir='ltr'><strong>tendat</strong></span> <span class='ocrx_word' id='word_1_302' title='bbox 1674 2333 1728 2377; x_wconf 86' lang='lat' dir='ltr'><strong>et</strong></span> <span class='ocrx_word' id='word_1_303' title='bbox 1776 2338 1880 2391; x_wconf 92' lang='lat' dir='ltr'><strong>quo</strong></span> 
     </span>
    </p>
   </div>
   <div class='ocr_carea' id='block_1_42' title="bbox 298 2416 1879 2485">
    <p class='ocr_par' dir='ltr' id='par_1_42' title="bbox 298 2416 1879 2485">
     <span class='ocr_line' id='line_1_42' title="bbox 298 2416 1879 2485; baseline 0.001 -18"><span class='ocrx_word' id='word_1_304' title='bbox 298 2430 493 2467; x_wconf 84' lang='lat' dir='ltr'><strong>manus</strong></span> <span class='ocrx_word' id='word_1_305' title='bbox 539 2416 772 2485; x_wconf 78' lang='lat' dir='ltr'><strong>porrigat</strong></span> <span class='ocrx_word' id='word_1_306' title='bbox 831 2417 943 2470; x_wconf 71' lang='lat' dir='ltr'><strong>haec</strong></span> <span class='ocrx_word' id='word_1_307' title='bbox 971 2416 1295 2485; x_wconf 81' lang='lat' dir='ltr'><strong>disputatio,</strong></span> <span class='ocrx_word' id='word_1_308' title='bbox 1330 2429 1384 2469; x_wconf 91' lang='lat' dir='ltr'><strong>ut</strong></span> <span class='ocrx_word' id='word_1_309' title='bbox 1414 2418 1633 2469; x_wconf 79' lang='lat' dir='ltr'><strong>omnino</strong></span> <span class='ocrx_word' id='word_1_310' title='bbox 1682 2416 1879 2470; x_wconf 77' lang='lat' dir='ltr'><strong>frustra</strong></span> 
     </span>
    </p>
   </div>
   <div class='ocr_carea' id='block_1_43' title="bbox 298 2508 1880 2577">
    <p class='ocr_par' dir='ltr' id='par_1_43' title="bbox 298 2508 1880 2577">
     <span class='ocr_line' id='line_1_43' title="bbox 298 2508 1880 2577; baseline 0 -16"><span class='ocrx_word' id='word_1_311' title='bbox 298 2509 505 2562; x_wconf 73' lang='lat' dir='ltr'><strong>dictum</strong></span> <span class='ocrx_word' id='word_1_312' title='bbox 575 2519 819 2577; x_wconf 90' lang='lat' dir='ltr'><strong>putetur,</strong></span> <span class='ocrx_word' id='word_1_313' title='bbox 850 2509 1076 2564; x_wconf 79' lang='lat' dir='ltr'><strong>Vocabis</strong></span> <span class='ocrx_word' id='word_1_314' title='bbox 1123 2525 1316 2563; x_wconf 82' lang='lat' dir='ltr'><strong>nomen</strong></span> <span class='ocrx_word' id='word_1_315' title='bbox 1372 2509 1486 2577; x_wconf 86' lang='lat' dir='ltr'><strong>ejus</strong></span> <span class='ocrx_word' id='word_1_316' title='bbox 1515 2509 1696 2563; x_wconf 80' lang='lat' dir='ltr'><strong>Jenm</strong></span> <span class='ocrx_word' id='word_1_317' title='bbox 1728 2508 1880 2576; x_wconf 85' lang='lat' dir='ltr'><strong>:ipse</strong></span> 
     </span>
    </p>
   </div>
   <div class='ocr_carea' id='block_1_44' title="bbox 300 2604 1876 2673">
    <p class='ocr_par' dir='ltr' id='par_1_44' title="bbox 300 2604 1876 2673">
     <span class='ocr_line' id='line_1_44' title="bbox 300 2604 1876 2673; baseline -0.001 -17"><span class='ocrx_word' id='word_1_318' title='bbox 300 2606 446 2658; x_wconf 78' lang='lat' dir='ltr'><strong>enim</strong></span> <span class='ocrx_word' id='word_1_319' title='bbox 476 2605 681 2658; x_wconf 90' lang='lat' dir='ltr'><strong>salvum</strong></span> <span class='ocrx_word' id='word_1_320' title='bbox 712 2604 869 2658; x_wconf 87' lang='lat' dir='ltr'><strong>faciet</strong></span> <span class='ocrx_word' id='word_1_321' title='bbox 898 2606 1147 2673; x_wconf 90' lang='lat' dir='ltr'><strong>populum</strong></span> <span class='ocrx_word' id='word_1_322' title='bbox 1168 2620 1321 2659; x_wconf 92' lang='lat' dir='ltr'><strong>suum</strong></span> <span class='ocrx_word' id='word_1_323' title='bbox 1352 2620 1379 2656; x_wconf 87' lang='lat' dir='ltr'><strong>a</strong></span> <span class='ocrx_word' id='word_1_324' title='bbox 1404 2604 1639 2671; x_wconf 85' lang='lat' dir='ltr'><strong>peccatis</strong></span> <span class='ocrx_word' id='word_1_325' title='bbox 1666 2617 1876 2657; x_wconf 88' lang='lat' dir='ltr'><strong>eorum.</strong></span> 
     </span>
    </p>
   </div>
   <div class='ocr_carea' id='block_1_45' title="bbox 302 2692 1882 2760">
    <p class='ocr_par' dir='ltr' id='par_1_45' title="bbox 302 2692 1882 2760">
     <span class='ocr_line' id='line_1_45' title="bbox 302 2692 1882 2760; baseline -0.003 -13"><span class='ocrx_word' id='word_1_326' title='bbox 302 2696 588 2760; x_wconf 81' lang='lat' dir='ltr'><strong>Quomodo</strong></span> <span class='ocrx_word' id='word_1_327' title='bbox 608 2696 748 2748; x_wconf 87' lang='lat' dir='ltr'><strong>enim</strong></span> <span class='ocrx_word' id='word_1_328' title='bbox 775 2694 979 2748; x_wconf 88' lang='lat' dir='ltr'><strong>salvum</strong></span> <span class='ocrx_word' id='word_1_329' title='bbox 1011 2693 1188 2756; x_wconf 85' lang='lat' dir='ltr'><strong>faciet,</strong></span> <span class='ocrx_word' id='word_1_330' title='bbox 1212 2695 1298 2746; x_wconf 90' lang='lat' dir='ltr'><strong>tibi</strong></span> <span class='ocrx_word' id='word_1_331' title='bbox 1324 2694 1464 2746; x_wconf 90' lang='lat' dir='ltr'><strong>nulla</strong></span> <span class='ocrx_word' id='word_1_332' title='bbox 1488 2703 1562 2746; x_wconf 90' lang='lat' dir='ltr'><strong>est</strong></span> <span class='ocrx_word' id='word_1_333' title='bbox 1591 2692 1882 2760; x_wconf 65' lang='lat' dir='ltr'><strong>aegritudo?</strong></span> 
     </span>
    </p>
   </div>
   <div class='ocr_carea' id='block_1_46' title="bbox 303 2784 1880 2856">
    <p class='ocr_par' dir='ltr' id='par_1_46' title="bbox 303 2784 1880 2856">
     <span class='ocr_line' id='line_1_46' title="bbox 303 2784 1880 2856; baseline -0.004 -16"><span class='ocrx_word' id='word_1_334' title='bbox 303 2796 521 2853; x_wconf 73' lang='lat' dir='ltr'><strong>peccata</strong></span> <span class='ocrx_word' id='word_1_335' title='bbox 573 2789 767 2855; x_wconf 85' lang='lat' dir='ltr'><strong>quippe</strong></span> <span class='ocrx_word' id='word_1_336' title='bbox 816 2802 876 2840; x_wconf 86' lang='lat' dir='ltr'><strong>ea</strong></span> <span class='ocrx_word' id='word_1_337' title='bbox 907 2786 1096 2856; x_wconf 89' lang='lat' dir='ltr'><strong>quibus</strong></span> <span class='ocrx_word' id='word_1_338' title='bbox 1124 2785 1252 2839; x_wconf 83' lang='lat' dir='ltr'><strong>dicit</strong></span> <span class='ocrx_word' id='word_1_339' title='bbox 1283 2784 1625 2854; x_wconf 81' lang='lat' dir='ltr'><strong>Evangelium</strong></span> <span class='ocrx_word' id='word_1_340' title='bbox 1675 2785 1880 2833; x_wconf 83' lang='lat' dir='ltr'><strong>salvum</strong></span> 
     </span>
    </p>
   </div>
   <div class='ocr_carea' id='block_1_47' title="bbox 306 2876 1881 2947">
    <p class='ocr_par' dir='ltr' id='par_1_47' title="bbox 306 2876 1881 2947">
     <span class='ocr_line' id='line_1_47' title="bbox 306 2876 1881 2947; baseline -0.001 -19"><span class='ocrx_word' id='word_1_341' title='bbox 306 2876 606 2931; x_wconf 74' lang='lat' dir='ltr'><strong>faciendum</strong></span> <span class='ocrx_word' id='word_1_342' title='bbox 652 2880 901 2947; x_wconf 79' lang='lat' dir='ltr'><strong>populum</strong></span> <span class='ocrx_word' id='word_1_343' title='bbox 934 2877 1149 2942; x_wconf 74' lang='lat' dir='ltr'><strong>Christi,</strong></span> <span class='ocrx_word' id='word_1_344' title='bbox 1177 2877 1476 2930; x_wconf 87' lang='lat' dir='ltr'><strong>substantia</strong></span> <span class='ocrx_word' id='word_1_345' title='bbox 1521 2893 1566 2928; x_wconf 84' lang='grc' dir='ltr'><strong>ιιι</strong></span> <span class='ocrx_word' id='word_1_346' title='bbox 1593 2893 1622 2927; x_wconf 87' lang='grc' dir='ltr'><strong>ιι</strong></span> <span class='ocrx_word' id='word_1_347' title='bbox 1656 2885 1799 2938; x_wconf 90' lang='lat' dir='ltr'><strong>sunt,</strong></span> <span class='ocrx_word' id='word_1_348' title='bbox 1829 2882 1881 2927; x_wconf 88' lang='lat' dir='ltr'><strong>ct</strong></span> 
     </span>
    </p>
   </div>
   <div class='ocr_carea' id='block_1_48' title="bbox 306 2966 1881 3036">
    <p class='ocr_par' dir='ltr' id='par_1_48' title="bbox 306 2966 1881 3036">
     <span class='ocr_line' id='line_1_48' title="bbox 306 2966 1881 3036; baseline -0.002 -15"><span class='ocrx_word' id='word_1_349' title='bbox 306 2969 596 3023; x_wconf 84' lang='lat' dir='ltr'><strong>secundum</strong></span> <span class='ocrx_word' id='word_1_350' title='bbox 647 2970 802 3023; x_wconf 71' lang='lat' dir='ltr'><strong>istum</strong></span> <span class='ocrx_word' id='word_1_351' title='bbox 832 2969 1020 3024; x_wconf 84' lang='lat' dir='ltr'><strong>vitiare</strong></span> <span class='ocrx_word' id='word_1_352' title='bbox 1054 2985 1157 3023; x_wconf 92' lang='lat' dir='ltr'><strong>non</strong></span> <span class='ocrx_word' id='word_1_353' title='bbox 1200 2976 1447 3036; x_wconf 76' lang='lat' dir='ltr'><strong>pos~unt.</strong></span> <span class='ocrx_word' id='word_1_354' title='bbox 1480 2968 1522 3020; x_wconf 91' lang='grc' dir='ltr'>Ο</span> <span class='ocrx_word' id='word_1_355' title='bbox 1573 2969 1756 3029; x_wconf 74' lang='lat' dir='ltr'><strong>frater,</strong></span> <span class='ocrx_word' id='word_1_356' title='bbox 1785 2966 1881 3018; x_wconf 91' lang='lat' dir='ltr'><strong>bo-</strong></span> 
     </span>
    </p>
   </div>
   <div class='ocr_carea' id='block_1_49' title="bbox 311 3058 1883 3113">
    <p class='ocr_par' dir='ltr' id='par_1_49' title="bbox 311 3058 1883 3113">
     <span class='ocr_line' id='line_1_49' title="bbox 311 3058 1883 3113; baseline 0 -2"><span class='ocrx_word' id='word_1_357' title='bbox 311 3076 437 3112; x_wconf 89' lang='lat' dir='ltr'><strong>num</strong></span> <span class='ocrx_word' id='word_1_358' title='bbox 472 3068 552 3113; x_wconf 88' lang='lat' dir='ltr'><strong>est</strong></span> <span class='ocrx_word' id='word_1_359' title='bbox 584 3068 640 3113; x_wconf 89' lang='lat' dir='ltr'><strong>ut</strong></span> <span class='ocrx_word' id='word_1_360' title='bbox 673 3059 980 3113; x_wconf 85' lang='lat' dir='ltr'><strong>memineris</strong></span> <span class='ocrx_word' id='word_1_361' title='bbox 1008 3069 1059 3113; x_wconf 88' lang='lat' dir='ltr'><strong>te</strong></span> <span class='ocrx_word' id='word_1_362' title='bbox 1086 3073 1205 3113; x_wconf 74' lang='lat' dir='ltr'><strong>esse</strong></span> <span class='ocrx_word' id='word_1_363' title='bbox 1232 3058 1615 3112; x_wconf 75' lang='lat' dir='ltr'><strong>Christianum.</strong></span> <span class='ocrx_word' id='word_1_364' title='bbox 1648 3058 1883 3111; x_wconf 80' lang='lat' dir='ltr'><strong>Credere</strong></span> 
     </span>
    </p>
   </div>
   <div class='ocr_carea' id='block_1_50' title="bbox 1982 1876 3565 1947">
    <p class='ocr_par' dir='ltr' id='par_1_50' title="bbox 1982 1876 3565 1947">
     <span class='ocr_line' id='line_1_50' title="bbox 1982 1876 3565 1947; baseline -0.002 -15"><span class='ocrx_word' id='word_1_365' title='bbox 1982 1880 2087 1932; x_wconf 83' lang='lat' dir='ltr'><strong>Stio</strong></span> <span class='ocrx_word' id='word_1_366' title='bbox 2117 1878 2385 1947; x_wconf 86' lang='lat' dir='ltr'><strong>quomodo</strong></span> <span class='ocrx_word' id='word_1_367' title='bbox 2415 1880 2573 1930; x_wconf 84' lang='lat' dir='ltr'><strong>etiam</strong></span> <span class='ocrx_word' id='word_1_368' title='bbox 2621 1876 2930 1929; x_wconf 86' lang='lat' dir='ltr'><strong>immundus</strong></span> <span class='ocrx_word' id='word_1_369' title='bbox 2985 1879 3210 1945; x_wconf 86' lang='lat' dir='ltr'><strong>spiritus</strong></span> <span class='ocrx_word' id='word_1_370' title='bbox 3239 1894 3356 1929; x_wconf 85' lang='lat' dir='ltr'><strong>tllllt</strong></span> <span class='ocrx_word' id='word_1_371' title='bbox 3389 1879 3565 1931; x_wconf 87' lang='lat' dir='ltr'><strong>anima</strong></span> 
     </span>
    </p>
   </div>
   <div class='ocr_carea' id='block_1_51' title="bbox 1982 1965 3568 2034">
    <p class='ocr_par' dir='ltr' id='par_1_51' title="bbox 1982 1965 3568 2034">
     <span class='ocr_line' id='line_1_51' title="bbox 1982 1965 3568 2034; baseline -0.001 -14"><span class='ocrx_word' id='word_1_372' title='bbox 1982 1968 2150 2021; x_wconf 80' lang='lat' dir='ltr'><strong>sancti</strong></span> <span class='ocrx_word' id='word_1_373' title='bbox 2200 1966 2297 2018; x_wconf 80' lang='lat' dir='ltr'><strong>viti</strong></span> <span class='ocrx_word' id='word_1_374' title='bbox 2346 1965 2486 2034; x_wconf 89' lang='lat' dir='ltr'><strong>loqui</strong></span> <span class='ocrx_word' id='word_1_375' title='bbox 2537 1968 2769 2033; x_wconf 89' lang='lat' dir='ltr'><strong>potuerit</strong></span> <span class='ocrx_word' id='word_1_376' title='bbox 2825 1981 2840 2018; x_wconf 87' lang='lat'><strong>:</strong></span> <span class='ocrx_word' id='word_1_377' title='bbox 2889 1967 3138 2018; x_wconf 87' lang='lat' dir='ltr'><strong>omnibus</strong></span> <span class='ocrx_word' id='word_1_378' title='bbox 3181 1968 3321 2019; x_wconf 80' lang='lat' dir='ltr'><strong>enim</strong></span> <span class='ocrx_word' id='word_1_379' title='bbox 3367 1971 3568 2021; x_wconf 64' lang='lat' dir='ltr'><strong>sanctis</strong></span> 
     </span>
    </p>
   </div>
   <div class='ocr_carea' id='block_1_52' title="bbox 1985 2055 3564 2124">
    <p class='ocr_par' dir='ltr' id='par_1_52' title="bbox 1985 2055 3564 2124">
     <span class='ocr_line' id='line_1_52' title="bbox 1985 2055 3564 2124; baseline -0.001 -13"><span class='ocrx_word' id='word_1_380' title='bbox 1985 2057 2125 2111; x_wconf 87' lang='lat' dir='ltr'><strong>Deus</strong></span> <span class='ocrx_word' id='word_1_381' title='bbox 2156 2065 2364 2109; x_wconf 84' lang='lat' dir='ltr'><strong>creator</strong></span> <span class='ocrx_word' id='word_1_382' title='bbox 2389 2065 2442 2108; x_wconf 91' lang='lat' dir='ltr'><strong>et</strong></span> <span class='ocrx_word' id='word_1_383' title='bbox 2465 2055 2829 2109; x_wconf 87' lang='lat' dir='ltr'><strong>sanctilicator</strong></span> <span class='ocrx_word' id='word_1_384' title='bbox 2856 2056 3013 2122; x_wconf 80' lang='lat' dir='ltr'><strong>longe</strong></span> <span class='ocrx_word' id='word_1_385' title='bbox 3045 2057 3225 2123; x_wconf 88' lang='lat' dir='ltr'><strong>utique</strong></span> <span class='ocrx_word' id='word_1_386' title='bbox 3257 2056 3428 2124; x_wconf 84' lang='lat' dir='ltr'><strong>major</strong></span> <span class='ocrx_word' id='word_1_387' title='bbox 3459 2069 3564 2109; x_wconf 88' lang='lat' dir='ltr'><strong>est.</strong></span> 
     </span>
    </p>
   </div>
   <div class='ocr_carea' id='block_1_53' title="bbox 1984 2148 3567 2218">
    <p class='ocr_par' dir='ltr' id='par_1_53' title="bbox 1984 2148 3567 2218">
     <span class='ocr_line' id='line_1_53' title="bbox 1984 2148 3567 2218; baseline 0.001 -18"><span class='ocrx_word' id='word_1_388' title='bbox 1984 2150 2134 2218; x_wconf 84' lang='lat' dir='ltr'><strong>Quod</strong></span> <span class='ocrx_word' id='word_1_389' title='bbox 2161 2151 2204 2203; x_wconf 89' lang='lat' dir='ltr'><strong>si</strong></span> <span class='ocrx_word' id='word_1_390' title='bbox 2232 2150 2333 2202; x_wconf 90' lang='lat' dir='ltr'><strong>hoc</strong></span> <span class='ocrx_word' id='word_1_391' title='bbox 2361 2159 2538 2203; x_wconf 81' lang='lat' dir='ltr'><strong>movet</strong></span> <span class='ocrx_word' id='word_1_392' title='bbox 2559 2150 2696 2218; x_wconf 90' lang='lat' dir='ltr'><strong>quod</strong></span> <span class='ocrx_word' id='word_1_393' title='bbox 2725 2148 2935 2201; x_wconf 80' lang='lat' dir='ltr'><strong>licuerit</strong></span> <span class='ocrx_word' id='word_1_394' title='bbox 2959 2148 3189 2213; x_wconf 74' lang='lat' dir='ltr'><strong>maligno</strong></span> <span class='ocrx_word' id='word_1_395' title='bbox 3220 2150 3430 2216; x_wconf 80' lang='lat' dir='ltr'><strong>spiritui</strong></span> <span class='ocrx_word' id='word_1_396' title='bbox 3468 2166 3567 2202; x_wconf 71' lang='lat' dir='ltr'><strong>ex-</strong></span> 
     </span>
    </p>
   </div>
   <div class='ocr_carea' id='block_1_54' title="bbox 1989 2239 3570 2308">
    <p class='ocr_par' dir='ltr' id='par_1_54' title="bbox 1989 2239 3570 2308">
     <span class='ocr_line' id='line_1_54' title="bbox 1989 2239 3570 2308; baseline -0.003 -12"><span class='ocrx_word' id='word_1_397' title='bbox 1989 2242 2158 2296; x_wconf 88' lang='lat' dir='ltr'><strong>citare</strong></span> <span class='ocrx_word' id='word_1_398' title='bbox 2184 2241 2415 2293; x_wconf 84' lang='lat' dir='ltr'><strong>animant</strong></span> <span class='ocrx_word' id='word_1_399' title='bbox 2442 2239 2571 2307; x_wconf 62' lang='lat' dir='ltr'><strong>jt‘sti</strong></span> <span class='ocrx_word' id='word_1_400' title='bbox 2592 2281 2605 2303; x_wconf 97' lang='lat'><strong>,</strong></span> <span class='ocrx_word' id='word_1_401' title='bbox 2638 2248 2694 2292; x_wconf 87' lang='lat' dir='ltr'><strong>et</strong></span> <span class='ocrx_word' id='word_1_402' title='bbox 2723 2249 2973 2308; x_wconf 85' lang='lat' dir='ltr'><strong>tanquam</strong></span> <span class='ocrx_word' id='word_1_403' title='bbox 2998 2240 3065 2292; x_wconf 93' lang='lat' dir='ltr'><strong>de</strong></span> <span class='ocrx_word' id='word_1_404' title='bbox 3108 2239 3297 2293; x_wconf 70' lang='lat' dir='ltr'><strong>abditis</strong></span> <span class='ocrx_word' id='word_1_405' title='bbox 3330 2252 3570 2294; x_wconf 89' lang='lat' dir='ltr'><strong>mortuo-</strong></span> 
     </span>
    </p>
   </div>
   <div class='ocr_carea' id='block_1_55' title="bbox 1986 2335 3567 2403">
    <p class='ocr_par' dir='ltr' id='par_1_55' title="bbox 1986 2335 3567 2403">
     <span class='ocr_line' id='line_1_55' title="bbox 1986 2335 3567 2403; baseline -0.001 -13"><span class='ocrx_word' id='word_1_406' title='bbox 1986 2352 2101 2391; x_wconf 89' lang='lat' dir='ltr'><strong>rum</strong></span> <span class='ocrx_word' id='word_1_407' title='bbox 2139 2336 2498 2403; x_wconf 88' lang='lat' dir='ltr'><strong>receptaculis</strong></span> <span class='ocrx_word' id='word_1_408' title='bbox 2527 2350 2756 2388; x_wconf 76' lang='lat' dir='ltr'><strong>evocare</strong></span> <span class='ocrx_word' id='word_1_409' title='bbox 2786 2374 2799 2395; x_wconf 90' lang='lat'><strong>,</strong></span> <span class='ocrx_word' id='word_1_410' title='bbox 2834 2351 3008 2387; x_wconf 82' lang='lat' dir='ltr'><strong>nonne</strong></span> <span class='ocrx_word' id='word_1_411' title='bbox 3051 2336 3218 2401; x_wconf 77' lang='lat' dir='ltr'><strong>magis</strong></span> <span class='ocrx_word' id='word_1_412' title='bbox 3267 2335 3567 2389; x_wconf 76' lang='lat' dir='ltr'><strong>riiiraudutu</strong></span> 
     </span>
    </p>
   </div>
   <div class='ocr_carea' id='block_1_56' title="bbox 1984 2425 3570 2495">
    <p class='ocr_par' dir='ltr' id='par_1_56' title="bbox 1984 2425 3570 2495">
     <span class='ocr_line' id='line_1_56' title="bbox 1984 2425 3570 2495; baseline -0.004 -13"><span class='ocrx_word' id='word_1_413' title='bbox 1984 2435 2067 2482; x_wconf 80' lang='lat' dir='ltr'><strong>est</strong></span> <span class='ocrx_word' id='word_1_414' title='bbox 2096 2425 2235 2495; x_wconf 86' lang='lat' dir='ltr'><strong>quod</strong></span> <span class='ocrx_word' id='word_1_415' title='bbox 2259 2427 2484 2479; x_wconf 82' lang='lat' dir='ltr'><strong>Satanas</strong></span> <span class='ocrx_word' id='word_1_416' title='bbox 2512 2426 2684 2491; x_wconf 77' lang='lat' dir='ltr'><strong>ipsum</strong></span> <span class='ocrx_word' id='word_1_417' title='bbox 2718 2425 2997 2476; x_wconf 87' lang='lat' dir='ltr'><strong>Dominum</strong></span> <span class='ocrx_word' id='word_1_418' title='bbox 3022 2426 3333 2493; x_wconf 88' lang='lat' dir='ltr'><strong>assumpsit,</strong></span> <span class='ocrx_word' id='word_1_419' title='bbox 3362 2438 3409 2477; x_wconf 91' lang='lat' dir='ltr'><strong>et</strong></span> <span class='ocrx_word' id='word_1_420' title='bbox 3443 2440 3570 2478; x_wconf 85' lang='lat' dir='ltr'><strong>eon-</strong></span> 
     </span>
    </p>
   </div>
   <div class='ocr_carea' id='block_1_57' title="bbox 1986 2515 3569 2584">
    <p class='ocr_par' dir='ltr' id='par_1_57' title="bbox 1986 2515 3569 2584">
     <span class='ocr_line' id='line_1_57' title="bbox 1986 2515 3569 2584; baseline 0 -14"><span class='ocrx_word' id='word_1_421' title='bbox 1986 2518 2160 2570; x_wconf 81' lang='lat' dir='ltr'><strong>stittiit</strong></span> <span class='ocrx_word' id='word_1_422' title='bbox 2184 2531 2348 2584; x_wconf 80' lang='lat' dir='ltr'><strong>Super</strong></span> <span class='ocrx_word' id='word_1_423' title='bbox 2390 2515 2602 2582; x_wconf 84' lang='lat' dir='ltr'><strong>pinnam</strong></span> <span class='ocrx_word' id='word_1_424' title='bbox 2636 2516 2851 2582; x_wconf 81' lang='lat' dir='ltr'><strong>templi?</strong></span> <span class='ocrx_word' id='word_1_425' title='bbox 2881 2517 3131 2579; x_wconf 80' lang='lat' dir='ltr'><strong>Quolibet</strong></span> <span class='ocrx_word' id='word_1_426' title='bbox 3157 2516 3300 2568; x_wconf 87' lang='lat' dir='ltr'><strong>enim</strong></span> <span class='ocrx_word' id='word_1_427' title='bbox 3331 2516 3489 2569; x_wconf 89' lang='lat' dir='ltr'><strong>modo</strong></span> <span class='ocrx_word' id='word_1_428' title='bbox 3520 2517 3569 2571; x_wconf 84' lang='lat' dir='ltr'><strong>id</strong></span> 
     </span>
    </p>
   </div>
   <div class='ocr_carea' id='block_1_58' title="bbox 1986 2606 3568 2674">
    <p class='ocr_par' dir='ltr' id='par_1_58' title="bbox 1986 2606 3568 2674">
     <span class='ocr_line' id='line_1_58' title="bbox 1986 2606 3568 2674; baseline -0.001 -14"><span class='ocrx_word' id='word_1_429' title='bbox 1986 2607 2203 2673; x_wconf 81' lang='lat' dir='ltr'><strong>fecerit,</strong></span> <span class='ocrx_word' id='word_1_430' title='bbox 2247 2608 2336 2661; x_wconf 91' lang='lat' dir='ltr'><strong>ille</strong></span> <span class='ocrx_word' id='word_1_431' title='bbox 2362 2607 2523 2660; x_wconf 69' lang='lat' dir='ltr'><strong>etiam</strong></span> <span class='ocrx_word' id='word_1_432' title='bbox 2558 2606 2746 2659; x_wconf 85' lang='lat' dir='ltr'><strong>modus</strong></span> <span class='ocrx_word' id='word_1_433' title='bbox 2788 2622 2893 2674; x_wconf 91' lang='lat' dir='ltr'><strong>quo</strong></span> <span class='ocrx_word' id='word_1_434' title='bbox 2931 2606 3147 2661; x_wconf 86' lang='lat' dir='ltr'><strong>Samuel</strong></span> <span class='ocrx_word' id='word_1_435' title='bbox 3183 2606 3378 2659; x_wconf 85' lang='lat' dir='ltr'><strong>factum</strong></span> <span class='ocrx_word' id='word_1_436' title='bbox 3401 2617 3479 2659; x_wconf 87' lang='lat' dir='ltr'><strong>est</strong></span> <span class='ocrx_word' id='word_1_437' title='bbox 3509 2618 3568 2659; x_wconf 91' lang='lat' dir='ltr'><strong>ut</strong></span> 
     </span>
    </p>
   </div>
   <div class='ocr_carea' id='block_1_59' title="bbox 1985 2694 3571 2763">
    <p class='ocr_par' dir='ltr' id='par_1_59' title="bbox 1985 2694 3571 2763">
     <span class='ocr_line' id='line_1_59' title="bbox 1985 2694 3571 2763; baseline -0.001 -16"><span class='ocrx_word' id='word_1_438' title='bbox 1985 2697 2311 2749; x_wconf 75' lang='lat' dir='ltr'><strong>excitantur</strong></span> <span class='ocrx_word' id='word_1_439' title='bbox 2335 2737 2350 2761; x_wconf 96' lang='lat'><strong>,</strong></span> <span class='ocrx_word' id='word_1_440' title='bbox 2397 2697 2643 2749; x_wconf 74' lang='lat' dir='ltr'><strong>similiter</strong></span> <span class='ocrx_word' id='word_1_441' title='bbox 2694 2696 2856 2760; x_wconf 85' lang='lat' dir='ltr'><strong>latet;</strong></span> <span class='ocrx_word' id='word_1_442' title='bbox 2891 2694 2987 2747; x_wconf 86' lang='lat' dir='ltr'><strong>nisi</strong></span> <span class='ocrx_word' id='word_1_443' title='bbox 3024 2695 3161 2749; x_wconf 87' lang='lat' dir='ltr'><strong>forte</strong></span> <span class='ocrx_word' id='word_1_444' title='bbox 3191 2697 3310 2763; x_wconf 78' lang='lat' dir='ltr'><strong>quis</strong></span> <span class='ocrx_word' id='word_1_445' title='bbox 3351 2695 3571 2762; x_wconf 76' lang='lat' dir='ltr'><strong>dixerit,</strong></span> 
     </span>
    </p>
   </div>
   <div class='ocr_carea' id='block_1_60' title="bbox 1987 2786 3562 2840">
    <p class='ocr_par' dir='ltr' id='par_1_60' title="bbox 1987 2786 3562 2840">
     <span class='ocr_line' id='line_1_60' title="bbox 1987 2786 3562 2840; baseline -0.001 0"><span class='ocrx_word' id='word_1_446' title='bbox 1987 2786 2278 2840; x_wconf 82' lang='lat' dir='ltr'><strong>faciliorem</strong></span> <span class='ocrx_word' id='word_1_447' title='bbox 2322 2786 2534 2839; x_wconf 89' lang='lat' dir='ltr'><strong>diabolo</strong></span> <span class='ocrx_word' id='word_1_448' title='bbox 2565 2786 2727 2838; x_wconf 77' lang='lat' dir='ltr'><strong>fuisse</strong></span> <span class='ocrx_word' id='word_1_449' title='bbox 2760 2786 3025 2840; x_wconf 87' lang='lat' dir='ltr'><strong>licentiam</strong></span> <span class='ocrx_word' id='word_1_450' title='bbox 3067 2786 3130 2839; x_wconf 90' lang='lat' dir='ltr'><strong>ad</strong></span> <span class='ocrx_word' id='word_1_451' title='bbox 3174 2786 3460 2839; x_wconf 89' lang='lat' dir='ltr'><strong>Dominum</strong></span> <span class='ocrx_word' id='word_1_452' title='bbox 3485 2788 3562 2839; x_wconf 58' lang='lat' dir='ltr'><strong>vic</strong></span> 
     </span>
    </p>
   </div>
   <div class='ocr_carea' id='block_1_61' title="bbox 1984 2876 3571 2941">
    <p class='ocr_par' dir='ltr' id='par_1_61' title="bbox 1984 2876 3571 2941">
     <span class='ocr_line' id='line_1_61' title="bbox 1984 2876 3571 2941; baseline -0.002 -11"><span class='ocrx_word' id='word_1_453' title='bbox 1984 2892 2108 2930; x_wconf 83' lang='lat' dir='ltr'><strong>\uui</strong></span> <span class='ocrx_word' id='word_1_454' title='bbox 2138 2876 2278 2931; x_wconf 89' lang='lat' dir='ltr'><strong>unde</strong></span> <span class='ocrx_word' id='word_1_455' title='bbox 2306 2876 2466 2929; x_wconf 88' lang='lat' dir='ltr'><strong>voluit</strong></span> <span class='ocrx_word' id='word_1_456' title='bbox 2498 2876 2873 2928; x_wconf 77' lang='lat' dir='ltr'><strong>aSsumendutn</strong></span> <span class='ocrx_word' id='word_1_457' title='bbox 2894 2918 2908 2941; x_wconf 93' lang='lat'><strong>,</strong></span> <span class='ocrx_word' id='word_1_458' title='bbox 2956 2887 3011 2929; x_wconf 86' lang='lat' dir='ltr'><strong>et</strong></span> <span class='ocrx_word' id='word_1_459' title='bbox 3052 2877 3138 2929; x_wconf 92' lang='lat' dir='ltr'><strong>uhi</strong></span> <span class='ocrx_word' id='word_1_460' title='bbox 3170 2877 3337 2929; x_wconf 73' lang='lat' dir='ltr'><strong>voluit</strong></span> <span class='ocrx_word' id='word_1_461' title='bbox 3369 2878 3571 2930; x_wconf 85' lang='lat' dir='ltr'><strong>consti.</strong></span> 
     </span>
    </p>
   </div>
   <div class='ocr_carea' id='block_1_62' title="bbox 1987 2966 3567 3035">
    <p class='ocr_par' dir='ltr' id='par_1_62' title="bbox 1987 2966 3567 3035">
     <span class='ocr_line' id='line_1_62' title="bbox 1987 2966 3567 3035; baseline 0.003 -17"><span class='ocrx_word' id='word_1_462' title='bbox 1987 2967 2241 3019; x_wconf 89' lang='lat' dir='ltr'><strong>tuendum</strong></span> <span class='ocrx_word' id='word_1_463' title='bbox 2259 3004 2277 3033; x_wconf 93' lang='lat'><strong>,</strong></span> <span class='ocrx_word' id='word_1_464' title='bbox 2298 2980 2457 3033; x_wconf 86' lang='lat' dir='ltr'><strong>quam</strong></span> <span class='ocrx_word' id='word_1_465' title='bbox 2488 2966 2553 3017; x_wconf 88' lang='lat' dir='ltr'><strong>ad</strong></span> <span class='ocrx_word' id='word_1_466' title='bbox 2582 2967 2846 3018; x_wconf 83' lang='lat' dir='ltr'><strong>Samuelis</strong></span> <span class='ocrx_word' id='word_1_467' title='bbox 2869 2967 3102 3020; x_wconf 84' lang='lat' dir='ltr'><strong>defuncti</strong></span> <span class='ocrx_word' id='word_1_468' title='bbox 3131 2968 3375 3035; x_wconf 84' lang='lat' dir='ltr'><strong>spiritum</strong></span> <span class='ocrx_word' id='word_1_469' title='bbox 3400 2983 3427 3018; x_wconf 92' lang='lat' dir='ltr'><strong>a</strong></span> <span class='ocrx_word' id='word_1_470' title='bbox 3454 2970 3567 3023; x_wconf 87' lang='lat' dir='ltr'><strong>suis</strong></span> 
     </span>
    </p>
   </div>
   <div class='ocr_carea' id='block_1_63' title="bbox 1986 3057 3574 3127">
    <p class='ocr_par' dir='ltr' id='par_1_63' title="bbox 1986 3057 3574 3127">
     <span class='ocr_line' id='line_1_63' title="bbox 1986 3057 3574 3127; baseline 0.001 -16"><span class='ocrx_word' id='word_1_471' title='bbox 1986 3058 2206 3112; x_wconf 78' lang='lat' dir='ltr'><strong>sedibus</strong></span> <span class='ocrx_word' id='word_1_472' title='bbox 2237 3057 2601 3112; x_wconf 75' lang='lat' dir='ltr'><strong>excitandum.</strong></span> <span class='ocrx_word' id='word_1_473' title='bbox 2633 3057 2784 3124; x_wconf 85' lang='lat' dir='ltr'><strong>Quod</strong></span> <span class='ocrx_word' id='word_1_474' title='bbox 2816 3060 2857 3112; x_wconf 85' lang='lat' dir='ltr'><strong>si</strong></span> <span class='ocrx_word' id='word_1_475' title='bbox 2890 3059 3018 3111; x_wconf 88' lang='lat' dir='ltr'><strong>illud</strong></span> <span class='ocrx_word' id='word_1_476' title='bbox 3062 3060 3112 3111; x_wconf 91' lang='lat' dir='ltr'><strong>in</strong></span> <span class='ocrx_word' id='word_1_477' title='bbox 3155 3058 3445 3127; x_wconf 79' lang='lat' dir='ltr'><strong>Evangelia</strong></span> <span class='ocrx_word' id='word_1_478' title='bbox 3476 3075 3574 3114; x_wconf 90' lang='lat' dir='ltr'><strong>nos</strong></span> 
     </span>
    </p>
   </div>
   <div class='ocr_carea' id='block_1_64' title="bbox 309 3148 3574 3232">
    <p class='ocr_par' dir='ltr' id='par_1_64' title="bbox 309 3148 3574 3232">
     <span class='ocr_line' id='line_1_64' title="bbox 309 3148 3574 3232; baseline -0.001 -28"><span class='ocrx_word' id='word_1_479' title='bbox 309 3153 407 3205; x_wconf 86' lang='lat' dir='ltr'><strong>ista</strong></span> <span class='ocrx_word' id='word_1_480' title='bbox 436 3151 657 3206; x_wconf 86' lang='lat' dir='ltr'><strong>fortasse</strong></span> <span class='ocrx_word' id='word_1_481' title='bbox 681 3152 981 3217; x_wconf 82' lang='lat' dir='ltr'><strong>suffecerit;</strong></span> <span class='ocrx_word' id='word_1_482' title='bbox 1010 3152 1105 3206; x_wconf 90' lang='lat' dir='ltr'><strong>sed</strong></span> <span class='ocrx_word' id='word_1_483' title='bbox 1135 3160 1309 3205; x_wconf 88' lang='lat' dir='ltr'><strong>tamen</strong></span> <span class='ocrx_word' id='word_1_484' title='bbox 1336 3153 1456 3220; x_wconf 90' lang='lat' dir='ltr'><strong>quia</strong></span> <span class='ocrx_word' id='word_1_485' title='bbox 1481 3151 1755 3219; x_wconf 86' lang='lat' dir='ltr'><strong>disputare</strong></span> <span class='ocrx_word' id='word_1_486' title='bbox 1778 3150 1878 3209; x_wconf 88' lang='lat' dir='ltr'><strong>vis.</strong></span> <span class='ocrx_word' id='word_1_487' title='bbox 1912 3171 1957 3232; x_wconf 71' lang='grc' dir='ltr'><strong>ε</strong></span> <span class='ocrx_word' id='word_1_488' title='bbox 1993 3150 2115 3205; x_wconf 87' lang='lat' dir='ltr'><strong>ideo</strong></span> <span class='ocrx_word' id='word_1_489' title='bbox 2146 3166 2250 3204; x_wconf 91' lang='lat' dir='ltr'><strong>non</strong></span> <span class='ocrx_word' id='word_1_490' title='bbox 2286 3148 2597 3218; x_wconf 86' lang='lat' dir='ltr'><strong>perturbat,</strong></span> <span class='ocrx_word' id='word_1_491' title='bbox 2632 3150 2754 3218; x_wconf 85' lang='lat' dir='ltr'><strong>quia</strong></span> <span class='ocrx_word' id='word_1_492' title='bbox 2788 3150 3044 3203; x_wconf 78' lang='lat' dir='ltr'><strong>Dominus</strong></span> <span class='ocrx_word' id='word_1_493' title='bbox 3073 3150 3239 3203; x_wconf 78' lang='lat' dir='ltr'><strong>volu&#39;t</strong></span> <span class='ocrx_word' id='word_1_494' title='bbox 3264 3160 3421 3218; x_wconf 87' lang='lat' dir='ltr'><strong>atque</strong></span> <span class='ocrx_word' id='word_1_495' title='bbox 3449 3165 3574 3218; x_wconf 88' lang='lat' dir='ltr'><strong>per-</strong></span> 
     </span>
    </p>
   </div>
   <div class='ocr_carea' id='block_1_65' title="bbox 309 3240 1885 3312">
    <p class='ocr_par' dir='ltr' id='par_1_65' title="bbox 309 3240 1885 3312">
     <span class='ocr_line' id='line_1_65' title="bbox 309 3240 1885 3312; baseline 0.001 -19"><span class='ocrx_word' id='word_1_496' title='bbox 309 3256 409 3296; x_wconf 89' lang='lat' dir='ltr'><strong>nec</strong></span> <span class='ocrx_word' id='word_1_497' title='bbox 433 3244 605 3306; x_wconf 78' lang='lat' dir='ltr'><strong>obest,</strong></span> <span class='ocrx_word' id='word_1_498' title='bbox 638 3244 747 3297; x_wconf 85' lang='lat' dir='ltr'><strong>imo</strong></span> <span class='ocrx_word' id='word_1_499' title='bbox 771 3244 933 3297; x_wconf 89' lang='lat' dir='ltr'><strong>etiam</strong></span> <span class='ocrx_word' id='word_1_500' title='bbox 960 3244 1198 3312; x_wconf 86' lang='lat' dir='ltr'><strong>prodest,</strong></span> <span class='ocrx_word' id='word_1_501' title='bbox 1217 3244 1259 3296; x_wconf 88' lang='lat' dir='ltr'><strong>si</strong></span> <span class='ocrx_word' id='word_1_502' title='bbox 1287 3243 1586 3297; x_wconf 68' lang='lat' dir='ltr'><strong>tiimissiina</strong></span> <span class='ocrx_word' id='word_1_503' title='bbox 1619 3240 1885 3309; x_wconf 60' lang='lat' dir='ltr'><strong>pra-cedat</strong></span> 
     </span>
    </p>
   </div>
   <div class='ocr_carea' id='block_1_66' title="bbox 311 3331 1884 3400">
    <p class='ocr_par' dir='ltr' id='par_1_66' title="bbox 311 3331 1884 3400">
     <span class='ocr_line' id='line_1_66' title="bbox 311 3331 1884 3400; baseline 0.004 -21"><span class='ocrx_word' id='word_1_504' title='bbox 311 3331 471 3394; x_wconf 87' lang='lat' dir='ltr'><strong>tides;</strong></span> <span class='ocrx_word' id='word_1_505' title='bbox 507 3346 602 3384; x_wconf 75' lang='lat' dir='ltr'><strong>rec</strong></span> <span class='ocrx_word' id='word_1_506' title='bbox 647 3331 1013 3386; x_wconf 62' lang='lat' dir='ltr'><strong>existimemus</strong></span> <span class='ocrx_word' id='word_1_507' title='bbox 1060 3344 1275 3400; x_wconf 85' lang='lat' dir='ltr'><strong>peccato</strong></span> <span class='ocrx_word' id='word_1_508' title='bbox 1326 3342 1567 3384; x_wconf 85' lang='lat' dir='ltr'><strong>naturam</strong></span> <span class='ocrx_word' id='word_1_509' title='bbox 1599 3332 1884 3385; x_wconf 90' lang='lat' dir='ltr'><strong>humanam</strong></span> 
     </span>
    </p>
   </div>
   <div class='ocr_carea' id='block_1_67' title="bbox 311 3420 1887 3490">
    <p class='ocr_par' dir='ltr' id='par_1_67' title="bbox 311 3420 1887 3490">
     <span class='ocr_line' id='line_1_67' title="bbox 311 3420 1887 3490; baseline 0.001 -20"><span class='ocrx_word' id='word_1_510' title='bbox 311 3434 421 3470; x_wconf 86' lang='lat' dir='ltr'><strong>non</strong></span> <span class='ocrx_word' id='word_1_511' title='bbox 482 3434 637 3486; x_wconf 88' lang='lat' dir='ltr'><strong>posse</strong></span> <span class='ocrx_word' id='word_1_512' title='bbox 694 3420 907 3484; x_wconf 81' lang='lat' dir='ltr'><strong>\‘iiari,</strong></span> <span class='ocrx_word' id='word_1_513' title='bbox 965 3421 1057 3474; x_wconf 82' lang='lat' dir='ltr'><strong>sed</strong></span> <span class='ocrx_word' id='word_1_514' title='bbox 1125 3421 1317 3475; x_wconf 84' lang='lat' dir='ltr'><strong>divinis</strong></span> <span class='ocrx_word' id='word_1_515' title='bbox 1375 3424 1652 3475; x_wconf 86' lang='lat' dir='ltr'><strong>credentes</strong></span> <span class='ocrx_word' id='word_1_516' title='bbox 1707 3423 1887 3490; x_wconf 77' lang='lat' dir='ltr'><strong>Scrip-</strong></span> 
     </span>
    </p>
   </div>
   <div class='ocr_carea' id='block_1_68' title="bbox 310 3502 1884 3582">
    <p class='ocr_par' dir='ltr' id='par_1_68' title="bbox 310 3502 1884 3582">
     <span class='ocr_line' id='line_1_68' title="bbox 310 3502 1884 3582; baseline 0.003 -21"><span class='ocrx_word' id='word_1_517' title='bbox 310 3511 467 3577; x_wconf 80' lang='lat' dir='ltr'><strong>turis,</strong></span> <span class='ocrx_word' id='word_1_518' title='bbox 502 3520 719 3578; x_wconf 45' lang='lat' dir='ltr'><strong>pect&#39;ato</strong></span> <span class='ocrx_word' id='word_1_519' title='bbox 766 3527 883 3563; x_wconf 83' lang='lat' dir='ltr'><strong>eaut</strong></span> <span class='ocrx_word' id='word_1_520' title='bbox 932 3527 1050 3565; x_wconf 76' lang='lat' dir='ltr'><strong>es~e</strong></span> <span class='ocrx_word' id='word_1_521' title='bbox 1078 3512 1313 3566; x_wconf 77' lang='lat' dir='ltr'><strong>vitiatam</strong></span> <span class='ocrx_word' id='word_1_522' title='bbox 1334 3555 1349 3577; x_wconf 95' lang='lat'><strong>,</strong></span> <span class='ocrx_word' id='word_1_523' title='bbox 1376 3502 1645 3582; x_wconf 82' lang='lat' dir='ltr'><strong>quomodo</strong></span> <span class='ocrx_word' id='word_1_524' title='bbox 1693 3514 1743 3566; x_wconf 94' lang='lat' dir='ltr'><strong>id</strong></span> <span class='ocrx_word' id='word_1_525' title='bbox 1776 3514 1884 3567; x_wconf 84' lang='lat' dir='ltr'><strong>lteri</strong></span> 
     </span>
    </p>
   </div>
   <div class='ocr_carea' id='block_1_69' title="bbox 312 3602 1887 3674">
    <p class='ocr_par' dir='ltr' id='par_1_69' title="bbox 312 3602 1887 3674">
     <span class='ocr_line' id='line_1_69' title="bbox 312 3602 1887 3674; baseline 0.006 -24"><span class='ocrx_word' id='word_1_526' title='bbox 312 3602 566 3668; x_wconf 83' lang='lat' dir='ltr'><strong>potuerit,</strong></span> <span class='ocrx_word' id='word_1_527' title='bbox 591 3602 950 3670; x_wconf 84' lang='lat' dir='ltr'><strong>inquiratnus;</strong></span> <span class='ocrx_word' id='word_1_528' title='bbox 976 3610 1227 3673; x_wconf 87' lang='lat' dir='ltr'><strong>quoniam</strong></span> <span class='ocrx_word' id='word_1_529' title='bbox 1263 3616 1536 3674; x_wconf 81' lang='lat' dir='ltr'><strong>peccatum</strong></span> <span class='ocrx_word' id='word_1_530' title='bbox 1559 3607 1664 3671; x_wconf 88' lang='lat' dir='ltr'><strong>jain</strong></span> <span class='ocrx_word' id='word_1_531' title='bbox 1697 3604 1887 3659; x_wconf 84' lang='lat' dir='ltr'><strong>didici—</strong></span> 
     </span>
    </p>
   </div>
   <div class='ocr_carea' id='block_1_70' title="bbox 309 3693 1887 3761">
    <p class='ocr_par' dir='ltr' id='par_1_70' title="bbox 309 3693 1887 3761">
     <span class='ocr_line' id='line_1_70' title="bbox 309 3693 1887 3761; baseline 0.006 -20"><span class='ocrx_word' id='word_1_532' title='bbox 309 3706 431 3743; x_wconf 86' lang='lat' dir='ltr'><strong>mus</strong></span> <span class='ocrx_word' id='word_1_533' title='bbox 472 3707 578 3743; x_wconf 89' lang='lat' dir='ltr'><strong>non</strong></span> <span class='ocrx_word' id='word_1_534' title='bbox 604 3708 725 3745; x_wconf 84' lang='lat' dir='ltr'><strong>esse</strong></span> <span class='ocrx_word' id='word_1_535' title='bbox 752 3693 1128 3759; x_wconf 74' lang='lat' dir='ltr'><strong>substantiam,</strong></span> <span class='ocrx_word' id='word_1_536' title='bbox 1160 3710 1336 3751; x_wconf 89' lang='lat' dir='ltr'><strong>nonne</strong></span> <span class='ocrx_word' id='word_1_537' title='bbox 1366 3697 1679 3761; x_wconf 81' lang='lat' dir='ltr'><strong>attenditur,</strong></span> <span class='ocrx_word' id='word_1_538' title='bbox 1706 3710 1754 3750; x_wconf 88' lang='lat' dir='ltr'><strong>ut</strong></span> <span class='ocrx_word' id='word_1_539' title='bbox 1788 3698 1887 3750; x_wconf 80' lang='lat' dir='ltr'><strong>alia</strong></span> 
     </span>
    </p>
   </div>
   <div class='ocr_carea' id='block_1_71' title="bbox 306 3780 1889 3845">
    <p class='ocr_par' dir='ltr' id='par_1_71' title="bbox 306 3780 1889 3845">
     <span class='ocr_line' id='line_1_71' title="bbox 306 3780 1889 3845; baseline 0.006 -12"><span class='ocrx_word' id='word_1_540' title='bbox 306 3780 577 3845; x_wconf 83' lang='lat' dir='ltr'><strong>oiuittam,</strong></span> <span class='ocrx_word' id='word_1_541' title='bbox 608 3782 768 3835; x_wconf 83' lang='lat' dir='ltr'><strong>etiam</strong></span> <span class='ocrx_word' id='word_1_542' title='bbox 820 3800 925 3836; x_wconf 91' lang='lat' dir='ltr'><strong>nou</strong></span> <span class='ocrx_word' id='word_1_543' title='bbox 981 3785 1306 3839; x_wconf 88' lang='lat' dir='ltr'><strong>manducare</strong></span> <span class='ocrx_word' id='word_1_544' title='bbox 1335 3803 1439 3840; x_wconf 93' lang='lat' dir='ltr'><strong>non</strong></span> <span class='ocrx_word' id='word_1_545' title='bbox 1492 3803 1612 3842; x_wconf 82' lang='lat' dir='ltr'><strong>esse</strong></span> <span class='ocrx_word' id='word_1_546' title='bbox 1643 3788 1889 3842; x_wconf 56' lang='lat' dir='ltr'><strong>subdan-</strong></span> 
     </span>
    </p>
   </div>
   <div class='ocr_carea' id='block_1_72' title="bbox 311 3872 1891 3945">
    <p class='ocr_par' dir='ltr' id='par_1_72' title="bbox 311 3872 1891 3945">
     <span class='ocr_line' id='line_1_72' title="bbox 311 3872 1891 3945; baseline 0.006 -22"><span class='ocrx_word' id='word_1_547' title='bbox 311 3872 475 3927; x_wconf 80' lang='lat' dir='ltr'><strong>tiam?</strong></span> <span class='ocrx_word' id='word_1_548' title='bbox 506 3874 548 3926; x_wconf 85' lang='lat' dir='ltr'><strong>A</strong></span> <span class='ocrx_word' id='word_1_549' title='bbox 574 3874 877 3929; x_wconf 81' lang='lat' dir='ltr'><strong>substantia</strong></span> <span class='ocrx_word' id='word_1_550' title='bbox 904 3876 1011 3942; x_wconf 71' lang='lat' dir='ltr'><strong>qui;</strong></span> <span class='ocrx_word' id='word_1_551' title='bbox 1037 3890 1100 3942; x_wconf 89' lang='lat' dir='ltr'><strong>pe</strong></span> <span class='ocrx_word' id='word_1_552' title='bbox 1131 3876 1418 3940; x_wconf 83' lang='lat' dir='ltr'><strong>receditur,</strong></span> <span class='ocrx_word' id='word_1_553' title='bbox 1457 3878 1708 3945; x_wconf 84' lang='lat' dir='ltr'><strong>quoniam</strong></span> <span class='ocrx_word' id='word_1_554' title='bbox 1736 3880 1891 3934; x_wconf 82' lang='lat' dir='ltr'><strong>cibus</strong></span> 
     </span>
    </p>
   </div>
   <div class='ocr_carea' id='block_1_73' title="bbox 308 3962 1890 4031">
    <p class='ocr_par' dir='ltr' id='par_1_73' title="bbox 308 3962 1890 4031">
     <span class='ocr_line' id='line_1_73' title="bbox 308 3962 1890 4031; baseline 0.006 -16"><span class='ocrx_word' id='word_1_555' title='bbox 308 3962 607 4017; x_wconf 83' lang='lat' dir='ltr'><strong>substantia</strong></span> <span class='ocrx_word' id='word_1_556' title='bbox 633 3976 750 4031; x_wconf 88' lang='lat' dir='ltr'><strong>est;</strong></span> <span class='ocrx_word' id='word_1_557' title='bbox 780 3966 871 4020; x_wconf 88' lang='lat' dir='ltr'><strong>sed</strong></span> <span class='ocrx_word' id='word_1_558' title='bbox 900 3967 1053 4019; x_wconf 84' lang='lat' dir='ltr'><strong>abstit</strong></span> <span class='ocrx_word' id='word_1_559' title='bbox 1077 3982 1169 4021; x_wconf 91' lang='lat' dir='ltr'><strong>ere</strong></span> <span class='ocrx_word' id='word_1_560' title='bbox 1199 3981 1227 4018; x_wconf 89' lang='lat' dir='ltr'><strong>a</strong></span> <span class='ocrx_word' id='word_1_561' title='bbox 1251 3969 1371 4020; x_wconf 85' lang='lat' dir='ltr'><strong>cibo</strong></span> <span class='ocrx_word' id='word_1_562' title='bbox 1400 3984 1503 4022; x_wconf 90' lang='lat' dir='ltr'><strong>non</strong></span> <span class='ocrx_word' id='word_1_563' title='bbox 1530 3978 1614 4022; x_wconf 85' lang='lat' dir='ltr'><strong>est</strong></span> <span class='ocrx_word' id='word_1_564' title='bbox 1641 3970 1890 4024; x_wconf 82' lang='lat' dir='ltr'><strong>substan-</strong></span> 
     </span>
    </p>
   </div>
   <div class='ocr_carea' id='block_1_74' title="bbox 309 4056 1891 4128">
    <p class='ocr_par' dir='ltr' id='par_1_74' title="bbox 309 4056 1891 4128">
     <span class='ocr_line' id='line_1_74' title="bbox 309 4056 1891 4128; baseline 0.006 -20"><span class='ocrx_word' id='word_1_565' title='bbox 309 4056 410 4119; x_wconf 87' lang='lat' dir='ltr'><strong>tia,</strong></span> <span class='ocrx_word' id='word_1_566' title='bbox 433 4066 485 4109; x_wconf 90' lang='lat' dir='ltr'><strong>et</strong></span> <span class='ocrx_word' id='word_1_567' title='bbox 510 4064 683 4110; x_wconf 85' lang='lat' dir='ltr'><strong>tamen</strong></span> <span class='ocrx_word' id='word_1_568' title='bbox 714 4058 1009 4113; x_wconf 82' lang='lat' dir='ltr'><strong>substantia</strong></span> <span class='ocrx_word' id='word_1_569' title='bbox 1051 4061 1312 4128; x_wconf 56' lang='lat' dir='ltr'><strong>corporis,</strong></span> <span class='ocrx_word' id='word_1_570' title='bbox 1344 4060 1388 4115; x_wconf 94' lang='lat' dir='ltr'><strong>si</strong></span> <span class='ocrx_word' id='word_1_571' title='bbox 1412 4062 1629 4115; x_wconf 84' lang='lat' dir='ltr'><strong>oainino</strong></span> <span class='ocrx_word' id='word_1_572' title='bbox 1657 4064 1891 4118; x_wconf 72' lang='lat' dir='ltr'><strong>abstine-</strong></span> 
     </span>
    </p>
   </div>
   <div class='ocr_carea' id='block_1_75' title="bbox 309 4147 1890 4224">
    <p class='ocr_par' dir='ltr' id='par_1_75' title="bbox 309 4147 1890 4224">
     <span class='ocr_line' id='line_1_75' title="bbox 309 4147 1890 4224; baseline 0.006 -23"><span class='ocrx_word' id='word_1_573' title='bbox 309 4156 401 4201; x_wconf 88' lang='lat' dir='ltr'><strong>tur</strong></span> <span class='ocrx_word' id='word_1_574' title='bbox 421 4163 451 4200; x_wconf 88' lang='lat' dir='ltr'><strong>a</strong></span> <span class='ocrx_word' id='word_1_575' title='bbox 474 4147 614 4214; x_wconf 87' lang='lat' dir='ltr'><strong>cibo,</strong></span> <span class='ocrx_word' id='word_1_576' title='bbox 637 4148 707 4203; x_wconf 84' lang='lat' dir='ltr'><strong>ita</strong></span> <span class='ocrx_word' id='word_1_577' title='bbox 764 4150 1077 4220; x_wconf 80' lang='lat' dir='ltr'><strong>languescit,</strong></span> <span class='ocrx_word' id='word_1_578' title='bbox 1102 4152 1170 4205; x_wconf 84' lang='lat' dir='ltr'><strong>ita</strong></span> <span class='ocrx_word' id='word_1_579' title='bbox 1194 4151 1511 4207; x_wconf 86' lang='lat' dir='ltr'><strong>valetudinis</strong></span> <span class='ocrx_word' id='word_1_580' title='bbox 1536 4156 1890 4224; x_wconf 61' lang='lat' dir='ltr'><strong>inmqualitate</strong></span> 
     </span>
    </p>
   </div>
   <div class='ocr_carea' id='block_1_76' title="bbox 306 4238 1891 4308">
    <p class='ocr_par' dir='ltr' id='par_1_76' title="bbox 306 4238 1891 4308">
     <span class='ocr_line' id='line_1_76' title="bbox 306 4238 1891 4308; baseline 0.006 -17"><span class='ocrx_word' id='word_1_581' title='bbox 306 4238 705 4308; x_wconf 68' lang='lat' dir='ltr'><strong>corrumpitur,</strong></span> <span class='ocrx_word' id='word_1_582' title='bbox 740 4240 806 4293; x_wconf 90' lang='lat' dir='ltr'><strong>ita</strong></span> <span class='ocrx_word' id='word_1_583' title='bbox 834 4241 1147 4294; x_wconf 79' lang='lat' dir='ltr'><strong>exhauritur</strong></span> <span class='ocrx_word' id='word_1_584' title='bbox 1192 4243 1415 4308; x_wconf 88' lang='lat' dir='ltr'><strong>viribus,</strong></span> <span class='ocrx_word' id='word_1_585' title='bbox 1452 4246 1519 4298; x_wconf 85' lang='lat' dir='ltr'><strong>ita</strong></span> <span class='ocrx_word' id='word_1_586' title='bbox 1574 4246 1891 4302; x_wconf 84' lang='lat' dir='ltr'><strong>lassitudine</strong></span> 
     </span>
    </p>
   </div>
   <div class='ocr_carea' id='block_1_77' title="bbox 306 4327 1887 4403">
    <p class='ocr_par' dir='ltr' id='par_1_77' title="bbox 306 4327 1887 4403">
     <span class='ocr_line' id='line_1_77' title="bbox 306 4327 1887 4403; baseline 0.008 -24"><span class='ocrx_word' id='word_1_587' title='bbox 306 4327 617 4382; x_wconf 76' lang='lat' dir='ltr'><strong>debliatur</strong></span> <span class='ocrx_word' id='word_1_588' title='bbox 644 4342 697 4382; x_wconf 84' lang='lat' dir='ltr'><strong>et</strong></span> <span class='ocrx_word' id='word_1_589' title='bbox 720 4329 998 4400; x_wconf 78' lang='lat' dir='ltr'><strong>frangitur,</strong></span> <span class='ocrx_word' id='word_1_590' title='bbox 1022 4340 1076 4383; x_wconf 90' lang='lat' dir='ltr'><strong>ut</strong></span> <span class='ocrx_word' id='word_1_591' title='bbox 1096 4330 1142 4384; x_wconf 83' lang='lat' dir='ltr'><strong>si</strong></span> <span class='ocrx_word' id='word_1_592' title='bbox 1169 4332 1349 4401; x_wconf 89' lang='lat' dir='ltr'><strong>aliquo</strong></span> <span class='ocrx_word' id='word_1_593' title='bbox 1373 4332 1530 4388; x_wconf 88' lang='lat' dir='ltr'><strong>modo</strong></span> <span class='ocrx_word' id='word_1_594' title='bbox 1552 4336 1804 4403; x_wconf 86' lang='lat' dir='ltr'><strong>perduret</strong></span> <span class='ocrx_word' id='word_1_595' title='bbox 1834 4336 1887 4392; x_wconf 89' lang='lat' dir='ltr'><strong>in</strong></span> 
     </span>
    </p>
   </div>
   <div class='ocr_carea' id='block_1_78' title="bbox 310 4418 1889 4487">
    <p class='ocr_par' dir='ltr' id='par_1_78' title="bbox 310 4418 1889 4487">
     <span class='ocr_line' id='line_1_78' title="bbox 310 4418 1889 4487; baseline 0.009 -19"><span class='ocrx_word' id='word_1_596' title='bbox 310 4418 443 4479; x_wconf 81' lang='lat' dir='ltr'><strong>vita,</strong></span> <span class='ocrx_word' id='word_1_597' title='bbox 469 4420 552 4471; x_wconf 78' lang='lat' dir='ltr'><strong>vix</strong></span> <span class='ocrx_word' id='word_1_598' title='bbox 603 4422 771 4487; x_wconf 82' lang='lat' dir='ltr'><strong>possit</strong></span> <span class='ocrx_word' id='word_1_599' title='bbox 816 4422 881 4473; x_wconf 85' lang='lat' dir='ltr'><strong>ad</strong></span> <span class='ocrx_word' id='word_1_600' title='bbox 909 4438 1031 4475; x_wconf 86' lang='lat' dir='ltr'><strong>eum</strong></span> <span class='ocrx_word' id='word_1_601' title='bbox 1062 4422 1241 4477; x_wconf 90' lang='lat' dir='ltr'><strong>cibum</strong></span> <span class='ocrx_word' id='word_1_602' title='bbox 1271 4426 1511 4479; x_wconf 81' lang='lat' dir='ltr'><strong>revocari</strong></span> <span class='ocrx_word' id='word_1_603' title='bbox 1542 4427 1681 4481; x_wconf 90' lang='lat' dir='ltr'><strong>unde</strong></span> <span class='ocrx_word' id='word_1_604' title='bbox 1721 4429 1889 4482; x_wconf 85' lang='lat' dir='ltr'><strong>absti-</strong></span> 
     </span>
    </p>
   </div>
   <div class='ocr_carea' id='block_1_79' title="bbox 1992 3241 3574 3308">
    <p class='ocr_par' dir='ltr' id='par_1_79' title="bbox 1992 3241 3574 3308">
     <span class='ocr_line' id='line_1_79' title="bbox 1992 3241 3574 3308; baseline -0.001 -13"><span class='ocrx_word' id='word_1_605' title='bbox 1992 3244 2135 3295; x_wconf 81' lang='lat' dir='ltr'><strong>misit</strong></span> <span class='ocrx_word' id='word_1_606' title='bbox 2162 3242 2304 3295; x_wconf 76' lang='lat' dir='ltr'><strong>nulli</strong></span> <span class='ocrx_word' id='word_1_607' title='bbox 2330 3241 2689 3295; x_wconf 87' lang='lat' dir='ltr'><strong>dituinntione</strong></span> <span class='ocrx_word' id='word_1_608' title='bbox 2722 3257 2831 3293; x_wconf 59' lang='lat' dir='ltr'><strong>sua:</strong></span> <span class='ocrx_word' id='word_1_609' title='bbox 2856 3242 3135 3308; x_wconf 71' lang='lat' dir='ltr'><strong>potestatis</strong></span> <span class='ocrx_word' id='word_1_610' title='bbox 3174 3249 3228 3294; x_wconf 85' lang='lat' dir='ltr'><strong>et</strong></span> <span class='ocrx_word' id='word_1_611' title='bbox 3274 3242 3574 3294; x_wconf 83' lang='lat' dir='ltr'><strong>divinitatis</strong></span> 
     </span>
    </p>
   </div>
   <div class='ocr_carea' id='block_1_80' title="bbox 1991 3330 3578 3401">
    <p class='ocr_par' dir='ltr' id='par_1_80' title="bbox 1991 3330 3578 3401">
     <span class='ocr_line' id='line_1_80' title="bbox 1991 3330 3578 3401; baseline -0.002 -13"><span class='ocrx_word' id='word_1_612' title='bbox 1991 3334 2043 3388; x_wconf 90' lang='lat' dir='ltr'><strong>id</strong></span> <span class='ocrx_word' id='word_1_613' title='bbox 2078 3333 2225 3397; x_wconf 85' lang='lat' dir='ltr'><strong>fieri,</strong></span> <span class='ocrx_word' id='word_1_614' title='bbox 2254 3335 2394 3387; x_wconf 89' lang='lat' dir='ltr'><strong>sicut</strong></span> <span class='ocrx_word' id='word_1_615' title='bbox 2441 3334 2508 3386; x_wconf 90' lang='lat' dir='ltr'><strong>ab</strong></span> <span class='ocrx_word' id='word_1_616' title='bbox 2541 3334 2671 3401; x_wconf 66' lang='lat' dir='ltr'><strong>&#39;psis</strong></span> <span class='ocrx_word' id='word_1_617' title='bbox 2716 3330 2914 3384; x_wconf 63' lang='lat' dir='ltr'><strong>Judwis</strong></span> <span class='ocrx_word' id='word_1_618' title='bbox 2943 3333 3272 3400; x_wconf 86' lang='lat' dir='ltr'><strong>(quanquam</strong></span> <span class='ocrx_word' id='word_1_619' title='bbox 3307 3336 3578 3400; x_wconf 78' lang='lat' dir='ltr'><strong>perversis</strong></span> 
     </span>
    </p>
   </div>
   <div class='ocr_carea' id='block_1_81' title="bbox 1990 3422 3572 3493">
    <p class='ocr_par' dir='ltr' id='par_1_81' title="bbox 1990 3422 3572 3493">
     <span class='ocr_line' id='line_1_81' title="bbox 1990 3422 3572 3493; baseline -0.001 -16"><span class='ocrx_word' id='word_1_620' title='bbox 1990 3432 2154 3493; x_wconf 86' lang='lat' dir='ltr'><strong>atque</strong></span> <span class='ocrx_word' id='word_1_621' title='bbox 2203 3423 2525 3486; x_wconf 86' lang='lat' dir='ltr'><strong>immundis,</strong></span> <span class='ocrx_word' id='word_1_622' title='bbox 2574 3432 2627 3476; x_wconf 86' lang='lat' dir='ltr'><strong>et</strong></span> <span class='ocrx_word' id='word_1_623' title='bbox 2658 3424 2789 3476; x_wconf 84' lang='lat' dir='ltr'><strong>facta</strong></span> <span class='ocrx_word' id='word_1_624' title='bbox 2840 3422 3100 3476; x_wconf 80' lang='lat' dir='ltr'><strong>diabolica</strong></span> <span class='ocrx_word' id='word_1_625' title='bbox 3146 3422 3483 3488; x_wconf 83' lang='lat' dir='ltr'><strong>facientibus)</strong></span> <span class='ocrx_word' id='word_1_626' title='bbox 3515 3431 3572 3475; x_wconf 89' lang='lat' dir='ltr'><strong>et</strong></span> 
     </span>
    </p>
   </div>
   <div class='ocr_carea' id='block_1_82' title="bbox 1989 3508 3580 3581">
    <p class='ocr_par' dir='ltr' id='par_1_82' title="bbox 1989 3508 3580 3581">
     <span class='ocr_line' id='line_1_82' title="bbox 1989 3508 3580 3581; baseline -0.003 -14"><span class='ocrx_word' id='word_1_627' title='bbox 1989 3512 2158 3567; x_wconf 88' lang='lat' dir='ltr'><strong>teneri</strong></span> <span class='ocrx_word' id='word_1_628' title='bbox 2186 3524 2276 3577; x_wconf 85' lang='lat' dir='ltr'><strong>se,</strong></span> <span class='ocrx_word' id='word_1_629' title='bbox 2326 3523 2377 3565; x_wconf 86' lang='lat' dir='ltr'><strong>et</strong></span> <span class='ocrx_word' id='word_1_630' title='bbox 2419 3511 2637 3575; x_wconf 82' lang='lat' dir='ltr'><strong>vinciri,</strong></span> <span class='ocrx_word' id='word_1_631' title='bbox 2668 3521 2723 3565; x_wconf 87' lang='lat' dir='ltr'><strong>et</strong></span> <span class='ocrx_word' id='word_1_632' title='bbox 2745 3512 2922 3575; x_wconf 89' lang='lat' dir='ltr'><strong>illudi,</strong></span> <span class='ocrx_word' id='word_1_633' title='bbox 2950 3508 3003 3565; x_wconf 79' lang='lat' dir='ltr'><strong>ei</strong></span> <span class='ocrx_word' id='word_1_634' title='bbox 3029 3513 3287 3581; x_wconf 85' lang='lat' dir='ltr'><strong>crnciligi,</strong></span> <span class='ocrx_word' id='word_1_635' title='bbox 3315 3523 3474 3581; x_wconf 85' lang='lat' dir='ltr'><strong>atque</strong></span> <span class='ocrx_word' id='word_1_636' title='bbox 3503 3512 3580 3565; x_wconf 88' lang='lat' dir='ltr'><strong>in-</strong></span> 
     </span>
    </p>
   </div>
   <div class='ocr_carea' id='block_1_83' title="bbox 1992 3601 3580 3671">
    <p class='ocr_par' dir='ltr' id='par_1_83' title="bbox 1992 3601 3580 3671">
     <span class='ocr_line' id='line_1_83' title="bbox 1992 3601 3580 3671; baseline 0 -17"><span class='ocrx_word' id='word_1_637' title='bbox 1992 3606 2162 3657; x_wconf 88' lang='lat' dir='ltr'><strong>terlici</strong></span> <span class='ocrx_word' id='word_1_638' title='bbox 2198 3616 2387 3671; x_wconf 85' lang='lat' dir='ltr'><strong>passus</strong></span> <span class='ocrx_word' id='word_1_639' title='bbox 2414 3612 2493 3655; x_wconf 74' lang='lat' dir='ltr'><strong>est</strong></span> <span class='ocrx_word' id='word_1_640' title='bbox 2522 3618 2537 3667; x_wconf 90' lang='lat'><strong>;</strong></span> <span class='ocrx_word' id='word_1_641' title='bbox 2564 3617 2666 3655; x_wconf 89' lang='lat' dir='ltr'><strong>non</strong></span> <span class='ocrx_word' id='word_1_642' title='bbox 2707 3612 2789 3655; x_wconf 86' lang='lat' dir='ltr'><strong>est</strong></span> <span class='ocrx_word' id='word_1_643' title='bbox 2814 3601 3106 3656; x_wconf 78' lang='lat' dir='ltr'><strong>absurdum</strong></span> <span class='ocrx_word' id='word_1_644' title='bbox 3130 3603 3356 3656; x_wconf 84' lang='lat' dir='ltr'><strong>credere</strong></span> <span class='ocrx_word' id='word_1_645' title='bbox 3385 3617 3445 3653; x_wconf 74' lang='lat' dir='ltr'><strong>ex</strong></span> <span class='ocrx_word' id='word_1_646' title='bbox 3478 3602 3580 3654; x_wconf 88' lang='lat' dir='ltr'><strong>ali-</strong></span> 
     </span>
    </p>
   </div>
   <div class='ocr_carea' id='block_1_84' title="bbox 1990 3690 3583 3758">
    <p class='ocr_par' dir='ltr' id='par_1_84' title="bbox 1990 3690 3583 3758">
     <span class='ocr_line' id='line_1_84' title="bbox 1990 3690 3583 3758; baseline -0.002 -13"><span class='ocrx_word' id='word_1_647' title='bbox 1990 3709 2093 3758; x_wconf 87' lang='lat' dir='ltr'><strong>qua</strong></span> <span class='ocrx_word' id='word_1_648' title='bbox 2157 3693 2564 3757; x_wconf 78' lang='lat' dir='ltr'><strong>dis;cusatione</strong></span> <span class='ocrx_word' id='word_1_649' title='bbox 2625 3691 2825 3745; x_wconf 69' lang='lat' dir='ltr'><strong>divina:</strong></span> <span class='ocrx_word' id='word_1_650' title='bbox 2910 3690 3199 3743; x_wconf 79' lang='lat' dir='ltr'><strong>voluntatis</strong></span> <span class='ocrx_word' id='word_1_651' title='bbox 3269 3692 3583 3757; x_wconf 84' lang='lat' dir='ltr'><strong>permissum</strong></span> 
     </span>
    </p>
   </div>
   <div class='ocr_carea' id='block_1_85' title="bbox 1993 3781 3582 3849">
    <p class='ocr_par' dir='ltr' id='par_1_85' title="bbox 1993 3781 3582 3849">
     <span class='ocr_line' id='line_1_85' title="bbox 1993 3781 3582 3849; baseline 0 -14"><span class='ocrx_word' id='word_1_652' title='bbox 1993 3784 2159 3837; x_wconf 89' lang='lat' dir='ltr'><strong>fuisse</strong></span> <span class='ocrx_word' id='word_1_653' title='bbox 2188 3792 2246 3835; x_wconf 91' lang='grc' dir='ltr'><strong>ιιι</strong></span> <span class='ocrx_word' id='word_1_654' title='bbox 2292 3797 2397 3836; x_wconf 87' lang='lat' dir='ltr'><strong>non</strong></span> <span class='ocrx_word' id='word_1_655' title='bbox 2432 3783 2662 3845; x_wconf 86' lang='lat' dir='ltr'><strong>invitus,</strong></span> <span class='ocrx_word' id='word_1_656' title='bbox 2697 3796 2796 3835; x_wconf 87' lang='lat' dir='ltr'><strong>nec</strong></span> <span class='ocrx_word' id='word_1_657' title='bbox 2840 3781 3155 3834; x_wconf 81' lang='lat' dir='ltr'><strong>dominante</strong></span> <span class='ocrx_word' id='word_1_658' title='bbox 3197 3790 3359 3848; x_wconf 86' lang='lat' dir='ltr'><strong>atque</strong></span> <span class='ocrx_word' id='word_1_659' title='bbox 3402 3783 3582 3849; x_wconf 85' lang='lat' dir='ltr'><strong>subju-</strong></span> 
     </span>
    </p>
   </div>
   <div class='ocr_carea' id='block_1_86' title="bbox 1990 3870 3576 3941">
    <p class='ocr_par' dir='ltr' id='par_1_86' title="bbox 1990 3870 3576 3941">
     <span class='ocr_line' id='line_1_86' title="bbox 1990 3870 3576 3941; baseline 0.001 -17"><span class='ocrx_word' id='word_1_660' title='bbox 1990 3881 2149 3941; x_wconf 78' lang='lat' dir='ltr'><strong>gaute</strong></span> <span class='ocrx_word' id='word_1_661' title='bbox 2178 3873 2381 3940; x_wconf 62' lang='lat' dir='ltr'><strong>magica</strong></span> <span class='ocrx_word' id='word_1_662' title='bbox 2407 3870 2775 3935; x_wconf 72' lang='lat' dir='ltr'><strong>potentia,sed</strong></span> <span class='ocrx_word' id='word_1_663' title='bbox 2800 3871 2985 3923; x_wconf 89' lang='lat' dir='ltr'><strong>volens</strong></span> <span class='ocrx_word' id='word_1_664' title='bbox 3007 3880 3169 3939; x_wconf 82' lang='lat' dir='ltr'><strong>atque</strong></span> <span class='ocrx_word' id='word_1_665' title='bbox 3191 3871 3576 3939; x_wconf 82' lang='lat' dir='ltr'><strong>obtemperans</strong></span> 
     </span>
    </p>
   </div>
   <div class='ocr_carea' id='block_1_87' title="bbox 1992 3960 3581 4029">
    <p class='ocr_par' dir='ltr' id='par_1_87' title="bbox 1992 3960 3581 4029">
     <span class='ocr_line' id='line_1_87' title="bbox 1992 3960 3581 4029; baseline 0 -11"><span class='ocrx_word' id='word_1_666' title='bbox 1992 3961 2221 4018; x_wconf 73' lang='lat' dir='ltr'><strong>occulta:</strong></span> <span class='ocrx_word' id='word_1_667' title='bbox 2245 3960 2639 4029; x_wconf 72' lang='lat' dir='ltr'><strong>dispensatiOni</strong></span> <span class='ocrx_word' id='word_1_668' title='bbox 2669 3960 2785 4024; x_wconf 85' lang='lat' dir='ltr'><strong>Dei,</strong></span> <span class='ocrx_word' id='word_1_669' title='bbox 2809 3975 2929 4027; x_wconf 66' lang='lat' dir='ltr'><strong>qua:</strong></span> <span class='ocrx_word' id='word_1_670' title='bbox 2956 3961 3323 4029; x_wconf 81' lang='lat' dir='ltr'><strong>pythonissam</strong></span> <span class='ocrx_word' id='word_1_671' title='bbox 3357 3962 3581 4018; x_wconf 84' lang='lat' dir='ltr'><strong>illam&#39;et</strong></span> 
     </span>
    </p>
   </div>
   <div class='ocr_carea' id='block_1_88' title="bbox 2006 4050 3580 4119">
    <p class='ocr_par' dir='ltr' id='par_1_88' title="bbox 2006 4050 3580 4119">
     <span class='ocr_line' id='line_1_88' title="bbox 2006 4050 3580 4119; baseline 0.001 -14"><span class='ocrx_word' id='word_1_672' title='bbox 2006 4051 2221 4105; x_wconf 77' lang='lat' dir='ltr'><strong>Saulem</strong></span> <span class='ocrx_word' id='word_1_673' title='bbox 2250 4051 2476 4114; x_wconf 76' lang='lat' dir='ltr'><strong>latebat,</strong></span> <span class='ocrx_word' id='word_1_674' title='bbox 2507 4050 2835 4104; x_wconf 86' lang='lat' dir='ltr'><strong>consentiret</strong></span> <span class='ocrx_word' id='word_1_675' title='bbox 2859 4050 3081 4118; x_wconf 84' lang='lat' dir='ltr'><strong>spiritus</strong></span> <span class='ocrx_word' id='word_1_676' title='bbox 3115 4052 3388 4119; x_wconf 58' lang='lat' dir='ltr'><strong>prophetas</strong></span> <span class='ocrx_word' id='word_1_677' title='bbox 3411 4052 3580 4107; x_wconf 82' lang='lat' dir='ltr'><strong>sancti</strong></span> 
     </span>
    </p>
   </div>
   <div class='ocr_carea' id='block_1_89' title="bbox 1994 4139 3577 4210">
    <p class='ocr_par' dir='ltr' id='par_1_89' title="bbox 1994 4139 3577 4210">
     <span class='ocr_line' id='line_1_89' title="bbox 1994 4139 3577 4210; baseline -0.003 -13"><span class='ocrx_word' id='word_1_678' title='bbox 1994 4157 2055 4197; x_wconf 86' lang='lat' dir='ltr'><strong>se</strong></span> <span class='ocrx_word' id='word_1_679' title='bbox 2082 4141 2298 4195; x_wconf 85' lang='lat' dir='ltr'><strong>ostendi</strong></span> <span class='ocrx_word' id='word_1_680' title='bbox 2325 4140 2563 4209; x_wconf 76' lang='lat' dir='ltr'><strong>aspectui</strong></span> <span class='ocrx_word' id='word_1_681' title='bbox 2606 4141 2745 4210; x_wconf 77' lang='lat' dir='ltr'><strong>regis</strong></span> <span class='ocrx_word' id='word_1_682' title='bbox 2766 4182 2780 4203; x_wconf 92' lang='lat'><strong>,</strong></span> <span class='ocrx_word' id='word_1_683' title='bbox 2808 4139 2984 4194; x_wconf 85' lang='lat' dir='ltr'><strong>divina</strong></span> <span class='ocrx_word' id='word_1_684' title='bbox 3011 4154 3134 4194; x_wconf 88' lang='lat' dir='ltr'><strong>eum</strong></span> <span class='ocrx_word' id='word_1_685' title='bbox 3163 4142 3428 4195; x_wconf 86' lang='lat' dir='ltr'><strong>sententia</strong></span> <span class='ocrx_word' id='word_1_686' title='bbox 3460 4156 3577 4209; x_wconf 84' lang='lat' dir='ltr'><strong>per-</strong></span> 
     </span>
    </p>
   </div>
   <div class='ocr_carea' id='block_1_90' title="bbox 1993 4231 3575 4301">
    <p class='ocr_par' dir='ltr' id='par_1_90' title="bbox 1993 4231 3575 4301">
     <span class='ocr_line' id='line_1_90' title="bbox 1993 4231 3575 4301; baseline -0.001 -12"><span class='ocrx_word' id='word_1_687' title='bbox 1993 4247 2268 4289; x_wconf 87' lang='lat' dir='ltr'><strong>cussurus.</strong></span> <span class='ocrx_word' id='word_1_688' title='bbox 2317 4231 2425 4287; x_wconf 90' lang='lat' dir='ltr'><strong>Cur</strong></span> <span class='ocrx_word' id='word_1_689' title='bbox 2462 4232 2606 4287; x_wconf 77' lang='lat' dir='ltr'><strong>cn’ni</strong></span> <span class='ocrx_word' id='word_1_690' title='bbox 2648 4233 2820 4286; x_wconf 90' lang='lat' dir='ltr'><strong>anima</strong></span> <span class='ocrx_word' id='word_1_691' title='bbox 2855 4232 2979 4285; x_wconf 91' lang='lat' dir='ltr'><strong>boui</strong></span> <span class='ocrx_word' id='word_1_692' title='bbox 3025 4232 3287 4301; x_wconf 87' lang='lat' dir='ltr'><strong>hominis,</strong></span> <span class='ocrx_word' id='word_1_693' title='bbox 3334 4248 3364 4287; x_wconf 87' lang='lat' dir='ltr'><strong>a</strong></span> <span class='ocrx_word' id='word_1_694' title='bbox 3418 4234 3575 4287; x_wconf 85' lang='lat' dir='ltr'><strong>malis</strong></span> 
     </span>
    </p>
   </div>
   <div class='ocr_carea' id='block_1_91' title="bbox 1994 4324 3580 4396">
    <p class='ocr_par' dir='ltr' id='par_1_91' title="bbox 1994 4324 3580 4396">
     <span class='ocr_line' id='line_1_91' title="bbox 1994 4324 3580 4396; baseline -0.003 -15"><span class='ocrx_word' id='word_1_695' title='bbox 1994 4324 2131 4381; x_wconf 84' lang='lat' dir='ltr'><strong>vivis</strong></span> <span class='ocrx_word' id='word_1_696' title='bbox 2162 4337 2386 4382; x_wconf 85' lang='lat' dir='ltr'><strong>evocata</strong></span> <span class='ocrx_word' id='word_1_697' title='bbox 2425 4327 2470 4380; x_wconf 82' lang='lat' dir='ltr'><strong>si</strong></span> <span class='ocrx_word' id='word_1_698' title='bbox 2501 4326 2741 4391; x_wconf 84' lang='lat' dir='ltr'><strong>venerit,</strong></span> <span class='ocrx_word' id='word_1_699' title='bbox 2774 4325 3022 4379; x_wconf 85' lang='lat' dir='ltr'><strong>amittere</strong></span> <span class='ocrx_word' id='word_1_700' title='bbox 3052 4325 3301 4380; x_wconf 82' lang='lat' dir='ltr'><strong>videatur</strong></span> <span class='ocrx_word' id='word_1_701' title='bbox 3344 4326 3580 4396; x_wconf 82' lang='lat' dir='ltr'><strong>dignita-</strong></span> 
     </span>
    </p>
   </div>
   <div class='ocr_carea' id='block_1_92' title="bbox 1998 4414 3580 4484">
    <p class='ocr_par' dir='ltr' id='par_1_92' title="bbox 1998 4414 3580 4484">
     <span class='ocr_line' id='line_1_92' title="bbox 1998 4414 3580 4484; baseline 0.003 -18"><span class='ocrx_word' id='word_1_702' title='bbox 1998 4426 2104 4470; x_wconf 88' lang='lat' dir='ltr'><strong>tem</strong></span> <span class='ocrx_word' id='word_1_703' title='bbox 2136 4429 2322 4481; x_wconf 82' lang='lat' dir='ltr'><strong>suam,</strong></span> <span class='ocrx_word' id='word_1_704' title='bbox 2356 4430 2477 4470; x_wconf 90' lang='lat' dir='ltr'><strong>cum</strong></span> <span class='ocrx_word' id='word_1_705' title='bbox 2520 4424 2576 4469; x_wconf 88' lang='lat' dir='ltr'><strong>ct</strong></span> <span class='ocrx_word' id='word_1_706' title='bbox 2615 4415 2721 4469; x_wconf 87' lang='lat' dir='ltr'><strong>vivi</strong></span> <span class='ocrx_word' id='word_1_707' title='bbox 2755 4414 3071 4484; x_wconf 75' lang='lat' dir='ltr'><strong>jleruuique</strong></span> <span class='ocrx_word' id='word_1_708' title='bbox 3098 4415 3223 4470; x_wconf 92' lang='lat' dir='ltr'><strong>boni</strong></span> <span class='ocrx_word' id='word_1_709' title='bbox 3246 4456 3261 4480; x_wconf 93' lang='lat'><strong>,</strong></span> <span class='ocrx_word' id='word_1_710' title='bbox 3310 4416 3482 4469; x_wconf 87' lang='lat' dir='ltr'><strong>vocati</strong></span> <span class='ocrx_word' id='word_1_711' title='bbox 3511 4416 3580 4470; x_wconf 88' lang='lat' dir='ltr'><strong>ad</strong></span> 
     </span>
    </p>
   </div>
   <div class='ocr_carea' id='block_1_93' title="bbox 310 4504 1883 4591">
    <p class='ocr_par' dir='ltr' id='par_1_93' title="bbox 310 4510 1883 4586">
     <span class='ocr_line' id='line_1_93' title="bbox 310 4510 1883 4586; baseline 0.005 -21"><span class='ocrx_word' id='word_1_712' title='bbox 310 4510 492 4565; x_wconf 83' lang='lat' dir='ltr'><strong>uendo</strong></span> <span class='ocrx_word' id='word_1_713' title='bbox 536 4511 712 4564; x_wconf 68' lang='lat' dir='ltr'><strong>vitiata</strong></span> <span class='ocrx_word' id='word_1_714' title='bbox 758 4522 861 4567; x_wconf 88' lang='lat' dir='ltr'><strong>est.</strong></span> <span class='ocrx_word' id='word_1_715' title='bbox 891 4513 981 4566; x_wconf 88' lang='lat' dir='ltr'><strong>Sic</strong></span> <span class='ocrx_word' id='word_1_716' title='bbox 1009 4528 1113 4567; x_wconf 90' lang='lat' dir='ltr'><strong>non</strong></span> <span class='ocrx_word' id='word_1_717' title='bbox 1144 4525 1226 4569; x_wconf 83' lang='lat' dir='ltr'><strong>est</strong></span> <span class='ocrx_word' id='word_1_718' title='bbox 1248 4516 1543 4571; x_wconf 86' lang='lat' dir='ltr'><strong>substantia</strong></span> <span class='ocrx_word' id='word_1_719' title='bbox 1587 4531 1883 4586; x_wconf 85' lang='lat' dir='ltr'><strong>peccatum,</strong></span> 
     </span>
    </p>
   </div>
   <div class='ocr_carea' id='block_1_94' title="bbox 1991 4504 3579 4591">
    <p class='ocr_par' dir='ltr' id='par_1_94' title="bbox 1998 4504 3579 4575">
     <span class='ocr_line' id='line_1_94' title="bbox 1998 4504 3579 4575; baseline 0.001 -16"><span class='ocrx_word' id='word_1_720' title='bbox 1998 4506 2168 4559; x_wconf 83' lang='lat' dir='ltr'><strong>malos</strong></span> <span class='ocrx_word' id='word_1_721' title='bbox 2196 4506 2435 4570; x_wconf 86' lang='lat' dir='ltr'><strong>veniant,</strong></span> <span class='ocrx_word' id='word_1_722' title='bbox 2463 4516 2513 4560; x_wconf 87' lang='lat' dir='ltr'><strong>et</strong></span> <span class='ocrx_word' id='word_1_723' title='bbox 2536 4516 2694 4573; x_wconf 82' lang='lat' dir='ltr'><strong>agant</strong></span> <span class='ocrx_word' id='word_1_724' title='bbox 2718 4522 2839 4560; x_wconf 89' lang='lat' dir='ltr'><strong>cum</strong></span> <span class='ocrx_word' id='word_1_725' title='bbox 2868 4505 2946 4559; x_wconf 82' lang='lat' dir='ltr'><strong>eis</strong></span> <span class='ocrx_word' id='word_1_726' title='bbox 2973 4505 3113 4573; x_wconf 89' lang='lat' dir='ltr'><strong>quod</strong></span> <span class='ocrx_word' id='word_1_727' title='bbox 3144 4504 3378 4559; x_wconf 82' lang='lat' dir='ltr'><strong>officium</strong></span> <span class='ocrx_word' id='word_1_728' title='bbox 3405 4515 3579 4575; x_wconf 78' lang='lat' dir='ltr'><strong>postu-</strong></span> 
     </span>
    </p>
   </div>
   <div class='ocr_carea' id='block_1_95' title="bbox 310 4601 1885 4674">
    <p class='ocr_par' dir='ltr' id='par_1_95' title="bbox 310 4601 1885 4674">
     <span class='ocr_line' id='line_1_95' title="bbox 310 4601 1885 4674; baseline 0.007 -20"><span class='ocrx_word' id='word_1_729' title='bbox 310 4602 408 4655; x_wconf 85' lang='lat' dir='ltr'><strong>sed</strong></span> <span class='ocrx_word' id='word_1_730' title='bbox 431 4601 722 4655; x_wconf 84' lang='lat' dir='ltr'><strong>substantia</strong></span> <span class='ocrx_word' id='word_1_731' title='bbox 756 4613 839 4655; x_wconf 81' lang='lat' dir='ltr'><strong>est</strong></span> <span class='ocrx_word' id='word_1_732' title='bbox 868 4603 1006 4658; x_wconf 87' lang='lat' dir='ltr'><strong>Deus</strong></span> <span class='ocrx_word' id='word_1_733' title='bbox 1034 4618 1348 4674; x_wconf 84' lang='lat' dir='ltr'><strong>summaque</strong></span> <span class='ocrx_word' id='word_1_734' title='bbox 1376 4608 1694 4673; x_wconf 81' lang='lat' dir='ltr'><strong>substantia,</strong></span> <span class='ocrx_word' id='word_1_735' title='bbox 1718 4618 1774 4663; x_wconf 89' lang='lat' dir='ltr'><strong>et</strong></span> <span class='ocrx_word' id='word_1_736' title='bbox 1798 4625 1885 4665; x_wconf 85' lang='lat' dir='ltr'><strong>so-</strong></span> 
     </span>
    </p>
   </div>
   <div class='ocr_carea' id='block_1_96' title="bbox 312 4694 1888 4769">
    <p class='ocr_par' dir='ltr' id='par_1_96' title="bbox 312 4694 1888 4769">
     <span class='ocr_line' id='line_1_96' title="bbox 312 4694 1888 4769; baseline 0.006 -22"><span class='ocrx_word' id='word_1_737' title='bbox 312 4694 401 4747; x_wconf 89' lang='lat' dir='ltr'><strong>lus</strong></span> <span class='ocrx_word' id='word_1_738' title='bbox 430 4709 588 4747; x_wconf 83' lang='lat' dir='ltr'><strong>verus</strong></span> <span class='ocrx_word' id='word_1_739' title='bbox 611 4694 886 4749; x_wconf 86' lang='lat' dir='ltr'><strong>rationalis</strong></span> <span class='ocrx_word' id='word_1_740' title='bbox 913 4708 1175 4750; x_wconf 72' lang='lat' dir='ltr'><strong>creatura:</strong></span> <span class='ocrx_word' id='word_1_741' title='bbox 1206 4698 1377 4752; x_wconf 89' lang='lat' dir='ltr'><strong>cibus.</strong></span> <span class='ocrx_word' id='word_1_742' title='bbox 1421 4703 1458 4753; x_wconf 79' lang='grc' dir='ltr'>Α</span> <span class='ocrx_word' id='word_1_743' title='bbox 1488 4715 1595 4767; x_wconf 89' lang='lat' dir='ltr'><strong>quo</strong></span> <span class='ocrx_word' id='word_1_744' title='bbox 1650 4717 1742 4769; x_wconf 86' lang='lat' dir='ltr'><strong>per</strong></span> <span class='ocrx_word' id='word_1_745' title='bbox 1770 4704 1888 4756; x_wconf 83' lang='lat' dir='ltr'><strong>iuo-</strong></span> 
     </span>
    </p>
   </div>
   <div class='ocr_carea' id='block_1_97' title="bbox 310 4787 1895 4857">
    <p class='ocr_par' dir='ltr' id='par_1_97' title="bbox 310 4787 1895 4857">
     <span class='ocr_line' id='line_1_97' title="bbox 310 4787 1895 4857; baseline 0.004 -16"><span class='ocrx_word' id='word_1_746' title='bbox 310 4787 637 4841; x_wconf 80' lang='lat' dir='ltr'><strong>bedientiam</strong></span> <span class='ocrx_word' id='word_1_747' title='bbox 670 4788 991 4852; x_wconf 74' lang='lat' dir='ltr'><strong>recedendi),</strong></span> <span class='ocrx_word' id='word_1_748' title='bbox 1022 4796 1072 4842; x_wconf 88' lang='lat' dir='ltr'><strong>et</strong></span> <span class='ocrx_word' id='word_1_749' title='bbox 1114 4805 1209 4857; x_wconf 88' lang='lat' dir='ltr'><strong>per</strong></span> <span class='ocrx_word' id='word_1_750' title='bbox 1237 4790 1601 4846; x_wconf 82' lang='lat' dir='ltr'><strong>infirmitatem</strong></span> <span class='ocrx_word' id='word_1_751' title='bbox 1654 4810 1759 4847; x_wconf 90' lang='lat' dir='ltr'><strong>non</strong></span> <span class='ocrx_word' id='word_1_752' title='bbox 1804 4812 1895 4848; x_wconf 85' lang='lat' dir='ltr'><strong>va-</strong></span> 
     </span>
    </p>
   </div>
   <div class='ocr_carea' id='block_1_98' title="bbox 314 4876 1893 4953">
    <p class='ocr_par' dir='ltr' id='par_1_98' title="bbox 314 4876 1893 4953">
     <span class='ocr_line' id='line_1_98' title="bbox 314 4876 1893 4953; baseline 0.006 -24"><span class='ocrx_word' id='word_1_753' title='bbox 314 4876 481 4931; x_wconf 84' lang='lat' dir='ltr'><strong>lendo</strong></span> <span class='ocrx_word' id='word_1_754' title='bbox 506 4892 698 4943; x_wconf 88' lang='lat' dir='ltr'><strong>capere</strong></span> <span class='ocrx_word' id='word_1_755' title='bbox 723 4894 829 4947; x_wconf 87' lang='lat' dir='ltr'><strong>quo</strong></span> <span class='ocrx_word' id='word_1_756' title='bbox 858 4878 1044 4932; x_wconf 86' lang='lat' dir='ltr'><strong>debuit</strong></span> <span class='ocrx_word' id='word_1_757' title='bbox 1078 4887 1133 4932; x_wconf 88' lang='lat' dir='ltr'><strong>et</strong></span> <span class='ocrx_word' id='word_1_758' title='bbox 1159 4880 1413 4949; x_wconf 82' lang='lat' dir='ltr'><strong>gaudere,</strong></span> <span class='ocrx_word' id='word_1_759' title='bbox 1457 4883 1611 4937; x_wconf 85' lang='lat' dir='ltr'><strong>audis</strong></span> <span class='ocrx_word' id='word_1_760' title='bbox 1637 4888 1893 4953; x_wconf 87' lang='lat' dir='ltr'><strong>quemad—</strong></span> 
     </span>
    </p>
   </div>
   <div class='ocr_carea' id='block_1_99' title="bbox 312 4967 1894 5039">
    <p class='ocr_par' dir='ltr' id='par_1_99' title="bbox 312 4967 1894 5039">
     <span class='ocr_line' id='line_1_99' title="bbox 312 4967 1894 5039; baseline 0.008 -20"><span class='ocrx_word' id='word_1_761' title='bbox 312 4967 533 5020; x_wconf 88' lang='lat' dir='ltr'><strong>modutn</strong></span> <span class='ocrx_word' id='word_1_762' title='bbox 584 4969 724 5022; x_wconf 89' lang='lat' dir='ltr'><strong>dicat</strong></span> <span class='ocrx_word' id='word_1_763' title='bbox 756 4987 768 5021; x_wconf 90' lang='lat'><strong>:</strong></span> <span class='ocrx_word' id='word_1_764' title='bbox 804 4970 1137 5025; x_wconf 85' lang='lat' dir='ltr'><strong>Percussuni.</strong></span> <span class='ocrx_word' id='word_1_765' title='bbox 1167 4979 1250 5023; x_wconf 90' lang='lat' dir='ltr'><strong>est</strong></span> <span class='ocrx_word' id='word_1_766' title='bbox 1280 4972 1419 5026; x_wconf 89' lang='lat' dir='ltr'><strong>sient</strong></span> <span class='ocrx_word' id='word_1_767' title='bbox 1450 4972 1649 5039; x_wconf 82' lang='lat' dir='ltr'><strong>fenum,</strong></span> <span class='ocrx_word' id='word_1_768' title='bbox 1680 4986 1733 5029; x_wconf 90' lang='lat' dir='ltr'><strong>et</strong></span> <span class='ocrx_word' id='word_1_769' title='bbox 1756 4981 1894 5030; x_wconf 83' lang='lat' dir='ltr'><strong>aruit</strong></span> 
     </span>
    </p>
   </div>
   <div class='ocr_carea' id='block_1_100' title="bbox 310 5058 1888 5135">
    <p class='ocr_par' dir='ltr' id='par_1_100' title="bbox 310 5058 1888 5135">
     <span class='ocr_line' id='line_1_100' title="bbox 310 5058 1888 5135; baseline 0.008 -26"><span class='ocrx_word' id='word_1_770' title='bbox 310 5071 409 5109; x_wconf 90' lang='lat' dir='ltr'><strong>cor</strong></span> <span class='ocrx_word' id='word_1_771' title='bbox 438 5073 640 5124; x_wconf 91' lang='lat' dir='ltr'><strong>meum,</strong></span> <span class='ocrx_word' id='word_1_772' title='bbox 670 5058 916 5126; x_wconf 87' lang='lat' dir='ltr'><strong>quoniam</strong></span> <span class='ocrx_word' id='word_1_773' title='bbox 946 5059 1143 5113; x_wconf 89' lang='lat' dir='ltr'><strong>oblitus</strong></span> <span class='ocrx_word' id='word_1_774' title='bbox 1172 5076 1287 5115; x_wconf 84' lang='lat' dir='ltr'><strong>sunt</strong></span> <span class='ocrx_word' id='word_1_775' title='bbox 1340 5065 1665 5119; x_wconf 90' lang='lat' dir='ltr'><strong>tuunducare</strong></span> <span class='ocrx_word' id='word_1_776' title='bbox 1701 5082 1888 5135; x_wconf 63' lang='lat' dir='ltr'><strong>panem</strong></span> 
     </span>
    </p>
   </div>
   <div class='ocr_carea' id='block_1_101' title="bbox 314 5162 519 5200">
    <p class='ocr_par' dir='ltr' id='par_1_101' title="bbox 314 5162 519 5200">
     <span class='ocr_line' id='line_1_101' title="bbox 314 5162 519 5200; baseline 0.005 -1"><span class='ocrx_word' id='word_1_777' title='bbox 314 5162 519 5200; x_wconf 78' lang='lat' dir='ltr'><strong>meum.</strong></span> 
     </span>
    </p>
   </div>
   <div class='ocr_carea' id='block_1_102' title="bbox 868 5220 1326 5278">
    <p class='ocr_par' dir='ltr' id='par_1_102' title="bbox 868 5220 1326 5278">
     <span class='ocr_line' id='line_1_102' title="bbox 868 5220 1326 5278; baseline 0.017 -8"><span class='ocrx_word' id='word_1_778' title='bbox 868 5220 1093 5276; x_wconf 72' lang='lat' dir='ltr'><strong>CAPUT</strong></span> <span class='ocrx_word' id='word_1_779' title='bbox 1130 5222 1326 5278; x_wconf 73' lang='lat' dir='ltr'><strong>C(ICV.</strong></span> 
     </span>
    </p>
   </div>
   <div class='ocr_carea' id='block_1_103' title="bbox 313 5311 1887 5389">
    <p class='ocr_par' dir='ltr' id='par_1_103' title="bbox 313 5311 1887 5389">
     <span class='ocr_line' id='line_1_103' title="bbox 313 5311 1887 5389; baseline 0.011 -25"><span class='ocrx_word' id='word_1_780' title='bbox 313 5311 396 5365; x_wconf 85' lang='lat' dir='ltr'><strong>De</strong></span> <span class='ocrx_word' id='word_1_781' title='bbox 426 5313 636 5367; x_wconf 71' lang='lat' dir='ltr'><strong>Samuel</strong></span> <span class='ocrx_word' id='word_1_782' title='bbox 659 5326 701 5367; x_wconf 82' lang='lat' dir='ltr'><strong>et</strong></span> <span class='ocrx_word' id='word_1_783' title='bbox 733 5314 1280 5389; x_wconf 76' lang='lat' dir='ltr'><strong>Pgt/miit&#39;ssn,exlibro</strong></span> <span class='ocrx_word' id='word_1_784' title='bbox 1307 5320 1374 5371; x_wconf 77' lang='lat' dir='ltr'><strong>ad</strong></span> <span class='ocrx_word' id='word_1_785' title='bbox 1400 5318 1681 5375; x_wconf 70' lang='lat' dir='ltr'><strong>Dulcitium</strong></span> <span class='ocrx_word' id='word_1_786' title='bbox 1703 5326 1765 5377; x_wconf 84' lang='lat' dir='ltr'><strong>de</strong></span> <span class='ocrx_word' id='word_1_787' title='bbox 1801 5342 1887 5380; x_wconf 68' lang='lat' dir='ltr'><strong>\‘lll</strong></span> 
     </span>
    </p>
   </div>
   <div class='ocr_carea' id='block_1_104' title="bbox 916 5391 1311 5450">
    <p class='ocr_par' dir='ltr' id='par_1_104' title="bbox 916 5391 1311 5450">
     <span class='ocr_line' id='line_1_104' title="bbox 916 5391 1311 5450; baseline 0 -12"><span class='ocrx_word' id='word_1_788' title='bbox 916 5391 1311 5450; x_wconf 69' lang='lat' dir='ltr'><strong>thrstiouibtts.</strong></span> 
     </span>
    </p>
   </div>
   <div class='ocr_carea' id='block_1_105' title="bbox 393 5474 1890 5550">
    <p class='ocr_par' dir='ltr' id='par_1_105' title="bbox 393 5474 1890 5550">
     <span class='ocr_line' id='line_1_105' title="bbox 393 5474 1890 5550; baseline 0.01 -25"><span class='ocrx_word' id='word_1_789' title='bbox 393 5474 553 5525; x_wconf 72' lang='lat' dir='ltr'><strong>Sexta</strong></span> <span class='ocrx_word' id='word_1_790' title='bbox 584 5484 667 5527; x_wconf 90' lang='lat' dir='ltr'><strong>tua</strong></span> <span class='ocrx_word' id='word_1_791' title='bbox 716 5477 1006 5542; x_wconf 84' lang='lat' dir='ltr'><strong>propositio</strong></span> <span class='ocrx_word' id='word_1_792' title='bbox 1041 5488 1153 5541; x_wconf 87' lang='lat' dir='ltr'><strong>est,</strong></span> <span class='ocrx_word' id='word_1_793' title='bbox 1189 5487 1362 5533; x_wconf 90' lang='lat' dir='ltr'><strong>utrtuu</strong></span> <span class='ocrx_word' id='word_1_794' title='bbox 1408 5482 1555 5550; x_wconf 70' lang='lat' dir='ltr'><strong>juxta</strong></span> <span class='ocrx_word' id='word_1_795' title='bbox 1604 5484 1890 5540; x_wconf 83' lang='lat' dir='ltr'><strong>Historiam</strong></span> 
     </span>
    </p>
   </div>
   <div class='ocr_carea' id='block_1_106' title="bbox 308 5561 1894 5640">
    <p class='ocr_par' dir='ltr' id='par_1_106' title="bbox 308 5561 1894 5640">
     <span class='ocr_line' id='line_1_106' title="bbox 308 5561 1894 5640; baseline 0.015 -30"><span class='ocrx_word' id='word_1_796' title='bbox 308 5561 465 5633; x_wconf 60' lang='lat' dir='ltr'><strong>[libri</strong></span> <span class='ocrx_word' id='word_1_797' title='bbox 493 5563 714 5634; x_wconf 51' lang='lat' dir='ltr'><strong>lit-gum]</strong></span> <span class='ocrx_word' id='word_1_798' title='bbox 748 5566 1056 5634; x_wconf 74' lang='lat' dir='ltr'><strong>pytboui~sa</strong></span> <span class='ocrx_word' id='word_1_799' title='bbox 1090 5568 1259 5637; x_wconf 83' lang='lat' dir='ltr'><strong>ipsum</strong></span> <span class='ocrx_word' id='word_1_800' title='bbox 1310 5574 1621 5640; x_wconf 89' lang='lat' dir='ltr'><strong>prophetam</strong></span> <span class='ocrx_word' id='word_1_801' title='bbox 1670 5574 1894 5632; x_wconf 88' lang='lat' dir='ltr'><strong>Samue-</strong></span> 
     </span>
    </p>
   </div>
   <div class='ocr_carea' id='block_1_107' title="bbox 318 5655 1895 5722">
    <p class='ocr_par' dir='ltr' id='par_1_107' title="bbox 318 5655 1895 5722">
     <span class='ocr_line' id='line_1_107' title="bbox 318 5655 1895 5722; baseline 0.011 -17"><span class='ocrx_word' id='word_1_802' title='bbox 318 5657 425 5706; x_wconf 81' lang='lat' dir='ltr'><strong>leui</strong></span> <span class='ocrx_word' id='word_1_803' title='bbox 456 5655 523 5707; x_wconf 91' lang='lat' dir='ltr'><strong>dc</strong></span> <span class='ocrx_word' id='word_1_804' title='bbox 556 5656 757 5710; x_wconf 86' lang='lat' dir='ltr'><strong>inferno</strong></span> <span class='ocrx_word' id='word_1_805' title='bbox 786 5663 1109 5714; x_wconf 67' lang='lat' dir='ltr'><strong>evocnvcrit.</strong></span> <span class='ocrx_word' id='word_1_806' title='bbox 1158 5660 1270 5716; x_wconf 74' lang='lat' dir='ltr'><strong>Hoc</strong></span> <span class='ocrx_word' id='word_1_807' title='bbox 1300 5679 1327 5716; x_wconf 86' lang='lat' dir='ltr'><strong>a</strong></span> <span class='ocrx_word' id='word_1_808' title='bbox 1374 5682 1457 5718; x_wconf 89' lang='lat' dir='ltr'><strong>uie</strong></span> <span class='ocrx_word' id='word_1_809' title='bbox 1496 5668 1663 5721; x_wconf 67' lang='lat' dir='ltr'><strong>beabe</strong></span> <span class='ocrx_word' id='word_1_810' title='bbox 1695 5686 1895 5722; x_wconf 77' lang='lat' dir='ltr'><strong>inerun-</strong></span> 
     </span>
    </p>
   </div>
   <div class='ocr_carea' id='block_1_108' title="bbox 308 5748 1898 5831">
    <p class='ocr_par' dir='ltr' id='par_1_108' title="bbox 308 5748 1898 5831">
     <span class='ocr_line' id='line_1_108' title="bbox 308 5748 1898 5831; baseline 0.01 -30"><span class='ocrx_word' id='word_1_811' title='bbox 308 5748 415 5806; x_wconf 72' lang='lat' dir='ltr'><strong>ria:</strong></span> <span class='ocrx_word' id='word_1_812' title='bbox 438 5750 833 5819; x_wconf 61' lang='lat' dir='ltr'><strong>Simpliciauus,</strong></span> <span class='ocrx_word' id='word_1_813' title='bbox 861 5754 1587 5828; x_wconf 50' lang='lat' dir='ltr'><strong>Mediolaucussepiscopus,</strong></span> <span class='ocrx_word' id='word_1_814' title='bbox 1615 5761 1898 5831; x_wconf 76' lang='lat' dir='ltr'><strong>aliquando</strong></span> 
     </span>
    </p>
   </div>
   <div class='ocr_carea' id='block_1_109' title="bbox 1996 4594 3582 4664">
    <p class='ocr_par' dir='ltr' id='par_1_109' title="bbox 1996 4594 3582 4664">
     <span class='ocr_line' id='line_1_109' title="bbox 1996 4594 3582 4664; baseline 0.002 -16"><span class='ocrx_word' id='word_1_815' title='bbox 1996 4597 2092 4660; x_wconf 91' lang='lat' dir='ltr'><strong>lat,</strong></span> <span class='ocrx_word' id='word_1_816' title='bbox 2122 4595 2389 4664; x_wconf 74' lang='lat' dir='ltr'><strong>:cqnitatis</strong></span> <span class='ocrx_word' id='word_1_817' title='bbox 2417 4604 2634 4650; x_wconf 87' lang='lat' dir='ltr'><strong>servato</strong></span> <span class='ocrx_word' id='word_1_818' title='bbox 2663 4604 2822 4663; x_wconf 89' lang='lat' dir='ltr'><strong>atque</strong></span> <span class='ocrx_word' id='word_1_819' title='bbox 2846 4594 3170 4650; x_wconf 79' lang='lat' dir='ltr'><strong>inconcusso</strong></span> <span class='ocrx_word' id='word_1_820' title='bbox 3192 4596 3388 4649; x_wconf 85' lang='lat' dir='ltr'><strong>decore</strong></span> <span class='ocrx_word' id='word_1_821' title='bbox 3417 4596 3582 4651; x_wconf 84' lang='lat' dir='ltr'><strong>viriu-</strong></span> 
     </span>
    </p>
   </div>
   <div class='ocr_carea' id='block_1_110' title="bbox 1996 4683 3585 4752">
    <p class='ocr_par' dir='ltr' id='par_1_110' title="bbox 1996 4683 3585 4752">
     <span class='ocr_line' id='line_1_110' title="bbox 1996 4683 3585 4752; baseline 0.003 -14"><span class='ocrx_word' id='word_1_822' title='bbox 1996 4683 2063 4738; x_wconf 92' lang='lat' dir='ltr'><strong>tis</strong></span> <span class='ocrx_word' id='word_1_823' title='bbox 2083 4699 2195 4738; x_wconf 83' lang='lat' dir='ltr'><strong>suae</strong></span> <span class='ocrx_word' id='word_1_824' title='bbox 2216 4721 2232 4747; x_wconf 86' lang='lat'><strong>,</strong></span> <span class='ocrx_word' id='word_1_825' title='bbox 2262 4693 2318 4739; x_wconf 89' lang='lat' dir='ltr'><strong>et</strong></span> <span class='ocrx_word' id='word_1_826' title='bbox 2348 4684 2561 4737; x_wconf 89' lang='lat' dir='ltr'><strong>illorum</strong></span> <span class='ocrx_word' id='word_1_827' title='bbox 2588 4684 2729 4739; x_wconf 80' lang='lat' dir='ltr'><strong>vitiis</strong></span> <span class='ocrx_word' id='word_1_828' title='bbox 2757 4698 2852 4752; x_wconf 87' lang='lat' dir='ltr'><strong>pro</strong></span> <span class='ocrx_word' id='word_1_829' title='bbox 2880 4700 3062 4739; x_wconf 87' lang='lat' dir='ltr'><strong>rerum</strong></span> <span class='ocrx_word' id='word_1_830' title='bbox 3122 4685 3467 4751; x_wconf 63' lang='lat' dir='ltr'><strong>presentium</strong></span> <span class='ocrx_word' id='word_1_831' title='bbox 3497 4689 3585 4742; x_wconf 86' lang='lat' dir='ltr'><strong>vel</strong></span> 
     </span>
    </p>
   </div>
   <div class='ocr_carea' id='block_1_111' title="bbox 1998 4774 3586 4845">
    <p class='ocr_par' dir='ltr' id='par_1_111' title="bbox 1998 4774 3586 4845">
     <span class='ocr_line' id='line_1_111' title="bbox 1998 4774 3586 4845; baseline 0.003 -18"><span class='ocrx_word' id='word_1_832' title='bbox 1998 4789 2120 4835; x_wconf 77' lang='lat' dir='ltr'><strong>usu.</strong></span> <span class='ocrx_word' id='word_1_833' title='bbox 2170 4774 2253 4828; x_wconf 62' lang='grc' dir='ltr'>νει</span> <span class='ocrx_word' id='word_1_834' title='bbox 2308 4774 2635 4829; x_wconf 88' lang='lat' dir='ltr'><strong>necessitate</strong></span> <span class='ocrx_word' id='word_1_835' title='bbox 2685 4774 2962 4829; x_wconf 83' lang='lat' dir='ltr'><strong>trac:atis?</strong></span> <span class='ocrx_word' id='word_1_836' title='bbox 3008 4775 3319 4845; x_wconf 88' lang='lat' dir='ltr'><strong>Quanquam</strong></span> <span class='ocrx_word' id='word_1_837' title='bbox 3376 4776 3429 4830; x_wconf 93' lang='lat' dir='ltr'><strong>in</strong></span> <span class='ocrx_word' id='word_1_838' title='bbox 3486 4777 3586 4831; x_wconf 86' lang='lat' dir='ltr'><strong>hoc</strong></span> 
     </span>
    </p>
   </div>
   <div class='ocr_carea' id='block_1_112' title="bbox 2000 4861 3583 4932">
    <p class='ocr_par' dir='ltr' id='par_1_112' title="bbox 2000 4861 3583 4932">
     <span class='ocr_line' id='line_1_112' title="bbox 2000 4861 3583 4932; baseline 0.003 -15"><span class='ocrx_word' id='word_1_839' title='bbox 2000 4867 2140 4917; x_wconf 77' lang='lat' dir='ltr'><strong>tario</strong></span> <span class='ocrx_word' id='word_1_840' title='bbox 2184 4874 2357 4932; x_wconf 75' lang='lat' dir='ltr'><strong>potest</strong></span> <span class='ocrx_word' id='word_1_841' title='bbox 2382 4878 2503 4917; x_wconf 86' lang='lat' dir='ltr'><strong>esse</strong></span> <span class='ocrx_word' id='word_1_842' title='bbox 2545 4862 2682 4917; x_wconf 83' lang='lat' dir='ltr'><strong>alios</strong></span> <span class='ocrx_word' id='word_1_843' title='bbox 2722 4861 2932 4919; x_wconf 75' lang='lat' dir='ltr'><strong>facilior</strong></span> <span class='ocrx_word' id='word_1_844' title='bbox 2953 4865 3135 4917; x_wconf 66' lang='lat' dir='ltr'><strong>exitus</strong></span> <span class='ocrx_word' id='word_1_845' title='bbox 3159 4905 3174 4927; x_wconf 94' lang='lat'><strong>,</strong></span> <span class='ocrx_word' id='word_1_846' title='bbox 3199 4873 3253 4918; x_wconf 88' lang='lat' dir='ltr'><strong>et</strong></span> <span class='ocrx_word' id='word_1_847' title='bbox 3280 4864 3583 4931; x_wconf 76' lang='lat' dir='ltr'><strong>expeditior</strong></span> 
     </span>
    </p>
   </div>
   <div class='ocr_carea' id='block_1_113' title="bbox 2004 4953 3576 5021">
    <p class='ocr_par' dir='ltr' id='par_1_113' title="bbox 2004 4953 3576 5021">
     <span class='ocr_line' id='line_1_113' title="bbox 2004 4953 3576 5021; baseline 0 -14"><span class='ocrx_word' id='word_1_848' title='bbox 2004 4954 2308 5008; x_wconf 55' lang='lat' dir='ltr'><strong>intellectus</strong></span> <span class='ocrx_word' id='word_1_849' title='bbox 2334 4995 2349 5017; x_wconf 92' lang='lat'><strong>,</strong></span> <span class='ocrx_word' id='word_1_850' title='bbox 2382 4965 2439 5006; x_wconf 91' lang='lat' dir='ltr'><strong>ut</strong></span> <span class='ocrx_word' id='word_1_851' title='bbox 2486 4968 2591 5007; x_wconf 91' lang='lat' dir='ltr'><strong>non</strong></span> <span class='ocrx_word' id='word_1_852' title='bbox 2624 4967 2751 5008; x_wconf 89' lang='lat' dir='ltr'><strong>vere</strong></span> <span class='ocrx_word' id='word_1_853' title='bbox 2800 4953 3045 5021; x_wconf 88' lang='lat' dir='ltr'><strong>spiritum</strong></span> <span class='ocrx_word' id='word_1_854' title='bbox 3079 4953 3345 5009; x_wconf 72' lang='lat' dir='ltr'><strong>Samuelis</strong></span> <span class='ocrx_word' id='word_1_855' title='bbox 3374 4956 3576 5009; x_wconf 80' lang='lat' dir='ltr'><strong>excita-</strong></span> 
     </span>
    </p>
   </div>
   <div class='ocr_carea' id='block_1_114' title="bbox 1998 5043 3569 5115">
    <p class='ocr_par' dir='ltr' id='par_1_114' title="bbox 1998 5043 3569 5115">
     <span class='ocr_line' id='line_1_114' title="bbox 1998 5043 3569 5115; baseline 0 -19"><span class='ocrx_word' id='word_1_856' title='bbox 1998 5052 2108 5096; x_wconf 88' lang='lat' dir='ltr'><strong>tum</strong></span> <span class='ocrx_word' id='word_1_857' title='bbox 2134 5060 2163 5097; x_wconf 90' lang='lat' dir='ltr'><strong>a</strong></span> <span class='ocrx_word' id='word_1_858' title='bbox 2206 5045 2390 5112; x_wconf 75' lang='lat' dir='ltr'><strong>requie</strong></span> <span class='ocrx_word' id='word_1_859' title='bbox 2418 5058 2513 5098; x_wconf 85' lang='lat' dir='ltr'><strong>sua</strong></span> <span class='ocrx_word' id='word_1_860' title='bbox 2544 5043 2828 5098; x_wconf 83' lang='lat' dir='ltr'><strong>credamus</strong></span> <span class='ocrx_word' id='word_1_861' title='bbox 2849 5084 2864 5109; x_wconf 93' lang='lat'><strong>,</strong></span> <span class='ocrx_word' id='word_1_862' title='bbox 2895 5045 2987 5099; x_wconf 85' lang='lat' dir='ltr'><strong>sed</strong></span> <span class='ocrx_word' id='word_1_863' title='bbox 3010 5046 3222 5115; x_wconf 83' lang='lat' dir='ltr'><strong>aliquod</strong></span> <span class='ocrx_word' id='word_1_864' title='bbox 3256 5046 3569 5114; x_wconf 79' lang='lat' dir='ltr'><strong>phantasma</strong></span> 
     </span>
    </p>
   </div>
   <div class='ocr_carea' id='block_1_115' title="bbox 1995 5133 3576 5204">
    <p class='ocr_par' dir='ltr' id='par_1_115' title="bbox 1995 5133 3576 5204">
     <span class='ocr_line' id='line_1_115' title="bbox 1995 5133 3576 5204; baseline -0.001 -16"><span class='ocrx_word' id='word_1_865' title='bbox 1995 5146 2047 5188; x_wconf 84' lang='lat' dir='ltr'><strong>et</strong></span> <span class='ocrx_word' id='word_1_866' title='bbox 2098 5135 2456 5204; x_wconf 75' lang='lat' dir='ltr'><strong>imaginariam</strong></span> <span class='ocrx_word' id='word_1_867' title='bbox 2488 5136 2789 5189; x_wconf 83' lang='lat' dir='ltr'><strong>illusionem</strong></span> <span class='ocrx_word' id='word_1_868' title='bbox 2837 5136 3035 5190; x_wconf 87' lang='lat' dir='ltr'><strong>diaboli</strong></span> <span class='ocrx_word' id='word_1_869' title='bbox 3089 5133 3576 5189; x_wconf 86' lang='lat' dir='ltr'><strong>machinationibus</strong></span> 
     </span>
    </p>
   </div>
   <div class='ocr_carea' id='block_1_116' title="bbox 2005 5224 3581 5294">
    <p class='ocr_par' dir='ltr' id='par_1_116' title="bbox 2005 5224 3581 5294">
     <span class='ocr_line' id='line_1_116' title="bbox 2005 5224 3581 5294; baseline 0.001 -19"><span class='ocrx_word' id='word_1_870' title='bbox 2005 5224 2196 5279; x_wconf 83' lang='lat' dir='ltr'><strong>iactatu</strong></span> <span class='ocrx_word' id='word_1_871' title='bbox 2219 5264 2233 5287; x_wconf 92' lang='lat'><strong>,</strong></span> <span class='ocrx_word' id='word_1_872' title='bbox 2265 5242 2420 5293; x_wconf 77' lang='lat' dir='ltr'><strong>quam</strong></span> <span class='ocrx_word' id='word_1_873' title='bbox 2453 5234 2737 5294; x_wconf 84' lang='lat' dir='ltr'><strong>pr0ptcrea</strong></span> <span class='ocrx_word' id='word_1_874' title='bbox 2770 5227 3043 5293; x_wconf 77' lang='lat' dir='ltr'><strong>Scriptura</strong></span> <span class='ocrx_word' id='word_1_875' title='bbox 3077 5231 3288 5280; x_wconf 87' lang='lat' dir='ltr'><strong>nomine</strong></span> <span class='ocrx_word' id='word_1_876' title='bbox 3311 5225 3581 5279; x_wconf 85' lang='lat' dir='ltr'><strong>Samuelis</strong></span> 
     </span>
    </p>
   </div>
   <div class='ocr_carea' id='block_1_117' title="bbox 2007 5314 3583 5391">
    <p class='ocr_par' dir='ltr' id='par_1_117' title="bbox 2007 5314 3583 5391">
     <span class='ocr_line' id='line_1_117' title="bbox 2007 5314 3583 5391; baseline 0.006 -30"><span class='ocrx_word' id='word_1_877' title='bbox 2007 5317 2234 5391; x_wconf 62' lang='lat' dir='ltr'><strong>appellat</strong></span> <span class='ocrx_word' id='word_1_878' title='bbox 2257 5356 2269 5375; x_wconf 83' lang='lat'><strong>,</strong></span> <span class='ocrx_word' id='word_1_879' title='bbox 2300 5314 2422 5383; x_wconf 81' lang='lat' dir='ltr'><strong>quia</strong></span> <span class='ocrx_word' id='word_1_880' title='bbox 2453 5316 2629 5369; x_wconf 89' lang='lat' dir='ltr'><strong>solent</strong></span> <span class='ocrx_word' id='word_1_881' title='bbox 2657 5315 2917 5383; x_wconf 71' lang='lat' dir='ltr'><strong>imagines</strong></span> <span class='ocrx_word' id='word_1_882' title='bbox 2939 5332 3119 5371; x_wconf 83' lang='lat' dir='ltr'><strong>earum</strong></span> <span class='ocrx_word' id='word_1_883' title='bbox 3152 5330 3324 5369; x_wconf 88' lang='lat' dir='ltr'><strong>rerum</strong></span> <span class='ocrx_word' id='word_1_884' title='bbox 3344 5316 3583 5370; x_wconf 87' lang='lat' dir='ltr'><strong>omnium</strong></span> 
     </span>
    </p>
   </div>
   <div class='ocr_carea' id='block_1_118' title="bbox 2007 5390 3583 5476">
    <p class='ocr_par' dir='ltr' id='par_1_118' title="bbox 2007 5390 3583 5476">
     <span class='ocr_line' id='line_1_118' title="bbox 2007 5390 3583 5476; baseline 0.004 -19"><span class='ocrx_word' id='word_1_885' title='bbox 2007 5390 2314 5458; x_wconf 84' lang='lat' dir='ltr'><strong>nominibus</strong></span> <span class='ocrx_word' id='word_1_886' title='bbox 2343 5406 2600 5473; x_wconf 79' lang='lat' dir='ltr'><strong>appellari</strong></span> <span class='ocrx_word' id='word_1_887' title='bbox 2649 5424 2873 5476; x_wconf 72' lang='lat' dir='ltr'><strong>quat-uin</strong></span> <span class='ocrx_word' id='word_1_888' title='bbox 2907 5406 3165 5475; x_wconf 88' lang='lat' dir='ltr'><strong>imagines</strong></span> <span class='ocrx_word' id='word_1_889' title='bbox 3211 5415 3337 5459; x_wconf 86' lang='lat' dir='ltr'><strong>sunt</strong></span> <span class='ocrx_word' id='word_1_890' title='bbox 3382 5424 3392 5459; x_wconf 90' lang='lat'>:</span> <span class='ocrx_word' id='word_1_891' title='bbox 3444 5408 3583 5463; x_wconf 71' lang='lat' dir='ltr'><strong>sicut</strong></span> 
     </span>
    </p>
   </div>
   <div class='ocr_carea' id='block_1_119' title="bbox 2006 5496 3581 5569">
    <p class='ocr_par' dir='ltr' id='par_1_119' title="bbox 2006 5496 3581 5569">
     <span class='ocr_line' id='line_1_119' title="bbox 2006 5496 3581 5569; baseline 0.003 -19"><span class='ocrx_word' id='word_1_892' title='bbox 2006 5496 2181 5550; x_wconf 84' lang='lat' dir='ltr'><strong>omnia</strong></span> <span class='ocrx_word' id='word_1_893' title='bbox 2202 5514 2319 5565; x_wconf 82' lang='lat' dir='ltr'><strong>qua:</strong></span> <span class='ocrx_word' id='word_1_894' title='bbox 2336 5498 2623 5566; x_wconf 77' lang='lat' dir='ltr'><strong>pinguntur</strong></span> <span class='ocrx_word' id='word_1_895' title='bbox 2636 5512 2791 5569; x_wconf 80' lang='lat' dir='ltr'><strong>atque</strong></span> <span class='ocrx_word' id='word_1_896' title='bbox 2809 5501 3078 5567; x_wconf 73' lang='lat' dir='ltr'><strong>finguntur</strong></span> <span class='ocrx_word' id='word_1_897' title='bbox 3093 5516 3155 5551; x_wconf 79' lang='lat' dir='ltr'><strong>ex</strong></span> <span class='ocrx_word' id='word_1_898' title='bbox 3173 5499 3346 5567; x_wconf 88' lang='lat' dir='ltr'><strong>aliqua</strong></span> <span class='ocrx_word' id='word_1_899' title='bbox 3363 5508 3523 5553; x_wconf 73' lang='lat' dir='ltr'><strong>mater</strong></span> <span class='ocrx_word' id='word_1_900' title='bbox 3536 5502 3581 5555; x_wconf 80' lang='lat' dir='ltr'><strong>ia</strong></span> 
     </span>
    </p>
   </div>
   <div class='ocr_carea' id='block_1_120' title="bbox 2010 5589 3583 5661">
    <p class='ocr_par' dir='ltr' id='par_1_120' title="bbox 2010 5589 3583 5661">
     <span class='ocr_line' id='line_1_120' title="bbox 2010 5589 3583 5661; baseline 0.003 -20"><span class='ocrx_word' id='word_1_901' title='bbox 2010 5589 2207 5642; x_wconf 86' lang='lat' dir='ltr'><strong>mctalli</strong></span> <span class='ocrx_word' id='word_1_902' title='bbox 2261 5600 2352 5644; x_wconf 87' lang='lat' dir='ltr'><strong>aut</strong></span> <span class='ocrx_word' id='word_1_903' title='bbox 2401 5592 2557 5660; x_wconf 85' lang='lat' dir='ltr'><strong>ligni,</strong></span> <span class='ocrx_word' id='word_1_904' title='bbox 2592 5602 2680 5644; x_wconf 88' lang='lat' dir='ltr'><strong>aut</strong></span> <span class='ocrx_word' id='word_1_905' title='bbox 2710 5590 2966 5657; x_wconf 77' lang='lat' dir='ltr'><strong>cujusque</strong></span> <span class='ocrx_word' id='word_1_906' title='bbox 3020 5590 3093 5643; x_wconf 83' lang='lat' dir='ltr'><strong>rei</strong></span> <span class='ocrx_word' id='word_1_907' title='bbox 3142 5600 3281 5657; x_wconf 78' lang='lat' dir='ltr'><strong>apta:</strong></span> <span class='ocrx_word' id='word_1_908' title='bbox 3330 5592 3394 5645; x_wconf 86' lang='lat' dir='ltr'><strong>ad</strong></span> <span class='ocrx_word' id='word_1_909' title='bbox 3422 5607 3583 5661; x_wconf 80' lang='lat' dir='ltr'><strong>opera</strong></span> 
     </span>
    </p>
   </div>
   <div class='ocr_carea' id='block_1_121' title="bbox 2012 5678 3581 5749">
    <p class='ocr_par' dir='ltr' id='par_1_121' title="bbox 2012 5678 3581 5749">
     <span class='ocr_line' id='line_1_121' title="bbox 2012 5678 3581 5749; baseline 0.004 -18"><span class='ocrx_word' id='word_1_910' title='bbox 2012 5678 2349 5747; x_wconf 80' lang='lat' dir='ltr'><strong>hujusniodi,</strong></span> <span class='ocrx_word' id='word_1_911' title='bbox 2408 5696 2630 5749; x_wconf 62' lang='lat' dir='ltr'><strong>quaeque</strong></span> <span class='ocrx_word' id='word_1_912' title='bbox 2674 5682 2833 5732; x_wconf 81' lang='lat' dir='ltr'><strong>etiam</strong></span> <span class='ocrx_word' id='word_1_913' title='bbox 2868 5680 3112 5734; x_wconf 83' lang='lat' dir='ltr'><strong>videntur</strong></span> <span class='ocrx_word' id='word_1_914' title='bbox 3145 5682 3195 5735; x_wconf 91' lang='lat' dir='ltr'><strong>iu</strong></span> <span class='ocrx_word' id='word_1_915' title='bbox 3249 5683 3473 5739; x_wconf 81' lang='lat' dir='ltr'><strong>somnis.</strong></span> <span class='ocrx_word' id='word_1_916' title='bbox 3513 5685 3581 5738; x_wconf 70' lang='lat' dir='ltr'><strong>Et</strong></span> 
     </span>
    </p>
   </div>
   <div class='ocr_carea' id='block_1_122' title="bbox 2010 5776 3584 5849">
    <p class='ocr_par' dir='ltr' id='par_1_122' title="bbox 2010 5776 3584 5849">
     <span class='ocr_line' id='line_1_122' title="bbox 2010 5776 3584 5849; baseline 0.006 -25"><span class='ocrx_word' id='word_1_917' title='bbox 2010 5789 2197 5827; x_wconf 60' lang='lat' dir='ltr'><strong>omnes</strong></span> <span class='ocrx_word' id='word_1_918' title='bbox 2226 5776 2334 5827; x_wconf 80' lang='lat' dir='ltr'><strong>fere</strong></span> <span class='ocrx_word' id='word_1_919' title='bbox 2368 5776 2619 5844; x_wconf 69' lang='lat' dir='ltr'><strong>imagines</strong></span> <span class='ocrx_word' id='word_1_920' title='bbox 2650 5788 2829 5827; x_wconf 86' lang='lat' dir='ltr'><strong>carum</strong></span> <span class='ocrx_word' id='word_1_921' title='bbox 2858 5790 3033 5830; x_wconf 74' lang='lat' dir='ltr'><strong>rerum</strong></span> <span class='ocrx_word' id='word_1_922' title='bbox 3066 5792 3288 5843; x_wconf 84' lang='lat' dir='ltr'><strong>quarunt</strong></span> <span class='ocrx_word' id='word_1_923' title='bbox 3322 5779 3584 5849; x_wconf 76' lang='lat' dir='ltr'><strong>imagines</strong></span> 
     </span>
    </p>
   </div>
  </div>
