4016 6184
514 362 641 421 1019

1573 356 1635 411 D.
1679 348 1996 408 EUCYPPJ
2037 345 2327 405 ABBATIS
2366 348 2685 406 AFRICANI

3620 362 3740 416 “3‘20

504 486 627 531 sunt
648 517 662 537 ,
695 474 954 544 appell.:ri
1012 474 1063 528 in
1110 473 1358 527 omnibus
1406 469 1581 523 solent
1612 486 1626 524 :
1671 468 1791 538 quis
1821 466 1961 521 enim
2008 472 2089 519 est
2119 461 2170 520 Α
2198 462 2399 515 exitum
2425 464 2566 517 illam
2603 465 2883 519 lcetiouem
2909 467 2996 535 qui
3022 483 3126 522 non
3154 469 3222 523 sit
3244 480 3425 524 contra
3448 472 3630 539 lilem;
3654 479 3739 532 nisi

504 567 593 635 qui
646 567 916 620 hominem
991 567 1190 634 pictum
1249 564 1456 617 dubitet
1519 576 1717 616 vocare
1769 559 2093 614 hominem?

503 656 941 727 quandoquidem
971 666 1025 711 et
1052 656 1389 727 singulorum
1440 668 1771 725 quorumque
1830 652 2091 722 picturam

504 763 623 802 cum
654 746 942 815 aspicimus
966 786 982 812 ,
1027 746 1246 815 propria
1277 760 1507 816 qumque
1532 743 1749 798 nomina
1779 745 2094 797 incunctan-

505 846 585 891 ter
610 836 929 890 adhibemus
952 853 966 889 :
988 836 1138 890 velut
1165 852 1286 891 cum
1310 836 1581 891 intuentes
1612 834 1845 889 tabulam
1878 845 1967 887 aut
1996 849 2091 902 pa-

503 927 714 992 rietem,
744 927 975 982 dicimus
1006 946 1019 981 :
1054 927 1147 981 Ille
1182 926 1371 982 Cicero
1400 938 1484 983 est
1508 964 1528 993 ,
1561 927 1649 981 ille
1675 926 1957 980 Sallustius
1985 933 2087 989 est,

503 1018 595 1071 ille
626 1017 859 1073 Achilles
889 1056 908 1084 ,
956 1016 1046 1074 ille
1078 1018 1305 1083 llector;
1363 1019 1465 1074 hoc
1515 1018 1713 1073 ﬂumen
1744 1018 1966 1085 Simois,
2001 1016 2089 1072 illa

506 1109 712 1175 lloma;
748 1126 869 1164 cum
912 1111 1055 1164 aliud
1089 1110 1222 1165 nihil
1264 1111 1369 1165 sint
1408 1125 1566 1179 quam
1604 1111 1757 1181 picta:
1804 1109 2088 1179 imagines.

506 1201 661 1258 Unde
689 1190 1133 1259 Cheruhim~cum
1168 1204 1278 1260 sint
1313 1205 1561 1259 emlestes
1607 1213 1930 1272 potestates,
1964 1204 2088 1256 ficta

511 1305 691 1348 tamen
722 1309 788 1348 ex
821 1294 1040 1349 metallo
1068 1296 1209 1365 quod
1243 1296 1523 1364 imperavit
1549 1294 1691 1350 Deus
1716 1309 1879 1359 super
1906 1308 2087 1349 arcam

506 1386 859 1452 Testamenti,
888 1401 1092 1454 magna:
1123 1387 1199 1441 rei
1227 1386 1592 1458 significanda;
1613 1386 1780 1456 gratia
1814 1401 1918 1439 non
1944 1384 2087 1439 aliud

504 1486 666 1539 quam
694 1472 986 1526 Cherubim
1021 1474 1073 1527 in
1106 1474 1194 1527 illa
1222 1490 1437 1545 quoque
1484 1476 1731 1546 figmenta
1758 1474 2081 1527 vocitantur.

504 1562 628 1616 Item
657 1562 895 1632 quisquis
936 1567 1080 1618 videt
1106 1567 1406 1632 somnium,
1440 1582 1546 1622 non
1576 1566 1741 1620 dicit:
1792 1565 1912 1619 Vidi
1955 1566 2088 1619 ima-

500 1654 678 1721 ginem
701 1654 1009 1725 Augustini,
1033 1668 1124 1711 aut
1155 1657 1523 1727 Simpliciani;
1550 1658 1669 1723 sed,
1694 1657 1801 1711 vidi
1833 1656 2087 1727 Augusti-

502 1760 649 1810 num,
681 1761 748 1798 an
786 1747 1192 1815 Simplicianum
1227 1767 1242 1802 :
1275 1766 1395 1804 cum
1443 1765 1508 1805 eo
1547 1761 1788 1820 tempore
1826 1766 1933 1820 quo
1981 1751 2085 1805 tale

2199 555 2334 609 folle
2367 558 2710 623 profundiore
2736 569 2785 614 et
2815 560 3105 626 prolixiore
3132 558 3510 636 [perplexiore]
3542 563 3739 634 inquisi-

2198 646 2374 713 tinne,
2405 664 2525 717 qum
2558 650 2637 703 vel
2668 650 2860 702 virium
2892 665 3130 705 mearum
3162 652 3245 706 vel
3281 656 3532 723 temporis
3555 658 3745 711 excedit

2198 737 2504 803 angustias,
2537 738 2837 792 inveniatur
2852 738 2918 792 ad
2937 738 3217 809 liquidum,
3247 743 3327 796 vel
3354 758 3534 811 posse,
3558 747 3632 799 vel
3654 763 3743 801 non

2198 841 2353 893 posse
2377 828 2609 881 animam
2646 828 2928 881 humanam
2959 844 3082 883 cum
3114 844 3181 883 ex
3214 831 3312 885 hac
3339 833 3443 885 vita
3475 835 3746 904 emigrave—

2196 916 2295 981 rit,
2329 918 2549 987 magicis
2592 921 2919 976 carminibus
2963 935 3240 978 evocatam
3271 966 3289 992 ,
3339 926 3574 980 vivorum
3603 944 3746 997 appa-

2194 1025 2318 1066 rere
2339 1012 2744 1083 conspectibus,
2777 1014 2937 1068 etiam
2959 1029 3070 1080 cur;
3091 1014 3203 1070 oris
3228 1017 3363 1070 linea
3374 1028 3543 1073 menta
3561 1032 3745 1089 grstan-

2196 1112 2325 1171 tem,
2359 1114 2416 1160 ut
2446 1121 2550 1161 non
2593 1106 2764 1161 solum
2797 1106 2965 1163 videri
2992 1110 3189 1173 valeat,
3219 1112 3314 1166 sed
3348 1122 3400 1166 et
3428 1113 3633 1183 agnosci
3663 1133 3674 1166 :
3700 1126 3745 1169 et

2193 1194 2237 1249 si
2266 1205 2465 1264 potest,
2508 1206 2683 1251 utrum
2711 1198 2871 1253 etiam
2900 1198 3031 1269 justi
3060 1201 3261 1263 anima,
3296 1218 3403 1256 non
3442 1204 3643 1271 quidem
3663 1220 3745 1259 co-

2192 1297 2345 1358 gatur
2375 1290 2597 1357 magicis
2623 1290 2793 1344 sacris
2813 1330 2829 1354 ,
2857 1290 2951 1343 sed
2980 1292 3228 1361 dignetur
3248 1292 3482 1359 ostendi,
3512 1296 3743 1349 occultioo

2192 1380 2339 1434 ribus
2367 1380 2604 1450 imperiis
2634 1381 2956 1455 [mysteriis]
2974 1399 3196 1438 summa:
3214 1384 3347 1454 la-gis
3363 1386 3743 1454 obtemperans;

2191 1480 2248 1523 ut
2268 1471 2312 1525 si
2336 1470 2449 1525 ﬁeri
2480 1488 2587 1526 non
2613 1486 2776 1541 posse
2800 1473 3091 1535 claruerit,
3122 1489 3228 1528 non
3261 1485 3489 1541 uterque
3514 1480 3745 1531 sensusin

2191 1562 2351 1633 hujus
2375 1564 2669 1633 Scriptum
2701 1566 3025 1621 tractatione
3044 1577 3207 1634 atque
3231 1568 3567 1636 expositione
3578 1568 3747 1622 admit-

2191 1662 2357 1718 tatur,
2384 1655 2479 1710 sed
2527 1655 2621 1710 illo
2649 1656 2903 1721 excluso,
2938 1657 3253 1727 imaginaria
3285 1659 3560 1713 simulatio
3596 1658 3743 1730 [εἰηιί-

2190 1744 2381 1816 litudo]
2402 1746 2691 1810 Samuelis,
2719 1746 2986 1801 diabolico
3011 1749 3119 1802 ritu
3145 1746 3279 1802 facta
3304 1748 3641 1818 intelligatur.
3658 1750 3744 1806 Sed

500 1835 698 1905 aliquid
729 1837 900 1906 vidit,
933 1853 1030 1894 ιιος
1070 1840 1476 1908 ignoraremus;
1530 1857 1697 1909 usque
1740 1842 1877 1895 adeo
1906 1842 2079 1895 mani-
2114 1832 2158 1891 Β
2185 1838 2435 1905 quoniam
2464 1842 2577 1892 sive
2607 1839 2736 1893 illud
2766 1840 2879 1894 fieri
2915 1841 3102 1909 possit,
3155 1843 3273 1897 sive
3317 1858 3427 1896 non
3471 1846 3651 1911 possit.
3676 1856 3743 1897 ta-

501 1926 696 1982 festum
725 1938 807 1983 est
838 1945 945 1985 non
978 1931 1125 1999 ipsos
1155 1932 1403 1986 homines
1446 1933 1537 1987 sed
1583 1933 1842 2003 imagines
1891 1949 2081 1987 eorum

499 2017 696 2071 videri.
734 2018 803 2072 Et
830 2019 1040 2075 Pharao
1070 2022 1244 2089 spicas
1266 2037 1324 2077 se
1351 2022 1485 2077 dixit
1506 2023 1703 2077 vidisse
1732 2024 1782 2076 in
1806 2025 2010 2077 somnis
2027 2033 2080 2079 et

499 2107 667 2161 boves
688 2149 706 2175 ,
738 2123 845 2164 non
875 2112 1141 2179 spicarqu
1188 2124 1277 2166 aut
1326 2113 1486 2169 boum
1521 2114 1796 2183 imagines.
1829 2114 1885 2168 Si
1918 2114 2079 2183 igitur

498 2197 699 2266 liquido
719 2211 931 2257 constat
958 2205 1265 2259 nominibus
1287 2221 1470 2261 earum
1488 2223 1667 2261 rerum
1692 2223 1919 2277 quarum
1947 2209 2080 2262 imae

500 2288 656 2359 gines
672 2302 797 2346 sunt
817 2295 1033 2348 easdem
1058 2295 1318 2365 imagines
1344 2298 1623 2366 appellari,
1651 2315 1755 2352 non
1785 2300 1979 2353 mirum
1998 2310 2082 2356 est

497 2387 640 2451 quod
697 2383 978 2452 Scriptura
1052 2388 1223 2452 diiit,
1277 2390 1579 2445 Samuclem
1629 2391 1840 2455 visum,
1872 2394 2081 2448 etiamsi

500 2475 639 2531 forte
668 2475 841 2547 imago
886 2477 1153 2534 Samuelis
1196 2482 1445 2551 apparuit
1479 2483 1916 2537 machinamento
1963 2483 2083 2553 ejus

498 2567 591 2632 qui
637 2568 981 2637 transfigurat
1016 2585 1075 2625 se
1115 2571 1262 2626 velut
1313 2573 1562 2642 angelum
1605 2574 1770 2643 lueis,
1813 2585 1867 2629 et
1899 2575 2080 2630 minis-

496 2664 607 2709 tros
635 2670 764 2711 suos
787 2658 932 2713 velut
976 2660 1250 2715 ministros
1282 2661 1531 2730 iustitiae.
1559 2664 1676 2718 Jam
1712 2679 1839 2718 vero
1877 2667 1919 2718 si
1949 2666 2079 2721 illud

496 2758 676 2803 movet
697 2749 970 2817 quomodo
1000 2760 1055 2806 et
1076 2767 1105 2804 a
1141 2751 1376 2821 maligno
1400 2753 1589 2822 spiritu
1617 2754 1763 2810 Sauli
1794 2771 1919 2810 vera
1945 2772 2078 2825 pra:-

491 2839 632 2897 dicta
677 2842 818 2909 sint,
849 2855 1024 2912 potest
1062 2856 1120 2902 et
1166 2848 1297 2903 illud
1327 2849 1522 2903 mirum
1556 2850 1757 2917 videri,
1805 2854 2080 2919 quomodo

490 2931 764 2988 daemones
815 2937 1136 3006 agnoverint
1183 2940 1483 3005 Christum,
1536 2956 1693 3010 quem
1746 2941 1914 2997 Judtei
1966 2958 2075 2999 non

489 3025 870 3094 agnoscebant.
918 3027 1051 3082 Cum
1094 3030 1238 3084 enim
1286 3032 1400 3086 vult
1442 3033 1580 3087 Deus
1630 3034 1789 3088 etiam
1832 3049 1926 3102 per
1955 3034 1985 3088 i;
2015 3037 2075 3090 li-

491 3131 611 3170 tuos
656 3118 999 3187 interitusque
1044 3122 1265 3191 spiritus
1293 3124 1523 3194 aliquem
1551 3140 1676 3181 vera
1721 3142 2069 3197 cognovere,

490 3210 802 3275 temporalia
850 3211 1112 3268 duntaxat
1149 3222 1311 3283 atque
1360 3216 1425 3270 ad
1480 3217 1637 3271 istam
1689 3218 2071 3274 mortalitatem

489 3299 809 3366 pertinentia
830 3338 847 3365 ,
894 3301 1051 3357 facile
1079 3313 1162 3358 est
1192 3314 1249 3361 et
1290 3322 1398 3361 non
1430 3307 1782 3377 incongruum
1814 3320 1875 3366 ut
1901 3312 2074 3366 omni-

489 3400 680 3456 potens
703 3393 808 3461 ’17
838 3401 895 3447 et
935 3393 1110 3462 justus
1135 3436 1150 3461 ,
1180 3398 1248 3451 ad
1278 3412 1469 3454 eorum
1503 3415 1715 3469 pinnam
1750 3402 1947 3471 quibus
1975 3403 2072 3459 ista

488 3483 868 3550 praedicantur,
894 3497 951 3539 ut
976 3488 1174 3542 malum
1200 3491 1342 3558 quod
1368 3492 1449 3546 eis
1479 3494 1753 3562 impendet
1780 3504 2071 3565 antequam

487 3572 670 3627 veniat
694 3578 1387 3647 prtenoscendopatiantur,
1411 3582 1627 3637 occulto
1640 3594 1899 3652 apparatu
1926 3600 2073 3657 Itys-

488 3660 750 3719 teriorum
790 3679 1011 3721 suorum
1034 3669 1201 3724 etiam
1226 3671 1507 3740 spiritibus
1536 3674 1731 3731 talibus
1757 3674 1957 3748 aliquid
1986 3678 2071 3732 di-

488 3754 775 3814 vinationis
804 3757 1094 3826 impertiat,
1114 3769 1175 3816 ut
1197 3764 1339 3833 quod
1370 3765 1591 3820 audiunt
1611 3768 1680 3822 ab
1700 3770 1904 3839 angelis
1928 3785 2068 3841 pra-

490 3847 738 3911 nuntient
755 3847 1086 3909 hominibus.
1104 3852 1330 3910 Tantum
1347 3866 1525 3913 autem
1541 3859 1788 3930 audiunt,
1810 3872 2068 3931 quantum

484 3938 722 4003 omnium
748 3940 1008 3998 Dominus
1027 3953 1191 4015 atque
1213 3952 1520 4003 moderator
1538 3951 1626 4005 vel
1645 3951 1797 4021 jubet
1810 3952 1897 4007 vel
1918 3954 2066 4009 sinit.

490 4026 643 4093 Unde
668 4029 831 4085 etiam
860 4032 1083 4100 spiritus
1115 4037 1439 4105 pythonicus
1467 4039 1519 4092 in
1549 4040 1770 4094 Actibus
1795 4043 2069 4111 apostolo-

486 4133 605 4184 rum
634 4128 918 4177 attestatur
948 4123 1117 4179 Paulo
1155 4128 1432 4196 apostolo,
1486 4139 1543 4184 et
1575 4132 1901 4201 evangelista
1946 4148 2067 4190 esse

484 4220 714 4271 ponatur
744 4230 757 4266 :
792 4214 1024 4269 miscent
1049 4225 1225 4273 tamen
1257 4218 1345 4273 isti
1370 4221 1606 4276 fallacias
1636 4234 1689 4278 et
1709 4240 1893 4279 verum
1923 4226 2065 4294 quod

486 4315 649 4366 posse
678 4308 950 4372 potuerint
974 4345 995 4369 ,
1026 4323 1130 4363 non
1160 4310 1388 4366 docendi
1409 4315 1577 4384 magis
1591 4330 1749 4383 quam
1766 4316 2064 4385 decipiendi

486 4394 593 4450 line
620 4401 1009 4463 praenuntiant;
1036 4412 1088 4454 et
1108 4400 1247 4456 forte
1264 4403 1364 4458 hoc
1384 4406 1620 4473 estquod
1638 4423 1756 4461 cum
1779 4410 1867 4463 illa
1893 4410 2066 4479 imago

483 4486 749 4549 Samuelis
776 4490 989 4544 Sauletn
1021 4494 1336 4560 pnedieeret
1365 4497 1681 4551 moriturum
1702 4537 1718 4565 ,
1744 4500 1883 4555 dixit
1902 4504 2061 4555 etiam

2185 1944 2306 1983 men
2339 1930 2544 1985 lallacia
2575 1931 2788 1985 Satana:
2814 1942 2976 2001 atque
3006 1933 3297 2003 imaginum
3345 1936 3745 1990 simulandarntn

2182 2020 2374 2075 callida
2420 2022 2661 2089 operatio
2704 2022 3036 2091 decipiendis
3079 2024 3327 2079 humanis
3356 2027 3601 2082 sensibus
3628 2029 3744 2080 ιιιιιΙ-

2183 2111 2413 2166 tilormis
2480 2112 2765 2182 invigilat,
2850 2115 3178 2182 pedetentim
3251 2117 3515 2185 quidem.
3568 2134 3628 2175 ne
3679 2120 3744 2174 in-

2182 2202 2434 2270 quisition
2460 2204 2560 2258 bus
2620 2204 3051 2274 diligentioribus
3145 2209 3589 2275 prmscribamus,
3666 2211 3744 2263 scd

2185 2305 2357 2351 tamen
2433 2297 2607 2364 potius
2665 2298 3032 2353 existimemus
3122 2302 3230 2356 ta'e
3294 2303 3497 2371 aliquid
3571 2302 3741 2357 factum

2182 2384 2243 2458 [ιι
2320 2388 2554 2457 maligno
2624 2389 2844 2462 spiritu]
2902 2391 3147 2461 maligna:
3226 2394 3556 2463 pythonissa:
3624 2398 3744 2451 illius

2184 2477 2506 2545 ministerio,
2531 2479 2763 2549 quandiu
2797 2481 2951 2536 nobis
2978 2482 3176 2552 aliquid
3208 2485 3443 2552 amplius
3467 2490 3743 2555 excogitare

2180 2577 2342 2639 atque
2365 2572 2637 2640 explieare
2659 2588 2764 2628 non
2789 2573 2965 2628 datur.
3003 2575 3125 2629 llmc
3150 2586 3275 2629 sunt
3294 2592 3416 2647 qum
3442 2588 3563 2633 tunc
3583 2580 3643 2632 de
3665 2596 3743 2649 py-

2182 2658 2419 2715 thonissa
2436 2674 2488 2717 et
2510 2663 2760 2719 Samuele
2784 2665 3031 2733 rescripsi
3057 2675 3106 2730 ει,
3128 2665 3223 2720 sed
3246 2683 3409 2737 quam
3436 2685 3536 2723 nou
3564 2674 3738 2725 frustra

2179 2749 2437 2819 dixerim,
2471 2753 2817 2821 pedetentim,
2855 2771 2950 2808 nos
2982 2756 3033 2809 in
3064 2757 3160 2810 hac
3193 2772 3251 2813 re
3281 2768 3434 2827 gesta
3466 2762 3743 2816 simulatam

2182 2842 2464 2911 imaginem
2510 2846 2773 2900 Samuelis
2814 2846 3049 2915 maligno
3094 2848 3427 2915 pythonissa:
3467 2852 3743 2907 ministerio

2181 2939 2903 3004 prteseutatam,existimare
2927 2940 3125 2995 debere
3140 2943 3231 3005 (ne
3249 2943 3749 3011 iuquisitionihusdi-

2180 3028 2551 3098 ligmitioribus
2582 3031 3016 3099 pra-scribamus)
3059 3049 3175 3086 mea
3202 3034 3473 3102 posterior
3497 3037 3742 3104 inqni~itio

2178 3121 2492 3190 declaravit,
2536 3122 2750 3192 quando
2780 3123 2961 3179 iuveni
2993 3125 3044 3178 in
3078 3126 3091 3179 l
3118 3127 3214 3178 bro
3241 3126 3638 3190 Ecclesiastieo,
3667 3128 3742 3181 ubi

2103 3199 2151 3262 C
2183 3224 2363 3283 patres
2392 3214 2673 3268 laudantur
2692 3230 2759 3269 ex
2784 3214 2992 3281 ordine,
3012 3217 3182 3284 ipsum
3201 3216 3740 3284 sicluisselaudatnm,

2179 3315 2230 3359 ut
2258 3307 2605 3374 prophetasse
2618 3306 2779 3361 etiam
2801 3317 3042 3361 mortuus
3064 3308 3352 3362 diceretur.
3379 3309 3489 3364 Sed
3512 3316 3553 3362 si
3571 3320 3620 3363 et
3637 3311 3739 3362 huic

2178 3396 2390 3452 librae:
2411 3396 2755 3452 Hebraeorum
2776 3397 2919 3465 (quia
2952 3396 3005 3450 in
3044 3413 3228 3451 eormn
3262 3414 3368 3452 non
3415 3408 3501 3453 est
3535 3399 3737 3465 canone)

2175 3487 2583 3552 contradicitur,
2607 3487 2735 3555 quid
2754 3486 2824 3542 de
2849 3488 3030 3558 Moyse
3056 3489 3249 3543 dicturi
3273 3504 3486 3554 sumus,
3508 3490 3592 3559 qui
3614 3498 3737 3543 certe

2175 3586 2230 3632 ct
2251 3577 2303 3631 in
2323 3577 2739 3633 Deuteronomio
2764 3588 3026 3645 mortuus,
3040 3580 3165 3633 etin
3188 3579 3490 3650 Evangelio
3506 3598 3619 3635 eum
3639 3581 3734 3634 Elia

2174 3671 2261 3740 qui
2285 3678 2525 3726 mortuus
2550 3684 2657 3726 non
2684 3679 2767 3726 est
2794 3671 2989 3741 legitur
3015 3672 3331 3741 apparuisse
3359 3675 3684 3730 viventibus?

2706 3783 2936 3839 CAPUT
2992 3782 3214 3839 CCCVI.

2175 3874 2375 3947 Quibus
2402 3873 2716 3947 sacri/ieiuni
2748 3878 2938 3941 prosit,
2967 3884 3058 3947 aut
3086 3874 3231 3947 locus
3252 3886 3556 3947 martyrem
3580 3878 3628 3929 in
3651 3893 3735 3943 quo

2243 3945 2501 4015 quispiam
2547 3945 2791 4017 sepelitur
2819 3960 2837 4007 ;
2883 3960 2967 4017 ea;
2990 3945 3120 3998 libre
3148 3945 3213 3999 de
3237 3945 3373 4001 Cum
3407 3945 3519 4017 “pro
3548 3948 3735 4002 mortuis

2240 4013 2458 4086 gerenda
2488 4015 2556 4069 ad
2584 4013 2863 4068 Paulinum
2890 4016 3201 4085 episwpum.

2240 4130 2516 4199 Scripsisti
2550 4129 2703 4195 mihi,
2727 4144 2975 4200 quaerens
2994 4147 3021 4183 a
3052 4145 3137 4184 me
3165 4138 3340 4185 utrum
3361 4132 3535 4199 prosit
3558 4132 3731 4198 cuique

2171 4232 2292 4291 post
2316 4232 2544 4281 mortem
2580 4221 2723 4291 quod
2759 4236 2957 4289 corpus
2980 4220 3099 4289 ejus
3142 4220 3281 4289 apud
3315 4224 3488 4277 sancti
3533 4221 3738 4291 alicujus

2170 4314 2486 4369 memoriam
2516 4312 2829 4383 sepeliatur.
2880 4310 3059 4368 Certe.
3093 4312 3224 4367 Nam
3272 4313 3412 4369 dicis
3457 4315 3622 4369 videri
3655 4314 3738 4367 tibi

2171 4423 2276 4461 non
2308 4421 2430 4462 esse
2450 4408 2636 4461 inanes
2670 4420 2846 4460 motus
2870 4406 3169 4462 animorum
3187 4409 3565 4479 religiosorum
3592 4422 3737 4479 atque

2173 4500 2414 4555 ﬁdelium
2437 4514 2533 4569 pro
2557 4501 2670 4554 suis
2695 4499 2795 4554 ista
2818 4497 2935 4569 [ita]
2966 4499 3299 4555 curantium:
3328 4502 3573 4571 adjnngis
3593 4504 3738 4555 etiam

487 4590 668 4632 secum
726 4579 999 4648 futurum,
1063 4586 1204 4653 quod
1244 4589 1427 4655 utique
1475 4590 1664 4643 falsum
1712 4602 1816 4647 est.
1872 4595 2062 4665 Magno
2094 4576 2137 4633 D
2173 4606 2365 4645 vacare
2393 4607 2495 4646 non
2522 4606 2680 4659 posse
2710 4591 2848 4659 quod
2874 4591 3122 4644 universa
3146 4606 3243 4659 pro
3272 4593 3542 4647 defuncus
3572 4594 3740 4646 Eccle-

484 4669 683 4734 quippe
712 4671 996 4727 intervallo
1028 4684 1151 4742 post
1170 4689 1398 4731 mortem
1432 4683 1669 4749 separari
1702 4683 1869 4739 bonos
1893 4701 1919 4735 a
1952 4702 2063 4739 ma-

485 4759 586 4823 lis,
617 4759 667 4813 iu
720 4762 1007 4832 Evangelio
1039 4768 1296 4835 leg'mns;
1342 4786 1463 4825 eum
1510 4774 1763 4827 Dominus
1806 4778 1944 4832 inter
1987 4794 2065 4833 su-

488 4847 710 4914 perbum
762 4851 909 4907 illum
938 4856 1182 4923 divitem,
1212 4876 1336 4914 eum
1375 4863 1482 4929 jam
1515 4864 1652 4931 apud
1705 4867 1903 4923 inferos
1954 4878 2063 4924 tore

487 4948 667 4997 menta
700 4950 1000 5011 pateretur,
1039 4957 1093 5001 et
1124 4949 1275 5005 illum
1304 4954 1394 5019 qui
1424 4954 1488 5007 ad
1520 4956 1637 5020 ejus
1662 4956 1880 5024 jauu‘tm
1920 4961 2064 5015 ulce-

491 5046 647 5098 rosus
684 5033 915 5100 jaeebat,
946 5037 1053 5104 jam
1086 5041 1137 5091 iu
1166 5046 1351 5110 requie
1378 5048 1723 5101 constitutum
1745 5087 1768 5119 ι
1810 5067 2059 5120 magnum

493 5123 659 5182 Citntls
684 5125 1018 5193 interjeetuni
1050 5145 1171 5186 esse
1200 5142 1444 5191 testatur.
1475 5142 1581 5193 Ant
1599 5140 1643 5193 si
1668 5151 1950 5211 propterea
1966 5146 2063 5201 Sa-

486 5218 629 5291 muel
659 5218 808 5274 Sauli
827 5219 995 5286 dixit,
1031 5223 1239 5279 Mecum
1278 5229 1417 5289 eris,
1449 5241 1632 5287 utnon
1663 5236 1728 5288 ad
1760 5238 2063 5306 aequitatem

482 5306 893 5386 {aqualitatem]
923 5313 1190 5372 felicitatis
1211 5359 1227 5385 ,
1258 5320 1353 5374 sed
1384 5321 1450 5375 ad
1482 5338 1664 5390 parem
1703 5330 2066 5386 conditionem

483 5401 675 5461 mortis
726 5404 1029 5477 referatur,
1086 5410 1230 5480 quod
1283 5421 1509 5484 uterque
1555 5414 1721 5473 homo.
1759 5419 1960 5483 fuerit.
2013 5433 2068 5477 et

490 5502 716 5563 uterque
764 5498 900 5551 mori
948 5502 1216 5569 potuerit;
1256 5503 1477 5573 jamque
1540 5518 1784 5564 mortuus
1840 5522 2067 5568 mortem

489 5582 617 5645 sivo
644 5589 1062 5651 prmnttntialiat;
1099 5592 1374 5661 perspicit,
1405 5605 1659 5664 quantum
1690 5599 1905 5665 Opinor,
1942 5617 2069 5668 pru-

489 5671 669 5734 dentia
702 5688 786 5731 tua
814 5718 828 5743 ,
856 5683 1151 5738 seenndutn
1182 5695 1468 5755 utrumque
1499 5690 1830 5744 intellectum
1873 5693 2069 5748 habere

2167 4682 2248 4736 sia
2271 4683 2574 4750 supplicare
2594 4682 2903 4745 consuevit,
2937 4694 2991 4735 ut
3027 4682 3149 4736 hinc
3174 4693 3228 4737 et
3259 4684 3386 4738 illud
3408 4686 3601 4753 conjici
3633 4700 3739 4753 p08-

2167 4777 2258 4843 sit,
2297 4777 2496 4830 bomini
2549 4774 2807 4844 prodesse
2855 4786 2977 4844 post
3015 4786 3243 4831 mortem
3284 4778 3330 4831 si
3381 4780 3486 4834 fide
3532 4793 3737 4833 suorum

2171 4866 2441 4921 hutuaudo
2468 4867 2587 4934 ejus
2607 4866 2820 4934 corpori
2856 4866 2979 4926 talis
3005 4868 3347 4934 provideatur
3374 4872 3546 4937 locus,
3570 4872 3619 4923 in
3642 4884 3738 4937 quo

2166 4966 2425 5027 appareat
2451 4957 2731 5026 epilulatio
2754 4959 2916 5013 etiam
2955 4958 3059 5013 isto
3084 4961 3243 5014 modo
3272 4963 3497 5025 qu:rsita
3527 4973 3731 5015 sanetu-

2171 5066 2312 5107 t‘um.
2353 5050 2458 5105 Sed
2491 5066 2609 5105 cum
2640 5049 2753 5104 haec
2780 5051 2850 5104 ita
2879 5052 2986 5105 sint
3009 5093 3023 5115 ,
3051 5057 3320 5122 quomodo
3365 5055 3488 5110 huic
3511 5053 3737 5124 opinioni

2171 5142 2498 5201 contrarium
2559 5156 2667 5198 non
2713 5141 2782 5197 sit
2833 5142 2977 5213 quod
3025 5146 3100 5200 ait
3147 5144 3486 5214 Apostolus:
3550 5147 3740 5202 Omnes

2173 5234 2314 5288 enim
2365 5231 2659 5290 astabimus
2709 5243 2834 5288 ante
2886 5234 3115 5289 tribunal
3164 5234 3399 5301 Christi,
3450 5247 3508 5291 ut
3559 5237 3742 5291 rrferat

2174 5326 2540 5395 unusquisque
2586 5324 2877 5380 secundum
2926 5340 2986 5380 ea
3020 5341 3139 5396 qua:
3184 5344 3279 5394 per
3325 5344 3522 5396 corpus
3569 5327 3738 5397 gessit,

2174 5419 2286 5473 sive
2314 5418 2531 5483 bonum,
2563 5419 2680 5472 sive
2721 5421 2941 5473 malum.
2974 5420 3089 5474 Non
3133 5430 3184 5475 te
3214 5424 3342 5476 satis
3373 5423 3557 5479 videre
3585 5422 3737 5491 signi-

2174 5510 2325 5565 ficas.
2354 5510 2461 5565 liae
2482 5511 2678 5580 quippe
2702 5511 2996 5579 apostolica
3029 5516 3327 5581 sententia,
3370 5526 3491 5569 ante
3522 5525 3737 5568 mortem

2172 5600 2423 5655 admonet
2444 5589 2554 5654 fieri
2582 5600 2723 5670 quod
2743 5602 2911 5672 possit
2940 5602 3199 5669 prodesse
3228 5615 3343 5673 post
3373 5617 3623 5667 mortem;
3646 5617 3741 5656 non

2174 5702 2300 5747 tunc
2328 5692 2539 5763 quando
2560 5692 2669 5763 jam
2702 5693 3072 5763 recipiendum
3096 5704 3179 5752 est
3208 5697 3350 5769 quod
3379 5696 3605 5767 quisque
3635 5711 3743 5767 ger

488 5804 493 5809 υ
547 5789 579 5859 1⁸
601 5788 717 5843 ιιωο
736 5794 975 5855 sententia
1002 5797 1078 5846 vel
1104 5799 1163 5851 ab
1186 5800 1432 5862 Eugyppio
1457 5803 1531 5853 vel
1559 5804 1618 5852 ah
1643 5802 1736 5856 aho
1765 5806 1955 5854 videtur
1984 5806 2195 5866 adjecta.
