4016 6184
332 381 469 436 illi!

1512 356 1951 418 TIIESAURUS.
1994 352 2146 409 CAP.
2192 349 2435 407 CCCVll.

3467 345 3605 402 1022

330 497 464 555 serit
492 503 616 550 ante
645 499 896 547 mortem.
927 488 1126 544 Verum
1171 486 1286 541 haec
1315 482 1386 537 ita
1418 481 1642 535 solvitur
1667 474 1916 546 qnarstio,
1947 473 1994 531 Α
2024 476 2200 520 autem
2237 467 2490 520 deessent
2535 463 2650 517 ἰδίω
2685 461 3103 531 supplicationes
3135 477 3250 529 quae
3295 461 3425 514 liuut
3461 473 3604 514 recta

334 591 590 662 quoniam
623 585 854 656 quddam
881 583 1002 636 vitae
1032 594 1228 650 genere
1254 576 1568 646 acquiritur,
1589 573 1714 625 dum
1749 570 1798 621 iu
1825 566 1926 621 hoc

332 697 566 752 corpore
597 679 812 743 viiitur,
858 687 912 730 ut
943 672 1142 744 aliquid
1172 671 1428 739 adjuvent
1475 668 1575 720 ista
1619 663 1920 717 defunctos.

335 777 416 830 Ac
447 789 541 841 per
571 772 696 834 huc,
727 768 1022 822 secundum
1054 778 1116 819 ea
1148 777 1266 832 quae
1289 776 1384 829 per
1401 771 1595 827 corpus
1617 757 1920 824 gesserunt,

335 867 419 921 eis
443 879 565 933 quae
617 870 734 929 post
775 873 968 925 corpus
999 855 1253 924 religiose
1277 866 1374 918 pro
1415 849 1526 903 illis
1553 846 1684 900 facta
1727 841 1925 896 fuerint

341 956 687 1025 adjuvantur.
717 951 854 1005 Sunt
892 949 1034 1002 enim
1079 959 1214 1014 quos
1246 942 1379 996 nihil
1420 938 1642 994 omnino
1673 935 1924 1000 adjuvant

341 1052 470 1112 ista,
496 1049 608 1099 sive
634 1057 730 1113 pro
761 1043 840 1096 eis
865 1042 992 1094 fiant
1013 1052 1237 1106 quorum
1263 1044 1366 1088 tam
1394 1033 1530 1086 mala
1558 1036 1686 1083 sunt
1713 1025 1922 1088 merita,

341 1149 406 1195 ut
437 1153 536 1194 nec
569 1136 765 1190 talibus
794 1133 938 1202 digni
962 1132 1068 1185 sint
1097 1128 1369 1198 adjuvari;
1403 1125 1518 1179 sive
1555 1136 1650 1193 pro
1683 1118 1762 1172 his
1787 1130 1924 1185 quo—

344 1248 464 1286 runt
494 1241 600 1284 tam
632 1230 766 1282 bona
785 1266 801 1293 ,
829 1234 887 1280 ut
918 1223 1111 1277 talibus
1141 1236 1245 1274 non
1277 1218 1546 1284 indigeant
1575 1208 1923 1280 adiumentis.

349 1324 560 1378 Gencre
605 1320 764 1388 igitur
810 1318 931 1370 vitae
963 1314 1100 1382 quod
1132 1312 1296 1381 gessit
1325 1309 1553 1378 quisque
1587 1318 1681 1372 per
1708 1311 1925 1367 corpus,

350 1414 581 1468 eflicitur
608 1419 665 1464 ut
694 1409 899 1476 prosint
932 1407 1012 1460 vel
1054 1419 1157 1458 non
1205 1403 1412 1471 prosint
1458 1407 1789 1467 quaecunque
1831 1404 1927 1458 pro

349 1507 442 1560 il'o
485 1505 568 1572 pie
608 1504 740 1554 liuut
777 1513 897 1552 cum
944 1494 1220 1565 reliquerit
1247 1505 1466 1558 corpus.
1512 1488 1642 1541 Nam
1677 1482 1924 1540 meritum

347 1614 446 1667 per
477 1595 618 1664 quod
647 1594 746 1646 ista
800 1589 1006 1660 prosint
1034 1588 1080 1642 si
1121 1586 1322 1641 nullum
1350 1588 1720 1650 comparatum
1761 1584 1846 1630 est
1873 1575 1926 1629 in

351 1691 451 1742 bac
475 1689 600 1750 vita,
630 1687 823 1738 frustra
852 1693 973 1752 post
1005 1681 1142 1734 lianc
1167 1678 1424 1748 quaeritur
1452 1675 1636 1728 vitam.
1667 1670 1746 1725 lta
1784 1669 1842 1723 ﬁt
1870 1675 1927 1721 ut

350 1796 527 1850 neque
559 1776 786 1833 inaniter
820 1772 1054 1830 Ecclesia
1079 1809 1096 1836 ,
1127 1770 1208 1825 vel
1241 1782 1459 1824 suorum
1503 1779 1633 1821 cura
1684 1776 1782 1832 pro
1827 1759 1925 1815 de-

2028 558 2130 610 iide
2160 573 2223 610 ac
2247 557 2443 624 pietate
2474 569 2570 624 pro
2601 556 2822 607 mortuis
2849 596 2864 620 ,
2915 564 3040 620 puto
3071 553 3210 622 quod
3241 554 3366 606 nihil
3399 554 3608 620 prodes-

2026 659 2108 712 set
2137 649 2415 718 spiritibus
2465 663 2653 702 eorum
2686 647 2972 715 quamlibet
3007 646 3138 699 locis
3183 647 3386 698 Sanctis
3439 645 3612 697 exani-

2029 756 2110 794 ma
2144 756 2371 808 corpora
2408 749 2754 806 ponerentur.
2787 738 2918 790 Cum
2962 752 3089 804 ergo
3137 736 3310 789 ﬁdelis
3352 747 3521 788 mater
3552 734 3613 786 fi-

2028 832 2167 885 delis
2221 833 2317 886 lilii
2357 832 2596 886 defuncti
2651 845 2850 895 corpus
2908 829 3234 881 desideravit
3289 829 3340 879 in
3395 828 3612 880 basilica

2029 925 2279 995 martyris
2303 924 2455 993 poni;
2485 924 2528 976 si
2578 921 2793 990 quidem
2825 919 3057 974 credidit
3089 918 3208 986 ejus
3238 919 3470 970 animum
3501 932 3613 970 me-

2031 1017 2152 1070 ritis
2185 1015 2436 1084 martyris
2466 1013 2728 1082 adjuvari,
2758 1011 2858 1064 hoc
2883 1011 3024 1079 quod
3061 1013 3128 1065 ita
3161 1011 3386 1064 credidit
3412 1011 3614 1078 suppli-

2028 1105 2167 1160 catio
2181 1103 2423 1172 quzedam
2457 1103 2574 1162 fuit,
2601 1111 2654 1154 et
2680 1103 2792 1154 Inec
2812 1100 3025 1168 profuit,
3054 1101 3097 1154 si
3127 1101 3250 1168 quid
3288 1101 3484 1167 profuit
3511 1117 3523 1162 ;
3553 1109 3613 1152 ct.

2028 1198 2168 1266 quod
2194 1196 2258 1250 ad
2283 1196 2422 1250 idem
2447 1195 2752 1262 sepulcrum
2779 1194 3004 1248 recurrit
3024 1192 3222 1256 animo,
3241 1203 3292 1245 et
3318 1193 3479 1244 lilium
3508 1206 3618 1259 pre-

2030 1287 2183 1343 cibus
2215 1286 2384 1357 magis
2425 1288 2705 1356 magisque
2756 1285 3120 1350 commendat,
3144 1285 3358 1351 adjuvat
3381 1281 3616 1336 defuncti

2028 1379 2274 1447 Spiritum
2291 1394 2396 1432 non
2421 1379 2614 1431 mortui
2631 1378 2872 1444 c0rporis
2894 1377 3057 1436 locus,
3077 1375 3170 1428 sed
3195 1390 3256 1428 ex
3274 1375 3401 1428 locis
3417 1389 3620 1427 memo-

2030 1473 2108 1526 ria
2139 1472 2290 1525 vivus
2323 1471 2509 1524 matris
2538 1470 2788 1524 affectus.
2820 1467 2991 1522 Simul
3019 1469 3185 1532 enim,
3212 1475 3268 1521 et
3293 1467 3435 1534 quis,
3464 1465 3621 1520 etcni

2028 1563 2441 1619 commendatus
2486 1562 2554 1618 sit
2588 1555 3122 1635 [commendandus],
3177 1574 3281 1612 non
3315 1559 3496 1624 utique
3539 1557 3622 1609 in-

2033 1655 2306 1711 fructuose
2332 1654 2640 1723 religiosam
2674 1662 2906 1708 mentem
2939 1650 3208 1720 precantis
3232 1648 3461 1714 attingit.
3487 1647 3620 1700 Nam

2031 1757 2086 1802 et
2108 1755 2322 1802 orantes
2342 1746 2410 1800 de
2440 1743 2696 1802 membris
2725 1744 2806 1797 sui
2835 1741 3075 1808 corporis
3103 1740 3302 1794 faciunt
3331 1739 3468 1807 quod
3496 1753 3621 1806 sup-

348 1827 550 1927 fun'ctis
579 1868 718 1938 quod
747 1867 976 1935 potuerit
1013 1827 1289 1932 religionis
1327 1858 1629 1927 impendat;
1663 1827 1716 1909 et
1752 1862 1931 1908 tamen
1963 1827 2012 1889 Β
2041 1838 2358 1908 Ριίοθῐιῑίὶθιιε
2388 1837 2672 1904 εοηετυίιν
2697 1851 2817 1889 cum
2841 1849 3008 1902 genua
3044 1832 3212 1902 θευιιι
3235 1875 3251 1898 ν
3287 1848 3406 1885 “1m
3431 1841 3622 1885 θκῑεη·

350 1964 488 2016 lerat
520 1959 882 2027 unusquisque
912 1954 1203 2010 secundum
1229 1965 1289 2006 ea
1321 1965 1438 2019 quae
1469 1962 1563 2016 per
1595 1958 1793 2012 corpus
1814 1956 1933 2012 ges-

350 2055 446 2116 sit,
481 2053 593 2106 sive
622 2052 820 2104 bounm
841 2091 854 2113 ,
890 2047 1004 2100 sive
1034 2046 1231 2099 malum
1252 2083 1266 2107 ,
1309 2040 1566 2095 reddente
1599 2037 1707 2091 Deo
1729 2031 1936 2088 unicui-

350 2158 454 2211 que
483 2139 776 2195 Secundum
803 2153 962 2204 Opera
995 2135 1129 2202 ejus.
1165 2133 1232 2188 Ut
1256 2135 1400 2187 enim
1434 2130 1535 2185 boc
1558 2126 1696 2197 quod
1725 2126 1935 2193 impen-

353 2235 502 2287 ditur
551 2231 719 2298 possit
753 2230 800 2283 ei
845 2226 1100 2296 prodesse
1129 2233 1247 2293 post
1279 2236 1492 2288 corpus,
1523 2220 1576 2272 in
1617 2233 1678 2273 ea
1719 2218 1825 2270 vita
1853 2223 1936 2270 est

354 2324 678 2391 aequisitum
707 2336 865 2390 quam
890 2319 1056 2386 gessit
1096 2319 1147 2371 in
1193 2329 1441 2381 corpore.
1475 2311 1724 2368 Provisus
1757 2310 1936 2376 itaque

352 2414 686 2483 sepeliendis
726 2411 1042 2479 corporibus
1091 2408 1229 2477 apud
1261 2404 1577 2460 memoriam
1626 2411 1932 2457 sanctorum

355 2508 510 2560 locus
543 2506 694 2560 bonae
721 2503 1020 2558 affectionis
1050 2501 1295 2554 humana:
1325 2505 1409 2551 est
1447 2511 1568 2565 erga
1599 2494 1780 2548 funera
1810 2507 1936 2548 suo-

354 2614 498 2660 rum,
531 2597 782 2666 quoniam
812 2595 856 2648 si
889 2593 1138 2646 nonnulla
1171 2591 1359 2660 religio
1389 2597 1473 2644 est
1495 2597 1556 2641 ut
1585 2588 1933 2655 sepeliantur,

356 2707 467 2745 non
498 2700 669 2759 potest
699 2687 838 2741 nulla
867 2700 988 2740 esse
1012 2684 1224 2754 quando
1251 2682 1340 2736 ubi
1363 2680 1690 2751 sepeliantur
1718 2677 1936 2732 attendi-

357 2793 461 2838 tur.
513 2781 616 2837 Sed
674 2796 792 2835 cuiu
849 2781 966 2832 talia
1019 2779 1262 2832 vivorum
1311 2775 1500 2828 solatia
1558 2770 1934 2840 requiruntur,

357 2879 445 2944 qui
458 2876 555 2927 bus
589 2888 777 2927 eorum
811 2871 924 2940 pius
948 2870 997 2924 in
1023 2883 1148 2924 suos
1165 2867 1375 2921 animus
1399 2873 1652 2934 appareat
1676 2906 1691 2931 ,
1722 2877 1828 2915 non
1855 2861 1936 2914 vi-

357 2967 464 3023 deo
485 2981 604 3035 (ιυιε
643 2965 744 3019 sint
777 2961 1082 3030 adjumenta
1114 2968 1446 3014 mortuorum
1474 2998 1488 3022 ,
1531 2957 1628 3010 nisi
1659 2954 1725 3009 ad
1759 2954 1858 3008 hoc
1881 2962 1940 3009 ut

358 3060 487 3113 dum
542 3059 786 3112 recolunt
833 3055 923 3108 ubi
971 3053 1079 3108 sint
1124 3055 1294 3122 posita
1324 3067 1507 3106 eorum
1540 3063 1673 3120 quos
1711 3048 1939 3119 di'igunt

359 3163 612 3217 carpora,
647 3147 850 3202 eisdem
884 3146 1086 3201 sanctis
1114 3145 1230 3199 illos
1261 3154 1514 3212 tanquam
1543 3142 1784 3211 patronis
1822 3155 1938 3194 sus-

2035 1931 2171 1986 dunt
2200 1945 2415 1996 manus,
2434 1929 2518 1982 vel
2549 1928 2708 1980 etiam
2743 1933 3161 1995 prosternuntur
3180 1924 3317 1989 stilo,
3343 1933 3399 1977 et
3425 1924 3468 1976 si
3493 1920 3624 1992 quid

2037 2021 2182 2076 aliud
2207 2020 2410 2074 faciunt
2430 2018 2734 2080 stibiliter,
2759 2015 3001 2085 quamvis
3023 2031 3207 2068 eorum
3233 2014 3512 2068 invisibilis
3532 2028 3625 2067 vo-

2039 2113 2216 2167 luntas
2254 2121 2309 2167 et
2337 2111 2519 2166 cordis
2547 2112 2774 2164 intentio
2823 2109 2931 2164 Deo
2975 2117 3098 2162 nota
3129 2108 3216 2170 sit,
3249 2121 3346 2160 nec
3369 2107 3458 2160 ille
3487 2106 3627 2159 indi-

2037 2213 2160 2274 geat
2206 2203 2288 2256 bis
2317 2202 2530 2256 indiciis
2573 2211 2634 2254 ut
2663 2201 2874 2254 animus
2921 2198 2970 2252 ei
3021 2198 3288 2268 pandatur
3338 2199 3624 2251 lnnnantts.

2037 2293 2139 2350 Sed
2159 2293 2280 2348 hinc
2303 2293 2470 2361 magis
2490 2292 2725 2360 scipsum
2757 2289 2957 2344 excitat
2983 2290 3144 2341 homo
3168 2288 3233 2342 ad
3255 2288 3514 2341 orandum
3536 2303 3628 2357 ge-

2041 2385 2405 2450 mendnmque
2459 2381 2714 2434 humilius
2762 2389 2920 2450 atque
2972 2378 3382 2440 ferventius;et
3439 2378 3626 2431 nescio

2041 2481 2311 2552 quomodo
2368 2494 2490 2533 cum
2543 2477 2596 2530 lii
2642 2485 2818 2530 motus
2870 2474 3111 2544 corporis
3153 2473 3269 2528 fieri
3327 2473 3424 2526 nisi
3485 2481 3629 2526 motu

2043 2574 2208 2628 animi
2240 2570 2579 2640 praecedente
2610 2584 2714 2622 non
2744 2566 2971 2636 possint.
3016 2564 3218 2620 eisdem
3253 2578 3438 2617 rursus
3476 2571 3629 2615 exte-

2041 2668 2153 2721 rius
2181 2665 2468 2720 visibiliter
2513 2662 2702 2727 factis,
2737 2660 2830 2714 ille
2860 2658 3085 2712 interior
3116 2655 3393 2710 invisibilis
3421 2654 3508 2722 qui
3537 2667 3568 2706 e
3604 2667 3630 2708 α

2043 2757 2186 2823 fecit,
2221 2766 2462 2825 augetur.
2510 2757 2588 2808 Ac
2620 2767 2712 2821 per
2745 2751 2846 2804 lioc
2873 2749 3050 2802 cordis
3090 2747 3310 2800 allectus
3339 2745 3428 2813 qui
3455 2755 3508 2796 ut
3540 2743 3627 2797 lie-

2045 2857 2163 2902 rent
2189 2848 2286 2900 ista
2320 2845 2592 2914 praecessit
2613 2883 2627 2907 ,
2659 2842 2783 2910 quia
2819 2840 2953 2893 facta
2985 2847 3131 2902 sunt,
3163 2839 3376 2891 crescit.
3414 2835 3631 2887 Verum-

2046 2949 2223 2994 tamen
2257 2939 2300 2991 si
2340 2951 2404 2992 co
2435 2935 2593 2989 modo
2624 2935 2852 3003 quisque
2896 2941 3162 2997 teneatur,
3188 2929 3271 2983 vel
3311 2928 3473 2981 etiam
3506 2926 3625 2995 lige-

2047 3040 2150 3095 tur,
2182 3040 2238 3083 ut
2269 3029 2383 3082 lucc
2446 3027 2512 3080 de
2541 3027 2655 3078 suis
2701 3022 2957 3078 membris
3009 3021 3183 3075 facere
3223 3025 3478 3087 nequeat;
3532 3032 3632 3070 non

2050 3120 2172 3176 ideo
2205 3136 2308 3173 non
2341 3127 2458 3172 orat
2503 3117 2726 3170 interior
2756 3113 2939 3177 homo,
2970 3120 3023 3166 et
3053 3121 3176 3166 ante
3216 3110 3402 3164 oculos
3437 3109 3552 3170 Dei,
3584 3108 3633 3162 in

361 3200 715 3308 éepiosapnd
739 3200 1028 3292 VDiomirnum
1059 3200 1389 3304 adjuvandae
1415 3200 1620 3286 oranIdo
1663 3244 1944 3286 commen-
1973 3211 2020 3274 C
2051 3211 2420 3270 secretissima
2445 3209 2632 3277 cubili,
2666 3206 2752 3262 ubi
2793 3204 3193 3276 εοηιρτιιιείιιιΐ,
3239 3201 3514 3257 sternitur.
3561 3200 3634 3256 lu

361 3332 517 3385 dent.
541 3329 693 3397 Quod
736 3329 949 3399 quidem
996 3327 1176 3381 facere
1216 3331 1466 3395 possent,
1513 3323 1722 3378 etiamsi
1755 3321 1948 3376 talibus

365 3422 500 3476 locis
527 3434 623 3474 eos
655 3420 877 3474 humare
905 3433 1010 3472 non
1037 3423 1260 3486 possent
1287 3432 1304 3471 :
1333 3415 1428 3472 sed
1455 3430 1560 3470 non
1588 3414 1657 3468 ob
1687 3414 1829 3468 aliud
1863 3411 1950 3468 vel

368 3511 646 3565 memoria:
671 3509 754 3565 vel
790 3514 1136 3564 monumenta
1178 3507 1430 3563 dicuntur
1460 3521 1525 3561 ea
1550 3520 1670 3575 qua
1699 3503 1949 3573 insignita

365 3605 498 3657 fiunt
527 3603 773 3670 sepulcra
805 3610 1135 3655 mortuorum
1157 3639 1172 3665 ,
1212 3600 1313 3654 nisi
1344 3601 1470 3667 quia
1513 3613 1609 3654 eos
1638 3599 1727 3667 qui
1767 3599 1951 3652 viven-

366 3695 501 3750 tium
524 3694 692 3748 oculis
722 3701 896 3748 morte
922 3692 1182 3748 subtrac:i
1212 3700 1371 3756 sunt,
1406 3707 1474 3746 ne
1491 3691 1761 3746 oblivione
1789 3691 1952 3747 etiam

365 3786 622 3842 cordibus
680 3785 1108 3852 subtrahantur,
1157 3785 1210 3840 in
1253 3785 1568 3839 memoriam
1620 3791 1957 3838 revocantet

367 3876 710 3933 admonendo
741 3876 943 3931 faciunt
981 3875 1227 3946 cogitari.
1280 3871 1411 3930 Nam
1463 3883 1518 3928 et
1547 3875 1823 3928 memoriae
1865 3887 1957 3926 no-

371 3985 495 4024 men
528 3969 580 4022 id
612 3967 952 4036 apertissiuie
1006 3967 1276 4031 ostendit,
1323 3975 1377 4019 et
1425 3973 1862 4027 monumentum,
1891 3977 1956 4017 eo

371 4058 514 4127 quod
566 4065 782 4112 moneat
829 4065 1086 4118 mentem,
1137 4055 1188 4111 id
1228 4065 1308 4109 est
1341 4056 1647 4121 admoneat,
1682 4067 1957 4121 nuncupa-

373 4161 488 4204 tur.
517 4150 741 4219 Propter
763 4147 902 4216 quod
934 4158 986 4202 et
1010 4147 1182 4202 Cra'ci
1207 4156 1444 4218 μνημεῖον
1472 4155 1667 4200 vocant
1687 4145 1827 4212 quod
1860 4159 1957 4199 nos

375 4243 690 4298 memoriam
722 4257 815 4296 seu
863 4253 1267 4296 monumentum
1301 4241 1632 4309 appellamus
1657 4280 1671 4304 ,
1704 4238 1955 4308 quoniam

375 4337 552 4406 lingua
571 4350 756 4390 eorum
783 4335 1041 4389 memoria
1061 4333 1174 4400 ipsa
1195 4349 1297 4402 qua
1325 4333 1668 4386 meminimus
1686 4333 1855 4403 μνήμη
1877 4329 1960 4384 di-

375 4427 536 4480 citur.
581 4425 712 4479 Cum
746 4426 925 4490 itaque
957 4425 1141 4478 recolit
1183 4426 1394 4478 animus
1421 4425 1532 4494 78
1555 4423 1644 4477 ubi
1685 4422 1958 4493 sepultum

376 4517 448 4570 sit
479 4516 784 4570 cliarlssimi
815 4531 1033 4586 corpus,
1059 4525 1112 4570 et
1136 4515 1371 4570 occurrit
1399 4516 1548 4570 locus
1579 4516 1795 4570 nomine
1818 4529 1959 4567 mar-

2053 3303 2216 3360 etiam
2245 3317 2368 3358 cum
2401 3301 2686 3369 plurimum
2719 3296 2929 3351 intersit
2956 3296 3045 3350 ubi
3077 3305 3240 3365 ponat
3268 3307 3464 3362 corpus
3494 3307 3634 3347 mor-

2054 3396 2131 3452 tui
2157 3395 2240 3451 sui
2267 3395 2355 3464 qui
2387 3407 2484 3462 pro
2507 3391 2698 3461 spiritu
2718 3387 2838 3453 eius
2858 3387 2970 3442 Deo
3003 3386 3268 3456 supplicat
3285 3386 3409 3454 qu‘a
3433 3391 3487 3436 it
3505 3397 3636 3452 prat-

2053 3486 2252 3543 cedens
2273 3484 2496 3538 allectus
2521 3482 2700 3537 locum
2721 3477 2883 3550 elegit
2902 3486 3180 3542 sanctum;
3204 3485 3256 3532 et
3285 3475 3390 3530 illic
3415 3487 3639 3542 corpore

2057 3579 2232 3649 posito
2249 3576 2567 3633 recordatus
2589 3575 2739 3630 locus
2769 3579 2990 3627 sanctus
3015 3585 3140 3627 eum
3168 3570 3260 3639 qui
3295 3579 3640 3637 praceSserat

2057 3683 2284 3729 renovat
2311 3681 2367 3726 et
2393 3680 2555 3741 auget
2583 3667 3078 3724 all‘ectum.Tamen
3109 3665 3322 3720 etiamsi
3347 3680 3450 3718 non
3478 3661 3641 3732 possit

2059 3762 2146 3818 ubi
2179 3762 2458 3830 religiosus
2488 3759 2702 3813 animus
2744 3756 2917 3825 elegit
2964 3756 3192 3810 humare
3219 3769 3375 3822 quem
3423 3753 3643 3822 diligit,

2058 3854 2207 3908 nullo
2235 3851 2397 3905 modo
2426 3849 2589 3905 debet
2617 3865 2644 3902 a
2676 3847 3167 3916 supplicationibus
3216 3845 3539 3901 necessariis
3587 3846 3642 3899 iu

2059 3947 2178 4018 ejus
2200 3946 2668 4003 commendatione
2681 3959 2916 4000 cessare.
2947 3943 3259 4013 Ubicunque
3279 3944 3422 3997 enim
3447 3947 3644 4020 jaceat,

2060 4044 2143 4098 vel
2174 4058 2280 4097 non
2317 4042 2500 4110 jaceat
2527 4038 2764 4094 defui-eti
2793 4051 2953 4102 caro,
2984 4035 3195 4105 spiritui
3228 4035 3438 4104 requies
3465 4036 3636 4104 acqui-

2061 4137 2224 4191 renda
2241 4147 2320 4189 est
2338 4153 2350 4187 :
2366 4134 2454 4203 qui
2475 4148 2594 4186 cum
2621 4132 2740 4185 inde
2760 4130 2952 4193 exiret,
2967 4114 3148 4184 secum
3167 4127 3386 4182 abstulit
3407 4143 3647 4200 sensum,

2061 4242 2167 4297 quo
2196 4231 2455 4282 interesse
2487 4224 2656 4292 possit
2677 4221 2951 4290 quomodo
2971 4220 3203 4289 quisque
3230 4220 3300 4273 sit
3330 4219 3444 4273 sive
3467 4219 3520 4272 in
3552 4221 3637 4273 bo-

2063 4321 2168 4383 nis,
2204 4323 2318 4372 sive
2352 4318 2403 4370 in
2434 4317 2588 4370 malis
2617 4333 2630 4381 ;
2662 4330 2762 4369 nec
2797 4313 2865 4366 ab
2906 4328 2970 4367 ea
2997 4327 3160 4368 carne
3189 4319 3463 4379 exspectat
3498 4311 3639 4379 adju-

2064 4413 2174 4465 vari
2205 4426 2354 4463 suam
2407 4409 2567 4462 vitam
2595 4447 2611 4471 ,
2642 4408 2726 4460 cui
2774 4405 3048 4474 prmbebat
3078 4403 3194 4472 ipse
3232 4405 3439 4469 vitam,
3490 4417 3646 4472 quam

2068 4503 2302 4557 detraxit
2341 4499 2645 4562 excedens,
2691 4507 2746 4553 et
2776 4496 3084 4552 redditurus
3111 4507 3188 4550 est
3224 4495 3439 4550 rediens
3472 4513 3484 4546 :
3518 4510 3640 4564 quo-

381 4608 514 4678 tyris
546 4581 928 4671 venerabilis;
950 4607 1123 4661 eidem
1175 4606 1394 4676 maityri
1426 4605 1658 4659 animam
1706 4604 1955 4658 dilectam
1986 4581 2034 4640 ι)
2064 4596 2205 4650 niani
2238 4609 2344 4647 non
2375 4607 2502 4646 caro
2531 4590 2766 4660 spiritui,
2799 4589 2890 4643 sed
2923 4588 3146 4655 spiritus
3185 4586 3334 4640 carni
3367 4584 3530 4639 etiam
3560 4585 3646 4654 ip-

378 4702 725 4755 counncndat
772 4702 1108 4756 recordantis
1141 4709 1195 4755 et
1245 4702 1513 4770 precantis
1560 4700 1815 4764 allectus;
1865 4698 1956 4769 qui

380 4807 503 4846 cum
552 4791 817 4847 ἀνεψιαῖς
865 4806 893 4845 a
944 4791 1188 4846 fidelibus
1254 4792 1585 4846 cbarissimis
1637 4791 1957 4857 exhibetur,

383 4901 506 4939 eum
528 4884 782 4954 prodesse
805 4900 908 4937 non
935 4885 1158 4939 dubium
1187 4884 1366 4938 estliis
1387 4884 1474 4953 qui
1499 4898 1619 4938 cum
1651 4884 1704 4941 in
1731 4898 1960 4952 θοι-ροεο

383 4977 629 5031 viverent
655 4978 776 5030 talia
806 4976 906 5030 sibi
936 4987 1054 5045 post
1089 4977 1227 5031 lianc
1256 4978 1417 5032 vitam
1469 4977 1722 5046 prodes~e
1752 4992 1960 5032 merue-

388 5079 534 5120 runt.
574 5067 767 5121 Verum
812 5069 911 5122 etsi
947 5068 1122 5135 aliqua
1157 5071 1470 5134 necessitas,
1497 5070 1576 5122 Vel
1608 5069 1817 5123 humari
1842 5083 1964 5124 cor-

390 5175 543 5228 pora,
574 5162 653 5213 vel
688 5162 737 5212 in
771 5160 966 5214 talibus
997 5161 1125 5213 locis
1151 5161 1357 5215 humari
1390 5161 1529 5214 nulla
1566 5160 1689 5215 data
1715 5161 1968 5220 facultate

391 5253 694 5321 permittat,
738 5268 842 5305 non
887 5265 1012 5307 sunt
1043 5256 1508 5323 praztermittendic
1548 5255 1968 5323 supplicationes

394 5362 489 5412 pro
523 5346 798 5412 Spitilibtts
827 5360 1180 5411 mortuorum,
1211 5364 1343 5417 quas
1372 5349 1637 5403 Iaeiendas
1671 5365 1768 5417 pro
1797 5349 1971 5405 omni-

395 5437 492 5489 bus
527 5437 579 5489 in
613 5437 912 5490 Christiana
966 5448 1020 5492 ct
1062 5441 1319 5493 catholica
1365 5442 1622 5494 societate
1669 5441 1934 5497 defunctis
1966 5483 1980 5507 ,

393 5530 553 5583 etiam
600 5538 682 5583 tac
709 5531 774 5584 tis
799 5532 1104 5585 nominibus
1125 5549 1339 5596 eorum,
1366 5533 1464 5585 sub
1485 5534 1717 5598 generali
1746 5549 1958 5590 comme

396 5623 698 5673 moratione
726 5622 964 5686 suscepit
1011 5622 1280 5686 Ecclesia;
1323 5633 1378 5676 tit
1406 5625 1598 5690 quibus
1639 5626 1703 5677 all
1759 5626 1858 5680 isla
1890 5626 1959 5682 de

396 5723 524 5766 Sunt
553 5728 818 5778 patentes,
855 5727 944 5768 aut
979 5717 1049 5769 fili
1079 5757 1093 5779 ,
1127 5727 1216 5769 aut
1245 5718 1546 5784 quicunque
1589 5720 1796 5789 cognati
1825 5764 1837 5785 ,
1894 5727 1974 5776 ιιι-Ι

401 5808 584 5872 antici,
612 5814 676 5860 alr
698 5825 796 5861 una
823 5811 904 5864 eis
924 5803 1277 5884 e.i"cautur
1303 5812 1383 5880 pia
1411 5822 1577 5866 matre
1599 5817 1890 5870 communi.
1915 5819 1971 5871 Si

2064 4686 2178 4740 sius
2253 4679 2662 4738 resurrectionis
2735 4681 2982 4734 meritum
3024 4688 3341 4748 comparat,
3371 4685 3551 4732 utrum
3587 4676 3655 4746 ad

2067 4793 2280 4850 poenam
2305 4792 2374 4831 an
2401 4777 2467 4830 ad
2499 4774 2726 4844 gloriam
2756 4757 3062 4828 reviviscat.

2608 4884 2835 4940 CAPUT
2873 4881 3113 4937 CCCVll.

2070 4981 2221 5051 Quod
2283 4994 2418 5050 ηερε
2466 4978 2517 5030 in
2570 4977 2762 5031 somnis
2827 4976 3015 5051 mortui
3081 4974 3357 5051 virentibus
3410 4989 3658 5046 apparere

2463 5059 2740 5118 putantur;
2795 5063 2859 5101 ea.
2901 5049 3078 5101 eodem
3109 5047 3260 5100 libro.

2144 5165 2442 5221 Narrantur
2469 5162 2582 5216 visa
2609 5158 2855 5231 quadam
2879 5173 2999 5229 qua:
3023 5157 3147 5212 liuic
3172 5154 3515 5225 disputationi
3546 5168 3654 5215 non

2074 5255 2443 5329 negligendam
2497 5253 2776 5309 videantur
2806 5251 3004 5307 inferre
3033 5249 3399 5318 quzestioncm.
3435 5245 3644 5298 Ferun-

2077 5359 2162 5406 tur
2184 5349 2380 5420 quippe
2425 5345 2620 5402 mortui
2663 5345 2923 5407 nonnulli,
2954 5345 3030 5396 vel
3061 5342 3112 5394 in
3154 5339 3376 5394 somnis.
3425 5337 3506 5390 vel
3550 5336 3657 5400 alio

2079 5457 2399 5513 quocunque
2428 5440 2586 5494 modo
2634 5438 2944 5507 apparuisse
2987 5432 3304 5494 viventibus,
3358 5440 3517 5499 atque
3564 5429 3657 5485 ubi

2081 5550 2264 5590 eorum
2296 5549 2518 5602 corpora
2544 5533 2784 5602 jacerent
2808 5528 3072 5581 inhumata
3099 5524 3478 5585 nescientibus,
3501 5523 3599 5576 loci
3613 5551 3658 5570 η·
3699 5513 3731 5617 κ’

2081 5645 2184 5698 que
2215 5627 2524 5682 monstratis
2554 5623 2896 5678 admonuisse
2922 5630 2973 5670 ut
2999 5616 3098 5671 sibi
3131 5615 3402 5684 sepultura
3427 5632 3544 5684 qua:
3565 5615 3659 5670 de—

2103 5732 2252 5776 nerat
2279 5721 2627 5787 lirarberetur.
2657 5716 2777 5767 ll:rc
2809 5713 2850 5765 si
2898 5712 3021 5763 falsa
3053 5725 3170 5764 8-550
3203 5708 3657 5777 respomleriinus,

2084 5828 2267 5870 (cntra
2301 5828 2520 5884 quorum
2547 5814 2644 5862 'ani
2672 5807 2864 5875 scrip'a
2901 5803 3158 5871 fidelium,
3181 5815 3227 5857 et
3261 5816 3444 5858 contra
3475 5817 3659 5857 eorum
