4020 6190
353 335 371 388 1
390 332 490 386 39.3

1455 321 1515 376 D.
1558 315 1879 375 EUCYPI’II
1923 310 2216 369 ABBATIS
2255 309 2579 366 AFliICANl

3511 297 3655 357 10⁸26

355 470 547 508 sensus
576 452 663 520 qui
696 448 815 501 talia
841 442 1212 499 siliiaccidisse
1238 438 1579 503 confirmant,
1600 435 1942 504 impudenter
1974 434 2018 490 Α
2051 427 2190 494 quod
2225 434 2371 495 pater
2403 441 2507 479 non
2542 433 2822 490 receperat
2852 437 3067 492 quanoo
3092 430 3175 475 est
3206 418 3432 490 pecunia
3466 434 3623 487 persu

354 545 536 597 venire
573 540 871 593 videbimur
903 557 915 588 :
968 534 1059 587 sed
1110 530 1539 599 respondendum
1578 538 1658 581 est
1690 545 1721 580 n
1760 542 1794 580 n
1829 526 1949 579 ideo

359 634 650 702 putandum
676 646 799 684 cs~e
824 639 1065 681 mortuos
1082 625 1177 678 ista
1207 623 1430 685 sentire,
1454 622 1577 691 quia
1603 620 1717 673 haec
1744 619 1947 678 dicere,

355 728 443 780 vel
477 725 737 786 iudicare,
772 722 853 774 vel
881 730 1062 787 petere
1090 716 1341 769 videnlur
1370 714 1423 767 in
1469 711 1707 766 somnis:
1745 725 1864 762 nam
1897 718 1952 762 et

356 818 603 870 viventes
658 820 919 880 apparent
985 823 1129 876 same
1184 804 1489 861 viventibus
1536 801 1948 863 dormientibus,

356 911 483 961 dum
528 921 586 959 se
633 905 731 972 ipsi
787 901 1024 955 nesciant
1056 914 1338 968 apparere,
1385 896 1533 951 etab
1576 897 1656 950 eis
1684 894 1800 947 hmc
1830 909 1949 962 qua:

362 997 749 1051 somniaveirnt
778 994 999 1047 audiunt
1030 990 1331 1044 dicen'ihus
1369 986 1507 1056 quod
1539 1000 1632 1039 eos
1659 986 1710 1037 in
1748 982 1950 1036 somnis

359 1091 598 1144 viderint
627 1098 846 1154 agentes
890 1083 1111 1152 aliquid,
1147 1082 1226 1135 vel
1253 1081 1551 1148 loquentes.
1587 1076 1644 1132 Si
1689 1091 1817 1142 ergo
1868 1091 1953 1128 mc

358 1190 538 1246 potest
567 1179 761 1246 aliquis
788 1177 1065 1230 insomnis
1100 1172 1281 1227 videre
1312 1171 1410 1224 sibi
1443 1168 1641 1238 atiquid
1670 1167 1810 1236 quod
1843 1164 1953 1219 fac-

355 1282 469 1326 tum
500 1280 580 1325 est
605 1270 949 1328 indicantem,
977 1268 1057 1320 vel
1083 1266 1238 1317 etiam
1265 1262 1404 1331 quod
1431 1260 1664 1313 futurum
1695 1267 1775 1311 est
1808 1272 1948 1326 prc-

363 1362 719 1424 nuntiantem,
753 1376 873 1413 cum
917 1359 965 1410 id
1006 1373 1106 1424 ego
1147 1370 1364 1424 prorsus
1402 1355 1664 1421 ignorem,
1700 1360 1752 1403 et
1780 1348 1953 1401 omni-

361 1467 432 1505 no
455 1466 673 1520 prorsus
707 1465 811 1501 non
846 1463 1051 1508 curem,
1086 1461 1189 1498 non
1218 1445 1388 1497 solum
1419 1441 1543 1511 quid
1576 1440 1664 1494 ille
1697 1440 1951 1499 somniet,

366 1542 459 1593 sed
492 1548 670 1594 utrum
720 1539 1028 1592 dormiente
1071 1552 1155 1589 me
1200 1535 1402 1601 vigilet,
1454 1548 1522 1587 an
1564 1532 1815 1601 vigilante
1871 1546 1955 1583 me

359 1633 611 1696 dormiat,
640 1648 706 1686 an
735 1646 840 1684 uno
871 1630 1165 1698 eodemque
1198 1635 1438 1695 tempore
1478 1625 1756 1694 vigilemus
1774 1624 1875 1676 am‘
1898 1636 1953 1684 ο,

367 1725 482 1777 sive
521 1723 849 1775 dormiamus
890 1721 1101 1790 quando
1147 1718 1237 1771 ille
1266 1717 1530 1771 somnium
1572 1715 1714 1768 videt
1759 1713 1812 1767 in
1850 1726 1958 1781 quo

2056 521 2184 572 luta.
2221 519 2315 571 llic
2341 520 2522 587 utique
2554 526 2768 586 putatur
2797 517 2974 570 animo
3003 514 3237 570 hominis
3276 530 3486 577 curam,
3519 528 3647 581 εδει

2052 611 2188 664 sisse
2218 627 2311 676 pro
2345 611 2478 675 tilio,
2506 620 2561 662 et
2600 610 2664 661 ad
2717 624 2838 662 eum
2890 609 3103 662 venisse
3152 608 3538 670 dormientem,
3597 618 3657 659 ut

2050 701 2402 770 docensqu-td
2417 702 2695 763 ignorabat
2708 717 2897 769 magna
2915 700 3155 754 molestia
3182 701 3532 754 lberaretur:
3556 702 3655 752 sed

2054 794 2245 849 eodem
2280 794 2395 862 ipso
2420 794 2589 847 ferme
2612 803 2856 861 tempore
2880 809 2985 863 quo
3026 793 3076 846 id
3106 791 3433 854 andwimus,
3466 789 3520 843 id
3570 801 3655 842 est

2053 886 2209 940 nobis
2239 887 2375 954 apud
2406 886 2761 940 Mediolanum
2785 885 3115 949 constitutis,
3146 883 3489 949 Carthaginis
3513 882 3649 935 rhe-

2055 986 2139 1030 tor
2170 977 2445 1047 Eulogius,
2481 978 2571 1047 qui
2596 979 2815 1032 meusin
2848 977 3037 1030 eadem
3068 989 3183 1028 arte
3206 976 3289 1028 dis
3325 975 3499 1042 ipulus
3529 974 3651 1037 fuit,

2044 1069 2193 1123 sicut
2224 1069 2335 1131 ipse
2363 1069 2493 1123 mihi
2528 1079 2868 1139 posteaquam
2905 1068 2958 1121 in
2988 1068 3222 1120 Africam
3267 1065 3651 1123 ri-meavimus,

2055 1161 2276 1225 retulit,
2325 1176 2445 1213 cum
2500 1160 2799 1214 rhetoricos
2844 1159 3121 1213 Ciceronis
3170 1158 3336 1211 liliros
3376 1157 3653 1223 discipulis

2055 1251 2169 1304 suis
2210 1251 2475 1313 traderet,
2519 1265 2807 1305 recensens
2854 1250 3138 1304 lectionem
3188 1265 3345 1317 quam
3394 1249 3653 1314 postridie

2059 1346 2234 1400 fuerat
2252 1344 2564 1410 traditurus,
2590 1346 2874 1414 quemdam
2899 1346 3071 1398 locum
3090 1347 3307 1398 olleudit
3336 1348 3648 1407 olisimrnin,

2058 1452 2163 1508 quo
2193 1454 2299 1491 non
2332 1439 2607 1492 inte!le:-to
2640 1440 2723 1491 vix
2758 1437 2927 1506 potuit
2959 1437 3197 1491 dormire
3220 1438 3505 1491 sollicitus.
3534 1439 3650 1503 Qua

2062 1538 2219 1583 nocte
2240 1528 2532 1581 somnianti
2563 1542 2660 1597 ego
2702 1528 2779 1580 illi
2805 1528 2945 1596 quod
2982 1543 3085 1579 nou
3120 1525 3453 1593 inteiligebat
3478 1543 3649 1595 expu-

2058 1619 2285 1685 sui,imo
2302 1633 2404 1671 non
2422 1632 2546 1690 ego,
2571 1618 2664 1673 sed
2692 1619 2865 1687 imago
2890 1632 3028 1682 nica,
3050 1617 3319 1671 nesciente
3343 1633 3447 1683 me,
3466 1629 3521 1671 et
3543 1627 3648 1671 lattl

2062 1710 2218 1779 longe
2248 1718 2395 1763 trans
2420 1725 2569 1765 mare
2601 1710 2670 1763 ali
2694 1710 2797 1774 iuid
2831 1708 2971 1779 aliud
2996 1708 3108 1762 sive
3132 1720 3343 1777 agente,
3370 1709 3484 1763 sive
3507 1725 3653 1761 smu-

364 1833 450 1869 me
474 1817 619 1869 videt
653 1832 666 1879 ;
700 1815 824 1884 quid
856 1813 1047 1866 initum
1079 1812 1121 1865 si
1153 1811 1453 1864 nescientes
1477 1806 1694 1871 mortui,
1720 1820 1817 1859 nec
1847 1803 1945 1857 ista
1984 1795 2029 1853 Β
2058 1802 2257 1866 niante,
2286 1811 2339 1856 et
2362 1801 2489 1856 nihil
2518 1802 2586 1856 de
2616 1802 2756 1855 illius
2787 1801 2931 1855 curis
2961 1800 3184 1853 omnino
3232 1811 3479 1854 curante.
3503 1802 3649 1866 Quo-

361 1910 675 1967 :enticntes,
696 1915 871 1959 tamen
896 1920 925 1957 τι
958 1903 1260 1955 viventibus
1285 1901 1534 1954 videntur
1561 1899 1615 1951 in
1647 1896 1870 1959 somnis,
1895 1903 1949 1948 ct

358 1999 567 2067 aliquid
599 1998 784 2051 dicunt
814 1996 954 2065 quod
1001 1994 1315 2063 evigi'antes
1345 2006 1529 2045 verum
1557 2004 1677 2044 e-se
1723 2002 1945 2056 cognos-

366 2088 524 2140 cant?
554 2087 821 2156 Argolicis
855 2086 1013 2153 igitur
1032 2099 1165 2153 Oper
1185 2083 1433 2136 vtionihus
1459 2081 1571 2134 fieri
1604 2078 1945 2143 crediderim,

364 2180 481 2232 sive
513 2178 850 2246 permittatur
880 2176 1133 2244 desuper,
1181 2174 1295 2227 sive
1338 2172 1613 2243 juheatur,
1663 2179 1717 2222 nt
1748 2168 1950 2237 aliquid

370 2271 553 2324 dicere
598 2269 664 2322 de
704 2268 1023 2337 sepeliendis
1071 2264 1387 2332 corporibus
1439 2264 1550 2316 suis
1583 2261 1860 2315 videantur
1898 2260 1949 2312 in

368 2362 595 2426 somnis,
629 2377 749 2415 cum
799 2361 848 2414 id
894 2360 1104 2427 penitus
1135 2356 1375 2410 nesciant
1420 2368 1645 2423 quorum
1698 2352 1786 2407 illa
1829 2361 1955 2405 sunt

366 2467 613 2521 corpora.
642 2452 695 2506 ld
717 2461 889 2505 autem
912 2450 1199 2518 aliquando
1227 2449 1427 2502 utiliter
1458 2447 1534 2512 fit,
1568 2445 1680 2501 sive
1705 2446 1771 2498 ad
1801 2444 1951 2498 vivi»-

369 2556 487 2594 rnm
527 2542 896 2609 quaiecunque
942 2538 1217 2597 solatium,
1269 2536 1335 2590 ad
1375 2551 1512 2603 quos
1568 2536 1838 2603 pertinent
1879 2533 1953 2588 illi

369 2634 567 2687 mortui
592 2647 817 2703 quorum
835 2641 1097 2701 apparent
1120 2632 1377 2697 imagines
1399 2629 1809 2692 somniantibus,
1838 2627 1956 2681 sive

370 2733 429 2776 ut
450 2723 533 2777 his
555 2722 1006 2777 admonitionibus
1035 2721 1217 2791 generi
1240 2722 1474 2773 llUﬂl‘lllO
1495 2710 1785 2787 sepulturte
1810 2732 1957 2772 eom-

374 2817 654 2871 Inendetur
684 2816 1006 2878 humanitas,
1038 2831 1178 2885 qum.
1220 2814 1341 2869 licet
1392 2811 1655 2867 defunctis
1687 2826 1790 2865 non
1837 2811 1953 2878 opi-

372 2908 594 2972 tuletur,
646 2906 913 2977 culpanda
976 2916 1151 2960 tamen
1209 2905 1608 2974 irreligiositatc
1650 2903 1955 2972 negligitur.

372 2999 672 3067 Aliquando
697 3009 874 3054 autem
906 2998 1180 3052 fallacibus
1215 2998 1342 3050 visis
1373 2998 1618 3051 homines
1650 2997 1700 3050 in
1735 3010 1959 3066 magnos

371 3089 653 3144 mittuntur
692 3104 927 3153 errores,
961 3103 1093 3158 quos
1118 3090 1240 3144 talia
1266 3091 1467 3159 perpeti
1505 3088 1704 3159 justum
1733 3098 1843 3143 est:
1873 3102 1962 3140 ve-

373 3178 449 3231 lut
475 3180 519 3232 si
557 3181 835 3250 quisquam
863 3181 1039 3235 videat
1066 3180 1116 3234 in
1140 3183 1342 3235 somn's
1370 3181 1510 3249 quod
1540 3180 1740 3234 Aincas
1764 3179 1957 3232 vidisse
1984 3174 2027 3234 (ἶ

372 3270 508 3337 apud
563 3270 765 3325 inferos
793 3272 997 3340 poetica
1034 3271 1264 3325 falsitate
1309 3278 1577 3335 narratur,
1613 3277 1668 3325 et
1702 3271 1750 3324 ei
1781 3268 1957 3338 cujus-

374 3361 514 3429 piam
546 3375 651 3414 non
680 3363 875 3430 sepulti
923 3372 1181 3431 appareat
1215 3364 1409 3429 imago,
1448 3363 1803 3431 loquaturque
1834 3361 1957 3415 talia

375 3452 553 3521 qualia
584 3452 814 3505 refertur
844 3454 1054 3505 locutus
1085 3452 1177 3506 ille
1212 3451 1379 3507 fuisse
1410 3452 1726 3517 Palinurus;
1751 3462 1806 3507 et
1835 3466 1955 3507 cmn

374 3542 733 3610 evigilaverit,
765 3542 839 3595 ibi
869 3556 1064 3609 corpus
1085 3543 1201 3611 ejus
1225 3543 1456 3597 inveniat
1486 3544 1573 3597 ubi
1594 3544 1775 3611 jacere
1807 3544 1959 3598 inhu-

376 3645 576 3689 matum
605 3650 728 3689 cum
759 3636 1057 3689 somniaret
1083 3638 1305 3701 audivit,
1332 3637 1637 3690 admonitus
1664 3647 1716 3691 et
1741 3647 1959 3707 rogatus

372 3736 437 3782 ut
462 3727 718 3795 sepeliret
746 3728 1042 3782 inventum.
1072 3729 1134 3783 Et
1163 3730 1286 3798 quia
1310 3729 1363 3784 id
1393 3745 1576 3783 verum
1604 3745 1722 3785 esse
1744 3746 1960 3796 οοιιιροο

374 3823 466 3891 rit,
494 3822 679 3877 credat
700 3822 822 3877 ideo
847 3831 1086 3877 mortuos
1108 3823 1346 3892 sepeliri,
1374 3835 1431 3878 ut
1457 3838 1643 3879 eorum
1675 3825 1871 3877 animte
1894 3825 1960 3878 ad

376 3911 492 3966 loca
535 3920 812 3966 transeant
864 3913 1004 3967 unde
1054 3912 1441 3982 insepultorum
1488 3916 1692 3970 animas
1752 3915 1962 3968 inferna

378 4002 653 4072 prohiberi
704 4004 825 4070 lege
853 4004 1162 4057 somniavit.
1216 4003 1402 4058 Nonne
1434 4006 1531 4057 i3ta
1574 4004 1964 4076 [ita]credens

377 4096 665 4164 plurimum
694 4111 723 4151 a
755 4096 968 4150 tramite
1015 4097 1255 4150 veritatis
1293 4097 1595 4150 exorbitat?
1644 4097 1738 4152 Sic
1784 4108 1959 4151 autem

377 4188 662 4241 infirmitas
694 4190 923 4241 humana
935 4202 1055 4243 sese
1084 4188 1263 4250 habet,
1288 4196 1345 4240 ut
1368 4203 1489 4240 cum
1510 4188 1561 4241 in
1591 4187 1798 4241 somnis
1818 4188 1964 4257 quis-

376 4296 482 4350 que
506 4279 699 4335 viderit
723 4290 1013 4344 mortuum,
1046 4279 1213 4348 ipsius
1240 4282 1472 4333 animam
1503 4294 1562 4333 se
1585 4279 1769 4334 videre
1813 4278 1962 4333 arbi-

378 4383 579 4439 tretur;
610 4387 732 4427 eum
771 4380 950 4426 autem
974 4372 1149 4426 vivum
1171 4372 1419 4427 similiter
1445 4370 1818 4439 somuiaverit,
1854 4386 1960 4425 non

377 4465 493 4531 ejus
516 4465 748 4517 animant
782 4478 955 4534 neque
981 4477 1199 4530 corpus,
1241 4462 1336 4517 sed
1385 4461 1617 4517 hominis
1660 4461 1967 4516 similitudi-

379 4572 501 4611 nem
530 4556 629 4609 sibi
662 4557 973 4624 apparuisse
999 4570 1105 4608 non
1147 4553 1379 4617 dubitet,
1408 4555 1558 4621 quasi
1609 4567 1713 4606 non
1758 4553 1963 4621 possint
1996 4551 2040 4608 D

379 4660 429 4703 et
460 4659 789 4703 mortuorum
821 4650 1093 4704 hominum
1131 4647 1321 4702 eodem
1371 4646 1533 4700 modo
1583 4646 1959 4712 nescientium,

381 4756 485 4793 non
512 4740 724 4802 animae,
756 4740 849 4795 sed
880 4740 1256 4795 similitudines
1279 4753 1539 4808 apparere
1554 4737 1959 4791 dormientibus.

382 4829 486 4883 Pro
510 4839 657 4883 certo
703 4844 822 4883 cum
857 4830 1140 4885 Mediolani
1174 4844 1438 4895 essemus,
1481 4828 1780 4882 audivimus
1820 4828 1960 4897 quod

381 4933 501 4972 cum
545 4917 786 4971 debitum
836 4926 1218 4982 repeteretnra
1260 4918 1492 4988 quodam
1516 4917 1755 4972 defuncti
1800 4917 1964 4985 patris

381 5011 628 5064 cautione
647 5014 873 5076 prolata,
899 5009 1041 5078 quod
1067 5010 1178 5063 filio
1206 5012 1480 5065 nesciente
1502 5023 1530 5062 a
1555 5008 1829 5078 patrejam
1849 5008 1961 5063 fuc-

382 5112 466 5156 rat
494 5102 845 5172 persolutum,
874 5102 1180 5155 contristari
1225 5103 1387 5157 homo
1413 5103 1734 5172 gravissime
1774 5102 1960 5169 cmpit,

384 5202 546 5264 atque
568 5194 752 5247 mirari
774 5193 916 5262 quod
948 5193 998 5248 ei
1036 5202 1185 5261 pater
1214 5193 1453 5249 moriens
1473 5208 1579 5248 non
1610 5193 1810 5249 dixerit
1838 5192 1964 5262 quid

382 5285 623 5346 deberet.
666 5302 788 5340 cum
829 5283 1051 5340 fecisset
1094 5283 1255 5339 etiam
1285 5293 1660 5341 testamentum
1692 5303 1707 5340 :
1745 5294 1873 5341 tunc
1914 5288 1962 5342 ei

385 5375 587 5447 [nimis]
611 5377 772 5433 anxio
801 5379 1048 5446 apparuit
1089 5376 1226 5431 idem
1272 5384 1425 5444 pater
1463 5377 1583 5447 ejus
1638 5378 1691 5432 in
1734 5379 1961 5444 somnis,

384 5477 436 5522 et
464 5469 550 5523 ubi
582 5478 724 5524 esset
750 5468 1085 5540 [repositum]
1118 5476 1398 5523 recautum
1429 5483 1534 5537 quo
1558 5469 1643 5523 illa
1665 5470 1845 5526 cautio
1874 5485 1968 5523 va-

386 5572 540 5616 cuata
571 5562 763 5628 fuerat,
800 5563 1094 5618 indicavit:
1136 5578 1243 5633 quo
1287 5563 1506 5617 invento
1552 5565 1766 5632 juvenfs
1810 5575 1970 5634 atque

388 5667 702 5719 monstrato,
735 5674 841 5713 non
859 5661 1034 5714 solum
1059 5658 1177 5714 falsi
1208 5660 1374 5715 debiti
1406 5659 1725 5715 calumniam
1756 5660 1970 5727 propul-

389 5749 546 5813 savit,
578 5750 669 5805 sed
700 5752 858 5804 etiam
882 5753 991 5822 79
1008 5763 1287 5821 paternum
1321 5754 1521 5824 recepit
1550 5753 1966 5823 chirographum

2053 1895 2214 1949 modo
2253 1895 2381 1948 fiant
2415 1896 2515 1949 ista
2559 1896 2763 1958 nescio,
2795 1895 2887 1948 sed
2921 1892 3326 1963 quomodolibet
3375 1892 3521 1955 fiant,
3556 1910 3651 1945 enr

2058 2001 2163 2039 non
2197 1986 2385 2041 eodem
2416 1986 2575 2039 modo
2601 1985 2713 2038 ﬁeri
2738 1984 3007 2037 credimus
3032 1983 3161 2036 utin
3192 1983 3396 2036 somnis
3424 1983 3651 2052 quisq-ie

2054 2076 2234 2129 videat
2288 2084 2598 2143 mortuum,
2668 2075 2934 2141 quomodo
2992 2073 3052 2127 fit
3103 2084 3160 2127 ut
3211 2074 3387 2127 videat
3460 2082 3515 2126 et
3577 2077 3653 2124 vi-

2055 2169 2221 2222 vum?
2243 2168 2502 2221 ambobus
2531 2167 2716 2235 utique
2747 2166 3110 2220 nescientibus
3135 2179 3306 2233 neque
3334 2165 3648 2219 curantibus

2055 2259 2178 2327 quis
2206 2258 2291 2312 vel
2323 2258 2436 2323 ubi,
2485 2258 2569 2311 vel
2602 2259 2815 2326 quando
2860 2271 3046 2310 eorum
3085 2256 3345 2323 imagines
3394 2257 3584 2307 somni:
3608 2264 3646 2308 t.

2054 2351 2261 2407 Similia
2292 2360 2416 2405 sunt
2445 2359 2622 2403 autem
2650 2349 2873 2403 s'unniis
2906 2348 3157 2400 nonnulla
3177 2346 3338 2400 etiam
3366 2347 3475 2399 visa
3514 2346 3617 2416 vigi
3636 2378 3651 2385 -

2057 2445 2277 2499 lantium
2293 2444 2378 2513 qui
2397 2443 2636 2496 turbatos
2660 2442 2849 2496 habent
2870 2455 3081 2503 sensus,
3097 2440 3237 2493 sicut
3254 2439 3547 2508 phrenetici
3570 2443 3649 2494 vel

2055 2550 2372 2607 quoi'nnque
2389 2536 2622 2588 furentes
2638 2534 2797 2587 mulo
2817 2551 2828 2583 :
2852 2550 2971 2586 nam
2987 2543 3041 2586 et
3056 2532 3153 2599 ipsi
3168 2532 3288 2601 loqu
3300 2542 3456 2585 untur
3471 2549 3651 2586 secum

2057 2628 2206 2696 quasi
2241 2641 2367 2681 vere
2389 2626 2738 2695 prresentihus
2762 2626 3065 2693 loquantur,
3085 2633 3135 2677 et
3151 2630 3255 2676 tam
3273 2640 3392 2678 cum
3417 2625 3653 2678 absenti-

2058 2721 2155 2775 bus
2180 2737 2334 2790 quam
2358 2735 2479 2775 eum
2509 2721 2857 2789 praesentibus
2869 2738 3096 2792 quorum
3118 2722 3380 2794 imagines
3401 2736 3649 2785 cernunt,

2058 2816 2171 2868 sive
2194 2816 2458 2878 vivorum,
2486 2815 2602 2868 sive
2627 2824 2955 2869 mortuorum
2975 2834 2985 2867 :
3003 2816 3096 2869 sed
3122 2815 3568 2885 quemadmodum
3604 2817 3653 2869 hi

2058 2904 2149 2974 qui
2175 2903 2356 2957 vivunt
2386 2906 2453 2958 ab
2474 2906 2552 2959 eis
2575 2920 2631 2959 se
2647 2904 2812 2958 videri
2841 2917 2890 2961 et
2921 2920 3040 2959 cum
3058 2906 3137 2960 eis
3150 2919 3210 2960 se
3232 2906 3373 2975 loqui
3409 2907 3654 2959 nesciunt

2061 2999 2267 3068 (neque
2294 3000 2438 3051 enim
2467 3012 2647 3051 revera
2676 2998 2774 3066 ipsi
2806 2997 3021 3063 adsunt,
3049 3007 3138 3050 aut
3162 2998 3259 3065 ipsi
3284 2999 3647 3051 sermocinan-

2063 3100 2167 3153 tur,
2185 3091 2275 3143 sed
2293 3089 2518 3143 turbatis
2536 3089 2784 3143 sensibus
2801 3089 3048 3144 homines
3065 3090 3187 3143 talia
3203 3090 3314 3142 visa
3343 3090 3654 3159 imaginarfa

2063 3180 2388 3249 patiuntur),
2426 3196 2491 3234 eo
2522 3181 2679 3234 modo
2710 3190 2764 3236 et
2796 3182 2847 3235 hi
2886 3181 2973 3249 qui
2995 3196 3058 3235 ex
3094 3181 3193 3235 hac
3212 3184 3313 3235 vita
3333 3182 3652 3251 migrarunt,

2063 3275 2142 3327 sic
2169 3272 2376 3329 affectis
2406 3273 2714 3328 hominibus
2740 3274 2988 3328 videntur
3010 3276 3158 3343 quasi
3187 3283 3504 3342 prmsentes.
3532 3290 3653 3329 cum

2062 3366 2170 3421 sint
2187 3366 2459 3427 absentes.
2480 3373 2533 3419 et
2562 3374 2736 3419 utrum
2756 3364 2916 3434 aliqui
2933 3380 3027 3419 eos
3050 3364 3413 3434 imaginalitcr
3436 3365 3653 3417 videant

2063 3456 2286 3510 omnino
2316 3457 2641 3510 nescientes.
2680 3455 2814 3510 lluic
2839 3456 2916 3509 rei
2943 3456 3118 3510 simile
3149 3466 3233 3510 est
3262 3466 3317 3510 et
3348 3456 3503 3521 illud,
3534 3473 3654 3509 cum

2065 3546 2315 3601 homines
2343 3548 2503 3601 altius
2533 3562 2691 3618 quam
2720 3548 2761 3602 si
2791 3547 3091 3602 dormirent
3115 3548 3505 3602 subtrahuntur
3534 3566 3653 3601 eor-

2064 3639 2210 3707 poris
2256 3640 2521 3705 sensibus,
2569 3647 2623 3693 et
2669 3649 3000 3708 occupantur
3049 3638 3246 3693 talibus
3290 3638 3450 3691 visis:
3482 3648 3534 3691 et
3578 3639 3655 3690 tis

2065 3732 2210 3787 enim
2237 3739 2496 3800 apparent
2528 3733 2786 3802 imagines
2816 3733 3061 3787 vivorum
3113 3742 3277 3799 atque
3300 3743 3651 3791 mortuorum,

2064 3825 2157 3879 sed
2180 3838 2302 3877 cum
2321 3823 2518 3879 fuerint
2538 3824 2783 3880 sensibus
2806 3823 3020 3887 redditi,
3039 3838 3387 3891 quoscunque
3415 3833 3653 3875 murinus

2065 3916 2265 3971 vidisse
2290 3932 2347 3971 se
2364 3916 2621 3981 dixerint,
2646 3932 2771 3972 vere
2812 3932 2934 3971 cum
2987 3918 3065 3972 cis
3111 3916 3277 3970 fuisse
3326 3918 3649 3972 creduntur:

2067 4023 2168 4063 nec
2198 4010 2476 4063 attendunt
2511 4009 2599 4079 qui
2635 4012 2747 4064 ιιιιξε
2777 4011 3019 4073 audiunt,
3048 4009 3299 4063 similiter
3352 4010 3419 4062 ab
3434 4010 3512 4063 eis
3560 4011 3653 4061 ah-

2066 4101 2300 4156 sentiam
2324 4110 2483 4170 atque
2515 4102 2866 4156 nescientium
2892 4101 3248 4169 quorumdam
3278 4103 3438 4154 etiam
3474 4100 3655 4169 iinagia

2069 4209 2165 4248 nes
2190 4194 2332 4249 visas
2362 4209 2484 4248 esse
2516 4194 2781 4248 vivorum.
2814 4193 2889 4248 lbi
2912 4192 3409 4263 crgosuntspiritns
3436 4192 3656 4245 defunc-

2069 4293 2266 4348 torum,
2297 4283 2383 4337 ubi
2418 4299 2521 4337 non
2554 4282 2734 4336 vident
2783 4298 3117 4353 quaecunque
3161 4293 3394 4353 aguntur
3424 4291 3511 4335 aut
3534 4298 3656 4336 eve-

2069 4377 2220 4430 niunt
2251 4377 2301 4429 in
2347 4375 2446 4429 ista
2490 4377 2593 4430 vita
2626 4375 2932 4430 hominibus
2961 4392 2977 4431 :
3013 4376 3245 4445 quomod
3271 4395 3281 4422 ι
3311 4391 3442 4444 ergo
3472 4375 3653 4428 vident

2071 4470 2304 4523 tumulos
2333 4483 2460 4523 suos
2492 4479 2576 4521 aut
2611 4482 2838 4527 certiora
2863 4484 2956 4521 sua
2990 4479 3164 4521 nfrum
3207 4465 3416 4535 alijecta
3447 4468 3657 4531 javeant

2068 4579 2132 4616 an
2158 4562 2396 4632 sepn’ta?
2414 4559 2681 4632 quomodo
2705 4560 2969 4614 intersunt
2995 4558 3222 4611 miserim
3248 4558 3511 4619 vivorum,
3535 4575 3654 4609 cum

2068 4655 2150 4707 vel
2177 4670 2267 4706 sua
2302 4653 2400 4723 ipsi
2430 4654 2566 4706 mila
2598 4653 2889 4717 patiantur,
2921 4652 2965 4704 si
3000 4651 3120 4703 talia
3154 4649 3345 4703 merita
3374 4664 3420 4703 ci
3446 4658 3656 4702 utrave-

2069 4755 2214 4810 rnnt,
2248 4746 2327 4799 vel
2362 4745 2413 4799 in
2454 4759 2581 4811 pace
2609 4744 2968 4812 requ‘cscant,
3012 4740 3151 4795 sicut
3180 4739 3306 4793 huic
3336 4738 3501 4791 .losize
3532 4754 3655 4807 pro-

2070 4839 2289 4894 missum
2321 4848 2425 4902 est,
2452 4838 2538 4892 ubi
2568 4838 2704 4890 mala
2738 4836 2844 4890 ul'a
2877 4850 2976 4890 nec
3006 4833 3281 4904 patiendo,
3317 4847 3417 4887 nec
3444 4848 3647 4900 eompa.

2071 4929 2254 4984 tiendo
2299 4931 2628 4992 sustineant,
2686 4927 2896 4981 liberati
2939 4926 3007 4980 ab
3050 4924 3303 4978 omnibus
3334 4924 3489 4977 malis
3539 4939 3655 4991 qua:

2070 5021 2178 5089 pati
2216 5020 2320 5072 nilo
2351 5028 2403 5073 et
2434 5017 2811 5087 contpatiendo
2857 5030 2975 5069 cum
3012 5012 3095 5068 hic
3142 5017 3384 5066 viverent
3430 5010 3658 5066 sustine.

2070 5113 2243 5166 bant?
2275 5111 2477 5164 Dixerit
2505 5110 2695 5177 aliquis
2728 5126 2738 5160 :
2765 5108 2821 5162 Si
2847 5107 2988 5160 nulla
3014 5115 3097 5159 est
3138 5105 3363 5158 mortuis
3419 5118 3549 5157 cura
3592 5103 3656 5155 de

2068 5204 2225 5268 vivis,
2254 5201 2631 5271 quomodoille
2660 5200 2811 5252 dives
2840 5197 2926 5265 qui
2953 5195 3094 5265 apud
3126 5193 3329 5249 inferos
3365 5192 3654 5262 torqueba-

2070 5306 2155 5349 tur
2186 5296 2407 5363 rogabat
2438 5292 2704 5344 Abraham
2740 5297 2942 5357 patrem
2994 5292 3055 5339 ut
3092 5285 3270 5338 mittat
3304 5283 3565 5337 Lazarum
3592 5279 3654 5333 ad

2066 5391 2307 5460 quinque
2337 5386 2530 5440 fratres
2552 5398 2703 5445 suos,
2732 5381 2965 5434 nondum
2997 5387 3260 5438 mortuos,
3293 5386 3346 5430 et
3377 5384 3505 5444 agat
3538 5388 3652 5427 eum

2073 5484 2152 5537 eis
2183 5495 2251 5535 ne
2284 5479 2502 5532 veniant
2547 5486 2597 5531 et
2626 5475 2725 5545 ipsi
2758 5477 2808 5528 in
2840 5470 3089 5525 eumdem
3139 5478 3533 5523 tormentomm
3580 5465 3653 5519 lo-

2074 5588 2194 5625 cum
2221 5570 2242 5621 ?
2271 5569 2373 5622 Sed
2412 5567 2652 5637 nunquid
2685 5565 2810 5632 quia
2853 5562 2956 5615 hoc
3004 5560 3097 5614 ille
3142 5559 3294 5612 dives
3339 5556 3495 5621 dixit,
3540 5556 3653 5609 ideo

2074 5662 2198 5732 quid
2232 5662 2420 5714 fratres
2450 5667 2671 5728 agerent
2695 5656 2777 5710 vel
2810 5653 2932 5723 quid
2957 5661 3266 5732 paterentur
3295 5648 3388 5702 illo
3420 5658 3655 5713 tempore

2075 5755 2261 5809 scivit?
2290 5755 2360 5807 Ita
2394 5752 2467 5805 illi
2502 5752 2595 5805 fuit
2639 5765 2763 5803 cura
2797 5749 2861 5799 de
2894 5728 3318 5812 vivis'fqtntnvis
3368 5742 3491 5808 quid
3536 5751 3653 5807 age-
