4020 6190
287 294 426 349 «1025

279 504 345 552 de.
389 506 631 565 mortuis,
668 504 910 570 quamvis
959 504 1084 572 quid
1113 514 1273 576 agant
1304 508 1484 573 utique
1532 508 1833 562 nesciamus
1864 528 1876 561 :

280 608 403 643 nam
427 593 472 644 si
495 593 623 646 nihil
642 596 708 646 de
727 593 950 649 mortuis
976 610 1310 661 curarenms,
1334 612 1437 650 non
1457 598 1637 667 utique
1662 614 1755 668 pro
1779 601 1884 653 illis

255 682 395 741 .De»
421 682 873 751 supplicarentus.

817 773 1043 830 CAPUT
1084 774 1349 831 CCCVlll.

283 860 473 935 Utrm-r
515 874 762 933 martyres
804 867 858 918 in
890 867 1146 935 beneﬁciis
1191 884 1305 934 qum
1346 884 1521 920 eorum
1562 868 1879 921 orationibus

342 933 677 998 conferuntur
694 955 700 969 ι
711 937 786 998 psi
805 933 1042 991 interesse
1059 933 1301 991 credendi
1316 948 1432 991 sunt
1448 939 1594 991 rebus
1605 938 1843 991 humanis
1860 958 1877 1004 ;

353 1019 420 1055 ra:
452 1005 581 1056 libro
606 1008 809 1060 eadem.

359 1093 586 1147 Proinde
609 1094 879 1150 fatendum
902 1106 985 1152 est
1007 1100 1214 1155 nescire
1238 1100 1453 1169 quidem
1478 1110 1719 1156 mortuos
1746 1100 1875 1170 quid

280 1185 371 1237 hic
402 1195 611 1253 agatur,
653 1187 746 1242 sed
779 1189 905 1243 dum
950 1189 1035 1245 hic
1065 1192 1275 1260 agitur:
1312 1202 1495 1263 postea
1518 1208 1648 1248 vero
1690 1194 1877 1248 audire

284 1274 355 1325 ab
385 1274 464 1327 eis
489 1275 580 1343 qui
611 1276 733 1330 hinc
765 1277 831 1331 ad
863 1293 958 1333 eos
980 1280 1259 1336 moriendo
1298 1292 1547 1352 pergunt,
1610 1298 1716 1337 non
1759 1283 1876 1353 qui-

274 1367 404 1421 dem
437 1369 640 1435 omnia,
680 1370 773 1425 sed
799 1386 919 1441 quae
947 1372 1195 1428 sinuntur
1224 1375 1464 1431 indicare
1494 1378 1584 1446 qui
1625 1378 1875 1432 sinuntur

274 1460 443 1511 etiam
473 1459 572 1513 ista
606 1464 939 1528 meminisse,
969 1472 1023 1517 et
1050 1479 1169 1534 qua:
1209 1465 1331 1521 illos
1358 1467 1552 1536 quibus
1592 1465 1706 1521 bzrc
1736 1466 1873 1521 indi-

274 1558 405 1601 cant
434 1559 646 1617 oportet
676 1552 883 1607 audire.
918 1551 1149 1608 Possunt
1171 1563 1227 1610 et
1247 1555 1314 1610 ab
1340 1557 1544 1626 angelis
1573 1557 1666 1627 qui
1712 1558 1871 1614 rebus

271 1654 398 1707 qua:
429 1649 657 1708 aguntur
686 1641 771 1696 hic
795 1652 992 1713 prmsto
1022 1654 1148 1698 sunt
1191 1646 1377 1702 audire
1404 1648 1605 1718 aliquid
1651 1649 1869 1714 mortui,

272 1730 420 1798 quod
452 1747 886 1803 unumquemque
918 1734 1129 1788 illorum
1152 1736 1340 1792 audire
1380 1738 1577 1794 debere
1641 1740 1867 1809 judicat,

1480 300 1921 357 TllESAUIlUS.
1965 303 2117 359 CAP.
2162 306 2384 362 CCCIX.

281 415 403 460 rent
428 408 647 460 omnino
680 410 929 473 nesciret,
964 409 1415 479 quemadmodum
1451 413 1603 465 nobis
1634 424 1715 466 est
1744 431 1869 468 cura
1905 419 1952 476 Α
1982 432 2115 486 quos
2147 433 2240 486 per
2275 436 2367 471 cos
2390 434 2603 475 rertttm
2635 432 2719 476 est
2762 423 3003 494 adjuvari

3434 324 3567 381 1016

3052 446 3061 479 :
3118 437 3292 483 utt‘ttm
3346 433 3441 501 ipsi
3476 454 3568 504 per

1985 509 2189 574 scipsos
2214 510 2388 563 adsint
2420 527 2524 564 uno
2549 520 2789 582 tempore
2822 525 2925 568 tam
2953 517 3179 572 diversis
3197 520 3328 575 locis
3345 534 3400 577 et
3423 537 3565 581 tanta

1986 599 2122 651 inter
2152 615 2210 652 se
2242 600 2630 670 longinquitate
2656 603 2925 672 discretis,
2958 607 3072 660 sive.
3110 610 3196 663 ubi
3230 624 3355 666 sunt
3377 631 3563 672 eorum
3629 623 3632 627 ’

1984 688 2279 755 memoriae,
2336 691 2449 743 sive
2504 706 2698 761 prteter
2745 710 2870 748 suas
2924 701 3211 755 memorias
3266 704 3571 781 ubicunque

1982 781 2168 834 adc~sc
2197 783 2531 849 sentiuntur;
2558 801 2624 839 an
2659 787 2782 854 ipsis
2812 790 2861 841 in
2894 790 3013 843 loco
3043 793 3155 845 suis
3196 799 3400 850 meritis
3428 815 3559 852 cun-

1981 885 2114 939 grno
2140 871 2208 925 ab
2228 873 2372 926 omni
2417 877 2718 929 mortalium
2766 883 3173 934 tOlll’Cl‘StllOllr‘.
3218 888 3463 952 semotis,
3518 899 3575 943 et

1983 973 2158 1016 tamen
2209 966 2534 1033 generaliter
2572 970 2908 1023 orationibus
2932 971 3254 1045 [orantihu.]
3287 992 3383 1045 pro
3433 980 3568 1034 indi-

1978 1054 2150 1122 gentia
2183 1056 2614 1125 supplicantium,
2638 1060 2777 1113 sicut
2815 1076 2914 1115 nos
2942 1079 3155 1119 oramus
3187 1084 3281 1133 pro
3313 1072 3563 1136 mortuis,

1979 1149 2171 1211 quibus
2196 1151 2378 1219 utique
2395 1167 2498 1204 non
2524 1164 2932 1220 pragsentamur,
2963 1172 3059 1210 nec
3084 1160 3168 1211 uhi
3195 1161 3301 1214 sint
3332 1164 3409 1216 vi-l
3438 1164 3565 1232 quid

1979 1251 2140 1310 agant
2173 1241 2404 1309 scimus,
2442 1242 2585 1297 Deus
2621 1246 2966 1314 omnipotens
2989 1251 3077 1318 qui
3108 1259 3190 1304 est
3216 1255 3328 1323 30
3372 1256 3568 1324 ubique

1980 1345 2240 1399 praesens,
2266 1347 2363 1386 nec
2387 1344 2673 1388 concretus
2706 1336 2879 1400 nobis,
2912 1354 3012 1393 nec
3045 1353 3282 1395 remotus
3312 1360 3339 1396 a
3386 1346 3566 1411 nobis,

1976 1423 2270 1477 exaudiens
2299 1434 2592 1494 martyaum
2620 1443 2828 1493 preces,
2865 1445 2957 1498 per
2985 1433 3223 1502 angelica
3256 1437 3553 1493 ministeria

1976 1530 2357 1587 usquequaque
2392 1518 2581 1572 diﬁ'usa
2613 1522 2848 1587 pratbcat
2888 1523 3193 1581 hominibus
3225 1528 3323 1581 ista
3349 1530 3567 1594 solatia,

1975 1607 2171 1676 quibus
2201 1609 2251 1663 in
2284 1609 2440 1679 hujus
2469 1612 2588 1666 vita:
2613 1612 2825 1667 mi~eria
2846 1615 3048 1684 jndicat
3104 1633 3225 1674 esse
3254 1622 3566 1689 pra-bendo,

1975 1712 2028 1755 et
2075 1714 2294 1755 suorum
2322 1703 2512 1757 merita
2545 1715 2837 1777 martyrum
2881 1709 2972 1762 ubi
3011 1710 3140 1776 vult,
3173 1714 3387 1781 quando
3437 1718 3572 1781 vult,

271 1795 361 1875 cui
400 1833 589 1875 cuncta
619 1795 855 1894 subjecta
887 1835 1030 1902 sunt.
1061 1825 1172 1881 Nisi
1201 1828 1345 1882 enim
1374 1840 1557 1885 essent
1583 1795 1866 1901 aligeliqui
1903 1802 1948 1861 Β
1979 1795 2246 1902 αξιθιηίῖἀο
2268 1796 2764 1902 '""t_'“a"".‘_°“"e
2785 1808 3388 1902 '.e.'e°T“mf'.‘e'"°.”“‘
3414 1807 3573 1902 i,".“°“

274 1914 489 1981 possint
529 1916 789 1973 interesse
828 1918 1067 1973 vivorum
1096 1928 1151 1974 et
1198 1929 1534 1976 mortuorum
1568 1924 1722 1988 locis,
1769 1939 1876 1978 non

272 2004 508 2062 dixisset
538 2006 793 2061 Dominus
820 2006 1004 2064 Jesus:
1030 2009 1265 2081 Contigit
1286 2022 1467 2065 autem
1498 2014 1632 2067 mori
1656 2016 1873 2083 inopem

277 2098 450 2159 illum,
476 2106 533 2152 et
555 2098 731 2151 εισι-ι’τὶ
766 2099 835 2152 ab
874 2101 1078 2171 angelis
1108 2101 1158 2153 in
1199 2102 1377 2156 sinum
1424 2104 1675 2160 Abrahae.
1728 2105 1879 2161 Nunc

277 2205 411 2259 ergo
465 2189 583 2254 hic,
635 2206 776 2245 nunc
827 2191 898 2246 ibi
947 2206 1066 2246 esse
1114 2201 1402 2261 potuerunt
1439 2195 1528 2263 qui
1579 2195 1702 2250 hinc
1750 2196 1878 2251 illuc

274 2294 437 2347 quem
470 2278 613 2334 Deus
662 2281 833 2335 Voluit
861 2282 1217 2337 abstulerunt.
1252 2284 1482 2338 Possunt
1513 2286 1676 2341 etiam
1708 2288 1870 2357 spiri-

274 2378 363 2421 tus
397 2384 727 2425 marmorum
755 2370 931 2441 aliqua
962 2389 1080 2441 qua;
1108 2372 1195 2427 hic
1216 2383 1447 2444 aguntur
1466 2391 1585 2445 quae
1616 2391 1864 2432 necessa-

272 2463 413 2511 rLuin
437 2470 521 2515 est
547 2476 642 2516 eos
660 2476 837 2525 nosse,
869 2472 1078 2532 etquos
1109 2467 1472 2520 necessarium
1497 2479 1575 2521 ρει
1612 2482 1672 2521 ea
1704 2483 1866 2522 nosse

274 2552 351 2621 [et
382 2570 501 2622 quae
524 2556 887 2610 necessarium
918 2571 1023 2610 non
1052 2567 1135 2613 est
1164 2573 1259 2613 eos
1287 2574 1391 2611 non
1424 2558 1627 2629 nosse].
1657 2575 1763 2615 non
1790 2575 1878 2615 so-

274 2646 388 2699 lum
414 2648 698 2715 przesentia
722 2649 803 2703 vel
826 2650 1119 2719 praeterita,
1139 2666 1323 2706 verum
1354 2652 1515 2706 etiam
1545 2651 1742 2721 futura,
1757 2655 1877 2724 Spi-

273 2738 383 2792 ritu
416 2738 509 2794 Dei
544 2742 841 2806 revelante,
866 2758 1236 2812 cognoscere;
1268 2744 1406 2800 sicut
1434 2761 1537 2800 non
1565 2762 1755 2802 omnes
1780 2750 1875 2802 ho—

275 2828 481 2894 mines,
513 2830 607 2883 sed
634 2830 910 2899 prophetae
927 2833 1054 2886 dum
1082 2832 1166 2887 hic
1193 2837 1435 2889 viterent
1454 2838 1871 2906 cognosci-bant,

277 2933 381 2970 nee.
410 2918 509 2986 ipsi
540 2920 744 2986 omnia,
771 2921 864 2976 sed
896 2938 1015 2991 quae
1038 2922 1143 2977 illis
1159 2938 1283 2979 esse
1310 2926 1599 2981 revelanda
1628 2928 1719 2983 Dei
1752 2945 1876 2999 pro-

278 3009 516 3063 videntia
544 3011 838 3076 judicabat.
871 3012 1003 3067 Mitti
1037 3030 1250 3084 quoque
1276 3018 1340 3070 ad
1388 3018 1539 3072 vivos
1568 3018 1780 3090 aliquos
1807 3036 1874 3075 ex

278 3102 529 3168 mortuis,
560 3104 699 3158 sicut
726 3119 755 3157 e
778 3106 1049 3159 contrario
1082 3105 1275 3162 Paulus
1317 3122 1382 3163 ex
1412 3110 1548 3165 vivis
1576 3110 1628 3165 in
1660 3115 1874 3183 paradi-

278 3207 399 3246 sum
428 3204 614 3262 raptus
642 3205 746 3261 est,
802 3195 980 3250 divina
1014 3196 1290 3266 Scriptura
1337 3208 1584 3256 testatur.
1636 3202 1769 3257 lltnc
1817 3216 1872 3259 et

281 3286 367 3337 i.la
391 3286 617 3340 solvitur
636 3289 881 3356 qua-stin,
905 3302 1135 3357 quonam
1160 3288 1320 3343 modo
1345 3303 1607 3361 martyres
1630 3293 1760 3360 ipsis
1786 3296 1876 3350 be-

284 3377 498 3432 neﬁciis
524 3395 643 3449 qua:
681 3379 881 3434 dantur
922 3383 1203 3437 orantibus
1233 3382 1471 3437 indicant
1517 3398 1578 3438 se
1618 3386 1878 3441 interesse

282 3470 446 3525 rebus
474 3471 744 3538 humanis,
774 3471 821 3526 si
863 3473 1108 3527 nesciunt
1149 3473 1341 3529 mortui
1381 3476 1506 3545 quid
1540 3486 1703 3545 agunt
1746 3480 1875 3532 vivi.

286 3562 406 3617 Non
439 3563 582 3618 enim
612 3564 742 3618 solis
770 3564 1151 3619 beneﬁciorum
1192 3566 1496 3630 effectibus,
1534 3583 1718 3623 verum
1749 3569 1879 3635 ipsis

279 3658 446 3710 etiam
479 3660 753 3711 hominum
784 3659 1093 3727 aspectibus
1135 3659 1503 3714 confessorem
1562 3663 1879 3730 apparuisse

280 3750 540 3813 Felicem,
562 3751 716 3820 cujus
746 3751 1119 3821 inquilinatum
1154 3752 1241 3821 pic
1281 3752 1480 3821 dilig‘s,
1513 3768 1634 3807 cum
1668 3770 1703 3806 a
1755 3756 1877 3809 bar-

286 3840 439 3894 haris
468 3840 595 3894 Nola
618 3850 1037 3911 oppugnaretur,
1068 3842 1365 3895 audivimus
1388 3858 1495 3895 non
1519 3842 1738 3896 incertis
1782 3859 1874 3896 rn-

280 3933 547 3993 moribus.
588 3933 683 3986 sed
737 3934 967 3987 testibus
1010 3933 1193 3987 certis.
1231 3932 1425 3986 Verum
1472 3934 1571 3987 ista
1621 3933 1879 3989 divinitus

281 4026 610 4080 exhibentur
631 4027 786 4096 longe
807 4027 963 4081 aliter
990 4041 1146 4095 quam
1171 4040 1291 4081 sese
1316 4027 1471 4080 habet
1495 4028 1721 4082 usitatus
1746 4028 1880 4081 ordo

278 4117 511 4187 singulis
536 4126 901 4172 creaturarum
928 4116 1213 4186 generibus
1240 4116 1556 4172 attributus.
1589 4116 1706 4171 Non
1735 4118 1878 4171 enim

278 4209 408 4273 quia
438 4207 490 4261 in
510 4209 689 4262 vinum
719 4223 856 4277 aqua
886 4223 1006 4262 cum
1032 4207 1198 4263 voluit
1227 4208 1484 4262 Dominus
1511 4218 1729 4275 repente
1752 4226 1883 4263 con-

282 4313 442 4352 versa
474 4308 581 4363 cst,
616 4298 735 4353 ideo
760 4313 866 4354 non
893 4298 1155 4354 debemus
1182 4298 1307 4367 quid
1331 4313 1465 4368 aqua
1496 4300 1668 4353 valeat
1693 4301 1744 4354 in
1768 4302 1880 4355 ele-

282 4402 591 4447 mentorum
622 4393 811 4448 ordine
834 4393 1073 4461 proprio,
1104 4394 1171 4447 ab
1200 4392 1354 4447 istius
1383 4392 1549 4447 divini
1579 4393 1761 4461 operis
1792 4408 1877 4448 ra-

282 4486 472 4547 ritate,
505 4486 586 4540 vel
618 4486 797 4554 potius
833 4485 1205 4555 singularitate
1242 4485 1549 4540 discernere
1576 4503 1587 4537 :
1616 4500 1714 4539 nec
1746 4501 1882 4555 quo-

281 4577 430 4628 niam
461 4575 693 4630 Lazarus
713 4577 1026 4639 resurrexit,
1050 4575 1173 4630 ideo
1198 4583 1442 4629 mortuus
1463 4576 1638 4628 omnis
1666 4575 1880 4645 quando

282 4665 403 4717 vult
440 4666 691 4733 resurgit,
720 4672 812 4718 aut
837 4647 914 4720 eo.
935 4664 1095 4718 modo
1134 4663 1398 4718 exanimis
1428 4678 1455 4716 a
1498 4664 1711 4719 vivente
1740 4680 1877 4733 quo-

284 4754 454 4807 modo
486 4768 518 4806 a
548 4754 803 4821 vigilante
852 4754 1131 4809 dormiens
1173 4752 1459 4808 excitatur.
1515 4755 1619 4807 Alli
1660 4753 1883 4826 [itaque]

281 4853 414 4897 siint
432 4843 783 4897 humanarum
809 4843 1009 4898 limites
1036 4858 1243 4907 rerum,
1267 4843 1369 4897 alia
1398 4843 1701 4897 divinarum
1729 4846 1880 4912 signa

278 4936 587 4997 virtutum;
622 4934 725 4986 alia
748 4943 871 4987 sunt
894 4949 1017 5004 qute
1062 4934 1404 4997 naturaliter.
1438 4935 1539 4989 alia
1569 4951 1688 5005 quae
1719 4938 1882 4989 mira-

281 5025 471 5079 biliter
500 5024 663 5079 ﬁunt:
693 5028 938 5095 quamvis
963 5036 1017 5080 et
1048 5034 1251 5080 natura:
1274 5026 1418 5080 Deus
1444 5026 1584 5080 adsit
1612 5038 1669 5080 ut
1698 5028 1789 5093 sit,
1824 5038 1880 5083 et

286 5118 570 5173 miraculis
606 5127 796 5173 natura
836 5134 939 5172 non
988 5119 1147 5174 desit.
1180 5119 1292 5173 Non
1337 5120 1498 5190 igitur
1527 5121 1650 5175 ideo
1691 5131 1882 5191 putanc

231 5250 249 5287 ᾗ
284 5211 419 5262 dum
448 5217 535 5263 est
581 5208 821 5263 vivorum
869 5210 1030 5265 rebus
1076 5209 1347 5280 quoslibet
1406 5211 1671 5267 interesse
1723 5227 1881 5282 posse

248 5290 598 5367 ‘delnnctos,
648 5303 899 5369 quoniam
946 5302 1262 5373 quibusdam
1295 5302 1549 5357 sanandis
1596 5304 1680 5358 vel
1726 5304 1879 5373 adju-

288 5395 483 5448 vandis
514 5405 773 5466 martyres
804 5397 1024 5463 adsunt;
1066 5397 1159 5453 sed
1200 5397 1321 5452 ideo
1361 5397 1538 5465 potius
1588 5398 1885 5467 intelligen-

289 5484 422 5538 dum
448 5497 526 5538 est
552 5486 693 5555 quod
720 5502 813 5555 per
842 5487 1082 5542 Divinam
1116 5486 1409 5557 potentiam
1434 5496 1699 5557 martyres
1731 5488 1883 5541 vivo-

292 5592 415 5632 rum
457 5577 617 5631 rebus
648 5581 937 5645 intersunt,
966 5580 1217 5649 quoniam
1248 5575 1487 5633 defuncti
1513 5594 1610 5648 per
1640 5588 1884 5634 naturam

297 5670 570 5739 propriam
627 5671 870 5726 vivorum
936 5670 1100 5725 rebus
1167 5671 1430 5724 interesse
1483 5684 1588 5723 non
1643 5678 1886 5738 possunt.

300 5765 616 5826 Quanquam
641 5763 740 5814 ista
772 5762 1001 5829 quaestio
1025 5763 1166 5818 vires
1196 5759 1569 5827 intelligentiae
1601 5776 1733 5814 mete
1762 5763 1891 5818 vicit

310 5851 548 5923 [κίθαριιῆ
592 5856 1039 5924 quemadmodum
1104 5855 1432 5927 opitulentur
1497 5864 1758 5923 martyres
1808 5854 1889 5916 his

1983 1888 2122 1941 niam
2153 1888 2254 1942 hoc
2281 1890 2425 1943 novit
2446 1890 2701 1958 expedire
2730 1894 2883 1947 nobis
2908 1894 2975 1948 ad
3016 1895 3382 1951 aediﬁcandam
3414 1900 3571 1955 lidcnt

1980 1980 2203 2043 Christi,
2238 1996 2333 2049 pro
2360 1981 2513 2049 cujus
2559 1983 2635 2036 illi
2665 1986 3005 2042 conlessione
3032 1998 3157 2043 sunt
3202 1991 3369 2058 passi)
3406 1994 3537 2046 mira
3560 2021 3574 2034 -

1982 2071 2073 2125 bili
2096 2082 2254 2142 atque
2281 2072 2536 2129 ineffabili
2572 2084 2832 2143 potestate
2859 2094 2921 2133 ac
2947 2080 3185 2137 bonitate
3210 2085 3573 2143 commendet.

1982 2164 2087 2219 ltcs
2115 2179 2197 2220 εει
2245 2166 2359 2222 lucc
2404 2168 2568 2222 altior
2597 2185 2758 2240 quam
2802 2181 2859 2226 ut
2886 2187 2917 2227 a
2948 2190 3034 2230 me
3066 2176 3230 2245 possit
3262 2180 3470 2248 attingi,
3520 2190 3575 2236 et

1979 2259 2282 2313 abstrusior
2310 2276 2467 2328 quam
2494 2271 2548 2314 ut
2579 2276 2609 2315 a
2656 2278 2742 2316 me
2774 2265 2951 2319 valeat
2983 2270 3337 2335 perscrutari;
3373 2281 3425 2324 et
3454 2272 3573 2326 ideo

1979 2348 2101 2419 quid
2135 2350 2323 2404 borum
2352 2351 2579 2406 duorum
2621 2354 2707 2417 sit,
2739 2369 2805 2408 an
2851 2369 2981 2409 vero
3010 2357 3254 2413 fortassis
3285 2369 3571 2429 utrumque

1978 2440 2064 2503 sit,
2110 2449 2167 2493 ιιι
2213 2441 2499 2509 aliquando
2549 2444 2649 2496 ista
2702 2444 2831 2497 ﬁant
2884 2460 2979 2515 per
3008 2446 3178 2514 ipsam
3226 2456 3567 2517 praesentiam

1982 2540 2296 2601 martyrum,
2329 2532 2615 2601 aliquando
2639 2549 2733 2601 per
2751 2535 2970 2605 angelos
2994 2540 3353 2607 suscipienfes
3385 2557 3571 2609 perso-

1980 2636 2100 2675 nam
2135 2633 2449 2693 martyrum,
2486 2624 2709 2679 delinire
2738 2641 2841 2680 non
2870 2626 3066 2681 audeo.
3109 2628 3364 2684 lllallema
3392 2631 3571 2687 scicn-

1982 2712 2123 2765 tihus
2144 2714 2242 2765 iSla
2285 2714 2596 2782 perquirere
2623 2733 2634 2767 :
2669 2730 2841 2785 neque
2874 2717 3015 2771 enim
3048 2734 3205 2772 nemo
3232 2728 3314 2773 est
3341 2724 3427 2789 qui
3458 2721 3571 2777 ha-c

1977 2804 2134 2864 sciat.
2186 2820 2291 2858 non
2333 2805 2419 2873 qui
2442 2805 2542 2859 sibi
2596 2808 2737 2861 scire
2782 2806 3026 2862 videatur
3068 2817 3122 2863 et
3152 2810 3376 2866 nesciat.
3426 2810 3569 2865 Dona

1977 2898 2119 2950 cnim
2153 2896 2242 2950 Dei
2273 2907 2396 2951 sunt
2420 2898 2501 2951 his
2532 2896 2635 2951 alia
2664 2907 2718 2953 et
2760 2898 2869 2953 illis
2892 2899 2993 2953 alia
3039 2900 3337 2969 largieutis.
3371 2916 3567 2956 secun-

1981 2986 2106 3039 dum
2140 2987 2452 3056 Apostolum
2484 2988 2572 3057 qni
2617 2988 2774 3053 dicit,
2812 2990 3102 3060 unicuique
3126 2990 3240 3044 dari
3264 2991 3570 3045 manifesta-

1980 3078 2177 3133 tionem
2208 3078 2438 3147 Spiritus
2466 3079 2531 3132 ad
2574 3079 2877 3135 utilitatem.

2543 3191 2770 3248 CAPUT
2810 3193 3031 3249 CCCIX.

1982 3282 2115 3339 Item
2152 3285 2216 3338 de
2256 3284 2514 3339 oblatione
2554 3286 2629 3339 rel
2673 3289 2990 3353 elecmosyna
3041 3304 3134 3354 pro
3178 3288 3465 3357 defunctis;
3509 3305 3570 3344 es

2594 3357 2768 3409 eodem
2792 3356 2941 3409 libro.

2052 3466 2182 3534 Qua:
2215 3483 2336 3521 cum
2379 3467 2449 3521 ita
2488 3469 2616 3533 sint,
2652 3484 2756 3522 non
2802 3468 3171 3522 existimemus
3209 3471 3276 3524 ad
3326 3486 3566 3526 moruos

1984 3574 2081 3626 pro
2103 3562 2299 3627 quibus
2336 3574 2517 3612 curant
2558 3559 2794 3629 gerimus
2824 3558 3122 3627 pervenire,
3161 3562 3261 3615 nisi
3304 3562 3442 3631 quod
3476 3578 3572 3631 pro

1982 3649 2084 3714 eis,
2119 3652 2234 3703 sive
2255 3649 2460 3712 altaris,
2487 3649 2599 3703 sive
2623 3650 2949 3713 orationum,
2971 3653 3088 3704 sive
3107 3651 3571 3721 eleemosynarunt

1984 3738 2264 3791 sacriﬁciis
2294 3740 2609 3792 solemniter
2638 3739 3003 3806 supplicamus
3030 3754 3044 3791 :
3074 3745 3318 3807 quamvis
3342 3760 3447 3795 non
3473 3761 3570 3811 pro

1982 3829 2176 3897 quibus
2241 3828 2373 3882 ﬁunt
2427 3828 2677 3882 omnibus
2742 3830 2992 3897 prosint,
3057 3830 3152 3883 sed
3210 3834 3291 3885 eis
3359 3842 3563 3888 tantum

1982 3923 2176 3991 quibus
2206 3922 2332 3977 dum
2364 3922 2547 3975 vivunt
2576 3932 2920 3990 comparatur
2952 3932 3009 3977 ut
3051 3924 3275 3992 prosint.
3303 3926 3408 3979 Sed
3438 3928 3561 3995 quia
3602 3938 3609 3941 ’

1985 4029 2089 4066 non
2117 4014 2477 4066 discernimus
2504 4016 2593 4081 qui
2620 4015 2747 4078 sint,
2772 4022 2988 4081 Oportet
3015 4029 3077 4068 ea
3112 4030 3206 4081 pro
3238 4018 3568 4084 regeneratis

1982 4105 2236 4159 Omnibus
2268 4108 2466 4168 facere,
2498 4116 2553 4159 ut
2584 4106 2761 4159 nullus
2795 4120 2981 4158 eorum
3028 4108 3465 4170 pra'termittatur
3498 4113 3565 4163 ad

1982 4214 2119 4267 quos
2152 4200 2265 4252 hare
2311 4198 2568 4252 bcnclicia
2620 4197 2825 4266 possint
2874 4206 2929 4252 et
2973 4197 3206 4252 dc'eant
3251 4200 3555 4267 pervenire.

1983 4289 2167 4344 Melius
2214 4294 2359 4345 enim
2415 4301 2735 4359 supererunt
2780 4291 2876 4345 ista
2935 4289 3014 4345 eis
3082 4292 3278 4358 quibus
3324 4307 3425 4346 nec
3471 4294 3570 4346 ob-

1982 4391 2108 4435 sunt
2139 4395 2236 4436 nec
2264 4391 2509 4449 prosunt,
2541 4397 2699 4449 quam
2730 4382 2811 4436 eis
2837 4380 3066 4435 deerunt
3095 4381 3290 4450 quibus
3321 4394 3565 4449 prosunt.

1984 4468 2302 4538 Diligentius
2335 4480 2511 4523 tamen
2544 4471 2669 4523 facit
2714 4468 2828 4524 ha-c
2868 4471 3094 4539 quisque
3127 4484 3222 4537 pro
3252 4473 3571 4525 necessariis

1989 4562 2121 4625 sui-,
2153 4575 2261 4629 quo
2292 4576 2387 4629 pro
2420 4562 2512 4613 illo
2543 4560 2674 4613 tiant
2698 4559 2944 4613 similiter
2973 4576 3002 4613 a
3042 4560 3176 4613 suis.
3206 4560 3432 4627 Corpori
3472 4576 3572 4614 an-

1992 4660 2099 4705 tem
2150 4650 2419 4704 butnando
2467 4650 2725 4720 quidquid
2774 4650 3120 4717 impenditur,
3168 4666 3274 4706 non
3323 4661 3408 4706 est
3438 4668 3574 4720 pra--

1990 4741 2183 4795 sidium
2236 4742 2452 4804 salutis,
2511 4743 2604 4795 sed
2656 4739 3005 4794 humanitatis
3057 4742 3319 4806 oilicium,
3374 4758 3570 4798 secun-

1988 4832 2114 4888 dum
2142 4833 2393 4887 allectum
2423 4848 2528 4901 quo
2561 4848 2721 4886 ιιι-ιιιο
2748 4847 2980 4902 unquam
3011 4850 3230 4887 carnetn
3258 4848 3409 4888 suam
3441 4835 3569 4890 odio

1991 4926 2172 4980 habet.
2191 4926 2341 4983 Unde
2364 4934 2575 4994 oportet
2597 4935 2652 4979 ut
2674 4941 2832 4995 quam
2856 4934 3030 4994 potest
3050 4941 3146 4995 pro
3161 4942 3325 4982 carne
3342 4928 3567 4997 proximi

1985 5032 2170 5072 curam
2198 5028 2368 5089 gerat,
2400 5032 2522 5072 cum
2554 5018 2642 5072 ille
2667 5018 2791 5072 inde
2820 5020 3099 5072 recesserit
3126 5021 3216 5088 qui
3243 5020 3474 5090 regebat.
3503 5019 3568 5071 Et

1988 5112 2031 5167 si
2058 5114 2170 5166 hate
2192 5111 2499 5181 faciutttqui
2524 5111 2702 5165 carnis
2721 5114 3170 5169 resurrectionem
3197 5129 3301 5166 non
3323 5111 3564 5177 credunt,

1988 5214 2191 5272 quanto
2234 5203 2398 5273 magis
2428 5203 2629 5257 debent
2672 5201 2851 5258 facere
2879 5204 2970 5272 qui
3014 5204 3239 5259 credunt
3274 5212 3328 5256 ut
3355 5204 3566 5269 corpori

1992 5308 2238 5367 mortuo,
2277 5295 2370 5350 sed
2421 5304 2599 5349 tamen
2652 5304 3022 5349 resurrectnro
3063 5302 3120 5346 et
3167 5294 3218 5346 in
3271 5292 3570 5349 :eternitatc

1993 5405 2268 5453 mansuro.
2298 5390 2595 5457 impensum
2623 5385 2886 5455 ejusmodi
2917 5384 3148 5439 ofﬁcium
3164 5384 3236 5437 sit
3260 5384 3417 5436 etiam
3437 5397 3561 5450 quo-

1992 5488 2281 5544 dammodo
2328 5484 2570 5555 ejusdem
2618 5483 2742 5539 ﬁdei
2788 5478 3187 5535 testimonian
3235 5477 3388 5544 Quod
3440 5494 3570 5533 vero

1991 5579 2219 5649 quisque
2265 5577 2407 5646 apud
2453 5573 2742 5631 memorias
2787 5579 3083 5639 martyrum
3133 5567 3423 5637 sepelitur,
3470 5569 3573 5625 hoc

1993 5680 2199 5727 tantum
2232 5670 2363 5725 mihi
2386 5670 2598 5724 videtur
2624 5664 2878 5734 prodesse
2903 5662 3182 5729 defuncto,
3217 5670 3275 5714 ut
3300 5675 3570 5716 commen-

1992 5763 2128 5817 dans
2173 5776 2296 5817 eum
2337 5761 2497 5813 ctiam
2544 5768 2837 5825 martyrum
2884 5752 3179 5823 patrocinio
3205 5754 3430 5810 allectus
3480 5770 3570 5825 pro

1994 5856 2084 5911 illo
2115 5853 2516 5922 supplicatit'nis
2548 5856 2825 5920 augeatur.
