4020 6190
459 375 480 430 1
491 371 593 431 0‘27

1015 480 1055 538 C
1074 478 1242 535 \PUT
1280 476 1479 533 CCCX.

458 606 537 659 De
558 603 804 659 sententia
839 598 1042 652 Domini
1064 597 1318 650 dicentis:
1347 593 1450 661 Qui
1474 591 1656 646 uiderit
1688 587 1951 661 mulierem
1973 585 2042 661 uti

528 655 1009 741 coneapiscemlum,
1034 678 1159 731 etc.,'
1183 682 1244 720 ca:
1273 655 1403 719 iibr~o
1430 680 1446 719 ι
1477 664 1540 717 de
1564 675 1796 716 sermone
1828 655 2041 711 Domini

526 746 583 801 in
610 753 794 796 monte.

530 854 767 912 Audistis
788 868 819 922 q
844 854 908 904 tia
934 849 1241 925 dictumest
1265 843 1544 920 [antiquis]
1566 842 1711 899 :Non
1737 838 2045 897 mmcbabe-

463 951 573 1009 ris;
604 962 704 1017 ego
746 956 923 997 autem
967 942 1089 995 dico
1139 941 1293 994 vobis
1333 940 1456 1010 quia
1499 936 1678 993 omnis
1717 935 1809 1005 qui
1849 933 2045 987 viderit

461 1030 739 1093 mulierem
786 1035 849 1088 ad
880 1031 1368 1099 concupiscendum
1422 1044 1565 1094 eam,
1599 1026 1708 1096 iam
1741 1023 2042 1080 mteclmtus

459 1144 543 1186 est
569 1145 688 1184 eam
733 1131 785 1181 in
830 1126 994 1181 corde
1038 1141 1157 1177 suo.
1200 1122 1410 1177 Ju~titia
1444 1136 1575 1190 ergo
1607 1120 1781 1173 minor
1808 1127 1893 1171 est
1935 1131 2041 1170 non

462 1218 717 1273 mmcbari
750 1230 1032 1281 corporum
1060 1212 1439 1282 conjunctione
1469 1249 1485 1275 ,
1534 1207 1736 1276 justitia
1779 1220 1908 1260 vero
1932 1219 2047 1258 ma-

458 1309 547 1377 jor
576 1307 723 1375 regni
772 1305 886 1370 Dei,
922 1319 1026 1356 non
1053 1301 1310 1356 mmcbari
1344 1299 1394 1353 iu
1431 1299 1611 1353 corde.
1652 1296 1907 1365 Quisquis
1947 1310 2044 1348 au-

464 1410 569 1454 tem
607 1415 708 1453 non
738 1397 1035 1451 mmelmtur
1064 1395 1114 1448 in
1154 1393 1338 1459 Corde,
1371 1392 1541 1445 multo
1573 1388 1781 1444 facilius
1809 1386 2038 1441 custodit

461 1499 520 1545 ut
548 1504 652 1544 non
683 1489 983 1542 nimcbetur
1014 1486 1065 1538 in
1098 1498 1359 1552 corpore;
1393 1481 1520 1536 illud
1544 1495 1673 1549 ergo
1703 1477 2044 1532 confirmavit

461 1583 549 1645 (uti
583 1582 684 1634 ltoc
715 1578 996 1648 priet-epit;
1025 1592 1127 1629 non
1159 1576 1300 1629 enim
1333 1574 1479 1627 venit
1511 1572 1682 1641 legem
1714 1571 1923 1624 solvere
1944 1568 2041 1623 sed

463 1676 709 1743 implere.
739 1672 882 1726 Sane
928 1665 1377 1723 considerandum
1424 1670 1509 1716 est
1545 1659 1686 1731 quod
1730 1673 1834 1713 non
1885 1656 2039 1726 dixit,

460 1766 648 1821 Omnis
686 1766 773 1833 qui
822 1759 1153 1830 concupierit
1201 1756 1504 1818 mulierem,
1535 1752 1653 1819 sed,
1702 1751 1806 1819 in
1850 1751 2043 1805 viderit

1526 364 1584 418 D.
1632 352 1958 416 EUCYPPll
1996 349 2286 408 ABBATIS
2325 345 2645 404 AFRICANI

3588 341 3717 401 (028

2066 467 2112 526 Α
2142 463 2378 526 lectatio,
2410 477 2528 531 qua:
2570 469 2750 516 tamen
2798 459 2973 515 adhuc
3008 461 3181 516 multo
3220 458 3397 514 minor
3437 466 3523 513 est
3565 473 3717 527 quam

2146 549 2239 605 illa
2286 567 2403 619 qua:
2452 550 2681 604 assiduis
2734 549 2884 603 lactis
2934 550 2989 605 in
3036 547 3482 605 consuetudinem
3538 549 3714 603 vertit.

2146 644 2297 699 lianc
2324 644 2469 699 enim
2494 644 2715 697 vincere
2736 641 3113 697 difficillimum
3134 651 3237 710 est,
3269 650 3325 697 et
3350 649 3529 695 tamen
3559 641 3718 697 etiam

2146 738 2316 807 ipsam
2356 734 2801 792 consuetudinem
2831 735 2878 790 si
2908 748 2968 789 se
3003 733 3230 803 quisque
3273 746 3381 788 non
3409 730 3647 796 deserat,
3675 742 3728 786 et

2145 829 2506 887 Christianam
2543 829 2799 883 malitiam
2832 842 2938 885 non
2970 827 3304 896 reformidet,
3349 826 3443 882 illo
3470 827 3609 883 duce
3651 837 3731 882 at-

2145 936 2249 991 que
2289 919 2537 989 adjutore
2563 918 2869 989 superabit;
2904 932 2969 974 ac
3012 918 3094 975 sic
3142 919 3197 975 in
3227 916 3510 989 pristinam
3544 931 3729 988 pacem

2146 1019 2309 1079 atque
2338 1008 2581 1064 ordinem
2613 1016 2667 1063 et
2694 1009 2777 1063 vir
2809 1008 3044 1074 Christo,
3067 1018 3122 1064 et
3148 1008 3342 1063 mulier
3364 1006 3483 1062 viro
3511 1006 3731 1077 subjici-

2147 1110 2253 1159 tur.
2275 1100 2428 1155 Sicut
2462 1114 2592 1169 ergo
2634 1099 2804 1155 tribus
2838 1100 3092 1170 gradibus
3119 1099 3190 1154 ad
3218 1110 3494 1168 peccatum
3526 1113 3723 1169 perve-

2146 1196 2290 1246 ntur
2329 1209 2343 1244 :
2391 1191 2754 1260 suggestione,
2801 1191 3183 1259 delectatione,
3226 1192 3617 1254 consensione;
3659 1191 3729 1247 ita

2146 1280 2316 1350 ipsius
2362 1280 2567 1349 peccati
2624 1290 2734 1335 tres
2777 1290 2904 1336 sunt
2929 1280 3292 1336 diﬂ'erentite:
3328 1282 3384 1336 in
3423 1281 3617 1347 corde,
3674 1282 3727 1336 in

2151 1372 2311 1441 facta,
2347 1374 2398 1430 in
2426 1374 2851 1441 consuetudine;
2899 1385 3153 1445 tanquam
3200 1385 3312 1432 tres
3342 1386 3546 1432 mortes
3577 1393 3595 1430 :
3625 1391 3727 1432 una

2146 1466 2296 1535 quasi
2324 1466 2378 1520 in
2407 1466 2587 1529 domo,
2622 1466 2671 1520 id
2698 1475 2784 1522 est
2810 1481 2931 1521 cum
2967 1468 3020 1521 in
3048 1469 3212 1523 corde
3251 1467 3589 1523 consentitur
3616 1467 3730 1523 libi.

2146 1556 2289 1622 diui;
2318 1557 2481 1612 altera
2512 1557 2619 1626 iam
2654 1559 2861 1624 prolata
2891 1560 3043 1627 quasi
3081 1570 3235 1614 extra
3259 1570 3495 1629 portam,
3521 1574 3651 1614 cum
3679 1560 3729 1614 in

2149 1649 2344 1704 factum
2371 1650 2612 1719 procedit
2639 1651 2911 1715 assensio;
2945 1652 3103 1707 tertia
3142 1666 3266 1705 enm
3298 1651 3347 1705 vi
3383 1652 3733 1706 consuetudi-

2149 1742 2234 1798 nis
2275 1744 2454 1808 malm,
2482 1751 2733 1812 tanquam
2781 1744 2923 1798 mole
2954 1754 3168 1798 terrena
3208 1743 3469 1813 premitur
3495 1745 3729 1809 animus,

461 1832 742 1911 mulierem
791 1854 858 1907 ad
907 1847 1423 1919 concupiscendum,
1459 1844 1510 1900 id
1558 1852 1661 1906 est,
1708 1844 1817 1897 hoc
1850 1842 1953 1895 line
1994 1850 2046 1897 et
2080 1832 2123 1891 Β
2149 1836 2301 1904 quasi
2330 1837 2381 1890 in
2412 1837 2665 1905 sepulcro
2689 1835 2800 1906 jam
2835 1849 3045 1906 puteus.
3076 1838 3209 1906 Quae
3233 1839 3333 1892 tria
3356 1852 3557 1906 genera
3593 1853 3733 1893 mor-

464 1949 565 2001 boc
591 1948 770 1999 animo
794 1942 1103 2004 attenderit,
1130 1950 1186 1994 ut
1222 1955 1338 1993 eam
1372 1934 1740 2003 concupiscat,
1763 1932 1903 2002 quod
1931 1932 2042 2000 jam

465 2056 569 2095 non
599 2048 679 2094 est
708 2036 908 2091 titillari
936 2034 1294 2090 delectatione
1319 2030 1519 2096 carnis,
1542 2029 1635 2084 sed
1666 2028 1824 2097 plane
1839 2023 2046 2099 [plene]

462 2131 767 2185 consentire
792 2125 1019 2189 libidini,
1044 2125 1116 2178 ita
1146 2132 1207 2178 ut
1239 2137 1343 2177 non
1375 2120 1676 2175 refrenetur
1705 2116 1922 2173 illicitos
1951 2130 2048 2187 ap-

464 2223 682 2292 petitus,
707 2222 801 2275 sed
832 2220 873 2273 si
909 2218 1132 2273 facultas
1157 2216 1278 2269 data
1311 2212 1492 2282 fuerit,
1522 2212 1777 2275 sat'etur;
1803 2223 1925 2263 nam
1948 2207 2048 2263 tria

464 2320 590 2367 sunt
623 2311 818 2382 quibus
859 2308 1116 2376 impletur
1157 2313 1456 2372 peceatum,
1485 2301 1846 2371 suggestione,
1874 2298 2052 2354 delec-

466 2406 691 2468 tatione,
740 2399 1125 2458 consensione.
1152 2395 1433 2467 Suggestio
1459 2395 1574 2449 sive
1602 2408 1698 2464 per
1731 2393 2046 2447 memoriam

468 2500 546 2559 lit.
578 2500 693 2553 sive
725 2510 820 2565 per
848 2493 1090 2563 corporis
1134 2503 1348 2554 sensus,
1388 2503 1508 2542 cum
1553 2485 1750 2557 aliquid
1780 2486 2047 2551 videmus,

466 2588 551 2644 vel
598 2588 865 2650 audimus,
895 2584 980 2639 vel
1012 2582 1315 2648 olfacimus,
1350 2580 1433 2634 vel
1469 2586 1770 2650 gustamus,
1800 2577 1887 2631 vel
1933 2584 2056 2631 tan-

465 2683 659 2751 gimus.
702 2679 820 2745 Quo
862 2679 905 2730 si
949 2676 1048 2730 frtti
1098 2674 1475 2738 delectaverit,
1524 2672 1815 2726 delectatio
1868 2670 2050 2725 illicita

472 2770 793 2827 refrenanda
827 2777 909 2822 est
938 2786 952 2820 ι
982 2766 1127 2821 velut
1160 2779 1280 2820 cum
1322 2763 1647 2833 jejunamus,
1678 2770 1731 2816 et
1766 2760 1892 2815 visis
1920 2760 2055 2815 cibis

470 2863 633 2930 palati
662 2861 928 2930 appetitus
951 2859 1204 2925 assurgit,
1223 2870 1328 2908 non
1350 2854 1406 2908 fit
1436 2854 1535 2907 nisi
1560 2851 1932 2915 delectatione,
1959 2848 2051 2905 sed

470 2955 595 3009 ltuic
621 2965 797 3007 tamen
832 2966 936 3005 non
964 2948 1349 3011 consentimus,
1385 2954 1438 3000 et
1468 2960 1585 3000 eam
1611 2945 1938 2999 dominantis
1969 2958 2057 2997 ra-

472 3045 631 3099 tionis
670 3044 787 3111 jure
840 3043 1151 3096 cobibemns
1202 3059 1214 3092 :
1274 3040 1318 3092 si
1365 3047 1542 3092 autem
1592 3038 1877 3092 consensio
1922 3038 2055 3089 facta

470 3136 651 3199 fuerit,
686 3135 896 3203 plenum
924 3142 1200 3201 peccatum
1232 3130 1356 3194 erit,
1383 3138 1565 3181 notum
1598 3125 1819 3198 [autem]
1854 3127 1963 3181 Deo
1999 3126 2052 3181 in

471 3227 634 3281 corde
661 3235 848 3280 nostro
865 3223 1071 3279 etiaut~i
1103 3220 1246 3276 facto
1270 3236 1374 3275 non
1400 3220 1701 3274 innotescat
1725 3217 2053 3273 hominibus.

474 3320 550 3371 lta
582 3332 710 3385 ergo
739 3326 864 3370 sunt
892 3315 977 3367 isti
1012 3313 1229 3384 gradus,
1258 3312 1407 3381 quasi
1438 3326 1467 3364 a
1492 3322 1742 3379 serpente
1786 3312 2057 3379 suggestio

476 3410 589 3471 litt,
614 3408 664 3461 id
693 3414 777 3462 est
802 3406 1009 3459 lubrico
1035 3416 1087 3460 et
1119 3404 1359 3464 volubili.
1391 3403 1491 3456 hoc
1520 3413 1603 3458 est
1626 3404 1905 3471 temporali
1938 3418 2059 3457 cor-

479 3511 669 3567 porum
702 3506 871 3561 motu,
896 3495 1016 3562 quia
1059 3493 1161 3547 etsi
1204 3507 1304 3558 qua
1338 3493 1460 3544 talia
1506 3493 1875 3558 phantasmata
1916 3494 2057 3549 intus

476 3597 766 3642 versantur
817 3587 870 3638 in
919 3584 1118 3644 anima,
1148 3583 1216 3636 de
1265 3594 1491 3650 corpore
1537 3581 1841 3638 forinsecus
1891 3593 2054 3638 tracta

476 3687 634 3744 sunt;
659 3684 710 3732 et
732 3678 777 3731 si
808 3677 926 3743 quis
946 3676 1188 3728 occultus
1215 3683 1413 3741 praeter
1442 3674 1571 3727 istos
1602 3674 1840 3743 quinque
1868 3689 2058 3729 sensus

476 3781 658 3825 motus
694 3770 943 3838 eorporis
989 3768 1219 3820 animam
1251 3765 1436 3834 tangit,
1468 3775 1550 3819 est
1573 3764 1732 3819 etiam
1770 3764 1888 3833 ipse
1923 3775 2059 3820 tem-

478 3864 678 3935 po'alis
707 3873 758 3917 et
785 3862 1112 3925 lubricus,et
1142 3859 1262 3914 ideo
1284 3867 1489 3927 quanto
1516 3858 1749 3913 illabitur
1772 3859 2056 3925 occultius,

478 3969 531 4011 ut
548 3956 920 4025 cogitationem
940 3953 1388 4021 contingat,tanto
1407 3949 1811 4006 convenientius
1823 3952 2057 4019 serpenti

476 4056 835 4117 comparatur.
868 4046 989 4100 Tria
1020 4060 1147 4114 ergo
1176 4043 1311 4107 lucc,
1349 4050 1408 4095 ut
1439 4042 1616 4096 dicere
1658 4056 1950 4110 cmperam,
1982 4041 2058 4093 si-

478 4140 625 4193 milia
664 4146 789 4192 sunt
830 4137 903 4190 illi
934 4142 1099 4205 gestae
1130 4135 1204 4188 rei
1234 4147 1353 4201 quze
1386 4133 1437 4187 in
1479 4130 1677 4186 Genesi
1721 4131 1917 4201 scripta
1951 4141 2055 4198 est,

476 4241 535 4284 ut
564 4231 714 4300 quasi
745 4243 773 4281 a
798 4234 1048 4295 serpente
1079 4224 1169 4278 fiat
1193 4223 1463 4293 suggestio
1491 4233 1544 4277 et
1573 4221 1815 4290 quadam
1845 4223 2057 4276 suasio:

476 4322 531 4376 in
568 4321 804 4390 appetitu
828 4327 1005 4374 autem
1032 4316 1230 4370 carnali
1254 4328 1506 4383 tanquam
1536 4314 1589 4367 in
1618 4313 1725 4367 Eva
1749 4313 2056 4379 delectatio,

478 4415 534 4466 in
567 4414 777 4467 ratione
808 4425 954 4474 vero,
987 4418 1236 4476 tanquam
1270 4404 1323 4459 in
1364 4408 1480 4459 viro
1519 4406 1827 4460 consensio.
1856 4404 2058 4470 Quibus

478 4504 731 4573 peractis,
776 4511 1028 4571 tanquam
1065 4500 1133 4553 de
1166 4495 1431 4566 paradiso,
1465 4494 1568 4550 boc
1618 4507 1699 4550 est
1743 4495 1811 4549 de
1856 4496 2054 4549 beatis-

477 4595 612 4648 sima
643 4594 763 4649 luce
787 4592 1028 4662 justitim,
1062 4590 1114 4643 in
1148 4597 1375 4642 mortem
1408 4585 1567 4641 homo
1615 4585 1900 4654 expellitur
1942 4587 2057 4655 jus-

477 4688 684 4741 tissime
710 4688 950 4740 omnino.
981 4684 1095 4739 Non
1132 4684 1275 4737 enim
1315 4682 1457 4751 cogit
1482 4681 1570 4749 qui
1612 4681 1824 4749 suadet,
1850 4693 1905 4736 et
1942 4696 2058 4736 om-

481 4792 578 4833 nes
626 4789 831 4832 natura:
874 4779 927 4831 in
975 4777 1164 4831 ordine
1213 4790 1330 4841 suo,
1362 4773 1615 4844 gradibus
1657 4775 1771 4829 suis
1822 4775 2057 4844 pulchrae

481 4874 625 4931 sunt,
654 4865 748 4919 sed
790 4866 857 4920 de
887 4864 1274 4935 superioribus,
1307 4864 1359 4917 in
1403 4864 1597 4932 quibus
1637 4864 1910 4917 rationalis
1942 4863 2057 4918 ani-

483 4972 603 5012 mus
632 4955 909 5010 ordinatus
925 4966 1028 5020 est,
1052 4956 1116 5010 ad
1149 4956 1399 5010 inferiora
1419 4971 1524 5010 non
1546 4965 1629 5010 est
1651 4956 2054 5022 declinandum;

482 5068 580 5108 nec
619 5051 898 5119 quisquam
929 5049 1030 5103 hoc
1060 5048 1234 5104 facere
1264 5051 1496 5118 cogitur,
1524 5059 1578 5104 et
1617 5050 1736 5104 ideo
1768 5051 1813 5103 si
1846 5050 2054 5116 fecerit,

479 5147 596 5197 sine
634 5141 777 5211 justa
808 5140 1125 5194 defensione
1179 5142 1397 5207 punitur
1421 5158 1434 5192 :
1462 5154 1565 5195 non
1590 5142 1733 5195 enim
1779 5141 1881 5196 hoc
1910 5157 2059 5196 com-

480 5236 640 5290 mittit
675 5233 894 5287 invitus.
926 5231 1304 5285 Verumtamen
1330 5232 1618 5286 delectatio
1661 5241 1785 5288 ante
1831 5248 2058 5288 consue-

477 5326 719 5379 tudinem
748 5323 827 5377 vel
854 5321 998 5375 nulla
1028 5331 1132 5387 εει,
1161 5320 1244 5373 vel
1281 5330 1387 5373 tam
1421 5320 1689 5387 tenuis,ut
1716 5337 1884 5391 prope
1913 5323 2057 5376 nulla

478 5414 570 5479 sit,
598 5413 684 5467 cui
719 5412 1030 5466 consentire
1074 5422 1320 5477 magnum
1357 5418 1633 5477 peccatum
1663 5420 1767 5475 est,
1816 5425 1935 5465 eum
1975 5423 2060 5467 est

476 5506 683 5559 illicita.
718 5504 852 5558 Cum
904 5514 1083 5555 autem
1125 5501 1349 5570 quisque
1384 5502 1741 5567 consenserit,
1774 5505 2060 5557 committit

481 5607 756 5664 pet-catum
805 5595 856 5646 io
890 5578 1085 5655 corde;
1116 5593 1160 5646 si
1200 5607 1379 5646 autem
1427 5595 1589 5647 et‘am
1622 5593 1672 5647 in
1704 5595 1901 5649 factum
1937 5612 2059 5663 pro-

479 5686 726 5745 cesserit,
761 5685 968 5737 videtur
1008 5683 1191 5736 satiari
1234 5693 1290 5737 et
1317 5683 1590 5753 exstingui
1632 5685 1933 5752 cupiditas:
1964 5687 2056 5741 sed

484 5782 668 5840 postea
690 5786 809 5824 eum
834 5775 1104 5841 soggcstio
1134 5778 1414 5843 repetitur,
1432 5776 1604 5845 major
1628 5777 1937 5833 accenditur
1963 5781 2057 5835 de-

2151 1937 2360 1982 tuorum
2395 1928 2677 1982 Dominum
2722 1930 3074 1986 resuscitasse
3101 1931 3348 2001 quisquis
3381 1931 3733 2000 Evangelium

2151 2020 2278 2088 legit
2303 2019 2563 2089 agnoscit.
2591 2020 2659 2075 Et
2698 2020 2927 2077 fortasse
2966 2022 3281 2078 considerat
3308 2036 3444 2094 quas
3482 2012 3738 2078 dih‘ereo-

2150 2110 2250 2166 tias
2280 2111 2473 2167 habeat
2496 2114 2659 2167 etiam
2688 2112 2802 2181 ipsa
2841 2128 2943 2168 vos
2992 2115 3409 2179 resuscitantis;
3440 2128 3567 2168 eum
3613 2112 3736 2169 alibi

2148 2202 2305 2257 dicit:
2331 2202 2532 2269 Puella,
2564 2218 2753 2273 surge;
2781 2205 2907 2260 alibi
2938 2222 2952 2257 :
2984 2205 3226 2272 iuvenis,
3254 2207 3347 2261 tibi
3372 2205 3517 2272 dico,
3541 2219 3737 2276 surge;

2152 2291 2279 2346 alibi
2312 2311 2327 2347 :
2355 2295 2463 2364 ει
2497 2294 2778 2349 Infremuit
2815 2296 3006 2365 spiritu
3036 2306 3091 2351 et
3120 2297 3295 2364 flevit;
3337 2307 3392 2352 et
3418 2311 3609 2353 rursus
3638 2297 3739 2354 fre-

2152 2383 2308 2447 muit,
2328 2396 2384 2439 et
2411 2394 2534 2454 post
2572 2384 2769 2440 deinde
2798 2399 2931 2441 voce
2960 2401 3151 2457 magna
3179 2387 3438 2442 clamavit
3463 2404 3475 2439 :
3512 2387 3736 2457 Lazare,

2158 2476 2282 2529 veni
2306 2472 2471 2529 foras.
2500 2474 2842 2546 Quapropter
2866 2478 3086 2532 nomine
3110 2477 3501 2532 minantium
3525 2479 3623 2548 qni
3642 2478 3740 2533 hoc

2154 2566 2393 2634 capitulo
2413 2578 2926 2634 commemorantur,
2958 2585 3172 2626 omnem
3192 2572 3466 2626 carnalem
3486 2581 3545 2627 et
3565 2572 3740 2626 libidio

2155 2671 2340 2712 nosam
2368 2660 2858 2730 concupiscentiam
2907 2669 3122 2731 Oportet
3151 2663 3399 2731 intelligi.
3427 2662 3561 2717 Cum
3596 2662 3737 2718 enim

2158 2756 2264 2803 tant
2313 2750 2530 2805 assidue
2588 2751 2949 2806 idololatriam
3000 2752 3275 2819 Scriptura
3331 2750 3739 2808 fornicationem

2156 2837 2318 2902 dicat,
2354 2837 2548 2893 Paulus
2582 2851 2761 2895 autem
2787 2839 3064 2909 apostolus
3089 2842 3369 2895 avaritiam
3415 2841 3735 2897 idololatria

2158 2932 2375 2987 nomine
2410 2932 2665 3001 appellet,
2706 2934 2826 3002 quis
2870 2932 3078 2988 dubitet
3122 2949 3337 2988 omnem
3391 2936 3586 2988 malam
3616 2948 3742 2988 eon-

2157 3025 2538 3092 eupiseentiam
2586 3031 2735 3079 recte
2788 3022 3194 3078 fornicationem
3243 3024 3421 3079 vocari
3449 3062 3466 3089 ,
3515 3025 3731 3094 quando

2164 3116 2360 3178 anima,
2394 3114 2632 3185 neglecta
2661 3116 2943 3183 superiore
2983 3115 3099 3186 lege
3127 3129 3232 3185 qua
3268 3118 3491 3186 regitur,
3526 3116 3740 3171 inferio-

2081 3200 2129 3264 C
2162 3223 2276 3262 rum
2307 3221 2617 3261 naturarum
2643 3208 2781 3274 turpi
2815 3208 3103 3275 voluptate,
3133 3209 3287 3278 quasi
3318 3210 3570 3264 mercede
3620 3224 3739 3279 pro-

2158 3298 2364 3364 stituta,
2387 3298 2773 3368 corrumpitur?
2788 3298 2852 3352 Et
2873 3299 2993 3354 ideo
3014 3300 3253 3369 quisquis
3276 3301 3547 3355 carnalem
3565 3300 3739 3356 delec-

2159 3391 2415 3447 tationem
2437 3391 2694 3446 adversus
2721 3404 2923 3446 rectam
2948 3392 3273 3447 voluntatem
3294 3407 3444 3446 suam
3470 3393 3738 3446 rebellare

2157 3484 2324 3541 sentit
2352 3499 2450 3553 per
2491 3482 2935 3538 consuetudinem
2987 3494 3352 3552 peccatorum,
3387 3482 3544 3552 cujus
3590 3482 3737 3536 indo-

2158 3578 2285 3630 mita
2344 3575 2596 3629 violentia
2649 3574 2878 3629 trahitur
2932 3575 2983 3629 in
3039 3575 3440 3644 captivitatem,
3502 3589 3607 3629 reo
3630 3574 3735 3638 lat,

2159 3676 2412 3737 quantum
2451 3676 2646 3734 potest,
2677 3666 2887 3735 qualem
2940 3680 3124 3733 pacem
3168 3666 3442 3733 peccando
3479 3666 3736 3728 amiserit,

2159 3769 2213 3815 et
2234 3760 2496 3813 exclamet
2527 3775 2541 3811 :
2579 3755 2767 3812 Infelix
2795 3770 2895 3825 ego
2925 3757 3105 3823 homo,
3123 3757 3244 3823 quis
3278 3772 3367 3811 me
3395 3757 3645 3811 liberabit
3667 3757 3730 3809 de

2160 3864 2387 3919 corpore
2409 3848 2596 3904 mortis
2619 3848 2809 3914 hujus?
2830 3848 2999 3916 gratia
3029 3848 3119 3901 Dei
3144 3864 3237 3914 per
3263 3847 3444 3902 Jesum
3468 3845 3736 3902 Christum

2162 3940 2473 4011 [Dontinum
2502 3937 2789 4008 nostrum].
2815 3938 2887 3991 Ita
2913 3940 3053 3991 enim
3084 3952 3209 3992 cum
3248 3952 3309 3992 se
3351 3936 3621 3991 intelicem
3651 3952 3737 3990 ex-

2162 4028 2381 4093 clamat,
2406 4027 2639 4095 lugendo
2670 4029 2920 4094 implorat
2947 4028 3301 4082 consolatoris
3329 4028 3609 4089 auxilium,
3638 4040 3735 4080 nec

2164 4135 2358 4189 parvus
2395 4129 2479 4174 est
2514 4121 2583 4173 ad
2620 4120 3006 4175 beatitudinem
3039 4134 3288 4175 accessus
3331 4120 3569 4187 cognitio
3608 4120 3736 4173 infe-

2162 4212 2379 4265 licitatis
2422 4224 2553 4275 suae,
2592 4219 2651 4264 et
2684 4210 2802 4264 ideo
2828 4226 2841 4262 :
2871 4210 3015 4263 Beati
3047 4210 3279 4282 (etiam)
3313 4209 3580 4279 lugentes,
3611 4223 3735 4279 quo-

2162 4305 2304 4359 niam
2338 4303 2434 4372 ipsi
2456 4302 2897 4359 consolabuntur.

2691 4414 2919 4471 CAPUT
2956 4414 3175 4470 CCCXL

2165 4508 2242 4562 De
2268 4525 2327 4562 eo
2354 4509 2490 4577 (IltOd
2516 4508 2588 4561 ait
2622 4506 2869 4561 Dominus
2890 4522 2909 4561 .'
2930 4506 3082 4559 Οιηηὶ
3106 4506 3295 4574 petenti
3314 4507 3461 4577 date;
3486 4506 3735 4574 quomodo

2233 4598 2334 4633 non
2364 4583 2430 4633 sit
2469 4582 2781 4660 contrarium
2827 4581 3088 4631 sententiis
3119 4578 3333 4631 dicentis
3354 4592 3377 4632 :
3408 4576 3492 4631 Ne
3539 4577 3735 4630 dederis

2235 4662 2511 4720 peccato".

2232 4761 2386 4815 Omni
2420 4760 2617 4829 petenti
2646 4768 2720 4823 te,
2749 4759 2941 4829 inquit,
2968 4760 3060 4823 da,
3090 4773 3193 4814 nott
3217 4757 3394 4813 omnia
3422 4760 3647 4828 petenti,
3679 4767 3735 4813 ut

2164 4853 2213 4906 id
2256 4853 2349 4906 des
2388 4851 2529 4921 quod
2557 4850 2762 4904 donare
2791 4851 3017 4905 honeste
3047 4861 3101 4905 et
3135 4849 3281 4920 juste
3311 4861 3462 4919 potes
3493 4869 3509 4904 :
3535 4852 3664 4920 quid
3693 4850 3737 4903 si

2163 4958 2227 4997 cn
2254 4959 2302 4995 tn
2347 4942 2621 5009 pecuniam
2664 4936 2826 5008 petat.
2846 4955 2947 5009 qua
2982 4941 3317 4995 innocentem
3342 4950 3569 4996 conetur
3598 4940 3739 4997 oeci-

2165 5034 2331 5088 dere?
2361 5031 2487 5101 quid
2513 5033 2558 5085 si
2586 5041 2859 5100 postremo
2877 5040 3119 5100 stuprum
3151 5032 3445 5100 petatised
3478 5048 3547 5088 ne
3577 5032 3740 5087 multa

2168 5135 2459 5190 persequar
2489 5136 2605 5190 qua:
2634 5129 2759 5174 sunt
2800 5120 3233 5186 innumerabilia,
3258 5122 3310 5175 id
3341 5122 3584 5191 profecto
3611 5123 3742 5177 dan-

2166 5216 2290 5268 dtuu
2320 5221 2405 5268 est
2442 5212 2585 5283 quod
2625 5226 2724 5269 nec
2764 5212 2885 5278 tibi,
2912 5227 3011 5268 nec
3039 5214 3199 5269 alteri
3228 5225 3439 5277 noceat,
3485 5227 3738 5285 quantum

2166 5306 2290 5360 sciri
2322 5315 2412 5358 aut
2440 5304 2590 5359 credi
2619 5305 2687 5359 ab
2721 5306 2939 5361 nomine
2969 5314 3173 5374 potest;
3204 5316 3259 5361 et
3289 5309 3376 5361 cui
3410 5307 3557 5376 juSte
3583 5323 3741 5377 nego-

2168 5397 2305 5451 veris
2344 5395 2481 5464 quod
2515 5395 2666 5463 petit,
2703 5393 2983 5450 indicanda
3011 5406 3093 5452 est
3136 5397 3249 5467 ipsa
3287 5397 3515 5467 iustitia,
3550 5408 3737 5451 utnon

2161 5502 2283 5542 eum
2336 5488 2547 5539 inanem
2597 5485 2880 5539 dimittas:
2912 5484 2981 5538 ita
3026 5488 3173 5540 omni
3221 5489 3419 5557 petenti
3467 5498 3521 5542 te
3563 5487 3735 5552 dabis,

2167 5582 2411 5648 quamvis
2438 5594 2541 5632 non
2566 5591 2783 5647 semper
2808 5577 2857 5631 id
2883 5577 3021 5647 quod
3038 5581 3169 5648 petit
3189 5581 3362 5647 dabis;
3379 5592 3436 5636 et
3453 5581 3739 5646 aliquando

2165 5672 2351 5727 nelius
2393 5669 2591 5740 aliquid
2629 5669 2806 5731 dabis.
2831 5682 2953 5722 cum
2995 5679 3261 5736 petentem
3295 5680 3346 5724 te
3374 5673 3573 5738 iniusta
3610 5685 3736 5723 cor-

2161 5763 2546 5831 rexerisQuod
2570 5773 2745 5819 autem
2773 5760 2866 5826 ait,
2885 5758 2983 5825 Qui
3014 5760 3287 5815 voincrita
3320 5773 3371 5817 te
3394 5765 3638 5827 mutuari,
3667 5776 3735 5816 ne
