4074 6186
377 300 515 360 ίοὲθ

1547 290 1767 348 ΤΙΙΕδδ
1780 286 1981 347 UltUS.
2023 286 2177 345 CAP.
2217 291 2415 348 CCCX!
2428 293 2466 350 l.

3515 307 3652 364 1050

371 424 651 472 aversatus
682 412 868 477 l'neris,
895 408 965 464 ad
993 408 1230 464 animum
1278 405 1622 461 referendum
1653 416 1758 461 est.
1810 403 1956 458 llila-
1991 400 2041 459 Δ
2070 402 2207 459 bona
2231 405 2371 462 laeta
2399 413 2609 473 vestra;
2631 408 2726 463 sed
2755 422 2860 464 non
2884 410 2953 465 ibi
2987 411 3147 468 linem
3177 418 3475 485 constituit,
3499 422 3654 477 addi-

375 524 488 563 rem
514 506 659 561 enim
690 502 933 557 datorem
962 499 1136 569 diligit
1162 497 1324 553 Deus.
1359 498 1626 552 Mutuatur
1645 506 1824 550 autem
1844 510 1961 550 om-

376 600 458 653 nis
487 598 576 666 qui
608 594 820 663 accipit,
850 589 1064 647 etiamsi
1089 604 1194 642 non
1226 590 1341 656 ipse
1370 587 1650 641 soluturus
1681 595 1764 641 est
1791 602 1806 640 :
1839 599 1960 640 cum

375 690 517 745 enim
549 682 988 741 lttiSCl‘lCOl‘dtbllS
1020 680 1160 734 Deus
1190 680 1341 748 plura
1373 676 1637 743 restituat,
1668 676 1845 730 omnis
1869 675 1960 745 qui

376 776 696 833 beneﬁcium
729 783 947 844 prmstat
989 772 1284 827 leneratur.

911 884 1138 942 CAPUT
1176 881 1424 939 CCCX".

378 985 648 1053 Quomodo
688 982 1080 1053 intelligendum
1106 978 1430 1053 silquavete
1467 994 1529 1053 ne
1551 976 1824 1053 iustitiam
1848 992 1962 1029 ves-

447 1069 581 1109 tram
619 1056 824 1125 faciatis
849 1048 1023 1105 coram
1045 1048 1334 1104 hominibus
1357 1064 1377 1103 :
1400 1050 1475 1104 vel
1504 1064 1618 1118 qua:
1636 1048 1702 1101 sit
1727 1048 1960 1111 sinistra;

442 1143 508 1180 ea:
536 1129 714 1179 eodem
744 1126 893 1177 libro.

446 1237 639 1293 Cordls
672 1237 946 1291 mundatio
971 1243 1057 1290 est
1084 1242 1334 1304 tanquam
1372 1232 1559 1287 oculus
1605 1248 1713 1304 quo
1754 1230 1965 1285 v'dctur

380 1334 725 1405 Deus,cujns
774 1332 1037 1402 simplicis
1080 1330 1310 1386 habendi
1360 1338 1559 1383 tantam
1611 1343 1792 1381 curam
1842 1341 1966 1382 esse

376 1437 612 1496 oportet,
643 1435 895 1493 quantam
939 1423 1057 1493 ejus
1085 1423 1161 1476 rei
1192 1421 1424 1490 dignitas
1470 1419 1693 1489 ﬂagitat,
1722 1434 1839 1488 qua:
1873 1417 1964 1471 tali

376 1520 536 1575 oculo
583 1517 826 1585 conspici
875 1526 1070 1586 potest.
1107 1514 1240 1568 lluic
1269 1524 1446 1568 autem
1486 1512 1643 1566 oculo
1674 1526 1862 1581 magna
1899 1525 1966 1565 ex

376 1622 530 1681 parte
554 1610 810 1665 mundato
835 1607 1057 1663 dil‘lirile
1088 1615 1170 1660 est
1198 1620 1302 1659 non
1333 1602 1613 1673 subripere
1643 1603 1836 1657 sordes
1865 1602 1967 1657 ali-

375 1719 510 1773 quas
537 1702 607 1757 de
634 1703 716 1756 his
743 1701 907 1756 rebus
936 1715 1054 1769 qure
1082 1699 1226 1769 ipsas
1272 1707 1483 1751 nostras
1530 1699 1697 1750 bonas
1727 1695 1967 1750 actiones

2065 494 2145 548 dit
2170 495 2345 552 enim:
2370 497 2429 554 Et
2460 498 2767 569 gloriﬁcent
2790 501 3004 559 Patrem
3027 516 3263 562 vestrum
3292 510 3385 579 qui
3411 514 3463 567 in
3493 516 3653 571 emlis
3690 568 3699 575 .

2065 594 2169 640 est.
2204 588 2302 643 llic
2329 598 2508 645 autem
2539 593 2665 662 quia
2697 592 2799 649 hoc
2842 596 3191 665 reprehendit
3233 602 3279 656 si
3305 603 3409 658 sibi
3441 605 3541 675 ipsi
3580 608 3654 661 sit

2066 680 2132 751 [si
2165 681 2236 735 ibi
2266 680 2358 752 sit]
2380 684 2508 739 {luis
2536 696 2682 741 recte
2711 687 2992 758 laetorum,
3022 690 3076 745 id
3113 701 3197 747 est
3216 735 3233 761 ,
3280 695 3327 749 si
3363 707 3655 764 propterea

2066 781 2213 826 recte
2251 772 2515 831 iaciamus
2553 786 2611 830 ut
2654 786 2863 833 tantum
2890 780 3171 838 videamur
3209 783 3277 839 ab
3317 786 3652 857 hominibus,

2065 872 2417 935 posteaquam
2466 867 2648 923 dixit:
2679 870 2877 927 Cavete
2906 873 3084 929 facere
3108 872 3372 944 justitiam
3413 890 3649 937 vestram

2064 966 2245 1009 coram
2285 956 2611 1025 hominibus,
2646 970 2704 1015 ut
2732 962 3017 1019 videamini
3044 967 3113 1022 ab
3142 969 3251 1036 eis,
3285 970 3413 1025 nihil
3445 972 3653 1028 addidit

2068 1045 2119 1099 in
2167 1062 2274 1115 quo
2304 1061 2527 1118 apparet
2558 1065 2663 1106 non
2698 1054 2798 1108 hoc
2845 1070 2967 1110 eum
3013 1058 3353 1123 prohibuisse
3395 1073 3451 1116 ut
3498 1073 3647 1120 recte

2069 1136 2164 1191 liat
2191 1154 2372 1193 coram
2406 1142 2730 1210 hominibus,
2762 1145 2857 1199 sed
2889 1163 2954 1200 ne
2997 1148 3118 1201 ideo
3148 1160 3295 1205 recte
3323 1152 3414 1205 liat
3456 1169 3640 1209 coram

2066 1226 2380 1286 hominibus
2402 1240 2460 1285 ut
2479 1233 2761 1289 videamur
2790 1236 2858 1289 ab
2885 1237 2985 1302 eis,
3019 1238 3071 1292 id
3095 1249 3198 1305 est,
3224 1250 3282 1294 ut
3307 1243 3406 1297 hoc
3430 1244 3643 1299 intuea-
3734 1306 3739 1311 ,

2071 1335 2216 1385 mur,
2244 1330 2299 1377 et
2327 1323 2396 1377 ibi
2427 1323 2586 1379 linem
2617 1327 2784 1381 no~tri
2830 1328 3091 1396 pr0positi
3131 1331 3491 1400 collocemus;
3524 1351 3650 1391 nam

2067 1418 2126 1464 et
2169 1411 2458 1478 Apostolus
2497 1412 2627 1468 dicit
2658 1432 2672 1466 :
2703 1414 2760 1470 Si
2789 1415 2963 1471 adhuc
3005 1417 3315 1477 hominibus
3361 1424 3653 1493 placerem,

2067 1499 2265 1555 Christi
2295 1517 2486 1560 servus
2515 1520 2622 1559 non
2652 1522 2861 1573 essem;
2890 1523 3012 1564 cum
3039 1511 3147 1565 alio
3177 1512 3294 1568 loco
3316 1515 3459 1570 dicat
3489 1534 3502 1569 :
3533 1516 3654 1572 Pla-

2066 1600 2186 1647 cete
2217 1592 2522 1650 hominibus
2554 1597 2851 1670 [omnibus]
2880 1615 2975 1669 per
2999 1602 3208 1669 omnia,
3241 1606 3383 1660 sicut
3413 1606 3510 1678 [et]
3553 1624 3655 1679 ego

2068 1685 2321 1740 omnibus
2350 1702 2444 1756 per
2462 1690 2643 1744 omnia
2670 1690 2877 1759 placeo,
2912 1693 3052 1762 quod
3074 1696 3164 1764 qui
3190 1711 3297 1750 non
3323 1698 3655 1769 intelligunt,

375 1793 622 1847 comitari
650 1790 847 1855 solent,
872 1790 1030 1844 veluti
1047 1798 1129 1844 est
1144 1788 1261 1842 laus
1286 1787 1517 1842 humana
1543 1787 1835 1857 :siquidem
1860 1802 1964 1841 non
1998 1782 2043 1845 Β
2068 1779 2400 1833 COMMVNI“
2435 1788 2643 1848 Ρυιδηῑν
2686 1796 2810 1835 cum
2844 1783 2932 1839 ille
2971 1800 3031 1838 se
3070 1786 3267 1842 dixerit
3299 1805 3405 1844 non
3438 1792 3655 1859 placere

376 1896 529 1941 recte
559 1886 738 1940 vivere
768 1883 1129 1954 perniciosum
1161 1892 1266 1948 est,
1293 1891 1440 1937 recte
1468 1888 1643 1935 autem
1681 1880 1880 1948 vivere,
1909 1892 1963 1935 et

376 1980 522 2033 nolle
554 1977 783 2043 laudari,
813 1976 938 2046 quid
969 1986 1051 2030 est
1073 1972 1215 2029 aliud
1239 1988 1397 2045 quam
1425 1969 1702 2027 inimicum
1729 1986 1853 2027 esse
1880 1987 1939 2027 re

379 2070 479 2124 bus
537 2068 816 2135 humanis,
864 2081 985 2135 qua:
1032 2064 1217 2135 utique
1262 2071 1411 2118 tanto
1454 2071 1578 2117 sunt
1630 2061 1963 2126 miseriores,

379 2169 578 2229 quanto
621 2161 799 2215 minus
852 2159 1028 2229 placet
1074 2167 1217 2213 recta
1251 2157 1361 2210 vita
1405 2153 1723 2209 hominum?
1750 2152 1806 2208 Si
1836 2166 1966 2221 ergo

380 2256 521 2309 inter
550 2268 685 2320 quos
713 2250 853 2306 vivis
882 2259 933 2305 te
978 2258 1126 2303 recte
1157 2248 1425 2303 virentem
1458 2258 1562 2299 non
1607 2242 1963 2308 laudaverint,

377 2348 453 2401 illi
481 2347 533 2401 in
564 2360 750 2401 errore
794 2352 950 2408 sunt;
975 2342 1021 2397 si
1049 2350 1231 2397 autem
1263 2336 1619 2395 laudaverint.
1656 2345 1712 2390 tu
1738 2334 1791 2389 in
1820 2336 1962 2405 peri-

377 2438 501 2492 culo
533 2454 546 2490 :
581 2435 684 2491 nisi
708 2443 814 2489 tam
845 2432 1077 2504 simplex
1107 2447 1202 2489 cor
1234 2430 1488 2487 habueris
1510 2435 1565 2484 et
1594 2427 1875 2491 mundum,
1908 2433 1967 2479 ut

379 2544 440 2581 ea
470 2543 590 2598 qua:
618 2536 765 2582 recte
800 2525 934 2579 lacis
960 2539 1066 2578 non
1107 2532 1326 2594 propter
1357 2520 1543 2576 laudes
1574 2519 1851 2574 hominum
1883 2515 1965 2570 l'a-

376 2620 511 2683 cias,
538 2618 812 2689 magisque
840 2616 944 2670 illis
967 2627 1112 2672 recta
1150 2611 1489 2668 laudantibus
1534 2609 1819 2681 gratulerls
1848 2609 1964 2677 qui-

380 2711 479 2763 bus
534 2708 587 2762 id
644 2706 787 2776 quod
845 2706 1041 2760 bonum
1094 2713 1179 2759 est
1228 2702 1424 2772 placet,
1458 2716 1619 2772 quam
1665 2698 1782 2767 tibi,
1842 2698 1963 2767 quia

380 2810 528 2855 recte
556 2800 713 2865 vivis,
736 2798 947 2853 etiamsi
968 2812 1126 2852 nemo
1146 2794 1422 2859 laudaret;
1449 2795 1727 2862 ipsamque
1751 2790 1963 2846 laudem

380 2905 524 2947 tuam
556 2905 681 2947 tunc
712 2892 979 2962 intelligas
1021 2891 1201 2945 utilem
1233 2903 1355 2945 esse
1383 2888 1743 2952 laudantibus,
1778 2886 1825 2941 si
1857 2902 1963 2941 non

380 2987 608 3052 teipsutn
636 2984 687 3037 in
718 2992 806 3038 tua
832 2983 973 3039 bona
1007 2983 1136 3045 vita,
1164 2980 1259 3036 sed
1299 2980 1465 3035 Deum
1495 2980 1781 3043 honorent,
1807 2979 1965 3049 cujus

381 3077 776 3131 sanctissimum
828 3075 1082 3142 templum
1128 3082 1212 3128 est
1255 3074 1499 3143 quisquis
1539 3072 1670 3127 vivit
1717 3073 1873 3139 bene,
1908 3081 1965 3125 ut

2071 1866 2400 1934 hominibus,
2425 1870 2549 1938 quia
2577 1887 2685 1926 non
2715 1872 2838 1928 ideo
2875 1883 3024 1931 recte
3063 1877 3296 1935 faciebat
3324 1892 3377 1936 ut
3410 1882 3656 1951 placeret

2068 1957 2400 2025 hominibus,
2424 1961 2520 2015 sed
2549 1972 2608 2016 ut
2634 1962 2769 2029 Deo,
2799 1964 2866 2019 ad
2896 1965 3053 2034 cujus
3085 1982 3325 2025 amorem
3357 1972 3523 2027 corda
3554 1974 3655 2030 hoc

2066 2050 2273 2107 minum
2323 2053 2538 2110 volebat
2580 2063 2921 2124 convertere,
2970 2073 3039 2114 eo
3082 2058 3202 2129 ipso
3244 2077 3354 2133 quo
3403 2064 3657 2134 placebat

2067 2141 2375 2199 hominibus
2409 2162 2423 2198 :
2458 2146 2639 2216 itaque
2691 2156 2746 2201 et
2801 2164 2910 2203 non
2961 2164 3021 2205 se
3067 2151 3283 2219 placere
3340 2154 3658 2214 hominibus

2067 2242 2217 2290 recte
2237 2235 2472 2300 dicebat,
2503 2239 2630 2307 quia
2671 2239 2724 2292 in
2752 2252 2823 2294 eo
2851 2240 2969 2309 ipso
2996 2251 3051 2296 t.t
3074 2242 3185 2298 Deo
3208 2247 3446 2314 placeret
3474 2248 3655 2304 intue-

2067 2324 2226 2379 batur
2247 2339 2264 2381 :
2284 2333 2341 2380 et
2366 2325 2682 2394 placendum
2708 2344 2831 2385 esse
2856 2332 3166 2391 hominibus
3193 2349 3341 2395 recte
3371 2345 3657 2412 praecipio.

2069 2412 2160 2469 bat
2192 2431 2208 2469 :
2236 2430 2344 2470 non
2385 2426 2443 2470 ut
2472 2416 2574 2472 hoc
2608 2428 2953 2488 appeteretur
2981 2431 3232 2496 tauquam
3270 2445 3480 2486 merces
3508 2444 3657 2490 recte

2066 2505 2351 2575 factorum,
2382 2509 2477 2564 sed
2506 2511 2630 2581 quia
2666 2512 2774 2568 Deo
2815 2506 3031 2583 placere
3070 2533 3175 2573 non
3212 2531 3395 2590 posset
3420 2524 3511 2593 qui
3541 2540 3650 2583 non

2066 2615 2127 2656 se
2150 2601 2234 2655 his
2270 2617 2409 2671 quos
2438 2602 2615 2658 salvos
2660 2604 2772 2659 lieri
2801 2607 2962 2662 vellet
3005 2610 3270 2677 praeberet
3298 2613 3610 2671 imitandum
3632 2635 3651 2673 :

2068 2691 2268 2746 imitari
2344 2703 2523 2749 autem
2595 2694 2743 2749 illum
2815 2697 2907 2766 qui
2983 2698 3083 2753 sibi
3175 2716 3281 2755 non
3340 2702 3651 2772 placuerit,

2069 2784 2215 2837 nullo
2314 2782 2453 2839 laeto
2549 2784 2791 2857 [pacto]
2882 2788 3161 2857 quiquam
3240 2803 3434 2860 potest.
3500 2793 3655 2850 Sicut

2067 2889 2198 2944 ergo
2247 2888 2351 2929 non
2404 2875 2637 2930 absurde
2687 2876 2997 2945 loqueretur
3040 2881 3131 2948 qui
3172 2882 3416 2939 diceret:
3449 2884 3503 2939 In
3552 2885 3655 2941 hac

2069 2982 2232 3035 opera
2255 2982 2358 3037 qua
2383 2983 2570 3021 navem
2604 2983 2816 3037 quaero,
2846 2985 2950 3023 non
2984 2986 3175 3027 navem
3203 2990 3411 3043 quaero,
3433 2977 3530 3031 sed
3557 2993 3656 3046 pa-

2070 3060 2261 3124 triam;
2294 3058 2374 3112 sic
2416 3060 2707 3124 Apostolus
2753 3063 3139 3117 convenienter
3180 3064 3388 3120 diceret
3419 3084 3432 3120 :
3470 3067 3523 3122 in
3553 3068 3655 3126 hac

385 3166 513 3221 illud
563 3167 849 3236 impleatur
890 3165 1031 3236 quod
1070 3165 1144 3219 ait
1184 3164 1390 3219 David:
1428 3162 1482 3217 In
1515 3162 1741 3217 Domino
1772 3161 1957 3215 lauda-

2069 3163 2229 3217 Opera
2281 3164 2384 3218 qua
2455 3148 2759 3203 hominibus
2829 3151 3063 3220 placeo.
3138 3170 3244 3208 nou
3312 3156 3654 3222 hominibus.

382 3261 525 3313 bitur
547 3261 722 3313 anima
752 3275 889 3321 mea,
921 3258 1141 3312 audiant
1164 3260 1321 3311 mites
1344 3255 1773 3323 etjocundt-ntur
1795 3258 1968 3324 [man-

383 3352 518 3407 sueti
549 3360 603 3405 et
632 3350 920 3422 lmtentur].
951 3350 1188 3405 Pertinet
1218 3363 1347 3417 ergo
1367 3347 1434 3402 ad
1464 3347 1680 3401 oculum
1711 3347 1967 3401 mundum

384 3458 488 3496 non
514 3442 709 3496 intueri
740 3442 791 3495 iu
815 3451 961 3496 recte
988 3440 1230 3495 faciendo
1263 3438 1449 3494 laudes
1481 3438 1782 3505 hominum,
1810 3449 1863 3495 et
1901 3439 1969 3494 ad

383 3548 475 3589 eas
514 3532 717 3587 referte
744 3532 883 3599 quod
931 3540 1079 3585 recte
1110 3530 1261 3596 l'acis,
1296 3530 1346 3584 id
1390 3540 1473 3584 est
1506 3539 1787 3598 propterea
1820 3538 1969 3586 recte

382 3624 561 3677 facere
592 3621 787 3691 aliquid
820 3632 877 3676 ut
908 3620 1214 3675 hominibus
1249 3623 1492 3691 placeas;
1518 3621 1597 3675 sic
1624 3621 1768 3676 enim
1805 3622 1966 3676 etiam

382 3715 637 3770 simulare
671 3716 865 3769 bonum
898 3714 1104 3779 libebit,
1136 3713 1181 3767 si
1212 3728 1316 3768 non
1347 3714 1690 3768 attendentur
1715 3713 1971 3787 [attendi-

383 3804 517 3876 tur],
545 3807 642 3859 nisi
696 3816 753 3859 ut
782 3806 942 3860 homo
992 3805 1192 3870 laudet,
1232 3806 1323 3875 qui
1372 3807 1626 3874 quoniam
1659 3805 1844 3859 videre
1874 3818 1970 3859 cor

383 3916 491 3953 non
517 3909 708 3967 pctest,
734 3908 911 3967 potest
935 3898 1095 3953 etiam
1129 3896 1263 3952 falsa
1297 3897 1554 3952 laudare:
1586 3896 1728 3966 quod
1763 3896 1853 3966 qui
1885 3896 1962 3950 fa-

382 3990 559 4054 ciunt,
589 3989 639 4043 id
673 4000 755 4044 est
797 3989 889 4059 qui
933 3988 1224 4043 bonitatem
1255 3986 1529 4049 simulant,
1563 3986 1761 4053 duplici
1804 3984 1968 4040 corde

382 4088 528 4132 sunt.
572 4079 684 4133 Non
716 4094 845 4145 ergo
890 4077 1052 4132 habet
1097 4078 1326 4147 simplex
1373 4091 1487 4140 cor,
1519 4075 1569 4129 id
1598 4086 1678 4129 i-st
1708 4074 1965 4128 mundum

381 4186 500 4234 cor,
534 4172 631 4225 nisi
669 4169 761 4239 qui
802 4169 1129 4224 transcendit
1174 4168 1440 4223 humanas
1488 4167 1692 4232 laudes,
1727 4175 1782 4221 et
1814 4166 1962 4220 itlum

382 4261 557 4313 solum
589 4261 824 4315 intuetur
854 4274 971 4314 cum
998 4268 1146 4315 recte
1177 4258 1327 4322 vivit,
1359 4267 1412 4313 et
1440 4259 1486 4313 ei
1521 4260 1734 4325 placere
1775 4258 1966 4313 nititur

383 4354 477 4422 qui
506 4352 853 4407 conscientiae
882 4353 1029 4407 solus
1061 4353 1335 4420 inspector
1360 4360 1470 4414 est;
1521 4350 1587 4405 de
1629 4348 1783 4421 ctijns
1830 4365 1959 4404 con-

382 4443 624 4498 scientia:
658 4446 886 4513 puritate
918 4442 1173 4512 quidquid
1208 4440 1469 4509 procedit.
1498 4448 1647 4494 tanto
1673 4449 1755 4495 est
1783 4439 1963 4493 lauda-

2073 3239 2169 3296 sed
2248 3240 2362 3295 Deo
2436 3241 2617 3309 placeo
2649 3280 2668 3308 ,
2741 3242 2864 3311 quia
2923 3258 3029 3297 non
3090 3244 3192 3298 hoc
3238 3256 3483 3317 appeto,
3556 3251 3654 3306 sed

2069 3332 2137 3388 ad
2214 3334 2266 3388 id
2332 3332 2509 3389 refero
2557 3342 2615 3388 ut
2653 3347 2742 3388 me
2793 3333 3072 3390 imitentur
3125 3352 3260 3407 quos
3310 3339 3489 3395 salvos
3535 3340 3650 3398 ﬁeri

2070 3426 2229 3492 volo;
2262 3426 2401 3481 sicut
2439 3426 2569 3481 dicit
2610 3426 2680 3481 de
2726 3427 3004 3482 oblatione
3043 3444 3162 3498 qua:
3208 3431 3267 3484 lit
3316 3431 3370 3486 in
3412 3446 3653 3501 sanctos,

2072 3531 2179 3571 non
2209 3516 2332 3586 quia
2360 3531 2543 3586 quaero
2564 3516 2772 3580 datum,
2801 3516 2895 3570 sed
2945 3518 3155 3587 inquiro
3192 3518 3475 3594 [requiro]
3506 3523 3650 3580 l‘ruc-

2072 3618 2208 3674 tum,
2242 3608 2295 3663 id
2340 3619 2440 3673 est,
2474 3608 2615 3677 quod
2646 3621 2828 3676 quaero
2873 3608 3055 3663 datum
3103 3621 3363 3674 vestrum,
3397 3628 3503 3667 non
3553 3617 3655 3670 hoc

2070 3716 2273 3771 qurere,
2307 3701 2401 3754 sed
2434 3700 2666 3751 fructum
2697 3707 2966 3751 vestrum:
2988 3700 3086 3751 hoc
3106 3702 3247 3753 enim
3270 3702 3467 3756 indicio
3490 3718 3655 3773 appa-

2070 3807 2190 3847 rere
2210 3798 2417 3860 poterat
2438 3799 2693 3857 quantum
2726 3788 3146 3856 profecissentin
3177 3790 3361 3859 Deum,
3383 3809 3503 3849 cum
3526 3797 3575 3850 id
3595 3799 3655 3851 li-

2072 3884 2264 3939 benter
2284 3882 2520 3936 lacerent
2542 3878 2860 3953 [olIerrent],
2877 3882 3017 3949 quod
3042 3899 3149 3937 non
3173 3894 3389 3954 propter
3401 3890 3653 3958 gaudium

2066 3977 2254 4048 desg
2273 3974 2604 4041 muneribus,
2623 3974 2719 4029 sed
2763 3985 2980 4042 prOpter
3007 3978 3440 4035 communionem
3466 3983 3647 4039 chari-

2071 4068 2197 4122 tatis
2225 4069 2292 4120 ab
2322 4082 2388 4122 eo
2420 4067 2783 4136 quaerebatur.
2810 4066 2887 4119 Illi
2929 4081 3060 4136 ergo
3100 4082 3459 4139 perceperunt
3506 4089 3653 4129 mer-

2066 4159 2251 4214 cedem
2280 4172 2453 4221 suam,
2477 4156 2565 4225 qui
2590 4173 2693 4210 non
2732 4157 2802 4211 ob
2831 4156 2975 4211 aliud
2996 4158 3399 4230 eleemosynam
3447 4160 3649 4218 faciunt

2068 4252 2171 4307 nisi
2195 4259 2252 4306 ut
2275 4249 2639 4320 gloriﬁcentur
2669 4251 2736 4305 ab
2767 4251 3071 4308 hominibus
3096 4270 3111 4307 :
3140 4270 3243 4309 non
3271 4255 3317 4310 si
3340 4256 3652 4325 gloriﬁcen-

2069 4353 2155 4398 tur
2181 4342 2250 4397 ab
2272 4341 2599 4407 hominibus,
2635 4341 2732 4396 sed
2754 4341 2796 4395 si
2823 4340 2943 4398 ideo
2966 4342 3163 4399 faciant
3187 4353 3243 4399 ut
3264 4345 3651 4417 gloriﬁcentur,

2066 4438 2205 4491 sicut
2249 4434 2499 4504 superius
2548 4439 2826 4488 tractatum
2872 4444 2974 4488 est.
3025 4435 3167 4490 Laus
3213 4437 3361 4491 enim
3415 4438 3649 4495 humana

382 4536 565 4601 bilius,
596 4548 798 4607 quanto
828 4537 1088 4590 humanas
1127 4534 1311 4588 laudes
1342 4533 1516 4587 minus
1543 4531 1827 4587 desiderat.
1862 4530 1960 4586 Ca.
1993 4523 2043 4586 Ι)
2069 4544 2174 4585 non
2197 4527 2374 4597 appeti
2404 4535 2594 4581 arcete
2619 4524 2869 4593 faciente,
2890 4526 2985 4580 sed
3009 4526 3161 4596 sequi
3193 4527 3354 4583 debet
3383 4539 3530 4585 recte
3557 4531 3654 4586 la-

383 4640 507 4683 vete
558 4646 706 4698 ergo,
754 4630 947 4699 inquit,
990 4628 1166 4682 lacere
1216 4625 1478 4695 justitiam
1526 4635 1757 4679 vestram
1786 4640 1965 4679 coram

381 4723 711 4788 hominibus,
755 4733 811 4777 ut
857 4721 1142 4776 videamini
1174 4722 1241 4775 ab
1268 4720 1380 4785 eis,
1412 4719 1464 4773 id
1510 4726 1615 4784 est,
1654 4727 1838 4772 cavete
1867 4718 1967 4773 hoc

378 4812 566 4865 animo
609 4814 751 4881 juste
789 4814 986 4877 vivere,
1022 4821 1074 4867 et
1113 4812 1187 4866 ibi
1237 4812 1563 4865 constituere
1598 4810 1794 4863 bonum
1841 4824 1965 4863 vcs-

380 4916 548 4965 trmn,
577 4914 631 4956 ut
669 4918 766 4956 vos
798 4904 1010 4958 videant
1066 4901 1344 4966 homines;
1373 4900 1608 4969 alioquin
1658 4900 1965 4955 mercedem

379 5009 493 5047 non
524 4994 789 5047 habebitis
820 4994 957 5062 apud
1012 4992 1223 5047 Patrem
1276 5000 1515 5046 vestrum
1572 4990 1663 5059 qui
1714 4991 1763 5043 in
1813 4991 1967 5044 cmlis

378 5094 469 5136 est
496 5100 509 5134 :
543 5100 646 5137 non
679 5085 720 5137 si
743 5086 807 5137 al-
828 5084 1134 5138 hominibus
1149 5082 1459 5147 videamini,
1491 5080 1583 5135 sed
1610 5081 1652 5135 si
1678 5091 1963 5151 propterea

376 5176 524 5246 juste
555 5176 742 5228 νίνέιιίε
792 5184 851 5229 ut
894 5177 961 5228 ab
1008 5174 1313 5228 hominibus
1369 5172 1680 5226 videamini.
1712 5173 1840 5226 Nam
1875 5174 1961 5229 ubi

376 5268 490 5321 crit
534 5267 671 5335 quod
723 5268 774 5319 in
830 5266 1088 5334 principio
1124 5265 1389 5318 sermonis
1421 5265 1578 5331 hujus
1610 5265 1808 5318 dictum
1840 5274 1959 5319 est:

377 5359 494 5414 Vos
523 5360 654 5415 estis
706 5360 883 5414 lumen
936 5358 1089 5432 [lux]
1121 5358 1351 5412 mundi?
1380 5357 1494 5412 Non
1552 5369 1728 5427 potest
1768 5360 1958 5414 civitas

375 5452 636 5505 abscondi
684 5466 847 5520 super
895 5460 1129 5504 montem
1180 5450 1385 5519 posita,
1443 5465 1615 5518 neque
1655 5453 1958 5507 accendunt

376 5545 655 5599 lucernam
687 5554 738 5597 et
773 5554 971 5611 ponunt
996 5558 1113 5596 eam
1144 5541 1245 5595 sub
1282 5541 1482 5607 modio,
1515 5541 1609 5594 sed
1640 5558 1804 5611 super
1828 5559 1960 5598 can-

377 5635 681 5699 delabrum,
714 5646 770 5687 ut
801 5635 976 5689 luceat
1003 5634 1251 5689 omnibus
1280 5632 1369 5701 qui
1399 5632 1450 5685 in
1483 5631 1643 5687 domo
1672 5644 1797 5688 sunt
1829 5651 1844 5689 :
1878 5638 1957 5690 sic

381 5730 557 5781 luceat
601 5728 776 5781 lumen
820 5735 1053 5781 vestrum
1086 5740 1265 5781 coram
1300 5722 1625 5796 hominibus,
1660 5734 1718 5782 ut
1747 5725 1961 5783 videant

577 5805 609 5835 Ο

2070 4624 2320 4692 cientem,
2348 4631 2404 4677 ut
2425 4622 2530 4676 illis
2574 4619 2857 4691 proﬁciant
2879 4622 2967 4689 qui
2996 4621 3159 4675 etiam
3205 4621 3400 4678 imitari
3431 4636 3654 4694 possunt

2070 4714 2212 4785 quod
2236 4713 2474 4778 laudant,
2499 4726 2605 4766 non
2639 4721 2694 4765 ut
2716 4711 2840 4764 hinc
2871 4720 3021 4779 putet
3046 4712 3244 4779 aliquid
3276 4729 3371 4769 eos
3398 4716 3501 4772 siti
3530 4733 3654 4788 pro--

2069 4810 2227 4863 desse
2273 4822 2433 4877 quem
2473 4806 2711 4860 laudant.
2745 4804 2823 4860 Te
2858 4817 3036 4860 autem
3089 4806 3323 4865 faciente
3352 4812 3651 4885 eleemosy-

2072 4918 2218 4966 nam,
2252 4916 2356 4955 non
2379 4894 2779 4971 sciat[nesciat]
2812 4897 3031 4953 sinistra
3059 4906 3149 4953 tua
3170 4901 3299 4969 quid
3336 4902 3496 4958 faciat
3523 4906 3653 4959 dex-

2073 5004 2184 5050 tcra
2211 5005 2320 5047 tua.
2349 4992 2488 5046 Nihil
2516 4992 2934 5059 consequentius
2965 4992 3182 5046 sinistra
3210 4993 3420 5050 videtur
3444 4998 3650 5065 signiti-

2070 5102 2213 5151 care,
2244 5098 2405 5154 quam
2452 5082 2619 5151 ipsam
2650 5080 3062 5136 delectationem
3094 5082 3302 5148 laudis;
3337 5084 3524 5137 dextra
3556 5100 3651 5138 au-

2071 5191 2176 5235 tem
2208 5175 2840 5249 signiticatintentionem
2863 5176 3117 5245 implendi
3152 5185 3415 5244 praecepta
3446 5177 3649 5234 divina.

2067 5270 2201 5327 Cum
2231 5271 2410 5338 itaque
2431 5265 2777 5321 conscientiae
2817 5266 3061 5322 facientis
3094 5268 3487 5335 elecmosynam
3517 5272 3648 5323 mis-

2068 5371 2153 5417 cet
2182 5375 2241 5416 se
2289 5356 2546 5427 appetitio
2586 5356 2761 5411 laudis
2792 5360 3061 5421 humanm,
3106 5356 3160 5408 tit
3191 5356 3405 5410 sinistra
3433 5361 3647 5413 conscii

2068 5453 2249 5523 operis
2299 5451 2525 5505 dextrae.
2554 5447 2769 5503 Nesciat
2796 5461 2924 5514 ergo
2954 5446 3174 5500 sinistra
3216 5456 3303 5499 tua
3332 5449 3457 5516 quid
3491 5449 3651 5506 faciat

2067 5546 2285 5598 dextera
2318 5550 2428 5605 tua,
2458 5540 2508 5594 id
2539 5548 2644 5606 est,
2678 5552 2783 5591 non
2815 5551 2875 5589 se
2920 5534 3139 5590 misceat
3177 5540 3517 5592 conscientim
3546 5551 3649 5596 tum

2070 5637 2243 5692 laudis
2272 5636 2517 5689 humanae
2561 5629 2837 5700 appetitio,
2877 5642 2995 5681 cum
3028 5627 3367 5700 elcemosyua
3401 5631 3645 5689 facienda

2071 5731 2305 5786 divinum
2341 5732 2663 5797 praeceptum
2690 5720 2975 5777 contendis
3015 5721 3259 5790 implere.
3290 5724 3353 5781 Ut
3400 5726 3473 5783 sit
3498 5729 3645 5784 etce-
