4020 6190
470 338 601 394 1031

470 470 689 527 niosyna
725 464 808 508 tua
869 454 921 506 in
962 448 1273 504 abscondito
1322 441 1651 516 [ibsconsn].
1696 442 1833 508 Quid
1864 450 1947 495 est
1988 441 2041 493 iu
2087 445 2133 502 Α

470 546 752 599 abeundito
774 586 788 608 ,
822 545 921 598 nisi
954 544 1005 594 in
1032 544 1141 605 ipsa
1171 542 1304 592 bona
1335 535 1687 598 conSeientia,
1718 550 1836 603 qua:
1871 534 2055 585 ltunta-

472 639 551 690 nis
580 638 752 690 oculis
775 632 1130 689 demonstrari
1157 644 1261 680 non
1296 636 1473 694 potest
1498 640 1595 679 nec
1620 624 1797 677 verbis
1824 621 2061 691 aperiri?

470 725 897 795 quandoquidem
926 722 1077 776 multi
1115 721 1279 773 multa
1318 722 1671 772 mentiuntur.
1701 716 2058 783 Quapropter,

471 821 514 872 si
546 824 730 872 dextra
760 816 1085 868 intrinsecus
1113 812 1217 881 agit
1250 811 1302 863 itt
1325 810 1665 872 abscondito,
1696 810 1759 859 ad
1786 807 2058 859 sinistram

472 912 747 980 pertinent
775 918 1041 960 extertora
1075 904 1252 954 omnia
1285 916 1403 969 qua:
1434 911 1558 954 sunt
1586 899 1813 952 visibilia
1845 909 1895 949 et
1928 907 2062 948 tem-

472 1003 699 1067 toraIia.
742 1001 824 1054 Sit
855 1015 984 1066 ergo
1031 998 1380 1062 eleemosyna
1425 1002 1508 1046 tua
1544 994 1596 1046 in
1630 992 1744 1060 ipsa
1773 989 2061 1045 conscien-

469 1098 573 1159 tia,
610 1094 702 1146 ubi
769 1093 918 1146 multi
977 1090 1371 1158 elecmosynam
1424 1085 1625 1139 faciunt
1671 1084 1807 1137 bOna
1874 1082 2063 1134 volun-

472 1195 603 1247 tate,
636 1185 844 1239 etiamsi
897 1181 1179 1251 pecuniam
1225 1180 1302 1232 vel
1337 1178 1381 1231 si
1428 1178 1551 1246 quid
1602 1183 1686 1229 est
1723 1173 1868 1225 ali-id
1919 1172 2061 1239 quod

468 1279 613 1345 inopi
645 1274 981 1347 largiendum
1013 1283 1098 1325 est
1133 1289 1237 1324 non
1281 1270 1512 1331 habent;
1542 1267 1693 1321 multi
1718 1276 1896 1319 autem
1933 1264 2063 1317 foris

471 1367 694 1434 faciunt,
727 1378 781 1421 et
809 1368 954 1419 intus
999 1378 1105 1415 non
1153 1362 1374 1424 faciunt,
1407 1359 1495 1427 qui
1537 1357 1621 1411 vel
1654 1354 1951 1409 ambitione
1976 1354 2061 1407 vel

470 1460 696 1528 alicujus
729 1454 1039 1525 temporalis
1084 1454 1159 1506 rei
1202 1452 1404 1521 gratia,
1436 1449 1626 1504 volunt
1679 1444 2062 1500 misericordes

470 1549 665 1615 rideri,
709 1547 986 1615 inquibus
1014 1543 1128 1598 sola
1176 1542 1395 1597 sinistra
1441 1537 1655 1608 orerari
1705 1533 2059 1591 existimanda

468 1652 574 1697 est.
612 1643 738 1695 Item
771 1638 860 1694 alii
882 1637 1034 1708 quasi
1061 1637 1295 1689 medium
1327 1634 1467 1687 inter
1491 1640 1750 1699 utrosque
1771 1628 1945 1681 locum
1978 1636 2059 1681 te-

473 1744 624 1798 nent,
649 1742 706 1787 ut
725 1745 775 1786 et
799 1734 850 1785 in
880 1731 1098 1784 entione
1127 1743 1245 1796 qitze
1275 1727 1325 1778 in
1354 1725 1522 1778 Deam
1548 1731 1631 1775 est
1656 1721 2057 1789 eleemosyuam

471 1825 691 1891 faciant,
735 1835 790 1878 et
822 1834 999 1877 tamen
1050 1823 1250 1875 inserat
1296 1833 1355 1871 se
1398 1816 1523 1869 huic
1547 1818 1760 1881 optione
1795 1808 2058 1865 voluntati
2093 1820 2138 1878 Β

468 1919 723 1970 nonnulla
778 1916 940 1970 etiam
994 1914 1165 1965 laudis
1195 1911 1278 1963 vel
1332 1910 1598 1975 cujusque
1628 1907 1703 1959 rei
1753 1905 1957 1973 fragilis
2004 1916 2059 1957 et

473 2007 786 2075 temporalis
834 2006 1143 2075 cupiditas:
1178 2001 1269 2053 sed
1328 2000 1585 2053 Dominus
1653 2005 1838 2049 noster
1890 1996 2059 2048 multo

470 2100 848 2154 vehementius
881 2096 1129 2165 prohibet
1158 2094 1329 2149 solam
1358 2092 1625 2144 sinistram
1666 2089 1721 2142 in
1752 2088 1906 2142 nobis
1932 2103 2062 2155 ope-

472 2191 613 2254 rari,
661 2190 877 2259 quando
940 2189 1103 2241 etiam
1171 2184 1384 2239 misceri
1436 2198 1554 2237 eam
1607 2190 1748 2235 vetat
1809 2181 2061 2248 operibus

469 2282 697 2343 dextrae,
723 2290 781 2333 ut
825 2279 1033 2333 scilicet
1072 2292 1177 2331 non
1217 2275 1378 2328 modo
1418 2275 1532 2327 sola
1563 2271 1935 2339 temporalium
1970 2284 2057 2321 re—

470 2390 587 2426 rum
631 2372 929 2439 cupiditate
965 2382 1248 2423 caveamus
1287 2366 1683 2431 eltietitosyttattt
1739 2363 1934 2425 facere,
1963 2359 2057 2413 sed

471 2479 570 2517 nec
599 2463 668 2516 ita
695 2462 747 2515 in
785 2462 885 2515 Itoc
922 2476 1087 2529 opere
1117 2458 1456 2511 attendamus
1499 2455 1689 2517 Deum,
1724 2465 1781 2505 ut
1811 2467 1931 2505 sese
1961 2450 2061 2504 nii-

471 2563 620 2608 sceat
658 2554 739 2605 vel
790 2551 1046 2621 adiungat
1095 2549 1431 2603 exteriorum
1463 2545 1724 2615 appetitio
1751 2543 2061 2597 commodo-

470 2664 607 2701 rum.
640 2648 827 2717 Agitur
849 2648 989 2699 enim
1019 2646 1087 2697 de
1112 2642 1275 2696 cordo
1299 2640 1626 2703 mttndaudo,
1652 2637 1791 2707 quod
1817 2637 1916 2690 nisi
1943 2635 2067 2691 fue-

472 2742 535 2795 rit
569 2740 822 2807 simplex,
862 2739 1116 2792 mundum
1151 2751 1257 2789 non
1288 2736 1390 2788 erit
1416 2752 1430 2787 :
1457 2733 1683 2801 simplex
1716 2741 1898 2785 autem
1933 2743 2065 2799 quo-

476 2833 635 2885 tnodo
677 2834 803 2895 erit,
837 2833 879 2883 si
912 2828 1117 2883 duobus
1172 2825 1407 2881 dominis
1447 2826 1632 2890 servit,
1692 2836 1790 2877 nec
1835 2834 1935 2874 una
1988 2818 2070 2872 in-

482 2925 725 2979 lectione
772 2939 951 2978 rerum
1005 2934 1326 2974 a-ternarutu
1378 2917 1616 2985 ptiriiicat
1698 2915 1794 2968 ιειίι
1815 2930 1865 2966 ιιι
1909 2925 2061 2965 suam

489 3018 588 3071 sed
638 3030 754 3071 enni
790 3014 1023 3071 tucrtalit
1048 3030 1098 3068 ιιι
1127 3029 1211 3082 qui
1235 3029 1338 3080 que
1368 3009 1516 3078 ftapil
1543 3024 1610 3061 ιιιι
1634 3022 1733 3075 que
1762 3018 2077 3059 rcmmamo

474 3130 535 3169 re
578 3110 1003 3167 obnubilat?Sit
1030 3124 1159 3178 ergo
1186 3107 1525 3175 elcemosyra
1560 3112 1642 3156 tua
1678 3100 1731 3154 in
1765 3096 2075 3152 abscondito

478 3202 786 3277 [absconso’]
809 3244 825 3269 ,
871 3203 1130 3265 et,I’ater
1167 3209 1287 3253 tuus
1324 3196 1413 3266 qui
1445 3196 1582 3248 videt
1633 3193 1683 3245 in
1728 3189 2060 3251 abscondito,
2096 3202 2138 3261 ς

472 3298 562 3352 ted
587 3298 658 3351 'et
685 3297 807 3359 tibi;
839 3295 1136 3348 rectissime
1157 3292 1377 3345 omnino
1429 3300 1479 3341 et
1509 3286 1811 3339 veriss‘me.
1836 3280 1892 3335 Si
1918 3280 2057 3334 enim

473 3385 749 3457 praemium
791 3386 857 3435 ab
887 3400 952 3435 eo
981 3390 1263 3449 exspectas
1309 3379 1404 3448 qui
1428 3375 1770 3431 conscientim
1802 3372 1945 3425 solus
1985 3370 2063 3421 in-

475 3489 693 3545 spretor
719 3486 823 3538 est,
856 3475 1086 3526 snliiciat
1118 3473 1210 3525 tibi
1241 3472 1305 3523 ad
1340 3468 1753 3539 promerendum
1778 3463 2055 3535 p-anniunt

475 3572 585 3637 ipsa
613 3568 963 3620 conscientia.

999 3632 1224 3688 CAPUT
1265 3628 1533 3687 CCCXIII.

472 3730 576 3783 Cur
599 3728 851 3782 orandum
872 3730 937 3781 sit
958 3770 968 3787 ,
1006 3726 1112 3779 Deo
1155 3726 1340 3777 sciente
1362 3722 1488 3791 quid
1514 3718 1657 3772 nobis
1681 3717 2058 3779 necessarium,-

1049 3813 1114 3849 α
1137 3798 1311 3849 eodem
1345 3795 1494 3846 libro.

539 3913 717 3981 Qut-ri
750 3921 921 3982 potest
948 3914 1061 3967 sive
1093 3910 1249 3964 rebus
1284 3908 1401 3962 sive
1443 3905 1621 3960 verbis
1665 3902 1927 3957 arandum
1954 3901 2059 3955 sit?

472 4007 595 4076 quid
620 4022 755 4073 opus
783 4006 851 4059 sit
881 4006 995 4073 ipsa
1044 4004 1311 4067 oratione,
1358 4002 1402 4054 si
1449 4000 1589 4052 Deus
1619 3998 1727 4065 jam
1761 3995 1907 4050 novit
1938 3993 2064 4063 quid

474 4098 629 4152 nobis
649 4099 721 4150 sit
747 4094 1147 4151 necessarium?
1176 4095 1275 4145 nisi
1306 4092 1428 4159 quia
1461 4089 1571 4157 ipsa
1603 4087 1869 4141 orationis
1900 4086 2073 4137 inten-

487 4192 561 4245 tio
576 4205 670 4245 cor
685 4199 923 4244 nostrum
950 4196 1161 4240 serenat
1193 4194 1249 4238 et
1279 4190 1498 4252 purgat,
1517 4178 1884 4246 capaciusque
1912 4175 2073 4230 efﬁcit

473 4284 539 4337 ad
562 4280 872 4352 excipienda
889 4279 1067 4333 divina
1105 4290 1326 4332 munera
1351 4288 1470 4343 quae
1493 4270 1805 4340 spiritaliter
1826 4267 1980 4324 nobis
1996 4266 2077 4320 in-

474 4375 787 4431 funduntur.
814 4373 929 4427 Non
967 4371 1109 4426 enim
1147 4367 1443 4421 ambitione
1486 4377 1703 4432 precum
1734 4376 1833 4414 nos
1859 4358 2077 4415 exaudit

477 4468 637 4533 Deus,
664 4466 752 4535 qui
783 4477 997 4532 semper
1023 4470 1241 4529 paratus
1264 4466 1348 4511 est
1374 4457 1505 4511 dare
1529 4470 1681 4509 suam
1714 4452 1889 4506 lucem
1914 4450 2069 4504 nobis

474 4573 582 4611 non
596 4556 879 4617 visibilem,
895 4553 988 4608 sed
1007 4550 1394 4620 intelligibilem
1416 4557 1469 4601 et
1502 4543 1836 4615 spiritalem;
1855 4542 1949 4597 sed
1974 4556 2071 4595 nos

476 4662 582 4701 non
609 4662 823 4713 semper
848 4645 1016 4714 parati
1050 4656 1237 4699 sumus
1275 4638 1545 4706 accipere,
1576 4636 1707 4689 cum'
1729 4634 2064 4689 declinantur

478 4738 848 4808 [inclinantur]
874 4740 925 4791 in
947 4737 1073 4803 alia,
1097 4745 1146 4789 et
1170 4749 1349 4789 rerum
1380 4728 1751 4798 temporalium
1782 4725 2073 4794 cupiditate

480 4835 845 4883 tenebramur.
892 4827 977 4882 Fit
1024 4843 1153 4896 ergo
1194 4828 1246 4880 in
1286 4824 1531 4877 oratione
1567 4818 1853 4874 conversio
1894 4816 2073 4870 cetdis

479 4920 545 4974 ad
569 4934 690 4975 eum
724 4918 813 4988 qui
850 4933 1063 4986 semper
1082 4918 1210 4971 dare
1234 4925 1451 4984 paratus
1473 4920 1575 4977 est,
1601 4911 1646 4964 si
1676 4924 1771 4964 nos
1794 4907 2071 4977 capiamus

477 5012 619 5080 quod
642 5007 870 5072 dederit,
900 5016 956 5061 et
984 5008 1036 5061 in
1065 5008 1176 5075 ipsa
1198 5004 1552 5059 conversione
1580 5000 1827 5070 purgatio
1845 4997 2069 5051 interio-

478 5104 555 5158 ris
577 5102 738 5165 oculi,
771 5116 891 5154 cum
928 5099 1293 5152 excluduntur
1321 5112 1382 5151 ea
1411 5110 1530 5165 quae
1562 5090 1930 5161 temporaliter
1969 5103 2061 5142 cu-

481 5196 789 5265 piebantur,
816 5201 874 5246 ut
902 5191 1048 5245 acies
1077 5187 1334 5255 simplicis
1359 5185 1537 5240 cordis
1573 5185 1709 5237 ferre
1739 5182 1905 5251 possit
1934 5180 2062 5233 sitn-

480 5293 671 5361 pliceut
706 5291 903 5354 lucem,
935 5284 1192 5339 divinitus
1232 5281 1351 5335 sine
1386 5280 1495 5332 ullo
1521 5292 1712 5331 occasu
1743 5281 1836 5328 aut
1872 5275 2065 5327 itntnu-

477 5384 678 5438 Ia'ione
724 5383 1045 5450 fulgentem;
1091 5390 1189 5430 nec
1229 5374 1402 5428 solum
1438 5372 1599 5433 ferre,
1630 5369 1721 5423 sed
1758 5368 1920 5422 etiam
1950 5381 2062 5418 ma-

482 5491 609 5529 nere
654 5478 705 5529 in
751 5475 864 5537 illa,
907 5487 1011 5525 non
1046 5475 1250 5522 tantum
1299 5464 1416 5519 sine
1472 5462 1740 5522 m0lestia,
1777 5459 1870 5515 sed
1901 5459 2061 5513 etiam

483 5580 602 5616 cum
630 5564 889 5618 IlleﬂabiII
918 5562 1132 5626 gaudio.
1164 5557 1305 5628 qttud
1339 5571 1462 5609 vere
1494 5569 1554 5608 at:
1586 5551 1867 5607 sinceriter
1909 5550 1955 5603 bi
1978 5558 2065 5602 ata

481 5656 591 5709 vita
617 5658 906 5724 percipitur
947 5649 1285 5728 [perﬁcitur].

1003 5764 1228 5818 CAPUT
1276 5758 1549 5816 CCCXIV.

486 5855 566 5910 De
592 5854 879 5921 differentia
920 5856 1206 5909 imitationis
1234 5873 1246 5910 :
1273 5865 1318 5910 et
1355 5852 1607 5923 quomodo
1651 5846 1883 5901 dia'rlus
1915 5852 2064 5897 sicte-

1554 329 1614 381 D.
1658 324 1975 383 EUGYI’PII
2017 324 2306 381 ABBATIS
2349 325 2665 381 AFIIICANI

3608 325 3733 382 I052

2231 442 2305 564 gi;
2345 452 2462 494 ante
2509 440 2671 495 Deum
2704 449 2791 492 aut
2840 439 2962 509 petit
2990 438 3089 494 Job
3129 439 3455 505 tentandum;
3481 455 3547 493 ex
3579 442 3739 494 eodem

2258 529 2270 562 1
2309 529 2385 564 ro.

2258 529 2385 567 toro.

2234 664 2401 718 Sexta
2433 664 2615 731 petitio
2639 673 2738 729 est,
2764 664 2827 717 Et
2852 678 2917 717 ne
2949 676 3046 716 nus
3074 662 3272 717 inferas
3301 661 3353 715 in
3383 663 3743 715 tentationem.

2163 754 2412 807 Nonnulli
2446 754 2544 806 cod
2569 770 2659 807 ces
2695 753 2915 814 habent,
2956 752 3199 817 inducas,
3235 751 3378 820 quod
3421 750 3746 804 tantumdem

2166 849 2343 900 valere
2378 845 2640 910 arbitror;
2676 860 2796 898 nam
2831 861 2893 899 ex
2930 860 3035 897 uno
3067 845 3254 896 Graeco
3277 843 3420 913 quod
3452 842 3655 894 dictum
3674 850 3751 895 est

2166 940 2369 1009 ἐνέγκῃς
2425 935 2637 1008 [εἰσενέγ
2672 933 2771 1007 pd,
2827 936 3015 989 Latine
3085 944 3367 1001 utrumque
3440 931 3747 985 translatum

2166 1042 2270 1083 est.
2303 1032 2446 1084 Multi
2479 1039 2658 1083 autem
2688 1026 3031 1095 deprecando
3064 1026 3135 1079 ita
3178 1024 3361 1077 dicunt
3390 1041 3404 1076 :
3431 1022 3509 1076 Ne
3533 1039 3633 1076 nos
3672 1038 3752 1091 pa-

2169 1125 2317 1178 tiaiis
2370 1126 2549 1176 induci
2606 1123 2657 1175 in
2709 1123 3084 1185 tentatiouem,
3141 1127 3475 1186 exponentes
3514 1116 3755 1172 videlicet

2167 1216 2437 1284 quomodo
2467 1215 2667 1267 dictum
2712 1213 2781 1265 sit
2810 1211 3055 1265 inducas.
3100 1208 3215 1263 Non
3238 1211 3381 1263 enim
3407 1223 3501 1276 per
3522 1207 3753 1275 seipsunt

2169 1310 2371 1362 inducit
2402 1308 2565 1373 Deus,
2590 1305 2684 1360 sed
2718 1303 2893 1358 induci
2918 1302 3119 1372 patitur
3143 1317 3266 1357 eum
3294 1317 3451 1369 quem
3482 1316 3585 1355 suo
3616 1305 3754 1354 auxi-

2168 1399 2239 1453 lio
2272 1399 2593 1461 deseruerit,
2626 1396 2815 1449 ordine
2845 1393 3213 1449 occultissimo
3243 1407 3306 1447 ac
3333 1392 3541 1447 meritis
3563 1391 3751 1456 causis,

2167 1493 2330 1547 etiam
2372 1506 2516 1561 saepe
2548 1487 2867 1550 manifestis,
2899 1487 3116 1556 dignum
3137 1484 3342 1554 judicat
3370 1484 3460 1539 ille
3481 1498 3647 1553 quem
3670 1483 3749 1537 de-

2166 1596 2313 1642 serat
2341 1594 2393 1639 ct
2437 1585 2489 1637 in
2532 1582 2880 1638 tentatiunem
2930 1578 3107 1635 induci
3150 1579 3311 1633 sinat.
3353 1576 3509 1632 Aliud
3552 1586 3643 1630 est
3668 1592 3753 1630 att-

2170 1688 2273 1733 tetn
2307 1676 2484 1731 induci
2535 1677 2586 1729 in
2627 1674 3001 1737 tentalionem,
3034 1670 3173 1724 aliud
3219 1670 3446 1724 tentari:
3494 1683 3624 1722 nam
3652 1669 3753 1722 sine

2170 1770 2470 1824 tentatiune
2498 1768 2751 1834 probatus
2781 1780 2903 1820 esse
2927 1764 3106 1818 nullus
3134 1770 3328 1832 potest,
3362 1759 3477 1815 sive
3506 1760 3614 1815 sibi
3643 1759 3752 1829 ipsi,

2166 1861 2308 1914 sicut
2329 1860 2584 1928 scriptum
2617 1870 2695 1912 εει
2721 1875 2733 1910 :
2759 1856 2858 1924 Qui
2900 1872 3003 1910 non
3035 1864 3120 1909 est
3150 1863 3382 1909 tentatus
3416 1851 3598 1922 qualia
3630 1854 3754 1906 scit?

2163 1954 2277 2008 sive
2305 1952 2444 2017 aliis,
2477 1951 2617 2005 sicut
2653 1948 2940 2018 Apostolus
2972 1948 3102 2002 dicit
3133 1964 3144 1999 :
3179 1946 3241 1999 Et
3279 1943 3634 1999 tentatiouem
3666 1959 3752 1995 ve-

2165 2055 2329 2100 strant
2375 2045 2427 2098 in
2456 2059 2620 2098 carne
2670 2057 2785 2095 mea
2825 2056 2930 2093 non
2975 2037 3276 2107 sprevistis.
3310 2035 3445 2091 lIinc
3490 2036 3641 2089 enim
3669 2049 3755 2089 eos

2168 2137 2352 2190 ﬁrmos
2382 2150 2503 2190 esse
2548 2133 2820 2203 cognovit,
2862 2130 3007 2200 quod
3055 2130 3133 2183 eis
3175 2127 3617 2183 tribulationibus
3648 2142 3753 2197 qua:

2168 2227 2426 2297 Apostolo
2466 2225 2757 2280 secundum
2796 2238 3013 2276 carnem
3064 2221 3373 2275 acciderant
3418 2236 3523 2273 non
3568 2231 3691 2273 sunt
3726 2234 3751 2271 a

2167 2318 2427 2373 cltarilate
2456 2316 2647 2371 deﬂexi
2679 2334 2691 2367 :
2727 2331 2846 2367 naut
2896 2314 3003 2367 Deo
3035 2311 3141 2365 noti
3189 2326 3372 2365 sumus
3406 2321 3459 2365 et
3490 2321 3624 2363 ante
3653 2326 3754 2361 ntu-

2170 2428 2267 2467 ncs
2297 2412 2644 2474 tentationes,
2676 2410 2763 2480 qui
2795 2410 2894 2462 scit
2916 2407 3093 2460 omnia
3123 2413 3407 2472 antequam
3436 2403 3590 2455 ﬁant.
3612 2402 3752 2467 Quod

2172 2508 2350 2575 itaque
2394 2508 2650 2573 seriptutn
2680 2513 2761 2556 est
2793 2519 2804 2553 :
2833 2499 3025 2553 Tentat
3067 2511 3162 2549 vos
3195 2495 3450 2549 Dominus
3480 2497 3624 2549 Deus
3647 2508 3755 2545 ves-

2174 2609 2276 2664 ter,
2312 2608 2368 2649 ut
2397 2596 2529 2647 sciat
2560 2595 2606 2649 si
2650 2591 2882 2662 diligatis
2911 2604 3032 2645 eum
3058 2606 3071 2654 ;
3098 2588 3184 2641 illa
3229 2588 3497 2640 locutione
3528 2586 3753 2653 positum

2173 2700 2276 2757 est,
2308 2699 2364 2743 ut
2394 2690 2527 2743 sciat
2561 2701 2655 2755 pro
2696 2700 2760 2737 eo
2783 2682 2923 2753 quod
2950 2690 3051 2743 est,
3085 2689 3143 2732 ιιι.
3168 2678 3309 2732 seire
3333 2692 3427 2730 vos
3461 2676 3624 2729 faciat
3650 2691 3663 2727 :
3691 2677 3757 2725 si-

2173 2792 2264 2836 cut
2310 2781 2451 2835 diem
2485 2779 2667 2832 Ianum
2696 2774 2924 2829 dicimus
2972 2771 3111 2839 quod
3151 2769 3301 2822 Ιικιιιε
3333 2769 3479 2832 f.ici',
3510 2775 3565 2819 et
3603 2767 3759 2833 frigus

2179 2882 2387 2950 pigrum
2412 2876 2551 2947 quod
2583 2874 2761 2943 pigros
2797 2870 2951 2932 facit,
2983 2880 3032 2921 et
3067 2863 3475 2919 innumerabilia
3518 2861 3760 2929 Iiujust'e-

2177 2971 2343 3032 modi,
2374 2984 2492 3037 qum
2515 2969 2632 3019 sive
2657 2968 2704 3016 itt
2728 2961 3116 3015 consuetudine
3148 2955 3418 3025 loquendi,
3441 2957 3554 3007 sive
3581 2955 3633 3005 in
3657 2967 3761 3006 ser-

2179 3077 2336 3116 mone
2376 3060 2689 3123 doctoruut,
2719 3054 2832 3109 sive
2863 3054 2913 3106 iu
2946 3048 3232 3119 Scriptnt'is
3261 3050 3461 3102 sanctis
3490 3046 3760 3114 reperiun-

2182 3166 2294 3219 tur;
2322 3152 2461 3222 quod
2490 3166 2594 3204 non
2627 3148 2988 3216 intelligentes
3014 3141 3247 3198 Ita'retiii
3274 3142 3361 3212 qui
3383 3141 3561 3194 Veteri
3590 3141 3760 3194 Testa-

2174 3255 2355 3299 mento
2377 3242 2748 3303 adversantur,
2777 3239 2919 3291 velut
2967 3234 3274 3304 ignorantiae
3307 3233 3438 3287 vitio
3467 3231 3755 3287 notandu-u

2171 3346 2355 3405 putant
2383 3352 2504 3387 cum
2534 3332 2601 3387 de
2632 3348 2735 3401 quo
2759 3331 2958 3384 dictum
2992 3337 3073 3384 est
3099 3346 3110 3381 :
3142 3328 3337 3381 Tentat
3360 3341 3455 3379 vos
3501 3326 3755 3378 Dominus

2174 3432 2312 3483 licus
2348 3437 2542 3489 vester,
2568 3425 2717 3495 quasi
2752 3424 2801 3477 iu
2832 3421 3119 3491 Evangelia
3147 3420 3214 3474 de
3246 3420 3475 3472 Domino
3505 3420 3755 3486 scriptum

2170 3538 2274 3576 non
2328 3523 2396 3574 sit
2446 3537 2457 3573 :
2504 3518 2614 3573 lIoc
2662 3527 2838 3571 autem
2893 3514 3104 3570 dicebt
3151 3525 3363 3568 tentaus
3430 3528 3593 3572 eum,
3640 3528 3755 3565 nam

2171 3616 2285 3684 ipse
2339 3613 2543 3669 sciebat
2582 3611 2705 3681 quid
2756 3618 2902 3664 esset
2949 3609 3210 3671 facturus;
3266 3605 3481 3659 sicuim
3539 3612 3756 3656 noverat

2171 3721 2263 3758 cur
2291 3704 2405 3772 ejus
2442 3718 2599 3771 quem
2642 3701 2903 3764 tentabat,
2938 3699 3064 3766 quid
3096 3697 3337 3767 estquod
3373 3696 3543 3748 voluit
3577 3695 3756 3747 videre

2175 3798 2467 3852 tentando"
2490 3796 2582 3850 sed
2632 3794 2871 3864 profecto
2916 3792 3045 3844 illud
3078 3790 3270 3843 factum
3314 3801 3394 3842 est
3427 3799 3484 3839 ut
3517 3789 3629 3853 ipse
3657 3787 3752 3839 sibi

2174 3899 2332 3943 notus
2358 3890 2507 3943 ﬁeret
2536 3886 2624 3955 qui
2659 3885 2983 3946 tentabatur,
3025 3895 3283 3947 suamque
3323 3880 3755 3947 desperationem

2174 3984 2561 4037 condemnaret
2607 3976 2862 4033 saturatis
2913 3975 3082 4030 turbis
3126 3974 3191 4027 de
3244 3988 3378 4041 pane
3414 3972 3643 4037 Domini,
3671 3968 3757 4037 qui

2175 4092 2266 4131 eas
2321 4093 2425 4131 non
2481 4076 2679 4128 habere
2720 4070 2860 4141 quod
2912 4070 3131 4123 ederent
3172 4066 3596 4120 existimaverat.
3649 4061 3757 4116 Non

2177 4184 2303 4238 ergo
2336 4170 2419 4222 bie
2446 4178 2631 4222 oratur
2656 4174 2843 4220 utnon
2879 4171 3168 4221 tententur,
3202 4160 3294 4211 sed
3337 4167 3391 4209 ut
3430 4172 3533 4209 non
3567 4154 3762 4208 infera-

2178 4278 2296 4316 ntur
2319 4263 2367 4315 in
2400 4259 2747 4314 tentationetn
2774 4272 2788 4319 ;
2822 4266 3070 4323 tanquam
3102 4251 3144 4304 si
3171 4250 3434 4319 quispiam
3463 4247 3545 4302 cui
3579 4260 3764 4299 neces-

2178 4369 2237 4408 se
2265 4364 2343 4408 est
2385 4356 2505 4421 igne
2537 4348 2854 4410 examinari,
2894 4361 2998 4399 non
3030 4352 3145 4395 oret
3177 4357 3224 4393 ut
3268 4341 3391 4411 igne
3421 4356 3523 4390 non
3547 4338 3761 4391 contin-

2178 4456 2353 4516 gatur,
2391 4442 2483 4496 sed
2517 4450 2573 4495 ut
2613 4454 2717 4494 non
2742 4447 3018 4493 exuratur.
3055 4435 3189 4487 Vasa
3227 4434 3369 4486 enim
3403 4431 3541 4499 figuli
3579 4429 3769 4496 probat

2185 4539 2390 4597 fornax.
2425 4533 2669 4588 homines
2705 4545 2833 4584 vero
2871 4528 3068 4597 juslos,
3120 4526 3343 4577 tcutatio
3380 4520 3764 4575 tribulationis.

2178 4629 2375 4696 Josepli
2406 4644 2532 4696 ergo
2564 4636 2796 4680 tentatus
2820 4632 2900 4676 est
2931 4621 3178 4674 illecebra
3207 4616 3400 4680 stupri,
3426 4614 3519 4668 sed
3546 4630 3656 4666 non
3690 4621 3770 4665 est

2179 4721 2426 4774 inductus
2469 4718 2519 4771 iu
2553 4718 2944 4778 tentationetn;
2987 4712 3233 4766 Susanna
3280 4716 3479 4762 tentata
3532 4714 3639 4767 est,
3676 4719 3771 4756 nec

2177 4816 2288 4886 ipsa
2314 4814 2527 4868 inducta
2551 4812 2633 4865 vel
2674 4811 2816 4864 illata
2858 4808 2909 4861 itt
2958 4807 3342 4867 tentationetu;
3373 4802 3638 4866 multique
3682 4798 3771 4852 ali

2177 4908 2452 4975 utriusque
2483 4918 2664 4959 sexus.
2711 4901 2817 4957 Sed
2863 4900 2965 4955 Job
3009 4902 3259 4961 maxime,
3293 4897 3447 4964 cujus
3479 4895 3773 4947 adluit-abi-

2178 4998 2283 5051 Iem
2351 4997 2695 5050 stabilitatem
2769 4993 2821 5047 itt
2897 4993 3004 5046 Deo
3066 4989 3289 5043 Domino
3352 5004 3450 5041 suo
3511 5002 3638 5039 cum
3702 4985 3772 5037 illi

2171 5088 2412 5144 bairetici
2471 5087 2655 5140 hostes
2716 5084 2920 5139 Veteris
2972 5080 3304 5136 Tesmmenti
3356 5095 3447 5133 ore
3505 5078 3648 5131 sacri
3674 5090 3774 5143 ego

2172 5182 2400 5238 irridere
2452 5179 2739 5244 voluerint,
2772 5178 2901 5232 illud
2934 5192 3045 5245 prce
3093 5174 3306 5230 caeteris
3334 5173 3595 5226 ventilant
3629 5167 3772 5239 quod

2172 5278 2398 5333 Satanas
2446 5273 2694 5343 petiverit
2745 5286 2868 5325 eum
2920 5268 3232 5324 tentandum
3267 5282 3280 5317 :
3315 5271 3563 5331 quaerunt
3621 5261 3770 5316 enim

2170 5372 2238 5425 ab
2290 5367 2551 5436 imperitis
2616 5365 2919 5419 hominibus
2987 5362 3108 5413 talia
3186 5359 3489 5427 intelligere
3567 5369 3775 5419 nequa-

2176 5478 2333 5534 quam
2376 5460 2697 5520 valentibus,
2743 5453 3013 5525 quomodo
3062 5453 3288 5507 Satanas
3342 5462 3465 5501 cum
3538 5446 3653 5498 Deo
3699 5444 3774 5495 lo-

2177 5555 2265 5626 qui
2312 5550 2582 5624 potuerit?
2633 5563 2737 5603 non
2784 5548 3097 5607 intuentes,
3144 5556 3246 5595 non
3303 5540 3445 5593 enim
3508 5541 3771 5604 possunt,

2176 5664 2297 5706 cum
2343 5644 2723 5715 superstitione
2751 5649 2805 5695 et
2830 5638 3175 5692 contentione
3203 5634 3383 5686 caecati
3422 5637 3567 5689 sunt,
3596 5628 3770 5679 Deum

2180 5757 2285 5796 non
2313 5739 2420 5809 83
2450 5736 2551 5792 loci
2583 5733 2812 5803 spatium
2843 5730 2981 5784 mole
2997 5726 3239 5795 corporis
3260 5734 3543 5790 occupare,
3572 5727 3631 5770 et
3689 5717 3773 5768 sic

2183 5806 2480 5895 alibivc'so,
2506 5827 2631 5884 alibi
2670 5840 2775 5880 non
2808 5837 2949 5888 esse,
3009 5831 3100 5875 aut
3128 5827 3275 5874 certe
3308 5816 3394 5870 bic
3422 5820 3631 5884 partem
3667 5806 3772 5859 ba-
