4074 6186
369 264 508 321 Πὶῦὅ

1534 251 1974 315 THESAURUS.
2012 251 2167 313 CAP.
2210 252 2456 312 CCCXV.

3504 260 3640 317 1034

366 377 496 431 bere
523 376 684 429 aliam
708 380 759 425 et
787 372 911 425 a'ibi
936 370 1093 425 aliam
1121 387 1137 437 ;
1160 369 1257 425 sed
1287 369 1570 439 majestate
1597 371 1793 439 ubique
1818 385 1949 437 prm-
1984 373 2027 431 Α
2059 370 2198 424 1;1›ι·‹)
2218 387 2339 426 cum
2364 371 2668 427 temeritate
2689 372 2923 441 culpare.
2949 371 3109 426 Fiunt
3134 371 3292 441 igitur
3315 375 3635 427 teutationes

366 481 454 525 sto
483 483 628 532 esse,
664 481 769 519 non
802 480 898 532 per
921 472 1100 532 partes
1129 464 1379 527 divisum,
1409 465 1501 518 sed
1525 465 1721 533 ubique
1752 463 1957 532 perfec-

366 570 503 613 tum.
536 557 689 624 Quod
722 556 764 609 si
797 557 1086 609 carnaliter
1112 556 1385 611 intuentur
1413 557 1554 624 quod
1599 557 1800 609 dictum
1823 566 1905 608 est
1938 571 1953 610 :

365 652 575 707 leum
599 649 727 704 mihi
761 650 983 701 thronus
1007 646 1207 720 [sedes]
1252 656 1355 714 est,
1389 658 1443 703 et
1473 659 1614 702 terra
1663 649 1953 703 scabellum

366 744 565 811 pedum
597 754 869 802 meorum;
900 740 983 792 cui
1032 740 1150 793 loco
1181 748 1235 792 et
1264 739 1525 794 Dominus
1554 749 1843 793 attestatur
1871 741 1955 794 di-

367 849 497 888 cens
524 850 536 886 :
562 831 679 887 Non
722 829 936 899 juretis,
963 845 1137 899 neque
1164 845 1260 899 per
1303 832 1516 897 coelum,
1553 832 1675 901 quia
1730 831 1958 886 thronus

368 926 465 981 Dei
487 935 598 989 est;
632 937 805 993 neque
837 937 933 991 per
981 929 1204 988 terram,
1256 922 1377 991 quia
1409 923 1702 977 scabellum
1751 933 1836 977 est
1865 937 1959 991 pe-

368 1019 497 1073 dum
528 1016 675 1087 ejus;
704 1015 830 1084 quid
861 1014 1054 1067 mirum
1087 1012 1129 1066 si
1160 1015 1213 1066 iu
1245 1021 1388 1068 terra
1420 1013 1666 1067 diabolus
1692 1014 1957 1068 constitu-

368 1120 476 1177 tus,
529 1118 654 1163 ante
708 1106 871 1175 pedes
925 1104 1021 1158 Dei
1078 1105 1247 1168 stetit,
1308 1113 1360 1159 et
1395 1119 1579 1159 coram
1632 1104 1723 1159 illo
1753 1103 1957 1172 aliquid

372 1201 587 1255 locutus
616 1198 741 1251 est?
768 1196 897 1250 Nam
938 1195 1152 1265 quando
1175 1195 1250 1248 illi
1283 1196 1463 1249 valent
1488 1197 1788 1266 intelligere
1838 1197 1959 1250 nul-

374 1294 480 1348 l.tm
510 1306 630 1345 esse
654 1290 911 1349 animam,
966 1289 1212 1357 quamvis
1245 1304 1573 1357 perversam.
1606 1303 1727 1359 quae
1779 1298 1958 1343 tamen

376 1382 524 1436 nullo
552 1379 711 1435 modo
764 1377 1075 1432 ratiocinari
1122 1388 1316 1446 potest,
1351 1379 1402 1431 in
1430 1380 1583 1448 cujus
1630 1380 1960 1435 conscientia

377 1488 484 1527 non
510 1472 757 1539 loquatur
788 1468 1085 1522 Dominus?
1122 1468 1251 1535 Quis
1273 1469 1418 1523 enim
1455 1470 1677 1539 scripsit
1703 1472 1754 1525 in
1785 1470 1960 1524 cordi-

376 1566 480 1620 bus
528 1563 803 1619 hominum
858 1561 1159 1615 naturalem
1215 1560 1384 1623 legem
1424 1563 1524 1616 nisi
1556 1562 1698 1617 Deus
1720 1563 1743 1616 2
1767 1563 1831 1616 de
1859 1577 1959 1627 qua

377 1658 499 1722 lege
529 1654 816 1723 Apostolus
847 1651 974 1706 dicit
1006 1668 1018 1703 :
1052 1649 1187 1705 Cum
1229 1651 1373 1705 enim
1425 1662 1612 1721 gentes
1639 1669 1757 1722 qum
1788 1655 1958 1721 legem

2064 477 2160 531 per
2183 463 2461 528 Satanam,
2494 479 2602 517 non
2631 474 2895 532 potestate
2934 466 3070 534 ejus,
3104 466 3198 519 sed
3230 466 3492 533 permisso
3538 468 3639 519 Ilu-

2064 552 2191 605 mini
2221 551 2285 604 ad
2313 552 2581 618 homines,
2629 562 2721 606 aut
2761 568 2857 621 pro
2879 554 2990 608 suis
3036 555 3273 622 peccatis
3319 556 3637 623 puniendos,

2060 650 2152 695 aut
2184 654 2280 709 pro
2312 642 2402 696 Dei
2426 643 2793 698 misericordia
2827 645 3132 713 probandos
3158 654 3218 700 et
3260 647 3595 701 exercendus
3625 665 3641 711 ;

2062 740 2116 784 et
2145 730 2368 784 interest
2395 732 2682 799 plurimum
2713 733 2765 786 in
2790 733 3001 800 qualem
3035 735 3263 801 quisque
3282 735 3640 789 tentatiouem

2061 820 2286 876 incidat.
2320 820 2436 874 Non
2466 822 2612 875 enim
2654 823 2707 876 in
2734 823 2892 877 talem
2921 822 3109 877 incidit
3136 823 3299 877 ludas
3324 824 3415 892 qui
3460 827 3643 879 vendi-

2061 910 2140 964 dit
2170 911 2480 977 Dominum,
2516 913 2568 966 in
2591 914 2803 982 qualem
2836 914 3027 968 incidit
3057 914 3247 970 Petrus
3274 928 3394 970 cum
3426 920 3645 972 territus

2061 1003 2344 1058 Dominum
2390 1007 2626 1074 negavit.
2670 1007 2806 1061 Sunt
2830 1008 2990 1062 etiam
3024 1008 3268 1062 humana:
3293 1012 3641 1075 tentationes,

2061 1094 2225 1148 credo
2260 1109 2382 1148 cum
2427 1097 2569 1149 bono
2598 1096 2825 1164 quisque
2862 1098 3069 1165 animo,
3113 1100 3405 1153 secundum
3458 1102 3647 1154 huma-

2062 1199 2183 1237 nam
2213 1194 2388 1240 tamen
2424 1186 2787 1255 fragilitatem,
2834 1189 2888 1242 in
2918 1191 3098 1258 aliquo
3138 1190 3368 1245 consilio
3426 1192 3652 1258 labitur,

2061 1290 2150 1332 aut
2182 1279 2423 1333 irritatur
2452 1282 2506 1334 in
2537 1280 2758 1335 fratrem
2794 1282 2971 1337 studio
3003 1283 3329 1353 corrigendi,
3361 1286 3518 1351 paulo
3574 1293 3650 1338 ta-

2062 1387 2185 1427 men
2217 1372 2446 1442 amplius
2475 1376 2966 1443 quam-Christiana
3000 1378 3362 1445 tranquillitas
3388 1381 3644 1448 postulat;

2061 1462 2130 1517 de
2159 1463 2353 1531 quibus
2400 1466 2692 1532 Apostolus
2721 1466 2850 1519 dicit
2881 1483 2895 1519 :
2928 1466 3178 1521 Tentatio
3202 1482 3296 1521 \OS
3330 1484 3434 1521 non
3460 1484 3652 1538 appre-

2064 1552 2263 1607 hendat
2295 1554 2398 1608 nisi
2429 1554 2685 1622 humana,
2725 1570 2844 1610 cum
2871 1555 3011 1611 idem
3044 1556 3186 1611 dicat
3216 1576 3228 1609 :
3265 1559 3463 1613 Fidelis
3487 1560 3647 1623 Deus,

2062 1644 2150 1713 qui
2186 1659 2282 1699 vos
2311 1661 2416 1699 non
2444 1648 2586 1701 sinat
2612 1649 2808 1701 tentari
2836 1663 2995 1717 supra
3029 1666 3186 1717 quam
3232 1651 3452 1718 pilleatis
3486 1650 3648 1713 ferre,

377 1761 488 1801 non
504 1742 1436 1811 habentnaturaliterqumlegissunt
1456 1742 1674 1811 faciunt,
1708 1744 1759 1797 hi
1787 1745 1955 1813 legem

2076 1735 2155 1788 sed
2189 1734 2349 1789 faciet
2369 1751 2489 1790 cum
2522 1739 2817 1793 tentaiiOne
2842 1739 3003 1793 etiam
3036 1740 3233 1793 exitum
3253 1738 3647 1810 [proventura].

381 1851 491 1891 non
507 1835 771 1888 habentes
788 1833 888 1901 ipsi
902 1830 1003 1885 sibi
1016 1840 1141 1886 sunt
1154 1833 1262 1898 lex,
1276 1831 1364 1902 qui
1378 1833 1667 1887 ostendunt
1680 1848 1815 1901 Opus
1836 1835 1966 1904 legis

383 1928 710 1996 scriptutnin
740 1924 989 1979 cordibus
1004 1924 1137 1990 suis,
1152 1916 1821 1982 contestanteconscientia
1851 1929 1969 1983 illo.

381 2034 503 2072 rum
524 2028 576 2072 et
591 2018 732 2070 inter
746 2030 805 2069 se
820 2016 1048 2069 invicem
1068 2015 1450 2084 cogitationum
1470 2019 1858 2083 accusantium,
1879 2029 1969 2073 aut

384 2109 545 2163 etiam
576 2108 965 2171 excusandum,
1002 2107 1053 2160 in
1081 2106 1167 2161 die
1193 2121 1295 2177 qua
1314 2107 1578 2176 judicabit
1599 2107 1739 2163 Deus
1762 2110 1966 2166 occulta

387 2200 686 2253 hominum.
740 2198 1081 2268 Quapropter
1128 2197 1174 2253 si
1222 2198 1397 2253 omnis
1447 2199 1621 2265 anima
1667 2200 1966 2267 rationalis,

382 2293 544 2346 etiam
572 2290 863 2361 cupiditate
884 2299 1105 2357 caecata,
1135 2300 1312 2346 tamen
1345 2305 1465 2344 cum
1494 2292 1693 2361 cogitat
1722 2301 1770 2347 et
1804 2294 1967 2349 ratio-

380 2383 614 2448 cinatur,
644 2381 897 2452 quidquid
931 2381 1062 2436 inea
1089 2381 1496 2437 ratiocinatione
1520 2398 1703 2438 verum
1732 2394 1834 2451 est,
1865 2402 1967 2440 non

381 2472 433 2526 ei
460 2471 798 2527 tribuendum
822 2480 926 2537 est,
949 2470 1044 2526 sed
1068 2470 1168 2541 ipsi
1192 2472 1379 2527 lumini
1404 2473 1663 2540 veritatis,
1697 2490 1725 2529 a
1751 2492 1853 2546 quo
1887 2479 1968 2533 vel

386 2564 619 2618 tenuiter
648 2578 747 2634 pro
767 2564 849 2618 sui
877 2563 1174 2633 capacitate
1225 2563 1547 2634 illustratur,
1581 2578 1638 2621 ut
1660 2582 1841 2623 verum
1874 2570 1971 2623 ali-

384 2654 514 2726 quid
543 2657 594 2710 in
618 2655 986 2710 ratiocinando
1016 2655 1248 2721 sentiat;
1282 2655 1407 2725 quid
1439 2657 1631 2712 mirum
1683 2659 1727 2713 si
1771 2658 1970 2717 diaboli

385 2744 588 2811 anima,
619 2759 786 2815 prava
826 2744 1120 2814 cupiditate
1170 2759 1447 2815 perversa,
1480 2747 1740 2817 quidquid
1791 2758 1969 2807 tamen

386 2851 575 2890 verum
614 2836 683 2891 de
732 2837 877 2905 justo
936 2836 1051 2892 viro
1101 2838 1375 2908 cogitavit,
1424 2855 1545 2895 cum
1594 2859 1713 2897 eum
1765 2853 1972 2902 tentare

390 2925 559 2980 vellet
598 2925 764 2993 ipsius
796 2926 887 2980 Dei
917 2942 1069 2991 voce,
1101 2926 1152 2981 id
1184 2937 1267 2982 est
1303 2930 1470 2999 ipsius
1522 2931 1772 2989 Veritatis
1815 2952 1916 2991 voc
1938 2959 1969 3004 -,

390 3020 601 3074 audisse
637 3020 987 3090 perhibetur?
1025 3022 1291 3094 Quidquid
1320 3036 1498 3083 autem
1530 3028 1722 3084 falsum
1758 3032 1831 3086 illi
1878 3049 1973 3088 cu-

392 3113 601 3182 piditati
627 3116 878 3170 tribuitur
903 3133 1005 3187 qua
1030 3119 1230 3174 diaboli
1265 3137 1459 3177 nomen
1508 3126 1736 3195 accepit,
1794 3144 1966 3199 quan—
1998 3107 2044 3169 (ἶ

392 3220 551 3274 quam
582 3204 873 3278 [quamvis]
907 3211 1068 3264 etiam
1094 3225 1188 3278 per
1213 3222 1513 3269 creaturam
1541 3220 1871 3286 corpmalt-m
1897 3232 1976 3275 at-

391 3310 498 3365 que
518 3295 784 3351 visibilem
815 3297 953 3352 Deus
977 3299 1294 3370 plerumque
1325 3302 1529 3357 locutus
1553 3317 1655 3373 est,
1682 3324 1774 3364 seu
1800 3310 1971 3376 bouis,

391 3404 487 3443 seu
520 3389 697 3453 malis,
733 3398 983 3458 tanquam
1033 3392 1269 3445 omnium
1307 3393 1564 3450 Dominus
1595 3411 1647 3451 ct
1699 3409 1895 3465 rector,
1923 3414 1976 3455 ct

391 3494 493 3550 pro
518 3480 778 3550 cujusque
806 3481 883 3536 rei
912 3481 1113 3538 meritis
1145 3483 1438 3554 ordinatur,
1471 3489 1607 3544 sicut
1634 3505 1729 3558 per
1758 3493 1976 3563 angelos

392 3571 487 3639 qui
535 3571 812 3627 hominum
867 3588 1080 3642 quoque
1132 3575 1437 3643 aSpeetibus
1479 3591 1864 3648 apparuerunt,
1923 3594 1978 3638 et

396 3678 498 3731 per
527 3663 814 3731 prophetas
856 3663 1122 3730 dicentes,
1156 3665 1279 3719 Haec
1331 3667 1462 3721 dicit
1511 3668 1789 3726 Dominus.
1840 3674 1974 3740 Quid

395 3770 526 3822 ergo
550 3757 739 3809 mirum
771 3756 813 3808 si
854 3770 1155 3823 quanquam
1210 3774 1314 3811 non
1368 3760 1417 3813 in
1470 3761 1580 3829 ipsa
1632 3765 1975 3832 cogitatione,

396 3862 497 3916 per
524 3847 751 3917 aliquam
784 3856 930 3901 certe
952 3857 1251 3901 creaturam
1283 3850 1372 3902 tali
1420 3852 1568 3917 operi
1604 3859 1976 3912 accommoda-

396 3948 508 3993 tam
535 3938 672 3992 Deus
696 3938 900 3993 locutus
927 3953 1049 3992 cum
1080 3938 1295 3994 diabolo
1317 3938 1544 3994 dicitur?
1568 3943 1674 3997 Nec
1706 3944 1976 4014 dignitatis

394 4047 518 4085 esse
550 4033 875 4085 arbitrentur
902 4040 955 4086 et
981 4032 1129 4098 quasi
1149 4030 1373 4100 justitiae
1403 4034 1649 4089 meritum
1680 4038 1823 4106 quod
1853 4056 1972 4096 cnnt

397 4123 493 4175 illo
518 4122 656 4174 Deus
677 4122 889 4177 locutus
938 4130 1042 4186 est,
1083 4125 1337 4190 quoniam
1372 4124 1579 4180 locutus
1605 4138 1687 4182 est
1715 4144 1834 4183 cunt
1862 4134 1976 4186 ani-

396 4230 483 4269 ma
531 4214 787 4282 angelica,
824 4226 1123 4283 quanquam
1156 4216 1316 4269 stulta
1366 4227 1419 4271 et
1459 4220 1672 4287 cupida,
1728 4230 1974 4294 lattqttam

396 4308 443 4361 si
476 4308 781 4376 loqueretur
808 4321 925 4359 cum
960 4308 1135 4361 anima
1166 4311 1394 4363 humana
1449 4313 1609 4365 stulta
1658 4326 1710 4369 et
1749 4318 1974 4386 cupida;

400 4406 496 4452 aut
522 4397 618 4466 ipsi
646 4398 824 4452 dicant
854 4398 1121 4467 quomodo
1163 4399 1373 4457 locutus
1398 4411 1481 4457 est
1523 4405 1661 4461 Deus
1711 4422 1831 4462 cum
1888 4410 1977 4465 illo

398 4488 566 4543 divite
593 4488 744 4557 cujus
764 4489 1111 4558 cupiditatem
1143 4492 1514 4548 stultissimam
1564 4512 1787 4566 arguere
1813 4500 1981 4557 voluit
2008 4477 2058 4536 Ῑ)

398 4580 588 4634 dicens
615 4598 627 4631 :
661 4580 858 4645 Stulte,
910 4582 1009 4635 hac
1041 4592 1199 4638 nocte
1229 4584 1400 4638 anima
1437 4594 1523 4639 tua
1554 4592 1924 4658 expostulatur
1952 4609 1980 4648 a

399 4680 479 4735 te,
504 4678 696 4739 etquae
725 4674 1036 4740 pratparasti
1083 4674 1237 4742 cujus
1265 4678 1465 4730 erunt?
1510 4677 1668 4735 Certe
1722 4682 1823 4736 hoc
1868 4686 1984 4753 ipse

402 4762 660 4818 Dominus
688 4765 738 4817 in
764 4766 1051 4835 Evangelia
1076 4767 1225 4831 dicit,
1263 4771 1346 4823 cui
1383 4772 1619 4827 lueretici
1654 4776 1761 4843 isti,
1816 4779 1984 4834 velint

400 4854 596 4921 nolint,
629 4855 763 4908 colla
818 4856 1160 4912 submittunt.
1218 4858 1272 4913 Si
1324 4870 1502 4917 autem
1552 4862 1653 4919 hoc
1701 4880 1983 4924 moventur

403 4949 547 5017 quod
599 4951 908 5004 tentandum
949 4953 1159 5022 'jusum
1214 4954 1441 5010 Satanas
1475 4959 1603 5028 petit
1654 4975 1681 5013 a
1713 4961 1845 5029 Deo,
1876 4981 1980 5020 non

401 5055 504 5111 ego
521 5056 727 5108 expono
754 5058 917 5108 quare
940 5046 1008 5097 sit
1032 5046 1248 5109 factum,
1274 5048 1364 5101 sed
1391 5049 1537 5118 ipsos
1561 5066 1692 5121 engo
1716 5068 1983 5124 exponere

400 5146 567 5199 quare
599 5133 663 5185 sit
693 5133 891 5187 dictant
925 5134 976 5187 in
1014 5136 1301 5205 Evangelia
1349 5143 1416 5191 ah
1458 5142 1573 5210 ipso
1602 5142 1826 5200 Domino
1871 5149 1981 5203 dis-

400 5220 594 5288 cipulis
625 5225 736 5276 suis
765 5243 776 5274 :
807 5224 943 5279 Ecce
962 5227 1185 5282 Satanas
1216 5230 1364 5297 petiit
1390 5246 1581 5287 vexare
1607 5250 1697 5288 vos
1718 5240 1984 5303 quomodo

404 5310 667 5377 triticum;
704 5322 756 5367 ct
790 5314 947 5369 Petro
979 5316 1054 5370 ait
1086 5336 1096 5368 :
1134 5318 1241 5386 Ego
1282 5328 1460 5374 autem
1502 5324 1761 5388 postulavi
1793 5342 1858 5381 ne
1888 5330 1984 5384 de-

406 5403 699 5458 liciatlides
732 5417 840 5461 tua.
890 5407 1018 5462 Cum
1072 5419 1249 5465 autem
1281 5414 1381 5466 hoc
1412 5418 1860 5485 exponuntmihi,
1914 5422 1988 5473 si-

402 5494 515 5546 mul
548 5494 673 5548 illud
705 5498 844 5564 quod
875 5513 905 5551 a
938 5514 1022 5553 me
1044 5510 1290 5567 quaerunt
1324 5507 1741 5572 exponuntsibi.
1773 5508 1827 5565 Si
1852 5525 1980 5566 vero

405 5598 512 5635 non
538 5586 801 5665 valuerint
828 5586 928 5642 hoc
956 5604 1247 5660 exponere,
1283 5608 1385 5648 non
1417 5596 1648 5651 audeant
1675 5599 1725 5654 id
1749 5602 1890 5669 quod
1926 5604 1977 5656 in

405 5666 695 5747 Evangelio
716 5679 830 5732 sine
873 5679 1169 5737 oﬂ‘ensione
1211 5699 1315 5740 non
1367 5685 1691 5759 intelligunt,
1726 5666 1779 5747 in
1806 5692 1986 5764 aliquo

692 5810 963 5871 I‘naon.
1012 5811 1206 5875 LXII.

2071 1835 2128 1879 ut
2159 1829 2375 1894 possitis
2398 1829 2652 1885 tolerare.
2697 1830 2754 1885 ln
2784 1846 2885 1899 qua
2930 1832 3200 1887 sententia
3246 1834 3378 1887 satis
3417 1835 3652 1888 ostendit

2070 1932 2175 1969 non
2205 1917 2255 1971 id
2288 1919 2439 1973 nobis
2465 1921 2725 1974 orandum
2752 1935 2872 1977 esse
2914 1932 2973 1975 ut
3000 1939 3104 1976 non
3136 1934 3425 1989 tentetnnr,
3460 1926 3554 1979 sed
3584 1944 3649 1977 ne

2070 2007 2122 2061 in
2152 2010 2498 2064 tentatiouem
2536 2012 2889 2077 inducamur;
2918 2015 3218 2069 inducimur
3238 2018 3405 2082 enim,
3440 2020 3483 2073 si
3520 2021 3651 2074 tales

2070 2102 2360 2157 acciderint
2388 2118 2521 2173 quas
2554 2105 2693 2159 ferre
2742 2120 2847 2159 non
2879 2121 3161 2175 possumus
3191 2127 3204 2163 :
3239 2110 3332 2164 sed
3360 2126 3481 2165 eum
3532 2122 3651 2165 ten-

2073 2192 2303 2246 tationes
2358 2194 2673 2262 periculosze
2721 2195 2773 2247 in
2829 2210 2963 2264 quas
3012 2196 3197 2252 inferri
3256 2207 3417 2269 atque
3473 2202 3649 2256 induci

2073 2283 2429 2350 perniciosum
2452 2294 2553 2346 est,
2574 2293 2663 2338 aut
2687 2285 2955 2354 prosperis
2974 2287 3133 2341 rebus
3158 2291 3537 2358 temporalibus
3562 2304 3654 2346 aut

2070 2372 2315 2426 adversis
2358 2374 2619 2440 oriantur,
2654 2390 2811 2428 nemo
2860 2376 3121 2445 frangitur
3167 2378 3511 2434 adversarum
3540 2397 3654 2436 mo-

2073 2465 2223 2519 lestia
2255 2468 2342 2534 qui
2371 2480 2749 2536 prosperarum
2781 2466 3140 2523 delectatione
3162 2468 3502 2542 [dilectione]
3546 2490 3652 2529 non

2070 2555 2304 2623 capitur.

2597 2625 2826 2682 CAPUT
2874 2627 3122 2683 CCCXV.

2072 2714 2151 2770 De
2204 2716 2486 2785 septiforuti
2537 2717 2753 2794 Spiritu
2801 2730 3092 2789 septemque
3144 2724 3560 2794 beatitudinibas,
3602 2738 3653 2781 rt

2286 2798 2474 2854 septem
2499 2790 2826 2855 petitionibus
2852 2794 3100 2846 orationis
3130 2793 3432 2850 Dominicw.

2145 2887 2365 2941 Videtur
2386 2888 2546 2942 etiam
2581 2888 2712 2943 mihi
2757 2893 3092 2959 septenarius
3116 2893 3217 2949 iste
3252 2911 3508 2951 numerus
3557 2898 3653 2951 ha-

2072 2991 2189 3030 rum
2224 2976 2543 3044 petitionum
2597 2992 2896 3047 congruere
2944 2982 3019 3036 illi
3051 2988 3357 3052 septenario
3404 3004 3649 3053 numero,

2073 3081 2138 3121 ex
2161 3084 2267 3135 quo
2296 3076 2437 3123 totus
2458 3068 2559 3123 iste
2585 3085 2764 3125 sermo
2796 3076 3050 3128 manavit.
3108 3076 3164 3130 Si
3198 3077 3337 3132 enim
3373 3080 3534 3135 timor
3558 3082 3650 3135 Dei

2080 3166 2163 3211 est
2187 3173 2292 3227 quo
2323 3158 2463 3214 beati
2498 3161 2629 3213 fiunt
2681 3177 2941 3231 pauperes
2969 3167 3181 3234 spiritu,
3213 3170 3463 3237 quoniam
3509 3174 3654 3244 ipso-

2080 3263 2193 3301 rum
2223 3258 2305 3302 est
2332 3265 2552 3318 regnum
2593 3253 2874 3318 caelorum,
2906 3265 3152 3324 petamus
3191 3271 3245 3312 ut
3292 3264 3656 3320 sanetiticetnr

2080 3340 2131 3393 in
2155 3340 2463 3397 hominibus
2491 3359 2684 3399 nomen
2719 3346 2838 3411 Dei,
2882 3347 3071 3403 timore
3105 3365 3255 3407 cas'o
3310 3368 3656 3421 permanente

2080 3431 2132 3484 in
2166 3433 2419 3489 saeculum
2443 3435 2647 3490 surculi.
2683 3436 2735 3491 Si
2774 3438 2942 3504 pietas
2990 3449 3071 3494 est
3099 3456 3200 3508 qua
3232 3443 3369 3497 beati
3393 3459 3512 3499 sunt
3549 3452 3655 3502 mi-

2085 3538 2187 3592 tes,
2214 3528 2337 3594 quia
2369 3528 2467 3596 ipsi
2510 3530 2823 3583 haereditate
2852 3532 3199 3599 possidebunt
3258 3544 3475 3601 terram,
3510 3550 3658 3609 peta-

2082 3637 2200 3677 mus
2228 3628 2284 3674 ut
2312 3620 2490 3675 veniat
2519 3636 2742 3690 regnum
2772 3622 2909 3689 ejus,
2936 3624 3050 3678 sive
3076 3624 3128 3677 in
3153 3639 3250 3680 nos
3276 3626 3441 3695 ipsos,
3468 3640 3525 3684 ιιι
3556 3633 3656 3685 mi-

2084 3722 2374 3775 tescatntts,
2409 3724 2507 3764 nec
2530 3712 2580 3764 ei
2609 3712 2941 3777 resistamus,
2973 3713 3086 3767 sive
3110 3715 3176 3768 de
3222 3718 3362 3773 cmlo
3389 3720 3440 3773 in
3465 3731 3655 3786 terras,

2082 3804 2135 3858 in
2163 3801 2409 3857 claritate
2439 3801 2701 3856 adventus
2728 3802 2935 3857 Domini
2964 3818 3072 3871 quo
3100 3820 3195 3859 nos
3224 3808 3574 3875 gaudebimus
3602 3825 3655 3869 et

2082 3894 2377 3957 laudamur,
2404 3893 2616 3947 dicente.
2642 3893 2731 3946 illo
2758 3910 2772 3945 :
2797 3892 3007 3960 Venite,
3034 3894 3299 3953 benedicti
3325 3899 3498 3956 Patris
3527 3906 3653 3969 mei,

2082 3984 2345 4054 percipite
2372 3997 2593 4052 regnum
2617 3983 2758 4053 quod
2783 3984 2932 4038 vobis
2971 3995 3213 4054 paratum
3244 3999 3326 4045 est
3354 3992 3423 4047 ab
3446 3995 3653 4063 origine

2083 4074 2287 4129 mundi.
2331 4074 2388 4128 in
2420 4072 2665 4140 Domino,
2696 4074 2864 4142 inquit
2893 4076 3173 4147 propheta,
3207 4080 3509 4137 laudabitur
3538 4086 3658 4138 aui-

2086 4184 2170 4222 ma
2202 4182 2341 4234 mea,
2374 4167 2595 4222 audiant
2644 4168 2800 4221 mites
2852 4167 3155 4240 [mansueti]
3185 4181 3239 4226 ct
3271 4174 3648 4241 jocundentur.

2083 4260 2139 4316 Si
2168 4259 2388 4314 scientia
2433 4269 2516 4315 est
2563 4275 2665 4329 qua
2711 4258 2847 4314 beati
2876 4272 2999 4315 sunt
3033 4263 3121 4331 qui
3152 4264 3355 4335 lugent,
3401 4269 3652 4337 quoniam

2039 4399 2049 4409 .
2082 4353 2181 4420 ipsi
2210 4351 2647 4417 consolabuntur,
2682 4365 2897 4406 oremus
2926 4362 2985 4405 ut
3013 4353 3105 4406 fiat
3133 4355 3377 4410 voluntas
3426 4359 3541 4425 ejus
3575 4360 3654 4412 si-

2084 4452 2175 4497 cut
2203 4442 2256 4496 in
2286 4442 2423 4497 coelo
2453 4451 2506 4497 et
2534 4440 2586 4495 in
2622 4452 2782 4506 terra,
2838 4442 2963 4511 quia
2989 4457 3109 4495 cum
3165 4460 3356 4514 corpus
3407 4459 3655 4519 tanquam

2088 4542 2252 4601 terra,
2279 4532 2488 4602 spiritui
2515 4542 2763 4600 tanquam
2810 4532 2967 4597 cmlo,
3001 4546 3206 4587 summa
3274 4547 3328 4592 et
3359 4545 3470 4592 tota
3527 4557 3661 4610 pace

2090 4622 2445 4687 consenserit,
2480 4638 2583 4677 non
2611 4622 2941 4691 lugebimus;
2976 4640 3095 4677 nant
3125 4626 3301 4679 nullus
3336 4630 3469 4683 alius
3503 4633 3665 4702 hujus

2088 4716 2347 4781 temporis
2379 4714 2552 4766 luctus
2580 4723 2685 4776 est,
2722 4714 2820 4766 nisi
2874 4729 2995 4767 cum
3018 4714 3299 4770 adversum
3325 4733 3382 4771 se
3411 4721 3508 4775 ista
3533 4738 3669 4777 con~

2088 4804 2297 4871 tligunt,
2324 4813 2377 4858 et
2400 4812 2600 4872 cogunt
2632 4818 2727 4857 nos
2755 4802 2937 4859 dicere
2971 4824 2981 4857 :
3020 4806 3190 4861 Video
3220 4808 3378 4863 aliam
3408 4813 3581 4881 legem
3614 4816 3664 4867 in

2089 4896 2349 4949 membris
2376 4895 2533 4959 meis,
2583 4905 2967 4964 repugnantem
3020 4898 3125 4969 legi
3160 4904 3353 4957 mentis
3409 4920 3541 4959 mem
3566 4947 3581 4971 ,
3615 4916 3671 4961 et

2091 4988 2292 5042 luctum
2338 4998 2582 5042 nostrum
2616 4991 2909 5060 lacrytnosa
2950 5007 3079 5047 voce
3114 4998 3296 5049 testari
3332 5012 3345 5048 :
3381 4997 3539 5051 .lliser
3569 5013 3670 5067 ego

2090 5082 2279 5147 homo,
2309 5083 2428 5151 quis
2460 5098 2544 5136 nte
2576 5084 2825 5138 liberabit
2880 5085 2944 5139 de
2975 5102 3204 5156 corpore
3261 5093 3445 5143 mortis
3477 5090 3669 5159 hnjnsl

2093 5173 2148 5228 Si
2180 5172 2439 5226 fortitudo
2469 5184 2551 5227 cst
2579 5189 2681 5242 qua
2739 5174 2878 5229 beati
2930 5188 3051 5231 sunt
3095 5181 3182 5247 qui
3233 5183 3550 5234 esuriuntct
3595 5183 3671 5233 si-

2094 5263 2546 5330 tiuntjustitiam,
2598 5265 2718 5335 quia
2754 5266 2851 5332 ipsi
2901 5270 3300 5332 saturabnntur,
3352 5282 3568 5321 oremus
3621 5280 3673 5323 ut

2096 5354 2249 5420 panis
2277 5362 2459 5408 noster
2487 5356 2832 5423 quotidianus
2854 5358 3011 5411 detur
3037 5358 3193 5410 nobis
3217 5357 3395 5421 hodie,
3422 5373 3527 5426 quo
3554 5358 3673 5414 fulti

2097 5450 2256 5508 atque
2286 5445 2591 5510 sustentati,
2625 5445 2689 5498 ad
2743 5445 3104 5513 plenissimam
3156 5447 3299 5499 illam
3332 5451 3672 5507 saturitatem

2098 5532 2285 5586 venire
2316 5534 2603 5599 possimus.
2645 5534 2702 5590 Si
2754 5538 3036 5591 consilium
3087 5548 3168 5591 est
3206 5553 3313 5608 quo
3372 5540 3510 5595 beati
3551 5557 3673 5600 sunt

2102 5623 2504 5691 misericordes,
2553 5628 2805 5695 quoniam
2856 5627 3093 5695 ipsorum
3137 5630 3483 5689 miserebitur
3512 5635 3673 5707 DeusJ

2104 5708 2437 5770 dimittamus
2459 5716 2795 5773 debitoribus
2826 5720 3043 5785 nostris,
3076 5732 3127 5777 et
3157 5738 3372 5781 oremus
3401 5739 3456 5783 ut
3484 5741 3535 5785 ct
3578 5748 3668 5788 ne.

3162 5840 3237 5900 33
