4074 6186
454 252 593 308 1055

1567 246 1628 299 D.
1673 240 1985 300 EUGYPPII
2024 239 2312 297 ABBATIS
2351 239 2663 297 AFRICANI

3574 241 3706 297 1036

450 366 533 422 bis
562 374 743 421 nostra
769 362 1127 418 dimittantur.
1160 359 1215 417 Si
1259 358 1561 415 intellectus
1583 365 1666 412 est
1717 371 1825 425 quo
1876 353 2017 409 beati
2052 354 2097 414 Α
2130 349 2290 403 etiam
2339 351 2605 418 capitibus
2660 362 2781 402 cum
2835 345 3135 416 ieiunamus
3185 362 3283 403 nos
3334 362 3456 403 esse
3489 349 3701 405 debere.

449 466 577 512 sunt
602 455 787 510 mundi
811 455 973 509 corde
999 452 1250 523 quoniam
1277 451 1373 520 ipsi
1400 450 1564 505 Deum
1593 448 1870 511 videbunt,
1900 461 2023 501 ore-

451 562 567 601 mus
597 561 703 601 nou
726 544 906 601 induci
930 544 980 597 itt
1010 543 1376 607 tentationem,
1402 556 1470 595 ne
1497 539 1790 594 habeamus
1820 538 2019 608 duplex

449 656 544 698 cor
571 657 674 698 non
704 639 1003 710 appetendo
1029 639 1255 707 simplex
1285 638 1509 699 bonum,
1558 651 1665 705 quo
1716 631 2018 688 referamus

448 733 623 788 omnia
653 746 772 800 qua:
798 744 1101 798 operamur,
1132 728 1226 783 sed
1254 729 1414 783 simul
1440 726 1754 795 temporalia
1798 735 1851 779 et
1905 731 2015 776 ter-

447 836 577 877 rena
598 818 1232 883 sectando;tentationes
1255 817 1399 872 enim
1447 817 1513 871 de
1563 816 1646 869 his
1694 814 1857 868 rebus
1900 828 2019 882 quae

445 925 633 980 graves
655 920 710 964 et
733 909 1060 965 calamitosat
1119 908 1373 964 videntur
1421 907 1745 970 hominibus,
1799 920 1905 959 non
1966 905 2018 957 in

444 1016 542 1056 nos
570 1001 769 1065 valent,
800 1001 845 1055 si
873 1016 981 1055 non
1004 1000 1217 1055 valeant
1239 1000 1344 1053 illae
1366 1014 1485 1067 quae
1533 997 1802 1053 blanditiis
1833 1010 2018 1052 earum

443 1105 621 1145 rerum
652 1090 901 1147 accidunt
924 1105 1057 1161 quas
1086 1090 1327 1145 homines
1367 1090 1535 1145 bonas
1585 1097 1643 1144 et
1690 1087 2020 1142 lmtabundas

442 1191 653 1253 putant.
686 1182 741 1237 Si
770 1182 1029 1251 sapientia
1060 1190 1145 1236 est
1170 1196 1273 1250 qua
1302 1181 1442 1235 beati
1468 1189 1593 1235 sunt
1626 1179 1855 1249 pacifici,
1884 1194 2020 1248 quo-

442 1275 585 1330 niam
616 1274 717 1342 ipsi
752 1273 845 1328 lilii
875 1273 966 1328 Dei
992 1274 1346 1340 vocabuntur,
1383 1287 1599 1327 oremus
1642 1282 1697 1325 ut
1728 1272 2021 1326 liberemur

444 1380 473 1419 a
503 1365 643 1420 malo
672 1382 685 1418 :
711 1363 828 1433 Ipsa
856 1364 999 1417 enim
1027 1363 1269 1417 liberatio
1302 1362 1503 1418 liberos
1527 1376 1626 1416 nos
1653 1360 1832 1425 faciet,
1864 1360 1913 1414 id
1937 1369 2021 1415 est

444 1451 581 1508 filios
625 1453 750 1515 Dei,
790 1460 850 1508 ut
897 1452 1088 1521 spiritu
1133 1451 1437 1521 adoptionis
1483 1451 1803 1517 elamcmus,
1862 1450 2018 1505 Abba

442 1552 612 1613 pater.

965 1612 1193 1669 CAPUT
1226 1611 1516 1668 CCCXVI.’

2125 439 2280 505 Quod
2302 440 2346 493 si
2388 440 2750 506 turpissimum
2775 452 2960 493 omnes
2996 437 3254 503 ferentur,
3306 438 3708 507 intelligendum

2122 538 2206 582 est
2244 529 2346 584 hoc
2373 538 2696 599 praeceptum
2736 528 2967 597 ungendi
2997 541 3155 596 caput
3183 538 3239 584 et
3268 529 3461 583 faciem
3494 530 3731 584 lavandi?

2122 620 2189 673 ad
2218 620 2527 674 interiorem
2559 620 2826 673 hominem
2872 620 3141 688 pertinere
3174 637 3185 673 :
3220 635 3418 688 ungere
3455 637 3583 688 ergo
3612 636 3703 675 ca—

2122 718 2215 777 put
2236 710 2303 763 ad
2345 710 2581 763 laetitiam
2628 709 2877 776 pertinet,
2934 709 3110 763 lavare
3160 719 3336 763 autem
3387 712 3607 773 facient,
3638 711 3705 763 ad

2124 800 2442 854 munditiam
2475 819 2489 855 :
2521 808 2573 854 et
2599 798 2721 853 ideo
2749 809 2908 865 caput
2931 800 3077 869 ungit
3120 800 3210 871 qui
3238 800 3445 855 laetatur
3477 801 3708 854 interius

2124 902 2300 945 mente
2330 901 2489 961 atque
2516 892 2743 946 ratione.
2791 892 2903 946 Hoc
2936 891 3080 946 enim
3110 900 3255 947 recte
3295 892 3588 962 accipimus
3618 908 3712 946 ca-

2123 989 2219 1049 put
2246 981 2386 1050 qnod
2419 983 2470 1035 in
2497 981 2675 1035 anima
2708 982 3036 1051 praeeminet,
3063 991 3117 1035 et
3164 997 3272 1052 quo
3292 994 3488 1037 caetera
3531 983 3710 1037 homi-

2123 1074 2208 1126 nis
2242 1073 2351 1143 regi
2382 1081 2436 1126 et
2482 1073 2768 1141 gubernari
2811 1072 3150 1127 manifestum
3191 1082 3308 1138 est;
3340 1084 3394 1128 et
3424 1077 3525 1129 hoc
3579 1074 3712 1130 facit

2122 1161 2214 1229 qui
2246 1176 2352 1215 non
2384 1160 2515 1216 foris
2540 1161 2736 1231 qumrit
2765 1161 3028 1227 laetitiam,
3062 1173 3118 1216 ut
3140 1163 3205 1215 de
3233 1163 3508 1217 hominum
3534 1165 3711 1218 laudi-

2124 1252 2219 1305 bus
2241 1251 2529 1307 carnaliter
2550 1252 2795 1322 gaudeat.
2825 1251 2960 1306 Caro
2982 1253 3147 1318 enim,
3179 1267 3299 1322 quae
3317 1253 3557 1322 subiecta
3581 1269 3709 1311 esse

2119 1340 2299 1408 debet,
2331 1343 2476 1399 nullo
2505 1345 2665 1399 modo
2690 1353 2776 1400 est
2798 1345 2956 1401 totius
2988 1356 3191 1401 naturae
3210 1347 3458 1402 humana:
3496 1359 3657 1416 caput
3693 1367 3709 1402 :

2122 1432 2292 1487 Nemo
2322 1434 2539 1505 quidem
2580 1452 2812 1506 unquam
2860 1452 3078 1492 carnem
3126 1452 3277 1493 suam
3326 1438 3449 1495 odio
3496 1440 3709 1508 habuit,

2126 1527 2268 1583 sicut
2299 1533 2585 1598 Apostolus
2612 1530 2764 1596 dicit,
2796 1546 2919 1585 cum
2953 1530 3021 1586 de
3069 1531 3342 1602 diligenda
3373 1547 3541 1587 uxore
3571 1548 3713 1601 prte-

2121 1620 2269 1690 cipit.
2321 1622 2428 1677 Sed
2476 1632 2634 1692 caput
2685 1624 2925 1680 mulieris
2976 1626 3078 1688 vir,
3124 1626 3212 1680 cui
3245 1626 3360 1680 viro
3404 1637 3568 1695 caput
3616 1637 3713 1683 est

438 1704 549 1777 84
586 1703 665 1760 De
695 1705 897 1776 jejunio
932 1714 979 1759 et
1009 1704 1227 1788 lavando
1267 1704 1399 1788 {afﬁne
1436 1703 1510 1757 vel
1559 1700 1792 1775 ﬁngendo
1821 1702 2014 1770 capite;
2050 1722 2095 1783 Β
2120 1712 2383 1769 Christus.
2432 1714 2658 1772 Interius
2700 1732 2828 1787 ergo
2875 1719 3107 1787 gaudeat
3149 1720 3201 1773 in
3248 1719 3455 1788 jejunio
3484 1735 3607 1784 suo,
3641 1736 3711 1774 eo

1008 1792 1071 1828 ex
1121 1773 1293 1829 eodem
1320 1773 1467 1825 libro.

511 1889 645 1944 Cum
677 1897 853 1945 autem
879 1888 1155 1959 ieiunatis,
1183 1886 1372 1956 inquit,
1422 1885 1585 1941 nolite
1615 1884 1731 1940 fieri
1760 1885 1901 1941 sicut
1925 1886 2022 1956 hy-

440 1982 655 2047 pocrita:
672 1981 871 2046 tristes,
885 1976 1395 2034 exterminantenim
1411 1976 1612 2030 vultum
1626 1990 1799 2039 suum,
1815 1983 1872 2029 ut
1885 1973 2023 2029 vide-

440 2081 597 2127 antur
610 2068 1251 2138 hominibusieiunantes.
1268 2070 1435 2123 Amen
1450 2067 1572 2123 dico
1589 2067 2021 2137 vobis,percepe-

440 2161 882 2217 ruutmercedem
898 2175 1071 2215 suam.
1089 2160 1191 2215 Vos
1203 2167 1376 2214 autem
1387 2158 1902 2229 ieiunantes,ungite
1930 2174 2021 2214 ca-

441 2254 549 2322 pita
564 2260 763 2320 vestra,
779 2262 831 2308 et
849 2251 1011 2308 facies
1029 2260 1232 2308 vestras
1250 2250 1446 2320 lavate,
1465 2265 1533 2306 ne
1549 2250 1832 2305 videamini
1849 2250 2019 2306 homi—

442 2343 934 2416 nihusieiunantes,
952 2343 1047 2398 sed
1064 2343 1202 2397 Patri
1218 2350 1398 2398 vestro
1412 2342 1501 2411 qui
1518 2351 1599 2397 est
1619 2341 1672 2396 in
1684 2341 2022 2407 abscondito,

437 2445 495 2491 et
524 2436 678 2490 Pater
706 2444 882 2490 vester
912 2432 1002 2503 qui
1026 2432 1244 2488 videtin
1268 2431 1603 2497 abscondito,
1626 2430 1819 2487 reddet
1853 2432 2021 2488 vobis.

438 2524 772 2582 Manifestum
800 2534 884 2580 est
912 2524 995 2580 his
1034 2524 1341 2594 prmceptis,
1379 2538 1594 2579 omnem
1641 2533 1882 2579 nostram
1940 2539 2026 2580 ra-

439 2617 637 2672 tionem
665 2613 1064 2687 [intentionem]
1112 2615 1165 2668 in
1204 2614 1461 2669 interiora
1498 2614 1690 2685 gaudia
1733 2614 1913 2685 dirigi,
1959 2628 2027 2669 ne

445 2706 577 2761 foris
601 2715 907 2776 quarentes
932 2707 1236 2760 mercedem
1285 2705 1407 2760 huic
1459 2705 1657 2760 sarculo
1710 2704 2023 2760 conforme-

440 2814 580 2861 mur,
609 2805 663 2852 et
694 2796 1001 2852 amittamus
1030 2797 1430 2865 promissionem
1470 2807 1615 2851 tanto
1641 2796 1911 2853 solidioris
1938 2806 2024 2852 at-

437 2902 541 2958 que
582 2887 853 2954 firmioris,
888 2896 1087 2956 quanto
1115 2888 1387 2943 interioris
1409 2886 1751 2943 beatitudinis
1792 2904 1895 2958 qua
1928 2903 2026 2943 nos

434 2980 598 3047 elegit
644 2978 787 3034 Deus
815 2978 1120 3034 conformes
1150 2979 1265 3035 fieri
1288 2978 1534 3050 imaginis
1564 2979 1683 3036 Filii
1724 2979 1840 3049 eius
1872 2978 2022 3055 [sui].

444 3071 498 3123 In
540 3070 643 3124 hoc
696 3078 875 3125 autem
928 3069 1165 3138 calitulo
1215 3072 1450 3126 maxime
1488 3071 2022 3128 animadvertendum
2050 3100 2097 3163 ρ

434 3170 540 3227 est,
574 3160 764 3215 nonin
812 3162 931 3216 solo
981 3176 1157 3216 rerum
1209 3176 1589 3232 corporearum
1642 3164 1816 3219 nitore
1864 3176 2047 3233 atque"

440 3267 655 3322 pompa,
691 3253 786 3308 sed
817 3255 978 3309 etiam
1021 3254 1074 3308 in
1106 3255 1235 3325 ipsis
1290 3257 1539 3311 sordibus
1589 3257 1848 3312 luctuosis
1905 3271 2025 3313 esse

442 3357 600 3411 posse
625 3343 965 3412 iactantiam,
1000 3353 1055 3399 et
1093 3360 1159 3400 eo
1187 3346 1643 3415 periculosiorem.
1668 3362 1776 3417 quo
1802 3348 1905 3402 sub
1928 3362 2025 3404 no-

435 3432 581 3487 tuine
605 3433 876 3487 servitutis
899 3433 993 3489 Dei
1016 3434 1230 3503 decipit.
1259 3436 1356 3503 Qui
1382 3452 1509 3504 ergo
1532 3437 1884 3495 immoderato
1911 3438 2025 3494 cul~

445 3534 501 3577 tu
546 3524 788 3592 corporis
838 3531 997 3591 atque
1037 3525 1285 3591 vestitus,
1340 3526 1426 3580 vel
1472 3534 1791 3581 ceterarum
1839 3541 2018 3583 rerum

446 3615 619 3670 nitore
645 3613 944 3685 praefulget,
970 3613 1126 3670 facile
1153 3618 1495 3672 convincitur
1518 3616 1676 3673 rebus
1707 3617 1838 3688 ipsis
1869 3633 2021 3687 pom-

442 3719 629 3775 parum
677 3703 861 3760 saeculi
880 3718 1001 3760 esse
1049 3715 1303 3761 sectator.
1356 3705 1468 3762 Nec
1514 3722 1836 3777 quemquam
1882 3706 2019 3762 fallit

431 3796 620 3851 dolosa
649 3797 879 3867 imagine
917 3798 1216 3853 sanetitatis
1244 3814 1258 3851 :
1286 3797 1376 3867 qui
1396 3807 1575 3853 autem
1602 3800 1655 3853 in
1681 3799 2018 3868 professione

437 3886 857 3942 Christianitatis
887 3887 1143 3943 inusitato
1168 3886 1415 3957 squalore
1443 3904 1508 3944 ac
1538 3888 1787 3945 sordibus
1840 3891 2016 3946 inten-

432 3988 517 4032 tos
540 3978 591 4032 in
622 3992 681 4033 se
707 3977 981 4033 hominum
1026 3980 1213 4036 oculos
1260 3978 1409 4046 facit,
1455 3995 1577 4035 cum
1634 3980 1685 4037 id
1739 3981 2014 4038 voluntate

436 4067 584 4133 facit,
634 4084 738 4122 non
790 4072 1111 4126 necessitate
1140 4070 1358 4139 patitur,
1408 4071 1618 4126 cmteris
1664 4071 2008 4145 huius[eius]

432 4158 684 4226 operibus
712 4167 889 4227 potest
909 4158 1120 4227 conjici,
1153 4169 1331 4213 utrum
1356 4161 1457 4215 hoc
1477 4169 1787 4230 contemptu
1814 4177 2009 4233 super-

2128 1800 2244 1870 ipso
2266 1817 2370 1871 quo
2394 1803 2474 1858 sic
2494 1818 2553 1860 sc
2577 1804 2871 1874 iviunaudo
2891 1807 3084 1862 avertit
3110 1822 3139 1861 a
3172 1808 3449 1875 voluptate
3496 1809 3710 1872 smculi,

2128 1900 2185 1947 ut
2210 1894 2279 1947 sit
2304 1893 2548 1951 subditus
2574 1893 2787 1951 Christo
2816 1897 2907 1966 qui
2936 1898 3229 1953 secundum
3257 1899 3357 1953 hoc
3377 1913 3709 1970 praeceptum

2127 1991 2285 2052 caput
2318 1992 2535 2038 unctum
2585 1984 2786 2041 habere
2815 1986 3117 2054 desiderat;
3143 1988 3215 2044 ita
3239 1987 3382 2044 enim
3414 1998 3468 2042 et
3513 1989 3709 2044 facient

2129 2072 2342 2139 lavabit,
2373 2074 2426 2130 id
2468 2085 2552 2130 est
2593 2090 2689 2131 cor
2719 2077 3018 2143 mundabit,
3049 2094 3154 2147 quo
3183 2080 3395 2133 visurus
3422 2087 3507 2133 est
3538 2078 3709 2133 Deum

2129 2176 2233 2217 non
2265 2162 2579 2234 interposito
2628 2166 2910 2231 velamine,
2944 2177 3159 2236 propter
3185 2166 3550 2223 infirmitatem
3578 2183 3709 2223 con-

2129 2258 2348 2306 tractam
2380 2252 2447 2308 de
2472 2253 2741 2321 sordibus,
2769 2254 2865 2310 sed
2895 2253 3081 2311 firmus
3119 2264 3175 2311 et
3190 2256 3415 2320 stabilis,
3447 2257 3709 2325 quoniam

2130 2347 2359 2404 mundus
2389 2357 2444 2403 ct
2467 2349 2718 2419 simplex.
2750 2349 3049 2415 Lavamini,
3076 2348 3269 2419 inquit,
3290 2350 3471 2403 mundi
3501 2360 3709 2415 estote;

2128 2434 2331 2490 auferte
2361 2437 2621 2506 nequitias
2642 2437 2709 2491 ah
2758 2437 2951 2490 animis
2979 2435 3171 2491 vestris
3200 2446 3360 2505 atque
3389 2451 3417 2488 a
3471 2451 3707 2504 conspe-

2127 2536 2217 2581 ctu
2244 2529 2521 2585 oculorum
2554 2544 2820 2584 meorum.
2848 2530 2928 2583 Ab
2961 2528 3044 2583 his
3090 2528 3246 2599 igitur
3266 2529 3514 2584 sordibus
3544 2529 3710 2583 facies

2129 2626 2309 2672 nostra
2333 2618 2557 2673 lavanda
2583 2627 2688 2685 est,
2722 2620 2914 2689 quibus
2961 2618 3054 2673 Dei
3085 2627 3329 2686 aSpectus
3380 2618 3708 2676 offenditur:

2129 2723 2227 2764 nos
2254 2710 2396 2765 enim
2421 2711 2654 2766 revelata
2685 2710 2817 2766 facie
2852 2710 3074 2780 gloriam
3126 2710 3221 2764 Dei
3245 2710 3605 2779 speculantes,
3650 2712 3710 2765 in

2128 2799 2370 2855 eamdem
2431 2801 2714 2870 imaginem
2762 2800 3280 2855 transformabimur.
3330 2800 3487 2869 Saepe
3539 2802 3707 2856 etiam

2127 2892 2377 2963 cogitatio
2426 2893 2850 2948 necessariarum
2898 2906 3074 2946 rerum
3107 2890 3173 2944 ad
3206 2891 3359 2944 istam
3388 2892 3546 2944 vitam
3574 2905 3711 2958 per-

2129 2985 2407 3038 tinentium
2434 2993 2488 3039 et
2515 2985 2719 3039 sauciat
2765 2993 2820 3038 et
2866 2983 3104 3038 sordidat
3153 2982 3461 3037 interiorem
3492 2982 3711 3037 oculqu

2129 3060 2469 3138 nostrum,et
2494 3075 2804 3145 plerumque
2831 3073 3166 3142 conduplicat
3191 3073 3308 3145 [cor
3336 3072 3620 3142 duplicat],
3647 3083 3711 3127 ut

2132 3180 2194 3221 ea
2216 3181 2334 3237 quae
2356 3166 2598 3222 videmur
2624 3182 2743 3221 cum
2770 3166 3073 3220 hominibus
3099 3172 3246 3220 recte
3279 3164 3474 3228 facere,
3505 3179 3609 3217 non
3639 3180 3712 3221 eo

2129 3257 2291 3313 corde
2309 3256 2565 3312 faciamus
2581 3272 2686 3327 quo
2704 3257 2960 3311 Dominus
2984 3254 3254 3325 praecepit,
3280 3254 3328 3308 id
3348 3263 3430 3309 est
3450 3270 3553 3309 non
3582 3256 3709 3323 quia

2127 3362 2220 3404 eos
2250 3348 2541 3418 diligimus,
2592 3348 2688 3404 sed
2719 3349 2841 3419 quia
2890 3346 3226 3403 commodum
3276 3345 3343 3401 ab
3369 3348 3447 3402 eis
3489 3347 3708 3417 aliquod

2126 3450 2343 3508 propter
2362 3440 2737 3495 necessitatem
2756 3440 3035 3509 praesentis
3050 3439 3173 3493 vita:
3186 3437 3408 3507 adipisci
3422 3439 3699 3495 volumus.

2127 3527 2394 3586 Debemus
2443 3540 2621 3586 autem
2676 3530 3021 3587 benefacere
3058 3529 3163 3586 illis
3211 3538 3429 3600 propter
3473 3531 3704 3586 salutem

2122 3619 2358 3689 ipsorum
2415 3628 2697 3688 :eternam,
2770 3636 2874 3675 non
2929 3631 3149 3690 propter
3195 3619 3489 3689 temporale
3538 3635 3698 3676 com-

2121 3709 2337 3764 modum
2370 3720 2634 3764 nostrum.
2680 3709 2902 3765 lnclinet
2929 3726 3060 3781 ergo
3088 3710 3227 3764 Deus
3248 3724 3342 3765 cor
3373 3720 3615 3764 nostrum
3650 3712 3702 3765 in

2119 3799 2426 3855 testimonia
2459 3814 2578 3868 sua,
2603 3808 2658 3854 et
2685 3814 2792 3854 non
2822 3801 2875 3855 in
2904 3800 3342 3855 emolumentum.
3374 3800 3527 3854 Finis
3552 3801 3697 3855 enim

2119 3893 2373 3962 prtecepti
2403 3901 2486 3947 est
2513 3892 2768 3956 charitas,
2792 3893 2859 3946 de
2888 3892 3050 3946 corde
3081 3906 3237 3961 puro,
3278 3901 3334 3946 et
3366 3890 3697 3945 conscientia

2117 3984 2278 4049 bona,
2302 3995 2353 4037 et
2378 3983 2479 4037 ﬁde
2508 3999 2615 4038 non
2644 3984 2787 4037 ficta.
2812 3982 3100 4050 Quiautem
3117 3993 3333 4053 propter
3355 3998 3504 4039 suam
3530 3983 3582 4036 in
3603 3983 3701 4034 hae

2114 4074 2220 4129 vita
2242 4076 2615 4130 necessitatem
2636 4075 2783 4128 fratri
2814 4074 3068 4140 consulit,
3107 4090 3214 4129 non
3251 4076 3433 4144 utique
3456 4074 3701 4127 charitati

2123 4166 2375 4233 consulit,
2432 4165 2553 4235 quia
2584 4181 2691 4221 non
2727 4165 2803 4220 illi
2826 4181 2982 4235 quem
3007 4165 3168 4219 debet
3195 4173 3441 4234 tanquam
3464 4164 3702 4233 seipsum

432 4248 523 4301 flui
554 4249 753 4312 cultus,
778 4263 845 4302 an
871 4249 1161 4305 ambitione
1188 4249 1364 4319 aliqua
1420 4250 1609 4318 faciat;
1661 4254 1785 4322 quia
1814 4263 1870 4309 et
1909 4254 2009 4307 sub
2109 4258 2367 4329 diligere,
2398 4258 2491 4313 sed
2522 4258 2623 4312 sibi
2652 4258 2906 4323 consulit,
2940 4256 3020 4312 vel
3047 4258 3221 4326 potius
3251 4271 3352 4311 nec
3380 4256 3506 4319 sibi,
3530 4272 3701 4324 quatt-

431 4338 586 4392 ovina
616 4337 754 4407 pelle
783 4339 1049 4394 cavendus
1075 4339 1229 4409 lupos
1278 4340 1537 4396 Dominus
1571 4345 1825 4412 przecepit
1859 4363 1869 4397 :
1898 4345 2004 4401 Sed
2107 4349 2392 4419 doquidem
2426 4350 2548 4403 hinc
2575 4349 2676 4403 sibi
2708 4342 2833 4403 facit
2854 4349 3049 4417 duplex
3079 4364 3173 4403 cor
3194 4364 3297 4419 quo
3328 4348 3612 4417 impeditur
3632 4349 3702 4402 ad

430 4446 494 4487 ex
513 4430 795 4496 fructibus,
811 4430 1003 4499 inquit,
1019 4428 1207 4485 eorum
1221 4432 1559 4503 cegnoscetis
1570 4448 1686 4488 eos.
1701 4432 1831 4487 Cum
1857 4435 2001 4489 enim

429 4522 971 4591 cmperintaliquibus
996 4523 1453 4580 tentationibnsea
1470 4526 1585 4593 ipsa
1619 4523 1869 4597 [scilicet]
1903 4526 2011 4580 illis

431 4613 672 4669 subtrahi
708 4615 790 4669 vel
822 4616 1001 4685 negari
1036 4630 1155 4686 qua:
1186 4616 1288 4671 isto
1313 4618 1579 4673 velamine
1617 4619 1701 4674 vel
1738 4621 2012 4678 consecuti

428 4714 573 4773 sunt,
587 4708 669 4762 vel
682 4710 934 4778 consequi
951 4708 1189 4778 cupiunt,
1207 4719 1259 4763 tu
1268 4723 1332 4765 nc
1347 4725 1571 4767 necesse
1581 4722 1662 4768 est
1682 4722 1740 4768 ut
1756 4723 2012 4784 appareat

434 4805 610 4852 utrum
639 4796 796 4867 lupus
822 4800 875 4853 in
901 4799 1061 4854 ovina
1089 4799 1231 4869 pelle
1270 4801 1359 4865 sit,
1412 4816 1480 4856 an
1517 4802 1636 4859 ovis
1668 4805 1720 4858 in
1746 4819 1863 4859 sua.
1895 4805 2011 4860 Non

432 4890 575 4945 enim
625 4898 905 4958 prepterea
961 4900 1150 4947 ornatu
1206 4892 1479 4961 superfluo
1546 4894 1711 4951 debet
1764 4907 2014 4967 aspectus

434 4978 712 5036 hominum
742 4982 980 5037 mulcere
1023 4980 1382 5050 Christianus,
1422 4983 1547 5054 quia
1594 4986 1740 5040 illum
1793 5001 2012 5056 parcum

434 5070 676 5127 habitum
720 5085 786 5128 ac
830 5072 1193 5128 necessarium
1243 5075 1404 5129 etiam
1468 5075 1814 5133 shnulatores
1869 5092 2014 5149 saepe

435 5171 717 5232 usurpant,
744 5171 806 5219 ut
855 5163 1099 5221 incautos
1147 5164 1439 5235 decipiant,
1485 5166 1607 5236 quia
1635 5177 1691 5223 et
1736 5168 1839 5223 illa;
1884 5184 2014 5225 oves

434 5271 543 5311 non
566 5252 764 5311 debent
817 5255 1088 5328 deponere
1119 5257 1286 5327 pelles
1315 5273 1466 5325 suas,
1492 5258 1538 5313 si
1586 5259 1876 5327 aliquando
1930 5260 2011 5315 eis

434 5347 543 5416 lupi
576 5361 635 5401 se
659 5357 972 5419 contegunt.
1027 5348 1204 5417 Qumri
1236 5364 1366 5419 ergo
1412 5349 1552 5403 solet
1582 5349 1709 5418 quid
1761 5350 1832 5405 sit
1868 5350 2009 5421 quod

434 5442 510 5495 ait
537 5457 551 5494 :
585 5439 694 5498 Vos
719 5453 899 5498 autem
922 5442 1247 5513 ieiununtes,
1293 5444 1474 5511 ungite
1503 5445 1676 5512 capita
1730 5452 1930 5507 vestra,
1961 5454 2017 5498 et

438 5532 605 5586 tacies
637 5544 845 5588 vestras
882 5534 1070 5597 lavate,
1103 5549 1171 5590 ne
1201 5534 1486 5590 videamini
1543 5534 1848 5591 hominibus
1874 5536 2018 5606 ieiu-

434 5632 657 5693 nautcs;
684 5640 791 5680 non
818 5627 961 5681 enim
984 5627 1249 5696 quispiam
1278 5639 1425 5682 recte
1464 5628 1801 5698 ptazcoperit,
1828 5641 2015 5696 quam-

436 5708 520 5765 vis
545 5710 736 5769 faciem
766 5718 1073 5779 quotidiana
1122 5720 1515 5778 consuetudine
1543 5719 1805 5786 lavemus,
1838 5719 2015 5776 unctis

2111 4441 2397 4496 videndum
2429 4441 2616 4504 Deum,
2672 4440 2724 4494 in
2756 4455 2859 4505 qua
2887 4443 3000 4496 sola
3031 4441 3231 4495 visione
3282 4450 3366 4495 est
3424 4440 3702 4495 beatitudo

2121 4541 2268 4586 certa
2299 4541 2461 4602 atque
2494 4541 2771 4601 perpetua.

2633 4642 2862 4700 CAPUT
2900 4642 3193 4699 CCCXVII.

2124 4735 2198 4790 De
2226 4751 2284 4789 eo
2309 4735 2445 4804 quod
2460 4735 2531 4789 ait
2566 4733 2815 4790 Dominus
2846 4750 2865 4789 .°
2898 4735 2960 4791 Si
2983 4752 3100 4805 ergo
3127 4736 3296 4788 lumen
3316 4734 3527 4803 quodin
3556 4746 3604 4789 te
3627 4747 3703 4790 est

2195 4809 2411 4877 tenebrw
2430 4814 2570 4870 sunt,
2598 4805 2957 4876 ipswteuebrw
2978 4814 3182 4877 quanta’
3217 4806 3401 4858 erant?
3438 4821 3501 4859 ra:
3526 4814 3705 4860 eodem

2198 4875 2346 4930 libto.

2190 4985 2434 5041 Lucerna
2462 4985 2707 5057 corporis
2738 4986 2814 5040 ιιιί
2842 4994 2928 5041 est
2953 4985 3141 5042 oculus
3168 4994 3308 5040 tuus.
3339 4984 3393 5042 Si
3417 5001 3544 5054 ergo
3572 5000 3707 5040 ocu-

2117 5080 2203 5135 lus
2229 5087 2350 5133 tuus
2375 5080 2604 5150 simplex
2640 5079 2820 5146 fuerit,
2855 5087 3026 5136 tomm
3068 5094 3263 5150 corpus
3289 5089 3435 5134 tuum
3468 5078 3705 5133 lucidum

2115 5172 2249 5238 erit;
2280 5172 2323 5226 si
2352 5181 2528 5227 autem
2551 5173 2739 5228 oculus
2772 5181 2893 5227 tuus
2924 5187 3154 5242 nequam
3183 5181 3286 5238 est,
3307 5179 3476 5224 totum
3503 5185 3707 5237 corpus

2118 5270 2266 5316 tuum
2297 5260 2639 5316 tenebrosum
2671 5262 2794 5317 etit.
2842 5260 2898 5316 Si
2922 5276 3052 5332 ergo
3080 5261 3262 5316 lumen
3287 5257 3429 5329 quod
3462 5259 3513 5313 in
3544 5267 3599 5313 te
3623 5270 3709 5313 est

2120 5352 2357 5408 tenehta:
2384 5361 2530 5416 sunt,
2561 5352 2692 5420 ipsa:
2732 5353 2968 5407 tenebrae
3010 5352 3271 5421 quanle
3300 5350 3399 5420 Qui
3446 5351 3593 5405 locus
3618 5349 3704 5401 sic

2120 5440 2495 5511 intelligendus
2516 5449 2620 5504 est,
2645 5450 2704 5495 ut
2757 5442 3065 5496 noverimus
3092 5441 3271 5496 omnia
3304 5454 3469 5509 Opera
3511 5449 3701 5495 nostra

2120 5544 2245 5591 tunc
2285 5548 2408 5590 esse
2450 5534 2669 5599 munda,
2701 5544 2755 5589 et
2813 5534 3025 5604 placere
3069 5536 3120 5588 in
3173 5541 3463 5602 conspectu
3504 5531 3619 5595 Dei,
3652 5532 3700 5585 si

2123 5626 2249 5681 flant
2305 5624 2535 5693 simplici
2592 5626 2775 5692 corde,
2831 5626 2881 5680 id
2945 5636 3027 5681 est
3086 5624 3383 5682 intentione
3444 5636 3702 5692 superna,

2122 5721 2225 5776 fine
2254 5717 2349 5775 illo
2378 5715 2673 5786 charitatis,
2712 5718 2833 5788 quia
2865 5726 2920 5774 ct
2951 5717 3225 5789 plenitudo
3264 5716 3400 5787 legis
3440 5714 3696 5769 charitas.
