4074 6186
416 359 549 417 Ν)δῖ

1603 354 2040 416 TllESAL‘RUS.
2079 356 2236 415 CAP.
2278 354 2544 414 CCtLXlX.

3532 366 3667 419 103i!

390 457 631 533 ὐςοιιιιιι
664 492 792 545 ergo
812 476 902 530 hic
928 474 1175 543 accipere
1220 472 1478 526 debemus
1502 471 1672 540 ipsam
1721 470 1975 524 iutentio-
2012 476 2059 532 Α
2086 470 2283 538 aliquid
2314 471 2526 542 gravius
2546 510 2561 536 ,
2588 480 2767 524 utnon
2798 470 2971 526 solum
3000 472 3222 541 patiaris
3258 472 3446 528 harum
3484 490 3662 531 rerum

410 588 556 637 nem,
585 586 685 640 qua
716 568 941 622 facimus
962 564 1218 636 quidquid
1260 564 1507 631 facimus,
1554 578 1671 632 qua:
1716 562 1763 617 si
1796 563 1994 616 munda

409 667 571 722 fuerit
600 674 657 720 et
680 678 848 726 rec'a,
879 672 933 717 et
962 661 1092 715 illud
1126 659 1391 729 aspiciens
1430 656 1571 727 quod
1624 654 1993 725 aspiciendtttn

326 809 335 814 .
405 766 513 819 est,
541 752 722 810 omnia
756 768 919 822 opera
960 760 1144 805 nostra
1164 765 1285 819 quae
1334 747 1627 803 secundum
1653 761 1770 801 eam
1801 760 1997 814 opera-

408 861 532 899 mur
560 858 779 898 necesse
802 851 884 897 est
908 842 1043 893 bona
1073 839 1208 903 sint;
1250 853 1368 906 quae
1408 852 1569 905 opera
1601 836 1782 891 omnia
1825 843 1993 889 totum

406 950 608 1006 Corpus
628 928 944 1004 appellavit,
970 930 1093 999 quia
1125 940 1182 984 et
1212 928 1500 997 Apostolus
1547 927 1782 982 membra
1808 938 1990 980 nostra

410 1026 542 1080 dicit
575 1039 734 1093 opera
772 1021 1016 1091 quaedam
1045 1035 1166 1090 qu;e
1204 1018 1505 1087 improbat,
1542 1024 1595 1071 et
1631 1015 1999 1071 mortificanda

408 1115 674 1187 praecipit,
697 1115 882 1168 dicens
907 1131 922 1165 ι
948 1109 1263 1166 Mortiﬁcate
1281 1106 1655 1178 ergomembra
1679 1114 1854 1161 vestra
1881 1120 2000 1173 qua:

408 1219 534 1263 sunt
555 1221 716 1274 super
738 1216 958 1265 terram,
984 1201 1413 1262 fornicationem,
1434 1196 1849 1258 immunditiam,
1870 1209 1997 1247 ava-

410 1302 615 1364 ritiam,
644 1310 703 1353 et
730 1307 925 1351 cmtera
958 1294 1101 1347 talia.
1135 1292 1249 1346 Non
1284 1305 1411 1359 ergo
1436 1289 1567 1360 quid
1595 1289 1817 1358 quisque
1846 1286 2001 1340 faciat

417 1391 545 1462 {sed
571 1404 678 1457 quo
704 1387 883 1441 animo
926 1385 1125 1455 faciat],
1166 1380 1617 1438 considerandum
1641 1388 1757 1445 est;
1794 1377 1890 1433 hoc
1917 1386 2003 1431 cst

410 1482 555 1536 enim
584 1478 764 1532 lumen
793 1476 845 1530 in
880 1474 1056 1539 nobis,
1092 1474 1214 1542 quia
1242 1472 1346 1527 boc
1374 1470 1529 1525 nobis
1555 1468 1893 1523 manifestum
1918 1475 2000 1521 est

414 1575 559 1624 bono
590 1569 769 1620 animo
798 1580 897 1619 nos
945 1564 1125 1617 facere
1152 1562 1295 1628 «ιιιοά
1356 1560 1604 1614 facimus.
1636 1558 1811 1614 Omne
1857 1558 1999 1614 enim

412 1660 559 1729 quod
592 1658 963 1712 manifeStatur
992 1655 1171 1709 lumen
1195 1662 1306 1718 cst;
1334 1668 1455 1706 nam
1487 1660 1543 1707 et
1568 1651 1685 1720 ipsa
1718 1652 1849 1705 facta
1881 1664 2001 1720 qnte

411 1755 483 1806 ad
514 1751 789 1804 hominum
822 1748 1132 1803 societatem
1158 1761 1185 1797 a
1211 1745 1364 1800 nobis
1388 1742 1704 1813 procedunt,
1736 1743 2001 1796 incertum

413 1841 619 1895 habent
645 1841 868 1903 exitum,
903 1844 961 1893 et
1005 1835 1128 1891 ideo
1174 1835 1424 1890 tenebras
1466 1848 1564 1888 eas
1607 1832 1854 1887 vocavit:
1895 1847 2000 1887 non

414 1935 563 1987 enim
595 1935 718 1985 novi
750 1946 871 1984 cum
930 1928 1211 1997 pecuniam
1246 1926 1465 1995 porrigo
1495 1923 1780 1994 indigenti"
1804 1930 1861 1977 et
1909 1936 2004 1991 pe-

416 2023 576 2087 tenti,
605 2022 729 2092 quid
763 2020 886 2075 inde
915 2028 1007 2073 aut
1026 2017 1265 2072 facturus
1286 2023 1378 2069 aut
1402 2029 1658 2084 passurus
1688 2013 1777 2078 sit,
1811 2022 1870 2069 et
1890 2012 2006 2067 fieri

414 2123 593 2183 potest
623 2123 681 2167 ut
703 2111 787 2166 vel
816 2111 973 2164 faciat
1010 2124 1076 2164 ex
1105 2123 1167 2162 ea
1194 2106 1277 2162 vel
1320 2115 1538 2174 propter
1596 2119 1713 2159 eam
1770 2104 2008 2172 patiatur

414 2205 619 2274 aliquid
648 2204 793 2266 nialt,
827 2200 967 2269 quod
998 2213 1097 2267 ego
1134 2213 1257 2253 cum
1287 2198 1474 2252 darem
1506 2210 1613 2251 non
1658 2196 1874 2251 evenire
1913 2208 2007 2249 vo-

418 2292 963 2363 loerim,nequelmc
1010 2291 1191 2345 animo
1220 2289 1496 2355 dederim;
1551 2290 1730 2358 itaque
1777 2289 1820 2343 si
1870 2288 2007 2341 bono

417 2390 602 2441 animo
626 2386 725 2441 feci
753 2387 894 2455 quod
922 2382 1052 2438 mihi
1106 2396 1231 2437 cum
1264 2380 1493 2435 facerem
1547 2390 1734 2433 notum
1785 2387 1921 2443 erat,
1953 2386 2009 2432 et

419 2479 543 2531 ideo
563 2479 741 2531 lumen
767 2484 1008 2539 vocatur,
1034 2472 1367 2528 illuminatur
1425 2470 1585 2525 etiam
1618 2469 1811 2523 factum
1833 2482 2007 2522 meum

417 2569 853 2636 qualemcunque
878 2565 1085 2620 exitum
1118 2562 1365 2617 habuerit
1397 2579 1408 2613 :
1442 2560 1534 2629 qui
1552 2560 1731 2614 exitus
1755 2557 2006 2627 quoniam

424 2660 671 2713 incertus
693 2666 798 2718 est,
830 2666 883 2711 et
910 2656 1122 2725 ignotus
1151 2661 1257 2722 est,
1297 2652 1534 2706 tenebm
1556 2649 1834 2719 appellata.
1863 2655 2007 2701 sunt.

416 2754 476 2808 Si
500 2762 677 2807 autem
728 2751 869 2806 malo
904 2751 1084 2805 animo
1111 2747 1234 2815 feci,
1283 2746 1444 2802 etiam
1491 2741 1667 2812 ipsum
1718 2740 1901 2796 lumen
1937 2747 2011 2795 to-

414 2845 605 2899 nebrre
634 2851 779 2909 sunt,
807 2842 989 2897 lumen
1016 2838 1159 2896 enim
1189 2837 1386 2892 dicitur
1425 2834 1551 2904 quia
1584 2832 1731 2888 novit
1781 2830 2009 2900 quisque

416 2953 529 3006 quo
559 2936 738 2990 animo
768 2935 932 2989 faciat
952 2933 1059 3005 85
1079 2932 1246 2988 etiam
1288 2944 1411 2984 cum
1445 2926 1582 2981 malo
1610 2924 1792 2978 animo
1840 2920 2003 2976 facit:

414 3028 519 3085 sed
542 3028 714 3097 ipsum
734 3027 917 3081 lumen
948 3024 1184 3081 tenebrat
1207 3030 1359 3089 sunt,
1397 3020 1516 3089 quia
1551 3033 1655 3074 non
1695 3017 1748 3071 in
1779 3028 2007 3084 superna

415 3119 672 3191 dirigitur
708 3118 937 3185 simplex
982 3113 1228 3179 intentio,
1262 3112 1357 3168 sed
1387 3112 1454 3165 ad
1483 3110 1735 3165 inferiora
1764 3104 2006 3162 declina-s

2103 560 2475 629 indigentiam,
2515 561 2613 615 scd
2644 560 2806 615 etiam
2836 572 3054 630 propter
3079 563 3213 617 hanc
3231 563 3548 631 explendam
3572 566 3672 619 mi-

2103 650 2225 705 lites
2271 651 2401 706 Deo.
2451 650 2564 706 lloc
2593 661 2769 707 autem
2820 654 2935 706 loco
2985 653 3329 708 vehementer
3380 656 3672 709 cavendum

2098 750 2183 795 est
2236 757 2302 796 ne
2350 742 2485 797 forte
2529 757 2651 797 cum
2693 743 2985 797 viderimus
3038 743 3270 813 al'quem
3316 736 3531 798 servum
3580 744 3675 799 Dei

2102 834 2384 902 providere
2415 849 2481 888 ne
2506 834 2605 887 iata
2636 835 2935 888 necessaria
2972 834 3149 888 desint
3188 835 3270 887 vel
3306 835 3429 896 sibi.
3467 835 3551 889 vel
3597 837 3677 890 eis

2100 936 2330 992 quorum
2379 923 2480 977 sibi
2532 937 2664 977 cura
2708 922 2993 978 commissa
3036 934 3116 976 cat
3149 966 3161 987 ,
3204 921 3504 991 iudicemus
3548 937 3673 977 eum

2098 1023 2288 1068 contra
2312 1022 2639 1084 praeceptum
2668 1014 2880 1069 Domini
2912 1015 3109 1083 facere,
3134 1024 3185 1069 et
3209 1015 3276 1070 de
3304 1017 3538 1069 crastino
3555 1029 3675 1069 esse

2099 1104 2424 1164 sollicitum;
2460 1118 2579 1157 nam
2606 1111 2665 1158 et
2695 1104 2807 1172 ipse
2842 1104 3097 1159 Dominus
3121 1146 3136 1169 ,
3178 1105 3266 1159 cui
3295 1104 3675 1158 ministrabant

2101 1194 2271 1261 angeli
2302 1234 2316 1256 ,
2362 1202 2537 1246 tamen
2583 1202 2799 1260 propter
2846 1194 3150 1262 exemplum
3176 1232 3191 1256 ,
3246 1208 3312 1247 ne
3338 1194 3458 1261 quis
3490 1202 3673 1262 postea

2101 1283 2410 1339 scandalum
2457 1291 2737 1351 pateretur
2760 1322 2775 1346 ,
2828 1297 2952 1336 cum
2996 1282 3227 1351 aliquem
3256 1294 3530 1337 servorum
3560 1282 3675 1352 eius

2096 1373 2567 1427 animadvertisset
2614 1375 2711 1427 ista
2762 1374 3062 1427 necessaria
3098 1386 3385 1441 procurare
3413 1417 3428 1441 ,
3472 1375 3675 1429 loculos

2101 1466 2299 1521 habere
2330 1465 2579 1536 dignatus
2597 1475 2684 1520 est
2712 1480 2830 1520 cum
2863 1466 3080 1533 pectinis
3099 1466 3244 1520 unde
3272 1468 3454 1520 usibus
3480 1480 3672 1521 neces-

2100 1558 2259 1613 sariis
2310 1558 2567 1628 quidquid
2621 1573 2754 1625 opus
2797 1557 2987 1612 fuisset
3040 1557 3406 1627 prmberetur,
3448 1573 3673 1627 quorum

2105 1649 2401 1703 locuturum
2454 1657 2636 1702 custos
2680 1659 2736 1702 et
2785 1648 2865 1701 fur
2892 1689 2906 1710 ,
2936 1649 3071 1701 sicut
3097 1650 3350 1717 scriptum
3380 1657 3480 1713 est,
3510 1646 3675 1701 ludas

2105 1739 2213 1793 fuit
2250 1739 2343 1810 qui
2394 1752 2515 1793 eum
2567 1737 2827 1792 tradidit:
2873 1738 3010 1792 sicut
3062 1747 3116 1792 et
3166 1738 3437 1806 apostolus
3485 1736 3675 1790 Paulus

2035 1828 2080 1887 Β
2110 1840 2284 1900 potest
2313 1830 2479 1885 videri
2528 1831 2595 1885 de
2642 1831 2876 1884 crastino
2912 1830 3177 1898 cogitasse
3200 1868 3215 1893 ,
3248 1843 3367 1881 cum
3399 1828 3531 1881 dixit
3562 1846 3576 1880 :
3605 1827 3676 1880 De

2103 1924 2351 1977 collectis
2384 1932 2557 1976 autem
2585 1936 2704 1990 quae
2735 1920 2864 1973 fiunt
2897 1920 2948 1972 in
2974 1927 3184 1973 sanctOs
3206 1960 3221 1982 ,
3265 1918 3405 1971 sicut
3433 1917 3675 1971 ordinavi

2108 2010 2158 2064 in
2204 2010 2450 2064 Ecclesiis
2504 2008 2745 2073 Galatia',
2795 2009 2867 2061 ita
2904 2016 2964 2062 et
2994 2021 3087 2061 vos
3136 2005 3309 2059 facite.
3365 2003 3468 2059 Per
3514 2018 3674 2059 unam

2104 2100 2310 2157 sabbati
2347 2099 2710 2169 unusquisque
2743 2106 2981 2152 vestrum
3035 2096 3173 2166 apud
3222 2111 3280 2151 se
3306 2107 3560 2165 ,scponat,
3592 2111 3678 2151 re-

2104 2192 2348 2247 condens
2378 2191 2519 2260 quod
2568 2192 2615 2245 ei
2663 2189 2799 2244 bene
2842 2188 3130 2258 placuerit,
3178 2196 3232 2241 ut
3262 2201 3367 2241 non
3396 2228 3410 2249 ,
3441 2200 3561 2241 cum
3590 2201 3678 2241 ve-

2110 2298 2259 2348 nero,
2290 2291 2421 2337 tunc
2450 2282 2688 2336 collecta:
2722 2281 2868 2337 iiant.
2904 2278 2995 2334 His
3024 2288 3076 2334 et
3102 2277 3404 2345 huiusmodi
3436 2278 3678 2347 Scriptu-

2109 2386 2289 2428 rarum
2318 2373 2450 2426 locis
2468 2374 2599 2426 satis
2617 2380 2836 2439 apparet
2866 2370 3147 2423 Dominum
3179 2377 3422 2422 nostrum
3451 2383 3554 2422 non
3576 2368 3678 2423 hoc

2110 2465 2416 2534 improbare
2446 2504 2460 2528 ,
2492 2463 2536 2516 si
2571 2461 2689 2532 quis
2719 2461 2952 2514 humano
2980 2473 3129 2513 more
3159 2459 3256 2512 ista
3288 2469 3555 2527 procuret,
3586 2460 3678 2514 scd

2108 2558 2152 2611 si
2180 2556 2301 2626 quis
2332 2564 2549 2625 prepter
2588 2553 2691 2608 ista
2728 2553 2835 2606 Deo
2863 2549 3073 2615 militet,
3105 2559 3162 2604 ut
3194 2550 3246 2604 in
3283 2550 3535 2619 operibus
3566 2552 3678 2606 suis

2108 2660 2216 2700 non
2258 2660 2478 2715 regnum
2528 2640 2642 2708 Dei,
2677 2643 2770 2699 sed
2800 2643 3023 2697 istorum
3045 2640 3448 2709 acquisitionem
3472 2641 3678 2696 intuea-

2110 2742 2218 2791 tur.
2259 2734 2340 2790 Ad
2372 2735 2510 2789 hanc
2536 2747 2667 2803 ergo
2696 2730 2936 2802 regulam
2986 2730 3087 2785 hoc
3133 2739 3303 2785 totum
3350 2739 3677 2800 prmceptum

2111 2827 2367 2898 redigitur
2392 2821 2690 2901 [dirigitur]
2718 2868 2732 2890 ,
2767 2832 2823 2878 ut
2845 2824 3003 2878 etiam
3045 2822 3096 2877 in
3122 2823 3343 2877 istorum
3373 2820 3680 2892 provisione

2110 2932 2331 2989 regnum
2360 2916 2454 2972 Dei
2474 2916 2794 2985 cogitemus,
2822 2913 2875 2967 in
2908 2912 3092 2965 militia
3121 2926 3249 2967 vero
3274 2912 3422 2981 regni
3455 2913 3544 2967 Dei
3576 2911 3678 2967 iSta

2110 3027 2216 3067 non
2232 3011 2543 3081 cogitemus.
2570 3007 2671 3062 Ista
2694 3006 2834 3060 enim
2856 3002 3063 3059 etiamsi
3084 3003 3369 3073 aliquando
3390 3003 3677 3069 defuerint,

2107 3102 2250 3174 quod
2300 3102 2608 3171 plerumque
2677 3106 2897 3166 propter
2948 3095 3383 3151 exercitationem
3439 3106 3676 3151 nostram

421 3181 621 3279 tur,vet
649 3181 849 3282 duplici
891 3209 1057 3264 corde
1087 3205 1239 3277 quasi
1289 3204 1530 3258 umbram
1576 3201 1725 3255 facit.
1778 3198 1834 3255 Si
1876 3212 2007 3267 ergo
2038 3181 2083 3245 C
2115 3194 2253 3248 Deus
2282 3192 2428 3255 sinit,
2483 3203 2585 3244 non
2633 3187 2811 3242 solum
2860 3201 2966 3241 non
3014 3186 3295 3240 debilitant
3349 3186 3678 3257 propositum

424 3305 607 3359 lumen
639 3303 779 3373 quod
802 3302 857 3359 in
882 3309 935 3357 te
959 3307 1043 3355 est
1071 3298 1305 3353 tenebras
1326 3302 1469 3361 sunt,
1497 3294 1730 3349 tenebrae
1759 3288 2008 3362 quantae?

423 3395 527 3448 hoc
540 3402 641 3459 est,
656 3393 699 3448 si
713 3393 825 3462 ipsa
842 3390 1019 3447 cordis
1035 3386 1257 3448 intentio
1274 3400 1377 3455 qua
1394 3382 1524 3438 facis
1549 3381 1687 3451 quod
1708 3379 1859 3448 facis,
1877 3394 1997 3449 qua:

424 3485 522 3539 tibi
538 3492 658 3539 nota
676 3494 778 3551 est,
804 3478 1359 3549 sordidaturappetitu
1400 3490 1578 3530 rerum
1603 3482 1936 3527 terrenarum
1951 3480 2007 3526 et.

421 3574 797 3645 temporalium
828 3584 986 3642 atque
1007 3580 1262 3635 caecatur,
1285 3575 1483 3637 quanto
1506 3562 1672 3635 magis
1700 3564 1872 3633 ipsum
1896 3560 2005 3617 fae-

426 3676 560 3728 tum,
593 3664 745 3734 cujus
794 3664 1031 3717 incertus
1084 3669 1169 3717 est
1198 3659 1398 3723 exitus,
1427 3656 1703 3712 sordidum
1748 3664 1805 3710 et
1857 3665 2003 3708 tene-

420 3756 646 3810 brosum
670 3755 790 3810 est?
821 3755 942 3821 quia
972 3751 1075 3807 etsi
1126 3753 1261 3805 bene
1289 3750 1449 3803 alicui
1480 3748 1754 3817 pretteniat
1779 3744 1918 3813 quod
1950 3752 2005 3796 ιιι

422 3864 535 3903 non
562 3857 700 3903 recta
754 3855 809 3902 et
832 3842 1026 3899 munda
1075 3842 1373 3897 intentione
1417 3840 1570 3903 facis,
1624 3834 1891 3907 quomodo
1946 3840 2003 3886 tu

426 3942 617 3996 feceris
666 3940 764 3995 tibi
824 3940 1154 4008 imputatur,
1217 3946 1323 3990 non
1367 3929 1638 4002 quomodo
1683 3926 1760 3982 illi
1810 3937 2001 3997 prore-

424 4032 591 4086 nen't.

915 4096 1146 4153 CAPUT
1184 4092 1502 4149 CCCXVIII.

428 4212 878 4268 Desollicitudiue
920 4206 1311 4329 crastimqbdiei
1364 4202 1660 4274 prohibita;
1710 4214 1774 4253 ea:
1828 4197 2004 4250 eodem

1164 4295 1181 4329 ι
1217 4292 1297 4329 ro.

1164 4292 1297 4329 toro.

503 4414 671 4471 Nolite
697 4429 829 4482 ergo
872 4410 1088 4466 solliciti
1121 4423 1238 4463 esse
1267 4407 1331 4461 de
1361 4403 1598 4461 crastino
1626 4401 1824 4474 [Nolite
1852 4397 2002 4468 cogi-

424 4514 546 4558 tare
578 4506 643 4559 de
690 4499 945 4571 rrast'no]
980 4520 991 4555 :
1030 4517 1132 4553 non
1159 4499 1303 4553 enim
1327 4495 1522 4550 dicitur
1550 4493 1814 4547 crastinus
1841 4490 1957 4545 dies
1983 4529 1998 4554 ,

425 4597 533 4650 nisi
568 4600 616 4650 in
649 4607 887 4665 tempore
917 4593 1005 4646 ubi
1041 4590 1313 4661 praeterito
1343 4585 1581 4642 succedit
1626 4584 1862 4637 futurum
1907 4578 2001 4633 ite-

428 4704 573 4743 rum.
624 4687 761 4754 Ergo
790 4701 911 4739 cum
941 4682 1141 4751 aliquid
1175 4681 1300 4736 boni
1327 4692 1633 4748 operemur,
1665 4689 1771 4729 non
1796 4684 2003 4741 tempo-

422 4780 588 4843 ralia,
616 4779 710 4833 sed
739 4787 941 4832 acterna
968 4774 1292 4844 cogitemus,
1324 4779 1453 4826 tunc
1485 4771 1586 4824 erit
1626 4767 1756 4823 illud
1802 4767 2001 4821 bonum

425 4881 488 4926 et
512 4871 802 4939 perlectum
830 4882 984 4936 epus.
1010 4865 1290 4920 Crastinus
1318 4860 1481 4929 enim,
1505 4861 1697 4930 inquit,
1723 4857 1837 4913 dies
1858 4857 2003 4911 solli-

425 4962 573 5016 citus
596 4959 696 5014 crit
716 4957 816 5012 sibi
846 4957 943 5026 ipsi
976 4974 988 5009 :
1020 4954 1071 5010 id
1099 4964 1201 5020 est,
1224 4962 1283 5009 ut
1303 4969 1423 5007 cum
1447 4951 1742 5021 oportuerit
1773 4949 1862 5003 tibi
1887 4949 2002 5017 ipse

424 5066 612 5106 sumas
633 5051 827 5115 cibum,
855 5049 937 5103 vel
981 5057 1182 5116 potum,
1226 5046 1305 5099 vel
1334 5044 1719 5108 indumentum,
1750 5056 1869 5095 cum
1894 5040 2004 5107 ipsa

418 5141 634 5195 scilicet
663 5138 953 5193 necessitas
974 5150 1163 5206 urgere
1180 5136 1425 5203 eruperit.
1448 5132 1687 5187 Aderunt
1702 5132 1842 5187 enim
1866 5131 2001 5199 lucc,

419 5234 550 5303 quia
580 5230 724 5286 novit
754 5228 911 5284 Pater
949 5235 1126 5282 vester
1179 5225 1321 5295 quod
1374 5224 1562 5277 horum
1602 5223 1840 5275 omnium
1872 5220 2007 5275 indi-

424 5340 616 5395 gamus
646 5342 657 5375 :
686 5320 897 5379 Sufﬁcit
924 5321 1065 5375 enim
1094 5360 1108 5383 ,
1143 5317 1347 5386 inquit,
1380 5314 1484 5370 diei
1533 5314 1729 5367 malitia
1776 5327 1907 5375 sua;
1951 5309 2003 5365 id

424 5423 535 5477 est,
566 5412 764 5467 sufficit
783 5410 922 5480 quod
946 5410 1054 5464 ista‘
1074 5422 1289 5463 sumere
1315 5404 1524 5476 urgebit
1550 5404 1664 5474 ipsa
1692 5401 2001 5463 necessitas,

421 5522 586 5575 quam
621 5512 903 5573 propterea
930 5500 1189 5555 malitiam
1225 5498 1552 5552 nominatam
1585 5494 1817 5548 arbitror
1838 5532 1852 5555 ,
1884 5491 2003 5560 quia

427 5594 658 5667 poenalis
681 5600 765 5648 est
787 5593 963 5656 nobis,
984 5590 1216 5659 pertinet
1237 5589 1378 5643 enim
1408 5588 1471 5639 ad
1500 5586 1639 5639 hanc
1668 5582 2005 5651 fragilitatem

424 5697 486 5741 et
540 5684 916 5740 mortalitatem
964 5697 1122 5751 quam
1179 5678 1447 5749 peccando
1504 5676 1819 5730 meruimus.
1878 5671 2010 5726 lluic

423 5788 560 5845 ergo
634 5787 807 5843 pinna:
884 5770 1196 5843 temporalis
1253 5766 1584 5825 necessitatis
1650 5761 1759 5819 noli
1809 5760 2010 5816 addere

2111 3293 2372 3348 nostrum,
2398 3280 2492 3335 sed
2522 3280 2680 3334 etiam
2711 3278 3070 3332 examinatum
3112 3277 3503 3346 probatumque
3546 3293 3677 3333 con-

2111 3372 2324 3426 firmant
2355 3386 2371 3424 :
2398 3368 2703 3426 Gloriamur
2722 3368 2887 3432 enim,
2914 3366 3106 3435 inquit,
3140 3367 3191 3420 in
3217 3365 3675 3424 tribulationibus.

2626 3500 2854 3558 CAPUT
2891 3498 3163 3556 CCCXIX.

2111 3618 2381 3685 Quomodo
2407 3615 2763 3686 accipiendum
2790 3616 2855 3669 sit
2879 3630 2898 3668 :
2931 3613 3106 3667 Nolite
3125 3614 3367 3684 judicare
3394 3632 3458 3669 ne
3477 3616 3689 3685 judice-

2178 3690 2335 3752 mini;
2364 3697 2414 3741 et
2443 3688 2506 3739 de
2527 3691 2723 3754 festuca
2742 3688 2793 3737 in
2823 3686 2969 3738 oculo
2994 3686 3169 3754 fratris
3200 3701 3258 3754 ac
3282 3687 3425 3738 trabe
3453 3703 3551 3739 non
3580 3692 3683 3740 uisu

2176 3761 2229 3809 in
2254 3758 2461 3826 proprio
2484 3752 2669 3814 oculo;
2719 3770 2781 3806 (ω
2821 3752 3001 3806 eodem
3043 3752 3171 3805 libro
3201 3752 3264 3805 de
3294 3754 3542 3808 Sermone
3573 3755 3677 3809 Do-

2176 3826 2301 3879 mini
2320 3825 2377 3878 in
2406 3825 2598 3878 Monte.

2177 3935 2351 3990 Nolite
2373 3933 2620 4003 judicare
2646 3948 2711 3987 ne
2737 3931 3002 4002 iudicetur
3025 3931 3091 3989 de
3120 3931 3300 3985 vobis:
3332 3933 3382 3985 in
3404 3948 3511 4001 quo
3537 3938 3681 3991 enim

2102 4025 2707 4100 judiciojudicavcritis,
2734 4023 3060 4095 judicabitur
3091 4022 3157 4078 de
3188 4022 3367 4088 vobis;
3404 4034 3457 4078 et
3493 4025 3543 4078 in
3576 4042 3679 4095 qua

2106 4135 2356 4174 mensura
2390 4116 2558 4170 mensi
2586 4115 2812 4179 fueritis,
2866 4112 3180 4168 remetictur
3214 4113 3386 4167 vobis.
3420 4112 3529 4168 lioc
3562 4115 3682 4171 loco

2105 4211 2239 4266 nihil
2268 4209 2412 4264 aliud
2445 4208 2599 4262 nobis
2643 4205 2861 4277 praecipi
2898 4204 3149 4259 existimo
3170 4245 3185 4269 ,
3219 4202 3320 4258 nisi
3349 4212 3403 4257 ut
3442 4219 3500 4257 ca
3549 4204 3682 4259 facta

2104 4318 2229 4373 quae
2259 4299 2477 4356 dubium
2508 4308 2597 4353 est
2622 4312 2725 4366 quo
2752 4295 2931 4349 animo
2963 4294 3092 4348 fiant
3116 4335 3131 4357 ,
3165 4296 3214 4347 in
3247 4291 3521 4348 meliorem
3562 4310 3682 4363 par-

2106 4403 2215 4448 tem
2242 4393 2681 4461 interpretemur.
2706 4387 2856 4455 Quod
2887 4387 3029 4441 enim
3057 4385 3311 4453 scriptum
3335 4394 3437 4447 est,
3473 4385 3547 4439 Ex
3577 4383 3684 4439 fru-

2108 4483 2279 4537 ctibus
2318 4495 2503 4535 corum
2543 4478 2882 4548 cognoscetis
2915 4490 3038 4541 eos,
3061 4474 3132 4530 de
3165 4474 3458 4529 manifesris
3484 4473 3681 4528 dictum

2110 4581 2215 4638 est,
2249 4587 2368 4641 quae
2392 4586 2497 4624 non
2542 4577 2765 4638 possunt
2806 4565 2947 4620 bono
2988 4566 3166 4617 animo
3197 4563 3309 4618 fieri
3336 4581 3351 4618 :
3376 4564 3530 4618 sicuti
3562 4578 3685 4619 sunt

2112 4674 2319 4733 stupra,
2351 4662 2435 4716 vel
2464 4660 2836 4730 blasphemim,
2865 4658 2945 4711 vel
2980 4657 3116 4709 furta
3137 4696 3149 4718 ,
3184 4655 3266 4710 vel
3298 4654 3604 4722 ebriositas,
3632 4669 3686 4712 et

2111 4756 2153 4811 si
2176 4769 2278 4823 qna
2306 4753 2426 4807 talia
2448 4793 2462 4815 ,
2489 4751 2555 4807 de
2593 4750 2789 4819 quibus
2840 4745 2992 4801 nobis
3023 4745 3265 4814 judicare
3312 4746 3638 4814 permittitur
3668 4789 3684 4809 .

2109 4849 2320 4902 dicente
2348 4844 2605 4915 Apostolo
2622 4860 2634 4895 :
2652 4842 2787 4909 Quid
2811 4838 2950 4895 enim
2969 4837 3094 4892 mihi
3119 4840 3185 4891 de
3206 4838 3270 4892 iis
3292 4839 3379 4907 qui
3414 4839 3541 4893 teris
3563 4855 3686 4894 sunt

2105 4939 2381 5010 judicare?
2411 4950 2587 4990 nonne
2610 4934 2675 4987 de
2697 4933 2775 4987 eis
2802 4932 2893 5002 qui
2935 4931 3080 4985 intus
3104 4938 3228 4983 sunt
3256 4944 3354 4984 vos
3389 4930 3640 4999 iudicatis
3661 4932 3686 4981 γ

2115 5032 2188 5085 De
2213 5042 2406 5096 genere
2432 5034 2609 5079 autem
2648 5023 2913 5087 ciborum,
2937 5020 3056 5089 quia
3088 5030 3311 5089 possunt
3333 5019 3473 5073 bono
3504 5020 3684 5072 animo

2111 5129 2165 5174 et
2204 5116 2433 5186 simplici
2464 5113 2625 5169 corde
2655 5114 2771 5166 sine
2802 5111 2930 5165 vitio
2972 5109 3418 5178 concupiscentia:
3439 5108 3681 5176 quicum-

2114 5224 2216 5280 que
2246 5205 2461 5261 humani
2502 5204 2606 5258 cibi
2640 5200 3009 5256 inditlercnter
3049 5200 3207 5266 sumi,
3241 5196 3511 5267 prohibuit
3541 5198 3683 5253 idem

2114 5298 2402 5370 Apostolus
2429 5296 2656 5365 iudicari
2692 5308 2785 5349 eos
2824 5292 2915 5364 qui
2950 5292 3199 5347 carnibus
3231 5289 3585 5343 vescebantur
3627 5302 3681 5347 et

2113 5393 2293 5444 vinum
2324 5387 2599 5452 bibebant,
2622 5386 2689 5440 ab
2718 5387 2796 5440 cis
2827 5386 2915 5454 qui
2943 5398 3002 5437 se
3031 5381 3098 5435 ab
3130 5378 3431 5447 hujusmodi
3461 5379 3685 5434 alimen-

2114 5482 2180 5536 tis
2211 5480 2576 5549 tcmpcrabant
2602 5496 2614 5530 :
2640 5477 2738 5545 Qui
2773 5473 3079 5537 manducat,
3106 5470 3299 5538 inquit,
3326 5482 3430 5521 non
3456 5471 3683 5525 mandu-

2112 5584 2321 5628 cantem
2355 5586 2458 5626 non
2502 5580 2740 5640 spernat,
2767 5576 2821 5622 et
2843 5566 2929 5635 qui
2964 5577 3067 5615 non
3111 5559 3430 5624 manducat,
3463 5562 3688 5616 mandu-

2114 5678 2321 5723 cantem
2354 5682 2457 5721 non
2492 5666 2729 5735 judicet;
2763 5661 2833 5716 ibi
2874 5659 3036 5715 etiam
3064 5655 3137 5709 ait
3172 5670 3184 5706 :
3212 5653 3293 5709 Tu
3344 5654 3463 5725 quis
3493 5670 3570 5722 es,
3596 5658 3685 5725 qui

2108 5760 2319 5829 judicas
2350 5758 2578 5814 alienum
2604 5768 2816 5809 servum
2840 5753 2861 5805 ’ξ
2898 5749 3120 5805 Domino
3146 5761 3243 5803 suo
3269 5754 3498 5813 stat,aut
3518 5748 3681 5803 cadit.
