4020 6190
388 312 523 368 1039

1486 307 1547 361 D.
1593 303 1908 362 ECGYPPII
1950 300 2238 356 AliliATiS
2278 298 2593 355 AFRICANI

3534 295 3659 351 1040

396 428 471 481 De
502 426 700 483 talibus
737 425 881 481 enim
924 424 1085 479 rebus
1129 435 1247 493 qua:
1287 428 1509 490 possunt
1540 419 1713 482 bono,
1754 425 1810 472 et
1850 416 1976 469 sim-
2009 414 2061 474 Α
2086 419 2263 466 autem
2314 410 2749 481 persecutoribus
2803 408 3133 479 plurimum,
3176 407 3297 477 quia
3356 410 3459 463 etsi
3508 410 3665 479 aliqui

392 519 519 586 plici
545 559 561 583 ,
605 528 658 573 et
708 532 902 587 magno
930 516 1109 570 animo
1136 514 1273 582 fieri,
1305 510 1553 583 quamvis
1582 510 1787 579 possint
1814 508 1976 563 etiam

391 622 498 664 non
539 608 700 673 bono,
737 607 993 661 volebant
1020 605 1120 670 illi,
1150 619 1273 658 cum
1299 600 1546 656 homines
1570 608 1773 664 essent,
1803 600 1854 652 in
1887 613 1977 652 oc-

388 697 531 751 culta
576 696 756 750 cordis
791 696 932 750 ferre
959 693 1306 760 sententiam,
1338 690 1404 745 de
1445 691 1638 760 quibus
1666 689 1807 743 Deus
1829 686 1978 741 solus

388 786 608 854 iudicat.
645 785 721 838 Ad
753 785 856 838 hoc
893 783 1126 853 pertinet
1165 782 1327 836 etiam
1372 780 1501 834 illud
1532 780 1673 849 quod
1721 778 1830 832 alio
1863 779 1979 833 loco

390 878 518 932 dicit
552 895 563 929 :
600 876 777 932 Nolite
806 884 931 929 ante
959 884 1169 943 tempus
1199 874 1487 943 quidquam
1508 872 1774 942 judicare,
1802 869 1979 940 quoad

390 981 561 1036 usque
586 968 764 1022 veniat
801 967 1077 1032 Dominus,
1103 974 1154 1020 et
1178 965 1439 1018 illuminet
1472 963 1582 1035 [qui
1614 970 1667 1016 et
1711 961 1982 1015 illumina-

390 1053 490 1127 bit]
518 1057 829 1112 abscondita
873 1057 1217 1112 tenebrarum
1243 1099 1256 1122 ,
1291 1062 1346 1108 et
1377 1051 1742 1107 manifestabit
1773 1049 1978 1121 cogita-

389 1149 562 1202 tiones
590 1148 793 1210 cordis,
825 1156 879 1202 et
908 1157 1033 1200 tunc
1068 1145 1182 1199 laus
1211 1144 1313 1199 erit
1337 1142 1622 1211 unicuique
1649 1157 1677 1195 a
1713 1142 1824 1196 Deo
1854 1140 1984 1210 [Do-

392 1236 585 1309 mino].
618 1237 752 1292 Sunt
785 1251 914 1306 ergo
942 1233 1187 1304 quaedam
1225 1232 1361 1287 facta
1395 1231 1589 1297 media,
1621 1245 1739 1299 qua:
1772 1232 1984 1300 ignora-

393 1341 512 1381 mus
559 1340 666 1397 quo
714 1325 897 1379 animo
945 1325 1103 1389 fiant,
1144 1323 1267 1392 quia
1318 1331 1373 1377 et.
1417 1322 1560 1375 bono
1599 1332 1654 1375 et
1686 1321 1827 1374 malo
1866 1319 1984 1373 fieri

394 1425 641 1485 possunt,
677 1415 744 1471 de
766 1415 957 1485 quibus
987 1415 1328 1468 temerariutn
1353 1423 1435 1468 est
1462 1412 1726 1482 judicare,
1752 1412 1985 1465 maxime

392 1515 452 1561 ut
484 1504 931 1561 condemnemus.
984 1504 1185 1560 ﬂorum
1242 1511 1423 1558 autem
1476 1501 1659 1557 veniet
1691 1514 1900 1571 tempus
1928 1509 1987 1555 ut

392 1594 722 1663 iudicentur,
748 1609 869 1650 cum
916 1594 1058 1649 Deus
1086 1592 1392 1667 [Dominus]
1416 1592 1741 1648 illuminabit
1760 1592 1986 1648 abscon-

392 1686 503 1740 dita
537 1686 905 1751 tenebrarum,
931 1694 987 1739 et
1014 1684 1380 1740 manifestabit
1404 1683 1767 1754 cogitationes
1783 1684 1984 1739 cordis.

2083 517 2271 556 eorum
2302 504 2527 557 correcti
2557 512 2716 567 sunt,
2772 515 2836 555 eo
2871 511 3048 554 tamen
3084 508 3329 570 tempore
3356 514 3464 571 quo
3491 516 3668 569 perse-

2083 597 2383 663 quebantur
2411 595 2702 650 exeaccavit
2732 594 2854 648 illos
2894 593 3094 648 malitia
3150 608 3358 647 eorum.
3397 593 3489 649 Sic
3516 601 3570 648 et
3598 602 3671 648 te-

2084 688 2371 741 merarium
2398 685 2658 756 judicium
2708 684 3023 755 plerumque
3055 682 3185 737 nihil
3216 694 3373 738 nocet
3402 684 3452 738 ei
3480 683 3548 737 de
3570 697 3672 753 quo

2087 787 2292 832 temere
2318 775 2612 846 iudicatur,
2637 775 2686 829 ei
2714 784 2893 828 autem
2926 773 3015 843 qui
3047 779 3250 827 temere
3288 771 3492 840 iudicat
3517 812 3531 836 ,
3562 773 3672 840 ipsa

2087 866 2363 919 temeritas
2414 878 2638 920 necesse
2668 873 2747 919 est
2779 873 2836 917 ut
2888 872 3101 918 noceat.
3157 862 3258 917 Ista
3301 864 3483 933 regula
3515 863 3671 917 etiam

2085 958 2213 1012 illud
2242 958 2444 1013 dictum
2469 958 2702 1013 arbitror
2731 973 2744 1009 :
2777 956 2966 1011 Omnis
2999 956 3087 1023 qui
3117 957 3442 1024 percusserit
3473 954 3671 1024 gladio,

2085 1051 2264 1121 gladio
2293 1051 2570 1107 morietur.
2596 1050 2765 1118 Quam
2801 1048 2955 1103 multi
2988 1050 3130 1103 enim
3148 1047 3327 1119 gladio
3348 1048 3671 1117 percutiunt,

2087 1158 2186 1197 nec
2219 1152 2393 1197 tamen
2419 1139 2520 1214 [in]
2548 1141 2727 1212 gladio
2755 1141 3058 1194 tnoriuntur
3088 1180 3104 1205 ,
3136 1140 3276 1195 sicut
3305 1152 3405 1193 nec
3435 1140 3549 1207 ipse
3581 1138 3675 1192 Pe-

2087 1232 2245 1286 trus?
2276 1232 2381 1287 Sed
2410 1248 2477 1287 ne
2506 1232 2664 1286 istum
2708 1231 2866 1285 venia
2901 1240 3239 1299 peccatorum
3275 1229 3433 1283 talem
3462 1244 3673 1298 pinnam

2089 1323 2325 1378 evasisse
2356 1322 2475 1392 quis
2504 1331 2676 1391 putet,
2702 1336 3005 1390 quanquam
3029 1321 3162 1374 nihil
3194 1320 3478 1375 absurdius
3507 1336 3662 1391 quam

2090 1426 2147 1470 ut
2171 1415 2427 1491 maiorem
2454 1424 2605 1486 putet
2638 1415 2821 1485 gladio
2854 1428 3065 1483 pmnam
3107 1428 3229 1468 esse
3258 1414 3522 1483 potuisse,
3555 1428 3674 1481 qua:

2090 1509 2248 1563 Petro
2278 1523 2386 1562 non
2414 1507 2634 1573 accidit,
2653 1520 2813 1576 quam
2841 1507 3015 1559 crucis
3041 1519 3159 1574 quae
3182 1520 3275 1558 acc
3299 1504 3409 1558 dit:
3442 1504 3568 1573 quid
3600 1512 3678 1556 ta-

2091 1615 2213 1654 men
2242 1599 2312 1655 de
2342 1598 2638 1653 latronibus
2659 1597 2901 1653 dicturus
2926 1605 3028 1660 est,
3052 1596 3285 1666 quicum
3312 1597 3537 1650 Domino
3561 1611 3680 1650 cru-

2090 1692 2230 1746 cifixi
2260 1700 2419 1754 sunt,
2452 1692 2578 1762 quia
2607 1701 2663 1746 et
2690 1692 2779 1746 ille
2808 1690 2900 1761 qui
2942 1688 3139 1744 meruit
3179 1689 3389 1743 veniam
3418 1729 3432 1755 ,
3469 1697 3681 1758 postea-

394 1777 525 1832 ltem
575 1777 680 1832 alio
729 1777 850 1832 loco
895 1776 1024 1832 dicit
1070 1777 1210 1832 idem
1242 1776 1535 1846 Apostolus
1570 1794 1582 1830 :
1616 1776 1983 1844 Quorumdam
2018 1789 2067 1849 Β
2092 1797 2250 1853 quam
2303 1782 2595 1837 cruciﬁxus
2643 1791 2727 1836 est
2784 1780 3018 1848 meruit,
3054 1789 3105 1833 et
3141 1779 3277 1833 alter
3320 1780 3542 1833 omnino
3576 1797 3679 1834 non

394 1869 673 1923 hominum
706 1878 923 1939 peccata
956 1869 1237 1925 manifesta
1271 1878 1397 1925 sunt
1424 1869 1785 1939 precedentia
1815 1869 1879 1923 ad
1900 1869 1986 1939 iu-

395 1959 596 2014 dicium
626 2003 641 2028 ,
675 1961 918 2031 quaedam
956 1970 1136 2017 autem
1167 1971 1221 2015 et
1248 1962 1673 2031 subsequuntur.
1707 1960 1985 2015 Manifesta

395 2068 456 2104 ea
488 2051 657 2116 dicit,
711 2051 776 2106 de
824 2052 1016 2122 quibus
1054 2052 1261 2107 clarum
1306 2061 1391 2108 est
1436 2068 1541 2123 quo
1594 2053 1774 2108 animo
1812 2052 1983 2118 ﬁant;

401 2142 517 2197 haec
565 2142 869 2211 pra'eedunt
903 2142 968 2197 ad
996 2142 1294 2211 judicium,
1324 2143 1376 2198 id
1413 2154 1522 2210 est,
1563 2144 1686 2215 quia
1734 2143 1778 2199 si
1826 2143 1989 2199 fuerit

396 2238 497 2291 ista
530 2236 877 2291 subsecutum
901 2234 1182 2306 judicium,
1210 2250 1315 2291 non
1337 2250 1419 2292 est
1450 2235 1819 2291 temerarium.
1850 2235 1989 2292 Sub-

401 2336 703 2396 sequuntur
762 2325 849 2385 illa
900 2334 1079 2381 autem
1128 2341 1248 2396 qua:
1287 2325 1497 2381 occulta
1524 2333 1690 2393 sunt,
1722 2326 1846 2396 quia
1888 2339 1989 2381 nec

398 2417 519 2484 ipsa
550 2416 789 2471 latebant
820 2424 1064 2486 tempore
1102 2432 1220 2472 suo.
1252 2416 1341 2473 Sic
1366 2422 1423 2472 et
1446 2415 1516 2472 de
1546 2416 1703 2473 bonis
1729 2415 1886 2472 factis
1908 2418 1990 2472 in-

402 2506 755 2576 telligendum
786 2515 897 2572 est,
924 2522 1045 2562 nam
1076 2498 1149 2562 ita
1185 2506 1334 2580 [ista]
1376 2508 1652 2578 subiungit
1684 2524 1698 2562 :
1729 2506 1982 2563 Similiter

397 2609 454 2654 et
488 2598 625 2655 facta
650 2599 789 2654 bona
818 2599 1102 2655 manifesta
1134 2608 1281 2668 sunt,
1306 2610 1361 2656 et
1383 2614 1718 2670 quaecunque
1744 2616 1803 2655 se
1829 2600 1987 2655 aliter

403 2691 607 2747 habent
637 2691 803 2745 latere
836 2705 942 2745 non
976 2700 1220 2760 possunt.
1263 2692 1340 2747 De
1380 2691 1680 2747 manifestis
1705 2690 1990 2762 ergojudi-

401 2797 619 2850 eemus,
646 2782 714 2838 de
736 2783 965 2837 occultis
1004 2797 1132 2839 vero
1158 2783 1268 2839 Deo
1283 2781 1547 2853 judicium
1577 2784 1944 2854 relinquamus
1968 2823 1987 2851 ,

400 2876 524 2943 quia
560 2884 615 2929 et
653 2874 766 2943 ipsa
800 2874 1061 2929 abscondi
1107 2889 1212 2930 non
1252 2881 1509 2945 possunt,
1543 2874 1656 2929 sive
1682 2873 1843 2939 mala,
1875 2874 1991 2930 sive

405 2964 568 3033 bona,
596 2979 717 3021 cum
745 2979 952 3036 tempus
970 2965 1254 3021 advenerit
1275 2982 1380 3036 quo
1407 2964 1842 3021 manifestentur.
1874 2964 1990 3020 Duo

400 3065 528 3109 sunt
566 3066 745 3111 autem
783 3057 837 3111 in
869 3056 1064 3127 quibus
1112 3056 1457 3112 temerarium
1496 3056 1760 3127 judicium
1791 3072 1990 3113 cavere

2093 1874 2325 1930 meruit?
2376 1889 2440 1929 an
2492 1874 2628 1929 forte
2676 1888 2864 1927 omnes
2905 1887 3039 1941 quos
3074 1870 3383 1926 occiderant
3436 1872 3677 1925 cruciﬁxi

2088 1976 2265 2034 erant,
2292 1976 2347 2022 et
2376 1975 2657 2037 propterea
2683 1965 2786 2019 hoe
2829 1968 2990 2020 etiam
3041 1962 3141 2030 ipsi
3188 1962 3293 2031 pati
3326 1968 3681 2016 meruerunt?

2091 2059 2373 2113 ridiculum
2405 2067 2491 2114 est
2538 2060 2639 2112 hoc
2690 2066 2898 2125 putare.
2932 2055 3067 2122 Quid
3115 2068 3243 2122 ergo
3290 2052 3434 2107 aliud
3483 2055 3679 2109 dictum

2090 2159 2194 2217 est,
2237 2150 2423 2206 Omnis
2451 2150 2594 2206 enim
2626 2148 2713 2218 qui
2743 2148 2915 2218 gladio
2947 2147 3303 2217 percusserit,
3335 2146 3517 2217 gladio
3565 2163 3680 2202 mo-

2091 2241 2281 2310 rietur,
2315 2242 2416 2296 nisi
2458 2241 2580 2310 quia
2618 2243 2735 2309 ipso
2778 2250 2997 2308 peccato
3026 2238 3202 2291 anima
3232 2240 3484 2303 moritur,
3512 2238 3682 2307 quod-

2090 2348 2303 2404 cunque
2354 2332 2733 2388 commiserit?
2780 2332 2849 2387 Et
2894 2332 3148 2401 quoniam
3200 2330 3268 2387 de
3317 2334 3604 2386 temerario
3633 2344 3683 2387 ct

2091 2428 2276 2497 iniquo
2315 2427 2520 2498 iudicio
2561 2442 2659 2482 nos
2706 2426 2809 2481 hoe
2848 2426 2967 2480 loco
3008 2425 3263 2480 Dominus
3294 2433 3517 2490 monet,
3573 2426 3683 2479 vult

2091 2521 2236 2575 enim
2270 2528 2328 2574 ut
2355 2518 2583 2591 simplici
2608 2519 2792 2583 corde,
2840 2529 2895 2573 et
2944 2519 2995 2573 in
3038 2534 3203 2572 unttm
3237 2517 3401 2572 Deum
3437 2517 3681 2584 intento,

2094 2610 2349 2667 faciamus
2374 2625 2707 2681 quacunque
2745 2608 2968 2664 facimus
2992 2649 3009 2675 ,
3039 2617 3092 2663 et
3120 2610 3287 2663 multa
3311 2609 3570 2663 incertum
3599 2618 3683 2663 cst

2092 2715 2200 2771 quo
2230 2701 2393 2757 corde
2425 2698 2651 2773 [animo]
2679 2699 2833 2768 fiant,
2863 2701 2930 2755 de
2954 2700 3147 2769 quibus
3170 2699 3415 2770 judicare
3446 2710 3681 2755 temera-

2094 2792 2235 2846 rium
2266 2800 2375 2847 est.
2407 2791 2642 2847 Maxime
2678 2803 2858 2846 autem
2907 2792 2958 2846 hi
3002 2802 3202 2846 temere
3237 2790 3479 2861 iudicant
3505 2791 3577 2847 de
3605 2792 3684 2845 in-

2094 2883 2281 2951 certis,
2314 2891 2369 2938 et
2399 2884 2553 2938 facile
2585 2883 3024 2953 reprehendunt,
3057 2883 3150 2952 qui
3183 2886 3351 2954 magis
3380 2893 3565 2938 amant
3593 2888 3686 2938 vi-

2096 2981 2149 3031 tu
2158 2987 2348 3043 perare
2367 2983 2421 3028 et
2441 2972 2717 3041 damnare,
2734 2989 2892 3045 quam
2907 2974 3199 3029 emendare
3214 2984 3374 3044 atque
3390 2976 3682 3045 corrigere:

2094 3065 2238 3133 quod
2276 3063 2458 3118 vitium
2501 3063 2587 3119 vel
2622 3062 2891 3133 superbia:
2922 3073 3006 3119 est
3033 3064 3117 3119 vel
3149 3064 3382 3119 invidize.
3413 3064 3523 3138 [Et]
3553 3082 3683 3122 con-

402 3147 663 3204 debemus
685 3188 702 3214 ,
756 3164 879 3204 cum
920 3150 1179 3205 incertum
1226 3158 1311 3204 est
1369 3162 1475 3219 quo
1524 3151 1705 3204 animo
1756 3149 1992 3219 quidque
2021 3163 2066 3227 ο
2097 3165 2389 3225 sequenler
2410 3156 2652 3220 subiicit,
2686 3164 2741 3209 et
2766 3154 2937 3210 dicit:
2970 3156 3107 3223 Quid
3136 3165 3315 3211 autem
3343 3157 3495 3213 vides
3522 3159 3684 3214 festu-

401 3242 596 3297 factum
646 3243 718 3297 sit
747 3239 984 3314 [fuerit],
1020 3242 1105 3297 vel
1127 3256 1256 3298 cum
1282 3241 1547 3297 incertum
1579 3252 1664 3297 est
1709 3241 1884 3313 qualis
1907 3240 1990 3297 fu-

404 3341 557 3385 turus
582 3330 767 3400 sitqui
792 3346 942 3387 nunc
984 3331 1071 3387 vel
1100 3332 1275 3387 malus
1317 3332 1399 3387 vel
1430 3330 1603 3386 bonus
1632 3343 1877 3403 apparet.
1933 3332 1992 3388 Si

406 3438 535 3493 ergo
556 3422 843 3492 quispiam,
867 3422 1019 3479 verbi
1040 3425 1235 3493 gratia,
1249 3432 1578 3492 conquestus
1598 3424 1665 3480 de
1686 3425 1988 3493 stomacho,

404 3513 647 3581 ieiunare
690 3513 883 3579 noluit,
929 3519 986 3567 et
1020 3521 1075 3566 tu
1122 3512 1172 3566 id
1205 3527 1308 3566 non
1360 3512 1609 3579 credens,
1633 3513 1914 3568 edacitatis
1940 3513 1993 3568 id

407 3605 539 3659 vitio
566 3603 840 3669 tribuet-is,
869 3613 1070 3658 temere
1096 3602 1381 3672 iudicabis.
1415 3604 1546 3658 Item
1578 3603 1625 3657 si
1651 3603 1992 3660 manifestam

410 3696 732 3751 edacitatem
762 3693 1237 3765 ebriositatemque
1260 3696 1602 3765 cognoveris,
1632 3705 1684 3751 et
1713 3695 1786 3750 ita
1810 3710 1994 3765 repre-

408 3787 662 3843 henderis
714 3786 867 3857 quasi
914 3803 1184 3859 nunquam
1236 3788 1327 3843 ille
1377 3787 1548 3857 possit
1588 3787 1783 3856 corrigi
1832 3796 1993 3858 atque

404 3877 638 3945 mutari,
692 3877 1041 3933 nihilominus
1102 3887 1302 3934 temere
1350 3878 1636 3948 iudicabis.
1693 3880 1806 3933 Non
1864 3894 1993 3949 ergo

404 3968 864 4037 reprehendamus
893 3983 954 4023 ea
986 3984 1107 4037 qua:
1137 3970 1411 4025 nescimus
1449 3984 1559 4040 quo
1593 3970 1777 4025 animo
1817 3968 1944 4025 fiant
1973 4010 1989 4036 ,

405 4076 577 4130 neque
615 4061 687 4115 ita
732 4058 1192 4129 reprehendamus
1245 4076 1366 4130 quae
1409 4060 1692 4116 manifesta
1738 4069 1899 4126 sunt,
1936 4072 1992 4116 ut

403 4151 756 4219 desperemus
786 4149 1096 4216 sanitatem,
1120 4159 1174 4204 et
1200 4149 1486 4205 vitabimus
1507 4150 1766 4221 judicium
1800 4150 1867 4206 de
1888 4167 1993 4221 quo

408 4254 547 4293 nunc
572 4239 769 4294 dicitur
795 4256 809 4292 :
836 4239 1015 4294 Nolite
1054 4240 1317 4307 iudicare,
1351 4254 1418 4294 ne
1438 4239 1707 4309 iudicetur
1727 4239 1795 4295 de
1816 4242 1989 4296 vobis.

405 4331 588 4386 Potest
628 4331 741 4402 86
784 4340 963 4387 autem
1016 4344 1234 4386 movere
1279 4330 1423 4401 quod
1470 4331 1545 4385 ait
1582 4348 1594 4385 :
1629 4332 1684 4384 ln
1714 4345 1819 4401 quo
1849 4331 1992 4386 enim

404 4423 609 4493 judicio
629 4423 1003 4493 iudicaveritis
1023 4467 1036 4490 ,
1066 4423 1397 4493 iudicabitur
1425 4423 1491 4479 de
1518 4424 1701 4491 vobis,
1729 4432 1784 4479 et
1813 4425 1865 4479 in
1889 4440 1993 4493 qua

2097 3260 2219 3300 eam
2245 3245 2299 3300 in
2322 3246 2481 3300 oculo
2506 3245 2684 3300 fratris
2705 3285 2725 3312 ,
2760 3246 2967 3301 trabem
2992 3254 3169 3300 autem
3197 3247 3247 3300 in
3276 3256 3365 3300 tuo
3394 3248 3551 3303 oculo
3579 3264 3682 3303 non

2097 3336 2289 3393 vides?
2318 3336 2384 3393 Ut
2410 3338 2453 3392 si
2487 3336 2646 3402 forte,
2679 3336 2827 3391 verbi
2856 3336 3023 3406 gratia
3046 3376 3061 3403 ,
3096 3336 3171 3389 ira
3194 3337 3281 3390 ille
3312 3339 3586 3406 peccavit,
3632 3350 3681 3391 tu

2097 3429 2224 3485 odio
2276 3428 2661 3499 reprehendas.
2728 3427 2995 3495 Quantum
3044 3438 3223 3483 autem
3276 3429 3504 3487 interest
3550 3434 3681 3485 inter

2099 3521 2359 3575 festucam
2390 3530 2445 3574 et
2470 3521 2699 3587 trabem,
2734 3520 2887 3589 quasi
2936 3529 3139 3574 tantum
3183 3522 3322 3576 inter
3363 3523 3496 3578 iram
3527 3525 3681 3579 distet

2098 3621 2260 3681 atque
2289 3610 2493 3665 odium.
2527 3611 2719 3666 Odium
2754 3619 2836 3664 est
2886 3612 3028 3666 enim
3078 3612 3152 3665 ira
3182 3612 3501 3680 inveterata,
3535 3619 3680 3684 quasi

2098 3717 2217 3772 quae
2260 3710 2525 3757 vetustate
2569 3702 2681 3770 ipsa
2715 3709 2920 3755 tantum
2955 3700 3116 3756 robur
3145 3703 3453 3770 acceperit,
3486 3715 3544 3758 ut
3576 3720 3680 3759 me-

2103 3793 2208 3849 rito
2228 3792 2529 3862 appelletur
2561 3788 2762 3847 trabes.
2797 3792 2939 3847 Fieri
2970 3800 3149 3847 autem
3184 3804 3364 3863 potest
3399 3806 3457 3851 ut
3486 3796 3532 3850 si
3577 3797 3677 3849 ira-

2097 3885 2263 3939 scaris
2301 3884 2543 3951 homini,
2594 3884 2726 3938 velis
2773 3898 2895 3938 eum
2943 3884 3139 3954 corrigi
3171 3902 3185 3938 :
3215 3885 3259 3938 si
3291 3894 3469 3939 autem
3505 3886 3678 3940 oderis

2098 3977 2368 4032 hominem
2394 4015 2410 4040 ,
2442 3992 2549 4030 non
2576 3987 2731 4046 potes
2762 3990 2883 4029 eum
2916 3974 3054 4029 velle
3083 3976 3373 4045 corrigere.
3402 3976 3675 4041 Quomodo

2096 4069 2240 4124 enim
2286 4067 2421 4123 dicis
2473 4066 2624 4120 fratri
2682 4075 2773 4121 tuo
2805 4081 2820 4119 :
2854 4065 2983 4122 Sine
3007 4105 3023 4130 ,
3054 4064 3265 4135 eiiciam
3298 4065 3562 4121 festucam
3610 4066 3674 4122 de

2097 4162 2254 4214 oculo
2284 4168 2397 4227 tuo,
2429 4167 2484 4212 et
2511 4172 2639 4212 ecce
2667 4157 2846 4212 trabes
2873 4156 3037 4212 estin
3069 4156 3226 4211 oculo
3259 4156 3395 4211 tuo?
3427 4157 3679 4228 llypocri-

2097 4252 2324 4321 ta,ejiee
2348 4253 2576 4321 primum
2608 4249 2812 4304 trabem
2841 4249 2909 4304 de
2935 4249 3092 4304 oculo
3115 4258 3226 4313 tuo,
3255 4260 3310 4305 et
3337 4258 3463 4307 tunc
3485 4251 3682 4305 videbis

2096 4343 2295 4412 ejicere
2326 4340 2587 4396 festucam
2618 4339 2687 4396 de
2715 4341 2875 4396 oc’ulo
2902 4341 3083 4396 fratris
3111 4341 3182 4395 tui
3212 4359 3225 4393 :
3252 4342 3305 4396 id
3329 4351 3434 4407 est,
3458 4344 3679 4412 primum

2096 4434 2307 4505 expelle
2327 4434 2505 4488 odium
2533 4473 2549 4500 ,
2596 4442 2649 4488 et
2678 4432 2874 4489 deinde
2905 4434 3106 4502 poteris
3127 4433 3237 4503 iam
3263 4449 3383 4489 eum
3416 4451 3573 4505 quem
3604 4437 3683 4491 di-

415 4530 666 4571 mensura
723 4516 893 4571 mensi
946 4517 1192 4585 fueritis,
1246 4517 1300 4571 in
1341 4531 1404 4571 ea
1458 4515 1774 4570 remetietur
1822 4516 1989 4570 vobis.

2101 4528 2222 4598 ligis
2277 4526 2590 4583 emendare.
2642 4527 2707 4581 Et
2756 4528 2892 4582 lene
2940 4526 3052 4589 ait,
3084 4527 3391 4597 Hypoerita.
3417 4532 3683 4585 Accusare

412 4604 661 4676 Nunquid
706 4608 847 4663 enim
900 4608 944 4663 si
996 4623 1094 4663 nos
1144 4607 1347 4677 iudicio
1388 4606 1676 4662 temerario
1714 4605 1995 4675 iudicave-

416 4698 582 4751 rimus
610 4739 623 4761 ,
653 4707 857 4754 temere
916 4700 1076 4753 etiam
1109 4698 1177 4754 de
1209 4698 1363 4752 nobis
1403 4697 1543 4752 Deus
1566 4695 1871 4767 iudicabit?
1907 4705 1999 4751 aut

416 4787 652 4855 nunquid
685 4789 728 4841 si
761 4791 812 4843 in
855 4804 1109 4844 mensura
1164 4791 1340 4860 iniqua
1392 4788 1565 4844 mensi
1617 4786 1873 4842 fuerimus
1898 4828 1913 4853 ,
1945 4796 1999 4842 et

412 4879 551 4949 apud
588 4879 751 4933 Deum
779 4880 957 4949 iniqua
990 4897 1240 4937 mensura
1271 4892 1350 4936 est
1379 4882 1520 4937 unde
1544 4880 1701 4936 nobis
1740 4880 1996 4935 remetie-

417 4972 542 5025 tur?
567 4969 701 5024 Nam
750 4978 804 5023 et
849 4984 1116 5025 mensura:
1156 4974 1401 5040 nomine,
1432 4974 1604 5041 ipsum
1629 4971 1890 5042 judicium
1922 4972 1998 5025 si-

412 5063 721 5132 gnificatum
769 5062 1027 5128 arbitror;
1068 5065 1213 5119 nullo
1242 5065 1403 5120 modo
1437 5067 1611 5133 Deus,
1661 5066 1744 5120 vel
1794 5073 2000 5120 temere

408 5155 635 5223 iudicat,
670 5153 754 5209 vel
805 5154 983 5222 iniqua
1031 5168 1279 5209 mensura
1310 5158 1560 5226 cuiquam
1592 5157 1869 5227 rependit;
1904 5157 1997 5212 sed

414 5250 518 5302 hoe
539 5246 740 5302 dictum
770 5253 883 5311 est,
908 5244 1158 5313 quoniam
1192 5246 1467 5302 temeritas
1487 5261 1590 5316 qua
1625 5247 1783 5316 punis
1808 5247 1996 5314 alium,

392 5336 600 5431 ‘udem
630 5338 743 5407 ipsa
771 5336 875 5407 [est
902 5334 1099 5407 eiqua]
1141 5344 1195 5391 te
1237 5336 1422 5406 puniat
1474 5352 1696 5394 necesse
1724 5349 1841 5404 est;
1894 5339 1996 5393 nisi

412 5426 552 5483 forte
589 5428 958 5484 arbitrandum
988 5439 1072 5483 est
1100 5429 1242 5498 quod
1288 5428 1540 5496 iniquitas
1583 5430 1634 5485 ei
1676 5442 1869 5487 noceat
1894 5432 1994 5486 ali-

412 5518 542 5597 quid
574 5520 625 5573 in
657 5535 815 5590 quem
845 5519 1110 5590 procedit,
1133 5522 1180 5575 ei
1204 5530 1380 5575 autem
1400 5521 1575 5577 nihila
1598 5536 1704 5590 quo
1736 5522 1994 5592 procedit.

410 5603 529 5664 Imo
558 5624 684 5664 vero
715 5626 857 5681 saepe
904 5613 1032 5667 nihil
1085 5624 1240 5670 nocet
1276 5615 1324 5668 ei
1357 5614 1446 5685 qui
1480 5616 1677 5683 patitur
1706 5615 1952 5682 injurlam
1978 5657 1993 5682 ,

414 5700 467 5756 ei
494 5708 676 5754 autem
700 5702 791 5769 qui
824 5702 949 5757 facit
997 5719 1219 5762 necesse
1246 5716 1328 5762 est
1360 5716 1417 5762 ut
1446 5715 1657 5763 noceat.
1691 5706 1827 5773 Quid
1852 5709 1993 5761 enim

415 5793 602 5852 nouit
653 5794 977 5863 martyribus
1034 5799 1286 5869 iniquitas
1336 5801 1810 5874 persequentium?
1868 5801 1997 5872 ipsis

2102 4622 2245 4675 enim
2278 4621 2427 4689 vitia,
2459 4619 2696 4674 officium
2734 4628 2817 4674 est
2845 4619 3104 4673 bonorum
3136 4619 3376 4672 virorum
3417 4629 3471 4674 et
3521 4621 3681 4674 bene-

2102 4710 2374 4776 volorum;
2429 4709 2569 4780 quod
2601 4724 2720 4763 eum
2776 4708 2901 4762 mali
2959 4708 3201 4773 faciunt,
3252 4709 3460 4764 alienas
3510 4719 3685 4780 partes

2103 4811 2287 4873 agunt,
2323 4804 2460 4857 sicut
2492 4801 2803 4870 hypocritm,
2830 4800 2917 4869 qui
2951 4810 3133 4870 tegunt
3162 4800 3260 4854 sub
3289 4815 3517 4868 persona
3550 4803 3683 4871 quod

2102 4904 2265 4962 sunt,
2316 4903 2371 4949 et
2425 4902 2698 4949 ostentant
2766 4893 2818 4947 in
2898 4908 3120 4962 persona
3182 4894 3323 4963 quod
3383 4910 3490 4949 non
3540 4906 3681 4950 sunt.

2106 4987 2515 5058 llypocritarum
2543 4999 2672 5056 ergo
2699 4985 2914 5038 nomine
2938 5025 2954 5051 ,
2987 4985 3329 5039 simulatores
3374 4987 3644 5057 acceperis
3667 5029 3683 5053 ,

2103 5088 2158 5133 et
2188 5089 2270 5132 est
2301 5093 2426 5132 vere
2457 5078 2683 5131 multum
2715 5078 3016 5132 cavendum
3042 5087 3095 5131 et
3134 5078 3421 5132 molestum
3474 5081 3688 5135 simula-

2103 5179 2278 5223 torum
2308 5184 2478 5239 genus
2501 5209 2516 5233 ,
2559 5170 2645 5237 qui
2676 5182 2797 5224 eum
2831 5170 3068 5222 omnium
3101 5168 3350 5224 vitiorum
3394 5172 3687 5227 accusatio-

2103 5273 2202 5314 nes
2231 5258 2355 5311 odio
2382 5266 2437 5311 ct
2465 5257 2636 5311 livore
2664 5256 2956 5326 suscipiant
2983 5298 2999 5323 ,
3030 5258 3192 5311 etiam
3222 5260 3589 5316 consolatores
3614 5262 3688 5314 vi-

2105 5350 2138 5403 d
2162 5349 2222 5403 -ri
2251 5364 2310 5404 sc
2334 5350 2550 5412 volunt;
2580 5359 2634 5401 et
2658 5348 2780 5403 ideo
2812 5349 2895 5418 pie
2921 5358 3188 5418 cauteque
3216 5351 3540 5420 vigilandum
3566 5360 3643 5407 est
3667 5392 3683 5415 ,

2108 5452 2165 5495 ut
2193 5456 2313 5494 cum
2346 5441 2578 5510 aliquem
2604 5440 3004 5509 reprehendere
3052 5441 3136 5494 vel
3177 5441 3465 5513 obiurgare
3508 5459 3687 5499 neces-

2106 5532 2235 5587 sitas
2260 5532 2515 5600 coegerit,
2555 5534 2729 5600 primo
2750 5535 3046 5602 cogitemus
3077 5546 3253 5589 utrum
3283 5536 3387 5591 tale
3414 5537 3482 5591 sit
3505 5539 3683 5593 vitium

2106 5622 2247 5693 quod
2278 5638 2547 5691 nunquam
2580 5625 2894 5689 habuimus,
2927 5624 3007 5678 vel
3037 5642 3144 5694 quo
3172 5626 3281 5694 iant
3308 5628 3577 5684 caruimus
3604 5648 3615 5681 :
3638 5632 3683 5684 si

2107 5730 2378 5785 nunquam
2409 5718 2715 5783 habuimus,
2740 5717 3035 5788 cogitemus
3066 5730 3119 5774 et
3144 5736 3239 5774 nos
3279 5723 3525 5778 homines
3547 5740 3683 5787 esse,

2107 5814 2162 5860 et
2186 5804 2384 5862 habere
2406 5807 2688 5895 potuisse;
2733 5806 2777 5863 si
2816 5822 2943 5864 vero
2971 5807 3274 5879 habuimus,
3308 5821 3361 5867 et
3392 5828 3494 5869 non
3527 5813 3685 5869 habe-
