4020 6190
353 412 476 467 1041

1498 396 1931 456 ΤιΙΞΞᾹυῐὶυε.
1972 395 2122 451 CAP.
2163 392 2408 451 CCCXX.

3469 390 3602 446 10$?

350 530 681 592 Ittus,tangat
711 520 1023 575 memoriam
1046 519 1341 574 communis
1364 517 1662 585 inﬁrmitas,
1688 526 1745 571 ut
1767 517 1909 570 illam
1944 516 1993 573 Α
2020 514 2112 568 sed
2144 516 2193 568 in
2228 513 2425 582 templo
2454 524 2571 577 suo,
2602 508 2686 566 cui
2729 524 2820 581 per
2860 511 3084 582 gratiam
3130 509 3389 582 benignus
3430 517 3513 565 est
3542 520 3598 565 et

348 613 822 680 reprehensionem
847 621 938 665 aut
958 610 1385 679 objurgationem
1413 648 1429 674 ,
1463 624 1567 662 non
1598 605 1925 671 odium,sed

351 704 718 760 misericordia
744 703 1035 771 prazcedat,
1060 710 1116 756 ιιι
1143 702 1259 756 sive
1281 701 1346 754 ad
1369 699 1759 754 correctionem
1782 697 1922 766 ejus,

351 804 569 863 propter
597 808 756 863 quem
784 791 835 846 id
866 793 1086 846 facimus
1113 832 1128 856 ,
1160 792 1274 845 sive
1298 791 1362 845 ad
1391 794 1789 860 perversLonem
1833 802 1926 841 va-

351 885 506 938 luerit
528 883 674 953 (nam
706 883 939 937 incertus
987 890 1070 937 est
1109 882 1332 952 exitus),
1368 897 1464 936 nos
1490 892 1666 935 tamen
1702 881 1768 935 de
1798 880 1927 933 sim-

352 976 586 1046 plicitate
632 974 769 1029 oculi
803 973 970 1028 nostri
1000 975 1173 1028 securi
1220 975 1407 1028 simus.
1445 973 1502 1029 Si
1553 980 1727 1026 autem
1777 972 1926 1041 cogi-

352 1073 527 1118 tantes
574 1062 934 1131 nosmetipsos
978 1063 1338 1116 invenerimus
1370 1063 1419 1114 in
1452 1077 1518 1117 eo
1544 1077 1667 1116 esse
1696 1062 1823 1115 vitio
1874 1061 1925 1114 in

352 1171 457 1224 quo
484 1165 565 1209 est
592 1153 682 1209 ille
711 1169 867 1224 quem
892 1154 1287 1223 reprehendere
1318 1156 1657 1222 parabamus,
1700 1168 1806 1207 non
1843 1168 1928 1208 re-

353 1248 745 1317 prehendamus
790 1261 964 1315 neque
989 1246 1332 1316 obiurgemus
1357 1288 1371 1311 ,
1404 1247 1498 1302 sed
1529 1255 1707 1301 tamen
1735 1261 1929 1314 conge-

354 1336 644 1389 miscamus
675 1332 1038 1406 [cavendum],
1070 1344 1124 1390 et
1153 1351 1257 1389 non
1285 1335 1433 1390 illum
1466 1337 1532 1390 ad
1554 1337 1928 1405 obtemperan-

353 1425 479 1479 dum
508 1426 684 1490 nobis,
714 1425 803 1481 sed
826 1426 891 1479 ad
918 1427 1114 1494 pariter
1137 1427 1437 1481 conandum
1462 1428 1765 1482 invitemus.
1795 1426 1927 1481 Nam

354 1526 408 1571 et
452 1516 577 1570 illud
623 1515 765 1585 quod
812 1516 938 1570 dicit
971 1518 1255 1584 Apostolus
1288 1534 1300 1570 :
1333 1518 1524 1572 Factus
1566 1532 1683 1572 sum
1726 1516 1928 1571 Judmis

353 1608 506 1675 quasi
537 1605 771 1672 Judzeus,
804 1614 862 1661 ut
890 1606 1106 1661 Judacos
1135 1608 1535 1675 lucrifacerem;
1570 1609 1654 1664 bis
1694 1609 1785 1673 qui
1829 1607 1927 1663 sub

355 1698 471 1766 lege
500 1707 641 1763 sunt,
672 1699 819 1767 quasi
844 1698 943 1753 sub
975 1698 1090 1768 lege
1127 1714 1323 1768 essem,
1352 1714 1470 1753 cum
1517 1714 1622 1753 non
1667 1700 1766 1752 sim
1815 1698 1928 1766 ipse

356 1790 460 1844 Sub
490 1789 625 1855 lege,
652 1800 707 1842 ut
735 1803 830 1843 eos
851 1789 940 1858 qui
963 1791 1059 1843 sub
1086 1790 1202 1858 lege
1222 1798 1375 1844 erant
1409 1789 1774 1844 lucrifacerem
1800 1805 1814 1853 ;
1846 1787 1927 1841 bis

2028 606 2289 673 prepitius
2317 623 2327 656 :
2364 604 2569 673 capitur
2599 612 2775 658 autem
2811 602 3087 669 habitans,
3116 603 3183 659 ab
3209 603 3325 657 aliis
3356 601 3602 671 amplius,

2028 697 2093 748 ab
2123 695 2242 749 aliis
2276 696 2470 749 minus.
2508 695 2583 749 De
2629 694 2743 763 ipso
2788 710 2914 749 vero
2952 696 3126 763 capite
3166 703 3350 747 nostro
3378 692 3607 759 Aposto-

2031 786 2111 838 lus
2137 784 2209 838 ait
2236 803 2245 836 :
2280 785 2410 851 Quia
2440 785 2491 838 in
2524 786 2637 855 ipso
2664 785 2874 839 habitat
2900 785 3075 839 omnis
3099 783 3375 853 plenitudo
3403 783 3606 836 Divini-

2030 875 2153 929 tatis
2184 876 2554 945 corporaliter.
2589 876 2701 931 Non
2746 878 2865 930 ideo
2905 875 3276 946 corporaliter,
3318 874 3440 946 quia
3481 888 3605 928 cor-

2029 980 2225 1034 poreus
2257 976 2338 1020 est
2367 966 2481 1038 [sit]
2513 967 2650 1021 Deus
2679 983 2694 1032 ;
2728 968 2821 1022 sed
2853 975 2942 1021 aut
2976 967 3140 1022 verbo
3179 967 3437 1020 translato
3478 978 3604 1018 usus

2027 1067 2141 1120 est,
2176 1068 2421 1125 tanquam
2448 1058 2501 1112 in
2533 1059 2729 1127 templo
2762 1056 3061 1112 manufacto
3084 1073 3188 1111 non
3222 1056 3598 1125 corporaliter,

2026 1147 2119 1200 sed
2154 1146 2464 1202 umbraliter
2497 1148 2851 1213 habitaverit;
2883 1149 2988 1218 37
3024 1146 3073 1200 id
3106 1155 3186 1201 est
3210 1188 3223 1211 ,
3256 1147 3604 1216 prmﬁguran-

2029 1235 2167 1291 tibus
2196 1235 2362 1307 signis
2389 1237 2535 1307 (nam
2566 1237 2684 1292 illas
2712 1251 2901 1292 omnes
2927 1237 3349 1298 observationes,
3384 1235 3604 1289 umbras

2026 1328 2322 1385 futurorum
2345 1338 2517 1395 vocat,
2541 1331 2695 1386 etiam
2721 1330 2835 1399 ipso
2859 1328 3398 1383 translato‘vocabnlo
3420 1344 3433 1393 ;
3458 1343 3606 1382 sum-

2031 1434 2152 1474 mus
2181 1420 2324 1475 enim
2353 1420 2526 1486 Deus,
2559 1420 2697 1475 sicut
2726 1419 2984 1488 scriptum
3026 1428 3138 1484 est,
3180 1433 3286 1472 non
3329 1417 3381 1471 in
3422 1432 3605 1471 manu-

2033 1509 2188 1565 factis
2216 1511 2430 1579 templis
2461 1510 2718 1580 babi:at);
2745 1520 2835 1564 aut
2859 1518 3005 1564 certe
3029 1508 3377 1579 corporaliter
3401 1507 3604 1562 dictum

2028 1613 2141 1669 ρει,
2174 1603 2296 1672 quia
2338 1612 2392 1658 et
2436 1604 2487 1656 in
2538 1600 2735 1657 Christi
2775 1616 3000 1672 corpore
3037 1601 3178 1670 quod
3218 1599 3504 1670 assumpsit
3540 1613 3603 1653 ex

2032 1690 2245 1763 Virgine
2266 1734 2281 1758 ,
2316 1702 2564 1762 tanquam
2595 1692 2648 1747 in
2682 1694 2881 1762 templo
2910 1691 3113 1745 habitat
3156 1692 3315 1745 Deus.
3363 1689 3499 1744 Hinc
3521 1697 3607 1744 est

2027 1783 2168 1837 enim
2199 1782 2341 1852 quod
2372 1782 2569 1838 Judaeis
2598 1782 2808 1855 signum
2842 1782 3142 1852 petentibus
3170 1796 3289 1837 cum
3333 1781 3558 1836 dixisset
3588 1824 3608 1847 ,

356 1878 447 1947 qui
471 1880 585 1932 sine
616 1878 731 1948 lege
756 1888 900 1943 sunt,
924 1880 1078 1947 quasi
1127 1882 1243 1935 sine
1291 1881 1430 1950 lege,
1477 1895 1598 1935 cum
1646 1880 1761 1933 sine
1810 1878 1925 1946 lege
1959 1868 2000 1926 Β
2029 1871 2232 1927 Solvite
2262 1874 2515 1943 templum
2543 1873 2678 1939 hoc,
2713 1881 2767 1927 et
2793 1873 2847 1926 in
2881 1872 3056 1927 triduo
3083 1872 3417 1927 resuscitabo
3447 1871 3604 1935 illud,

359 1968 453 2021 Dei
478 1983 579 2022 non
608 1969 703 2022 sint
737 1966 980 2040 [essem],
1012 1970 1105 2024 sed
1150 1970 1249 2024 sim
1278 1971 1331 2025 in
1362 1971 1477 2041 lege
1506 1971 1721 2035 Christi,
1758 1979 1814 2023 ut
1844 1970 1927 2024 lu-

360 2058 673 2114 crifacerem
696 2074 788 2114 eos
817 2060 905 2128 qui
928 2062 1043 2115 sine
1066 2061 1180 2130 lege
1200 2070 1342 2127 sunt;
1364 2061 1532 2117 factus
1556 2076 1672 2116 sum
1702 2048 1929 2115 infirmis

362 2148 605 2205 inﬁrmus
629 2191 646 2216 ,
669 2160 726 2205 ut
760 2154 995 2207 infirmos
1022 2153 1385 2210 lucrifacerem
1412 2172 1426 2221 ;
1458 2154 1706 2210 omnibus
1748 2155 1929 2208 omnia

359 2242 531 2296 factus
561 2257 675 2294 sum
700 2284 715 2309 ,
750 2251 807 2295 ut
831 2257 1017 2298 omnes
1055 2244 1420 2299 lucrifacerem
1449 2262 1461 2299 :
1496 2260 1601 2298 non
1630 2244 1815 2314 utique
1852 2244 1925 2298 si-

362 2332 658 2387 mulatione
692 2332 949 2396 faciebat,
975 2334 1421 2402 quemadmodum
1461 2334 1676 2405 quidam
1734 2333 1931 2388 intelli-

358 2438 487 2492 gere
534 2425 716 2478 Volunt
750 2442 764 2479 :
793 2434 848 2478 ut
885 2439 1070 2480 eorum
1119 2425 1430 2481 detestanda
1475 2426 1747 2480 simulatio
1799 2428 1927 2485 tanti

364 2515 598 2583 exempli
621 2515 940 2573 auctoritate
967 2516 1273 2583 muniatur;
1303 2518 1397 2571 sed
1431 2517 1530 2571 hoc
1559 2515 1785 2571 faciebat
1805 2517 1933 2571 cha-

364 2610 543 2671 ritate,
565 2622 665 2677 qua
691 2604 807 2677 ejus
838 2608 1230 2676 inﬁrmitatem,
1263 2609 1347 2663 cui
1378 2608 1587 2664 volebat
1615 2608 1933 2676 subvenire,

364 2707 613 2767 tanquam
646 2712 796 2752 suam
825 2699 1127 2767 cogitabat;
1177 2700 1277 2754 hoc
1308 2701 1446 2754 enim
1477 2707 1532 2753 et
1558 2699 1827 2767 pracStruit
1853 2700 1935 2754 di-

362 2790 576 2846 cendo:
606 2788 736 2845 Cum
772 2793 915 2846 enim
963 2792 1097 2847 liber
1145 2793 1269 2861 sim,
1323 2808 1387 2848 ex
1419 2793 1666 2849 omnibus
1695 2793 1932 2849 omnium

362 2896 449 2936 me
502 2896 714 2937 servum
750 2882 888 2948 feci,
934 2890 992 2937 ut.
1038 2883 1218 2952 plures
1268 2883 1638 2938 lucrifacerem
1672 2884 1853 2954 :quod
1880 2891 1937 2939 ut

364 2974 631 3044 intelligas
655 3016 671 3040 ,
705 2989 809 3029 non
839 2975 1180 3031 simulatione
1205 3021 1219 3044 ,
1252 2976 1346 3031 sed
1378 2977 1640 3032 cbaritate
1666 2975 1799 3045 ﬁeri,
1833 2993 1935 3046 qua

364 3064 591 3119 inﬁrmis
635 3064 938 3118 hominibus
966 3105 981 3128 ,
1031 3073 1280 3134 tanquam
1314 3080 1413 3119 nos
1448 3081 1653 3132 sumus,
1684 3067 1936 3135 compati-

366 3171 518 3220 mur;
549 3156 618 3209 ita
647 3156 789 3210 enim
823 3164 1002 3210 monet
1032 3157 1135 3209 alio
1159 3156 1275 3211 loco
1306 3157 1489 3211 dicens
1517 3175 1529 3210 :
1560 3157 1667 3212 Vos
1697 3158 1748 3213 in
1777 3158 1932 3212 liber-

2027 1962 2363 2032 Evangelista
2410 1963 2537 2032 quid
2586 1963 2689 2017 hoc
2731 1973 2875 2019 esset
2915 1972 3308 2032 consequenter
3335 1976 3608 2031 exponens

2026 2054 2101 2106 ait
2126 2070 2137 2105 :
2173 2053 2284 2108 Hoc
2310 2062 2488 2108 autem
2520 2054 2731 2109 dicebat
2755 2055 2822 2109 de
2850 2054 3050 2122 templo
3070 2054 3311 2121 corporis
3337 2055 3441 2109 sui.
3470 2053 3610 2119 Quid

2042 2157 2171 2210 ergo
2202 2144 2322 2197 est?
2353 2143 2587 2199 Hoccine
2618 2146 2883 2200 interesse
2907 2144 3231 2198 arbitramur
3270 2145 3411 2198 inter
3453 2153 3612 2212 caput

2028 2247 2081 2292 et
2106 2237 2344 2292 membra
2375 2244 2567 2292 οςιιιειιιι
2589 2276 2607 2303 ,
2634 2237 2774 2306 quod
2802 2237 2854 2291 in
2884 2237 3124 2306 quolibet
3149 2237 3394 2307 quamvis
3421 2236 3611 2305 praeci-

2031 2346 2137 2401 puo
2165 2332 2437 2397 membro,
2484 2333 2632 2387 velut
2677 2333 2729 2387 in
2769 2331 2951 2400 aliquo
2993 2347 3189 2401 magno
3231 2332 3492 2401 propheta
3520 2340 3613 2387 aut

2028 2423 2306 2491 apostolo,
2338 2421 2582 2491 quamvis
2610 2421 2866 2476 Divinitas
2901 2421 3133 2483 habitet,
3167 2436 3274 2476 non
3316 2431 3493 2477 tamen
3527 2422 3608 2476 si-

2031 2523 2121 2568 cut
2150 2515 2203 2568 in
2232 2516 2406 2583 capite
2431 2513 2573 2584 quod
2604 2524 2687 2569 est
2715 2511 2983 2578 Christus,
3016 2512 3191 2568 omnis
3222 2514 3496 2583 plenitudo
3527 2514 3611 2567 Di-

2032 2606 2312 2661 vinitatis?
2352 2605 2483 2661 Nam
2521 2616 2585 2662 et.
2611 2607 2664 2661 in
2707 2605 2893 2661 nostro
2929 2620 3157 2676 corpore
3204 2606 3344 2661 inest
3388 2605 3612 2675 singulis

2035 2696 2327 2763 membris;
2378 2681 2479 2752 sed.
2520 2710 2628 2770 non
2671 2704 2853 2751 tantus
2898 2704 3126 2767 quantus
3166 2696 3217 2751 in
3261 2694 3473 2766 capite,
3523 2695 3611 2748 ubi

2035 2801 2253 2857 prorsus
2282 2786 2457 2842 omnis
2487 2795 2571 2843 est
2593 2786 3087 2857 quinquepartitus:
3121 2785 3194 2841 ibi
3219 2787 3361 2843 enim
3389 2794 3443 2841 et
3467 2785 3612 2841 visus

2036 2886 2149 2946 est,
2178 2885 2232 2932 et
2259 2877 2472 2931 auditus
2491 2918 2507 2943 ,
2535 2886 2590 2932 et
2619 2876 2887 2943 olfactus,
2913 2887 2965 2932 et
2992 2885 3211 2947 gustus,
3244 2884 3299 2931 et
3325 2884 3494 2931 tactus
3518 2892 3533 2940 ;
3560 2876 3613 2931 in

2037 2969 2247 3025 caeteris
2274 2977 2452 3024 autem
2479 2969 2626 3023 solus
2645 2979 2726 3024 est
2753 2978 2948 3023 tactus.
2975 2969 3058 3022 An
3083 2967 3242 3023 etiam
3271 2974 3464 3036 printer
3491 2966 3614 3033 hoc,

2041 3058 2184 3127 quod
2215 3067 2463 3128 tanquam
2498 3057 2551 3112 in
2583 3060 2781 3127 templo
2806 3097 2822 3122 ,
2866 3058 2919 3112 in
2967 3057 3060 3112 illo
3100 3071 3326 3126 corpore
3371 3055 3615 3120 habitat,

2044 3150 2223 3204 omnis
2254 3147 2529 3218 plenitudo
2560 3148 2895 3216 Divinitatis,
2925 3157 3008 3204 est
3036 3147 3180 3202 aliud
3224 3147 3364 3218 quod
3409 3148 3616 3204 intersit

368 3253 531 3299 tatem
560 3246 731 3300 vocati
758 3246 887 3301 estis
910 3288 925 3313 ,
961 3245 1186 3310 fratres;
1220 3255 1422 3300 tantum
1456 3261 1520 3301 ne
1547 3247 1847 3302 libertatem
1879 3246 1933 3301 in
1959 3234 2007 3299 C
2047 3244 2189 3298 inter
2218 3242 2343 3296 illud
2368 3250 2527 3312 caput
2555 3249 2611 3298 et
2640 3240 2923 3310 cujuslibet
2947 3241 3175 3295 membri
3202 3239 3570 3295 excellentiam
3596 3242 3616 3294 ἲ

364 3334 704 3390 occasionem
734 3335 911 3389 carnis
939 3336 1109 3400 detis,
1135 3336 1226 3389 sed
1257 3351 1349 3405 per
1386 3336 1698 3391 cbaritatem
1739 3336 1937 3392 servite

366 3424 634 3491 invicem;
668 3424 810 3494 quod
842 3424 955 3479 ﬁeri
987 3440 1092 3479 non
1121 3434 1291 3494 potest
1318 3467 1333 3491 ,
1390 3427 1490 3480 nisi
1533 3426 1753 3481 alterius
1784 3426 1934 3481 inﬁr-

366 3516 608 3570 tnitatcm
650 3516 876 3586 quisque
911 3516 1271 3584 habeatquasi
1300 3532 1475 3584 suam,
1503 3527 1562 3571 ut
1604 3534 1720 3573 eam
1759 3534 1939 3590 aequa-

366 3607 586 3660 nimiter
614 3606 771 3674 ferat,
804 3606 976 3661 donec
1005 3608 1071 3661 ab
1097 3623 1156 3662 ea
1186 3608 1442 3664 liberetur
1462 3609 1580 3676 ille,
1608 3611 1759 3678 cujus
1788 3618 1939 3666 curat

364 3697 613 3750 salutem.
651 3695 790 3749 Raro
813 3710 941 3765 ergo
962 3704 1018 3751 et
1060 3695 1162 3766 [in]
1190 3712 1380 3766 magna
1410 3700 1730 3756 necessitate
1757 3699 1937 3770 objur-

365 3785 610 3855 gationes
638 3785 957 3842 adhibenda:
987 3798 1109 3841 sunt
1139 3806 1151 3840 :
1179 3788 1250 3841 ita
1282 3797 1457 3844 tamen
1484 3800 1540 3845 ιιι
1580 3793 1740 3845 etiam
1770 3793 1822 3846 in
1856 3792 1939 3848 his

367 3878 537 3946 ipsis,
591 3893 697 3931 non
737 3880 889 3933 nobis
921 3920 936 3946 ,
969 3880 1061 3933 sed
1114 3882 1219 3934 Deo
1264 3880 1533 3953 [Domino]
1575 3893 1631 3936 ut
1679 3886 1939 3938 serviatur

366 3969 647 4023 instemus.
682 3971 798 4039 Ipse
821 3981 901 4025 est
928 3973 1066 4026 enim
1104 3971 1244 4038 ﬁnis,
1279 3982 1336 4027 ut
1380 3973 1506 4027 nihil
1536 3974 1732 4043 duplici
1775 3976 1936 4030 corda

365 4062 644 4128 faciamus,
674 4062 972 4118 auferentes
1005 4065 1207 4120 trabem
1252 4065 1318 4119 de
1360 4066 1516 4119 oculo
1559 4076 1741 4120 nostro
1796 4067 1933 4121 invi-

364 4154 562 4207 dentim
589 4195 603 4218 ,
643 4155 724 4209 vel
758 4155 1003 4219 malitiaa,
1030 4157 1111 4209 vel
1144 4156 1502 4212 simulationis
1527 4198 1542 4223 ,
1576 4171 1633 4214 ut
1666 4159 1937 4215 videamus

365 4246 560 4314 ejicere
588 4248 842 4301 festucam
874 4247 940 4301 de
969 4248 1126 4302 oculo
1156 4249 1351 4303 fratris.

895 4374 1120 4432 CAPUT
1157 4365 1401 4432 CCCXX.

366 4488 599 4562 Qualiter
644 4488 1028 4562 intelligendum
1067 4489 1118 4541 in
1151 4490 1265 4562 ipso
1306 4491 1628 4562 habitationis
1668 4493 1935 4562 plenitudo

438 4559 734 4612 Divinttatis
762 4560 1126 4629 corporaliter;
1160 4575 1222 4614 ea:
1248 4560 1377 4614 libro
1405 4562 1468 4614 de
1501 4559 1783 4617 Praesentia
1814 4563 1930 4620 Dei.

442 4687 657 4742 Habitat
697 4687 872 4757 itaque
912 4688 1085 4743 omnis
1121 4688 1173 4742 in
1212 4689 1433 4759 singulis
1472 4691 1641 4758 Deus,
1683 4701 1932 4763 tanquam

372 4777 427 4830 in
462 4776 675 4844 templis
707 4780 849 4843 suis,
883 4786 937 4830 et
966 4778 1018 4834 in
1048 4779 1294 4833 omnibus
1322 4780 1478 4834 simul
1513 4783 1563 4835 in
1604 4798 1765 4837 unum
1804 4800 1935 4839 con-

364 4868 632 4934 gregatis,
678 4875 924 4936 tanquam
978 4868 1030 4921 in
1080 4871 1276 4937 templo
1319 4884 1456 4935 suo;
1502 4872 1641 4939 quod
1681 4876 1933 4944 templum

365 4954 622 5023 quandiu,
664 4956 800 5009 sicut
838 4971 959 5011 arca
996 4956 1127 5022 Noe,
1160 4959 1209 5011 iu
1246 4958 1344 5012 hoc
1373 4960 1570 5015 saeculo
1602 4962 1842 5032 fluctuat,
1879 4966 1937 5019 ﬁt

363 5048 507 5115 quod
540 5048 592 5100 in
620 5048 824 5115 psalmo
847 5050 1101 5117 scriptum
1132 5058 1213 5105 est
1239 5068 1250 5102 :
1286 5050 1540 5106 Dominus
1569 5054 1827 5112 diluvium
1854 5058 1935 5112 in-

366 5137 601 5201 habitat;
631 5141 872 5207 quamvis
895 5150 947 5193 et
979 5148 1195 5210 prapter
1224 5143 1416 5198 multos
1446 5146 1496 5199 in
1527 5150 1774 5204 omnibus
1803 5166 1935 5220 gen-

362 5227 511 5281 tibus
555 5228 778 5296 p0pulos
829 5227 1109 5295 ﬁdelium,
1156 5246 1289 5300 quos
1331 5248 1585 5303 aquarum
1627 5241 1842 5295 nomine
1881 5242 1932 5297 in

363 5322 689 5391 Apocalypsi
728 5322 1021 5390 signiﬁcat,
1067 5327 1238 5393 possit
1274 5341 1631 5399 congruenter
1674 5336 1931 5408 intelligi:

364 5412 621 5467 Dominus
649 5414 908 5469 diluvium
938 5417 1214 5472 inhabitat.
1239 5419 1489 5489 Sequitur
1516 5432 1690 5479 autem
1716 5442 1729 5482 :
1758 5428 1823 5483 Et
1850 5446 1935 5486 se-

361 5504 513 5559 debit
536 5504 795 5559 Dominus
826 5506 937 5561 Rex
971 5508 1020 5562 in
1051 5520 1308 5565 aeternum
1336 5530 1349 5577 ;
1374 5515 1558 5583 utique
1586 5517 1636 5570 in
1661 5517 1775 5588 ipso
1806 5530 1935 5578 tem-

360 5599 458 5664 plo
481 5609 599 5659 suo,
619 5595 728 5664 jam
754 5596 805 5651 in
834 5599 941 5651 vita
969 5607 1187 5667 aeterna,
1213 5614 1329 5670 post
1357 5602 1751 5663 ﬂuctuationem
1777 5610 1933 5681 hujus

360 5687 588 5751 saeculi,
623 5691 933 5744 constituto.
965 5690 1107 5745 Deus
1146 5695 1303 5763 igitur
1338 5698 1425 5766 qui
1465 5698 1658 5769 ubique
1698 5698 1933 5772 praesens

361 5785 478 5843 est,
508 5784 563 5833 ct
591 5777 784 5848 ubique
819 5788 957 5836 totus
990 5798 1247 5854 prmscns,
1278 5802 1376 5844 nec
1415 5790 1609 5860 ubique
1649 5791 1926 5864 habitans,

2043 3336 2135 3390 Est
2166 3335 2357 3404 plane,
2391 3333 2531 3402 quod
2572 3333 2833 3404 singulari
2869 3332 3097 3403 quadam
3137 3332 3477 3401 susceptione
3516 3331 3618 3387 ho-

2038 3427 2199 3482 minis
2240 3426 2385 3481 illius
2431 3440 2534 3481 una
2575 3424 2713 3479 facta
2755 3434 2841 3480 est
2886 3440 3113 3494 persona
3150 3440 3270 3481 cum
3304 3425 3518 3481 Verbo:
3552 3425 3619 3481 de

2038 3516 2186 3572 nullo
2226 3516 2369 3571 enim
2411 3524 2719 3572 sanctorum
2764 3516 2870 3571 dici
2911 3516 3114 3587 potuit,
3161 3524 3253 3570 aut
3296 3530 3402 3572 non
3446 3523 3621 3585 potest

2039 3619 2128 3665 aut
2159 3610 2394 3679 poterit:
2429 3609 2661 3665 Verbum
2688 3623 2812 3664 caro
2849 3608 3049 3666 factum
3088 3619 3171 3665 est
3201 3625 3216 3665 :
3249 3609 3425 3664 nullus
3469 3621 3621 3663 sanc-

2042 3709 2216 3756 torum
2237 3744 2253 3769 ,
2277 3701 2515 3772 qualibet
2546 3702 2855 3770 praestantia
2883 3703 3069 3773 gratia:
3090 3743 3106 3768 ,
3139 3702 3397 3769 unigeniti
3426 3716 3622 3756 nomen

2039 3792 2272 3860 accepit,
2302 3805 2360 3846 ut
2386 3791 2526 3861 quod
2556 3798 2640 3844 est
2669 3791 2839 3859 ipsum
2872 3790 2966 3845 Dei
2996 3791 3220 3845 Verbum
3248 3801 3373 3846 ante
3398 3792 3616 3858 saecula,

2040 3882 2141 3936 hoc
2166 3882 2322 3935 simul
2344 3896 2465 3935 cum
2487 3890 2762 3949 assumpto
2779 3881 2995 3935 homine
3009 3881 3296 3936 diceretur.
3318 3880 3619 3949 Singularis

2040 3981 2122 4026 est
2147 3985 2275 4042 ergo
2305 3971 2391 4025 illa
2421 3971 2716 4039 susceptio,
2743 3985 2842 4047 nec
2867 3985 2989 4025 cum
3021 3970 3329 4027 hominibus
3357 3971 3620 4040 aliquibus

2039 4064 2267 4129 sanctis,
2298 4063 2630 4133 quantalibet
2663 4063 2924 4134 sapientia
2954 4073 3010 4120 et
3040 4063 3323 4119 sanctitate
3356 4074 3616 4131 prazstan-

2043 4156 2217 4225 tibus,
2249 4155 2355 4209 nllo
2385 4155 2544 4210 modo
2574 4163 2758 4224 potest
2785 4170 2904 4211 esse
2927 4155 3256 4210 'communis.
3288 4155 3388 4211 Ubi
3423 4155 3617 4211 divinat

2039 4248 2225 4317 gratia:
2250 4249 2378 4302 satis
2406 4248 2738 4317 perspicuum
2763 4249 3076 4317 clarumque
3099 4247 3475 4303 documentum
3498 4256 3613 4302 est:

2039 4340 2159 4410 quis
2186 4339 2325 4395 enim
2358 4348 2463 4395 tam
2493 4324 2785 4411 sacrilegus
2811 4382 2826 4406 ,
2869 4349 2929 4394 ut
2967 4340 3164 4396 audeat
3203 4340 3473 4396 afﬁrmare
3515 4340 3617 4394 ali-

2041 4449 2197 4502 quam
2230 4448 2384 4502 posse
2411 4433 2674 4501 animam,
2713 4449 2807 4503 per
2834 4435 3080 4488 meritum
3111 4433 3261 4488 liberi
3292 4434 3532 4497 arbitrii,
3561 4441 3616 4488 ut

2042 4524 2177 4577 alter
2225 4523 2295 4578 sit
2343 4523 2586 4585 Christus
2636 4524 2895 4579 efﬁcere?
2940 4524 3006 4579 lit
3051 4540 3178 4594 ergo
3220 4524 3283 4578 ad
3331 4540 3615 4593 personant

1967 4605 2020 4665 D
2050 4615 2204 4670 Verbi
2239 4616 2499 4684 unigeniti
2531 4616 2855 4685 pertineret,
2902 4626 2954 4671 ct
2994 4632 3103 4686 quo
3143 4626 3294 4685 pacto
3345 4632 3438 4685 per
3483 4618 3617 4672 lihe-

2041 4720 2156 4759 rnm
2185 4706 2465 4762 arbitrium
2513 4707 2870 4761 communiter
2911 4706 3156 4761 omnibus
3202 4717 3256 4762 et
3302 4708 3619 4764 naturaliter

2041 4796 2220 4850 datum
2245 4839 2260 4864 ,
2295 4806 2353 4851 ut
2378 4812 2481 4852 una
2512 4797 2625 4852 sola
2654 4799 2833 4853 anima
2864 4800 3181 4865 meruisset,
3223 4799 3326 4854 nisi
3368 4800 3471 4855 hoc
3508 4804 3619 4855 sin-

2040 4890 2239 4959 gularis
2268 4890 2435 4960 gratia
2465 4891 2798 4960 praestitisset
2823 4931 2837 4953 ,
2869 4906 3027 4960 quam
3059 4893 3137 4946 fas
3164 4900 3248 4948 est
3280 4894 3572 4961 prredicere
3596 4936 3611 4959 ,

2042 4980 2110 5036 de
2138 4996 2242 5051 qua
2275 4982 2424 5037 nefas
2453 4991 2537 5037 est
2566 4981 2703 5038 velle
2725 4982 2986 5052 judicare.
3031 4983 3158 5038 Haec
3191 4985 3237 5039 si
3279 5000 3376 5054 pro
3413 4986 3613 5040 viribus

2042 5073 2277 5141 nostris,
2310 5082 2567 5143 quantum
2610 5072 2870 5129 Dominus
2913 5075 3167 5147 adjuvat,
3215 5076 3318 5133 rite
3357 5079 3611 5132 tractavi-

2042 5179 2191 5229 mus,
2221 5163 2435 5233 quando
2463 5162 2633 5218 Deum
2665 5164 2860 5234 ubique
2890 5176 3206 5236 praesentem
3227 5206 3244 5232 ,
3275 5176 3334 5223 et
3355 5182 3459 5220 non
3488 5183 3611 5237 spa-

2043 5255 2129 5308 tiis
2175 5254 2497 5309 distantibus
2544 5255 2694 5325 quasi
2744 5255 2921 5326 aliqua
2972 5258 3111 5312 mole
3161 5259 3247 5312 vel
3288 5257 3611 5314 distentione

2040 5344 2325 5410 diffusum,
2370 5344 2465 5399 sed
2512 5344 2709 5415 ubique
2751 5356 2916 5401 latum
2961 5348 3196 5416 cogitare
3238 5356 3290 5403 te
3326 5349 3605 5415 extendis,

2040 5444 2221 5490 averte
2265 5444 2498 5493 mentem
2543 5434 2612 5489 ab
2660 5436 2909 5491 omnibus
2946 5436 3259 5506 imaginibus
3298 5453 3608 5509 corporum,

2038 5541 2169 5595 quas
2200 5528 2429 5581 humana
2461 5526 2717 5595 cogitatio
2747 5527 2966 5582 volvere
2994 5530 3288 5583 consuevit.
3320 5529 3433 5585 Non
3465 5535 3605 5588 enim

2038 5620 2116 5673 sic
2146 5619 2403 5689 sapientia
2426 5660 2442 5686 ,
2476 5635 2581 5672 non
2606 5618 2810 5686 justitia
2830 5658 2845 5683 ,
2876 5633 2982 5672 non
3012 5619 3089 5673 sic
3114 5618 3345 5691 denique
3372 5622 3609 5680 cbaritas

2038 5711 2329 5780 cogitatur,
2362 5711 2428 5765 de
2456 5724 2556 5779 qua
2584 5707 2837 5774 scriptum
2881 5718 2998 5763 est:
3046 5709 3184 5764 Deus
3231 5712 3465 5770 charitas
3501 5727 3603 5772 est.

2036 5800 2168 5857 Cum
2198 5819 2326 5859 vero
2356 5802 2473 5872 cjus
2520 5796 2899 5855 habitationem
2943 5804 3174 5871 cogitas,
3227 5803 3481 5863 unitatem
3509 5823 3607 5864 eo.
