4074 6186
452 343 584 399 30H

1513 334 1574 391 Ι).
1615 327 1927 389 ΕυϐἶΡΡΠ
1963 322 2250 381 ᾹΒΒΑΉΞ
2288 323 2604 380 AFRICANI

3556 325 3681 378 ιαμ

449 457 555 523 gita
581 497 596 521 ,
655 454 1230 522 eongcgationcmque
1270 455 1579 505 sanctorum
1606 489 1620 513 ,
1677 444 1910 501 maxime
1954 441 2007 495 in
2040 439 2088 499 Α
2116 453 2256 491 rum.
2298 438 2551 505 Quaedam
2579 449 2712 504 ergo
2740 434 2793 489 in
2819 434 3027 489 semine
3054 433 3347 488 materialis
3374 434 3573 505 [quasi]
3601 436 3671 506 ip-

449 546 633 610 ctnfis,
664 544 749 597 ubi
780 552 1061 613 propterea
1088 541 1353 611 prtecipue
1374 540 1568 593 dicitur
1595 536 1863 613 habitare,
1894 534 2012 602 quia

453 638 523 693 ibi
554 609 895 692 fitvolnn—tas—
913 635 1030 702 ejus
1059 609 1292 701 perfecta
1322 645 1506 685 eorum
1542 609 1616 683 in.
1632 627 1822 697 quibus
1862 624 2015 679 babi-

452 738 569 794 tat;
597 724 790 781 deinde
820 726 870 781 in
903 733 1078 787 terra,
1120 723 1208 777 ubi
1249 722 1516 776 aedificans
1558 718 1760 773 habitat
1798 717 2016 771 domum

457 831 639 880 suam,
672 815 724 870 in
759 817 864 869 fine
895 813 1074 867 smculi
1104 810 1493 871 dedicandam;
1539 811 1808 865 Christum
1839 815 2016 861 autem

453 906 736 961 Dominum
779 918 1050 968 noswum,
1096 902 1421 974 unigenitum
1468 901 1561 955 Dei
1591 901 1812 964 Filium,
1842 911 2019 967 aequa-

460 996 560 1049 !em
592 994 734 1052 Patri
761 1037 779 1061 ,
808 995 1162 1063 eamdemque
1192 993 1422 1049 hominis
1456 994 1643 1047 Filium
1667 1032 1682 1057 ,
1714 1006 1820 1061 quo
1848 989 2019 1059 major

451 1092 533 1137 est
560 1083 736 1149 Pater,
766 1093 826 1138 ut
856 1084 1052 1151 ubique
1078 1092 1249 1138 totum
1290 1091 1611 1153 praesentem
1635 1096 1754 1136 esse
1784 1096 1888 1135 non
1919 1080 2016 1134 du-

453 1176 622 1241 bites,
657 1185 904 1245 tanquam
939 1177 1104 1231 Deum
1133 1186 1187 1231 et
1212 1177 1263 1231 in
1294 1177 1483 1233 eodem
1517 1175 1713 1245 templo
1742 1176 1832 1229 Dei
1863 1188 2015 1241 esse,

452 1276 705 1335 tanquam
735 1264 1119 1320 inhabitantem
1143 1266 1309 1320 Deum
1328 1306 1342 1331 ,
1372 1277 1423 1322 et
1450 1267 1502 1325 in
1526 1267 1644 1323 loco
1670 1264 1847 1334 aliquo
1872 1264 2019 1333 eteli,

458 1365 677 1426 propter
703 1356 811 1410 veri
845 1358 1085 1424 corporis
1116 1357 1353 1411 modum.

969 1449 1192 1504 CAPUT
1218 1447 1489 1502 CCCXXI.

451 1536 531 1593 De
563 1539 715 1593 unius
754 1539 934 1594 uxoris
967 1538 1075 1593 uiro
1116 1540 1351 1605 episwpo
1394 1538 1723 1606 ordinando;
1749 1555 1815 1595 ea:
1841 1538 1930 1594 lib.
1956 1540 2021 1594 de

1002 1607 1145 1662 Bono
1173 1609 1456 1679 coujugult'.

523 1695 673 1762 Quod
698 1704 780 1751 est
807 1696 955 1751 cibus
981 1697 1046 1751 ad
1079 1698 1302 1751 salutem
1332 1698 1602 1768 corporis,
1647 1698 1749 1754 hoc
1777 1708 1858 1754 est
1885 1713 2014 1754 con-

2122 527 2399 591 formitas,
2427 543 2543 595 quxe
2568 527 2793 579 formata
2817 539 3011 594 corpus
3032 522 3265 578 hominis
3290 524 3562 578 redditura
3590 536 3689 593 est,

2120 618 2173 671 in
2203 616 2592 687 significatione
2628 615 2799 685 posita
2831 623 2916 668 est
2966 614 3090 668 vitae
3142 614 3383 668 informis
3420 623 3473 668 et
3513 616 3690 669 ineru-

2123 706 2249 760 ditte
2275 721 2292 770 ;
2323 720 2355 759 a
2384 720 2486 773 qua
2513 704 2874 768 informitate,
2902 701 3152 772 quoniam
3185 711 3396 771 oportet
3426 704 3695 760 hominem

2128 796 2385 851 doctrinae
2417 794 2588 849 forma
2619 802 2673 848 et
2700 794 3010 848 eruditione
3032 793 3305 859 mundari,
3339 810 3390 848 tn
3433 796 3588 865 hujus
3620 799 3697 852 rei

2118 887 2328 955 tignum
2377 887 2465 939 illa
2516 883 2813 953 puriﬁcatio
2861 893 3126 954 prmcepta
3180 892 3264 939 est
3311 895 3432 954 post
3473 889 3697 942 seminis

2118 979 2482 1033 emissionem.
2528 977 2713 1047 Neque
2751 978 2893 1031 enim
2937 976 2992 1031 in
3036 978 3243 1031 somnis
3271 987 3489 1045 peccato
3522 980 3615 1041 fit,
3646 987 3700 1032 et

2121 1079 2298 1123 tamen
2328 1067 2486 1121 etiam
2519 1068 2590 1120 ibi
2627 1073 2893 1133 princepta
2921 1074 3004 1119 est
3034 1065 3359 1134 purificatio.
3391 1067 3495 1119 Aut
3523 1066 3566 1118 si
3598 1067 3702 1119 hoc

2119 1170 2395 1229 peccatum
2442 1158 2721 1229 quisquam
2770 1166 2954 1227 putat,
3000 1172 3107 1211 non
3147 1156 3414 1210 arbitrans
3442 1155 3696 1211 accidere

2118 1254 2218 1307 nisi
2248 1268 2312 1308 ex
2342 1253 2519 1321 aliquo
2549 1251 2850 1321 bujusmodi
2882 1251 3173 1319 desiderio,
3204 1250 3344 1320 quod
3375 1250 3557 1321 procul
3589 1251 3692 1304 du-

2119 1344 2207 1398 bio
2251 1343 2437 1397 falsum
2470 1350 2585 1407 est,
2635 1341 2891 1410 numquid
2924 1349 2978 1395 et
3010 1341 3171 1395 solita
3211 1354 3489 1394 mensuum
3525 1340 3701 1412 {nien-

2118 1431 2346 1504 strunm]
2376 1440 2591 1501 peccata
2631 1439 2756 1485 sunt
2803 1429 3167 1486 feminarum?
3208 1444 3239 1483 a
3284 1430 3477 1499 quibus
3522 1440 3703 1484 tamen

2119 1523 2304 1578 eadem
2355 1521 2489 1591 legis
2538 1528 2777 1574 vetustas
2828 1520 3083 1588 praecepit
3138 1519 3387 1589 expiari,
3440 1532 3544 1573 non
3594 1518 3705 1572 nisi

2122 1620 2340 1680 pr0pter
2372 1610 2542 1679 ipsam
2572 1607 2903 1664 materialem
2934 1607 3314 1662 informitatem
3336 1647 3353 1673 ,
3395 1623 3517 1679 qua:
3562 1607 3706 1662 facto

2122 1711 2343 1768 concepi
2354 1715 2405 1763 ιι,
2426 1706 2676 1767 tanquam
2695 1697 3100 1752 aedificationem
3120 1700 3365 1766 corporis
3385 1698 3626 1763 additur;
3640 1713 3706 1753 ac

451 1789 664 1843 cubitus
687 1787 753 1841 ad
775 1788 1000 1842 salutem
1030 1788 1264 1857 generis,
1295 1797 1348 1843 et
1369 1800 1648 1858 utrumque
1664 1804 1770 1843 non
1799 1789 2016 1844 estsine
2048 1789 2092 1849 B
2119 1808 2214 1862 per
2246 1794 2345 1846 hoc
2370 1807 2491 1845 cum
2515 1790 2811 1845 informiter
2838 1790 2973 1853 fluit,
3006 1789 3288 1859 significari
3314 1804 3407 1859 per
3430 1790 3575 1843 illam
3604 1791 3692 1844 lex

452 1881 808 1935 delectatione
845 1881 1046 1935 carnali
1080 1896 1095 1935 :
1123 1880 1333 1935 diversa
1362 1896 1522 1951 opera
1555 1890 1761 1949 patrum
1810 1897 1914 1934 non
1939 1879 2020 1933 fa-

454 1972 631 2027 ciebat
657 1973 755 2025 nisi
793 1970 1073 2026 diversitas
1103 1982 1399 2039 temporum
1422 2011 1436 2024 .
1468 1972 1555 2027 Sic
1584 1981 1759 2025 autem
1797 1985 2020 2026 necesse

463 2070 658 2116 eratut
688 2062 972 2116 carnaliter
1000 2063 1237 2128 coirent,
1273 2063 1430 2116 etiam
1480 2076 1583 2116 non
1632 2063 1872 2117 carnales
1900 2077 2023 2132 pro-

460 2149 654 2217 tbetae,
684 2151 822 2206 sicut
851 2166 1071 2207 necesse
1111 2162 1223 2206 erat
1256 2162 1308 2206 ut
1339 2152 1624 2207 carnaliter
1655 2163 2019 2217 vescerentur,

457 2240 614 2294 etiam
639 2256 741 2295 non
773 2241 1012 2298 carnales
1037 2244 1283 2312 apostoli.
1315 2244 1567 2299 Ecclesia:
1596 2244 2019 2312 dispensatorem

458 2345 561 2383 non
591 2330 753 2386 licere
783 2332 1017 2387 ordinari
1043 2372 1058 2398 ,
1089 2332 1190 2387 nisi
1239 2334 1395 2388 unius
1426 2333 1608 2388 uxoris
1646 2334 1817 2388 virum
1842 2376 1859 2401 ,
1898 2349 2024 2388 acu-

459 2418 564 2473 tius
608 2419 1005 2488 intellexerunt,
1056 2423 1144 2493 qui
1191 2439 1288 2478 nec
1325 2438 1447 2479 eum
1490 2425 1581 2495 qui
1610 2426 2023 2481 catechumenos

454 2510 538 2564 vel
562 2525 797 2581 paganus
822 2512 1065 2568 habuerit
1108 2515 1351 2580 alteram,
1379 2516 1726 2571 ordinandum
1752 2532 1873 2572 esse
1898 2532 2022 2572 cen-

453 2610 695 2655 suerunt.
724 2600 802 2657 De
831 2612 1169 2659 sacramento
1195 2607 1336 2659 enim
1359 2606 1567 2674 agitur,
1602 2622 1705 2661 non
1736 2606 1802 2662 de
1833 2623 2022 2676 pecca-

455 2704 528 2746 to.
554 2691 689 2746 Nam
714 2693 766 2747 in
794 2694 1060 2769 baptismo
1082 2706 1294 2763 peccata
1320 2698 1497 2752 omnia
1521 2699 1859 2755 dimittuntur
1884 2716 1898 2765 ;
1928 2702 2021 2756 sed

453 2783 542 2850 qui
568 2782 745 2837 dixit:
776 2782 835 2839 Si
862 2786 1133 2854 acceperis
1170 2803 1386 2843 uxorem
1414 2833 1428 2856 ,
1462 2806 1571 2843 non
1600 2792 1855 2861 peccasti,
1902 2802 1956 2846 et
1976 2794 2022 2847 si

454 2871 693 2940 nupserit
718 2874 882 2942 virgo,
906 2889 1013 2929 non
1036 2883 1253 2942 peccat;
1284 2887 1357 2942 et,
1389 2878 1537 2945 Quod
1567 2879 1676 2933 vult
1706 2878 1892 2945 faciat;
1918 2895 2023 2936 non

453 2970 673 3031 peccat,
704 2962 794 3035 [si]
836 2966 998 3019 nubat
1026 2983 1038 3018 :
1063 2967 1196 3022 satis
1228 2967 1522 3023 declaravit
1571 2971 1780 3041 nuptias
1821 2972 2020 3026 nullum

452 3067 575 3109 esse
615 3064 910 3123 peccatum.
964 3056 1187 3126 Propter
1214 3061 1533 3116 sacramenti
1563 3071 1739 3117 autem
1765 3065 2020 3118 sanctita-

2124 1886 2321 1950 voluit,
2345 1885 2581 1937 animum
2603 1884 2718 1936 sine
2745 1881 3044 1950 discipline
3072 1882 3237 1935 forma
3272 1881 3584 1936 indecenter
3604 1880 3703 1934 flu-

2122 1976 2298 2028 vidum
2332 1970 2597 2044 [fluidum]
2620 1986 2682 2028 ac
2711 1972 3058 2040 dissolutum,
3090 1987 3247 2041 quem
3280 1970 3500 2025 formari
3533 1987 3697 2039 Opor-

2123 2080 2235 2124 tere
2255 2068 2538 2139 significat,
2558 2083 2678 2122 cum
2703 2067 2861 2121 talem
2886 2066 3083 2120 fluxum
3108 2067 3351 2134 corporis
3376 2064 3523 2133 jubet
3552 2064 3699 2129 puri-

2125 2158 2293 2213 ﬂeari.
2328 2158 2608 2212 Postremo
2634 2155 2871 2224 nunquid
2899 2163 2952 2210 et
2984 2156 3117 2208 mori
3151 2165 3422 2222 peccatum
3455 2160 3533 2207 est
3558 2194 3574 2216 ,
3609 2164 3702 2205 aut

2126 2260 2393 2304 mortuum
2427 2249 2658 2314 sepelire
2681 2262 2784 2300 non
2816 2247 2976 2301 etiam
3007 2246 3203 2300 bonum
3234 2258 3369 2313 opus
3402 2243 3700 2297 lotmanita-

2125 2341 2192 2394 tis
2218 2339 2334 2393 est?
2362 2349 2413 2392 et
2438 2347 2618 2391 tamen
2643 2336 2941 2405 purificatio
2964 2346 3013 2389 et
3033 2335 3159 2389 inde
3181 2334 3427 2388 mandata
3450 2343 3526 2387 est
3542 2376 3557 2399 ,
3580 2334 3706 2398 quia

2124 2439 2179 2485 et
2210 2438 2476 2483 mortuom
2503 2442 2699 2497 corpus
2721 2428 2823 2481 vita
2848 2426 3132 2480 deserente
3156 2439 3263 2478 non
3293 2436 3566 2491 peccatum
3593 2433 3701 2486 est,

2123 2520 2218 2576 sed
2253 2530 2527 2590 peccatum
2560 2517 2827 2587 significat
2857 2516 3047 2570 animm
3077 2516 3302 2569 deserta:
3332 2528 3362 2567 a
3388 2511 3630 2582 iustitia.

2619 2630 2797 2685 (ΞΑΡῦ
2816 2629 2844 2684 Γ
2883 2628 3207 2685 CCCXXIH.

2122 2725 2234 2800 88
2252 2724 2326 2779 De
2349 2724 2528 2779 virtute
2549 2721 2708 2776 animi
2724 2721 2799 2776 vel
2813 2722 3002 2843 (ﬂente
3022 2720 3094 2773 vel
3109 2719 3415 2788 manifesta;
3438 2734 3501 2773 ex
3524 2718 3703 2770 eodem

2854 2811 2861 2839 λ
2904 2807 2981 2843 ro.
3040 2816 3045 2823 ι

2192 2907 2529 2961 Continenfia
2556 2922 2663 2960 non
2685 2903 3058 2974 corporis,sed
3081 2902 3242 2958 animi
3266 2903 3315 2957 vi
3350 2912 3433 2957 tus
3459 2910 3562 2956 est.
3586 2901 3708 2954 Vir-

2126 3006 2211 3051 tus
2238 2992 2517 3066 [Virtutes]
2542 3004 2717 3049 autem
2745 2994 2907 3048 animi
2939 2993 3225 3061 aliquando
3254 2993 3305 3046 in
3338 3007 3499 3062 Opere
3529 2991 3707 3045 mani-

2127 3088 2346 3143 festatur
2375 3084 2847 3159 [ntanifeslautur],
2876 3085 3158 3156 aliquando
3182 3085 3236 3139 in
3258 3085 3437 3137 habitu
3470 3083 3517 3135 la
3546 3099 3592 3137 e'
3623 3082 3709 3155 ila-

454 3156 559 3200 tem
584 3186 598 3211 ,
622 3146 758 3202 sicut
784 3147 976 3202 femina
1021 3150 1182 3204 etiam
1204 3192 1217 3215 ,
1265 3153 1311 3206 si
1340 3153 1721 3208 eatecbumena
1765 3156 1920 3210 fuerit
1945 3157 2021 3211 vi~

2129 3177 2261 3249 teut]
2286 3197 2297 3230 :
2318 3146 2452 3231 sicut
2475 3174 2711 3247 martyrii
2730 3146 2897 3230 virtus
2916 3146 3138 3230 eminuit
3154 3171 3414 3247 [emicuit]
3435 3146 3707 3241 apparuit-

455 3239 602 3307 tiata,
648 3254 756 3294 non
787 3251 961 3309 p0tcst
995 3251 1116 3310 post
1156 3241 1477 3309 baptismum
1507 3245 1645 3299 inter
1669 3243 1763 3300 Dei
1790 3247 2025 3316 virgines

454 3330 789 3396 consecrari;
825 3333 899 3385 ita
938 3346 1041 3385 non
1082 3333 1311 3388 absurde
1341 3335 1509 3388 visum
1555 3345 1637 3391 est
1664 3351 1787 3391 eum
1815 3339 1902 3407 qui
1934 3352 2027 3393 ex-

455 3419 619 3472 cessit
643 3434 869 3474 uxorum
903 3436 1183 3476 numerum
1212 3423 1568 3492 singularem,
1612 3442 1715 3480 non
1751 3438 2024 3497 peccatum

456 3508 671 3577 aliquod
717 3511 1087 3576 commisisse,
1132 3514 1225 3566 sed
1257 3530 1497 3568 normam
1540 3519 1818 3584 quamdam
1850 3535 2028 3574 sacra-

457 3598 623 3652 menti
646 3598 886 3653 amisisse
912 3640 926 3664 ,
953 3615 1057 3655 non
1086 3601 1153 3655 ad
1176 3602 1297 3656 vita:
1328 3604 1479 3658 bona:
1508 3606 1753 3660 meritum
1778 3648 1793 3673 ,
1829 3610 1922 3662 sed
1959 3607 2026 3663 ad

456 3687 804 3743 ordinationis
851 3689 1228 3747 ecclesiastica:
1270 3694 1597 3763 signaculum
1640 3698 2025 3753 necessarium.

460 3784 536 3836 Ac
564 3796 658 3849 per
688 3781 788 3835 hoc
816 3780 952 3836 sicut
996 3783 1177 3850 plures
1208 3785 1542 3854 antiquorum
1585 3795 1793 3854 patrum
1833 3805 2029 3846 uxores

457 3872 894 3943 significaverunt
918 3871 1122 3928 futuras
1148 3883 1361 3929 nostras
1389 3890 1454 3930 ex
1500 3878 1750 3933 omnibus
1779 3881 2025 3947 gentibus

461 3961 724 4019 Ecclesias
745 3964 834 4017 uni
861 3961 979 4019 viro
998 3965 1486 4033 subditasChristo,
1506 3969 1574 4021 ita
1600 3978 1783 4024 noster
1799 3972 2025 4027 antistes

455 4056 612 4110 unius
641 4055 826 4112 uxoris
849 4059 931 4112 vir
958 4057 1218 4127 significat
1251 4075 1319 4115 ex
1347 4061 1595 4117 omnibus
1624 4063 1871 4133 gentibus
1903 4066 2023 4120 uni-

457 4156 638 4213 tatem,
662 4148 753 4203 uni
777 4150 893 4204 viro
915 4150 1182 4204 subditam
1213 4150 1443 4217 Christo,
1474 4168 1592 4222 qua:
1624 4161 1750 4209 tunc
1779 4154 2025 4223 perficie-

458 4250 540 4293 tur
566 4256 686 4295 cum
732 4243 1048 4297 reVelaverit
1081 4244 1289 4297 occulta
1334 4244 1668 4300 tenebrarum
1697 4286 1712 4311 ,
1739 4258 1845 4301 etc.
1878 4247 2027 4303 Nunc

458 4340 635 4385 autem
678 4344 802 4387 sunt
845 4332 1145 4388 manifesta:
1189 4336 1415 4392 latentes
1446 4336 1832 4404 dissensiones,
1864 4339 2023 4394 etiam

457 4423 600 4477 salva
629 4422 909 4487 charitate,
945 4424 1086 4479 inter
1114 4440 1208 4480 eos
1235 4429 1324 4495 qui
1357 4443 1520 4481 unum
1551 4440 1601 4481 et
1633 4429 1683 4481 in
1721 4445 1831 4484 uno
1866 4429 2025 4485 futuri

458 4525 615 4569 sunt:
641 4531 759 4583 quae
790 4526 916 4570 tunc
947 4518 1124 4585 utique
1157 4518 1310 4570 nullm
1328 4529 1502 4571 erunt.
1532 4519 1712 4587 Itaque
1736 4520 1865 4575 sicut
1894 4522 2022 4575 duo—
2055 4519 2102 4581 ο

460 4604 558 4658 bus
584 4605 813 4661 dominis
837 4607 1141 4676 pluribusve
1162 4608 1389 4673 servire,
1414 4609 1493 4664 sic
1522 4624 1551 4662 a
1579 4614 1699 4663 vivo
1727 4614 1842 4667 viro
1866 4614 1915 4666 in
1940 4614 2021 4667 al-

460 4696 621 4749 terius
646 4698 873 4752 transire
897 4699 1245 4765 conuubium,
1278 4709 1517 4755 nectunc
1547 4701 1733 4761 licuit.
1765 4718 1861 4758 nec
1886 4720 2027 4761 nunc

460 4786 604 4852 licet,
635 4803 730 4841 nec
751 4804 982 4857 unquam
1025 4790 1223 4845 licebit.
1256 4792 1571 4860 Apostatare
1600 4792 1793 4863 quippe
1822 4796 1890 4849 ab
1920 4812 2028 4851 uno

462 4874 594 4941 fleo,
622 4885 676 4929 et
704 4876 783 4932 ire
809 4880 861 4932 in
901 4879 1119 4934 alterius
1159 4881 1510 4936 adulterinum
1553 4884 1983 4949 superstitionem
2009 4929 2024 4953 ,

459 4987 672 5042 semper
713 4983 795 5027 est
841 4975 1059 5029 malum.
1102 4977 1212 5031 Nec
1254 4994 1413 5034 causa
1465 4995 1593 5048 ergo
1643 4984 2027 5039 numerosioris

462 5063 625 5132 prolis
656 5060 898 5119 fecerunt
924 5065 1091 5119 sancti
1120 5068 1330 5133 nostri,
1363 5070 1502 5136 quod
1530 5069 1665 5123 Cato
1702 5070 1896 5124 dicitur
1939 5072 2020 5126 fe-

460 5157 594 5212 cisse
619 5157 909 5221 Romanus,
949 5167 1005 5212 ut
1032 5159 1264 5214 traderet
1307 5162 1461 5214 vivus
1490 5176 1708 5216 uxorem
1749 5164 1910 5217 etiam
1954 5165 2031 5218 al—

461 5250 625 5303 terius
645 5249 861 5304 domum
889 5249 1009 5304 filiis
1034 5251 1394 5318 impleturum.
1415 5251 1471 5305 in
1502 5261 1807 5307 nostrarum
1832 5255 2030 5323 quippe

461 5339 696 5407 nuptiis,
748 5340 864 5408 plus
908 5340 1052 5397 valet
1090 5343 1345 5396 sanctitas
1384 5343 1701 5397 sacramenti
1743 5360 1901 5413 quam
1946 5346 2024 5400 fe-

461 5433 704 5487 cund'.tas
734 5434 893 5488 uteri.

969 5504 1195 5560 CAPUT
1233 5502 1527 5559 CCCXXII.

682 5623 758 5677 De
787 5632 1037 5676 nocturna
1068 5621 1344 5686 illusione;
1373 5638 1436 5675 ea:
1462 5620 1637 5674 eodem
1665 5620 1815 5673 libro.

538 5734 695 5789 Multa
738 5735 819 5789 lex
865 5737 1013 5805 ponit
1055 5738 1107 5792 in
1139 5736 1486 5793 sacramentis
1512 5744 1565 5791 et
1594 5733 1799 5789 umbris
1831 5731 2037 5788 futuro-

2128 3284 2230 3340 que
2279 3268 2557 3324 tolerando
2588 3268 2903 3337 passiones:
2938 3266 3033 3322 sed
3079 3281 3235 3336 quam
3284 3265 3436 3320 multi
3482 3275 3607 3317 sunt
3654 3265 3706 3317 in

2127 3358 2311 3414 eadem
2343 3360 2539 3413 virtute
2566 3358 2753 3420 animi,
2781 3356 2976 3426 quibus
3027 3355 3250 3412 tenuitio
3294 3354 3483 3420 deest,
3510 3371 3614 3423 qua
3654 3354 3705 3408 id

2127 3450 2265 3518 quod
2298 3448 2441 3502 intus
2469 3459 2573 3513 est,
2604 3448 2656 3502 in
2684 3456 2973 3517 conspectu
3001 3447 3117 3513 Dei,
3147 3447 3307 3501 etiam
3339 3447 3394 3500 in
3425 3446 3700 3499 hominum

2130 3538 2425 3609 procedat?
2452 3539 2515 3592 Et
2539 3538 2821 3592 Timotheo
2850 3538 2919 3591 ita
2951 3538 3183 3591 relaxata
3211 3546 3290 3589 est
3320 3536 3528 3604 corpori
3564 3535 3705 3588 utili-

2130 3644 2208 3687 tas
2234 3634 2413 3687 vinum
2438 3631 2675 3696 bibendi,
2702 3642 2757 3684 ut
2788 3640 3030 3687 maneret
3054 3632 3103 3684 in
3129 3631 3306 3684 animo
3334 3629 3551 3683 habitus
3576 3643 3704 3682 con-

2131 3724 2352 3779 tinendi.
2383 3723 2499 3792 Ipse
2526 3732 2610 3779 est
2632 3722 2774 3776 enim
2806 3722 3017 3776 habitus
3042 3735 3147 3792 quo
3168 3720 3362 3788 aliquid
3387 3720 3560 3788 agitur
3585 3733 3706 3772 cum

2130 3832 2262 3885 Opus
2291 3826 2400 3879 est;
2433 3830 2555 3869 cum
2584 3823 2761 3868 autem
2791 3828 2895 3867 non
2929 3813 3123 3882 agitur,
3153 3821 3330 3880 potest
3358 3809 3576 3879 agi,sed
3603 3824 3706 3861 non

2128 3923 2260 3974 Opus
2285 3916 2390 3961 est.
2419 3905 2551 3960 Num
2586 3906 2746 3974 igitur
2772 3918 2877 3958 non
2906 3910 3019 3957 erat
3040 3903 3094 3957 in
3123 3901 3341 3957 Christo
3365 3898 3708 3953 conzinentiaa

2127 4000 2297 4053 virtus
2325 4014 2354 4052 a
2382 3998 2501 4053 cibo
2532 4005 2586 4052 et
2616 4005 2764 4066 potu,
2790 4004 2984 4065 quanta
3014 4002 3131 4050 erat
3157 3993 3208 4048 in
3235 3992 3441 4047 Joanne
3470 3991 3705 4060 Baptista

2131 4101 2191 4145 ut
2216 4091 2517 4146 diceretur:
2543 4089 2681 4142 Ecce
2709 4088 2870 4142 bomo
2896 4099 3061 4139 vorax
3085 4093 3141 4139 et
3162 4094 3373 4153 potator
3402 4081 3550 4135 vini?
3575 4096 3708 4133 nuu-

2128 4183 2253 4253 quid
2283 4197 2385 4236 non
2406 4180 2531 4235 talia
2559 4178 2813 4234 dicuntur
2837 4177 2888 4231 in
2916 4176 3243 4232 domesticos
3266 4172 3383 4243 ejus
3411 4180 3589 4241 patres
3615 4185 3710 4224 no-

2130 4286 2304 4339 SIros,
2346 4289 2411 4328 ex
2460 4271 2563 4326 alio
2603 4285 2800 4343 genere
2842 4269 3024 4325 utendi
3066 4268 3315 4331 terrenis,
3356 4275 3613 4333 quantum
3643 4264 3711 4317 ad

2129 4368 2466 4423 concubitum
2495 4366 2726 4434 pertinet
2753 4381 2765 4414 :
2794 4363 2928 4418 Ecce
2949 4362 3193 4416 homines
3223 4357 3494 4414 libidinosi
3521 4366 3577 4410 et
3607 4357 3709 4410 im-

2132 4458 2336 4524 mundi,
2362 4465 2626 4510 amatores
2652 4454 2965 4509 feminarum
2990 4463 3042 4507 ct
3066 4451 3441 4506 lasciviarum?
3466 4449 3530 4502 Et
3553 4448 3713 4516 justi-

2134 4551 2286 4604 fieata
2314 4557 2395 4602 est
2418 4546 2676 4614 sapientia
2698 4562 2725 4599 a
2747 4544 2871 4599 ﬁliis
2890 4545 3023 4608 suis,
3045 4544 3133 4613 qui
3162 4543 3346 4597 vident
3365 4541 3714 4595 continentiae

2132 4644 2379 4697 virtutem
2405 4640 2457 4692 in
2482 4638 2660 4692 habitu
2682 4637 2845 4689 animi
2870 4648 3078 4703 semper
3099 4648 3219 4688 esse
3238 4629 3524 4694 debere,in
3546 4645 3715 4696 opere

2132 4741 2306 4785 autem
2322 4745 2415 4797 pro
2429 4743 2604 4781 rerum
2618 4743 2679 4779 ac
2695 4736 2994 4795 temporum
3007 4721 3401 4793 opportunitate
3415 4720 3715 4774 manifesta.

2133 4824 2199 4879 ri.
2229 4822 2359 4876 Cum
2375 4835 2500 4890 ergo
2522 4817 2797 4887 colloquiis
2824 4817 2976 4870 malis
2992 4814 3186 4869 dicitur
3199 4812 3486 4868 continenti
3506 4824 3557 4865 et
3575 4826 3715 4879 ηυρ-

2134 4917 2235 4971 tias
2250 4913 2510 4969 recusanti
2526 4931 2537 4965 :
2555 4910 2635 4965 Tu
2652 4926 2776 4979 ergo
2789 4909 2976 4964 melior
2987 4922 3043 4963 es
3053 4922 3210 4977 quam
3224 4904 3677 4959 Ahraltamidicat
3697 4918 3719 4958 θ

2138 5008 2250 5076 Ego
2278 5005 2493 5073 quidem
2527 5017 2631 5057 non
2661 5015 2779 5056 sum
2806 4999 3016 5066 melior,
3045 4997 3138 5052 sed
3168 5007 3251 5053 est
3278 4996 3467 5050 melior
3497 4995 3718 5047 castitas

2135 5096 2381 5150 caelibum
2406 5109 2561 5164 quam
2584 5091 2801 5146 castitas
2832 5090 3132 5157 nuptiarum
3158 5100 3411 5156 :qnarum
3443 5086 3713 5138 Abraham

2136 5198 2294 5237 unam
2327 5180 2555 5234 habebat
2583 5178 2634 5233 in
2657 5193 2774 5241 usu,
2796 5176 2981 5232 ambas
3011 5176 3061 5231 in
3093 5174 3295 5228 babitu.
3325 5171 3484 5228 Caste
3512 5173 3715 5239 quippe

2136 5272 2485 5341 coujttgaliter
2505 5269 2669 5332 vixit;
2692 5282 2810 5324 esse
2828 5276 3005 5322 autem
3028 5273 3174 5320 caste
3198 5264 3313 5319 sine
3336 5262 3587 5331 coniugii
3619 5277 3715 5330 po-

2140 5364 2262 5428 tuit,
2279 5364 2371 5419 sed
2399 5369 2524 5417 tunc
2546 5376 2650 5416 non
2676 5361 2927 5429 oportuit.
2956 5359 3066 5428 Ego
3086 5372 3212 5413 vero
3236 5356 3441 5411 facilius
3463 5371 3567 5411 non
3594 5365 3717 5407 utor

2140 5456 2356 5525 nuptis,
2389 5453 2581 5524 quibus
2629 5467 2756 5506 usus
2805 5458 2888 5507 est
2934 5449 3226 5512 Abraham,
3254 5461 3409 5514 quam
3466 5445 3544 5499 sic
3596 5454 3708 5498 utor

2140 5548 2336 5616 nuptiis
2359 5543 2807 5614 quemadmodum
2826 5550 2907 5596 est
2930 5555 3055 5594 usus
3074 5539 3362 5595 Abraham.
3388 5535 3541 5603 Quod
3568 5536 3711 5588 enim

2141 5653 2239 5707 ego
2271 5651 2409 5691 nunc
2453 5649 2573 5705 ago,
2606 5632 2797 5689 mellus
2846 5631 2933 5688 ille
2962 5631 3177 5706 egisset,
3210 5628 3254 5685 si
3287 5638 3410 5687 tunc
3448 5624 3714 5699 nendum

2141 5738 2301 5787 esset.
