4020 6190
307 426 448 483 1045

803 542 1030 599 CAPUT
1066 544 1386 601 CCCXXIV.

301 649 475 727 Nemo
501 654 732 706 ascendit
771 654 1056 727 incutiunt,
1088 666 1184 727 etc.
1214 653 1303 727 Et,
1337 656 1719 727 Sirutﬂoyses
1744 658 1889 713 erat-

372 724 498 801 tavit
517 734 803 801 serpentem
824 725 875 777 in
897 732 1113 778 deserto.
1141 725 1221 779 Ea:
1246 726 1377 779 libro
1402 728 1465 779 de
1491 724 1756 797 Baptismo
1776 747 1891 801 par-

368 794 605 846 culorum
629 795 814 863 primo.

371 903 563 970 Nemo,
595 906 789 976 inquit,
813 907 1055 963 ascendit
1085 910 1135 964 in
1163 910 1380 975 coelum,
1410 910 1511 965 nisi
1541 912 1629 979 qni
1659 911 1727 966 de
1748 912 1887 967 coelo

297 995 605 1065 descendit,
626 990 798 1054 Filius
820 996 1074 1065 hominis,
1093 1003 1283 1071 quiest
1308 1002 1361 1057 in
1383 1004 1539 1058 cmlo.
1566 1003 1673 1068 Sic,
1693 1004 1883 1073 inquit,

292 1088 388 1141 tiet
414 1088 687 1157 generatio
708 1090 1022 1159 spiritualis,
1057 1100 1112 1145 ut
1143 1092 1252 1146 sint
1278 1094 1525 1148 ctefestes
1553 1093 1796 1149 homines
1818 1108 1883 1149 ex

294 1180 551 1241 terrenis,
583 1179 727 1248 quod
776 1181 1003 1250 adipisci
1048 1197 1153 1236 non
1196 1193 1467 1251 poterunt,
1502 1184 1602 1237 nisi
1643 1183 1881 1239 membra

291 1281 415 1320 mea
444 1266 778 1334 efficiantur;
810 1278 866 1322 ut
895 1269 1009 1338 ipse
1037 1271 1290 1325 ascendat
1315 1271 1404 1341 qui
1431 1272 1729 1339 descendit,
1761 1273 1881 1341 quia

291 1377 456 1416 nemo
480 1361 740 1428 ascendit,
770 1362 873 1417 nisi
913 1365 1002 1432 qui
1030 1361 1321 1420 destendit.
1346 1363 1459 1420 Nisi
1482 1379 1609 1435 ergo
1633 1368 1682 1420 in
1707 1366 1877 1421 unita-

290 1461 403 1506 tem
448 1452 648 1508 Christi
692 1470 881 1509 omnes
912 1455 1153 1510 mutandi
1185 1455 1503 1527 levandique
1532 1468 1876 1523 concurrant,

288 1557 346 1597 ιιι
378 1544 626 1600 Christus
650 1590 663 1613 ,
697 1547 786 1617 qui
816 1546 1119 1612 descendit,
1151 1548 1263 1617 ipse
1293 1548 1568 1616 ascendat,
1597 1564 1701 1603 non
1732 1544 1876 1604 aliud

282 1638 553 1705 deputans
577 1652 771 1708 corpus
797 1652 974 1703 suum,
1001 1638 1052 1693 id
1078 1648 1159 1693 est
1186 1639 1480 1695 Ecclesiam
1510 1656 1684 1707 suam,
1714 1657 1874 1709 quam

278 1728 523 1797 seipsum
553 1729 674 1798 quia
706 1729 773 1784 de
801 1728 1017 1784 Christo
1044 1738 1097 1784 et
1130 1728 1369 1785 Ecclesia
1399 1732 1575 1786 verius
1622 1732 1874 1803 intelligi-

280 1828 372 1872 tur
405 1836 419 1871 :
456 1818 625 1874 Erunt
662 1819 768 1875 duo
794 1820 844 1874 in
874 1835 1035 1875 carne
1063 1836 1204 1885 una;
1237 1820 1302 1877 de
1330 1836 1432 1891 qua
1466 1838 1524 1876 re
1555 1823 1669 1888 ipse
1696 1823 1827 1878 dixit
1854 1838 1867 1878 :

1335 431 1768 491 TllESAURUS.
1811 430 1965 489 CAP.
2005 432 2301 495 CCCXXV.

3444 457 3580 516 1016

1917 549 1970 608 Δ
1997 553 2147 609 tinuo
2171 558 2518 614 sanabantur.
2550 560 2687 627 Quid
2728 563 2993 622 exaltatns
3021 581 3264 636 serpens,
3288 567 3387 623 nisi
3429 584 3575 626 mors

1990 644 2222 712 Christi,
2249 665 2316 705 eo
2340 650 2672 721 significandi
2700 656 2881 721 modo,
2904 672 3012 726 quo
3042 673 3140 728 per
3160 658 3486 715 efﬁcientem
3520 660 3573 715 id

1990 740 2132 806 quod
2162 738 2395 796 efﬁcitur
2439 742 2809 813 signiﬁcatur?
2838 748 2878 801 Δ
2909 759 3162 815 serpente
3188 750 3385 819 quippe
3430 765 3577 806 mors

1990 830 2158 893 venit,
2182 832 2269 900 qui
2296 843 2570 901 peccatum
2595 850 2700 904 quo
2723 848 3023 893 moreretur
3048 838 3251 894 homini
3273 842 3573 909 pet-suasit:

1992 921 2248 976 Dominus
2273 935 2450 979 autem
2476 927 2526 980 in
2548 942 2765 983 carnem
2792 945 2942 984 suam
2967 945 3074 985 non
3098 943 3373 1001 peccatum
3398 943 3573 990 trans-

1988 1012 2108 1066 tulit
2139 1023 2386 1082 tanquam
2419 1032 2681 1072 venenunt
2712 1022 2998 1089 serpentis,
3029 1022 3125 1079 sed
3173 1033 3348 1079 tamen
3397 1035 3571 1082 trans-

1986 1104 2105 1159 tulit
2134 1116 2377 1175 murtem,
2404 1118 2462 1162 ut
2483 1118 2629 1165 esset
2657 1111 2710 1165 in
2735 1112 3137 1169 similitudinem
3160 1116 3336 1171 carnis
3360 1116 3569 1187 peccati

1986 1210 2141 1264 poena
2162 1198 2279 1253 sine
2300 1201 2457 1270 culpa
2482 1218 2496 1254 :
2522 1201 2665 1257 unde
2695 1202 2744 1256 in
2769 1217 2932 1259 carne
2962 1207 3185 1272 peccati,
3204 1216 3258 1262 et
3279 1206 3433 1275 culpa
3456 1207 3567 1263 sol-

1984 1298 2200 1344 veretur
2244 1302 2298 1343 et
2349 1306 2525 1360 poma.
2558 1294 2709 1349 Sicut
2753 1310 2883 1364 ergo
2915 1303 3040 1351 tunc
3084 1297 3176 1366 qui
3206 1298 3568 1368 censpiciebat

1981 1380 2281 1436 exaltatum»
2318 1395 2647 1454 serpentem,
2679 1396 2733 1442 et
2778 1403 2807 1442 a
2858 1403 3067 1443 veneno
3097 1390 3405 1456 sanabatur,
3435 1400 3491 1447 et
3534 1407 3565 1448 a

1981 1482 2153 1527 morte
2187 1474 2532 1544 liberabatur,
2566 1479 2643 1533 sic
2681 1494 2823 1534 nunc
2853 1480 2943 1549 qui
2976 1481 3341 1537 conformatur
3368 1483 3563 1538 simili-

1982 1564 2153 1619 tudini
2184 1567 2370 1621 morlis
2393 1566 2615 1633 Christi,
2648 1584 2746 1639 per
2777 1569 2932 1624 ﬁdem
2964 1571 3395 1642 baptismumque
3421 1572 3561 1644 ejus,

1978 1665 2032 1710 et
2060 1670 2087 1709 a
2123 1666 2340 1725 peccato
2369 1659 2943 1729 perjnstiﬁcationem,
2968 1671 3021 1717 et
3061 1677 3091 1716 a
3132 1674 3306 1718 morte
3336 1679 3435 1734 per
3475 1678 3561 1718 re-

1978 1746 2367 1802 surrectionem
2399 1748 2689 1815 liberatur;
2724 1749 2824 1805 hoc
2858 1760 2941 1806 est
2990 1752 3133 1806 enim
3173 1754 3313 1822 quod
3341 1754 3416 1807 ait
3445 1770 3461 1808 :
3492 1752 3559 1809 Ut

1976 1839 2152 1892 omnis
2174 1840 2259 1907 qui
2285 1840 2453 1896 credit
2482 1842 2535 1897 in
2558 1856 2680 1898 eum
2706 1856 2811 1898 non
2836 1853 3042 1913 pereat,
3065 1843 3158 1899 sed
3184 1846 3375 1901 habent
3397 1846 3556 1900 vitam

278 1910 449 1975 Igitur
474 1910 585 1979 jam
616 1925 721 1964 non
752 1911 879 1977 duo,
904 1911 1000 1966 sed
1029 1926 1131 1964 una
1157 1926 1304 1976 caro,
1332 1912 1623 1968 ascendere
1651 1914 1869 1968 omnino
1906 1912 1950 1971 B
1976 1942 2251 1985 ωιω-ηωη,

272 2018 384 2056 non
411 2010 661 2072 poterunt
684 2004 842 2074 :.quia
874 2018 1030 2058 nemo
1055 2004 1295 2059 ascendit
1325 2006 1377 2059 in
1402 2003 1622 2071 caelum,
1649 2006 1750 2060 nisi
1773 2008 1862 2077 qui

270 2094 343 2148 de
378 2093 516 2148 coelo
561 2095 859 2161 descendit,
895 2095 1058 2150 Filius
1088 2096 1341 2161 hominis,
1371 2095 1462 2165 qui
1506 2104 1589 2151 est
1620 2098 1673 2150 in
1700 2098 1858 2153 caelo.

271 2184 531 2252 Quamvis
559 2189 700 2243 enim
733 2188 784 2242 in
820 2198 961 2243 terra
995 2187 1167 2243 factus
1198 2188 1267 2242 sit
1299 2186 1461 2243 Filius
1494 2189 1743 2256 hominis,
1777 2190 1863 2244 di-

270 2280 551 2335 vinitatem
586 2296 757 2345 suam,
791 2297 892 2350 qua
941 2280 995 2335 in
1042 2281 1180 2335 coelo
1212 2296 1435 2336 manens
1464 2280 1763 2348 descendit,
1796 2282 1863 2336 ad

268 2380 470 2426 terram
503 2388 607 2428 non
636 2374 904 2444 indignam
937 2374 1143 2428 censuit
1187 2374 1404 2429 nomine
1436 2373 1557 2428 Filii
1606 2373 1859 2440 hominis,

266 2464 411 2515 sicut
438 2478 654 2519 carnem
682 2480 831 2519 suam
863 2464 1109 2532 dignatus
1133 2473 1217 2519 est
1248 2465 1466 2520 nomine
1491 2465 1607 2519 Filii
1645 2466 1768 2532 Dei;
1794 2482 1864 2523 ne

265 2553 422 2621 quasi
438 2554 544 2607 duo
558 2555 754 2609 Christi
772 2554 1127 2625 accipiantur,
1148 2568 1286 2609 unus
1301 2553 1653 2610 Deuset'alter
1670 2556 1859 2622 homo;

266 2644 365 2697 sed
399 2660 541 2698 unus
570 2653 732 2716 atque
777 2645 918 2701 idem
951 2646 1090 2701 Deus
1119 2654 1173 2701 et
1204 2646 1366 2703 homo
1399 2662 1413 2698 :
1446 2646 1602 2713 Deus,
1627 2647 1770 2717 quia,
1804 2647 1858 2705 In

265 2735 534 2805 principio
555 2746 670 2791 erat
700 2735 955 2805 Verbum,
978 2746 1032 2792 et
1062 2738 1200 2793 Deus
1222 2746 1340 2792 erat
1374 2736 1606 2792 Verbum
1631 2752 1645 2802 ;
1676 2739 1857 2805 homo,

263 2826 415 2895 quia,
450 2827 686 2883 Verbum
718 2844 847 2884 caro
881 2829 1075 2883 factum
1104 2841 1205 2895 est,
1236 2840 1293 2885 et
1320 2829 1573 2885 habitavit
1606 2832 1657 2885 in
1683 2831 1853 2887 nobis.

265 2922 344 2972 Ac
374 2933 478 2987 per
505 2919 606 2974 hoc
636 2935 730 2989 per
755 2920 1067 2974 distantiam
1112 2920 1409 2975 divinitatis
1453 2930 1507 2976 et
1535 2921 1858 2977 infirmitatis

263 3010 433 3067 Filius
459 3010 551 3065 Dei
576 3011 824 3067 manebat
848 3012 901 3065 in
922 3013 1081 3076 emlo,
1108 3012 1272 3067 Filius
1297 3014 1528 3068 hominis
1551 3013 1858 3069 ambulabat

262 3118 314 3155 tn
349 3109 531 3165 terra;
566 3116 658 3169 per
706 3103 965 3157 unitatem
1010 3118 1139 3159 vero
1191 3114 1455 3171 persona,
1495 3121 1600 3174 qua
1632 3116 1855 3177 utraque

259 3191 561 3244 substantia
593 3207 728 3246 unus
764 3191 1029 3258 Christus,
1058 3201 1112 3247 et
1143 3193 1306 3249 Filius
1334 3195 1429 3251 Dei
1460 3195 1766 3252 ambulabat
1798 3198 1849 3252 in

261 3289 429 3345 terra,
459 3288 514 3334 et
543 3279 684 3336 idem
714 3283 829 3349 ipse
858 3282 1025 3339 Filius
1053 3284 1286 3339 hominis
1318 3288 1564 3341 manebat
1596 3288 1646 3341 in
1688 3289 1846 3344 cmlo.
1881 3271 1926 3331 ο

261 3369 347 3423 Fit
369 3385 502 3439 ergo
528 3372 932 3427 credibilinrum
956 3374 1092 3430 ﬁdes
1119 3391 1187 3429 ex
1221 3377 1712 3434 incredibilioribus
1736 3393 1851 3434 cre-

260 3460 392 3516 ditis
423 3480 435 3514 :
466 3464 511 3517 si
541 3464 685 3517 enim
713 3463 893 3518 divina
926 3466 1224 3521 substantia
1252 3466 1409 3537 longe
1438 3467 1726 3523 distantior
1773 3481 1854 3524 at-

258 3570 365 3623 que
389 3555 795 3625 incomparabili
810 3556 1119 3615 diversitate
1136 3560 1434 3627 sublimior,
1450 3563 1620 3630 petuit
1637 3574 1855 3633 propter

257 3660 365 3700 nos
398 3645 468 3698 ita
496 3648 771 3717 suscipere
801 3648 1090 3703 humanam
1115 3650 1493 3717 substantiam,
1522 3662 1580 3707 ut
1608 3668 1706 3706 una
1734 3668 1853 3722 per-

254 3751 394 3792 sona
418 3738 592 3803 fieret,
616 3754 679 3795 ac
704 3740 782 3795 sic
806 3740 972 3797 Filius
995 3743 1248 3809 hominis,
1276 3743 1364 3813 qui
1390 3752 1506 3799 erat
1526 3746 1579 3799 in
1603 3753 1744 3800 terra
1759 3762 1853 3815 per

250 3830 442 3883 carnis
468 3829 855 3897 inﬁrmitatem,
874 3832 1015 3887 idem
1044 3832 1157 3902 ipse
1186 3842 1332 3889 esset
1357 3834 1408 3887 in
1439 3833 1577 3888 cosio
1604 3848 1699 3903 per
1729 3850 1849 3903 paro

254 3923 535 3992 ticipatam
573 3926 754 3980 carnis
779 3926 1141 3990 divinitatem,
1182 3936 1382 3994 quanto
1408 3926 1720 3981 credibilius
1759 3927 1847 3981 alii

256 4014 513 4069 homines
535 4017 702 4070 sant-ti
724 4027 778 4071 et
801 4016 986 4071 ﬁdeles
1006 4017 1124 4086 ejus
1148 4018 1277 4071 ﬁunt
1302 4031 1423 4071 cum
1451 4016 1666 4072 homine
1686 4015 1846 4071 Chri~

248 4116 342 4163 sto
370 4122 511 4162 unus
538 4108 806 4177 Christus,
831 4118 888 4163 ut
910 4110 1159 4165 omnibus
1192 4125 1287 4180 per
1313 4108 1430 4179 ejus
1455 4109 1594 4164 hanc
1620 4111 1845 4180 gratiam

246 4200 679 4270 societatemque
708 4201 1145 4267 ascendentibus,
1176 4202 1289 4270 ipse
1318 4216 1458 4257 unus
1487 4201 1734 4257 Christus
1763 4217 1849 4259 as-

246 4289 517 4345 cendatin
533 4292 748 4355 caelum,
763 4294 849 4361 qui
868 4293 937 4348 de
958 4295 1096 4349 coelo
1112 4292 1410 4348 descendit.
1444 4293 1530 4348 Sic
1553 4294 1845 4363 etAposto-

245 4382 336 4435 lus
353 4379 428 4435 ait
453 4399 466 4433 :
491 4382 639 4438 Sicut
661 4383 713 4437 in
736 4398 845 4439 uno
869 4398 1096 4453 corpore
1122 4384 1282 4437 multa
1310 4384 1546 4437 membra
1568 4384 1844 4449 habemus,

243 4471 437 4525 ontnls
473 4484 649 4529 autem
681 4474 917 4530 membra
940 4476 1184 4545 carporis
1218 4483 1342 4530 sunt
1364 4476 1549 4543 multa,
1574 4492 1737 4531 unum
1763 4485 1845 4533 est

242 4577 472 4632 corpus.
501 4564 569 4617 ita
591 4563 688 4636 [et]
707 4565 975 4621 Christus.
1026 4566 1143 4621 Non
1170 4566 1331 4633 dixit,
1351 4567 1423 4621 lta
1460 4578 1513 4622 et
1541 4567 1759 4632 Christi,
1792 4569 1843 4623 id

240 4664 333 4711 est
358 4669 554 4725 corpus
570 4655 767 4713 Christi
796 4660 880 4713 vel
907 4660 1146 4713 membra
1169 4654 1389 4724 Christi,
1406 4658 1521 4725 sed,
1541 4659 1611 4712 Ita
1629 4660 1840 4715 etChri-
1873 4641 1925 4702 Ῑ)

240 4758 390 4812 stes,
418 4763 580 4803 unum
598 4747 869 4805 Christum
892 4750 1170 4819 appellans
1187 4758 1346 4818 caput
1365 4758 1645 4819 etcorpus.
1662 4752 1845 4822 Magna

240 4840 374 4895 haec
399 4839 496 4914 [et]
522 4843 655 4896 mira
683 4843 946 4913 dignatio,
970 4858 1087 4913 quae
1113 4843 1367 4913 quoniam
1398 4844 1511 4899 ﬁeri
1539 4860 1643 4899 non
1671 4854 1847 4914 potest

238 4932 354 4985 nisi
402 4939 497 5000 per
525 4933 895 4989 remissionem
928 4943 1289 5002 peccatorum,
1322 4933 1564 5002 sequitur
1587 4946 1640 4989 et
1670 4936 1799 4990 dicit
1826 4954 1840 4990 ε

241 5024 318 5077 Ει
351 5024 492 5077 sicut
524 5024 734 5093 Moyses
770 5024 1025 5080 esaltavit
1070 5033 1378 5090 serpentem
1419 5024 1471 5078 in
1501 5024 1737 5089 deserto,
1770 5027 1841 5080 ita

236 5112 482 5165 exaltari
514 5120 724 5181 oportet
760 5113 948 5167 Filium
982 5112 1234 5175 hominis,
1260 5124 1315 5166 ut
1346 5116 1521 5168 omnis
1551 5114 1644 5184 qui
1667 5116 1840 5171 credi-

233 5207 391 5261 derit
418 5206 471 5259 in
498 5222 643 5271 eum,
674 5221 778 5260 non
804 5216 1006 5275 pereat,
1024 5207 1120 5261 set-l
1146 5206 1340 5261 haheat
1368 5206 1530 5261 vitam
1555 5221 1832 5262 aeternam.

233 5298 387 5365 Quid
421 5305 546 5351 tunc
576 5296 627 5350 in
650 5296 868 5353 deserto
898 5297 1092 5352 faetum
1123 5297 1193 5356 sit
1219 5299 1463 5353 novimus
1491 5316 1503 5351 :
1528 5309 1835 5369 serpentum

232 5388 524 5444 morsibus
574 5388 723 5442 multi
755 5388 1119 5443 moriebantur
1151 5408 1163 5441 :
1192 5397 1317 5443 tunc
1360 5390 1586 5459 populus
1619 5404 1833 5461 peccata

231 5496 345 5537 sua
371 5482 653 5550 conﬁtens,
688 5501 780 5554 per
810 5486 1026 5557 Moysen
1064 5486 1383 5556 deprecatus
1430 5497 1512 5542 est
1549 5489 1827 5544 Dominum

233 5585 300 5629 ut
337 5573 439 5628 hoc
468 5574 536 5630 ab
574 5575 655 5631 eis
682 5577 828 5631 virus
855 5579 1121 5643 auferret;
1154 5592 1216 5631 ac
1239 5577 1317 5632 sic
1345 5577 1552 5650 Moyses
1595 5593 1657 5633 ex
1691 5594 1831 5648 pra:-

232 5674 406 5734 cepto
429 5664 640 5721 Domini
669 5669 924 5724 esaltavit
946 5671 996 5723 in
1024 5669 1240 5724 deserto
1262 5684 1468 5724 aeneum
1498 5680 1828 5740 serpentem,

232 5758 633 5830 admonuitque
664 5762 915 5830 populum
946 5771 1004 5816 ut
1035 5762 1181 5815 illum
1211 5762 1499 5815 exaltatum
1531 5762 1768 5831 quisquis
1799 5776 1829 5815 a

231 5860 495 5917 serpente
538 5852 869 5907 morderetur
916 5853 1217 5910 attenderct
1244 5871 1254 5906 :
1282 5852 1383 5908 hoc
1406 5852 1667 5909 facientes
1699 5868 1827 5909 con-

2489 2046 2711 2107 CAPUT
2741 2049 3042 2107 CCCXXV.

1969 2185 2354 2241 Βιθυνιαιὶοηὶ
2391 2187 2579 2255 {utam
2606 2196 2778 2242 utrum
2808 2187 2997 2243 Laznri
3041 2198 3129 2241 aut
3168 2188 3360 2243 Christi
3382 2205 3556 2245 resur-

2040 2257 2524 2337 rectio‘cougruat;
2555 2275 2619 2311 ex
2659 2259 2788 2311 libro
2831 2258 3198 2330 Responsionis
3243 2270 3419 2314 contra
3464 2274 3557 2315 sca:

2037 2336 2342 2392 qtta'sttones
2370 2344 2704 2398 paganorum.

2037 2454 2162 2512 Ideo
2182 2471 2290 2510 non
2308 2455 2489 2510 Lazari
2518 2457 2861 2524 resurrectio,
2884 2458 2979 2514 sed
3001 2460 3177 2529 potius
3196 2458 3399 2515 Christi
3414 2474 3546 2516 con-

1963 2547 2107 2619 gruit
2135 2549 2412 2618 promissae
2435 2549 2838 2613 resurrectioni,
2859 2550 2985 2621 quia
3012 2550 3245 2607 Lazarus
3268 2552 3341 2605 ita
3365 2567 3551 2607 resur-

1963 2640 2103 2696 rexit
2131 2650 2188 2696 ut
2218 2642 2409 2697 iterum
2442 2653 2762 2707 moreretur,
2788 2642 3037 2699 Christus
3075 2652 3276 2711 autem,
3311 2646 3449 2699 sicut
3476 2646 3546 2701 de

1963 2732 2057 2789 illo
2077 2735 2331 2801 scriptum
2355 2741 2456 2801 est,
2481 2749 2707 2805 surgens
2725 2750 2753 2789 a
2771 2736 3015 2801 mortuis,
3035 2736 3145 2806 jam
3171 2750 3274 2789 non
3299 2736 3545 2798 moritur,

1960 2836 2014 2881 et
2043 2842 2193 2882 mors
2220 2827 2268 2882 ei
2298 2828 2432 2882 ultra
2478 2842 2584 2883 non
2614 2829 3010 2896 dominabitur;
3043 2831 3182 2897 quod
3221 2832 3382 2885 etiam
3419 2846 3547 2901 pro-

1959 2921 2179 2975 missum
2193 2928 2273 2975 est
2294 2921 2700 2975 resurrectionis
2717 2920 3115 2994 [resurrecturis
3132 2920 3143 2993 ι
3161 2922 3209 2977 in
3226 2922 3329 2979 fine
3345 2921 3546 2988 saeculi,

1957 3020 2162 3066 etcum
2206 3010 2299 3065 illo
2334 3012 2632 3080 regnaturis
2674 3012 2726 3065 in
2774 3020 3057 3067 aeternum.
3086 3014 3176 3067 Sic
3206 3023 3384 3068 autem
3436 3030 3541 3067 non

1960 3101 2269 3171 pertinetad
2294 3103 2745 3158 resurrectionem
2767 3103 3069 3159 diil‘ercntia
3084 3104 3376 3159 nativitatis
3397 3104 3545 3159 Chri-

1958 3192 2028 3247 sti
2056 3202 2110 3248 et
2153 3204 2372 3261 nostrae,
2402 3196 2542 3266 quod
2572 3196 2661 3251 ille
2688 3196 2807 3250 sine
2849 3195 2949 3250 viri
2978 3198 3206 3262 semine,
3236 3211 3336 3251 nos
3363 3206 3541 3252 autem

1958 3301 2023 3339 ex
2050 3285 2167 3341 viro
2191 3296 2246 3341 et
2271 3286 2465 3341 femina
2492 3286 2657 3343 creati
2679 3300 2863 3342 sumus
2889 3304 2903 3341 :
2928 3288 3065 3343 sicut
3090 3302 3196 3341 non
3220 3287 3452 3357 pertinet
3476 3290 3541 3343 ad

1958 3376 2124 3445 ipsius
2152 3378 2392 3432 mortalis
2416 3374 2646 3450 [mortis]
2671 3376 3027 3433 differentiam
3053 3395 3067 3432 :
3091 3391 3196 3432 non
3217 3378 3358 3433 enim
3382 3393 3544 3448 prop-

1956 3477 2101 3523 terea
2129 3469 2272 3522 illius
2295 3484 2400 3522 non
2427 3483 2553 3523 vera
2581 3483 2727 3523 mors
2750 3468 2869 3533 fuit,
2894 3467 3016 3537 quia
3044 3467 3160 3524 sine
3176 3469 3319 3524 virili
3340 3470 3544 3524 semine

1956 3569 2113 3615 natus
2135 3568 2238 3627 est,
2256 3561 2393 3615 sicut
2419 3575 2521 3615 nec
2540 3558 2707 3630 ipsius
2738 3560 2896 3629 primi
2918 3560 3153 3616 hominis
3173 3561 3332 3617 aliter
3358 3570 3540 3617 exorta

1952 3666 2081 3707 earo
2110 3666 2271 3721 quam
2303 3662 2491 3706 nostra
2520 3668 2535 3705 :
2563 3652 2996 3722 quandoquidem
3028 3653 3117 3708 ille
3156 3653 3273 3710 sine
3304 3655 3541 3723 parenti-

1954 3742 2054 3797 bus
2075 3743 2141 3797 de
2168 3754 2306 3796 terra
2337 3751 2551 3797 creatus
2578 3751 2678 3807 est,
2709 3756 2807 3796 nos
2835 3757 2961 3797 vero
2982 3758 3046 3797 ex
3076 3758 3136 3811 pa
3149 3744 3409 3810 rentibus,
3441 3744 3541 3797 ali-

1951 3833 2076 3901 quid
2100 3832 2275 3887 attnlit
2296 3833 2361 3886 ad
2385 3831 2739 3886 differentiam
2763 3831 2972 3896 mortis,
2996 3843 3051 3887 ut
3074 3834 3230 3886 aliter
3247 3834 3336 3887 ille
3358 3847 3540 3888 more-

1949 3932 2119 3989 retur,
2144 3924 2300 3978 aliter
2320 3939 2437 3977 nas.
2463 3923 2610 3978 Sicut
2631 3931 2808 3977 autem
2830 3922 2896 3977 ad
2916 3925 3121 3989 mortis,
3141 3922 3220 3977 sic.
3244 3937 3343 3977 nec
3363 3924 3428 3976 ad
3457 3938 3541 3978 te«

1950 4014 2297 4071 surreetionis
2322 4016 2675 4070 diﬁ'erent'am
2711 4014 2854 4070 valet
2882 4015 3091 4071 diversa
3119 4016 3369 4069 nativitas
3393 4032 3407 4081 ;
3442 4018 3537 4070 sed

1951 4125 2049 4163 nec
2082 4108 2185 4163 hoc
2215 4108 2414 4177 ipsum,
2444 4107 2586 4177 quod
2610 4108 2868 4176 scriptum
2900 4116 2983 4162 est
3004 4107 3070 4162 de
3098 4106 3270 4175 primo
3299 4105 3536 4174 homine,

1949 4199 2193 4254 similiter
2222 4198 2464 4253 infideles
2497 4195 2785 4269 [homines]
2814 4197 2979 4251 nolint
3008 4193 3242 4268 [volunt]
3269 4197 3489 4251 credere
3519 4212 3534 4248 :

1950 4301 2192 4363 quaerant
2218 4293 2303 4347 vel
2335 4291 2763 4347 animadvertant
2790 4290 2834 4345 si
2857 4290 2940 4345 vel
2971 4289 3071 4346 hoc
3100 4299 3348 4359 possunt,
3375 4303 3534 4358 quam

1949 4384 2241 4440 multorum
2265 4382 2575 4438 animalium
2594 4397 2792 4452 genera
2818 4382 2942 4437 sine
2968 4380 3279 4450 parentibus
3302 4396 3366 4435 ex
3394 4388 3534 4433 terra

1951 4487 2325 4547 procreantur,
2356 4492 2473 4546 qua:
2504 4484 2681 4529 tamen
2713 4472 2959 4530 coeundo
2987 4474 3100 4544 89
3128 4471 3339 4542 pariunt
3369 4471 3532 4526 etiam

1950 4569 2062 4637 ipsa
2114 4568 2197 4622 sui
2249 4566 2479 4621 similem
2513 4565 2739 4635 prolem,
2774 4580 2874 4621 nec
2916 4575 3137 4634 propter
3164 4564 3533 4619 diversitatem

1951 4662 2248 4716 nativitatis
2294 4662 2505 4715 intersit
2543 4658 2742 4728 aliquid
2796 4657 2862 4712 ad
2912 4667 3156 4713 naturam
3201 4671 3386 4712 eorum
3418 4672 3537 4725 quae

1954 4762 2230 4822 procreata
2262 4761 2387 4807 sunt
2414 4768 2479 4806 ex
2511 4761 2675 4818 terra,
2708 4760 2764 4807 et
2792 4765 2979 4805 eorum
3012 4764 3130 4819 qua:
3162 4749 3267 4804 illis
3294 4748 3537 4803 coeunti-

1950 4846 2051 4900 bus
2073 4854 2190 4898 orta
2215 4854 2359 4899 sunt.
2385 4843 2644 4898 Similiter
2664 4842 2805 4896 enim
2825 4841 3030 4906 vivunt,
3047 4842 3401 4909 similiterque
3423 4854 3539 4895 mou

1949 4936 2183 5001 riuntur,
2212 4935 2456 5004 quamvis
2489 4933 2820 4988 dissimiliter
2862 4932 2970 4987 nati
3004 4937 3132 4987 sint.
3179 4931 3255 4986 ita
3300 4947 3407 4986 non
3453 4940 3538 4985 est

1948 5026 2241 5080 absurdum
2282 5034 2337 5079 ut
2368 5023 2617 5079 similiter
2648 5033 2931 5093 resurgant
2959 5038 3185 5091 corpora
3229 5037 3347 5091 quae
3376 5019 3536 5074 dissi-

1948 5118 2147 5173 militer
2176 5125 2294 5171 orta
2316 5126 2460 5170 sunt.
2486 5114 2806 5185 Huiusmodi
2837 5126 3016 5171 autem
3043 5115 3286 5170 homines
3310 5127 3415 5168 non
3439 5125 3533 5164 va-

1944 5209 2117 5263 lentes
2140 5206 2337 5263 intueri
2364 5207 2430 5259 ad
2453 5222 2609 5276 quam
2636 5222 2745 5261 rem
2778 5206 2989 5262 intersit
3012 5204 3208 5274 aliquid
3234 5202 3528 5265 diversum,

1942 5310 1999 5356 et
2026 5300 2091 5353 ad
2122 5313 2279 5369 quam
2307 5314 2414 5353 non
2440 5297 2673 5361 intersit,
2700 5297 2789 5352 ubi
2820 5312 2924 5352 non
2948 5295 3273 5350 adverterint
3294 5292 3527 5360 aliquam

1942 5391 2251 5447 distantiam
2285 5388 2720 5460 primordiorutn,
2746 5390 2905 5443 etiam
2936 5386 3115 5441 omnia
3146 5383 3529 5452 consequentia

1940 5484 2141 5539 distare
2186 5491 2439 5552 oportere
2486 5478 2835 5537 contendunt.
2883 5480 3116 5533 Possunt
3164 5476 3296 5529 tales
3337 5484 3527 5544 putare

1941 5575 2120 5631 oleum
2150 5590 2214 5630 ex
2256 5574 2502 5644 adipibus
2532 5588 2635 5627 non
2680 5571 2877 5626 debere
2908 5580 3089 5623 natare
3119 5582 3280 5636 super
3308 5583 3523 5636 aquam,

1941 5665 2080 5720 sicut
2113 5664 2241 5719 illud
2257 5666 2394 5732 quod
2426 5680 2488 5718 ex
2511 5664 2759 5725 olivacst,
2785 5658 3033 5729 quoniam
3059 5659 3308 5725 iunget-st
3329 5657 3526 5710 utrius-
3552 5676 3570 5737 ες

1940 5772 2045 5824 que
2075 5758 2224 5823 origo
2271 5756 2569 5819 diSsimilis,
2600 5752 2813 5822 quando
2860 5752 2986 5805 illud
3020 5767 3083 5806 ex
3133 5752 3297 5820 ligno,
3330 5750 3430 5805 hoc
3459 5766 3523 5802 ex

1938 5864 2099 5903 carne
2149 5847 2479 5916 profluxerit.
2513 5846 2779 5911 Quinum
2829 5853 3005 5899 autem
3053 5844 3245 5899 attinet
3278 5842 3341 5897 ad
3375 5844 3519 5897 illam
