4020 6190
460 432 586 487 1οη

454 650 614 709 atque
653 634 955 706 putredine.
1006 630 1092 685 die
1135 626 1291 681 tertio
1340 621 1658 683 resurrexit.
1688 629 1866 673 nostra
1903 630 2035 670 vero

456 742 573 794 post
602 731 814 797 longum
850 735 1076 793 tempus,
1110 736 1173 775 ex
1201 718 1427 788 quadam
1460 730 1560 785 qua
1590 714 1676 785 [ex
1707 713 1835 782 quo]
1863 711 2035 764 soluta

458 822 804 878 discesserint
853 814 1187 875 confusione,
1222 810 1633 881 reparabuutur,
1670 808 1917 859 humanm
1961 804 2035 856 fa-

458 912 638 966 tuitati
670 919 955 977 utrumque
1002 904 1333 973 impossibile
1362 910 1464 965 est,
1496 899 1690 953 divina:
1732 905 1908 950 autem
1942 910 2037 965 pa-

461 1003 638 1058 testati
679 1010 967 1068 utrumque
1012 997 1339 1051 facillimum.
1376 992 1447 1048 Ut
1496 990 1640 1045 enim
1676 988 1855 1043 radius
1895 986 2038 1039 oculi

460 1093 629 1147 nostri
676 1107 780 1145 non
808 1091 966 1145 citius
1010 1087 1251 1157 pervenit
1298 1084 1363 1139 ad
1394 1081 1799 1153 propinquiora,
1832 1077 2039 1132 tardius

458 1185 524 1239 ad
568 1183 940 1250 longinquiora
973 1180 1062 1252 [ad
1110 1176 1486 1247 propinquiora
1519 1188 1678 1242 quam
1733 1172 1797 1225 ad
1831 1172 2039 1239 long'n-

459 1273 690 1345 quioral,
718 1274 811 1328 sed
842 1283 1065 1340 utraque
1096 1267 1375 1323 intervalla
1407 1266 1559 1334 parili
1589 1263 1865 1317 celeritate
1903 1276 2035 1314 con-

462 1368 696 1436 tingunt;
728 1366 816 1426 ita.
833 1379 952 1418 cum
976 1363 1027 1415 in
1051 1364 1156 1415 ictu
1178 1359 1339 1418 oculi.
1356 1359 1494 1411 sicut
1514 1356 1794 1425 Apostolus
1816 1354 1966 1417 dicit,
1986 1352 2041 1406 fit

462 1452 783 1507 resurrectio
811 1459 1143 1503 mortuorum
1182 1442 1565 1511 omnipotentis
1590 1441 1679 1496 Dei
1708 1449 1761 1494 et
1786 1438 2040 1493 inetfabili

464 1553 619 1606 nutu,
650 1545 717 1596 ita
761 1551 867 1595 tam
902 1541 1054 1595 facile
1082 1548 1164 1594 est
1192 1552 1417 1605 qut-que
1451 1534 1708 1590 recentia.
1740 1546 1898 1600 quam
1926 1530 2043 1584 ditt-

465 1645 875 1705 tnrnotempore
898 1633 1100 1701 dilapsa
1114 1630 1377 1685 cadavera
1403 1628 1682 1682 suscitare.
1710 1623 2041 1679 Incredibilia

464 1740 589 1784 sunt
631 1728 744 1782 hate
789 1725 1130 1795 quihusdam,
1181 1722 1302 1790 quia
1351 1720 1652 1787 inexperta,
1696 1731 1819 1771 cum
1865 1712 2042 1769 omnis

465 1830 653 1873 natura
680 1830 883 1882 rerum,
918 1825 1023 1869 tam
1052 1813 1117 1869 sit
1164 1811 1317 1881 plena
1351 1808 1642 1871 miraculis,
1674 1816 1731 1860 ut
1761 1820 1867 1859 non
1893 1803 2043 1871 quasi

468 1902 607 1965 facili
636 1908 1083 1978 pervestigatione
1111 1902 1355 1964 rationis,
1389 1899 1482 1955 sed
1513 1898 1728 1952 videndi
1755 1906 2043 1954 consuetu—

466 2004 593 2055 dine
621 2000 750 2053 mira
782 2013 886 2051 non
930 1997 1058 2058 sint,
1090 2008 1207 2063 qtue
1231 1991 1299 2046 ob
1330 1990 1431 2044 hoc
1463 2002 1561 2043 nec
1589 1988 2041 2052 consideratione,

468 2106 567 2147 nec
597 2087 941 2157 inquisitione
968 2084 1121 2153 digna
1155 2082 1415 2135 videntur.
1442 2076 1572 2132 Nam
1601 2090 1721 2147 ego,
1752 2084 1808 2131 et
1835 2089 2044 2131 mecum

469 2180 767 2249 quicunque
806 2172 1091 2231 invisibilia
1124 2172 1238 2234 Dei,
1272 2186 1367 2241 per
1394 2184 1456 2225 ea
1486 2185 1603 2238 qua:
1635 2168 1769 2222 facta
1799 2174 1923 2221 sunt
1955 2166 2048 2220 in-

471 2269 703 2333 tellecta,
728 2264 1062 2334 conspiciunt
1106 2262 1430 2335 [intelligere
1460 2255 1789 2326 moliuntur],
1819 2263 1910 2309 aut
1938 2270 2045 2310 non

471 2362 644 2415 minus
687 2368 780 2413 aut
828 2356 1062 2424 amplius
1103 2354 1451 2418 admiramur,
1479 2350 1531 2403 in
1562 2363 1669 2403 uno
1690 2347 1914 2402 seminis
1935 2355 2047 2401 tam

470 2449 691 2517 parvulo
718 2460 909 2517 grano,
936 2444 1115 2499 omnia
1144 2457 1264 2513 qua:
1292 2440 1569 2495 laudamus
1597 2438 1648 2492 in
1698 2438 1913 2503 arbore,
1933 2446 2051 2491 tan-

470 2552 629 2608 quam
645 2535 823 2591 liciata
840 2535 1077 2599 latuisse,
1094 2546 1252 2602 quam
1275 2529 1456 2584 mundi
1480 2527 1635 2598 hujus
1656 2538 1759 2581 tam
1780 2528 2048 2596 ingentem

470 2632 665 2695 sinum,
693 2643 813 2697 quae
844 2627 911 2681 de
941 2624 1262 2695 corporibus
1290 2622 1536 2676 humanis
1585 2620 1710 2674 du'n
1740 2618 2052 2673 dilabuntur

474 2722 729 2783 absumit,
757 2719 1136 2775 resurrectioni
1161 2718 1353 2775 futurae
1374 2723 1479 2769 tota
1503 2724 1554 2769 et
1586 2715 1789 2781 integra
1812 2710 2053 2767 redditu-

480 2829 616 2868 rum.
665 2813 946 2881 Quomodo
990 2820 1168 2867 autem
1205 2809 1528 2865 contrarium
1560 2816 1642 2862 est
1685 2814 1741 2860 et
1783 2805 2051 2861 Christum

473 2914 594 2975 post
615 2905 1062 2961 resurrectionem
1085 2903 1340 2965 cibatum,
1359 2911 1411 2956 et
1439 2901 1491 2955 in
1522 2899 1915 2955 resurrectione
1934 2914 2053 2972 qua:

477 2996 804 3067 promittitur
832 2994 1073 3049 ciborum
1110 2992 1453 3063 indigentiam
1487 3006 1593 3045 non
1637 2990 1889 3055 futuram,
1930 3005 2051 3044 cum

475 3099 527 3143 ct
557 3086 777 3156 angelos
824 3085 1060 3155 legamus
1091 3082 1355 3151 ejusmodi
1386 3096 1538 3136 escas
1568 3080 1865 3149 eodemque
1894 3080 2054 3135 modo

475 3179 790 3247 sumpsisse,
817 3194 921 3231 non
954 3178 1079 3232 ficto
1100 3176 1493 3246 phantasmate,
1508 3173 1601 3229 sed
1623 3174 2053 3230 manifestissima

1530 414 1590 468 D.
1632 406 1949 467 EUGYl‘Pll
1988 401 2273 461 ABBATIS
2311 396 2628 455 AFRICANI

454 546 809 605 differentiam
832 541 971 611 quod
999 536 1198 594 Christi
1226 546 1419 601 corpus
1444 545 1551 584 non
1572 528 1888 584 dissolutum
1911 524 2033 579 tabe
2065 522 2111 581 A

3590 383 3715 438 lOiS

2637 508 2861 565 CAPUT
2904 506 3221 563 CCCXXVI.

2140 606 2266 659 Cum
2307 607 2514 674 spiritus
2542 602 3040 674 immunduscxierit
3053 602 3131 674 ab
3161 598 3387 674 homine,
3419 604 3517 648 εις.
3550 592 3633 647 Ea:
3662 596 3719 645 li-

2351 677 2437 728 bro
2465 676 2629 745 primo
2666 672 3015 739 Quaestionum
3044 668 3327 737 Evangelii.

2210 768 2342 821 Cum
2372 767 2587 835 spiritus
2620 762 2927 819 immundus
2960 760 3152 817 exierit
3181 759 3247 813 ab
3278 756 3517 819 homine,
3545 764 3597 807 et
3618 768 3721 806 ca!-

2143 870 2277 928 tera,
2296 854 2831 928 significatquosdam
2862 853 2933 907 ita
2960 851 3277 914 credituros,
3303 857 3361 901 ut
3386 861 3493 899 non
3523 844 3725 913 possint

2143 950 2279 1006 ferre
2303 950 2514 1003 labores
2530 942 3046 1009 continentim,etad
3065 941 3317 996 smculum
3346 935 3568 992 redituri
3596 934 3722 987 sint.

2141 1043 2293 1109 Quod
2313 1042 2510 1096 dictum
2539 1048 2622 1095 est
2650 1055 2666 1094 :
2694 1036 2930 1091 Assumit
2951 1050 3130 1090 secum
3153 1034 3287 1088 alios
3302 1039 3533 1099 septem,
3562 1026 3725 1081 intel-

2141 1133 2325 1203 ligitur
2353 1132 2479 1201 quia
2508 1144 2628 1185 cum
2662 1127 2782 1196 quis
2809 1125 3065 1180 ceciderit
3108 1123 3175 1177 de
3216 1122 3440 1191 justitia,
3467 1118 3625 1171 etiam
3655 1116 3729 1169 si-

2144 1223 2486 1278 mulationem
2520 1219 2759 1274 habebit.
2793 1216 3068 1285 Cupiditas
3097 1215 3240 1268 enim
3284 1210 3465 1265 carnis
3507 1208 3726 1275 expulsa

2146 1331 2239 1384 per
2268 1312 2634 1383 pmnitentiatn
2663 1325 2694 1363 a
2723 1306 2994 1363 consuetis
3027 1302 3303 1373 Operibus,
3334 1315 3457 1355 cum
3505 1313 3609 1352 non
3643 1299 3728 1349 in-

2144 1405 2351 1459 venerit
2380 1404 2431 1457 in
2463 1403 2655 1472 quibus
2702 1396 3143 1453 delectationibus
3174 1392 3495 1461 requiescat,
3524 1388 3730 1441 avidius

2144 1495 2319 1551 reddit
2341 1493 2542 1565 [redit],
2576 1500 2629 1546 et
2660 1504 2849 1545 rursus
2879 1487 3110 1541 hominis
3140 1494 3371 1540 mentem
3403 1489 3648 1551 occupat.
3683 1482 3729 1535 si

2145 1586 2419 1655 compulsa
2463 1594 2627 1649 esset,
2672 1580 2992 1652 negligentia
3036 1578 3101 1651 [si
3147 1592 3268 1632 cum
3299 1574 3522 1643 expulsa
3566 1583 3729 1633 esset,

2148 1679 2359 1747 iustitia:
2387 1672 2735 1747 negligentia]
2760 1673 3046 1727 subsecuta
3076 1677 3177 1731 est,
3205 1677 3259 1721 ut
3288 1680 3392 1719 non
3426 1662 3729 1719 introduce-

2147 1780 2294 1827 retur
2324 1778 2571 1838 tanquam
2602 1765 2869 1819 babitator
2898 1760 3164 1816 mundata:
3192 1757 3374 1813 domui
3412 1769 3597 1811 sermo
3640 1753 3729 1807 Dei

2069 1895 2118 1956 Β
2148 1876 2243 1930 ρει·
2268 1874 2452 1915 sanam
2496 1858 2813 1912 doctrinam.
2841 1854 2906 1907 Et
2933 1851 3182 1921 quoniam
3231 1865 3335 1901 nun
3366 1847 3539 1902 solum
3569 1843 3730 1897 habe~

2148 1952 2158 1956 _
2183 1950 2195 1956 -
2249 1950 2296 1956 -..
2630 1948 2641 1956 .
2674 1948 2684 1956 .
2995 1952 3005 1956 _
3162 1941 3175 1952 ο
3213 1950 3224 1956 -
3272 1940 3326 1956 ,οι
3368 1954 3407 1956 ,_
3442 1934 3702 1956 __2_?.-_-I:

2144 1950 2224 2006 bit
2249 1950 2335 2005 illa
2361 1958 2566 2018 septem
2591 1948 2718 2001 vitia
2743 1959 2862 2016 qua:
2894 1952 3098 2012 septem
3127 1940 3413 1995 virtutibus
3440 1934 3730 2005 spirituali-

2144 2042 2244 2097 bus
2273 2049 2397 2096 sunt
2417 2042 2709 2105 contraria,
2734 2037 2826 2092 sed
2848 2037 3010 2091 etiam
3037 2049 3128 2103 per
3156 2029 3481 2104 ltypocrisim
3508 2042 3566 2081 se
3589 2026 3730 2095 ipsas

2145 2132 2369 2186 virtutes
2393 2130 2588 2186 habere
2610 2129 2899 2195 simulabit,
2927 2133 3211 2196 propterea
3234 2120 3523 2189 assumptis
3543 2132 3729 2172 secum

2148 2225 2266 2279 aliis
2305 2232 2511 2293 septem
2544 2220 2907 2293 nequior-ibus,
2938 2219 3039 2274 hoc
3071 2226 3155 2273 est
3185 2218 3299 2286 ipsa
3330 2211 3633 2282 septenaria
3660 2209 3731 2263 si-

2149 2314 2462 2381 mulatione,
2482 2314 2619 2368 redit
2644 2313 2730 2366 illa
2750 2308 3205 2379 concupiscentia,
3230 2317 3284 2360 nt
3310 2306 3419 2359 sint
3439 2301 3727 2358 novissima

2151 2407 2381 2463 hominis
2412 2407 2552 2461 illius
2584 2405 2765 2475 pejora
2790 2417 2947 2474 quam
2975 2408 3127 2456 erant
3157 2400 3347 2469 prima.

2642 2535 2868 2592 CAPUT
2896 2531 3236 2589 CCCXXV".

2154 2637 2230 2691 De
2252 2636 2534 2707 sumptibus
2558 2634 2625 2707 ad
2647 2644 2839 2707 turrem.
2850 2630 3342 2707 mdiﬁtza‘ndarnifx
3363 2626 3491 2678 libro
3512 2638 3547 2676 ll
3579 2624 3736 2689 Quit-

2543 2706 2765 2758 slt'onum
2795 2696 3083 2770 Evangelii,
3114 2700 3192 2751 tit.
3216 2696 3307 2750 2|.

2225 2820 2479 2887 Sumptus
2501 2818 2566 2871 ad
2598 2828 2798 2872 turrem
2824 2813 3215 2878 :cditicandam,
3241 2811 3381 2865 vires
3403 2808 3468 2863 ad
3491 2807 3730 2875 discipu-

2156 2913 2318 2967 latum
2340 2911 2535 2965 Christi
2562 2908 2909 2963 obtinendum
2932 2924 2943 2959 :
2976 2914 3031 2960 et
3051 2904 3237 2959 decem
3259 2901 3425 2955 millia
3450 2898 3738 2968 pra-liaturi

2155 3017 2275 3057 cum
2299 3017 2423 3071 rege
2451 3001 2538 3069 qui
2562 3000 2721 3054 habet
2749 2997 2932 3067 viginti
2957 2996 3147 3058 millia,
3171 2991 3564 3063 simplicitatem
3583 2988 3740 3043 Chri-

2156 3094 2227 3148 sti
2270 3092 2574 3148 dimicaturi
2601 3098 2720 3147 cum
2750 3089 3065 3158 duplicitate
3093 3076 3315 3147 diaboli,
3347 3084 3450 3138 hoc
3476 3091 3581 3149 est,
3615 3096 3738 3135 cum

2159 3186 2300 3241 dolis
2323 3194 2376 3239 et
2399 3183 2617 3239 fallaciis
2644 3182 2759 3251 ejus
2788 3182 2840 3236 in
2870 3180 3064 3236 alfectu
3086 3177 3363 3234 constituit
3383 3172 3741 3230 renuntiantis

478 3273 736 3336 veritate;
765 3286 864 3326 nec
886 3283 1062 3325 tamen
1094 3274 1433 3333 necessitate,
1456 3268 1549 3324 sed
1576 3277 1858 3332 putestate.
1887 3269 2056 3323 Aliter
2079 3280 2127 3345 α
2158 3276 2410 3331 omnibus
2446 3288 2564 3343 qua:
2604 3282 2726 3327 sunt
2754 3271 2893 3341 ejus,
2942 3270 3013 3325 Ita
3045 3270 3187 3324 enim
3218 3277 3344 3322 tunc
3369 3265 3566 3320 claudit
3595 3263 3742 3334 [con-

477 3364 622 3417 cnim
643 3364 897 3418 absorbet
924 3377 1115 3432 aquam
1149 3372 1285 3417 terra
1314 3361 1695 3426 sitiens,aliter
1724 3362 1856 3415 solis
1878 3361 2057 3415 radius

478 3453 715 3508 candens
748 3471 760 3505 :
791 3454 876 3506 illa
915 3453 1227 3523 indigentia,
1271 3453 1372 3507 iste
1401 3453 1653 3521 potentia.
1692 3452 1903 3507 Futura:
1930 3467 2059 3522 ergo

483 3541 895 3595 resurrectionis
923 3554 1117 3610 corpus
1171 3542 1496 3611 imperfectae
1546 3542 1813 3597 felicitatis
1846 3544 1969 3611 erit,
2014 3544 2059 3599 si

480 3630 630 3685 cibos
659 3646 873 3687 sumere
906 3649 1011 3686 non
1040 3633 1299 3701 potuerit;
1340 3632 1667 3701 imperfectas
1697 3632 1985 3698 felicitatis,
2016 3636 2059 3688 si

483 3724 621 3778 cibis
650 3725 892 3794 eguerit?
924 3724 1070 3781 Sciat
1099 3740 1229 3780 sane
1257 3726 1346 3796 qui
1380 3725 1475 3779 has
1508 3726 1785 3794 proposuit
1810 3727 2062 3794 quaestio-

482 3832 599 3882 nes,
628 3816 901 3873 Christum
951 3827 1071 3885 post
1119 3819 1569 3873 resurrectionem
1616 3817 1915 3884 cicatrices,
1956 3831 2059 3870 non

481 3911 703 3964 vulnera
757 3909 1160 3965 demonstrasse
1215 3907 1624 3972 dubitantibus;
1672 3916 1889 3975 propter
1930 3920 2065 3974 quos

483 4001 647 4055 etiam
677 4000 854 4055 cibum
879 4016 943 4056 ac
974 4010 1154 4070 potum
1184 4015 1395 4055 sumere
1422 4000 1612 4061 voluit,
1636 4013 1739 4052 non
1763 3998 1949 4061 semel,
1971 3998 2065 4052 sed

484 4095 681 4160 stepius
716 4111 729 4148 :
761 4107 829 4147 ne
861 4092 992 4147 illud
1025 4108 1128 4147 non
1160 4106 1376 4158 corpus,
1410 4092 1501 4145 sed
1534 4089 1777 4159 spiritum
1813 4103 1933 4143 esse
1980 4104 2067 4142 ar-

485 4185 835 4252 bitrarentur,
861 4195 914 4239 et
936 4183 1035 4238 sibi
1067 4199 1171 4237 non
1203 4183 1394 4246 solide,
1418 4182 1509 4235 sed
1536 4179 1949 4249 imaginabiliter
1977 4195 2069 4248 ap-

489 4285 725 4345 pareret.
758 4276 906 4330 Tune
933 4283 1112 4329 autem
1143 4275 1246 4328 illa:
1279 4274 1423 4327 falsae
1453 4272 1731 4327 cicatrices
1758 4270 2001 4338 fuissent,
2023 4272 2067 4326 si

486 4370 630 4422 nulla
646 4367 862 4422 vulnera
883 4370 1313 4437 praecessissent;
1338 4374 1391 4420 et
1414 4375 1588 4419 tamen
1604 4378 1702 4418 nec
1721 4362 1731 4416 i
1742 4378 1849 4433 psa:
1866 4371 2064 4427 essent,

492 4464 535 4515 si
562 4476 654 4517 eas
683 4476 805 4516 esse
828 4460 1108 4515 noluisset.
1135 4459 1314 4514 Voluit
1338 4468 1516 4511 autem
1540 4466 1699 4512 certae
1716 4456 2070 4524 dispensatio-

488 4553 570 4605 nis
598 4554 766 4621 gratia
797 4561 855 4606 ut
879 4551 1146 4621 eis,quos
1190 4549 1491 4603 aedificabat
1537 4548 1588 4601 in
1641 4548 1743 4601 fide
1788 4562 1889 4600 non
1924 4546 2064 4613 (icta,

2162 3362 2350 3437 cludit]
2379 3379 2392 3415 :
2422 3364 2509 3419 Sic
2538 3377 2664 3429 ergo
2687 3361 2863 3416 omnis
2892 3375 2957 3415 ett
2996 3360 3149 3414 vobis
3182 3357 3276 3427 qui
3323 3370 3432 3411 non
3458 3369 3643 3409 rrenun
3670 3353 3743 3405 iat

2170 3457 2431 3512 omnibus
2456 3471 2574 3524 qua:
2606 3462 2731 3510 sunt
2758 3453 2897 3523 ejus,
2928 3467 3034 3507 non
3060 3459 3237 3522 potest
3265 3462 3420 3504 meus
3442 3462 3560 3503 esse
3584 3446 3743 3500 disci-

2164 3548 2343 3619 pulus.
2374 3547 2517 3602 inter
2544 3562 2663 3616 qua:
2698 3546 2903 3610 omnia,
2932 3544 3093 3599 etiam
3139 3543 3252 3613 ipsa
3298 3538 3608 3610 temporalis
3636 3537 3741 3591 vita

2167 3639 2491 3708 intelligatur
2514 3651 2736 3693 necesse
2775 3647 2877 3701 cst,
2911 3650 3068 3705 quam
3098 3640 3313 3703 oportet
3350 3632 3431 3686 sic
3467 3628 3742 3701 possidere

2167 3733 2232 3787 ad
2265 3742 2494 3801 tempus,
2526 3740 2585 3785 ut
2606 3746 2711 3784 non
2760 3740 2813 3785 te
2844 3728 3095 3797 impediat
3140 3727 3208 3781 ab
3233 3734 3459 3789 :eterna,
3496 3724 3587 3794 qui
3627 3738 3743 3777 eam

2169 3824 2328 3879 fuerit
2354 3824 2583 3878 minatus
2603 3822 2835 3876 auferre.
2859 3822 3006 3876 Sicut
3032 3829 3210 3875 autem
3239 3820 3307 3874 de
3335 3828 3482 3874 turre
3505 3833 3609 3872 non
3639 3832 3745 3886 pcr-

2172 3915 2307 3969 fecta
2338 3930 2432 3983 per
2462 3913 2806 3983 opprobrium
2839 3911 3101 3966 deterruit
3137 3909 3465 3973 dicentium,
3495 3910 3631 3974 Quia
3663 3907 3746 3961 hic

2172 4006 2332 4061 homo
2356 4006 2517 4074 cmpit
2562 4004 2846 4066 aediﬁcare,
2878 4013 2934 4057 et
2989 4016 3093 4057 non
3126 4002 3298 4071 potuit
3332 4012 3748 4061 consummare;

2172 4098 2250 4152 sic
2295 4098 2346 4151 in
2395 4112 2518 4167 rege
2555 4111 2675 4150 cum
2716 4108 2823 4164 quo
2848 4092 3209 4147 dimicandum
3237 4102 3343 4157 est,
3372 4091 3542 4159 ipsam
3568 4103 3749 4157 pacem

2172 4186 2443 4243 accusavit
2468 4201 2588 4242 cum
2619 4186 2693 4240 ait
2726 4204 2738 4238 :
2770 4185 2957 4239 Adhuc
2988 4184 3079 4239 illo
3106 4184 3263 4253 longe
3293 4189 3505 4252 agente,
3539 4177 3750 4249 legatio-

2172 4293 2296 4333 nent
2341 4278 2556 4332 mittens
2588 4285 2737 4345 rogat
2774 4291 2836 4330 ea
2882 4291 3000 4346 qua:
3050 4275 3195 4344 pacis
3241 4283 3407 4338 sunt;
3448 4270 3754 4342 signiﬁcans

2174 4369 2333 4424 etiam
2363 4370 2533 4422 minas
2559 4366 2951 4423 imminentium
2975 4382 3004 4419 a
3022 4365 3240 4421 diabolo
3254 4364 3632 4428 tentationum,
3647 4378 3755 4416 non

2175 4460 2442 4517 sustinere
2492 4458 2775 4523 homines,
2831 4459 2919 4526 qui
2973 4472 3079 4511 non
3129 4456 3443 4511 renuntiant
3506 4452 3757 4507 omnibus

2176 4564 2294 4619 qum
2313 4548 2612 4618 possident;
2643 4559 2694 4603 et
2720 4562 2903 4618 pacem
2926 4562 3048 4602 cum
3071 4562 3138 4601 eo
3156 4546 3353 4609 facere,
3372 4542 3758 4599 consentiendo

488 4655 594 4694 non
626 4640 767 4695 aliud
791 4657 886 4709 pro
913 4640 1040 4705 alii,
1066 4639 1159 4695 sed
1194 4638 1295 4692 hoc
1322 4638 1460 4705 quod
1482 4638 1797 4691 cruciﬁxum
1825 4635 2069 4690 viderant
2103 4650 2152 4709 υ
2178 4641 2335 4695 illiad
2356 4639 2733 4697 committenda
2754 4646 2993 4709 peccata.
3010 4636 3235 4691 Turrem
3251 4636 3447 4703 quippe
3465 4632 3759 4696 aedificare.

491 4733 850 4789 resurrexisse
878 4733 1293 4788 demonstraret.
1323 4730 1459 4797 Quid
1491 4738 1573 4785 est
1608 4745 1736 4799 ergo
1761 4729 1902 4798 quod
1936 4728 2068 4783 dici-

492 4833 595 4889 tur,
624 4824 679 4880 Si
713 4835 931 4895 propter
976 4825 1307 4880 incredutum
1349 4823 1493 4890 fecit,
1522 4821 1720 4876 tinxit?
1749 4820 1913 4888 Quasi
1943 4836 2071 4875 vero

491 4918 717 4986 quisque
741 4918 807 4991 [si
830 4918 949 4986 quis
972 4915 1073 4987 vir]
1095 4918 1268 4983 fortis,
1289 4931 1384 4985 pro
1409 4915 1577 4985 patria
1597 4914 1877 4979 dimicans,
1905 4912 2071 4967 multa

491 5007 714 5062 adversa
745 5007 961 5061 vulnera
989 5008 1279 5078 exciperet,
1302 5017 1355 5063 et
1384 5007 1707 5077 peritissimo
1730 5005 1955 5069 medico,
1981 5004 2071 5073 qui

494 5112 607 5166 hinc
627 5125 815 5166 curare
843 5110 914 5164 ita
930 5110 1153 5176 valeret,
1172 5120 1226 5163 ut
1251 5110 1528 5164 cicatrices
1550 5107 1710 5162 nulla:
1731 5116 2071 5179 apparerent,

493 5213 607 5282 ipse
626 5215 802 5282 potius
824 5210 1049 5276 diceret,
1068 5210 1146 5264 sic
1169 5224 1226 5263 se
1242 5209 1378 5264 velle
1400 5208 1601 5273 sanari,
1629 5216 1686 5262 ut
1707 5207 1873 5279 magis
1895 5217 2077 5262 essent

494 5308 545 5360 itt
577 5321 804 5376 corpore
825 5319 922 5360 suo
950 5303 1167 5371 vestigia
1199 5301 1500 5365 vulnerum,
1521 5314 1770 5370 tanquam
1802 5301 1945 5355 tituli‘
1965 5302 2078 5368 glo-

495 5401 717 5464 riarum,
741 5397 860 5451 ideo
885 5396 971 5449 ille
995 5394 1230 5448 medicus
1250 5391 1528 5447 cicatrices
1545 5391 1765 5447 tinxisse
1786 5390 2075 5455 diceretur,

494 5493 715 5559 quicum
736 5505 829 5559 per
851 5499 1019 5542 artem
1037 5484 1252 5542 efficere
1275 5482 1501 5553 potuerit
1521 5492 1577 5537 ut
1595 5499 1697 5536 non
1713 5490 1913 5547 essent,
1932 5489 2078 5535 certa

498 5583 762 5636 existente
789 5596 949 5635 causa
968 5594 1063 5648 per
1087 5589 1256 5632 artem
1278 5575 1445 5631 efficit
1462 5576 1639 5645 potius
1660 5584 1715 5629 ut
1743 5583 2077 5640 essent,qua:

500 5688 605 5727 uno
633 5675 747 5727 solo
778 5673 955 5739 modo,
989 5673 1126 5727 sicut
1158 5671 1404 5741 superius
1437 5670 1567 5737 dixi,
1601 5670 1745 5725 falsa:
1785 5669 2073 5725 convince-

502 5771 708 5829 rentur,
732 5763 775 5816 si
804 5763 946 5816 nulla
973 5763 1191 5818 vulnera
1219 5772 1555 5819 sanarentur.

2174 4744 2357 4788 contra
2388 4747 2565 4802 regem
2588 4732 2740 4786 illum
2766 4731 3044 4795 dimicare,
3068 4741 3189 4782 esse
3210 4725 3532 4794 discipulum
3554 4724 3759 4779 Christi

2174 4836 2285 4893 est;
2319 4826 2523 4881 habere
2545 4834 2722 4879 autem
2752 4832 2998 4891 sumptus
3026 4820 3092 4875 ad
3120 4817 3496 4889 perﬁciendam
3527 4826 3755 4883 turrem,

2175 4926 2231 4972 et
2260 4916 2460 4970 habere
2493 4912 2648 4969 fortia
2694 4912 2881 4968 decem
2921 4910 3083 4965 millia
3115 4918 3301 4964 contra
3349 4908 3536 4978 viginti
3586 4906 3753 4963 millia

2177 5008 2338 5076 regis,
2370 5005 2672 5061 renuntiare
2696 5012 2779 5058 est
2808 5001 3056 5056 omnibus
3081 5015 3200 5069 qua:
3226 5008 3352 5053 sunt
3380 4998 3518 5068 ejus.

2660 5137 2888 5199 CAPUT
2913 5133 3276 5192 CCCXXVIII.

2185 5259 2297 5324 Qua
2318 5258 2648 5318 dispositione
2671 5250 3446 5325 [dispensationelprovidentur
3471 5248 3562 5302 Dei
3580 5248 3753 5325 Scrip-

2252 5341 2381 5383 tura:
2412 5328 2602 5379 Veteris
2632 5318 2937 5378 Tiasta'nt‘enti
2964 5339 3027 5375 ea:
3060 5318 3272 5375 Hebrive
3306 5321 3357 5372 in
3387 5318 3625 5373 ercunt
3654 5319 3759 5370 elu-

2250 5400 2421 5469 qnium
2446 5396 2706 5449 translata:
2728 5397 2855 5469 sint,
2876 5394 3202 5469 tit-universis“
3217 5392 3449 5469 gentibus
3476 5391 3759 5443 inuoluatb

2253 5460 2394 5533 rent;
2425 5484 2489 5521 ως
2510 5469 2639 5521 libro
2658 5481 2788 5520 xvttt
2821 5466 2885 5518 de
2911 5464 3123 5517 Ctuitate
3160 5460 3279 5516 Dei.

2253 5604 2447 5657 Sacras
2497 5602 2703 5655 litteras
2733 5600 2893 5653 etiam
2945 5613 3085 5651 unus
3106 5580 3544 5649 'Ptolommorum
3578 5606 3763 5659 regum

2184 5695 2398 5764 IEgypti
2428 5706 2587 5746 nosse
2618 5690 2819 5745 studuit
2846 5700 2897 5743 et
2925 5687 3148 5751 habere;
3180 5701 3300 5739 nam
3333 5692 3453 5753 post
3477 5682 3767 5735 Alexandri

2186 5784 2508 5845 Macedonis,
2542 5782 2632 5851 qui
2661 5782 2821 5835 etiam
2850 5779 3069 5845 Magnus
3100 5774 3504 5844 cognominatus
3536 5781 3638 5835 cst,
3664 5772 3768 5823 mi-

2188 5876 2629 5931 rilicentiSsintaut
2656 5873 2979 5941 tuiuitttequc
2999 5868 3304 5923 diuturnam
3327 5862 3643 5933 potentiam,
3661 5876 3767 5928 qua
