4074 6186
472 392 612 447 ΝΜΟ

1628 395 2061 453 ΤΙΙΕΒΑυΙῖυΞ.
2100 393 2253 449 CAP.
2293 393 2616 449 CCCXXIX.

3598 399 3734 456 1053

470 512 775 566 universam
799 509 1001 577 Asiam,
1023 509 1133 565 imo
1150 525 1284 581 pene
1304 519 1469 565 totum
1488 514 1693 579 orbem,
1721 513 1830 583 90
1852 512 2041 580 partim
2074 514 2117 570 Α
2150 511 2271 579 quia
2311 512 2408 565 etsi
2441 527 2545 565 non
2588 514 2639 565 in
2683 510 2761 566 eis
2802 525 2940 565 unus
2979 511 3313 581 apparuisset
3340 511 3587 580 Sp'ritus,
3619 516 3734 569 sine

469 602 522 655 vi
568 610 624 655 et
661 601 844 665 armis,
879 602 1305 669 partimterrore
1335 603 1635 672 Subegerat,
1671 602 1883 671 quando
1914 602 2054 656 inter

469 702 663 747 caetera
686 692 919 746 Orientis
945 693 1104 747 etiam
1135 693 1371 747 Judaeum
1401 691 1958 763 ingrcssus’obtinuit;
1990 708 2055 746 eo

471 796 685 840 mortuo
709 786 934 840 comites
957 786 1094 853 ejus,
1115 802 1234 842 cum
1265 803 1485 857 regnttm
1517 787 1641 841 illud
1666 787 2054 857 amplissimum

472 893 579 931 non
604 877 820 943 pacitice
844 877 980 931 inter
1003 891 1062 930 se
1086 878 1381 947 possessuri
1404 877 1739 945 divisissent,
1765 877 1856 930 sed
1884 876 2058 945 potius

470 965 849 1033 dissipassent,
877 966 1030 1019 bellis
1052 968 1229 1020 omnia
1262 975 1485 1020 vastatut
1502 965 1537 1031 i,
1561 967 1879 1021 Ptolommos
1904 981 2058 1036 reges

472 1058 636 1126 erepit
668 1058 868 1112 habere
904 1058 1192 1130 (Egyptus;
1224 1076 1449 1128 quorum
1484 1062 1703 1129 primus,
1739 1061 1864 1129 Lagi
1898 1063 2055 1126 (ilius,

474 1153 671 1205 multos
702 1167 767 1209 ex
808 1153 993 1208 Juda‘a
1040 1156 1278 1222 captivos
1326 1157 1377 1209 in
1431 1156 1717 1227 Egyptum
1772 1157 2057 1211 transtulit.

473 1241 611 1297 Huic
639 1254 817 1299 autem
850 1245 1144 1301 succedens
1175 1248 1310 1302 alius
1345 1249 1688 1315 Ptolomazus,
1722 1250 1811 1319 qui
1839 1258 1921 1303 est
1968 1264 2061 1318 ap-

478 1334 703 1402 pellatus
754 1335 1160 1402 Philadelphus,
1206 1355 1393 1394 omnes
1439 1355 1577 1409 quos
1629 1340 1720 1394 ille
1763 1340 2061 1394 adduxerat

476 1426 752 1494 sobigatos
782 1425 1156 1499 lsubjugatos],
1192 1429 1387 1484 liberos
1416 1431 1592 1487 redire
1619 1431 1883 1500 permisit;
1916 1432 2062 1485 insu-

477 1530 575 1583 per
595 1523 647 1570 et
670 1516 806 1569 dona
838 1518 980 1586 regia
1007 1516 1059 1572 in
1085 1520 1341 1589 templunt
1371 1522 1463 1576 Dei
1490 1524 1653 1591 misit,
1680 1524 1974 1592 petivitque
1995 1524 2062 1578 ab

478 1613 734 1667 Eleazaro
777 1622 901 1667 tunc
947 1616 1197 1682 pontiﬁce
1241 1617 1354 1671 dari
1400 1618 1504 1672 sibi
1549 1619 1883 1687 Scripturas,
1931 1633 2062 1687 quas

480 1703 723 1769 profecto
755 1704 1016 1769 audierat,
1053 1708 1189 1761 fama
1223 1708 1568 1778 praedicante,
1600 1710 1825 1775 divinas,
1856 1720 1907 1763 et
1939 1710 2061 1764 ideo

477 1794 859 1861 concupiverat
889 1795 1083 1852 habere
1123 1798 1175 1850 in
1227 1799 1548 1856 bibliotheca
1581 1816 1738 1869 quam
1787 1801 2060 1856 nobilissi-

2158 604 2488 659 dubitatione
2539 605 2769 670 divinus,
2823 605 2916 659 sed
2965 606 3106 660 inter
3149 620 3208 661 se
3232 606 3389 660 verba
3422 607 3735 674 interpreta-

2162 697 2321 749 tionis
2343 711 2455 750 sum
2478 696 2824 765 Septuaginta
2848 697 2986 750 docti
3011 713 3159 752 more
3189 697 3459 751 hominum
3482 699 3739 753 contulis-

2159 797 2298 851 sent,
2325 795 2382 840 ut
2407 787 2544 856 quod
2568 788 2843 855 placuisset
2867 789 3137 854 omnibus,
3156 790 3527 854 hocmaneret,
3561 791 3736 845 nullus

2161 876 2238 929 eis
2289 890 2420 929 unus
2471 877 2732 946 interpres
2785 878 2968 932 debuit
2998 880 3279 946 anteponi;
3312 894 3432 933 cum
3468 892 3737 936 verutan—

2165 978 2271 1021 tum
2296 969 2347 1022 in
2375 968 2455 1023 eis
2481 971 2689 1039 signum
2714 970 3004 1025 divinitatis
3035 973 3301 1041 apparuit,
3327 972 3565 1041 profecto
3591 974 3737 1042 quis-

2162 1060 2278 1128 quis
2308 1060 2442 1113 alius
2469 1060 2674 1115 illarum
2708 1061 3103 1130 Scripturarum
3134 1079 3198 1116 ex
3230 1063 3449 1118 Hebraea
3476 1065 3526 1118 in
3550 1080 3737 1133 quam-

2168 1149 2294 1204 libet
2322 1150 2478 1204 aliam
2508 1152 2738 1222 linguam
2765 1153 3031 1220 interpres
3062 1164 3146 1207 est
3176 1169 3357 1218 verax,
3381 1164 3468 1209 aut
3497 1158 3739 1226 congruit

2167 1243 2272 1298 illis
2320 1245 2653 1315 septuaginta
2693 1245 3093 1315 interpretibus,
3120 1255 3209 1299 aut
3247 1248 3290 1299 si
3322 1262 3428 1300 non
3449 1262 3742 1317 congruere

2164 1335 2396 1404 videtur,
2447 1337 2673 1391 altitudo
2720 1337 2789 1391 ibi
2828 1337 3139 1405 prapltetica
3180 1352 3300 1391 esse
3346 1338 3609 1391 credenda
3639 1350 3740 1393 est.

2163 1427 2394 1496 Spiritus
2414 1431 2555 1483 enim
2584 1430 2670 1498 qui
2698 1429 2748 1483 in
2775 1430 3051 1497 prepltetis
3078 1438 3214 1496 erat,
3246 1431 3456 1497 quando
3488 1430 3570 1483 illa
3598 1431 3744 1485 dixe—

2163 1528 2306 1584 runt,
2351 1519 2492 1574 idem
2544 1521 2656 1587 ipse
2701 1528 2817 1575 erat
2870 1519 3072 1591 [etiam]
3103 1522 3153 1574 in
3207 1520 3539 1590 septuaginta
3593 1522 3741 1585 viris,

2162 1612 2377 1680 quando
2402 1612 2487 1665 illa
2518 1612 2845 1679 interpretati
2872 1622 2993 1665 sunt
3017 1630 3030 1664 :
3055 1612 3142 1682 qui
3169 1610 3408 1681 profecto
3431 1612 3745 1666 auctoritate

2164 1703 2339 1755 divina
2367 1713 2419 1758 et
2447 1703 2589 1757 aliud
2646 1703 2825 1757 dicere
2874 1703 3060 1770 potuit,
3096 1714 3344 1772 tanquam
3371 1704 3628 1773 propheta
3660 1702 3746 1755 illo

2166 1805 2448 1863 utrumque
2515 1794 2758 1860 dixisset,
2813 1794 2932 1863 quia
2987 1804 3273 1863 utrumque
3326 1793 3466 1848 idem
3518 1795 3747 1863 Spiritus

476 1902 620 1939 mam
653 1886 871 1941 fecerat.
903 1889 1012 1942 llas
1035 1890 1081 1943 ei
1106 1903 1227 1943 cum
1256 1890 1395 1945 idem
1424 1891 1658 1961 pontifex
1689 1893 1921 1946 misisset
1953 1892 2057 1946 He-
2092 1883 2134 1941 Β
2168 1887 2395 1951 diceret;
2447 1895 2503 1941 et
2533 1886 2637 1940 hoc
2686 1886 2857 1955 ipsum
2906 1885 3079 1949 aliter,
3111 1894 3167 1938 ιιι
3206 1900 3311 1939 non
3340 1886 3527 1940 eadem
3560 1884 3744 1947 verba,

477 1976 677 2039 bracas,
708 1988 826 2047 post
865 1980 1026 2033 etiam
1062 1980 1150 2036 ille
1182 1983 1504 2052 interpretes
1536 1984 1842 2054 postulavit,
1875 1994 1927 2038 et
1955 1984 2061 2038 dati

477 2078 604 2122 sunt
625 2070 672 2123 ei
697 2073 1032 2141 septuaginta
1056 2075 1163 2129 duo
1186 2076 1251 2129 de
1272 2076 1496 2145 singulis
1516 2079 1797 2132 duodecim
1823 2079 2064 2134 tribubus

478 2165 597 2214 seni
630 2162 892 2231 homines,
930 2165 1120 2234 lingua:
1153 2169 1429 2237 utriusque
1469 2169 1790 2233 doctissimi,
1826 2170 2065 2225 Hebraea:

479 2255 685 2310 scilicet
708 2265 867 2325 atque
895 2258 1098 2314 Grzecze
1127 2278 1139 2315 :
1170 2276 1393 2330 quorum
1422 2262 1814 2333 interpretatio,
1843 2273 1899 2317 ut
1928 2264 2063 2330 Sep-

482 2355 538 2401 tn
560 2350 717 2417 iginta
750 2361 989 2417 vocetur,
1032 2354 1139 2420 jam
1173 2355 1403 2409 obtinuit
1434 2357 1786 2413 consuetudo.
1819 2357 2067 2411 Traditur

480 2454 632 2504 sane,
663 2449 768 2494 tam
814 2442 1112 2497 mirabilem
1160 2460 1223 2499 ac
1262 2447 1606 2516 stupendum,
1641 2446 1902 2514 planeque
1931 2445 2066 2499 divi-

480 2545 607 2583 num
656 2531 707 2582 in
750 2546 937 2586 eorum
971 2535 1151 2589 verbis
1196 2536 1359 2590 fuisse
1389 2551 1737 2599 consensum,
1767 2544 1823 2589 ut
1850 2551 1970 2590 cum
2001 2536 2067 2589 ad

480 2618 587 2673 hoc
632 2634 767 2689 opus
817 2625 1107 2690 separatim
1152 2626 1349 2693 singuli
1380 2626 1639 2680 sederent
1667 2624 1946 2698 [sederint]
1978 2627 2068 2696 (ita

481 2713 627 2768 enim
670 2729 857 2767 eorum
909 2716 1064 2771 [idem
1100 2718 1392 2773 Ptolomaeo
1433 2719 1635 2790 placuit
1661 2720 1989 2787 explorare),
2016 2719 2068 2790 ip

484 2805 635 2859 nullo
658 2805 820 2860 verbo
841 2809 981 2875 quod
1012 2809 1152 2863 idem
1174 2810 1503 2880 significaret
1528 2820 1582 2866 et
1623 2811 1953 2866 tantumdem
1975 2827 2069 2865 va-

484 2896 637 2959 leret,
665 2900 749 2953 Vt‘l
778 2900 828 2954 in
856 2902 1139 2955 verborum
1166 2901 1381 2966 ordine,
1409 2903 1550 2956 alter
1577 2903 1645 2957 ab
1674 2903 1841 2957 altero
1871 2902 2072 2957 discre-

484 2999 667 3056 paret;
698 2990 791 3045 sed
837 3001 1088 3060 tanquam
1138 3004 1278 3045 unus
1309 3001 1453 3045 esset
1501 2990 1785 3059 interpres,
1816 2991 1888 3045 ita
1929 2991 2070 3059 quod

484 3096 675 3137 omnes
699 3083 1037 3152 interpretati
1067 3092 1213 3148 sunt,
1238 3097 1401 3135 unum
1432 3090 1568 3147 erat,
1596 3082 1848 3151 quoniam
1885 3095 2072 3135 revera

485 3170 715 3236 Spiritus
745 3180 862 3226 erat
895 3187 1032 3226 unus
1059 3171 1111 3225 in
1142 3170 1411 3225 omnibus.
1448 3170 1513 3224 Et
1543 3170 1663 3224 ideo
1696 3180 1799 3224 tam
1833 3169 2072 3224 mirabile

2167 1977 2304 2031 idem
2339 1987 2513 2031 tamen
2541 1992 2729 2031 sensus
2763 1978 2897 2030 bene
2923 1975 3335 2044 intelligetttibus
3364 1974 3738 2031 dilucescerct.

2166 2080 2219 2123 et
2263 2068 2403 2122 aliud
2456 2068 2891 2138 praetermitteret
2920 2061 3403 2135 [praetermittere],
3452 2074 3503 2117 et
3547 2064 3746 2132 aliquid

2168 2161 2387 2216 adderet
2411 2157 2685 2233 [addere],
2734 2169 2790 2215 ut
2843 2160 3002 2212 etiam
3054 2158 3179 2213 hinc
3228 2156 3600 2211 ostenderetur
3639 2173 3746 2212 non

2170 2251 2458 2308 humanam
2482 2253 2650 2307 fuisse
2679 2253 2730 2307 in
2764 2251 2855 2306 illo
2881 2265 3041 2320 apere
3065 2251 3407 2317 servitutem,
3439 2265 3599 2319 quam
3633 2265 3753 2305 ver-

2170 2342 2249 2396 bis
2276 2343 2506 2398 debebat
2526 2343 2810 2411 interpres,
2832 2346 2925 2395 sed
2949 2341 3182 2395 divinam
3208 2342 3382 2409 potius
3411 2348 3753 2410 potestatem,

2170 2448 2289 2503 qua:
2316 2444 2547 2488 mentem
2572 2432 2813 2501 replebat
2832 2440 2884 2485 et
2906 2432 3123 2500 regebat
3143 2430 3470 2499 interpretis.
3494 2430 3751 2485 Nonnulli

2170 2537 2347 2581 autem
2397 2526 2611 2581 codices
2662 2526 2878 2581 Graecos
2927 2522 3386 2592 interpretationis
3407 2522 3753 2591 Septuaginta

2171 2635 2234 2674 ex
2296 2619 2536 2674 Hebraeis
2584 2618 2857 2673 codicibus
2911 2616 3272 2672 emendandos
3327 2624 3622 2684 putarunt:
3654 2630 3755 2671 nec

2175 2718 2351 2763 tamen
2394 2708 2509 2762 ausi
2536 2719 2659 2761 sunt
2681 2708 2990 2773 detrahere,
3024 2706 3163 2774 quod
3190 2704 3401 2759 Πεδτωί
3424 2718 3527 2759 non
3562 2702 3758 2760 habent

2173 2796 2595 2870 [babebant],et
2634 2797 2978 2865 Septuaginta
3027 2804 3354 2863 posuerunt;
3408 2794 3502 2849 sed
3526 2804 3758 2851 tantum-

2175 2888 2333 2944 modo
2361 2889 2682 2943 addiderunt
2703 2903 2822 2956 qua:
2847 2888 2902 2941 in
2929 2887 3167 2942 Hebraeis
3190 2889 3428 2953 inventa,
3459 2887 3597 2957 apud
3621 2887 3758 2957 Seps

2177 2981 2410 3050 tuaginta
2436 2993 2539 3034 non
2563 2988 2740 3046 erant,
2766 2993 2963 3048 easque
2987 2977 3154 3047 signis
3182 2976 3523 3046 quibusdam,
3557 2977 3609 3031 in
3633 2977 3761 3032 stel-

2178 3073 2348 3127 larum
2380 3072 2599 3127 modum
2648 3071 2824 3136 factis,
2856 3070 2923 3125 ad
2964 3071 3138 3139 capita
3172 3068 3483 3124 earumdem
3515 3084 3762 3126 versuum

2178 3173 2503 3220 notaverunt
2531 3181 2544 3218 :
2574 3179 2693 3234 qua:
2728 3165 2877 3233 signa
2908 3164 3243 3234 ἀστερίσκους
3268 3168 3478 3216 vocant.
3509 3161 3597 3215 Illa
3639 3176 3764 3216 vero

489 3259 583 3313 Dei
611 3276 802 3315 munus
823 3268 1162 3329 acceperant,
1187 3274 1241 3314 ut
1273 3260 1488 3313 illarum
1520 3258 1941 3328 Scripturarum,
1970 3274 2073 3313 non
2106 3253 2151 3315 C
2181 3271 2302 3327 quae
2349 3271 2453 3311 non
2485 3254 2681 3311 habent
2704 3253 2940 3319 Hebraei,
2971 3252 3169 3307 habent
3194 3258 3370 3306 autem
3393 3250 3763 3321 Septuaginta,

488 3359 632 3419 tanqt
655 3366 740 3404 am
766 3350 1147 3416 humanarum,
1177 3350 1293 3418 sed,
1328 3352 1467 3405 sicut
1496 3359 1643 3405 erant
1676 3347 1969 3420 [tanquam]
1998 3349 2077 3405 di-

490 3443 754 3507 vinarum,
780 3443 941 3498 etiam
966 3441 1070 3498 isto
1093 3441 1251 3496 modo
1272 3441 1745 3496 commendaretur
1766 3439 2075 3502 auctoritas,

489 3530 773 3586 creditoris
814 3533 1134 3602 quandoque
1162 3532 1411 3601 gentibus
1461 3532 1761 3600 profutura,
1796 3530 1935 3600 quod
1965 3528 2073 3599 jam

492 3623 736 3680 videmus
762 3624 1033 3681 effectum.

994 3738 1219 3795 CAPUT
1259 3737 1584 3795 CCCXXIX.

495 3853 573 3907 De
628 3855 929 3922 auctoritate
986 3850 1324 3922 Septuaginta
1379 3852 1733 3922 interpretum,
1775 3863 1906 3922 quae,
1945 3849 2083 3900 salvo

567 3924 758 3975 honore
793 3919 996 3977 Hebrwi
1025 3918 1166 3991 styli,
1186 3918 1440 3974 omnibus
1470 3920 1831 3989 interpretibus
1861 3918 1927 3970 sit
1955 3932 2085 3981 prte-

567 3995 811 4062 {erenda;
838 4009 901 4047 ea:
922 3997 1099 4047 eodem
1122 3993 1268 4046 libro.

570 4105 700 4159 Nam
720 4120 839 4159 cum
865 4104 1062 4159 fuerint
1090 4104 1244 4159 etalii
1281 4104 1622 4175 interpretes,
1652 4107 1739 4175 qui
1770 4122 1835 4161 ex
1865 4108 2086 4165 Hebrtea

496 4199 673 4268 lingua
718 4200 771 4254 in
818 4198 1060 4255 Graecam
1109 4213 1264 4253 sacra
1305 4199 1394 4253 illa
1442 4199 1651 4268 eloquia
1683 4201 2084 4268 transtulerunt,

497 4290 637 4345 sicut
655 4290 863 4359 Aquila,
881 4291 1258 4361 Symmachus,
1282 4290 1650 4355 'l‘lteodotion;
1675 4291 1811 4345 sicut
1827 4293 1985 4346 etiam
2001 4294 2088 4347 illa

499 4382 627 4454 [est]
664 4383 1059 4450 interpretatio,
1116 4380 1274 4450 cujus
1327 4392 1515 4436 auctor
1547 4396 1650 4434 non
1683 4392 1923 4450 apparet,
1948 4393 2000 4437 et
2024 4385 2092 4439 ob

500 4474 605 4527 hoc
656 4474 773 4528 sine
825 4474 1044 4528 nomine
1087 4472 1419 4542 interpretis,
1459 4473 1653 4539 Quinta
1699 4475 1865 4529 editio
1889 4491 2092 4530 nuncuo

500 4572 696 4633 pater;
755 4564 893 4619 hanc
947 4574 1125 4619 tamen
1177 4579 1298 4634 quae
1326 4565 1670 4635 Septuaginta
1700 4574 1802 4633 est,
1838 4578 2087 4635 tanquam

2176 3350 2427 3406 similiter
2455 3348 2523 3404 ad
2546 3348 2720 3418 capita
2752 3360 3007 3403 versuum
3034 3342 3332 3413 iacentibus
3362 3341 3604 3411 virgulis,
3627 3344 3766 3396 sicut

2177 3443 2482 3500 scribuntur
2531 3442 2722 3507 unciae,
2754 3442 3131 3510 signaverunt;
3165 3444 3221 3490 et
3247 3435 3397 3491 multi
3421 3434 3636 3490 codices
3666 3434 3766 3489 bas

2181 3544 2335 3588 notas
2379 3533 2638 3587 habentes
2684 3544 3064 3602 usquequaque
3109 3526 3287 3582 dimisi
3340 3534 3462 3580 sunt
3490 3534 3542 3580 et
3571 3524 3768 3582 Latini.

2181 3624 2308 3691 Qua:
2354 3633 2532 3677 autem
2590 3637 2693 3675 non
2742 3621 3105 3688 praetermissa
3148 3618 3229 3672 vel
3256 3616 3460 3685 addita,
3491 3616 3583 3670 sed
3614 3614 3769 3669 aliter

2184 3716 2327 3770 dicta
2382 3723 2527 3779 sunt,
2580 3714 2692 3766 sive
2719 3712 2880 3765 alium
2913 3723 3129 3764 sensum
3163 3707 3381 3772 faciant,
3407 3706 3565 3761 etiam
3599 3706 3769 3774 ipsum

2185 3822 2289 3860 non
2334 3805 2732 3867 abhorrentem,
2784 3801 2896 3855 sive
2944 3800 3051 3853 alio
3082 3797 3242 3851 modo
3270 3797 3517 3857 eumdem
3551 3810 3769 3851 sensum

2186 3900 2455 3968 explicare
2503 3904 2888 3957 monstrentur,
2946 3889 3045 3945 nisi
3105 3889 3347 3957 utrisque
3390 3888 3664 3942 codicibus
3693 3888 3771 3942 in-

2189 3988 2384 4057 apectis
2431 3992 2701 4055 nequeunt
2756 3982 2999 4051 reperiri.
3034 3980 3090 4036 Si
3128 3994 3276 4048 ergo,
3301 3988 3355 4033 ut
3384 3986 3618 4047 oportet,
3644 3978 3771 4033 nihil

2190 4078 2334 4134 aliud
2385 4079 2688 4131 intueamur
2739 4074 2790 4128 in
2840 4073 3128 4142 Scripturis
3172 4071 3298 4135 illis,
3348 4070 3449 4124 nisi
3492 4068 3631 4135 quod
3676 4085 3769 4138 per

2194 4168 2436 4223 homines
2464 4166 2661 4220 dixerit
2701 4164 2795 4218 Dei
2850 4163 3105 4231 Spiritus,
3159 4158 3416 4229 quidquid
3458 4159 3624 4213 estin
3671 4159 3767 4214 He-

2195 4262 2351 4317 braeis
2374 4260 2666 4324 codicibus,
2696 4267 2750 4314 et
2778 4272 2881 4311 non
2912 4262 2997 4310 est
3020 4253 3159 4323 apud
3192 4254 3514 4320 interpretes
3542 4250 3772 4320 Septua-

2193 4355 2360 4422 ginta,
2393 4352 2562 4407 noluit
2596 4365 2656 4404 ea
2690 4346 2837 4421 [hoc]
2864 4361 2959 4416 per
2981 4346 3132 4412 istos,
3159 4343 3251 4399 sed
3286 4358 3379 4412 per
3400 4342 3520 4396 illos
3548 4342 3775 4412 prophe-

2198 4460 2277 4503 tas
2301 4448 2391 4504 Dei
2419 4447 2650 4516 Spiritus
2672 4443 2885 4506 dicere;
2916 4438 3171 4510 quidquid
3194 4451 3322 4490 vero
3349 4445 3431 4490 est
3467 4433 3605 4505 apud
3638 4434 3775 4502 Sep-

2200 4540 2455 4608 tuaginta,
2509 4536 2560 4590 in
2608 4532 2845 4589 Hebraeis
2888 4539 3068 4585 autem
3116 4527 3392 4583 codicibus
3419 4533 3647 4591 nonest,
3679 4539 3778 4593 per

500 4617 615 4710 ;ola
635 4617 799 4723 esset,
826 4657 905 4712 sic
927 4657 1127 4726 recepit
1155 4617 1419 4723 Ecclesia:
1457 4617 1628 4726 eaque
1665 4617 1886 4712 utunvtur
1911 4617 2080 4713 ὄντεθί
2120 4632 2165 4691 θ
2194 4633 2326 4687 istos
2369 4646 2430 4686 ea
2458 4626 2665 4687 malum
2707 4640 2865 4695 quam
2891 4638 2989 4726 pet
3010 4621 3130 4726 ίξ¹⁰⁵
3155 4617 3550 4726 idem_Spiri"_'s
3575 4617 3777 4721 dicefe’

502 4750 685 4816 populi
729 4748 1032 4814 christiani,
1082 4763 1309 4817 quorum
1366 4749 1604 4817 plerique
1652 4757 1829 4802 utrum
1870 4750 1970 4803 alia
2023 4749 2096 4803 sit

503 4840 680 4908 aliqua
722 4839 993 4906 ignorant.
1028 4839 1105 4893 Ex
1132 4839 1229 4895 hac
1258 4839 1603 4909 Septuaginta
1634 4839 2089 4907 interpretatione,

502 4935 663 4985 etiam
697 4934 747 4985 in
788 4932 1031 4986 Latinam
1081 4932 1313 5003 linguam
1346 4934 1749 5002 interpretatum
1785 4930 1907 5003 [est]
1950 4934 2088 5002 quod

504 5023 759 5078 Ecclesiae
811 5023 1015 5078 Latinae
1046 5032 1246 5079 tenent.
1279 5024 1532 5090 Quamvis
1557 5039 1659 5076 non
1688 5021 1919 5077 defuerit
1950 5034 2087 5077 tem-

504 5114 728 5183 poribus
767 5114 965 5168 nostris
991 5123 1175 5169 noster
1203 5116 1484 5183 presbyter
1528 5112 1903 5182 llieronymus,
1935 5115 2094 5169 homo

504 5206 871 5271 doctissimus,
930 5216 982 5261 et
1023 5204 1260 5259 omnium
1312 5206 1472 5259 trium
1526 5206 1823 5274 linguarum
1872 5205 2092 5273 peritus,

504 5300 595 5366 qui
648 5313 752 5352 non
799 5313 864 5351 ex
898 5297 1108 5362 Graeco,
1159 5295 1253 5351 sed
1276 5310 1340 5349 ex
1365 5293 1595 5349 Hebraeo
1622 5296 1672 5349 in
1707 5295 1949 5348 Latinum
1979 5296 2093 5349 elo-

505 5388 691 5456 quium
734 5387 948 5440 easdem
979 5384 1283 5455 Scripturas
1325 5383 1671 5438 converterit.
1706 5381 1812 5439 Sed
1843 5383 1959 5450 ejus
1987 5393 2091 5436 tam

511 5482 799 5534 litteratum
832 5481 1068 5534 laborem
1096 5480 1333 5548 quamvis
1359 5478 1527 5532 Judtni
1556 5478 1823 5533 fateantur
1852 5494 1972 5533 esse
2000 5494 2090 5533 vc-

512 5588 710 5637 racem,
736 5573 1083 5642 Septuaginta
1101 5587 1230 5626 vero
1253 5573 1570 5639 interpretes
1603 5572 1655 5624 in
1680 5572 1858 5624 multis
1884 5587 2092 5626 errasse

512 5665 861 5729 contendant,
923 5674 1098 5717 tamen
1153 5663 1387 5717 Ecclesia
1440 5662 1633 5715 Christi
1689 5671 1765 5716 tot
1818 5663 2089 5715 hoininum

514 5754 842 5819 auctoritati,
868 5755 936 5808 ab
967 5754 1223 5808 Eleazaro
1255 5763 1377 5807 tunc
1403 5752 1739 5820 pontitice'ad
1761 5752 1859 5805 hoc
1892 5762 2090 5806 tantum

517 5860 652 5914 opus
723 5845 1038 5913 electorum,
1100 5843 1363 5900 neminem
1420 5843 1619 5914 judicat
1679 5842 2087 5913 pra-ferendum,

2195 4729 2274 4782 sic
2325 4731 2612 4781 ostendens
2652 4731 2910 4788 utrosque
2966 4716 3129 4769 fuisse
3160 4714 3466 4781 prophetas.
3500 4711 3606 4765 Isto
3637 4710 3778 4763 enim

2198 4819 2355 4873 modo
2408 4815 2510 4869 alia
2543 4830 2637 4883 per
2687 4810 2922 4873 Esaiam,
2954 4808 3056 4860 alia
3089 4822 3182 4875 per
3209 4803 3521 4869 Jeremiam,
3552 4802 3655 4856 alia
3688 4815 3780 4869 per

2193 4914 2359 4965 alium
2407 4903 3064 4975 aliumque'prophetam,
3119 4901 3203 4953 vel
3248 4897 3403 4951 aliter
3444 4896 3632 4951 eadem
3685 4906 3780 4962 per

2195 5003 2334 5055 hunc
2380 5014 2443 5053 ac
2490 5011 2585 5067 per
2630 4995 2777 5048 illum
2818 4990 2974 5056 dxit,
3009 4999 3066 5044 ut
3104 4988 3289 5044 voluit.
3316 4984 3581 5055 Quidquid
3616 4997 3777 5050 porro

2197 5094 2337 5164 apud
2360 5101 2620 5157 utrosque
2648 5086 2937 5150 invenitur,
2978 5098 3071 5152 per
3120 5091 3376 5149 utrosque
3403 5079 3585 5132 dicere
3612 5074 3780 5129 voluit

2199 5203 2334 5242 unus
2373 5196 2531 5254 atque
2559 5183 2697 5237 idem
2718 5180 2982 5250 Spiritus;
3014 5176 3108 5232 sed
3139 5176 3207 5230 ita
3236 5186 3290 5228 ut
3320 5173 3392 5228 illi
3417 5169 3781 5240 praecederent

2198 5278 2586 5353 prophetando,
2643 5276 2731 5331 isti
2777 5279 3129 5344 sequerentur
3174 5265 3484 5336 praphetice
3512 5263 3779 5328 interpre-

2199 5374 2360 5431 tando
2385 5396 2398 5426 ;
2426 5373 2547 5441 quia
2578 5371 2715 5425 sicut
2742 5369 2795 5423 in
2836 5367 2942 5421 illis
2989 5377 3113 5417 vera
3143 5371 3195 5415 et
3216 5357 3497 5413 concordia
3527 5353 3775 5425 [concor-

2198 5463 2399 5534 dantia]
2431 5461 2729 5517 dicentibus
2763 5472 2899 5513 unus
2946 5453 3092 5523 pacis
3128 5450 3358 5520 Spiritus
3389 5447 3504 5510 fuit,
3530 5447 3607 5497 sic
3636 5451 3692 5497 et
3722 5443 3776 5496 in

2199 5558 2313 5611 istis
2361 5570 2467 5610 non
2514 5568 2696 5608 secum
2747 5544 3162 5604 conferentibus,
3206 5552 3259 5595 ct
3301 5550 3477 5594 tamen
3527 5546 3778 5605 tanquam

2201 5663 2292 5700 ore
2321 5660 2427 5699 uno
2453 5650 2643 5699 cuneta
2671 5634 3163 5709 interpretantibus,
3200 5630 3339 5687 idem
3381 5627 3610 5700 Spiritus
3640 5638 3780 5681 unus

2198 5736 2459 5805 apparuit.
