4074 6186
378 383 505 439 1051

846 522 849 523 ν
876 491 1099 547 CAPUT
1134 487 1433 545 CCCXXX.

382 608 521 673 Quid
576 606 961 673 intelligendum
1012 606 1079 659 sit
1126 605 1188 656 de
1238 602 1584 656 Ninivitarum
1623 600 1845 673 excidio,
1903 598 1966 650 da

444 680 594 739 cuius
634 669 1007 730 denitmiatioui
1051 675 1219 746 [cujus
1261 672 1576 746 denuntiatio
1620 669 1704 746 in]
1748 669 1966 746 "ebura

452 748 790 814 quadraginta
836 748 1033 799 dierum
1053 740 1065 745 ”’
1080 740 1243 814 spatia
1267 743 1511 805 tenditur,
1543 743 1594 794 iu
1628 740 1874 814 Septuaqi
1913 746 1965 788 ta

446 810 612 869 autem
650 810 825 869 'tridui
873 810 1115 869 brevitate
1136 814 1481 875 concluditur,
1524 827 1589 864 ex
1610 810 1785 864 eodem
1812 810 1961 861 libro.

448 950 552 1004 Sed
606 950 678 1003 ait
705 949 901 1018 aliquis
934 967 947 1002 :
978 947 1260 1016 Quomodo
1300 946 1465 1001 sciam
1495 943 1623 1014 quid
1655 943 1820 998 Jonas
1847 955 1965 1009 pro-

379 1040 537 1107 pheta
579 1038 779 1093 dixerit
813 1038 1076 1103 Ninivitis,
1124 1047 1321 1102 utrum,
1364 1036 1638 1101 Triduum,
1688 1044 1735 1088 et
1783 1033 1966 1086 Ninive

378 1140 646 1193 erertetur,
677 1145 764 1194 an,
795 1129 1149 1199 Quadraginta
1172 1127 1317 1181 dies?
1339 1126 1470 1191 Quis
1490 1126 1632 1179 enim
1659 1139 1763 1176 non
1791 1122 1968 1175 videat

381 1239 485 1277 non
510 1225 749 1293 potuisse
780 1235 1065 1291 utrumque
1091 1230 1213 1275 tunc
1236 1220 1341 1274 dici
1368 1234 1396 1272 a
1422 1216 1701 1287 propheta,
1723 1216 1809 1283 qui
1833 1214 1963 1268 mis-

382 1330 474 1369 sus
518 1315 709 1378 fuerat,
740 1324 897 1367 terra:
922 1313 1396 1367 comminutionem
1430 1309 1652 1381 [terrere
1675 1306 1967 1361 commina-

386 1404 549 1475 tioue]
605 1405 930 1460 imminentis
955 1404 1105 1458 exitii
1156 1402 1468 1457 civitatem?
1497 1400 1592 1455 Cui
1620 1402 1663 1454 si
1697 1400 1854 1454 tcrtio
1881 1397 1966 1451 die

385 1498 555 1547 fuerat
609 1495 814 1548 futurus
859 1494 1126 1557 interitus,
1162 1508 1267 1546 non
1318 1490 1501 1560 utique
1557 1490 1966 1559 quadragesimo

384 1585 501 1649 die;
554 1584 599 1638 si
647 1593 824 1638 autem
873 1583 1301 1653 quadragesimo,
1352 1597 1456 1635 non
1504 1582 1686 1649 utique
1710 1580 1886 1634 tertio.
1911 1577 1965 1634 Si

387 1691 514 1744 ergo
535 1691 564 1728 a
596 1690 682 1728 me
724 1676 980 1744 quatritur
1020 1674 1144 1741 qttid
1204 1673 1391 1726 horum
1421 1671 1583 1725 Jonas
1617 1670 1832 1735 dixerit,
1865 1669 1965 1722 hoc

388 1774 515 1832 puto
570 1765 745 1832 potius
799 1765 939 1832 quod
982 1765 1173 1832 legitur
1216 1764 1267 1816 in
1317 1763 1578 1817 Hebraeo:
1606 1762 1963 1829 Quadraginta

1453 376 1516 430 D.
1559 371 1881 430 EUGYI’Pil
1922 367 2212 425 ABBATIS
2252 366 2572 423 AFRICANI

1992 488 2040 542 A

3512 362 3650 420 105‘).

2142 496 2240 547 que
2266 482 2441 547 fecerit
2470 481 2640 543 homo,
2671 488 2814 533 extra
2844 493 3027 549 corpus
3083 488 3188 542 est;
3216 488 3499 549 qmautrm
3542 482 3650 546 [or-

2139 550 2449 620 uicatur,in
2502 564 2689 616 corpus
2744 548 3009 620 praprium
3044 559 3242 619 peccat.
3294 548 3379 603 Ec
3421 565 3652 603 sermone

2139 630 2345 689 prapter
2373 618 2470 672 hoc
2492 620 2683 689 ipsum.

2137 772 2374 839 Quaistio
2430 775 2499 830 de
2554 773 2791 845 Epistula
2838 774 3243 830 Corinthiorum
3297 774 3435 828 beati
3493 773 3649 828 Pauli

2068 864 2293 932 apostoli
2327 864 2413 918 ubi
2438 863 2607 919 dicit:
2640 864 2811 919 Omne
2844 873 3119 935 peccatum
3143 864 3496 933 quodcunque
3512 863 3649 917 fcer-

2068 951 2138 1005 rit
2167 954 2348 1019 homo,
2376 962 2524 1008 extra
2554 969 2748 1023 corpus
2778 965 2892 1020 est;
2923 955 3011 1024 qui
3045 964 3222 1009 autem
3256 952 3572 1017 fornicatur,
3594 956 3648 1006 in

2065 1055 2261 1112 corpus
2292 1045 2561 1112 proprium
2577 1055 2781 1113 peccat,
2814 1048 2995 1100 nescio
3023 1047 3065 1099 si
3091 1046 3261 1115 possit
3291 1044 3357 1099 ad
3387 1045 3648 1114 liquidum

2067 1132 2308 1200 dissolvi,
2361 1136 2609 1204 quamvis
2651 1136 2839 1203 possit,
2869 1136 3106 1190 donante
3157 1136 3409 1202 Domino,
3440 1135 3645 1202 aliquid

2068 1224 2190 1279 inde
2223 1227 2569 1294 probabiliter
2599 1227 2732 1292 dici;
2765 1228 2834 1281 ita
2873 1227 3016 1281 enim
3073 1226 3335 1296 profunda
3383 1234 3485 1281 est.
3513 1225 3647 1279 Nam

2067 1338 2187 1377 cum
2216 1325 2466 1393 superius
2499 1327 2551 1378 in
2579 1324 2766 1379 eadem
2802 1324 3034 1392 Epistola
3068 1322 3357 1392 Apostolus
3399 1322 3646 1376 diceret:

2066 1412 2240 1466 Nolite
2268 1428 2473 1479 errare,
2508 1429 2680 1481 neque
2733 1414 3105 1477 fornicatores,
3140 1428 3312 1483 neque
3344 1412 3499 1466 idolis
3524 1428 3646 1466 ser—

2065 1506 2292 1570 vientes,
2319 1520 2491 1572 neque
2510 1505 2755 1572 adulteri,
2791 1520 2961 1573 neque
2992 1505 3203 1569 molles,
3239 1519 3410 1573 neque
3438 1518 3649 1557 mascu-

2067 1593 2237 1648 lorum
2267 1597 2663 1662 concubitores,
2686 1611 2860 1663 ncquo
2889 1596 3055 1659 fures,
3086 1610 3258 1663 neque
3280 1594 3445 1659 avari,
3475 1609 3651 1661 neque

2068 1686 2287 1753 ebriosi,
2316 1702 2492 1755 neque
2521 1686 2788 1751 maledici,
2822 1701 2993 1755 neque
3023 1699 3265 1753 rapaces,
3297 1698 3516 1752 regnum
3552 1682 3647 1736 Dei

2070 1779 2452 1846 possidebunt;
2479 1790 2533 1834 et
2592 1779 2752 1850 paulo
2785 1788 2940 1847 post:
2976 1778 3228 1839 Nescitis,
3257 1776 3354 1842 ait,
3397 1776 3648 1845 quoniam

388 1858 515 1920 dies,
547 1866 593 1909 et
639 1856 826 1911 Ninive
859 1865 1109 1910 evertetur
1136 1872 1154 1910 :
1181 1854 1524 1925 Septuaginta
1556 1855 1771 1924 quippe,
1804 1854 1961 1922 longe

2075 1885 2290 1938 corpora
2333 1884 2507 1927 vestra
2553 1872 2791 1927 membra
2841 1879 2965 1925 sunt
3010 1869 3249 1925 Christi?
3288 1867 3481 1922 tollens
3521 1881 3653 1935 ergo

392 1947 655 2016 posterius
673 1948 1020 2015 interpretati,
1044 1946 1187 2000 aliud
1208 1946 1385 2000 dicere
1408 1954 1711 2014 potuerunt,
1732 1942 1870 2013 quod
1892 1954 1967 1997 ta-

397 2057 517 2096 men
548 2042 613 2095 ad
643 2058 752 2095 rem
776 2042 1082 2109 pertineret,
1125 2052 1177 2097 et
1205 2042 1258 2095 in
1282 2057 1441 2095 unum
1470 2042 1823 2110 eumdemque
1848 2056 1969 2094 scn-

397 2149 539 2199 sum,
569 2136 813 2203 quamvis
836 2134 933 2188 sub
960 2135 1126 2189 altera
1152 2133 1560 2204 signiﬁcatione,
1587 2143 1966 2188 concurreret:

393 2226 497 2296 91
558 2226 974 2295 admoneretque
1028 2227 1321 2289 lectorem,
1382 2238 1607 2295 utraque
1658 2225 1971 2279 auctoritate

396 2333 500 2372 non
527 2327 724 2385 spreta,
750 2319 818 2373 ab
842 2319 1056 2373 historia
1086 2335 1206 2375 sese
1226 2319 1470 2374 attollere
1487 2319 1551 2372 ad
1573 2334 1633 2373 ea
1653 2318 1970 2387 requirenda

395 2418 612 2477 propter
637 2424 754 2477 qua?
780 2410 1122 2478 signiﬁcanda
1148 2410 1362 2467 historia
1394 2411 1504 2478 ipsa
1528 2411 1826 2478 conscripta
1867 2418 1968 2462 est.

395 2499 558 2554 Gesta
599 2500 798 2570 quippe
852 2508 977 2554 sunt
1000 2499 1131 2572 [illa]
1159 2503 1210 2554 in
1267 2501 1455 2555 Ninive
1483 2501 1716 2563 civitate,
1748 2498 1840 2553 sed
1871 2497 1969 2551 ali-

394 2592 518 2660 quid
569 2591 730 2646 etiam
775 2592 1207 2658 signiﬁcaverunt
1263 2591 1402 2659 quod
1434 2591 1650 2644 modum
1679 2590 1820 2643 illius
1845 2588 1973 2642 civi-

395 2684 517 2735 tatls
557 2680 783 2735 excedat
820 2696 836 2734 :
881 2682 1019 2735 sicut
1045 2692 1249 2749 gestum
1292 2691 1375 2735 est
1400 2682 1539 2749 quod
1567 2679 1684 2749 ipse
1715 2680 1970 2749 propheta

395 2771 447 2824 in
474 2780 661 2824 ventre
687 2770 787 2824 ceti
821 2769 997 2824 triduo
1029 2769 1144 2837 fttit,
1180 2780 1231 2824 et
1262 2781 1438 2824 tamen
1468 2771 1625 2825 alium
1656 2768 1975 2839 signiﬁcavit

395 2861 447 2915 in
487 2862 749 2930 profundo
778 2860 972 2916 inferni
1004 2862 1179 2916 triduo
1209 2862 1462 2927 futurum,
1491 2863 1580 2933 qui
1605 2863 1861 2917 Dominus
1891 2873 1974 2918 est

394 2954 633 3007 omnium
679 2951 1080 3022 prephetarnm.
1109 2954 1445 3023 Quaprop'er
1474 2959 1516 3010 si
1552 2970 1646 3025 per
1675 2958 1819 3013 illam
1841 2958 1971 3014 civi-

397 3052 557 3098 tatem
610 3052 757 3097 recle
803 3044 1060 3112 accipitur
1110 3045 1345 3100 Ecclesia
1376 3046 1612 3115 gentium
1662 3048 1973 3117 prophetico

397 3135 639 3204 ﬁgurata,
669 3151 853 3192 eversa
900 3139 1102 3194 scilicet
1146 3154 1241 3206 per
1289 3142 1677 3209 pmnitent'am,
1716 3151 1774 3196 nt
1803 3144 1973 3212 qualis

2073 1960 2309 2013 membra
2331 1959 2567 2028 Christi,
2594 1961 2782 2015 iaciam
2814 1964 3053 2014 membra
3104 1955 3433 2012 meretricis?
3468 1955 3651 2009 Absit!

2073 2052 2151 2103 An
2177 2050 2394 2105 nescitis
2416 2052 2540 2121 quia
2563 2051 2651 2121 qui
2683 2051 2923 2104 adhaaret
2951 2048 3241 2113 meretrici,
3267 2062 3429 2101 unum
3453 2061 3653 2114 corpus

2072 2142 2184 2196 est?
2216 2142 2385 2195 Erunt
2407 2144 2571 2209 enim,
2605 2142 2796 2211 inquit,
2825 2143 2930 2195 duo
2969 2144 3021 2194 in
3059 2154 3221 2194 carne
3255 2154 3388 2201 una;
3421 2140 3511 2207 qui
3555 2151 3650 2188 au-

2074 2240 2179 2287 tem
2207 2232 2447 2286 adhaeret
2477 2232 2724 2297 Domino,
2758 2247 2893 2284 unus
2916 2230 3133 2300 spiritus
3154 2239 3269 2293 est;
3299 2227 3460 2296 fugite
3483 2226 3650 2280 furui-

2071 2322 2359 2376 cationem.
2418 2326 2593 2391 Atque
2640 2321 2712 2376 ibi
2762 2322 3039 2391 stthjunxit
3089 2337 3103 2374 :
3166 2321 3336 2374 Omne
3378 2327 3650 2388 peceatum

2071 2412 2431 2481 quodcunque
2455 2412 2643 2468 fecerit
2686 2412 2866 2479 homo,
2899 2420 3054 2466 extra
3080 2425 3274 2480 corpus
3302 2421 3414 2467 est:
3443 2410 3529 2478 qui
3560 2424 3653 2461 au-

2075 2510 2178 2554 tem
2211 2500 2527 2564 fornicatur,
2559 2501 2613 2555 in
2646 2516 2842 2570 corpus
2872 2501 3151 2570 proprium
3188 2507 3405 2567 peccat;
3434 2512 3500 2551 an
3529 2512 3655 2550 nes-

2072 2588 2193 2644 citis
2222 2590 2344 2659 quia
2369 2605 2566 2660 corpus
2590 2601 2853 2655 vestrum,
2880 2592 3132 2657 templum
3165 2589 3218 2642 in
3240 2589 3394 2642 vobis
3421 2586 3656 2656 Spiritus

2073 2681 2244 2737 sancti
2273 2691 2356 2738 est
2376 2727 2391 2752 ,
2424 2697 2582 2753 quem
2610 2682 2864 2737 habetisa
2894 2682 3032 2747 Deo,
3062 2689 3113 2734 et
3144 2697 3246 2733 nnn
3292 2679 3423 2733 estis
3451 2680 3656 2732 vestri?

2073 2774 2237 2842 empti
2265 2775 2409 2828 enim
2439 2775 2571 2829 estis
2594 2774 2767 2843 pretio
2798 2788 3016 2842 magno.
3044 2771 3350 2825 Gtoritieate
3370 2779 3421 2822 ct
3444 2778 3657 2839 portate

2077 2867 2240 2922 Deum
2264 2866 2317 2920 in
2356 2881 2580 2935 corpore
2600 2877 2797 2919 vestro.
2823 2866 2958 2918 Cum
2977 2879 3109 2932 ergo
3129 2865 3290 2916 multa
3312 2874 3366 2917 et
3389 2861 3661 2916 horrenda

2075 2959 2126 3013 iu
2158 2958 2260 3012 hoc
2283 2959 2519 3025 capitulo
2548 2960 2694 3027 prius
2707 2966 3076 3013 enutm-rasset
3103 2956 3377 3008 hominum
3410 2963 3661 3020 peccata,

2074 3048 2267 3117 quibus
2294 3063 2400 3103 non
2426 3048 2643 3103 dabitur
2672 3062 2894 3117 regnum
2931 3046 3045 3112 Dei,
3078 3060 3195 3111 qua:
3225 3056 3400 3098 tamen
3424 3059 3528 3097 non
3550 3043 3659 3096 nisi

2077 3157 2171 3210 per
2198 3158 2395 3213 corpus
2441 3145 2735 3212 perpetrari
2783 3142 2852 3196 ab
2896 3140 3199 3195 hominibus
3232 3148 3481 3209 possunt;
3510 3155 3580 3207 qtt
3622 3140 3658 3192 (Ι

397 3229 565 3283 fuerat
605 3229 716 3299 jam
766 3246 870 3284 non
914 3240 1099 3286 esset:
1128 3232 1229 3287 hoc
1276 3234 1524 3303 quoniam
1578 3250 1670 3303 per
1697 3233 1968 3290 Christum
1998 3219 2043 3280 C
2077 3245 2273 3301 corpus
2298 3234 2478 3302 utique
2500 3233 2607 3302 jam
2635 3234 2892 3295 ﬁdelium,
2928 3232 3181 3297 templum
3215 3244 3333 3283 esse
3356 3230 3488 3283 dixit
3519 3229 3658 3291 Spi-

397 3319 591 3375 factum
642 3332 723 3377 est
767 3323 818 3376 in
881 3323 1114 3378 Ecclesia
1164 3326 1428 3393 gentium,
1487 3327 1638 3396 cujus
1672 3329 1756 3382 illa
1785 3330 1971 3386 Ninive

396 3410 615 3477 ﬁguram
646 3411 882 3480 gerebat,
916 3412 1029 3467 sive
1060 3430 1159 3483 per
1187 3416 1534 3485 quadraginta
1563 3420 1694 3483 dics,
1730 3420 1843 3474 sive
1880 3437 1973 3490 per

393 3500 646 3563 triduum,
707 3501 848 3554 idem
902 3504 1016 3570 ipse
1055 3504 1389 3570 signiﬁcatus
1435 3521 1513 3560 eet
1562 3507 1803 3564 Christus
1837 3527 1973 3579 :per

391 3589 736 3658 quadraginta
776 3591 998 3657 scilicet,
1030 3593 1151 3661 quia
1198 3601 1268 3646 tot
1297 3594 1411 3648 dies
1444 3596 1643 3665 peregit
1673 3610 1793 3651 cum
1815 3599 1973 3655 disci-

392 3681 531 3749 pulis
574 3684 688 3735 suis
720 3691 836 3749 post
884 3685 1332 3739 resurrectionem
1381 3688 1611 3760 [suam],
1642 3700 1696 3744 et
1733 3693 1973 3745 ascendit

391 3772 447 3824 in
476 3771 707 3838 malum;
736 3787 831 3842 per
870 3774 1104 3829 triduum
1136 3792 1284 3842 vero,
1317 3781 1435 3845 quia
1467 3780 1552 3834 die
1602 3782 1762 3837 tertio
1797 3798 1973 3838 resur-

391 3865 564 3929 rexit;
617 3874 865 3933 tanquam
908 3867 1163 3923 lectorem
1204 3870 1336 3924 nihil
1369 3872 1509 3925 aliud
1552 3888 1708 3942 quam
1736 3876 1971 3931 historiae

392 3969 569 4009 rerum
605 3965 875 4022 gestarum
918 3958 1183 4015 inhaerere
1211 3963 1537 4027 cupientem,
1567 3965 1636 4019 de
1662 3980 1851 4020 somno
1874 3982 1976 4021 ex-

391 4046 672 4101 citaverint
712 4047 1057 4117 Septuaginta
1101 4050 1443 4119 interpretes,
1477 4053 1724 4125 idemque
1766 4056 1972 4128 [iidem-

391 4137 518 4210 que]
548 4141 842 4209 prophetia,
884 4140 949 4194 ad
995 4143 1429 4209 perscrutandant
1476 4145 1808 4201 altitudinem
1851 4164 1975 4216 pro-

394 4230 610 4298 phetiaa,
632 4242 687 4287 et
709 4232 1102 4301 quodammodo
1123 4235 1388 4290 dixerint:
1417 4236 1471 4289 In
1496 4238 1838 4308 quadraginta
1862 4240 1975 4295 die-

393 4320 489 4375 bus
510 4322 679 4384 ipsum
702 4338 905 4391 quaare,
929 4326 980 4377 in
1001 4340 1104 4393 quo
1135 4334 1188 4379 ct
1211 4326 1443 4381 triduum
1473 4328 1671 4394 peteris
1695 4329 1939 4385 invenire
1957 4370 1970 4383 .

393 4412 520 4467 illud
568 4414 619 4468 in
666 4417 1004 4480 ascensione,
1036 4416 1138 4472 hoc
1172 4417 1224 4471 in
1253 4418 1371 4487 ejus
1401 4421 1792 4475 resurrecdone
1820 4437 1973 4490 repe-

393 4505 521 4558 ries.
557 4505 779 4574 Propter
815 4508 955 4579 quod
999 4519 1225 4576 utroque
1255 4525 1478 4565 numero
1526 4512 1815 4582 signiﬁcari
1846 4529 1973 4568 con-

394 4596 795 4651 venientissime
824 4599 1013 4666 potuit,
1046 4613 1269 4667 quorum
1299 4616 1458 4653 unum
1492 4616 1585 4669 per
1628 4602 1818 4657 Jonam
1851 4620 1971 4669 pro-
2004 4582 2053 4642 D

395 4683 631 4753 phetam,
663 4687 823 4739 alium
854 4687 1318 4757 per-Septuaginta
1364 4689 1714 4760 interpretum
1745 4694 1973 4763 prophe-

396 4775 544 4839 tiam,
593 4784 768 4829 tamen
813 4793 949 4831 unus
978 4786 1140 4847 atque
1168 4780 1307 4833 idem
1331 4780 1559 4848 Spiritus
1589 4783 1742 4837 dixit.
1781 4785 1973 4854 Longi-

399 4859 632 4916 tudinem
692 4863 855 4933 fugio,
890 4877 1075 4921 utnon
1124 4868 1236 4924 huic
1262 4885 1354 4938 per
1393 4872 1555 4925 multa
1583 4873 1968 4944 demonstrem,

394 4950 449 5011 iu
465 4951 659 5020 quibus
680 4955 747 5008 ab
770 4955 1017 5010 hebraica
1038 4974 1113 5013 vel
1132 4959 1259 5015 itate
1278 4960 1623 5031 Septuaginta
1651 4964 1973 5032 interpretes

396 5039 691 5113 [putantur]
740 5043 1070 5112 discrepare,
1102 5062 1152 5103 et
1184 5050 1321 5106 bene
1354 5051 1610 5106 intellecti
1636 5055 1974 5109 inveniuntur

395 5144 513 5185 esse
556 5133 871 5187 concordes.
934 5134 1085 5190 Unde
1128 5140 1288 5193 etiam
1338 5155 1436 5208 ego
1467 5156 1563 5210 pro
1600 5158 1720 5197 meo
1763 5145 1980 5201 modulo

395 5220 611 5290 vestigia
634 5238 862 5292 sequens
878 5228 1263 5295 apostolorum,
1287 5232 1408 5298 quia
1436 5240 1490 5286 et
1510 5234 1607 5302 ipsi
1625 5250 1687 5289 ex
1716 5236 1976 5306 utrisque,

397 5311 447 5368 id
479 5323 633 5367 estet
656 5329 720 5369 ex
752 5315 1005 5383 llehraris,
1039 5326 1093 5371 et
1123 5316 1232 5391 [ex]
1263 5320 1628 5390 Septuaginta,
1675 5326 1979 5379 testimonia

396 5405 708 5473 prophetica
748 5418 1059 5476 posuerunt,
1098 5420 1321 5479 utraque
1373 5414 1691 5469 auctoritate
1720 5416 1973 5472 utendum

400 5502 598 5568 putavi,
644 5504 893 5573 qttoniatu
943 5516 1166 5575 utraque
1209 5522 1312 5560 una
1336 5516 1496 5577 atque
1521 5508 1698 5565 divina
1726 5519 1828 5566 cst.

893 5656 1117 5713 CAPUT
1147 5657 1470 5715 CCCXXX].

404 5759 479 5813 De
500 5778 554 5813 co
586 5766 720 5829 qrtcd
758 5768 828 5821 ait
854 5769 1122 5837 Apostolus
1155 5788 1171 5825 :
1205 5772 1365 5827 Omne
1390 5784 1561 5841 pc‘cat
1586 5791 1649 5828 rm
1705 5776 1968 5844 quodam-

2078 3324 2212 3377 ritus
2240 3326 2433 3392 sancti,
2467 3341 2626 3393 quem
2651 3326 2910 3378 habemus
2938 3339 2966 3376 a
2997 3324 3142 3386 Deo;
3172 3323 3389 3391 ipsaque
3415 3322 3662 3376 membra.

2075 3411 2318 3481 corporis
2344 3413 2537 3476 nostri,
2580 3414 2820 3467 membra
2852 3425 2971 3467 esse
3010 3420 3287 3465 asseverat
3336 3410 3553 3475 Clu-isti,
3587 3411 3663 3465 de

2077 3502 2272 3570 quibus
2294 3505 2569 3573 arguendo
2589 3515 2643 3558 et
2668 3502 3063 3573 quodammodo
3105 3502 3503 3571 interrogando,
3534 3501 3612 3555 ait
3640 3518 3657 3554 :

2076 3594 2294 3648 Tollens
2327 3611 2453 3666 ergo
2485 3597 2725 3650 membra
2748 3594 2966 3658 Christi,
2995 3593 3182 3648 faciam
3215 3598 3452 3649 membra
3480 3610 3660 3647 mere-

2082 3685 2267 3739 tricis?
2300 3686 2753 3755 reSpondet-ctquc
2790 3688 2926 3751 sibi,
2962 3685 3148 3740 Absit!
3175 3686 3659 3756 subjungatadhnc

2074 3784 2129 3831 ct
2159 3778 2300 3831 dicat
2334 3794 2348 3830 ;
2386 3778 2619 3833 Ncscitis
2669 3779 2917 3848 quoniam
2950 3777 3041 3845 qui
3094 3778 3329 3832 adba'ret
3360 3777 3661 3841 meretrici,

2075 3883 2237 3922 unum
2268 3883 2464 3938 corpus
2488 3871 2601 3925 est?
2640 3870 2805 3925 Erunt
2827 3872 3006 3935 enim,
3031 3868 3225 3939 inquit,
3269 3869 3372 3922 duo
3398 3868 3450 3922 iu
3492 3883 3662 3921 cat-no

2078 3972 2213 4023 una;
2244 3959 2332 4027 qui
2355 3969 2531 4012 autem
2565 3959 2802 4014 adliceret
2859 3961 3103 4025 Domino,
3135 3974 3270 4013 unus
3296 3959 3517 4027 spiritus
3538 3969 3619 4012 est
3640 3975 3663 4022 ;

2080 4064 2133 4108 et
2155 4040 2463 4107 concludit:
2497 4052 2689 4121 Fugite
2722 4054 3163 4118 fornicationem;
3195 4054 3432 4122 sequitur
3479 4061 3665 4106 tamen

2076 4145 2192 4213 ipse
2220 4155 2275 4198 et
2302 4144 2483 4197 dixit:
2529 4147 2698 4198 Omne
2748 4155 3025 4213 peccatum
3066 4145 3427 4214 quodcunque
3471 4142 3659 4197 fecerit

2078 4233 2261 4297 homo,
2293 4243 2445 4288 extra
2492 4246 2687 4300 corpus
2742 4244 2853 4297 est;
2889 4234 2976 4302 qui
3030 4243 3209 4288 autem
3246 4231 3568 4297 fornicatur,
3603 4231 3661 4283 in

2076 4337 2269 4391 corpus
2320 4323 2592 4391 pr0ptium
2628 4332 2811 4391 peccat
2844 4340 2856 4376 :
2889 4325 3042 4393 quasi
3066 4338 3197 4379 vero
3242 4322 3328 4376 illa
3361 4338 3476 4390 qua:
3496 4321 3655 4375 dinu-

2080 4414 2303 4469 meravit
2332 4422 2571 4483 peccata,
2604 4414 2828 4469 dicens:
2861 4414 3036 4471 Nolite
3063 4429 3271 4480 errare,
3305 4429 3475 4482 neque
3500 4411 3658 4465 forni-

2077 4515 2308 4568 catores,
2334 4518 2505 4572 neque
2535 4502 2693 4558 idolis
2722 4505 3051 4571 servientes,
3076 4520 3249 4575 neque
3277 4504 3525 4570 adulteri,
3562 4516 3660 4555 ne-

2079 4612 2179 4664 que
2211 4597 2421 4663 molles,
2448 4610 2618 4664 neque
2653 4597 3010 4651 masculorum
3052 4597 3451 4661 concubitores,
3483 4608 3662 4661 neque

2080 4684 2247 4750 fures,
2281 4700 2452 4755 neque
2498 4688 2665 4750 avari,
2700 4702 2873 4757 neque
2916 4689 3137 4754 ebriosi,
3161 4702 3333 4755 neque
3386 4684 3658 4749 maledici,

2080 4794 2251 4847 neque
2274 4793 2511 4845 rapaces,
2548 4795 2767 4848 regnum
2813 4781 2901 4835 Dei
2951 4781 3325 4848 possidebunt;
3353 4780 3449 4832 ista
3475 4777 3658 4831 omnia

2078 4869 2312 4923 facinora
2344 4878 2395 4923 et
2429 4870 2900 4941 ﬂagitia,nttuqttid
2930 4888 3035 4925 non
3072 4872 3168 4925 nisi
3197 4887 3291 4940 per
3312 4887 3508 4938 corpus
3536 4870 3653 4925 lieri

2080 4970 2169 5013 aut
2196 4961 2437 5015 exerceri
2495 4962 2904 5030 possunﬂquis
2961 4961 3063 5015 hoc
3091 4963 3206 5015 sani
3260 4961 3450 5030 capitis
3497 4961 3663 5014 homo

2084 5049 2391 5119 negaverit?
2443 5050 2631 5105 Totum
2682 5051 2879 5120 quippe
2928 5052 3085 5106 istum
3145 5053 3318 5107 locum
3366 5053 3659 5119 Apostolus

2084 5152 2301 5210 propter
2329 5143 2499 5209 ipsum
2531 5157 2749 5211 corpus,
2773 5144 2881 5211 jam
2903 5154 3137 5213 emptum
3167 5160 3359 5213 magno
3383 5146 3579 5213 pretio,
3604 5144 3658 5198 id

2081 5241 2182 5297 est,
2214 5232 2410 5287 Christi
2439 5236 2702 5304 sanguine
2727 5236 2989 5303 pretioso,
3022 5237 3385 5305 templumque
3417 5237 3657 5303 Spiritus

2081 5324 2249 5378 sancti
2278 5322 2471 5377 factum
2499 5340 2527 5377 a
2563 5325 2691 5390 Deo,
2726 5342 2793 5380 ue
2817 5327 3010 5380 talibus
3058 5325 3271 5397 ﬂagitiis
3301 5328 3655 5393 pollueretur,

2081 5413 2174 5468 sed
2208 5413 2384 5483 potius
2410 5416 2718 5469 inviolatum
2744 5426 2992 5487 tanquam
3020 5418 3110 5472 Dei
3152 5418 3508 5473 habitacuitltlt
3540 5434 3659 5473 ser-

2083 5515 2299 5559 varetur
2320 5545 2333 5567 ,
2360 5505 2549 5572 agebat
2581 5517 2634 5560 et
2681 5507 3021 5563 defendebat.
3045 5510 3225 5575 Quate
3252 5526 3383 5579 ergo
3430 5510 3660 5577 subjun-

2080 5609 2206 5663 get-e
2239 5595 2402 5648 voluit
2436 5596 2559 5662 hoc,
2591 5597 2731 5652 unde
2763 5598 2997 5654 difﬁcilis
3049 5604 3276 5668 quzestio
3321 5611 3655 5664 nasceretur,

2081 5688 2129 5741 id
2154 5694 2255 5752 est,
2291 5695 2345 5738 ιιι
2375 5684 2576 5740 diceret
2613 5705 2625 5739 :
2665 5689 2835 5744 Omtte
2870 5699 3142 5758 peccatum
3190 5690 3545 5759 quodcunque
3575 5689 3655 5744 l'ev

2077 5778 2208 5833 ccrit
2234 5777 2414 5844 homo,
2443 5787 2591 5832 extra
2624 5793 2817 5851 corpus
2848 5789 2960 5848 est;
2994 5780 3078 5850 qui
3110 5790 3287 5836 autem
3334 5780 3649 5847 fornicatur,
