4074 6186
425 330 453 381 1
468 328 570 382 οὲὅ

1564 323 1995 382 τιιεδειυιιυε.
2034 326 2188 383 CAP.
2230 327 2545 383 CCCXXXI.

3529 344 3668 400 1054

416 443 480 498 itt
512 455 703 511 corpus
728 454 885 496 suum
912 448 1113 513 peccat,
1141 450 1260 493 cum
1287 438 1525 505 siveipsa
1550 439 1851 504 fornicatio,
1878 442 1991 495 s‘ve
2021 443 2067 499 Α
2103 437 2432 494 familiariter
2458 455 2671 495 servum
2717 440 2947 514 [servus]
2994 445 3234 514 corporis
3284 461 3376 502 cor
3433 447 3673 509 homini,

412 538 526 589 alia
551 532 875 604 hnjusmodi,
896 547 1015 602 quae
1041 545 1144 584 non
1163 531 1261 586 nisi
1287 546 1380 598 per
1396 544 1589 599 cei-pus
1617 530 1749 584 fiunt
1777 542 1993 598 peccata

418 623 739 693 turpitudini
762 634 817 678 et
846 621 1186 676 fornicationi
1216 621 1507 686 simillima,
1537 635 1641 674 non
1669 621 1769 675 nisi
1794 636 1885 688 per
1912 621 1993 690 ip-

412 732 539 770 sum
563 731 753 783 corpus
776 724 1026 784 gerantur
1054 724 1213 782 atque
1234 713 1631 767 exerceantur?
1658 712 1796 779 Quid
1813 713 1994 767 enim?

417 809 688 878 poteritne
717 821 839 860 esse
864 803 1121 874 quispiam
1143 847 1157 870 ,
1189 814 1245 856 ut
1276 812 1469 858 cmtera
1514 810 1806 856 memorata
1832 816 1993 870 supc-

414 900 532 953 rius
556 907 781 964 taceant,
825 895 926 960 fur,
964 895 1047 949 vel
1091 894 1371 958 ebriosus,
1421 894 1500 950 vel
1557 893 1878 958 maledicus,
1905 893 1989 947 vel

413 1003 616 1055 rapax,
643 996 792 1040 extra
845 986 1211 1053 operationem
1259 987 1502 1054 corporis
1534 984 1726 1054 hujus?
1748 986 1992 1054 quamvis

414 1094 519 1134 nec
552 1079 663 1148 ipsa
696 1076 1025 1141 idololatria,
1059 1091 1227 1145 neque
1259 1077 1369 1146 ipsa
1397 1079 1636 1142 avaritia,
1667 1090 1857 1147 praeter
1878 1093 1992 1133 ser-

415 1171 604 1227 vitium
628 1170 868 1238 corporis
901 1169 1097 1238 poterit
1144 1168 1209 1223 ad
1264 1183 1415 1223 usum
1448 1170 1782 1238 fructumque
1835 1169 1987 1223 suum

414 1262 716 1331 pervenire.
743 1261 878 1329 Quid
909 1268 1141 1340 estergo
1160 1301 1174 1325 ,
1201 1261 1373 1316 Omne
1402 1272 1675 1327 peccatum
1716 1263 1989 1329 quodcun-

408 1370 520 1423 que
547 1352 731 1408 fecerit
762 1356 921 1407 bomo
942 1395 956 1419 ,
986 1362 1137 1407 extra
1173 1366 1370 1420 corpus
1401 1362 1513 1418 est;
1554 1353 1642 1421 qui
1671 1362 1845 1407 autem
1879 1354 1988 1407 for-

411 1444 645 1508 nicatur,
676 1445 728 1498 in
762 1458 956 1513 corpus
1000 1443 1273 1513 proprium
1314 1444 1532 1512 peccat?
1581 1443 1986 1513 Pritnum,quia

409 1536 717 1603 incorpore
746 1534 850 1588 isto
875 1532 1034 1587 homo
1064 1532 1409 1596 constitutus,
1441 1532 1694 1603 quidquid
1725 1536 1839 1589 solo
1870 1545 1987 1589 tan-

409 1641 525 1685 tum
554 1630 731 1682 animo
777 1627 972 1696 poterit
1020 1626 1197 1693 inique
1244 1626 1666 1694 concupiscere,
1715 1626 1819 1680 dici
1878 1643 1983 1680 non

410 1728 748 1787 potestextra
773 1732 965 1787 corpus
990 1715 1089 1770 hoc
1114 1716 1379 1769 hominem
1409 1715 1605 1780 facere,
1627 1730 1746 1769 cum
1774 1726 1984 1769 constat

2102 530 2436 597 fornicantis,
2464 534 2514 586 in
2544 541 2785 602 tempore
2839 537 3072 593 maxime
3125 539 3286 607 ipsius
3329 544 3671 613 nequissima:

2098 621 2446 687 operationis.
2479 622 2530 675 in
2572 631 2774 677 tantum
2806 635 2860 679 ut
2892 627 3004 693 ipse
3031 629 3311 695 Apostolus
3356 633 3672 692 incnlcatius

2099 709 2285 763 volens
2306 712 2689 769 commendare
2718 716 3007 770 cavendum
3068 718 3369 774 hominibus
3418 724 3518 780 hoc
3549 742 3660 780 ma-

2098 796 2230 864 lum,
2264 800 2458 856 dixerit
2486 820 2498 854 :
2526 803 2737 860 Tollens
2766 819 2894 875 ergo
2942 808 3177 863 membra
3220 808 3440 879 Christi,
3473 812 3663 868 faciam

2097 894 2333 945 membra
2379 895 2723 949 meretricis?
2752 905 2807 949 ct
2836 913 3120 953 exsecraris
3150 916 3211 954 ac
3259 901 3525 957 detestans
3555 921 3668 959 res-

2097 982 2364 1048 ponderit,
2394 983 2586 1038 Absit!
2622 987 2700 1038 An
2757 986 2993 1054 uesc;tis,
3054 989 3241 1057 inquit,
3270 994 3517 1060 quoniam
3570 996 3659 1062 qui

2094 1074 2331 1128 adlneret
2362 1075 2651 1141 meretrici,
2675 1092 2837 1131 unum
2871 1092 3066 1145 corpus
3120 1082 3239 1135 Cal?
3299 1083 3467 1139 Erunt
3519 1087 3662 1140 enim

2093 1166 2216 1230 duo,
2251 1167 2438 1238 inquit,
2475 1169 2525 1221 in
2557 1183 2719 1224 carne
2760 1185 2884 1224 una.
2916 1170 3160 1239 Nunquid
3216 1172 3316 1228 hoc
3347 1185 3526 1243 posset
3559 1177 3663 1232 dici

2092 1256 2159 1310 dc
2188 1258 2308 1313 aliis
2338 1268 2493 1328 atque
2519 1259 2634 1313 aliis
2661 1260 2960 1328 quibusque
2989 1261 3313 1317 facinoribus
3349 1266 3665 1322 hominum?

2094 1346 2344 1401 Liberum
2375 1358 2456 1403 est
2474 1349 2615 1404 enim
2648 1350 2824 1405 animo
2850 1351 3103 1417 humano,
3134 1353 3184 1406 iit
3216 1352 3337 1407 aliis
3366 1356 3665 1427 quibusque

2091 1436 2404 1499 sceleribus,
2445 1442 2505 1491 er
2528 1454 2691 1491 unum
2747 1439 2947 1507 aliquid
3002 1455 3187 1494 eorum
3241 1444 3468 1511 operari,
3504 1455 3556 1499 et
3602 1462 3667 1501 i-o

2093 1529 2208 1597 ipso
2233 1540 2475 1599 tempore
2508 1531 2634 1584 alibi
2660 1532 2979 1599 cogitatione
3011 1532 3261 1601 distendi,
3297 1536 3435 1603 quod
3467 1537 3516 1590 in
3552 1537 3662 1591 for-

2092 1620 2367 1674 uicatiunis
2401 1622 2698 1699 ipsoppere
2720 1632 2879 1691 atque
2910 1632 3150 1692 tempore
3202 1642 3304 1679 non
3334 1627 3453 1681 licet
3484 1631 3663 1683 animo

2088 1712 2152 1765 ad
2185 1712 2327 1767 aliud
2360 1713 2556 1782 aliquid
2587 1715 2924 1785 cogitandum
2958 1716 3181 1770 liberum
3213 1733 3332 1773 e.~se
3366 1738 3377 1771 :
3412 1721 3490 1775 sie
3521 1723 3658 1775 enim

406 1824 535 1865 cum
558 1808 756 1862 carnali
780 1822 941 1863 sensu
967 1806 1229 1861 etcaruali
1254 1805 1527 1875 prudentia
1549 1806 1647 1859 hoc
1668 1822 1847 1873 agerc,
1878 1808 1978 1861 isto
2013 1812 2056 1871 Β
2084 1816 2224 1859 totus
2256 1808 2413 1859 homo
2443 1808 2760 1862 absorbetur
2789 1810 2855 1861 ab
2886 1809 3002 1878 ipso
3033 1819 3087 1862 et
3137 1814 3189 1865 in
3240 1810 3355 1879 ips't
3410 1826 3655 1882 corpore,

411 1901 588 1955 adhuc
616 1901 1027 1967 circuntscptum
1071 1914 1314 1964 corpore.
1350 1896 1479 1951 Nam
1506 1907 1557 1952 et
1587 1898 1724 1966 quod
1757 1898 1809 1952 in
1842 1899 1983 1967 psal-

408 2010 501 2049 mo
529 1995 782 2063 scriptum
807 2003 889 2049 est
919 2010 932 2046 :
968 1993 1105 2048 Dixit
1157 1990 1349 2058 impius
1394 1992 1445 2045 in
1498 1992 1660 2045 corde
1714 2006 1836 2055 suo,
1867 1991 1980 2045 Non

402 2086 675 2153 cstDeus,
722 2085 862 2139 idem
909 2085 1093 2140 beatus
1132 2084 1419 2152 Apostolus
1460 2098 1564 2136 non
1596 2083 1770 2151 potuit
1801 2087 1982 2150 utique

404 2191 658 2246 separare
680 2192 709 2230 a
730 2175 992 2243 corporali
1024 2188 1188 2244 opere
1209 2214 1224 2240 ,
1251 2175 1339 2227 illo
1370 2175 1487 2228 loco
1510 2174 1595 2228 ubi
1623 2173 1697 2226 ait
1728 2191 1740 2225 :
1772 2175 1973 2228 Omnes

402 2267 701 2323 astabimus
722 2276 846 2321 ante
875 2265 1338 2327 tribunalChristi.
1369 2276 1424 2319 ut
1448 2265 1669 2333 recipiat
1694 2268 1979 2335 unusquis-

403 2376 513 2431 que
532 2359 820 2416 secundum
850 2374 911 2415 ea
930 2375 1046 2430 qua:
1080 2374 1172 2429 per
1185 2372 1379 2428 corpus
1406 2357 1592 2427 gessit,
1615 2358 1728 2412 sive
1756 2358 1975 2420 bonum,

398 2454 521 2508 sive
550 2452 745 2507 malum
781 2468 795 2505 :
826 2451 945 2523 q'uia
980 2451 1225 2505 videlicet
1257 2467 1359 2504 non
1387 2451 1481 2504 nisi
1518 2450 1567 2504 in
1597 2464 1823 2518 corpore
1846 2465 1977 2503 con-

398 2547 621 2598 stitutus
644 2544 839 2613 impius
871 2543 1037 2611 potuit
1066 2543 1246 2596 dicere
1267 2582 1280 2605 ,
1310 2541 1424 2595 Non
1476 2550 1557 2594 est
1604 2541 1779 2596 Deus:
1816 2551 1869 2594 ut
1902 2551 1979 2593 ta-

399 2650 577 2702 ceam,
609 2633 749 2702 quod
806 2632 860 2687 iu
910 2633 1011 2689 alia
1046 2632 1280 2701 Epistola
1327 2632 1440 2699 ipse
1494 2631 1690 2685 Doctor
1738 2631 1975 2700 gentium

397 2725 533 2780 dicit
564 2743 578 2779 :
608 2724 888 2781 Manifesta
928 2734 1105 2779 autem
1136 2733 1262 2777 sunt
1308 2737 1469 2792 opera
1499 2722 1708 2789 carnis;
1741 2732 1794 2777 et
1818 2738 1978 2778 exse-

397 2817 582 2885 quitur
609 2833 625 2871 :
653 2831 771 2886 qua:
799 2824 923 2873 sunt
963 2814 1372 2875 fornicationes,
1402 2812 1785 2879 immunditize,
1818 2811 1975 2865 luxu-

396 2907 548 2973 riae,
568 2907 843 2972 veneficia,
889 2905 1181 2959 inimicitia:
1201 2943 1217 2970 ,
1250 2904 1643 2963 contentiones,
1675 2901 1975 2956 aemulatio-

397 3010 519 3063 nes,
550 2997 920 3051 animositates
944 3037 960 3063 ,
1012 2993 1406 3059 dissensiones,
1439 2993 1702 3059 ltmreses,
1737 2992 1971 3055 invidiae,

394 3088 710 3154 ebrietates,
741 3094 797 3141 et
835 3085 916 3139 his
946 3085 1141 3140 similia
1168 3105 1182 3151 ;
1225 3100 1343 3154 qua:
1374 3084 1607 3153 prardico
1653 3083 1804 3137 vobis
1836 3084 1977 3136 sicut

2089 1898 2277 1966 utjam
2305 1898 2533 1951 dicinon
2581 1902 2747 1967 possit
2796 1901 2909 1966 ipse
2937 1900 3149 1955 animus
3199 1919 3326 1956 suns
3383 1919 3531 1970 esse,
3565 1906 3658 1959 sed

2085 1989 2240 2041 simul
2273 1991 2592 2044 totushomo
2615 1990 2717 2045 dici
2750 1992 2917 2059 possit
2944 1992 3084 2061 quod
3114 2008 3237 2047 caro
3256 1997 3340 2057 sit,
3369 2006 3421 2048 et
3444 1997 3662 2065 Spiritus

2083 2078 2281 2134 vadens
2309 2089 2363 2134 et
2393 2096 2496 2134 non
2525 2093 2819 2135 revertens.
2845 2082 2933 2137 Sic
2959 2097 3088 2153 ergo
3125 2098 3412 2153 possumus
3457 2088 3657 2141 intelli—

2083 2185 2209 2239 gere
2240 2170 2362 2240 quia
2394 2186 2553 2226 omne
2580 2183 2853 2241 peccatum
2884 2174 3240 2242 quodcunque
3266 2176 3447 2229 fecerit
3479 2177 3660 2248 hoino,

2083 2274 2232 2317 extia
2285 2278 2479 2332 corpus
2524 2274 2637 2331 est,
2668 2267 2754 2333 qui
2799 2276 2974 2320 autem
3027 2266 3337 2331 fornicatur,
3369 2269 3419 2322 iu
3469 2286 3661 2340 corpus

2084 2353 2354 2421 proprium
2383 2364 2603 2421 peccat:
2639 2364 2693 2407 nt
2722 2355 2983 2419 videatur,
3018 2367 3072 2408 ut
3100 2355 3228 2420 dixi,
3266 2360 3577 2426 Apostolus,
3609 2362 3658 2413 in

2083 2452 2283 2497 tantum
2329 2458 2651 2513 exaggerare
2683 2444 2915 2499 voluisse
2947 2444 3319 2500 fornicationis
3350 2448 3568 2513 malum,
3604 2462 3660 2504 ut

2080 2534 2133 2588 in
2183 2537 2587 2604 comparatione
2638 2534 2794 2602 hujus
2841 2535 3230 2603 fornicationis,
3263 2547 3454 2591 caetera
3507 2547 3655 2592 extra

2078 2641 2273 2696 corpus
2314 2625 2553 2680 habenda
2595 2640 2716 2680 esse
2762 2626 2974 2681 duxerit
3021 2643 3355 2698 qua‘cnnque
3414 2642 3653 2698 psccata,

2078 2722 2194 2776 solo
2224 2722 2323 2775 hoc
2376 2718 2745 2774 lariumtnodo
2803 2718 3167 2774 fornicationis
3200 2721 3341 2775 malo
3374 2722 3427 2775 in
3461 2737 3659 2792 corpus

2081 2811 2347 2881 pI‘OpriItlll
2381 2808 2591 2880 peccari
2624 2808 2839 2871 dixerit,
2872 2811 2993 2879 quia
3048 2812 3253 2880 majore
3308 2811 3542 2866 libidinis
3572 2828 3658 2868 ar-

2077 2902 2229 2963 dure,
2260 2917 2365 2970 quo
2392 2901 2636 2965 superior
2660 2899 2833 2954 uultus
2859 2909 2961 2966 est,
2994 2902 3239 2971 voluptas
3267 2904 3435 2971 ipsius
3463 2919 3657 2974 corpo-

2078 2996 2149 3050 ris
2173 3003 2315 3048 tenet
2328 3010 2540 3049 servum
2564 2994 2832 3061 efficitque
2854 2995 3150 3063 captivum.
3171 2994 3292 3049 llaec
3305 2996 3445 3050 dicta
3462 2996 3569 3050 sint
3583 2996 3651 3052 de

2076 3086 2294 3155 speciali
2319 3085 2669 3141 fornicatione
2698 3084 2855 3156 hujus
2884 3085 3162 3155 corporis;
3186 3101 3370 3141 verum
3402 3089 3525 3157 quia
3550 3104 3655 3142 non

398 3178 647 3249 praedixi,
673 3177 796 3248 quia
824 3178 910 3246 qui
945 3176 1067 3230 talia
1100 3185 1261 3246 agunt
1295 3190 1512 3243 regnum
1544 3174 1635 3227 Dei
1670 3189 1772 3226 non
1805 3174 1971 3242 possi-
2003 3181 2051 3248 (ζ
2082 3177 2253 3231 solum
2294 3176 2571 3231 fornicatio
2614 3179 2665 3229 in
2711 3177 2878 3231 sacris
2936 3177 3127 3231 litteris
3175 3177 3498 3246 specialiter,
3560 3180 3653 3234 sed

398 3271 626 3324 debunt.
667 3266 914 3337 Nunquid
940 3268 1082 3321 enim
1115 3282 1220 3319 non
1250 3266 1459 3318 videtur
1493 3265 1646 3318 nobis
1670 3272 1823 3317 extra
1854 3278 1971 3317 cor-

398 3373 501 3427 pus
526 3357 639 3413 fieri
660 3369 850 3412 ctetera
875 3356 963 3410 illa
990 3371 1107 3425 qua:
1135 3356 1207 3410 ibi
1231 3355 1571 3423 interposuit,
1587 3354 1969 3419 :emnlatiOnes,

394 3452 766 3507 animositates
790 3492 806 3517 ,
858 3450 1219 3504 dissensiones
1243 3490 1258 3517 ,
1318 3446 1563 3514 invidias,
1620 3447 1893 3500 hzereses?
1920 3456 1974 3499 ct

395 3550 576 3595 tamen
608 3541 856 3608 Operibus
888 3538 1065 3593 carnis
1088 3538 1185 3591 ista
1218 3537 1399 3591 tribuit
1432 3537 1626 3589 Doctor
1647 3537 1887 3606 gentium
1921 3538 1970 3591 itt

396 3632 506 3686 fide
531 3643 582 3687 et
605 3633 846 3686 veritate.
874 3630 1009 3696 Quid
1038 3638 1119 3683 est
1148 3643 1295 3697 ergo,
1319 3629 1487 3682 Omne
1508 3638 1785 3697 peceatum
1801 3630 1939 3697 quod
1956 3659 1972 3670 -

392 3738 607 3793 cunque
628 3723 815 3777 fecerit
838 3723 1020 3787 homo,
1050 3730 1199 3775 extra
1232 3734 1425 3788 corpus
1446 3728 1557 3783 est;
1588 3729 1641 3772 et
1669 3734 1827 3772 unum
1859 3729 1974 3771 tan-

395 3813 675 3868 tummodo
707 3814 1083 3867 fornicationis
1113 3817 1391 3880 peccatum
1423 3811 1722 3871 nominans,
1747 3809 1842 3875 ait,
1868 3810 1965 3875 Qui

390 3917 569 3959 autem
585 3906 692 3976 92
712 3904 1024 3969 fornicatur,
1048 3904 1100 3957 in
1124 3917 1316 3971 corpus
1343 3902 1613 3969 preprinm
1638 3902 1852 3969 peccat?
1871 3902 1972 3968 Ap

390 4006 547 4067 paret
560 3997 719 4066 igitur
731 3996 899 4052 cuivis
917 3995 1066 4050 tardo
1081 4004 1133 4049 et
1148 3991 1970 4065 obtunso[obtusol,quatn[qute]

385 4089 466 4143 sit
485 4093 580 4142 ista
603 4089 825 4159 qumstio
841 4085 1094 4151 difficilis;
1117 4100 1275 4154 quam
1293 4084 1549 4137 Dominus
1568 4085 1665 4151 pia:
1689 4083 1966 4137 intentioni

387 4178 688 4248 nostrae,si
720 4179 1103 4248 aliquantulum
1152 4179 1401 4248 dignatus
1450 4176 1607 4231 fuerit
1655 4177 1969 4232 illucescere

387 4281 552 4339 atque
581 4270 840 4337 revelare,
886 4267 1180 4339 poterimus
1227 4266 1425 4335 aliquid
1475 4266 1862 4320 rationabiliter
1885 4266 1964 4320 di-

385 4375 538 4413 cere.
571 4359 791 4413 Videtur
822 4360 961 4413 enim
987 4360 1171 4412 beatus
1222 4359 1534 4426 Apostolus,
1570 4360 1620 4412 in
1645 4373 1750 4428 quo
1780 4358 1968 4427 loque-

393 4452 557 4504 batur
583 4451 858 4513 Christus,
891 4460 980 4504 aut
1011 4466 1335 4521 exaggerate
1383 4451 1615 4506 voluisse
1666 4451 1967 4505 fornicatio-

2080 3271 2240 3324 etiam
2264 3271 2583 3338 generaliter
2624 3270 2866 3340 arguitur
2916 3277 2969 3324 et
3017 3270 3344 3336 nominatur,
3374 3286 3654 3336 conemur,

2081 3362 2190 3417 Deo
2219 3362 2524 3431 adiuvante,
2558 3370 2613 3417 et
2643 3362 2763 3415 hinc
2804 3362 3004 3431 aliquid
3052 3361 3405 3431 probabiliter
3450 3362 3652 3417 dicere.

2079 3451 2361 3507 Generalis
2411 3453 2569 3522 igitur
2624 3452 2906 3507 fornicatio
2962 3462 3142 3521 aperte
3197 3453 3570 3507 manifestatur
3602 3454 3653 3508 itt

2078 3544 2305 3612 psalmo,
2340 3542 2426 3597 ubi
2457 3542 2650 3598 dicitur
2682 3559 2693 3595 :
2725 3542 2986 3611 Quoniam
3031 3558 3156 3597 ecce
3185 3543 3271 3613 qui
3310 3543 3466 3613 longe
3489 3559 3545 3597 se
3576 3542 3656 3596 fa-

2076 3637 2218 3688 ciunt
2240 3649 2268 3687 a
2299 3644 2370 3696 te,
2401 3631 2685 3703 peribunt;
2722 3633 2998 3701 perdidisti
3031 3650 3243 3687 omnem
3302 3635 3390 3704 qui
3425 3634 3656 3688 fornica-

2076 3732 2162 3777 tur
2194 3724 2288 3775 abs
2337 3732 2409 3775 te.
2447 3723 2543 3776 Ubi
2571 3724 2960 3791 subsequenter
2987 3724 3215 3791 qualiter
3247 3725 3344 3777 ista
3383 3725 3650 3791 generalis

2074 3814 2359 3868 fornicatio
2387 3814 2612 3867 cvadiet
2639 3811 2797 3881 effugi
2845 3814 3032 3882 possit,
3077 3814 3644 3885 adjunxit[enim]di-

2073 3921 2199 3959 cens
2217 3923 2229 3958 :
2247 3904 2373 3959 Mihi
2396 3914 2575 3959 autem
2590 3904 2865 3959 adltmrere
2891 3904 3001 3959 Deo
3026 3905 3221 3958 bonum
3241 3914 3323 3960 est
3348 3922 3361 3958 :
3384 3915 3440 3959 ιιι
3461 3907 3653 3960 exinde

2071 3996 2223 4050 facile
2248 3995 2583 4049 advertamus
2614 3995 2754 4047 illam
2804 4009 2922 4049 esse
2967 3997 3270 4064 generalem
3327 3997 3641 4053 fornicatio-

2073 4084 2394 4138 nemanima:
2414 4088 2677 4147 humanae,
2698 4100 2800 4151 qua
2827 4101 2932 4138 non
2952 4087 3231 4141 adhmrens
3260 4087 3483 4158 quisque
3514 4088 3647 4157 Deo,

2071 4176 2309 4229 adimeret
2374 4175 2593 4229 mundo.
2648 4174 2797 4229 Unde
2845 4175 3031 4229 beatus
3097 4177 3370 4245 apostolus
3415 4178 3651 4233 Joannes

2071 4267 2197 4320 dicit
2229 4284 2241 4317 :
2278 4267 2333 4321 Si
2363 4266 2481 4335 quis
2513 4264 2761 4320 dilexerit
2793 4267 3071 4331 mundum,
3099 4266 3317 4321 dilccuo
3341 4267 3515 4322 Patris
3544 4283 3649 4325 non

2069 4366 2149 4409 est
2181 4356 2232 4409 in
2260 4356 2385 4421 illo;
2415 4354 2755 4423 etapostolus
2781 4357 3011 4411 lat-obus
3040 4356 3203 4410 dicit:
3234 4357 3495 4425 Adaltcri,
3522 4372 3650 4411 nes.

2069 4447 2190 4502 citis
2220 4447 2340 4515 quia
2382 4448 2619 4501 amicitia
2669 4447 2827 4514 hujus
2881 4447 3058 4501 mundi
3103 4446 3311 4501 inimica
3367 4457 3445 4502 est
3497 4448 3653 4502 Deo?

386 4544 478 4598 llis
511 4542 703 4597 malum
732 4558 894 4609 super
924 4551 1116 4595 czetera
1169 4543 1344 4595 omnia
1402 4551 1641 4611 peccata,
1696 4557 1813 4610 quze
1864 4542 1963 4596 etsi
1994 4539 2044 4599 D
2074 4540 2317 4594 Breviter
2344 4555 2472 4609 ergo
2499 4540 2779 4593 definitum
2804 4549 2884 4593 est
2912 4555 3015 4592 non
3048 4555 3206 4607 posse
3236 4538 3432 4593 habere
3471 4538 3637 4594 dilec-

383 4650 487 4703 per
532 4648 727 4705 corpus
766 4632 1188 4697 committantur,
1234 4649 1336 4685 non
1366 4643 1542 4686 tamen
1586 4632 1821 4685 animum
1872 4634 1970 4686 ltu-

382 4742 605 4782 tnanum
622 4725 1068 4794 concupiscentiae
1084 4726 1284 4779 carnali
1310 4727 1377 4778 ita
1401 4726 1633 4779 efficiunt
1647 4725 1961 4779 obstrictum

381 4830 445 4874 et
474 4819 783 4883 obnoxium,
810 4818 1259 4887 quemadmodum
1310 4818 1360 4871 in
1397 4818 1512 4871 solo
1543 4832 1707 4885 opere
1737 4816 1968 4870 fornica-

389 4908 555 4962 tionis
582 4908 877 4974 corporalis
936 4907 1273 4961 commisceri
1333 4906 1458 4961 facit
1506 4907 1740 4959 animnm
1774 4907 1852 4958 vis
1882 4906 1963 4959 in-

383 5015 523 5070 gens
549 4998 783 5054 libidinis
811 5013 932 5052 cum
989 4999 1101 5067 ipso
1132 5012 1375 5062 corpore,
1407 5005 1460 5051 et
1500 5014 1658 5051 unum
1690 5013 1808 5050 cum
1847 4999 1963 5067 ipso

379 5089 785 5161 quodammodo
815 5090 1129 5157 agglutinari
1159 5099 1210 5143 et
1234 5090 1537 5143 devinctum
1566 5103 1686 5143 esse
1717 5106 1729 5142 :
1764 5089 1815 5142 iu
1850 5099 1962 5141 tan-

386 5194 501 5235 tmn
535 5193 591 5233 ut
624 5180 756 5232 nihil
786 5179 927 5232 aliud
958 5180 1072 5246 ip<0
1096 5187 1367 5232 momento
1396 5186 1449 5231 et
1479 5180 1842 5244 experimento
1866 5178 1963 5231 Ιιιι-

377 5272 475 5341 jus
505 5280 609 5323 lam
631 5273 804 5340 magni
834 5271 1013 5339 flagitii
1047 5272 1280 5340 cogitare
1328 5270 1525 5322 homini
1581 5269 1738 5324 liceat
1766 5278 1853 5323 aul
1883 5270 1965 5322 in-

382 5361 629 5424 tendere,
663 5361 761 5413 nisi
814 5360 953 5427 quod
1008 5361 1220 5414 stintet
1271 5360 1469 5413 addicit
1519 5369 1771 5426 mentem,
1804 5376 1962 5430 quam

381 5450 650 5520 captivam
677 5451 855 5503 subdit
880 5450 992 5520 ipsa
1022 5452 1342 5515 submerslo,
1372 5461 1424 5505 et
1447 5451 1842 5521 quodammodo
1872 5454 1965 5507 ab-

382 5541 591 5611 sorptio
622 5542 860 5597 libidinis
903 5551 956 5595 et
981 5542 1411 5607 concupiscentia
1458 5544 1709 5610 carnalis,
1753 5553 1811 5598 ιιι
1862 5547 1963 5600 hoc

379 5651 505 5691 esse
528 5634 793 5698 videatur;
818 5635 956 5702 quod
984 5635 1182 5688 dietum
1205 5646 1285 5688 cst
1306 5654 1315 5686 :
1334 5635 1431 5700 Qui
1451 5643 1626 5688 autem
1651 5636 1961 5702 fornicatur,

384 5727 440 5784 ιιι
469 5741 661 5795 corpus
690 5726 959 5796 proprium
1014 5737 1230 5797 peccat,
1264 5729 1381 5801 quia
1429 5736 1552 5784 tunc
1579 5729 1632 5783 fit
1667 5730 1877 5801 proprie
1909 5739 1962 5785 et

2072 4634 2268 4687 tionem
2298 4633 2415 4697 Dei,
2451 4633 2537 4700 qui
2563 4632 2807 4686 habuerit
2841 4632 3182 4685 dilectionem
3215 4631 3394 4683 mundi
3421 4648 3434 4698 ;
3459 4640 3512 4685 et
3534 4630 3638 4685 ini-

2073 4726 2266 4780 micum
2298 4739 2419 4779 esse
2452 4725 2566 4784 Dei,
2592 4725 2676 4792 qui
2710 4725 2911 4777 amicus
2926 4740 3045 4778 esse
3076 4724 3298 4777 voluerit
3331 4723 3535 4781 mundi.
3564 4724 3640 4779 Ad

2072 4820 2173 4871 hoc
2195 4818 2354 4872 etiam
2380 4817 2611 4886 pertinet
2639 4815 2777 4885 quod
2806 4815 3063 4869 Dominus
3090 4816 3140 4868 iu
3168 4814 3460 4885 Evangelia
3484 4815 3642 4877 dicit;

2067 4907 2235 4963 Nemo
2285 4915 2459 4975 potest
2504 4904 2713 4960 duobus
2756 4904 2988 4959 dominis
3042 4904 3249 4959 servire
3303 4922 3315 4957 :
3357 4912 3446 4959 aut
3500 4906 3640 4959 enim

2070 5016 2231 5053 nnttm
2260 5000 2382 5053 odio
2424 4996 2658 5064 habebit,
2701 5004 2757 5052 et
2808 4998 3032 5051 alterum
3095 4998 3305 5067 diliget;
3340 5006 3430 5051 aut
3479 5010 3640 5052 unum

2070 5094 2319 5161 patietur,
2355 5099 2407 5143 et
2438 5089 2665 5142 alterum
2700 5099 3039 5155 contemnet;
3063 5098 3118 5142 et
3174 5088 3445 5142 concludit
3476 5104 3488 5137 :
3521 5086 3639 5141 Non

2070 5181 2290 5251 potestis
2322 5181 2429 5235 Deo
2458 5183 2662 5235 servire
2692 5192 2744 5233 ct
2772 5196 3110 5235 mammonae.
3140 5181 3239 5234 Ista
3267 5187 3350 5233 est
3395 5193 3523 5246 ergo
3548 5193 3639 5247 ge-

2070 5274 2287 5340 neralis,
2314 5284 2368 5327 ut
2398 5274 2595 5328 dictum
2625 5282 2727 5339 est,
2759 5272 3037 5327 fornicati.)
3062 5272 3274 5335 animae,
3310 5269 3488 5322 omnia
3520 5283 3637 5322 om.

2069 5367 2194 5419 nino
2249 5365 2299 5418 in
2346 5380 2404 5419 sc
2455 5363 2771 5429 continens,
2826 5379 2929 5433 qua
2988 5377 3091 5416 non
3140 5362 3443 5414 adhmretur
3493 5359 3632 5427 Deo,

2063 5456 2187 5518 dum
2218 5456 2520 5509 adltmretur
2549 5454 2750 5508 mundo
2781 5469 2796 5508 ι
2826 5463 2883 5506 ιιι
2923 5453 3080 5506 etiam
3113 5452 3192 5503 sic
3220 5448 3514 5515 intelligere
3543 5464 3636 5500 va,

2063 5547 2299 5611 luamus,
2324 5544 2614 5599 secundum
2654 5545 2807 5598 istam
2840 5544 3145 5613 generalem
3201 5539 3634 5604 fornicationem,

2062 5638 2201 5707 quod
2257 5638 2333 5691 ait
2383 5636 2714 5705 Apostolus:
2747 5635 2916 5689 Omne
2966 5641 3237 5701 peccatum
3279 5630 3636 5699 qttodtiunqtlu

2062 5732 2175 5784 fcce
2207 5729 2245 5784 it
2274 5730 2456 5792 homo,
2488 5735 2642 5783 extra
2666 5738 2858 5797 corpus
2882 5722 3095 5791 cst;qni
3126 5732 3303 5778 autem
3326 5721 3634 5788 fornicatur,
