4074 6186
492 373 627 426 {(155

1556 370 1618 423 Ι).
1661 366 1974 425 EUGYPPll
2017 365 2307 422 ABBATIS
2346 367 2670 423 AFliICANI

3611 369 3753 427 1056

492 503 541 538 In
582 496 775 552 corpus
808 482 1079 552 proprium
1133 488 1332 548 prerat.
1374 478 1506 544 Quia
1537 479 1581 533 si
1612 495 1714 532 non
1769 479 2059 531 fornicotur
2087 482 2133 535 Α
2168 478 2365 533 mundo
2386 488 2439 533 et
2462 479 2729 535 alienatur
2773 495 2803 534 a
2833 481 2971 536 Deo:
3000 482 3143 549 quod
3176 490 3279 546 est,
3315 490 3373 537 ut
3396 482 3599 538 dictum
3627 493 3750 540 est:

496 578 669 628 anima
725 575 978 637 humana,
1029 570 1351 625 adhaerendo
1405 570 1536 637 Deo,
1595 586 1693 624 nec
1743 567 2070 622 adlncreudo

494 666 711 725 mundo,
745 678 1070 732 quacunque
1118 662 1218 714 alia
1270 670 1507 729 peccata,
1558 676 1587 714 a
1641 658 2068 727 concupiscentia

491 757 690 811 earuali
735 770 948 823 prorsus
980 753 1151 807 aliena
1176 796 1189 818 ,
1224 755 1459 823 potuerit
1510 769 1604 823 pro
1643 754 1756 822 ipsa
1792 752 2072 821 fragilitate

490 847 852 910 mortalitatis,
890 848 968 898 vel
1004 846 1320 916 ignotando,
1346 848 1427 899 vel
1449 846 1792 915 negligendo,
1820 846 1901 898 vel
1936 844 2073 898 obli-

490 938 761 1002 viscenda,
796 939 877 993 vel
907 954 1009 992 non
1045 940 1390 1009 intelligetth
1415 940 1576 993 homo
1626 940 1923 1003 incurrere,
1959 937 2061 992 hoc

489 1031 718 1100 sitquod
751 1032 949 1085 dictum
1002 1042 1082 1086 est
1113 1047 1131 1084 :
1169 1031 1337 1086 Omne
1391 1038 1661 1100 peccatum
1719 1030 2075 1101 quodcunque

491 1122 677 1176 fecerit
705 1123 866 1175 homo
885 1164 899 1187 ,
935 1132 1083 1177 extra
1113 1138 1308 1189 corpus
1323 1133 1404 1176 est
1433 1139 1448 1182 ;
1475 1124 1595 1192 quia
1621 1124 1818 1176 nullum
1840 1123 1924 1175 hic
1952 1136 2073 1175 eor-

494 1214 693 1282 poralis
721 1215 803 1268 vel
852 1214 1163 1281 temporalis
1192 1214 1644 1280 concupiscentia:
1676 1221 1950 1282 peccatum
1984 1225 2075 1278 ιτο-

495 1303 620 1358 terit
650 1305 870 1372 reperiri
907 1322 920 1358 :
957 1304 1096 1357 unde
1126 1304 1314 1357 merito
1347 1315 1496 1357 extra
1529 1319 1722 1372 corpus
1762 1317 1884 1357 esse
1907 1301 2076 1371 quod-

498 1395 621 1447 libet
655 1396 759 1448 tale
791 1406 1066 1465 peccaturo
1096 1395 1198 1448 diei
1248 1394 1478 1448 videtur.
1512 1396 1663 1461 Quod
1692 1395 1737 1449 si
1792 1395 2074 1450 adltmrens

492 1485 689 1537 ntttntlo
744 1485 1045 1537 mundanus
1100 1484 1305 1552 homo,
1358 1485 1515 1553 longe
1569 1500 1627 1540 se
1676 1485 1801 1539 facit
1848 1502 1878 1539 a
1937 1485 2075 1549 Deo,

492 1576 811 1630 fornicando
840 1576 909 1631 ab
958 1577 1075 1646 ipso
1119 1577 1248 1643 Deo,
1302 1578 1353 1631 in
1404 1593 1599 1646 corpus
1645 1579 1915 1649 proprium
1949 1592 2075 1645 pec-

491 1678 597 1733 cat,
636 1670 757 1738 quia
797 1670 1062 1737 corporali
1091 1671 1544 1738 εοηρυιιίεοοιιιίει,
1595 1672 1648 1725 in
1680 1687 1902 1741 qumque
1935 1681 2077 1726 tem-

494 1761 695 1827 poralia
724 1768 778 1813 et
808 1760 1059 1824 carnalia,
1109 1762 1308 1815 carnali
1364 1776 1523 1817 sensu
1566 1771 1622 1817 et
1670 1764 1945 1833 prudentia
1978 1764 2075 1818 Itu-

2176 569 2383 625 luitiutn
2417 574 2680 641 superbim
2711 573 2938 628 hominis
2958 585 3265 644 apostatare
3295 592 3324 629 a
3350 576 3461 630 Deo
3489 594 3502 640 ;
3536 587 3750 646 prepter

2176 663 2315 728 quod
2350 662 2616 730 generalis
2645 662 3017 719 fornicationis
3048 666 3351 720 cavendum
3395 666 3596 720 malum
3625 667 3756 721 bea-

2179 762 2260 805 tus
2287 752 2522 808 Joannes
2544 754 2796 811 admonet
2813 756 3025 813 dicens:
3043 757 3216 812 Nolite
3233 758 3457 827 diligere
3481 759 3759 823 mundum,

2178 859 2351 912 neque
2380 858 2442 899 ea
2462 860 2578 914 quae
2594 856 2717 901 sunt
2742 847 2793 901 in
2818 848 3039 913 mundo,
3066 850 3318 919 quoniam
3343 866 3462 921 qua:
3481 851 3533 904 in
3560 852 3762 905 mundo

2178 945 2333 1000 sunt,
2366 938 2798 1006 concupiscentia
2857 943 3036 995 carnis
3080 951 3183 1007 est,
3234 951 3287 997 et
3327 945 3761 1013 concupiscentia

2177 1026 2477 1092 oculorum,
2518 1039 2571 1083 et
2600 1028 2823 1083 ambitio
2856 1030 2979 1084 vitze
3025 1032 3229 1097 saeculi,
3262 1048 3381 1100 qua:
3440 1049 3545 1086 non
3584 1042 3669 1087 est
3696 1048 3763 1088 ex

2179 1118 2358 1183 Patre,
2392 1120 2485 1174 sed
2511 1136 2576 1175 ex
2606 1121 2838 1187 mundo;
2870 1133 2923 1177 et
2955 1124 3182 1177 mundus
3224 1125 3466 1189 transiet,
3491 1135 3542 1179 et
3564 1140 3762 1180 concu-

2179 1210 2436 1277 piscentia
2466 1210 2599 1279 ejus.
2635 1212 2733 1278 Qui
2785 1223 2963 1267 autem
3018 1214 3208 1270 fecerit
3256 1215 3583 1270 voluntatem
3644 1216 3762 1282 Dei,

2180 1311 2358 1356 manet
2387 1302 2439 1355 in
2466 1313 2727 1358 azternum
2748 1345 2764 1369 ,
2794 1305 3033 1360 sicutille
3063 1316 3242 1362 manet
3275 1308 3623 1363 iumteruum.
3659 1308 3760 1362 Ista

2178 1407 2304 1461 ergo
2331 1392 2547 1448 dilectio
2569 1395 2791 1462 mundi,
2822 1411 2941 1466 quas
2986 1397 3341 1453 universalem
3379 1400 3430 1453 in
3467 1414 3526 1455 se
3556 1414 3757 1455 concu-

2180 1486 2494 1553 piscentiam
2521 1489 2762 1541 continet
2797 1488 3003 1554 mundi,
3039 1490 3305 1560 generalis
3334 1499 3418 1546 est
3456 1491 3763 1561 fornicatio,

2178 1591 2281 1646 qua
2314 1585 2565 1645 peccatur
2586 1578 2638 1631 in
2666 1592 2862 1645 corpus
2905 1578 3202 1646 proprium,
3249 1596 3314 1634 eo
3346 1579 3484 1648 quod
3513 1581 3767 1635 omnibus

2178 1672 2546 1740 corporalibus
2570 1672 2957 1737 etvisibilibus,
2975 1682 3033 1727 et-
3055 1674 3437 1743 temporalibus
3462 1672 3761 1736 desideriis,

2184 1772 2236 1817 et
2265 1761 2628 1831 voluptatibus
2682 1763 2929 1818 humanis
2970 1764 3332 1820 indesinenter
3359 1766 3527 1819 servit
3555 1766 3764 1820 animus

496 1866 685 1905 manus
713 1852 919 1905 animus
961 1852 1193 1906 trahitur
1237 1861 1395 1921 atque
1436 1854 1771 1921 distrahitur,
1813 1850 2075 1909 creatura:
2109 1855 2151 1914 B
2180 1854 2246 1907 ab
2275 1854 2391 1923 ipso
2419 1852 2676 1910 Creatore
2720 1854 3094 1910 universorum
3125 1856 3401 1912 desolatus
3426 1866 3588 1929 atque
3612 1857 3766 1913 dere-

498 1942 739 1996 serviens
791 1944 964 2010 potius
1019 1958 1173 2010 quam
1207 1943 1468 2007 Creatori,
1513 1945 1599 2012 qui
1632 1957 1713 1998 est
1764 1945 2075 2000 benedictus

498 2034 554 2086 in
590 2035 804 2087 saecula.
862 2033 951 2089 Sic
998 2049 1145 2101 ergo,
1178 2045 1432 2103 quantum
1473 2036 1601 2089 mihi
1654 2036 1877 2102 videtur,
1927 2040 2075 2092 salva

496 2124 633 2190 fide,
692 2124 910 2193 intelligi
960 2133 1170 2192 potest,
1220 2125 1500 2194 utriusque
1557 2126 1921 2181 fornicationis
1963 2144 2074 2182 ma-
2128 2180 2139 2191 _

497 2216 627 2283 lum,
663 2225 765 2269 tam
792 2218 1041 2285 specialis
1064 2233 1220 2286 quam
1252 2218 1589 2284 universalis,
1632 2219 1686 2273 in
1718 2220 1820 2275 hoc
1854 2236 1958 2275 uno
1987 2237 2075 2276 ca-

498 2306 665 2375 pitnlo
685 2307 813 2360 tanti
839 2316 892 2361 et
937 2316 1042 2361 tam
1094 2309 1270 2376 magni
1309 2308 1577 2377 Doetoris,
1610 2310 1695 2364 ubi
1750 2310 1823 2365 ait
1859 2329 1869 2364 :
1903 2312 2075 2368 Omne

496 2407 769 2464 peccatum
791 2397 1143 2466 quodcunque
1168 2397 1356 2452 fecerit
1383 2398 1561 2461 homo,
1587 2408 1734 2454 extra
1754 2416 1947 2477 corpus
1958 2412 2072 2469 est;

495 2488 585 2555 qui
613 2499 790 2541 autem
828 2488 1151 2554 fornicatur,
1180 2488 1228 2541 itt
1276 2504 1469 2558 corpus
1506 2495 1777 2558 pr0priutn
1839 2504 2023 2560 peceait
2054 2512 2066 2546 :

496 2586 553 2628 ut
582 2578 1031 2647 autexaggeratio
1070 2578 1206 2633 facta
1237 2580 1306 2634 sit
1333 2581 1401 2634 ab
1451 2580 1710 2650 Apostolo
1762 2583 1919 2651 hujus
1948 2600 2073 2654 spe-

496 2668 646 2721 cialis
679 2669 1072 2735 fornicationis,
1100 2688 1201 2739 qtta
1231 2674 1279 2725 in
1311 2687 1507 2741 eorpus
1539 2690 1650 2743 pro;
1673 2676 1807 2729 rium
1865 2677 2073 2744 peccati

493 2772 637 2818 recte
661 2763 998 2832 intelligitur,
1032 2764 1151 2834 quia
1185 2780 1445 2834 nusquam
1474 2766 1550 2820 sic
1586 2776 1727 2821 totus
1767 2769 1926 2823 homo
1954 2785 2075 2824 eur-

492 2857 636 2921 poris
684 2855 849 2923 ipsius
879 2856 1135 2925 voluptati
1169 2856 1455 2922 addicitur,
1499 2869 1551 2912 et
1586 2858 1944 2923 ineifabiliter,
1989 2860 2073 2916 vel

493 2944 895 3013 iuevitabiliter,
923 2946 1179 3017 afligitur,
1200 2960 1255 3002 ut
1280 2950 1331 3002 in
1355 2964 1492 3015 cum;
1514 2951 2072 3020 arationebujusmnti

492 3038 618 3091 mali
661 3049 853 3095 ca‘tera
894 3050 1107 3108 peccata
1154 3051 1303 3095 extra
1358 3056 1555 3113 corpus
1605 3058 1727 3098 esse
1762 3044 2069 3113 videantur,

490 3130 700 3186 etiamsi
736 3148 830 3200 per
861 3148 1055 3203 corpus
1084 3144 1458 3193 exerceantur.
1492 3137 1953 3204 Quemadmodum
1985 3153 2073 3192 so—

2180 1948 2361 2003 news"
2660 2019 2885 2078 CAPUT
2923 2020 3273 2077 cccxxxu.

2748 2111 2826 2167 De
2852 2114 3060 2167 scientia
3086 2111 3201 2167 Dei.

2246 2222 2419 2277 Omne
2466 2223 2790 2293 praeteritum
2836 2225 2946 2293 jam
2998 2239 3101 2278 non
3151 2234 3275 2288 est;
3326 2236 3484 2276 omne
3533 2221 3765 2275 futurum

2179 2315 2412 2368 nondum
2445 2326 2557 2382 est;
2589 2331 2747 2371 omne
2784 2316 2945 2385 igitur
2974 2326 3027 2371 et
3057 2316 3403 2385 prateritum,
3429 2324 3486 2367 et
3530 2314 3764 2367 futurum

2176 2409 2348 2462 deest.
2394 2410 2544 2478 Apud
2592 2409 2755 2465 Deum
2794 2420 2971 2465 autem
3018 2409 3150 2464 nihil
3191 2408 3382 2479 deesse
3423 2408 3644 2477 [deest],
3673 2424 3767 2465 nec

2182 2500 2508 2566 praeteritum
2542 2500 2721 2569 igitur,
2769 2514 2869 2556 nec
2915 2500 3181 2566 futurum,
3214 2499 3307 2554 sed
3338 2512 3499 2553 omne
3530 2513 3771 2567 praesens

2179 2600 2262 2644 est
2289 2590 2427 2659 apud
2458 2589 2647 2645 Deum.

2737 2680 2813 2736 De
2840 2684 2973 2736 trina
3006 2683 3203 2737 virtute.

2248 2771 2418 2826 Omne
2475 2773 2615 2842 quod
2670 2782 2787 2839 est,
2840 2774 2981 2828 aliud
3033 2784 3114 2828 est
3166 2790 3269 2844 quo
3324 2784 3567 2842 constat;
3622 2776 3771 2830 aliud

2176 2880 2282 2934 quo
2314 2865 2664 2930 discernitur;
2692 2864 2833 2919 aliud
2866 2881 2971 2936 quo
3001 2868 3265 2936 congruit.
3316 2866 3573 2924 Universa
3608 2871 3773 2939 igitur

2177 2968 2419 3013 creatura
2453 2960 2496 3013 si
2526 2967 2581 3013 et
2607 2964 2690 3013 est
2719 2974 2934 3029 quoquo
2965 2960 3127 3015 modo
3151 2969 3206 3015 et
3231 2961 3298 3013 ah
3326 2975 3391 3016 eo
3422 2962 3561 3029 φησι]
3590 2959 3768 3017 omni-

2178 3066 2246 3104 no
2271 3052 2401 3105 nihil
2430 3062 2513 3106 est
2541 3052 2825 3121 plurimum
2857 3052 3038 3121 distat,
3068 3063 3120 3108 et
3146 3055 3254 3108 suis
3284 3054 3521 3122 partibus
3549 3054 3771 3110 sibimet

2177 3147 2440 3215 congruit.
2468 3144 2697 3199 Causam
2749 3161 2957 3214 quoque
2992 3146 3107 3215 ejus
3140 3148 3329 3200 trinam
3370 3163 3488 3202 esse
3530 3158 3764 3217 oportet,

492 3222 596 3278 lius
644 3227 1013 3283 fornicationis
1058 3230 1138 3283 vis
1168 3232 1410 3299 quaedam
1456 3233 1759 3300 imperiosa:
1814 3234 2069 3300 libidinis,
2106 3228 2150 3290 C
2180 3251 2281 3306 qua
2310 3236 2401 3303 sit,
2430 3251 2531 3304 qua
2563 3236 2664 3291 hoc
2692 3238 2778 3301 sit,
2806 3253 2907 3305 qua
2936 3237 3036 3291 sibi
3065 3240 3233 3291 amica
3262 3239 3351 3292 sit.
3376 3236 3652 3293 Creaturzc
3675 3255 3769 3292 au-

491 3314 780 3369 conditioni
826 3332 938 3371 sua:
969 3318 1168 3383 subdit,
1204 3321 1584 3392 propriumque
1625 3324 1785 3393 ipsius
1826 3327 2072 3394 corporis

494 3405 816 3474 mancipium
847 3408 1137 3475 pessimum
1168 3410 1312 3477 facit,
1346 3422 1589 3481 tempore
1630 3416 1859 3470 maxime
1905 3416 2071 3485 ipsius

492 3491 931 3549 immundissimo:
947 3500 1293 3566 Operationis,
1327 3511 1384 3555 ut
1405 3502 1547 3556 aliud
1571 3504 1695 3573 quid
1721 3508 2069 3573 praeterun

492 3582 599 3649 agit
626 3582 677 3636 in
702 3584 819 3652 ipso
847 3599 1078 3655 corpore
1121 3604 1225 3641 non
1274 3590 1342 3644 sit
1375 3590 1599 3645 liberum
1630 3594 1876 3648 humanae
1907 3598 2071 3652 menti

492 3674 576 3728 vel
606 3675 841 3743 cogitare
870 3677 954 3731 vel
983 3678 1278 3735 intendere.
1312 3680 1365 3736 Si
1386 3693 1562 3737 autem
1587 3684 1745 3737 etiam
1765 3688 2068 3756 generalem

490 3765 794 3833 significare
826 3767 990 3822 voluit
1042 3771 1329 3839 Apostolus
1378 3771 1816 3843 fornicationem,
1853 3790 2072 3848 propter

490 3871 648 3925 quam
691 3857 892 3914 dixisse
932 3861 1208 3917 videatur:
1251 3865 1423 3919 Omne
1472 3876 1749 3933 peccatum
1795 3868 2070 3937 quodcun-

490 3964 598 4015 que
629 3949 814 4005 fecerit
840 3952 1024 4016 homo,
1049 3965 1198 4009 extra
1226 3970 1423 4025 corpus
1448 3966 1559 4023 est;
1588 3960 1676 4029 qui
1702 3970 1878 4015 autem
1906 3960 2070 4016 forni-

490 4050 664 4108 catur,
696 4042 747 4097 itt
780 4058 976 4113 corpus
1007 4047 1279 4115 preprium
1330 4058 1536 4117 peccat,
1568 4052 1647 4105 sic
1697 4053 2068 4122 accipiendum

492 4140 576 4185 cst
605 4143 657 4186 et
701 4132 1136 4207 intelligendum,
1178 4146 1235 4192 ut
1271 4139 1494 4209 quisque
1526 4140 1651 4196 dum
1685 4158 1792 4201 non
1832 4146 2071 4199 adhmret

494 4223 624 4289 Deo,
654 4224 745 4293 qui
774 4225 1001 4279 adhaesit
1053 4229 1271 4296 mundo,
1303 4233 1479 4285 omnia
1523 4242 1698 4290 tamen
1757 4238 2067 4305 temporalia

495 4315 720 4385 diligens
748 4329 803 4372 et
819 4321 1227 4389 concupiscens,
1260 4325 1451 4380 merito
1485 4327 1535 4379 in
1556 4341 1751 4396 corpus
1792 4331 2066 4399 proprium

492 4420 714 4474 peccare
768 4408 997 4476 dicatur,
1055 4414 1105 4467 id
1162 4425 1263 4483 est,
1320 4418 1588 4472 universa:
1619 4423 2068 4490 concupiscentia:

490 4501 691 4555 carnali
723 4502 934 4560 dedtus
982 4515 1036 4560 et
1091 4509 1335 4563 subditus
1388 4510 1581 4577 factus,
1620 4522 1869 4583 tanquam
1929 4526 2067 4571 IOtus

2178 3338 2283 3381 tem
2308 3341 2546 3394 causam,
2578 3327 2628 3380 id
2661 3338 2740 3381 est
2770 3338 3040 3382 auctorem
3074 3328 3239 3383 Deum
3270 3330 3514 3383 dicimus.
3545 3330 3771 3398 Oportet

2176 3435 2302 3489 ergo
2353 3434 2472 3474 esse
2522 3418 2831 3485 trinitatem,
2882 3435 2982 3490 qua
3029 3420 3156 3473 nihil
3201 3421 3556 3488 prmstantius,
3608 3421 3770 3474 intel-

2178 3512 2424 3581 ligentius
2468 3521 2522 3565 et
2567 3511 2775 3566 beatius
2815 3512 3054 3567 invenire
3099 3512 3333 3580 perfecta
3380 3512 3514 3566 ratio
3558 3522 3767 3582 potest;

2176 3602 2403 3673 ideoque
2429 3604 2590 3658 etiam
2635 3618 2755 3658 cum
2798 3604 2995 3658 veritas
3040 3604 3317 3672 qumritur,
3354 3604 3631 3673 pluSquam
3666 3603 3763 3656 tria

2173 3710 2369 3766 genera
2396 3697 2748 3764 quaestionum
2774 3712 2894 3753 esse
2921 3713 3024 3751 non
3053 3707 3276 3766 possunt
3302 3716 3313 3750 :
3344 3705 3519 3751 utrum
3547 3698 3768 3751 omnino

2173 3789 2262 3848 sit.
2297 3800 2471 3843 utrum
2507 3790 2608 3843 hoc
2636 3806 2703 3843 an
2735 3791 2878 3845 aliud
2909 3792 2999 3855 sit,
3031 3799 3206 3844 utrum
3236 3788 3634 3861 approbattdum
3668 3789 3765 3843 im~

2176 3882 2575 3951 probandumve
2604 3881 2696 3935 sit.

2686 3972 2761 4025 De
2791 3971 2897 4026 Deo
2926 3982 2971 4026 et
2998 3980 3253 4026 creatura.

2245 4064 2397 4132 Quod
2448 4063 2882 4119 incommutabile
2928 4072 3012 4118 est
3059 4073 3320 4118 aeternum
3378 4072 3500 4125 est,
3550 4076 3769 4129 semper

2173 4156 2317 4209 enim
2345 4154 2584 4223 ejusdem
2610 4154 2749 4209 tnodi
2772 4163 2884 4219 est;
2909 4154 3049 4224 quod
3078 4164 3252 4208 autem
3282 4152 3658 4207 commutabile
3681 4163 3766 4205 est

2174 4247 2398 4316 tempori
2412 4248 2700 4302 obnoxium
2724 4258 2824 4310 est,
2842 4262 2947 4301 nun
2963 4247 3104 4301 enim
3125 4262 3335 4315 semper
3351 4245 3590 4314 ejusdem
3618 4245 3772 4297 tnodi

2171 4348 2286 4404 est,
2337 4350 2391 4392 et
2448 4340 2569 4393 ideo
2617 4348 2873 4393 :cternum
2936 4346 3081 4393 recte
3141 4352 3246 4391 non
3304 4336 3503 4391 dicitur
3553 4353 3567 4387 :
3617 4336 3760 4405 quod

2172 4432 2315 4488 enim
2361 4440 2596 4487 mutatur
2628 4448 2732 4485 non
2765 4440 2981 4496 manet,
3014 4429 3157 4500 quod
3188 4445 3291 4483 non
3322 4439 3501 4484 manet
3533 4444 3637 4483 non
3680 4440 3764 4483 est

2171 4534 2466 4588 :ctcruum;
2502 4523 2661 4592 idque
2704 4520 2972 4594 [ideoque]
3005 4522 3143 4576 inter
3176 4521 3472 4576 immortale
3513 4530 3567 4576 et
3595 4533 3758 4575 aeter-

490 4601 746 4646 ereaturte
773 4608 957 4649 servus
985 4596 1053 4650 ab
1082 4598 1199 4666 ipso
1224 4599 1480 4655 Creatore
1513 4603 1718 4657 alienus
1741 4646 1754 4669 ,
1789 4620 1883 4673 per
1915 4606 2058 4660 illam
2096 4605 2149 4664 D
2175 4632 2297 4669 num
2318 4617 2560 4679 interest,
2579 4617 2718 4684 quod
2741 4631 2898 4669 omne
2919 4623 3175 4669 teteruunt
3200 4612 3500 4669 immortale
3521 4622 3623 4675 est.
3651 4628 3764 4665 non

492 4681 696 4735 initium
732 4686 907 4739 omnis
962 4690 1165 4755 peccati
1222 4692 1567 4761 Superbiam;
1598 4694 1752 4763 eujus
1799 4697 2065 4766 superbia:

492 4777 698 4831 initium
728 4790 833 4844 est,
867 4791 921 4834 nt
950 4784 1205 4851 scriptum
1222 4796 1648 4855 e5t,apostatare
1677 4805 1704 4841 a
1732 4790 1861 4845 Deo.
1895 4794 1934 4845 Λ
1960 4808 2066 4859 quo

489 4870 723 4935 grncrali
766 4870 1137 4930 fornicationis
1191 4879 1330 4933 malo
1362 4882 1586 4951 quisque
1641 4884 1869 4950 alienus,
1894 4885 2068 4955 quod-

489 4976 699 5031 cunque
721 4965 861 5019 aliud
894 4979 1167 5035 pet-catum
1225 4975 1473 5042 potuerit,
1504 4985 1560 5028 ut
1611 4975 1771 5031 homo
1800 4978 2066 5047 corrupti-

489 5052 611 5107 bilis
636 5054 812 5110 adhuc
841 5068 894 5112 et
936 5062 1196 5127 mortalis,
1250 5065 1549 5132 incurrere,
1580 5066 1680 5123 hoc
1737 5069 2068 5138 inteilgatur

488 5154 638 5199 extra
669 5161 863 5216 corpus
893 5165 1035 5214 esse,
1066 5152 1116 5207 id
1147 5164 1249 5220 est,
1274 5168 1422 5211 extra
1456 5160 1752 5228 corporalis
1779 5170 1836 5215 et
1863 5169 2070 5230 tempo-

490 5239 618 5293 ralis
646 5240 819 5297 omnis
845 5247 1295 5314 concupiscentia:
1317 5251 1540 5315 malum,
1566 5253 1802 5309 alienum
1826 5270 1946 5311 esse
1969 5272 2068 5311 ex-

491 5342 569 5385 tra
595 5348 812 5403 corpus,
846 5349 902 5391 ut
935 5352 1079 5407 smpe
1127 5341 1325 5397 dictum
1376 5354 1460 5399 est
1485 5360 1629 5402 esse.
1670 5348 2068 5404 Tantummodo

487 5422 631 5477 enim
662 5428 891 5483 carnalis
918 5438 971 5484 et
994 5432 1261 5499 generalis
1290 5435 1396 5505 93
1426 5438 1876 5506 concupiscentiae
1899 5439 2064 5503 malo,

492 5530 586 5582 per
614 5520 790 5569 munia
817 5519 1307 5577 furnicaturanima
1329 5541 1357 5578 a
1382 5526 1515 5593 Deo,
1543 5536 1787 5598 tanquam
1822 5544 2069 5597 corpora-

490 5604 628 5661 lihus
664 5619 719 5663 et
751 5614 1129 5680 temporalibus
1180 5616 1462 5672 desideriis
1508 5629 1561 5673 ct
1608 5620 2067 5675 delectationibus

492 5699 686 5765 illigata
711 5711 763 5754 et
786 5704 1052 5774 devincta,
1082 5708 1131 5761 iu
1161 5724 1355 5779 corpus
1384 5713 1657 5781 proprium
1687 5722 1892 5780 peccat,
1915 5714 2067 5781 cujus

494 5787 864 5846 unitersaliter
921 5800 1365 5867 concupiscentiae
1434 5804 1710 5869 serviens,
1760 5805 2067 5861 iucurvatur

2175 4724 2334 4763 omne
2382 4708 2680 4762 immortale
2724 4708 2853 4763 satis
2891 4708 3156 4763 subtiliter
3201 4718 3459 4761 mteruum
3502 4706 3696 4760 dicitur
3743 4722 3761 4757 :

2175 4799 2294 4867 quia
2327 4799 2427 4853 etsi
2454 4814 2667 4867 semper
2696 4798 2893 4866 aliquid
2920 4798 3081 4863 vivat,
3113 4807 3287 4851 tituen
3318 4795 3407 4867 [si]
3437 4795 3763 4849 mutabilita-

2179 4900 2282 4943 tem
2314 4890 2561 4955 patiatur,
2593 4902 2696 4941 non
2748 4889 2962 4956 proprie
2992 4896 3253 4941 internum
3284 4885 3607 4954 appellatur,
3634 4885 3759 4955 quia

2176 4995 2279 5034 nou
2309 4995 2523 5047 semper
2561 4978 2802 5047 ejusdem
2834 4979 2974 5033 modi
3004 4987 3120 5043 est,
3147 4977 3391 5047 quamvis
3424 4978 3759 5038 immortale.

2175 5072 2292 5141 quia
2308 5086 2520 5139 semper
2536 5071 2683 5134 vivit,
2700 5079 2841 5124 recte
2852 5070 2955 5125 dici
2974 5071 3140 5138 possit
3154 5087 3167 5121 :
3185 5080 3403 5122 vocatur
3422 5078 3596 5123 tamen
3610 5078 3763 5122 arter-

2176 5180 2300 5217 num
2335 5164 2605 5218 interdum
2639 5162 2802 5217 etiam
2835 5164 2973 5231 quod
3017 5161 3313 5217 immortale
3341 5169 3440 5216 est.
3472 5161 3600 5215 Illud
3631 5176 3761 5217 vero

2173 5257 2314 5326 quod
2365 5263 2418 5309 et
2467 5253 2816 5308 nmtationem
2865 5254 3080 5323 patitur,
3112 5262 3167 5309 et
3214 5256 3404 5308 anima:
3452 5253 3757 5321 praesentia,

2172 5361 2293 5401 cum
2326 5346 2502 5398 anima
2531 5358 2634 5398 non
2664 5343 2765 5409 sit,
2795 5343 2975 5398 vivere
3004 5343 3220 5407 dicitur,
3253 5358 3423 5409 neque
3454 5343 3759 5397 immortale

2174 5437 2281 5490 ullo
2305 5436 2486 5501 modo,
2516 5446 2570 5489 et
2596 5435 2761 5488 multo
2793 5435 2969 5487 minus
2998 5443 3257 5488 mternum
3286 5433 3504 5503 intelligi
3532 5441 3711 5501 potest
3737 5448 3753 5485 :

2172 5527 2223 5579 in
2255 5536 2455 5580 :cterno
2486 5525 2790 5597 [aeternum
2817 5525 2926 5577 sine
2953 5521 3027 5593 in]
3058 5524 3199 5578 enim
3228 5539 3349 5579 cum
3383 5524 3594 5592 proprie
3618 5522 3757 5577 dici-

2174 5627 2276 5684 tur,
2299 5632 2470 5684 neque
2493 5616 2776 5684 quidquam
2810 5616 3136 5683 pra'teritum
3163 5617 3313 5685 quasi
3348 5613 3634 5677 transierit,
3662 5629 3758 5667 ne-

2171 5728 2277 5781 que
2305 5710 2591 5778 quidquam
2623 5706 2881 5772 futurum,
2910 5708 3062 5774 quasi
3094 5707 3324 5763 nondum
3354 5707 3444 5771 sit,
3472 5706 3566 5761 sed
3596 5704 3756 5773 quid-

2171 5802 2297 5872 quid
2324 5810 2427 5865 cst,
2459 5797 2820 5853 tantummodo
2850 5808 2951 5854 est.
3058 5786 3062 5792 λ
