4020 6190
248 298 275 350 1
287 297 395 352 057

424 408 503 464 De
528 411 640 462 loco
672 407 790 472 Dei;
819 421 882 460 ex
906 405 1035 460 libro
1068 405 1413 471 Quaestionum
1444 422 1687 461 Lxxxvu.

325 526 473 581 Deus
498 538 602 577 non
633 521 823 576 alicubi
852 528 932 575 est
964 538 977 574 :
1010 520 1149 589 quod
1177 519 1366 575 alicubi
1397 520 1538 575 enim
1570 528 1674 584 est,
1700 533 1833 573 cou-

252 618 465 671 tinetur
490 614 637 677 loco;
670 611 810 682 quod
841 612 1145 665 continetur
1175 610 1314 676 loco,
1341 625 1534 679 corpus
1563 619 1672 675 est;
1709 611 1850 666 Dens

254 717 444 761 autem
474 720 578 757 non
610 714 692 757 est
719 716 943 770 corpus;
972 716 1075 755 non
1118 700 1274 770 igitur
1303 700 1496 755 alicubi
1528 710 1610 755 est
1641 716 1655 752 :
1688 710 1735 754 et
1769 710 1850 754 ta-

258 813 390 851 men
416 795 537 865 quia
569 803 681 858 est,
709 802 763 847 et
792 792 844 847 in
877 792 995 845 loco
1039 806 1145 846 non
1186 801 1298 856 est,
1325 791 1377 845 in
1410 792 1500 846 illo
1529 800 1653 846 sunt
1681 793 1852 859 pctins

256 888 444 941 omnia
477 901 632 954 quam
664 884 780 954 ipse
809 882 1034 948 alicubi,
1065 897 1165 937 nec
1207 892 1381 937 tamen
1415 882 1484 936 ita
1517 884 1570 936 in
1602 883 1694 937 illo
1724 886 1742 906 θ
1771 881 1853 954 [ιιι

262 980 385 1046 ipse
410 977 621 1039 alicubi,
647 986 819 1030 tamen
850 975 921 1028 ita
951 974 1002 1027 in
1032 971 1144 1044 illo]
1174 982 1229 1027 ut
1254 974 1368 1041 ipse
1394 973 1463 1025 sit
1491 973 1657 1027 locus.
1683 972 1854 1026 Locus

259 1067 410 1122 enim
444 1068 499 1122 in
529 1067 704 1136 spatio
731 1074 833 1129 est,
859 1064 997 1133 quod
1026 1063 1380 1133 longitudine,
1413 1062 1709 1129 latitudine,
1737 1062 1858 1115 alti-

262 1159 453 1214 tudine
479 1156 721 1226 corporis
748 1166 1067 1224 occupatur;
1098 1170 1196 1209 nec
1218 1154 1359 1209 Deus
1382 1153 1486 1208 tale
1509 1153 1709 1221 aliquid
1735 1162 1855 1207 est:

263 1257 322 1304 ct
346 1248 526 1302 omnia
560 1246 719 1317 igitur
750 1246 801 1299 in
835 1246 952 1313 ipso
980 1253 1122 1313 sunt,
1152 1253 1207 1300 et
1242 1244 1389 1299 locus
1421 1259 1525 1298 non
1554 1254 1656 1298 est.
1688 1244 1859 1298 Locus

268 1348 451 1392 tamen
479 1337 574 1392 Dei
597 1336 818 1391 abusive
842 1336 1038 1390 dicitur
1065 1336 1320 1405 templum
1351 1334 1469 1404 Dei,
1495 1352 1599 1389 non
1628 1337 1765 1404 quod
1797 1351 1861 1391 eo

265 1428 632 1493 contineatur,
658 1427 751 1482 sed
780 1426 919 1497 quod
952 1428 1000 1482 ei
1034 1440 1268 1495 prresens
1303 1426 1390 1480 sit.
1433 1426 1489 1481 id
1528 1435 1703 1481 autem
1729 1426 1860 1481 nihil

273 1520 474 1576 melius
503 1534 660 1591 quam
702 1520 876 1573 anima
908 1519 1104 1573 munda
1135 1518 1469 1588 intelligitur.

752 1625 976 1683 CAPUT
1014 1628 1381 1683 CCCXXXIII.

340 1723 421 1777 De
453 1722 769 1794 providentia
798 1721 923 1787 Dei,
951 1737 1015 1775 ex
1043 1721 1171 1775 labro
1204 1721 1546 1786 Qua’stionum
1574 1738 1786 1777 Lxxnv.

349 1837 495 1892 Fieri
531 1842 707 1905 potest
733 1843 789 1889 ut
816 1849 911 1906 per
944 1833 1137 1888 malum
1170 1834 1437 1891 hominem
1474 1836 1650 1889 divina
1684 1836 1857 1905 provi-

266 1928 453 1982 dentia
496 1936 552 1982 et
593 1926 773 1995 puniat
800 1934 851 1981 et
881 1925 1173 1993 upituletur
1215 1944 1229 1977 :
1275 1941 1396 1980 nam
1428 1926 1729 1980 inda-orum
1761 1926 1859 1980 im-

267 2022 443 2087 pietas
468 2028 520 2071 et
547 2017 735 2072 Judam
765 2014 1156 2084 supplantavit,
1187 2025 1240 2070 et
1275 2017 1524 2086 gentibus
1551 2018 1707 2071 saluti
1736 2018 1856 2071 fuit.

267 2114 404 2168 Item
440 2112 551 2167 ﬁeri
593 2118 769 2179 potest
800 2118 858 2165 ut
885 2110 1060 2166 divina
1103 2110 1433 2180 providentia
1464 2124 1560 2180 per
1590 2109 1860 2164 hominem

271 2206 474 2257 bonum
506 2210 560 2257 et
590 2202 814 2256 damnet
858 2209 913 2255 et
958 2198 1192 2270 adjuvet,
1222 2200 1362 2255 sicut
1405 2201 1480 2254 ait
1526 2200 1814 2268 Apostolus
1844 2216 1859 2253 :

269 2293 412 2348 Aliis
453 2306 638 2347 sumus
681 2292 816 2346 odor
856 2290 982 2345 vita:
1030 2291 1080 2346 in
1127 2290 1311 2358 vitam,
1343 2290 1461 2346 aliis
1509 2301 1683 2346 autem
1732 2292 1865 2346 odor

271 2384 470 2439 mortis
512 2383 563 2437 in
615 2390 863 2437 mortem.
913 2380 1018 2436 Sed
1066 2397 1186 2436 cum
1231 2382 1404 2435 omnis
1454 2382 1742 2447 tribulatio,
1776 2392 1866 2437 aut

272 2491 438 2545 penna
463 2474 744 2544 impiorum
772 2474 863 2541 sit,
885 2483 977 2529 aut
996 2474 1309 2529 exercitatio
1329 2474 1614 2545 justorum,
1634 2475 1752 2544 quia
1771 2491 1865 2527 ea-

270 2568 399 2621 dem
421 2565 753 2621 tribulatioet
777 2565 981 2635 paleam
1004 2565 1256 2639 concidit,
1276 2573 1329 2619 ct
1344 2565 1607 2619 frumenta
1643 2582 1669 2617 a
1701 2566 1868 2634 paleis

268 2656 503 2720 excutit,
529 2656 668 2711 unde
686 2654 954 2711 tribulatio
972 2670 1165 2710 nomen
1189 2656 1609 2724 accepit;rursus
1629 2671 1748 2710 cum
1769 2673 1869 2723 pax

274 2757 337 2801 ct
371 2747 524 2818 quies
565 2761 593 2801 a
625 2747 890 2802 molestiis
920 2746 1296 2811 saecularibus,
1341 2755 1395 2799 et
1439 2746 1608 2800 bonos
1639 2747 1873 2801 lucretur

275 2850 339 2895 ct
370 2851 673 2909 corrumpat
704 2839 891 2904 malos,
922 2839 1103 2893 omnia
1154 2838 1267 2893 hinc
1310 2837 1488 2892 divina
1537 2838 1873 2907 providentia

278 2948 385 3002 pro
424 2933 631 2988 meritis
675 2932 985 2987 moderatur
1030 2933 1357 2996 animarum;
1402 2931 1495 2986 sed
1548 2940 1722 2986 tamen
1768 2947 1873 2987 non

279 3021 392 3075 sibi
423 3022 628 3091 eligunt
657 3021 782 3077 boui
813 3022 1170 3077 ministerium
1212 3020 1601 3087 tribulationis,
1629 3037 1726 3076 nec
1754 3022 1876 3079 mali

1391 291 1826 347 THESAURUS.
1867 286 2024 345 CAP.
2062 282 2437 341 CCCXXXIV.

3398 282 3537 340 1053

1875 411 1923 468 Λ
1950 402 2075 457 dum
2119 415 2277 469 quem
2307 397 2537 452 dicimus
2566 395 2728 449 alium
2762 397 2866 452 alio
2910 410 3032 452 esse
3080 398 3532 453 succulentiorem

1951 504 2006 547 et
2054 491 2391 553 validiorem,
2422 503 2539 557 qua:
2564 488 2730 556 magis
2764 489 2981 557 proprie
3012 488 3265 543 habitudo
3305 488 3412 543 dici
3441 503 3531 541 ει)-

1954 582 2025 636 Ιει
2050 598 2063 645 ;
2097 580 2181 635 vel
2205 580 2443 633 babitum
2471 594 2654 633 eorum
2680 593 2797 647 qua:
2823 578 3075 634 membris
3098 578 3296 634 nostris
3322 593 3539 633 accom-

1955 672 2239 727 modantur
2268 671 2622 737 extrinsecus,
2649 668 2947 723 secundum
2973 683 3130 738 quem
3164 668 3392 723 dicimus
3420 685 3538 723 vcs-

1954 766 2131 829 titnm,
2162 765 2477 823 calceatum.
2509 775 2793 825 armatum,
2817 772 2871 817 et
2899 763 2942 815 si
2967 762 3092 830 quid
3125 763 3393 830 ejusmodi
3423 774 3532 817 est.

1957 857 2012 909 In
2041 857 2232 923 quibus
2272 856 2523 908 omnibus
2569 854 2875 922 generibus,
2906 853 3168 919 siquidem
3202 868 3396 907 nomen
3432 856 3535 908 hoc

1956 948 2156 1001 dictum
2190 958 2268 1000 est
2292 950 2357 1000 ab
2387 948 2481 1001 illo
2513 950 2673 1003 verba
2696 952 2837 1019 quod
2869 961 2953 1006 est
3005 951 3226 1015 habere,
3278 950 3539 1004 manifes—

1961 1053 2069 1091 tum
2097 1048 2178 1092 est
2207 1038 2256 1092 in
2285 1053 2345 1091 ea
2376 1054 2431 1093 re
2456 1039 2559 1093 dici
2596 1041 2853 1107 habitum,
2888 1058 3008 1111 quae
3039 1042 3234 1098 accidit
3254 1042 3433 1109 alicui,
3464 1042 3531 1095 ita

1960 1140 2015 1181 ut
2036 1144 2153 1183 eam
2188 1130 2356 1198 possit
2383 1129 2545 1184 etiam
2591 1147 2695 1183 non
2746 1132 2962 1186 habere.
3014 1131 3147 1186 Nam
3194 1142 3247 1186 et
3284 1132 3533 1187 doctrinm

1961 1220 2150 1275 accidit
2179 1221 2381 1286 animo,
2406 1228 2460 1274 et
2481 1236 2672 1275 succus
2700 1236 2762 1275 ac
2792 1222 2957 1275 robur
2980 1223 3223 1291 corporis
3253 1220 3536 1293 [corpori],

1962 1323 2015 1367 et
2042 1313 2207 1367 vestis
2236 1323 2397 1381 atque
2427 1328 2593 1377 arma,
2627 1328 2731 1366 non
2756 1312 2975 1366 dubium
3006 1321 3089 1367 est
3114 1313 3245 1380 quin
3285 1312 3541 1365 accedant

1964 1400 2247 1475 [accidant]
2280 1402 2533 1457 membris
2582 1403 2811 1467 nostris;
2846 1402 2917 1456 ita
2963 1411 3019 1456 ut
3052 1403 3329 1471 imperitus
3360 1413 3547 1469 posset

1964 1512 2083 1551 esse
2108 1495 2337 1560 animus,
2362 1495 2404 1548 si
2429 1496 2476 1549 ei
2503 1495 2744 1549 doctrina
2769 1509 2874 1549 non
2902 1495 3180 1549 accederet
3204 1494 3539 1566 [accideret],

1971 1597 2027 1643 et
2056 1588 2200 1643 exile
2227 1599 2384 1656 atque
2415 1588 2718 1657 languidum
2747 1602 2963 1656 corpus,
3003 1588 3122 1642 sine
3158 1602 3324 1642 succo
3364 1587 3541 1640 visce-

1965 1696 2080 1733 rum
2110 1688 2163 1733 ει
2193 1680 2496 1744 robore,'el
2521 1679 2695 1733 nudus
2717 1678 2832 1733 sine
2877 1688 3048 1742 veste,
3082 1687 3138 1732 et
3181 1678 3397 1736 inermis
3425 1677 3543 1730 sine

1894 1767 1935 1825 B
1964 1772 2209 1838 armis,et
2220 1771 2354 1842 pede
2366 1771 2506 1826 nudo
2521 1773 2636 1827 sine
2651 1771 3020 1827 calceamentis
3037 1784 3157 1825 csse
3170 1769 3332 1825 homo
3346 1779 3542 1838 potest.

1962 1863 2188 1918 liabitus
2214 1877 2339 1933 ergo
2367 1864 2420 1917 in
2446 1877 2512 1918 ea
2542 1878 2600 1917 re
2627 1863 2821 1917 dicitur
2851 1876 2971 1931 quae
2995 1861 3149 1914 nobis
3191 1870 3247 1914 ut
3278 1859 3540 1914 habeatur

1973 1952 2181 2007 accedit
2233 1950 2491 2023 [accidit].
2536 1951 2918 2005 Verumtamen
2948 1951 3050 2003 hoc
3095 1948 3340 2013 interest,
3392 1946 3534 2015 quod

1963 2045 2207 2115 quaedam
2236 2058 2421 2099 eorum
2450 2059 2570 2113 qua:
2597 2043 2847 2097 accidunt
2877 2042 3053 2105 nobis,
3086 2050 3144 2094 ut
3174 2038 3413 2093 habitum
3450 2036 3544 2091 fa-

1965 2138 2126 2201 ciant,
2175 2149 2280 2191 non
2314 2144 2586 2190 mutantur
2618 2149 2646 2187 a
2678 2134 2853 2199 nobis,
2886 2132 2982 2189 sed
3015 2132 3129 2199 ipsa
3160 2144 3257 2184 nos
3288 2136 3535 2192 mutant,

1967 2230 2021 2284 in
2049 2228 2223 2297 seipsa
2271 2228 2475 2295 integra
2505 2236 2558 2281 et
2588 2226 2900 2281 inconcussa
2928 2224 3219 2288 manentia,
3254 2224 3408 2278 sicuti
3448 2236 3539 2275 sa-

1968 2321 2186 2388 pientia,
2220 2333 2341 2373 cum
2366 2318 2559 2373 accidit
2582 2317 2805 2381 homini,
2853 2332 2957 2370 non
2992 2318 3106 2385 ipsa
3130 2323 3390 2381 mutatur,
3445 2314 3538 2367 sed

1969 2409 2240 2463 hominem
2292 2416 2479 2472 mutat,
2523 2422 2681 2474 quem
2724 2407 2792 2461 de
2836 2406 3000 2461 stulto
3044 2406 3341 2474 sapientem
3391 2403 3541 2457 facit.
3622 2456 3623 2459 η

1968 2500 2222 2568 ρυςιιιιειιιι
2246 2514 2371 2554 vero
2392 2499 2468 2553 sic
2488 2498 2755 2564 accidunt,
2781 2507 2836 2550 ut
2856 2505 2912 2552 et
2936 2504 3142 2550 mutent
3167 2504 3220 2549 et
3244 2502 3545 2548 mutentur:

1970 2592 2124 2646 sicuti
2156 2591 2325 2656 cibus,
2357 2600 2411 2644 et
2440 2588 2553 2659 ipse
2591 2589 2840 2643 amittens
2870 2587 3100 2656 speciem
3132 2600 3309 2651 suam,
3349 2585 3399 2639 in
3428 2597 3551 2639 cor-

1973 2698 2072 2751 pus
2103 2692 2342 2736 nostrum
2370 2679 2629 2743 vertitur,
2664 2689 2718 2733 et
2748 2694 2843 2733 nos
2875 2676 3065 2733 refecti
3098 2678 3239 2741 cibo,
3292 2674 3361 2729 ab
3391 2672 3548 2729 exili-

1976 2789 2082 2832 tate
2112 2788 2269 2845 atque
2300 2776 2557 2843 languore
2582 2775 2633 2827 in
2665 2774 2830 2828 robur
2857 2782 3017 2842 atque
3070 2770 3355 2825 valentiam
3403 2782 3553 2823 com-

1973 2878 2261 2923 mutamur.
2295 2867 2530 2921 Tertium
2558 2863 2727 2935 [vero]
2760 2878 2929 2933 genus
2958 2870 3062 2928 est,
3104 2877 3226 2915 cum
3270 2861 3384 2930 ipsa
3433 2872 3553 2928 quae

1976 2960 2223 3016 accidunt
2252 2968 2541 3023 mutantur,
2576 2967 2632 3011 ut
2659 2956 2895 3010 bahitnm
2926 2954 3147 3019 faciant,
3202 2960 3257 3008 et
3289 2951 3552 3022 quodam-

1980 3051 2135 3105 modo
2169 3050 2463 3104 formantur
2482 3049 2550 3100 ab
2588 3048 2670 3101 eis
2699 3046 2891 3115 quibus
2930 3044 3170 3099 habitum
3219 3043 3441 3106 faciunt,
3485 3041 3557 3094 si-

279 3124 683 3207 amaplpacem
710 3131 724 3170 ³
752 3129 919 3207 “"3"?
947 3114 1044 3207 ipsi
1073 3129 1283 3184 quoque
1316 3129 1417 3207 pel:
1439 3129 1574 3184 q'ms
1603 3115 1652 3207 id
1689 3118 1862 3207 ἐτείων
1904 3138 1950 3201 C
1979 3141 2085 3196 cuti
2115 3151 2196 3197 est
2224 3142 2390 3196 vestis
2416 3160 2429 3194 :
2465 3155 2588 3194 nam
2618 3114 2739 3193 cum
2772 3138 3009 3207 projecta
3046 3136 3127 3191 vel
3162 3136 3389 3205 reposita
3429 3144 3514 3188 est
3540 3176 3556 3201 ,

282 3204 430 3273 quod
476 3206 715 3276 ignorant
762 3219 867 3260 non
904 3204 1151 3272 iustitiae,
1181 3219 1300 3273 qua:
1329 3203 1559 3258 refertur
1588 3204 1652 3258 ad
1688 3204 1872 3270 Deum,

288 3298 391 3352 sed
421 3297 807 3352 malevolentiae
833 3310 945 3350 sua:
969 3295 1269 3367 mercedem
1294 3295 1563 3364 accipiunt
1587 3311 1601 3351 :
1625 3295 1879 3364 quemad-

286 3389 512 3444 modum
545 3403 646 3444 nec
676 3388 830 3442 bonis
859 3388 1148 3455 imputatur
1176 3384 1316 3455 quod
1348 3385 1474 3454 ipsis
1506 3387 1759 3454 prodesse
1786 3399 1874 3438 vo-

288 3481 528 3537 ientibus
558 3489 781 3535 nocetur
809 3478 969 3533 alicui
990 3518 1006 3544 ,
1034 3478 1128 3533 sed
1164 3477 1306 3531 bono
1349 3476 1530 3530 animo
1559 3475 1880 3530 benevolen-

290 3575 387 3628 tia:
427 3574 705 3644 praemium
753 3572 1023 3628 tribuitur.
1057 3572 1133 3624 Ita
1182 3569 1344 3624 etiam
1391 3579 1584 3623 caetera
1632 3576 1876 3622 creatura

291 3680 396 3735 pro
426 3665 630 3720 meritis
661 3664 951 3719 animarum
992 3661 1330 3717 rationalium
1354 3703 1369 3726 ,
1401 3660 1487 3714 vel
1538 3660 1771 3715 sentitur
1799 3660 1881 3714 vel

295 3758 447 3823 latet,
475 3757 558 3812 vel
590 3755 826 3810 modesta
860 3752 1147 3827 [molesta],
1178 3752 1256 3807 vel
1287 3751 1567 3807 commoda
1596 3759 1696 3805 est.
1728 3751 1881 3806 Sum-

292 3864 389 3903 rno
417 3850 558 3903 enim
600 3848 708 3902 Deo
740 3856 929 3902 cuncta
972 3845 1109 3899 bene
1154 3843 1558 3897 administrante
1588 3856 1656 3908 qn
1678 3859 1704 3892 υ
1737 3838 1881 3905 fecit,

296 3940 434 3993 nihil
467 3937 826 3993 inordinatum
856 3935 908 3989 in
942 3936 1212 3999 universo,
1238 3932 1474 4001 nihilque
1496 3931 1748 3999 injustum
1780 3940 1885 3995 est,

296 4029 417 4083 sive
443 4028 758 4093 scientibus,
788 4027 898 4081 sive
926 4025 1285 4081 nescientibus
1316 4021 1497 4086 nobis;
1529 4020 1621 4074 sed
1654 4020 1707 4073 in
1740 4030 1888 4088 parte

296 4122 593 4177 oﬂenditur
619 4120 795 4174 anima
829 4117 1097 4189 peccatrix
1141 4133 1154 4170 :
1201 4124 1377 4170 tamen
1404 4114 1526 4183 quia
1561 4128 1655 4181 pro
1685 4111 1889 4166 meritis

301 4220 376 4273 ihi
405 4228 489 4274 est
517 4217 605 4273 ubi
635 4231 755 4273 esse
783 4217 939 4270 talem
973 4214 1149 4279 decet,
1180 4221 1235 4266 et
1264 4223 1327 4265 ea
1357 4209 1553 4279 patitur
1579 4222 1697 4277 quae
1729 4206 1889 4259 talem

300 4312 415 4378 pati
462 4324 670 4378 :rquum
715 4314 818 4372 est,
852 4307 1154 4361 universum
1202 4318 1424 4373 regnum
1476 4301 1566 4355 Dei
1614 4300 1756 4354 nulla
1796 4314 1890 4352 sua

303 4401 549 4455 foeditate
574 4399 856 4453 deformat.
885 4397 1241 4463 Quamobrem
1271 4408 1522 4465 quomam
1565 4409 1671 4446 non
1715 4390 1891 4445 omnia

1981 3248 2087 3287 non
2121 3233 2281 3286 habet
2330 3246 2447 3285 eam
2482 3228 2709 3283 formam
2742 3242 2900 3296 quam
2943 3227 3106 3281 sumit
3146 3240 3266 3279 cum
3320 3223 3557 3278 indultur

1981 3334 2141 3394 atque
2171 3322 2437 3378 inducitur
2457 3320 2731 3376 membris.
2756 3320 2940 3375 lnduta
2965 3333 3093 3388 ergo
3116 3317 3308 3386 accipit
3328 3317 3557 3371 formam

1981 3432 2268 3487 quamnon
2298 3414 2528 3469 habebat
2550 3424 2733 3480 exuta,
2767 3428 2886 3468 cum
2921 3413 3029 3481 ipsrt
3056 3410 3318 3477 membra,
3353 3416 3410 3464 et
3438 3424 3561 3463 cum

1982 3509 2297 3575 induuntur,
2330 3516 2523 3561 etcum
2551 3504 2844 3568 exuuntur,
2882 3505 2933 3558 in
2964 3516 3060 3558 suo
3088 3511 3232 3556 statu
3288 3510 3560 3554 maneant.

1985 3599 2166 3654 Potest
2188 3613 2307 3653 esse
2335 3600 2495 3652 etiam
2520 3604 2771 3666 quartum
2797 3608 2987 3666 genus,
3036 3608 3157 3649 cum
3183 3607 3245 3648 ea
3275 3608 3395 3662 qua:
3425 3592 3567 3647 acci-

1984 3692 2117 3746 dunt
2146 3690 2212 3744 ad
2244 3689 2552 3744 faciendum
2588 3687 2851 3751 habitum,
2898 3699 2998 3739 nec
3032 3699 3094 3738 ea
3137 3692 3343 3737 mutant
3371 3683 3564 3751 quibus

1984 3783 2234 3836 accidunt
2262 3782 2328 3834 ad
2356 3778 2659 3833 faciendum
2692 3776 2955 3841 habitum,
2986 3790 3083 3828 nec
3110 3777 3177 3829 ab
3201 3777 3278 3829 eis
3302 3775 3413 3844 ipsa
3449 3790 3568 3828 mu-

1987 3882 2186 3936 tantur,
2217 3872 2354 3926 sicut
2376 3868 2604 3923 annulus
2636 3867 2826 3936 digito,
2861 3865 2903 3919 si
2950 3880 3055 3918 non
3099 3864 3259 3918 nimis
3299 3864 3569 3919 subtiliter

1988 3964 2292 4018 attendatur
2321 3979 2336 4026 ;
2371 3968 2739 4015 verumtamen
2767 3961 2866 4012 hoc
2888 3972 3076 4026 genus,
3109 3964 3201 4011 aut
3229 3956 3434 4009 nu'lum
3457 3967 3562 4021 est,

1989 4060 2034 4114 si
2055 4058 2335 4126 diligenter
2361 4052 2634 4117 discutias,
2667 4059 2760 4105 aut
2788 4050 3007 4105 omnino
3037 4048 3394 4103 rarissimum.
3426 4048 3562 4102 Cum

1992 4153 2149 4220 igitur
2177 4146 2465 4217 Apostolus
2494 4145 2561 4200 de
2594 4143 2872 4213 unigenito
2918 4142 3008 4196 Dei
3065 4140 3175 4195 ﬁlio
3219 4139 3532 4208 loqueretur
3553 4178 3569 4203 ,

1992 4250 2246 4311 quantum
2276 4240 2508 4309 pertinet
2540 4237 2605 4289 ad
2629 4235 2963 4290 divinitatem
2986 4231 3124 4301 ejus,
3172 4230 3464 4286 secundum
3516 4231 3570 4284 id

1993 4335 2133 4405 quod
2165 4333 2479 4388 verissimus
2508 4332 2648 4385 Dens
2669 4337 2772 4393 est,
2802 4327 3063 4395 aequa‘em
3091 4338 3210 4379 esse
3238 4323 3372 4377 dixit
3401 4322 3568 4388 Patri,

1995 4427 2135 4499 quod
2161 4442 2263 4481 non
2291 4425 2340 4479 ei
2375 4424 2475 4478 fuit
2497 4433 2746 4490 tanquam
2770 4417 3035 4487 rapinam,
3064 4415 3115 4469 id
3142 4426 3241 4478 εει,
3266 4414 3414 4482 quasi
3439 4414 3571 4468 alie-

304 4493 699 4589 nOVimus.qum
728 4488 793 4543 de
817 4488 1134 4589 "omsbene,
1161 4486 1266 4556 ag“
1291 4484 1424 4586 ora?
1447 4483 1679 4585 divinf's'
1705 4483 1754 4535 in
1783 4481 1895 4583 SOI,"
1924 4499 1971 4556 Π
2154 4529 2429 4589 appetere,
2460 4516 2504 4570 si
2534 4481 2747 4581 semper
2801 4481 3027 4563 manens
3060 4508 3112 4560 in
3140 4520 3203 4560 ea
3247 4481 3573 4573 aequalitate,

300 4585 451 4638 bona
482 4580 756 4634 voluntate
787 4578 1077 4633 secundum
1122 4578 1292 4646 legem
1336 4569 1561 4644 agimus,
1593 4573 1646 4627 in
1687 4573 1899 4626 caeteris

306 4686 492 4730 autem
544 4674 837 4730 secundum
884 4675 1051 4741 legem
1101 4672 1327 4741 agimur,
1361 4684 1480 4722 cum
1532 4669 1617 4722 lex
1663 4669 1771 4735 ipsa
1813 4666 1897 4719 in-

311 4764 716 4820 commutabilis
752 4774 982 4825 maneat,
1013 4770 1068 4815 et
1096 4762 1274 4816 omnia
1305 4760 1575 4813 mutabilia
1609 4756 1902 4827 pulcherri-

311 4873 399 4910 rna
430 4856 815 4924 gubernatione
846 4854 1171 4906 moderetur.
1201 4850 1379 4904 Gloria
1411 4850 1567 4917 igitur
1597 4849 1647 4900 in
1679 4846 1904 4900 excelsis

310 4948 448 5013 Deo,
476 4957 529 5002 et
559 4947 610 5000 in
644 4957 783 5002 terra
816 4961 918 5015 pax
956 4945 1260 4999 hominibus
1292 4944 1444 4997 boum
1477 4940 1782 4995 voluntatis.

720 5060 830 5133 94
866 5059 1088 5115 CAPUT
1125 5055 1491 5113 CCCXXXIV.

314 5176 395 5232 De
425 5192 483 5230 eo
514 5176 650 5245 quod
678 5175 923 5243 scriptum
952 5181 1025 5227 est
1066 5186 1084 5245 ξ
1128 5170 1321 5245 Habitu
1364 5170 1596 5223 inventus
1637 5174 1690 5220 ut
1731 5164 1906 5230 homo,

878 5259 942 5298 ex
990 5244 1163 5297 eodem
1190 5241 1337 5295 libro.

393 5358 574 5415 Multis
601 5359 775 5414 modis
801 5357 1038 5413 habitum
1062 5356 1285 5411 dicimus
1312 5370 1324 5405 :
1351 5352 1431 5406 vel
1457 5349 1692 5404 habitum
1715 5346 1903 5412 animi,

320 5450 481 5505 sicuti
522 5459 605 5503 est
653 5450 1020 5518 cujuscunque
1049 5443 1349 5514 disciplina:
1382 5439 1656 5510 perceptio
1689 5453 1787 5492 usu
1820 5454 1904 5493 ro~

321 5546 512 5597 borata
551 5551 710 5611 atque
740 5540 978 5604 ﬁrmata;
1013 5538 1095 5592 vel
1129 5536 1367 5591 habitum
1420 5531 1665 5601 corporis
1714 5544 1907 5585 secun-

396 5719 423 5750 ‘
458 5716 677 5774 Uncinis
701 5714 905 5772 inclusa
927 5713 1227 5770 redundare
1248 5710 1517 5766 videntur.
1595 5707 1747 5763 Ευιτ.

2004 4614 2170 4668 nollet
2197 4610 2398 4665 homini
2429 4601 2690 4680 [homine]
2722 4603 2890 4667 indui,
2915 4610 2968 4656 et
2993 4598 3299 4654 hominibus
3330 4606 3387 4650 ut
3418 4597 3578 4651 homo

2004 4719 2296 4774 apparere;
2326 4700 2419 4756 sed
2452 4698 2796 4764 semetipsum
2837 4690 3163 4755 exinanivit,
3208 4704 3315 4742 non
3355 4688 3580 4743 formam

2006 4812 2155 4852 suam
2210 4804 2443 4856 mutans,
2496 4789 2586 4844 sed
2620 4788 2845 4839 formam
2880 4783 3018 4838 servi
3066 4780 3357 4849 accipiens,
3403 4794 3577 4847 neque

2006 4902 2296 4944 conversus
2329 4895 2418 4937 aut
2451 4887 2836 4935 transmutatus
2859 4876 2911 4930 in
2944 4874 3233 4935 hominem,
3272 4871 3467 4925 amissa
3503 4870 3585 4923 in-

2007 4978 2372 5035 commutabili
2413 4972 2741 5033 stabilitate;
2772 4968 2865 5022 sed
2907 4977 3159 5033 tanquam
3193 4976 3383 5016 verum
3412 4960 3584 5014 homi-

2010 5086 2131 5127 nem
2161 5066 2516 5136 suscipiendo,
2545 5064 2660 5132 ipse
2680 5069 2959 5128 susceptor
2986 5058 3038 5111 in
3078 5054 3430 5111 similitudine
3462 5052 3479 5121 ι
3511 5051 3586 5104 si-

2010 5154 2387 5226 militudinem]
2419 5152 2687 5232 hominum
2711 5148 2904 5217 factus,
2934 5162 3037 5201 non
3086 5146 3206 5209 sibi,
3239 5142 3333 5197 sed
3363 5142 3440 5194 eis
3467 5140 3584 5207 qni-

2011 5255 2109 5309 bus
2131 5254 2182 5307 in
2208 5250 2421 5305 homine
2441 5230 2701 5316 apparuit,
2735 5240 2918 5296 habitu
2945 5240 3188 5293 inventus
3216 5241 3297 5286 est
3325 5241 3377 5286 ut
3400 5230 3580 5293 homo,

2012 5343 2064 5398 id
2089 5350 2191 5405 est,
2209 5335 2454 5393 habendo
2468 5333 2741 5387 hominem
2769 5331 3015 5384 inventus
3046 5334 3104 5378 ut
3152 5320 3313 5375 homo
3340 5327 3450 5382 cst;
3478 5331 3583 5371 non

2010 5437 2150 5492 enim
2173 5441 2382 5504 poterat
2412 5426 2593 5501 [Deus]
2616 5422 2840 5479 inveniri
2900 5428 2957 5474 ut
3010 5417 3170 5470 homo
3219 5412 3288 5466 ab
3347 5409 3429 5462 his
3480 5406 3570 5475 qui

2009 5544 2102 5586 cor
2132 5501 2460 5583 immundum
2491 5519 2779 5583 habebant,
2811 5522 2863 5569 et
2906 5509 3139 5566 Verbum
3180 5501 3321 5574 apud
3354 5501 3570 5557 Patrem
