  <div class='ocr_page' id='page_1' title='image "/cluster/home/n/w/nwhite01/storage/ocr_20150623/62/hvd.32044054758693/535.png"; bbox 0 0 4074 6186; ppageno 0'>
   <div class='ocr_carea' id='block_1_1' title="bbox 486 301 619 355">
    <p class='ocr_par' dir='ltr' id='par_1_1' title="bbox 486 301 619 355">
     <span class='ocr_line' id='line_1_1' title="bbox 486 301 619 355; baseline 0 0"><span class='ocrx_word' id='word_1_1' title='bbox 486 301 619 355; x_wconf 75' lang='grc'><strong>1059</strong></span> 
     </span>
    </p>
   </div>
   <div class='ocr_carea' id='block_1_2' title="bbox 1561 284 2669 343">
    <p class='ocr_par' dir='ltr' id='par_1_2' title="bbox 1561 284 2669 343">
     <span class='ocr_line' id='line_1_2' title="bbox 1561 284 2669 343; baseline -0.003 -1"><span class='ocrx_word' id='word_1_2' title='bbox 1561 289 1621 342; x_wconf 91' lang='lat' dir='ltr'><strong>D.</strong></span> <span class='ocrx_word' id='word_1_3' title='bbox 1665 285 1980 343; x_wconf 77' lang='lat' dir='ltr'><strong>EUGYPHI</strong></span> <span class='ocrx_word' id='word_1_4' title='bbox 2018 284 2308 342; x_wconf 68' lang='lat' dir='ltr'><strong>ABBATIS</strong></span> <span class='ocrx_word' id='word_1_5' title='bbox 2350 285 2669 341; x_wconf 67' lang='lat' dir='ltr'><strong>AFRECANI</strong></span> 
     </span>
    </p>
   </div>
   <div class='ocr_carea' id='block_1_3' title="bbox 3628 286 3769 341">
    <p class='ocr_par' dir='ltr' id='par_1_3' title="bbox 3628 286 3769 341">
     <span class='ocr_line' id='line_1_3' title="bbox 3628 286 3769 341; baseline 0.028 -4"><span class='ocrx_word' id='word_1_6' title='bbox 3628 286 3769 341; x_wconf 62' lang='grc' dir='ltr'><strong>τρεῖς)</strong></span> 
     </span>
    </p>
   </div>
   <div class='ocr_carea' id='block_1_4' title="bbox 483 402 3767 479">
    <p class='ocr_par' dir='ltr' id='par_1_4' title="bbox 483 402 3767 479">
     <span class='ocr_line' id='line_1_4' title="bbox 483 402 3767 479; baseline 0.004 -34"><span class='ocrx_word' id='word_1_7' title='bbox 483 420 670 471; x_wconf 51' lang='lat' dir='ltr'><strong>ﬁdem</strong></span> <span class='ocrx_word' id='word_1_8' title='bbox 700 428 802 467; x_wconf 73' lang='grc' dir='ltr'><strong>ηοη</strong></span> <span class='ocrx_word' id='word_1_9' title='bbox 836 419 1103 479; x_wconf 43' lang='lat' dir='ltr'><strong>Formam,</strong></span> <span class='ocrx_word' id='word_1_10' title='bbox 1136 408 1234 463; x_wconf 72' lang='lat' dir='ltr'><strong>nisi</strong></span> <span class='ocrx_word' id='word_1_11' title='bbox 1268 408 1369 461; x_wconf 75' lang='lat' dir='ltr'><strong>hoc</strong></span> <span class='ocrx_word' id='word_1_12' title='bbox 1392 405 1734 472; x_wconf 70' lang='lat' dir='ltr'><strong>suscipiendo</strong></span> <span class='ocrx_word' id='word_1_13' title='bbox 1757 404 1898 473; x_wconf 79' lang='lat' dir='ltr'><strong>quod</strong></span> <span class='ocrx_word' id='word_1_14' title='bbox 1926 416 2054 472; x_wconf 84' lang='lat' dir='ltr'><strong>pos-</strong></span> <span class='ocrx_word' id='word_1_15' title='bbox 2093 411 2138 464; x_wconf 80' lang='grc' dir='ltr'>Λ</span> <span class='ocrx_word' id='word_1_16' title='bbox 2171 404 2376 457; x_wconf 87' lang='lat' dir='ltr'><strong>locutus</strong></span> <span class='ocrx_word' id='word_1_17' title='bbox 2403 413 2485 458; x_wconf 88' lang='lat' dir='ltr'><strong>est</strong></span> <span class='ocrx_word' id='word_1_18' title='bbox 2514 402 2745 472; x_wconf 73' lang='lat' dir='ltr'><strong>Spiritus</strong></span> <span class='ocrx_word' id='word_1_19' title='bbox 2772 412 3009 465; x_wconf 85' lang='lat' dir='ltr'><strong>sanctus,</strong></span> <span class='ocrx_word' id='word_1_20' title='bbox 3038 402 3490 472; x_wconf 74' lang='lat' dir='ltr'><strong>opportunissime</strong></span> <span class='ocrx_word' id='word_1_21' title='bbox 3520 403 3575 456; x_wconf 90' lang='lat' dir='ltr'><strong>in</strong></span> <span class='ocrx_word' id='word_1_22' title='bbox 3607 405 3767 459; x_wconf 85' lang='lat' dir='ltr'><strong>libris</strong></span> 
     </span>
    </p>
   </div>
   <div class='ocr_carea' id='block_1_5' title="bbox 485 496 2059 571">
    <p class='ocr_par' dir='ltr' id='par_1_5' title="bbox 485 496 2059 571">
     <span class='ocr_line' id='line_1_5' title="bbox 485 496 2059 571; baseline -0.01 -9"><span class='ocrx_word' id='word_1_23' title='bbox 485 518 606 562; x_wconf 87' lang='lat' dir='ltr'><strong>sent</strong></span> <span class='ocrx_word' id='word_1_24' title='bbox 638 506 836 569; x_wconf 82' lang='lat' dir='ltr'><strong>videre,</strong></span> <span class='ocrx_word' id='word_1_25' title='bbox 866 513 923 559; x_wconf 90' lang='lat' dir='ltr'><strong>et</strong></span> <span class='ocrx_word' id='word_1_26' title='bbox 946 519 1036 571; x_wconf 87' lang='lat' dir='ltr'><strong>per</strong></span> <span class='ocrx_word' id='word_1_27' title='bbox 1066 500 1207 570; x_wconf 88' lang='lat' dir='ltr'><strong>qttod</strong></span> <span class='ocrx_word' id='word_1_28' title='bbox 1238 500 1304 553; x_wconf 88' lang='lat' dir='ltr'><strong>ad</strong></span> <span class='ocrx_word' id='word_1_29' title='bbox 1331 497 1460 552; x_wconf 90' lang='lat' dir='ltr'><strong>illud</strong></span> <span class='ocrx_word' id='word_1_30' title='bbox 1494 497 1671 549; x_wconf 73' lang='lat' dir='ltr'><strong>lumen</strong></span> <span class='ocrx_word' id='word_1_31' title='bbox 1698 496 1924 549; x_wconf 86' lang='lat' dir='ltr'><strong>interius</strong></span> <span class='ocrx_word' id='word_1_32' title='bbox 1954 496 2059 548; x_wconf 81' lang='lat' dir='ltr'><strong>du-</strong></span> 
     </span>
    </p>
   </div>
   <div class='ocr_carea' id='block_1_6' title="bbox 484 587 2061 657">
    <p class='ocr_par' dir='ltr' id='par_1_6' title="bbox 484 587 2061 657">
     <span class='ocr_line' id='line_1_6' title="bbox 484 587 2061 657; baseline -0.008 -5"><span class='ocrx_word' id='word_1_33' title='bbox 484 607 759 652; x_wconf 89' lang='lat' dir='ltr'><strong>cerentur.</strong></span> <span class='ocrx_word' id='word_1_34' title='bbox 792 596 893 651; x_wconf 86' lang='lat' dir='ltr'><strong>Iste</strong></span> <span class='ocrx_word' id='word_1_35' title='bbox 920 602 1097 648; x_wconf 89' lang='lat' dir='ltr'><strong>autem</strong></span> <span class='ocrx_word' id='word_1_36' title='bbox 1131 592 1344 643; x_wconf 86' lang='lat' dir='ltr'><strong>habitus</strong></span> <span class='ocrx_word' id='word_1_37' title='bbox 1374 605 1478 642; x_wconf 81' lang='lat' dir='ltr'><strong>non</strong></span> <span class='ocrx_word' id='word_1_38' title='bbox 1513 599 1689 641; x_wconf 79' lang='lat' dir='ltr'><strong>estex</strong></span> <span class='ocrx_word' id='word_1_39' title='bbox 1738 587 1915 657; x_wconf 90' lang='lat' dir='ltr'><strong>primo</strong></span> <span class='ocrx_word' id='word_1_40' title='bbox 1968 601 2061 656; x_wconf 84' lang='lat' dir='ltr'><strong>ge-</strong></span> 
     </span>
    </p>
   </div>
   <div class='ocr_carea' id='block_1_7' title="bbox 489 679 2062 752">
    <p class='ocr_par' dir='ltr' id='par_1_7' title="bbox 489 679 2062 752">
     <span class='ocr_line' id='line_1_7' title="bbox 489 679 2062 752; baseline -0.006 -11"><span class='ocrx_word' id='word_1_41' title='bbox 489 704 637 752; x_wconf 89' lang='lat' dir='ltr'><strong>nere,</strong></span> <span class='ocrx_word' id='word_1_42' title='bbox 670 701 771 740; x_wconf 91' lang='lat' dir='ltr'><strong>non</strong></span> <span class='ocrx_word' id='word_1_43' title='bbox 802 687 944 739; x_wconf 88' lang='lat' dir='ltr'><strong>enim</strong></span> <span class='ocrx_word' id='word_1_44' title='bbox 970 696 1189 737; x_wconf 85' lang='lat' dir='ltr'><strong>manens</strong></span> <span class='ocrx_word' id='word_1_45' title='bbox 1218 680 1268 734; x_wconf 89' lang='lat' dir='ltr'><strong>in</strong></span> <span class='ocrx_word' id='word_1_46' title='bbox 1299 695 1359 735; x_wconf 90' lang='lat' dir='ltr'><strong>se</strong></span> <span class='ocrx_word' id='word_1_47' title='bbox 1391 689 1579 733; x_wconf 85' lang='lat' dir='ltr'><strong>natura</strong></span> <span class='ocrx_word' id='word_1_48' title='bbox 1613 679 1847 733; x_wconf 88' lang='lat' dir='ltr'><strong>hominis</strong></span> <span class='ocrx_word' id='word_1_49' title='bbox 1896 688 2062 732; x_wconf 87' lang='lat' dir='ltr'><strong>natu-</strong></span> 
     </span>
    </p>
   </div>
   <div class='ocr_carea' id='block_1_8' title="bbox 486 770 2060 843">
    <p class='ocr_par' dir='ltr' id='par_1_8' title="bbox 486 770 2060 843">
     <span class='ocr_line' id='line_1_8' title="bbox 486 770 2060 843; baseline -0.006 -11"><span class='ocrx_word' id='word_1_50' title='bbox 486 793 599 832; x_wconf 87' lang='lat' dir='ltr'><strong>ram</strong></span> <span class='ocrx_word' id='word_1_51' title='bbox 634 777 726 832; x_wconf 87' lang='lat' dir='ltr'><strong>Dei</strong></span> <span class='ocrx_word' id='word_1_52' title='bbox 757 776 1124 829; x_wconf 82' lang='lat' dir='ltr'><strong>commutavit.</strong></span> <span class='ocrx_word' id='word_1_53' title='bbox 1152 774 1336 843; x_wconf 80' lang='lat' dir='ltr'><strong>Neque</strong></span> <span class='ocrx_word' id='word_1_54' title='bbox 1364 787 1433 825; x_wconf 80' lang='lat' dir='ltr'><strong>ex</strong></span> <span class='ocrx_word' id='word_1_55' title='bbox 1461 771 1728 826; x_wconf 87' lang='lat' dir='ltr'><strong>secundo:</strong></span> <span class='ocrx_word' id='word_1_56' title='bbox 1761 785 1865 824; x_wconf 90' lang='lat' dir='ltr'><strong>non</strong></span> <span class='ocrx_word' id='word_1_57' title='bbox 1916 770 2060 825; x_wconf 89' lang='lat' dir='ltr'><strong>enim</strong></span> 
     </span>
    </p>
   </div>
   <div class='ocr_carea' id='block_1_9' title="bbox 487 863 2068 929">
    <p class='ocr_par' dir='ltr' id='par_1_9' title="bbox 487 863 2068 929">
     <span class='ocr_line' id='line_1_9' title="bbox 487 863 2068 929; baseline -0.006 -7"><span class='ocrx_word' id='word_1_58' title='bbox 487 867 784 922; x_wconf 76' lang='lat' dir='ltr'><strong>immolavit</strong></span> <span class='ocrx_word' id='word_1_59' title='bbox 807 868 965 919; x_wconf 88' lang='lat' dir='ltr'><strong>homo</strong></span> <span class='ocrx_word' id='word_1_60' title='bbox 998 865 1187 929; x_wconf 69' lang='lat' dir='ltr'><strong>Deum,</strong></span> <span class='ocrx_word' id='word_1_61' title='bbox 1220 874 1274 919; x_wconf 91' lang='lat' dir='ltr'><strong>et</strong></span> <span class='ocrx_word' id='word_1_62' title='bbox 1306 871 1541 915; x_wconf 87' lang='lat' dir='ltr'><strong>mutatus</strong></span> <span class='ocrx_word' id='word_1_63' title='bbox 1571 863 1638 915; x_wconf 90' lang='lat' dir='ltr'><strong>ab</strong></span> <span class='ocrx_word' id='word_1_64' title='bbox 1683 863 1773 915; x_wconf 88' lang='lat' dir='ltr'><strong>ilio</strong></span> <span class='ocrx_word' id='word_1_65' title='bbox 1803 871 1926 925; x_wconf 86' lang='lat' dir='ltr'><strong>est;</strong></span> <span class='ocrx_word' id='word_1_66' title='bbox 1973 874 2068 913; x_wconf 88' lang='lat' dir='ltr'><strong>ne-</strong></span> 
     </span>
    </p>
   </div>
   <div class='ocr_carea' id='block_1_10' title="bbox 484 953 2069 1029">
    <p class='ocr_par' dir='ltr' id='par_1_10' title="bbox 484 953 2069 1029">
     <span class='ocr_line' id='line_1_10' title="bbox 484 953 2069 1029; baseline -0.003 -19"><span class='ocrx_word' id='word_1_67' title='bbox 484 976 591 1029; x_wconf 84' lang='lat' dir='ltr'><strong>que</strong></span> <span class='ocrx_word' id='word_1_68' title='bbox 618 976 686 1014; x_wconf 78' lang='lat' dir='ltr'><strong>ex</strong></span> <span class='ocrx_word' id='word_1_69' title='bbox 717 968 905 1028; x_wconf 85' lang='lat' dir='ltr'><strong>quarto</strong></span> <span class='ocrx_word' id='word_1_70' title='bbox 928 977 944 1014; x_wconf 92' lang='lat'><strong>:</strong></span> <span class='ocrx_word' id='word_1_71' title='bbox 972 974 1075 1011; x_wconf 90' lang='lat' dir='ltr'><strong>non</strong></span> <span class='ocrx_word' id='word_1_72' title='bbox 1098 958 1241 1012; x_wconf 89' lang='lat' dir='ltr'><strong>enim</strong></span> <span class='ocrx_word' id='word_1_73' title='bbox 1266 958 1342 1011; x_wconf 86' lang='lat' dir='ltr'><strong>sic</strong></span> <span class='ocrx_word' id='word_1_74' title='bbox 1364 962 1667 1023; x_wconf 73' lang='lat' dir='ltr'><strong>assumptus</strong></span> <span class='ocrx_word' id='word_1_75' title='bbox 1698 963 1781 1007; x_wconf 85' lang='lat' dir='ltr'><strong>est</strong></span> <span class='ocrx_word' id='word_1_76' title='bbox 1804 953 1986 1016; x_wconf 90' lang='lat' dir='ltr'><strong>homo,</strong></span> <span class='ocrx_word' id='word_1_77' title='bbox 2012 961 2069 1006; x_wconf 91' lang='lat' dir='ltr'><strong>ut</strong></span> 
     </span>
    </p>
   </div>
   <div class='ocr_carea' id='block_1_11' title="bbox 486 1046 2065 1122">
    <p class='ocr_par' dir='ltr' id='par_1_11' title="bbox 486 1046 2065 1122">
     <span class='ocr_line' id='line_1_11' title="bbox 486 1046 2065 1122; baseline -0.004 -17"><span class='ocrx_word' id='word_1_78' title='bbox 486 1067 658 1121; x_wconf 85' lang='lat' dir='ltr'><strong>neque</strong></span> <span class='ocrx_word' id='word_1_79' title='bbox 672 1054 784 1122; x_wconf 89' lang='lat' dir='ltr'><strong>ipse</strong></span> <span class='ocrx_word' id='word_1_80' title='bbox 805 1060 1035 1106; x_wconf 88' lang='lat' dir='ltr'><strong>mutaret</strong></span> <span class='ocrx_word' id='word_1_81' title='bbox 1055 1053 1349 1111; x_wconf 88' lang='lat' dir='ltr'><strong>l)eum,nec</strong></span> <span class='ocrx_word' id='word_1_82' title='bbox 1372 1050 1439 1102; x_wconf 81' lang='lat' dir='ltr'><strong>ab</strong></span> <span class='ocrx_word' id='word_1_83' title='bbox 1458 1049 1547 1103; x_wconf 88' lang='lat' dir='ltr'><strong>illo</strong></span> <span class='ocrx_word' id='word_1_84' title='bbox 1563 1046 1722 1119; x_wconf 85' lang='lat' dir='ltr'><strong>[ipso]</strong></span> <span class='ocrx_word' id='word_1_85' title='bbox 1739 1054 2065 1107; x_wconf 81' lang='lat' dir='ltr'><strong>mutaretur;</strong></span> 
     </span>
    </p>
   </div>
   <div class='ocr_carea' id='block_1_12' title="bbox 488 1141 2070 1209">
    <p class='ocr_par' dir='ltr' id='par_1_12' title="bbox 488 1141 2070 1209">
     <span class='ocr_line' id='line_1_12' title="bbox 488 1141 2070 1209; baseline -0.004 -14"><span class='ocrx_word' id='word_1_86' title='bbox 488 1144 582 1195; x_wconf 76' lang='lat' dir='ltr'><strong>sed</strong></span> <span class='ocrx_word' id='word_1_87' title='bbox 633 1145 809 1209; x_wconf 86' lang='lat' dir='ltr'><strong>potius</strong></span> <span class='ocrx_word' id='word_1_88' title='bbox 856 1157 919 1195; x_wconf 81' lang='lat' dir='ltr'><strong>ex</strong></span> <span class='ocrx_word' id='word_1_89' title='bbox 964 1142 1146 1206; x_wconf 84' lang='lat' dir='ltr'><strong>tertio,</strong></span> <span class='ocrx_word' id='word_1_90' title='bbox 1198 1141 1277 1194; x_wconf 88' lang='lat' dir='ltr'><strong>sic</strong></span> <span class='ocrx_word' id='word_1_91' title='bbox 1330 1141 1472 1193; x_wconf 91' lang='lat' dir='ltr'><strong>enim</strong></span> <span class='ocrx_word' id='word_1_92' title='bbox 1525 1148 1831 1207; x_wconf 80' lang='lat' dir='ltr'><strong>assumptus</strong></span> <span class='ocrx_word' id='word_1_93' title='bbox 1881 1146 1964 1190; x_wconf 89' lang='lat' dir='ltr'><strong>est</strong></span> <span class='ocrx_word' id='word_1_94' title='bbox 2009 1145 2070 1189; x_wconf 90' lang='lat' dir='ltr'><strong>ut</strong></span> 
     </span>
    </p>
   </div>
   <div class='ocr_carea' id='block_1_13' title="bbox 485 1228 2070 1306">
    <p class='ocr_par' dir='ltr' id='par_1_13' title="bbox 485 1228 2070 1306">
     <span class='ocr_line' id='line_1_13' title="bbox 485 1228 2070 1306; baseline -0.003 -20"><span class='ocrx_word' id='word_1_95' title='bbox 485 1235 998 1306; x_wconf 89' lang='lat' dir='ltr'><strong>commutaretur[in</strong></span> <span class='ocrx_word' id='word_1_96' title='bbox 1027 1234 1234 1297; x_wconf 87' lang='lat' dir='ltr'><strong>melius,</strong></span> <span class='ocrx_word' id='word_1_97' title='bbox 1260 1242 1314 1287; x_wconf 89' lang='lat' dir='ltr'><strong>ct</strong></span> <span class='ocrx_word' id='word_1_98' title='bbox 1337 1233 1403 1286; x_wconf 86' lang='lat' dir='ltr'><strong>ab</strong></span> <span class='ocrx_word' id='word_1_99' title='bbox 1430 1247 1495 1286; x_wconf 90' lang='lat' dir='ltr'><strong>eo</strong></span> <span class='ocrx_word' id='word_1_100' title='bbox 1520 1228 1862 1299; x_wconf 83' lang='lat' dir='ltr'><strong>formaretur]</strong></span> <span class='ocrx_word' id='word_1_101' title='bbox 1887 1229 2070 1284; x_wconf 78' lang='lat' dir='ltr'><strong>ineffa-</strong></span> 
     </span>
    </p>
   </div>
   <div class='ocr_carea' id='block_1_14' title="bbox 492 1325 2071 1393">
    <p class='ocr_par' dir='ltr' id='par_1_14' title="bbox 492 1325 2071 1393">
     <span class='ocr_line' id='line_1_14' title="bbox 492 1325 2071 1393; baseline -0.001 -18"><span class='ocrx_word' id='word_1_102' title='bbox 492 1325 691 1389; x_wconf 87' lang='lat' dir='ltr'><strong>biliter,</strong></span> <span class='ocrx_word' id='word_1_103' title='bbox 724 1334 776 1379; x_wconf 90' lang='lat' dir='ltr'><strong>et</strong></span> <span class='ocrx_word' id='word_1_104' title='bbox 808 1327 1161 1380; x_wconf 82' lang='lat' dir='ltr'><strong>excellentius</strong></span> <span class='ocrx_word' id='word_1_105' title='bbox 1193 1334 1350 1393; x_wconf 87' lang='lat' dir='ltr'><strong>atque</strong></span> <span class='ocrx_word' id='word_1_106' title='bbox 1371 1325 1718 1390; x_wconf 74' lang='lat' dir='ltr'><strong>coniunctius</strong></span> <span class='ocrx_word' id='word_1_107' title='bbox 1748 1337 1908 1392; x_wconf 90' lang='lat' dir='ltr'><strong>quam</strong></span> <span class='ocrx_word' id='word_1_108' title='bbox 1953 1334 2071 1373; x_wconf 80' lang='lat' dir='ltr'><strong>vcs-</strong></span> 
     </span>
    </p>
   </div>
   <div class='ocr_carea' id='block_1_15' title="bbox 493 1412 2073 1482">
    <p class='ocr_par' dir='ltr' id='par_1_15' title="bbox 493 1412 2073 1482">
     <span class='ocr_line' id='line_1_15' title="bbox 493 1412 2073 1482; baseline -0.001 -16"><span class='ocrx_word' id='word_1_109' title='bbox 493 1417 641 1482; x_wconf 88' lang='lat' dir='ltr'><strong>titus,</strong></span> <span class='ocrx_word' id='word_1_110' title='bbox 675 1431 796 1469; x_wconf 92' lang='lat' dir='ltr'><strong>cum</strong></span> <span class='ocrx_word' id='word_1_111' title='bbox 824 1419 889 1469; x_wconf 83' lang='lat' dir='ltr'><strong>ah</strong></span> <span class='ocrx_word' id='word_1_112' title='bbox 914 1416 1129 1470; x_wconf 86' lang='lat' dir='ltr'><strong>homine</strong></span> <span class='ocrx_word' id='word_1_113' title='bbox 1152 1416 1406 1470; x_wconf 85' lang='lat' dir='ltr'><strong>induitur.</strong></span> <span class='ocrx_word' id='word_1_114' title='bbox 1442 1416 1552 1468; x_wconf 90' lang='lat' dir='ltr'><strong>lloc</strong></span> <span class='ocrx_word' id='word_1_115' title='bbox 1580 1429 1707 1482; x_wconf 71' lang='lat' dir='ltr'><strong>ergo</strong></span> <span class='ocrx_word' id='word_1_116' title='bbox 1738 1415 1954 1466; x_wconf 88' lang='lat' dir='ltr'><strong>nomine</strong></span> <span class='ocrx_word' id='word_1_117' title='bbox 1978 1412 2073 1466; x_wconf 81' lang='lat' dir='ltr'><strong>ha-</strong></span> 
     </span>
    </p>
   </div>
   <div class='ocr_carea' id='block_1_16' title="bbox 495 1504 2067 1575">
    <p class='ocr_par' dir='ltr' id='par_1_16' title="bbox 495 1504 2067 1575">
     <span class='ocr_line' id='line_1_16' title="bbox 495 1504 2067 1575; baseline 0 -18"><span class='ocrx_word' id='word_1_118' title='bbox 495 1504 635 1558; x_wconf 89' lang='lat' dir='ltr'><strong>bitus</strong></span> <span class='ocrx_word' id='word_1_119' title='bbox 654 1508 782 1559; x_wconf 82' lang='lat' dir='ltr'><strong>satis</strong></span> <span class='ocrx_word' id='word_1_120' title='bbox 800 1507 1116 1574; x_wconf 85' lang='lat' dir='ltr'><strong>significavit</strong></span> <span class='ocrx_word' id='word_1_121' title='bbox 1131 1507 1419 1575; x_wconf 83' lang='lat' dir='ltr'><strong>Apostolus</strong></span> <span class='ocrx_word' id='word_1_122' title='bbox 1436 1506 1884 1571; x_wconf 72' lang='lat' dir='ltr'><strong>quemadmodum</strong></span> <span class='ocrx_word' id='word_1_123' title='bbox 1912 1505 2067 1558; x_wconf 79' lang='lat' dir='ltr'><strong>dixe-</strong></span> 
     </span>
    </p>
   </div>
   <div class='ocr_carea' id='block_1_17' title="bbox 491 1595 2069 1668">
    <p class='ocr_par' dir='ltr' id='par_1_17' title="bbox 491 1595 2069 1668">
     <span class='ocr_line' id='line_1_17' title="bbox 491 1595 2069 1668; baseline -0.002 -19"><span class='ocrx_word' id='word_1_124' title='bbox 491 1597 562 1649; x_wconf 92' lang='lat' dir='ltr'><strong>rit</strong></span> <span class='ocrx_word' id='word_1_125' title='bbox 588 1613 603 1651; x_wconf 89' lang='lat'><strong>:</strong></span> <span class='ocrx_word' id='word_1_126' title='bbox 636 1598 688 1649; x_wconf 87' lang='lat' dir='ltr'><strong>ltt</strong></span> <span class='ocrx_word' id='word_1_127' title='bbox 714 1596 1058 1652; x_wconf 82' lang='lat' dir='ltr'><strong>similitudine</strong></span> <span class='ocrx_word' id='word_1_128' title='bbox 1082 1596 1539 1668; x_wconf 80' lang='lat' dir='ltr'><strong>[similitudinem]</strong></span> <span class='ocrx_word' id='word_1_129' title='bbox 1566 1596 1842 1649; x_wconf 85' lang='lat' dir='ltr'><strong>hominum</strong></span> <span class='ocrx_word' id='word_1_130' title='bbox 1876 1595 2069 1660; x_wconf 81' lang='lat' dir='ltr'><strong>factus,</strong></span> 
     </span>
    </p>
   </div>
   <div class='ocr_carea' id='block_1_18' title="bbox 488 1686 2071 1757">
    <p class='ocr_par' dir='ltr' id='par_1_18' title="bbox 488 1686 2071 1757">
     <span class='ocr_line' id='line_1_18' title="bbox 488 1686 2071 1757; baseline -0.001 -18"><span class='ocrx_word' id='word_1_131' title='bbox 488 1689 611 1756; x_wconf 85' lang='lat' dir='ltr'><strong>quin</strong></span> <span class='ocrx_word' id='word_1_132' title='bbox 662 1703 766 1742; x_wconf 92' lang='lat' dir='ltr'><strong>non</strong></span> <span class='ocrx_word' id='word_1_133' title='bbox 815 1688 1287 1757; x_wconf 79' lang='lat' dir='ltr'><strong>transﬁguratione</strong></span> <span class='ocrx_word' id='word_1_134' title='bbox 1331 1690 1381 1741; x_wconf 89' lang='lat' dir='ltr'><strong>in</strong></span> <span class='ocrx_word' id='word_1_135' title='bbox 1417 1689 1712 1749; x_wconf 86' lang='lat' dir='ltr'><strong>hominem,</strong></span> <span class='ocrx_word' id='word_1_136' title='bbox 1756 1687 1851 1743; x_wconf 87' lang='lat' dir='ltr'><strong>sed</strong></span> <span class='ocrx_word' id='word_1_137' title='bbox 1892 1686 2071 1739; x_wconf 86' lang='lat' dir='ltr'><strong>habitu</strong></span> 
     </span>
    </p>
   </div>
   <div class='ocr_carea' id='block_1_19' title="bbox 2171 495 3768 563">
    <p class='ocr_par' dir='ltr' id='par_1_19' title="bbox 2171 495 3768 563">
     <span class='ocr_line' id='line_1_19' title="bbox 2171 495 3768 563; baseline -0.001 -14"><span class='ocrx_word' id='word_1_138' title='bbox 2171 510 2389 563; x_wconf 87' lang='lat' dir='ltr'><strong>ponere,</strong></span> <span class='ocrx_word' id='word_1_139' title='bbox 2422 504 2481 549; x_wconf 91' lang='lat' dir='ltr'><strong>ut</strong></span> <span class='ocrx_word' id='word_1_140' title='bbox 2509 496 2656 550; x_wconf 83' lang='lat' dir='ltr'><strong>verbi</strong></span> <span class='ocrx_word' id='word_1_141' title='bbox 2687 508 2871 560; x_wconf 87' lang='lat' dir='ltr'><strong>causa,</strong></span> <span class='ocrx_word' id='word_1_142' title='bbox 2902 496 3155 562; x_wconf 84' lang='lat' dir='ltr'><strong>quoniam</strong></span> <span class='ocrx_word' id='word_1_143' title='bbox 3184 495 3562 550; x_wconf 79' lang='lat' dir='ltr'><strong>difﬁcillimum</strong></span> <span class='ocrx_word' id='word_1_144' title='bbox 3592 504 3676 551; x_wconf 84' lang='lat' dir='ltr'><strong>est</strong></span> <span class='ocrx_word' id='word_1_145' title='bbox 3703 509 3768 549; x_wconf 86' lang='lat' dir='ltr'><strong>ut</strong></span> 
     </span>
    </p>
   </div>
   <div class='ocr_carea' id='block_1_20' title="bbox 2170 584 3769 657">
    <p class='ocr_par' dir='ltr' id='par_1_20' title="bbox 2170 584 3769 657">
     <span class='ocr_line' id='line_1_20' title="bbox 2170 584 3769 657; baseline -0.001 -16"><span class='ocrx_word' id='word_1_146' title='bbox 2170 588 2329 641; x_wconf 90' lang='lat' dir='ltr'><strong>homo</strong></span> <span class='ocrx_word' id='word_1_147' title='bbox 2358 586 2557 655; x_wconf 87' lang='lat' dir='ltr'><strong>aliquid</strong></span> <span class='ocrx_word' id='word_1_148' title='bbox 2601 586 2834 640; x_wconf 82' lang='lat' dir='ltr'><strong>vindicet</strong></span> <span class='ocrx_word' id='word_1_149' title='bbox 2890 586 3007 640; x_wconf 85' lang='lat' dir='ltr'><strong>sine</strong></span> <span class='ocrx_word' id='word_1_150' title='bbox 3034 588 3134 650; x_wconf 84' lang='lat' dir='ltr'><strong>ira,</strong></span> <span class='ocrx_word' id='word_1_151' title='bbox 3162 587 3397 640; x_wconf 78' lang='lat' dir='ltr'><strong>vindicta</strong></span> <span class='ocrx_word' id='word_1_152' title='bbox 3426 584 3769 657; x_wconf 67' lang='lat' dir='ltr'><strong>[vindittam]</strong></span> 
     </span>
    </p>
   </div>
   <div class='ocr_carea' id='block_1_21' title="bbox 2170 676 3763 750">
    <p class='ocr_par' dir='ltr' id='par_1_21' title="bbox 2170 676 3763 750">
     <span class='ocr_line' id='line_1_21' title="bbox 2170 676 3763 750; baseline -0.004 -15"><span class='ocrx_word' id='word_1_153' title='bbox 2170 680 2285 745; x_wconf 87' lang='lat' dir='ltr'><strong>Dei,</strong></span> <span class='ocrx_word' id='word_1_154' title='bbox 2308 696 2426 749; x_wconf 76' lang='lat' dir='ltr'><strong>quze</strong></span> <span class='ocrx_word' id='word_1_155' title='bbox 2446 680 2665 733; x_wconf 90' lang='lat' dir='ltr'><strong>omnino</strong></span> <span class='ocrx_word' id='word_1_156' title='bbox 2688 680 2809 733; x_wconf 85' lang='lat' dir='ltr'><strong>sine</strong></span> <span class='ocrx_word' id='word_1_157' title='bbox 2835 678 2934 732; x_wconf 88' lang='lat' dir='ltr'><strong>ista</strong></span> <span class='ocrx_word' id='word_1_158' title='bbox 2960 678 3361 745; x_wconf 84' lang='lat' dir='ltr'><strong>perturbatione</strong></span> <span class='ocrx_word' id='word_1_159' title='bbox 3378 678 3448 731; x_wconf 85' lang='lat' dir='ltr'><strong>sit</strong></span> <span class='ocrx_word' id='word_1_160' title='bbox 3471 676 3599 750; x_wconf 78' lang='lat' dir='ltr'><strong>[tit],</strong></span> <span class='ocrx_word' id='word_1_161' title='bbox 3622 677 3763 732; x_wconf 79' lang='lat' dir='ltr'><strong>iram</strong></span> 
     </span>
    </p>
   </div>
   <div class='ocr_carea' id='block_1_22' title="bbox 2172 769 3767 840">
    <p class='ocr_par' dir='ltr' id='par_1_22' title="bbox 2172 769 3767 840">
     <span class='ocr_line' id='line_1_22' title="bbox 2172 769 3767 840; baseline -0.003 -13"><span class='ocrx_word' id='word_1_162' title='bbox 2172 782 2350 827; x_wconf 82' lang='lat' dir='ltr'><strong>tamen</strong></span> <span class='ocrx_word' id='word_1_163' title='bbox 2384 774 2675 826; x_wconf 77' lang='lat' dir='ltr'><strong>vocandum</strong></span> <span class='ocrx_word' id='word_1_164' title='bbox 2716 771 3113 840; x_wconf 77' lang='lat' dir='ltr'><strong>judicaverunt.</strong></span> <span class='ocrx_word' id='word_1_165' title='bbox 3170 770 3301 824; x_wconf 87' lang='lat' dir='ltr'><strong>Item</strong></span> <span class='ocrx_word' id='word_1_166' title='bbox 3343 770 3476 840; x_wconf 83' lang='lat' dir='ltr'><strong>quia</strong></span> <span class='ocrx_word' id='word_1_167' title='bbox 3527 769 3767 839; x_wconf 73' lang='lat' dir='ltr'><strong>coniugii</strong></span> 
     </span>
    </p>
   </div>
   <div class='ocr_carea' id='block_1_23' title="bbox 2169 860 3756 925">
    <p class='ocr_par' dir='ltr' id='par_1_23' title="bbox 2169 860 3756 925">
     <span class='ocr_line' id='line_1_23' title="bbox 2169 860 3756 925; baseline -0.003 -7"><span class='ocrx_word' id='word_1_168' title='bbox 2169 866 2466 918; x_wconf 83' lang='lat' dir='ltr'><strong>castitatem</strong></span> <span class='ocrx_word' id='word_1_169' title='bbox 2498 863 2723 918; x_wconf 80' lang='lat' dir='ltr'><strong>zelando</strong></span> <span class='ocrx_word' id='word_1_170' title='bbox 2750 861 2851 916; x_wconf 83' lang='lat' dir='ltr'><strong>viri</strong></span> <span class='ocrx_word' id='word_1_171' title='bbox 2877 863 3150 917; x_wconf 86' lang='lat' dir='ltr'><strong>custodire</strong></span> <span class='ocrx_word' id='word_1_172' title='bbox 3166 872 3584 925; x_wconf 77' lang='lat' dir='ltr'><strong>consueverunt,</strong></span> <span class='ocrx_word' id='word_1_173' title='bbox 3605 860 3756 915; x_wconf 80' lang='lat' dir='ltr'><strong>illam</strong></span> 
     </span>
    </p>
   </div>
   <div class='ocr_carea' id='block_1_24' title="bbox 2172 953 3765 1023">
    <p class='ocr_par' dir='ltr' id='par_1_24' title="bbox 2172 953 3765 1023">
     <span class='ocr_line' id='line_1_24' title="bbox 2172 953 3765 1023; baseline 0.001 -17"><span class='ocrx_word' id='word_1_174' title='bbox 2172 953 2263 1007; x_wconf 89' lang='lat' dir='ltr'><strong>Dei</strong></span> <span class='ocrx_word' id='word_1_175' title='bbox 2290 954 2700 1022; x_wconf 88' lang='lat' dir='ltr'><strong>providentiam,</strong></span> <span class='ocrx_word' id='word_1_176' title='bbox 2732 969 2825 1022; x_wconf 91' lang='lat' dir='ltr'><strong>per</strong></span> <span class='ocrx_word' id='word_1_177' title='bbox 2846 969 3004 1023; x_wconf 85' lang='lat' dir='ltr'><strong>quam</strong></span> <span class='ocrx_word' id='word_1_178' title='bbox 3036 954 3343 1023; x_wconf 67' lang='lat' dir='ltr'><strong>praecipitur</strong></span> <span class='ocrx_word' id='word_1_179' title='bbox 3384 963 3544 1023; x_wconf 88' lang='lat' dir='ltr'><strong>atque</strong></span> <span class='ocrx_word' id='word_1_180' title='bbox 3586 956 3765 1023; x_wconf 86' lang='lat' dir='ltr'><strong>agitur</strong></span> 
     </span>
    </p>
   </div>
   <div class='ocr_carea' id='block_1_25' title="bbox 2172 1044 3766 1114">
    <p class='ocr_par' dir='ltr' id='par_1_25' title="bbox 2172 1044 3766 1114">
     <span class='ocr_line' id='line_1_25' title="bbox 2172 1044 3766 1114; baseline 0.001 -17"><span class='ocrx_word' id='word_1_181' title='bbox 2172 1059 2238 1099; x_wconf 89' lang='lat' dir='ltr'><strong>ne</strong></span> <span class='ocrx_word' id='word_1_182' title='bbox 2251 1046 2425 1097; x_wconf 85' lang='lat' dir='ltr'><strong>anima</strong></span> <span class='ocrx_word' id='word_1_183' title='bbox 2441 1056 2831 1112; x_wconf 77' lang='lat' dir='ltr'><strong>corrumpatur,</strong></span> <span class='ocrx_word' id='word_1_184' title='bbox 2852 1046 3049 1100; x_wconf 67' lang='lat' dir='ltr'><strong>etdcvs</strong></span> <span class='ocrx_word' id='word_1_185' title='bbox 3071 1044 3200 1098; x_wconf 88' lang='lat' dir='ltr'><strong>alios</strong></span> <span class='ocrx_word' id='word_1_186' title='bbox 3214 1054 3371 1114; x_wconf 87' lang='lat' dir='ltr'><strong>atque</strong></span> <span class='ocrx_word' id='word_1_187' title='bbox 3384 1044 3516 1097; x_wconf 89' lang='lat' dir='ltr'><strong>alios</strong></span> <span class='ocrx_word' id='word_1_188' title='bbox 3529 1059 3766 1114; x_wconf 81' lang='lat' dir='ltr'><strong>sequens</strong></span> 
     </span>
    </p>
   </div>
   <div class='ocr_carea' id='block_1_26' title="bbox 2171 1134 3760 1202">
    <p class='ocr_par' dir='ltr' id='par_1_26' title="bbox 2171 1134 3760 1202">
     <span class='ocr_line' id='line_1_26' title="bbox 2171 1134 3760 1202; baseline 0.002 -18"><span class='ocrx_word' id='word_1_189' title='bbox 2171 1134 2569 1202; x_wconf 84' lang='lat' dir='ltr'><strong>quodammodo</strong></span> <span class='ocrx_word' id='word_1_190' title='bbox 2597 1137 2987 1199; x_wconf 89' lang='lat' dir='ltr'><strong>tneretrieetur,</strong></span> <span class='ocrx_word' id='word_1_191' title='bbox 3016 1137 3189 1189; x_wconf 75' lang='lat' dir='ltr'><strong>zelum</strong></span> <span class='ocrx_word' id='word_1_192' title='bbox 3217 1136 3309 1189; x_wconf 88' lang='lat' dir='ltr'><strong>Dei</strong></span> <span class='ocrx_word' id='word_1_193' title='bbox 3332 1135 3760 1202; x_wconf 86' lang='lat' dir='ltr'><strong>appellaverunt.</strong></span> 
     </span>
    </p>
   </div>
   <div class='ocr_carea' id='block_1_27' title="bbox 2172 1223 3765 1295">
    <p class='ocr_par' dir='ltr' id='par_1_27' title="bbox 2172 1223 3765 1295">
     <span class='ocr_line' id='line_1_27' title="bbox 2172 1223 3765 1295; baseline -0.001 -15"><span class='ocrx_word' id='word_1_194' title='bbox 2172 1223 2260 1280; x_wconf 85' lang='lat' dir='ltr'><strong>Sic</strong></span> <span class='ocrx_word' id='word_1_195' title='bbox 2280 1233 2333 1278; x_wconf 89' lang='lat' dir='ltr'><strong>et</strong></span> <span class='ocrx_word' id='word_1_196' title='bbox 2380 1240 2594 1278; x_wconf 91' lang='lat' dir='ltr'><strong>manum</strong></span> <span class='ocrx_word' id='word_1_197' title='bbox 2627 1225 2721 1279; x_wconf 91' lang='lat' dir='ltr'><strong>Dci</strong></span> <span class='ocrx_word' id='word_1_198' title='bbox 2752 1226 2858 1279; x_wconf 87' lang='lat' dir='ltr'><strong>vim</strong></span> <span class='ocrx_word' id='word_1_199' title='bbox 2908 1235 3184 1295; x_wconf 87' lang='lat' dir='ltr'><strong>operatur,</strong></span> <span class='ocrx_word' id='word_1_200' title='bbox 3206 1236 3263 1279; x_wconf 88' lang='lat' dir='ltr'><strong>et</strong></span> <span class='ocrx_word' id='word_1_201' title='bbox 3309 1225 3475 1295; x_wconf 88' lang='lat' dir='ltr'><strong>pedes</strong></span> <span class='ocrx_word' id='word_1_202' title='bbox 3519 1226 3607 1280; x_wconf 92' lang='lat' dir='ltr'><strong>Dei</strong></span> <span class='ocrx_word' id='word_1_203' title='bbox 3655 1227 3765 1279; x_wconf 85' lang='lat' dir='ltr'><strong>vim</strong></span> 
     </span>
    </p>
   </div>
   <div class='ocr_carea' id='block_1_28' title="bbox 2176 1315 3766 1388">
    <p class='ocr_par' dir='ltr' id='par_1_28' title="bbox 2176 1315 3766 1388">
     <span class='ocr_line' id='line_1_28' title="bbox 2176 1315 3766 1388; baseline 0.003 -21"><span class='ocrx_word' id='word_1_204' title='bbox 2176 1331 2279 1385; x_wconf 89' lang='lat' dir='ltr'><strong>qua</strong></span> <span class='ocrx_word' id='word_1_205' title='bbox 2317 1316 2495 1371; x_wconf 80' lang='lat' dir='ltr'><strong>omnia</strong></span> <span class='ocrx_word' id='word_1_206' title='bbox 2543 1317 2895 1372; x_wconf 68' lang='lat' dir='ltr'><strong>cusrodienda</strong></span> <span class='ocrx_word' id='word_1_207' title='bbox 2925 1327 2977 1371; x_wconf 93' lang='lat' dir='ltr'><strong>et</strong></span> <span class='ocrx_word' id='word_1_208' title='bbox 3002 1315 3348 1388; x_wconf 86' lang='lat' dir='ltr'><strong>gubernanda</strong></span> <span class='ocrx_word' id='word_1_209' title='bbox 3383 1319 3681 1385; x_wconf 83' lang='lat' dir='ltr'><strong>pertendit;</strong></span> <span class='ocrx_word' id='word_1_210' title='bbox 3710 1329 3766 1372; x_wconf 83' lang='lat' dir='ltr'><strong>et</strong></span> 
     </span>
    </p>
   </div>
   <div class='ocr_carea' id='block_1_29' title="bbox 2175 1408 3766 1480">
    <p class='ocr_par' dir='ltr' id='par_1_29' title="bbox 2175 1408 3766 1480">
     <span class='ocr_line' id='line_1_29' title="bbox 2175 1408 3766 1480; baseline 0.003 -20"><span class='ocrx_word' id='word_1_211' title='bbox 2175 1422 2333 1462; x_wconf 84' lang='lat' dir='ltr'><strong>aures</strong></span> <span class='ocrx_word' id='word_1_212' title='bbox 2390 1408 2485 1462; x_wconf 76' lang='lat' dir='ltr'><strong>Dei</strong></span> <span class='ocrx_word' id='word_1_213' title='bbox 2541 1408 2625 1462; x_wconf 85' lang='lat' dir='ltr'><strong>vel</strong></span> <span class='ocrx_word' id='word_1_214' title='bbox 2680 1410 2868 1463; x_wconf 89' lang='lat' dir='ltr'><strong>oculos</strong></span> <span class='ocrx_word' id='word_1_215' title='bbox 2928 1409 3020 1464; x_wconf 89' lang='lat' dir='ltr'><strong>Dei</strong></span> <span class='ocrx_word' id='word_1_216' title='bbox 3069 1409 3178 1464; x_wconf 86' lang='lat' dir='ltr'><strong>vim</strong></span> <span class='ocrx_word' id='word_1_217' title='bbox 3243 1424 3347 1480; x_wconf 87' lang='lat' dir='ltr'><strong>qua</strong></span> <span class='ocrx_word' id='word_1_218' title='bbox 3398 1410 3581 1465; x_wconf 88' lang='lat' dir='ltr'><strong>omnia</strong></span> <span class='ocrx_word' id='word_1_219' title='bbox 3644 1424 3766 1478; x_wconf 86' lang='lat' dir='ltr'><strong>per-</strong></span> 
     </span>
    </p>
   </div>
   <div class='ocr_carea' id='block_1_30' title="bbox 2175 1498 3763 1571">
    <p class='ocr_par' dir='ltr' id='par_1_30' title="bbox 2175 1498 3763 1571">
     <span class='ocr_line' id='line_1_30' title="bbox 2175 1498 3763 1571; baseline 0.001 -19"><span class='ocrx_word' id='word_1_220' title='bbox 2175 1499 2304 1566; x_wconf 89' lang='lat' dir='ltr'><strong>cipit</strong></span> <span class='ocrx_word' id='word_1_221' title='bbox 2362 1507 2521 1566; x_wconf 88' lang='lat' dir='ltr'><strong>atqtte</strong></span> <span class='ocrx_word' id='word_1_222' title='bbox 2578 1498 2860 1568; x_wconf 76' lang='lat' dir='ltr'><strong>intelligit;</strong></span> <span class='ocrx_word' id='word_1_223' title='bbox 2924 1509 2978 1553; x_wconf 89' lang='lat' dir='ltr'><strong>et</strong></span> <span class='ocrx_word' id='word_1_224' title='bbox 3054 1499 3241 1554; x_wconf 84' lang='lat' dir='ltr'><strong>fat-icm</strong></span> <span class='ocrx_word' id='word_1_225' title='bbox 3314 1501 3407 1555; x_wconf 88' lang='lat' dir='ltr'><strong>Dei</strong></span> <span class='ocrx_word' id='word_1_226' title='bbox 3482 1501 3586 1554; x_wconf 79' lang='lat' dir='ltr'><strong>vim</strong></span> <span class='ocrx_word' id='word_1_227' title='bbox 3658 1516 3763 1571; x_wconf 81' lang='lat' dir='ltr'><strong>qua</strong></span> 
     </span>
    </p>
   </div>
   <div class='ocr_carea' id='block_1_31' title="bbox 2176 1589 3761 1660">
    <p class='ocr_par' dir='ltr' id='par_1_31' title="bbox 2176 1589 3761 1660">
     <span class='ocr_line' id='line_1_31' title="bbox 2176 1589 3761 1660; baseline 0.004 -20"><span class='ocrx_word' id='word_1_228' title='bbox 2176 1603 2236 1642; x_wconf 89' lang='lat' dir='ltr'><strong>se</strong></span> <span class='ocrx_word' id='word_1_229' title='bbox 2312 1589 2616 1643; x_wconf 84' lang='lat' dir='ltr'><strong>manifestat</strong></span> <span class='ocrx_word' id='word_1_230' title='bbox 2688 1601 2851 1659; x_wconf 85' lang='lat' dir='ltr'><strong>atque</strong></span> <span class='ocrx_word' id='word_1_231' title='bbox 2929 1591 3262 1660; x_wconf 77' lang='lat' dir='ltr'><strong>dignoscitur</strong></span> <span class='ocrx_word' id='word_1_232' title='bbox 3300 1633 3315 1657; x_wconf 89' lang='lat'><strong>,</strong></span> <span class='ocrx_word' id='word_1_233' title='bbox 3400 1601 3455 1645; x_wconf 91' lang='lat' dir='ltr'><strong>et</strong></span> <span class='ocrx_word' id='word_1_234' title='bbox 3538 1603 3761 1647; x_wconf 62' lang='lat' dir='ltr'><strong>caetera.</strong></span> 
     </span>
    </p>
   </div>
   <div class='ocr_carea' id='block_1_32' title="bbox 2176 1677 3756 1752">
    <p class='ocr_par' dir='ltr' id='par_1_32' title="bbox 2176 1677 3756 1752">
     <span class='ocr_line' id='line_1_32' title="bbox 2176 1677 3756 1752; baseline 0.004 -21"><span class='ocrx_word' id='word_1_235' title='bbox 2176 1677 2235 1732; x_wconf 83' lang='lat' dir='ltr'><strong>In</strong></span> <span class='ocrx_word' id='word_1_236' title='bbox 2293 1681 2435 1736; x_wconf 88' lang='lat' dir='ltr'><strong>hunc</strong></span> <span class='ocrx_word' id='word_1_237' title='bbox 2488 1685 2747 1746; x_wconf 80' lang='lat' dir='ltr'><strong>modum,</strong></span> <span class='ocrx_word' id='word_1_238' title='bbox 2810 1692 3097 1752; x_wconf 84' lang='lat' dir='ltr'><strong>propterea</strong></span> <span class='ocrx_word' id='word_1_239' title='bbox 3167 1684 3373 1737; x_wconf 78' lang='lat' dir='ltr'><strong>scilicet</strong></span> <span class='ocrx_word' id='word_1_240' title='bbox 3418 1683 3545 1748; x_wconf 88' lang='lat' dir='ltr'><strong>quia</strong></span> <span class='ocrx_word' id='word_1_241' title='bbox 3610 1700 3756 1749; x_wconf 86' lang='lat' dir='ltr'><strong>n-s,</strong></span> 
     </span>
    </p>
   </div>
   <div class='ocr_carea' id='block_1_33' title="bbox 489 1770 3749 1852">
    <p class='ocr_par' dir='ltr' id='par_1_33' title="bbox 489 1770 3749 1852">
     <span class='ocr_line' id='line_1_33' title="bbox 489 1770 3749 1852; baseline 0 -22"><span class='ocrx_word' id='word_1_242' title='bbox 489 1780 659 1833; x_wconf 87' lang='lat' dir='ltr'><strong>factus</strong></span> <span class='ocrx_word' id='word_1_243' title='bbox 689 1779 1109 1852; x_wconf 79' lang='lat' dir='ltr'><strong>[inventus}est,</strong></span> <span class='ocrx_word' id='word_1_244' title='bbox 1135 1795 1255 1833; x_wconf 89' lang='lat' dir='ltr'><strong>curn</strong></span> <span class='ocrx_word' id='word_1_245' title='bbox 1292 1777 1509 1833; x_wconf 87' lang='lat' dir='ltr'><strong>indutus</strong></span> <span class='ocrx_word' id='word_1_246' title='bbox 1536 1791 1620 1832; x_wconf 88' lang='lat' dir='ltr'><strong>est</strong></span> <span class='ocrx_word' id='word_1_247' title='bbox 1669 1780 1884 1832; x_wconf 76' lang='lat' dir='ltr'><strong>homine</strong></span> <span class='ocrx_word' id='word_1_248' title='bbox 1915 1792 2072 1847; x_wconf 88' lang='lat' dir='ltr'><strong>quem</strong></span> <span class='ocrx_word' id='word_1_249' title='bbox 2108 1770 2150 1828; x_wconf 84' lang='grc' dir='ltr'><strong><em>Β</em></strong></span> <span class='ocrx_word' id='word_1_250' title='bbox 2179 1774 2245 1828; x_wconf 85' lang='lat' dir='ltr'><strong>ad</strong></span> <span class='ocrx_word' id='word_1_251' title='bbox 2300 1791 2436 1844; x_wconf 91' lang='lat' dir='ltr'><strong>quos</strong></span> <span class='ocrx_word' id='word_1_252' title='bbox 2492 1791 2674 1831; x_wconf 88' lang='lat' dir='ltr'><strong>sermo</strong></span> <span class='ocrx_word' id='word_1_253' title='bbox 2713 1778 2790 1841; x_wconf 85' lang='lat' dir='ltr'><strong>tit,</strong></span> <span class='ocrx_word' id='word_1_254' title='bbox 2843 1786 2899 1831; x_wconf 91' lang='lat' dir='ltr'><strong>et</strong></span> <span class='ocrx_word' id='word_1_255' title='bbox 2939 1778 3181 1831; x_wconf 88' lang='lat' dir='ltr'><strong>manibus</strong></span> <span class='ocrx_word' id='word_1_256' title='bbox 3236 1776 3474 1832; x_wconf 76' lang='lat' dir='ltr'><strong>Solemus</strong></span> <span class='ocrx_word' id='word_1_257' title='bbox 3532 1781 3749 1846; x_wconf 82' lang='lat' dir='ltr'><strong>operari</strong></span> 
     </span>
    </p>
   </div>
   <div class='ocr_carea' id='block_1_34' title="bbox 488 1869 2065 1938">
    <p class='ocr_par' dir='ltr' id='par_1_34' title="bbox 488 1869 2065 1938">
     <span class='ocr_line' id='line_1_34' title="bbox 488 1869 2065 1938; baseline 0 -17"><span class='ocrx_word' id='word_1_258' title='bbox 488 1870 590 1924; x_wconf 84' lang='lat' dir='ltr'><strong>sibi</strong></span> <span class='ocrx_word' id='word_1_259' title='bbox 624 1871 810 1923; x_wconf 83' lang='lat' dir='ltr'><strong>unicus</strong></span> <span class='ocrx_word' id='word_1_260' title='bbox 841 1871 1236 1938; x_wconf 84' lang='lat' dir='ltr'><strong>quodammodo</strong></span> <span class='ocrx_word' id='word_1_261' title='bbox 1264 1880 1421 1937; x_wconf 87' lang='lat' dir='ltr'><strong>atque</strong></span> <span class='ocrx_word' id='word_1_262' title='bbox 1447 1870 1815 1933; x_wconf 72' lang='lat' dir='ltr'><strong>conformatus,</strong></span> <span class='ocrx_word' id='word_1_263' title='bbox 1842 1869 2065 1923; x_wconf 84' lang='lat' dir='ltr'><strong>immor-</strong></span> 
     </span>
    </p>
   </div>
   <div class='ocr_carea' id='block_1_35' title="bbox 492 1959 2070 2029">
    <p class='ocr_par' dir='ltr' id='par_1_35' title="bbox 492 1959 2070 2029">
     <span class='ocr_line' id='line_1_35' title="bbox 492 1959 2070 2029; baseline 0 -17"><span class='ocrx_word' id='word_1_264' title='bbox 492 1960 692 2013; x_wconf 83' lang='lat' dir='ltr'><strong>talitati</strong></span> <span class='ocrx_word' id='word_1_265' title='bbox 740 1960 1132 2029; x_wconf 70' lang='lat' dir='ltr'><strong>mlernitatique</strong></span> <span class='ocrx_word' id='word_1_266' title='bbox 1174 1961 1423 2015; x_wconf 88' lang='lat' dir='ltr'><strong>sociaret.</strong></span> <span class='ocrx_word' id='word_1_267' title='bbox 1478 1960 1582 2015; x_wconf 87' lang='lat' dir='ltr'><strong>Sed</strong></span> <span class='ocrx_word' id='word_1_268' title='bbox 1635 1960 1781 2013; x_wconf 90' lang='lat' dir='ltr'><strong>illum</strong></span> <span class='ocrx_word' id='word_1_269' title='bbox 1833 1959 2070 2013; x_wconf 88' lang='lat' dir='ltr'><strong>habitum</strong></span> 
     </span>
    </p>
   </div>
   <div class='ocr_carea' id='block_1_36' title="bbox 489 2047 2067 2118">
    <p class='ocr_par' dir='ltr' id='par_1_36' title="bbox 489 2047 2067 2118">
     <span class='ocr_line' id='line_1_36' title="bbox 489 2047 2067 2118; baseline 0.001 -19"><span class='ocrx_word' id='word_1_270' title='bbox 489 2048 682 2113; x_wconf 76' lang='lat' dir='ltr'><strong>quiest</strong></span> <span class='ocrx_word' id='word_1_271' title='bbox 711 2049 764 2102; x_wconf 89' lang='lat' dir='ltr'><strong>in</strong></span> <span class='ocrx_word' id='word_1_272' title='bbox 796 2051 1138 2118; x_wconf 81' lang='lat' dir='ltr'><strong>perceptione</strong></span> <span class='ocrx_word' id='word_1_273' title='bbox 1166 2051 1440 2117; x_wconf 72' lang='lat' dir='ltr'><strong>sapientia:</strong></span> <span class='ocrx_word' id='word_1_274' title='bbox 1469 2059 1525 2105; x_wconf 88' lang='lat' dir='ltr'><strong>et</strong></span> <span class='ocrx_word' id='word_1_275' title='bbox 1554 2049 1870 2116; x_wconf 63' lang='lat' dir='ltr'><strong>disciplina},</strong></span> <span class='ocrx_word' id='word_1_276' title='bbox 1910 2047 2067 2102; x_wconf 68' lang='lat' dir='ltr'><strong>Grae-</strong></span> 
     </span>
    </p>
   </div>
   <div class='ocr_carea' id='block_1_37' title="bbox 491 2139 2072 2212">
    <p class='ocr_par' dir='ltr' id='par_1_37' title="bbox 491 2139 2072 2212">
     <span class='ocr_line' id='line_1_37' title="bbox 491 2139 2072 2212; baseline 0.002 -22"><span class='ocrx_word' id='word_1_277' title='bbox 491 2140 542 2191; x_wconf 89' lang='lat' dir='ltr'><strong>ci</strong></span> <span class='ocrx_word' id='word_1_278' title='bbox 594 2140 693 2203; x_wconf 81' lang='grc' dir='ltr'><strong>ἕξιν</strong></span> <span class='ocrx_word' id='word_1_279' title='bbox 739 2149 969 2212; x_wconf 81' lang='lat' dir='ltr'><strong>vocant;</strong></span> <span class='ocrx_word' id='word_1_280' title='bbox 1027 2139 1167 2195; x_wconf 91' lang='lat' dir='ltr'><strong>hunc</strong></span> <span class='ocrx_word' id='word_1_281' title='bbox 1221 2151 1397 2195; x_wconf 86' lang='lat' dir='ltr'><strong>autem</strong></span> <span class='ocrx_word' id='word_1_282' title='bbox 1445 2141 1735 2196; x_wconf 90' lang='lat' dir='ltr'><strong>secundum</strong></span> <span class='ocrx_word' id='word_1_283' title='bbox 1781 2155 1940 2209; x_wconf 87' lang='lat' dir='ltr'><strong>quem</strong></span> <span class='ocrx_word' id='word_1_284' title='bbox 1987 2139 2072 2193; x_wconf 86' lang='lat' dir='ltr'><strong>di-</strong></span> 
     </span>
    </p>
   </div>
   <div class='ocr_carea' id='block_1_38' title="bbox 491 2228 2072 2306">
    <p class='ocr_par' dir='ltr' id='par_1_38' title="bbox 491 2228 2072 2306">
     <span class='ocr_line' id='line_1_38' title="bbox 491 2228 2072 2306; baseline 0.001 -24"><span class='ocrx_word' id='word_1_285' title='bbox 491 2228 666 2283; x_wconf 80' lang='lat' dir='ltr'><strong>cimus</strong></span> <span class='ocrx_word' id='word_1_286' title='bbox 714 2231 961 2283; x_wconf 87' lang='lat' dir='ltr'><strong>vestitum</strong></span> <span class='ocrx_word' id='word_1_287' title='bbox 994 2232 1078 2285; x_wconf 83' lang='lat' dir='ltr'><strong>vel</strong></span> <span class='ocrx_word' id='word_1_288' title='bbox 1122 2241 1385 2285; x_wconf 88' lang='lat' dir='ltr'><strong>armatum</strong></span> <span class='ocrx_word' id='word_1_289' title='bbox 1439 2240 1627 2306; x_wconf 72' lang='grc' dir='ltr'><strong>σχῆμα</strong></span> <span class='ocrx_word' id='word_1_290' title='bbox 1659 2234 1835 2300; x_wconf 83' lang='lat' dir='ltr'><strong>potius</strong></span> <span class='ocrx_word' id='word_1_291' title='bbox 1882 2231 2072 2300; x_wconf 85' lang='lat' dir='ltr'><strong>appel-</strong></span> 
     </span>
    </p>
   </div>
   <div class='ocr_carea' id='block_1_39' title="bbox 494 2318 2073 2391">
    <p class='ocr_par' dir='ltr' id='par_1_39' title="bbox 494 2318 2073 2391">
     <span class='ocr_line' id='line_1_39' title="bbox 494 2318 2073 2391; baseline 0.004 -22"><span class='ocrx_word' id='word_1_292' title='bbox 494 2318 646 2385; x_wconf 85' lang='lat' dir='ltr'><strong>lant;</strong></span> <span class='ocrx_word' id='word_1_293' title='bbox 671 2333 736 2373; x_wconf 79' lang='lat' dir='ltr'><strong>ex</strong></span> <span class='ocrx_word' id='word_1_294' title='bbox 765 2335 871 2388; x_wconf 90' lang='lat' dir='ltr'><strong>quo</strong></span> <span class='ocrx_word' id='word_1_295' title='bbox 903 2320 1213 2389; x_wconf 80' lang='lat' dir='ltr'><strong>intelligitur</strong></span> <span class='ocrx_word' id='word_1_296' title='bbox 1229 2321 1300 2376; x_wconf 90' lang='lat' dir='ltr'><strong>de</strong></span> <span class='ocrx_word' id='word_1_297' title='bbox 1326 2323 1428 2376; x_wconf 85' lang='lat' dir='ltr'><strong>isto</strong></span> <span class='ocrx_word' id='word_1_298' title='bbox 1455 2336 1652 2391; x_wconf 83' lang='lat' dir='ltr'><strong>genere</strong></span> <span class='ocrx_word' id='word_1_299' title='bbox 1676 2322 1887 2376; x_wconf 89' lang='lat' dir='ltr'><strong>habitus</strong></span> <span class='ocrx_word' id='word_1_300' title='bbox 1923 2322 2073 2375; x_wconf 84' lang='lat' dir='ltr'><strong>locu-</strong></span> 
     </span>
    </p>
   </div>
   <div class='ocr_carea' id='block_1_40' title="bbox 400 2410 2072 2484">
    <p class='ocr_par' dir='ltr' id='par_1_40' title="bbox 400 2410 2072 2484">
     <span class='ocr_line' id='line_1_40' title="bbox 400 2410 2072 2484; baseline -0.001 -19"><span class='ocrx_word' id='word_1_301' title='bbox 400 2453 408 2465; x_wconf 92' lang='lat'><strong>.</strong></span> <span class='ocrx_word' id='word_1_302' title='bbox 494 2418 605 2463; x_wconf 89' lang='lat' dir='ltr'><strong>tum</strong></span> <span class='ocrx_word' id='word_1_303' title='bbox 635 2410 973 2479; x_wconf 85' lang='lat' dir='ltr'><strong>Apostolum,</strong></span> <span class='ocrx_word' id='word_1_304' title='bbox 1000 2414 1435 2483; x_wconf 84' lang='lat' dir='ltr'><strong>quandoquidem</strong></span> <span class='ocrx_word' id='word_1_305' title='bbox 1470 2416 1523 2468; x_wconf 85' lang='lat' dir='ltr'><strong>in</strong></span> <span class='ocrx_word' id='word_1_306' title='bbox 1552 2413 1755 2468; x_wconf 63' lang='lat' dir='ltr'><strong>Graecis</strong></span> <span class='ocrx_word' id='word_1_307' title='bbox 1795 2415 2072 2484; x_wconf 71' lang='lat' dir='ltr'><strong>exempla-</strong></span> 
     </span>
    </p>
   </div>
   <div class='ocr_carea' id='block_1_41' title="bbox 499 2502 2075 2576">
    <p class='ocr_par' dir='ltr' id='par_1_41' title="bbox 499 2502 2075 2576">
     <span class='ocr_line' id='line_1_41' title="bbox 499 2502 2075 2576; baseline 0.004 -21"><span class='ocrx_word' id='word_1_308' title='bbox 499 2502 651 2556; x_wconf 83' lang='lat' dir='ltr'><strong>ribus</strong></span> <span class='ocrx_word' id='word_1_309' title='bbox 676 2509 919 2575; x_wconf 77' lang='grc' dir='ltr'><strong>σχήματι</strong></span> <span class='ocrx_word' id='word_1_310' title='bbox 947 2506 1202 2575; x_wconf 87' lang='lat' dir='ltr'><strong>scriptum</strong></span> <span class='ocrx_word' id='word_1_311' title='bbox 1233 2514 1337 2574; x_wconf 87' lang='lat' dir='ltr'><strong>est,</strong></span> <span class='ocrx_word' id='word_1_312' title='bbox 1368 2507 1507 2576; x_wconf 85' lang='lat' dir='ltr'><strong>quod</strong></span> <span class='ocrx_word' id='word_1_313' title='bbox 1540 2522 1637 2561; x_wconf 89' lang='lat' dir='ltr'><strong>nos</strong></span> <span class='ocrx_word' id='word_1_314' title='bbox 1677 2508 1729 2561; x_wconf 87' lang='lat' dir='ltr'><strong>in</strong></span> <span class='ocrx_word' id='word_1_315' title='bbox 1764 2507 1942 2561; x_wconf 76' lang='lat' dir='ltr'><strong>latinis</strong></span> <span class='ocrx_word' id='word_1_316' title='bbox 1981 2509 2075 2561; x_wconf 83' lang='lat' dir='ltr'><strong>Ita-</strong></span> 
     </span>
    </p>
   </div>
   <div class='ocr_carea' id='block_1_42' title="bbox 494 2593 2073 2670">
    <p class='ocr_par' dir='ltr' id='par_1_42' title="bbox 494 2593 2073 2670">
     <span class='ocr_line' id='line_1_42' title="bbox 494 2593 2073 2670; baseline 0.005 -25"><span class='ocrx_word' id='word_1_317' title='bbox 494 2593 602 2646; x_wconf 74' lang='lat' dir='ltr'><strong>bitu</strong></span> <span class='ocrx_word' id='word_1_318' title='bbox 659 2594 935 2650; x_wconf 82' lang='lat' dir='ltr'><strong>habemus.</strong></span> <span class='ocrx_word' id='word_1_319' title='bbox 994 2598 1111 2663; x_wconf 89' lang='lat' dir='ltr'><strong>Quo</strong></span> <span class='ocrx_word' id='word_1_320' title='bbox 1158 2599 1375 2653; x_wconf 88' lang='lat' dir='ltr'><strong>nomine</strong></span> <span class='ocrx_word' id='word_1_321' title='bbox 1423 2608 1639 2666; x_wconf 86' lang='lat' dir='ltr'><strong>oportet</strong></span> <span class='ocrx_word' id='word_1_322' title='bbox 1678 2599 1923 2670; x_wconf 88' lang='lat' dir='ltr'><strong>intelligi,</strong></span> <span class='ocrx_word' id='word_1_323' title='bbox 1966 2615 2073 2654; x_wconf 90' lang='lat' dir='ltr'><strong>non</strong></span> 
     </span>
    </p>
   </div>
   <div class='ocr_carea' id='block_1_43' title="bbox 495 2687 2077 2756">
    <p class='ocr_par' dir='ltr' id='par_1_43' title="bbox 495 2687 2077 2756">
     <span class='ocr_line' id='line_1_43' title="bbox 495 2687 2077 2756; baseline 0.003 -19"><span class='ocrx_word' id='word_1_324' title='bbox 495 2695 759 2740; x_wconf 86' lang='lat' dir='ltr'><strong>mutatum</strong></span> <span class='ocrx_word' id='word_1_325' title='bbox 806 2701 923 2742; x_wconf 85' lang='lat' dir='ltr'><strong>rsse</strong></span> <span class='ocrx_word' id='word_1_326' title='bbox 971 2688 1194 2742; x_wconf 89' lang='lat' dir='ltr'><strong>verbum</strong></span> <span class='ocrx_word' id='word_1_327' title='bbox 1240 2688 1581 2756; x_wconf 85' lang='lat' dir='ltr'><strong>susceptione</strong></span> <span class='ocrx_word' id='word_1_328' title='bbox 1628 2687 1879 2753; x_wconf 89' lang='lat' dir='ltr'><strong>hominis,</strong></span> <span class='ocrx_word' id='word_1_329' title='bbox 1938 2690 2077 2744; x_wconf 87' lang='lat' dir='ltr'><strong>sicut</strong></span> 
     </span>
    </p>
   </div>
   <div class='ocr_carea' id='block_1_44' title="bbox 495 2777 2075 2849">
    <p class='ocr_par' dir='ltr' id='par_1_44' title="bbox 495 2777 2075 2849">
     <span class='ocr_line' id='line_1_44' title="bbox 495 2777 2075 2849; baseline 0.004 -22"><span class='ocrx_word' id='word_1_330' title='bbox 495 2790 600 2829; x_wconf 86' lang='lat' dir='ltr'><strong>nec</strong></span> <span class='ocrx_word' id='word_1_331' title='bbox 630 2777 869 2831; x_wconf 88' lang='lat' dir='ltr'><strong>membra</strong></span> <span class='ocrx_word' id='word_1_332' title='bbox 898 2787 1045 2832; x_wconf 78' lang='lat' dir='ltr'><strong>veste</strong></span> <span class='ocrx_word' id='word_1_333' title='bbox 1073 2779 1254 2832; x_wconf 88' lang='lat' dir='ltr'><strong>induta</strong></span> <span class='ocrx_word' id='word_1_334' title='bbox 1301 2790 1595 2844; x_wconf 89' lang='lat' dir='ltr'><strong>mutantur,</strong></span> <span class='ocrx_word' id='word_1_335' title='bbox 1637 2795 1937 2849; x_wconf 84' lang='lat' dir='ltr'><strong>quanquam</strong></span> <span class='ocrx_word' id='word_1_336' title='bbox 1987 2779 2075 2834; x_wconf 88' lang='lat' dir='ltr'><strong>illa</strong></span> 
     </span>
    </p>
   </div>
   <div class='ocr_carea' id='block_1_45' title="bbox 493 2869 2078 2942">
    <p class='ocr_par' dir='ltr' id='par_1_45' title="bbox 493 2869 2078 2942">
     <span class='ocr_line' id='line_1_45' title="bbox 493 2869 2078 2942; baseline 0.003 -21"><span class='ocrx_word' id='word_1_337' title='bbox 493 2870 766 2936; x_wconf 82' lang='lat' dir='ltr'><strong>susceptio</strong></span> <span class='ocrx_word' id='word_1_338' title='bbox 794 2869 1130 2925; x_wconf 80' lang='lat' dir='ltr'><strong>inctl‘abiliter</strong></span> <span class='ocrx_word' id='word_1_339' title='bbox 1156 2882 1463 2941; x_wconf 88' lang='lat' dir='ltr'><strong>susceptum</strong></span> <span class='ocrx_word' id='word_1_340' title='bbox 1511 2871 1825 2942; x_wconf 81' lang='lat' dir='ltr'><strong>suscipienti</strong></span> <span class='ocrx_word' id='word_1_341' title='bbox 1853 2872 2078 2940; x_wconf 63' lang='lat' dir='ltr'><strong>copulau</strong></span> 
     </span>
    </p>
   </div>
   <div class='ocr_carea' id='block_1_46' title="bbox 500 2958 2080 3029">
    <p class='ocr_par' dir='ltr' id='par_1_46' title="bbox 500 2958 2080 3029">
     <span class='ocr_line' id='line_1_46' title="bbox 500 2958 2080 3029; baseline 0.006 -20"><span class='ocrx_word' id='word_1_342' title='bbox 500 2958 681 3022; x_wconf 80' lang='lat' dir='ltr'><strong>verit;</strong></span> <span class='ocrx_word' id='word_1_343' title='bbox 713 2959 806 3014; x_wconf 84' lang='lat' dir='ltr'><strong>sed</strong></span> <span class='ocrx_word' id='word_1_344' title='bbox 839 2970 1094 3029; x_wconf 85' lang='lat' dir='ltr'><strong>quantum</strong></span> <span class='ocrx_word' id='word_1_345' title='bbox 1144 2962 1309 3017; x_wconf 86' lang='lat' dir='ltr'><strong>verba</strong></span> <span class='ocrx_word' id='word_1_346' title='bbox 1341 2962 1570 3017; x_wconf 83' lang='lat' dir='ltr'><strong>humana</strong></span> <span class='ocrx_word' id='word_1_347' title='bbox 1600 2964 1759 3017; x_wconf 82' lang='lat' dir='ltr'><strong>rebus</strong></span> <span class='ocrx_word' id='word_1_348' title='bbox 1802 2963 2080 3018; x_wconf 77' lang='lat' dir='ltr'><strong>ineﬂabili-</strong></span> 
     </span>
    </p>
   </div>
   <div class='ocr_carea' id='block_1_47' title="bbox 494 3050 2074 3126">
    <p class='ocr_par' dir='ltr' id='par_1_47' title="bbox 494 3050 2074 3126">
     <span class='ocr_line' id='line_1_47' title="bbox 494 3050 2074 3126; baseline 0.004 -22"><span class='ocrx_word' id='word_1_349' title='bbox 494 3050 602 3105; x_wconf 83' lang='lat' dir='ltr'><strong>bus</strong></span> <span class='ocrx_word' id='word_1_350' title='bbox 623 3055 859 3121; x_wconf 76' lang='lat' dir='ltr'><strong>cooptari</strong></span> <span class='ocrx_word' id='word_1_351' title='bbox 892 3063 1135 3123; x_wconf 85' lang='lat' dir='ltr'><strong>possunt,</strong></span> <span class='ocrx_word' id='word_1_352' title='bbox 1166 3071 1231 3109; x_wconf 92' lang='lat' dir='ltr'><strong>ne</strong></span> <span class='ocrx_word' id='word_1_353' title='bbox 1262 3062 1498 3110; x_wconf 84' lang='lat' dir='ltr'><strong>mutatus</strong></span> <span class='ocrx_word' id='word_1_354' title='bbox 1529 3055 1862 3126; x_wconf 81' lang='lat' dir='ltr'><strong>intelligatur</strong></span> <span class='ocrx_word' id='word_1_355' title='bbox 1911 3056 2074 3121; x_wconf 87' lang='lat' dir='ltr'><strong>Deus,</strong></span> 
     </span>
    </p>
   </div>
   <div class='ocr_carea' id='block_1_48' title="bbox 502 3130 2156 3217">
    <p class='ocr_par' dir='ltr' id='par_1_48' title="bbox 502 3130 2156 3217">
     <span class='ocr_line' id='line_1_48' title="bbox 502 3130 2156 3217; baseline 0.004 -21"><span class='ocrx_word' id='word_1_356' title='bbox 502 3148 751 3199; x_wconf 77' lang='lat' dir='ltr'><strong>humana:</strong></span> <span class='ocrx_word' id='word_1_357' title='bbox 782 3146 1083 3215; x_wconf 80' lang='lat' dir='ltr'><strong>fragilitatis</strong></span> <span class='ocrx_word' id='word_1_358' title='bbox 1107 3158 1433 3217; x_wconf 86' lang='lat' dir='ltr'><strong>assumptor,</strong></span> <span class='ocrx_word' id='word_1_359' title='bbox 1464 3147 1693 3203; x_wconf 89' lang='lat' dir='ltr'><strong>electum</strong></span> <span class='ocrx_word' id='word_1_360' title='bbox 1720 3155 1803 3202; x_wconf 89' lang='lat' dir='ltr'><strong>est</strong></span> <span class='ocrx_word' id='word_1_361' title='bbox 1830 3155 1889 3201; x_wconf 89' lang='lat' dir='ltr'><strong>ut</strong></span> <span class='ocrx_word' id='word_1_362' title='bbox 1921 3146 2072 3202; x_wconf 69' lang='grc' dir='ltr'><strong>ϐηθ-</strong></span> <span class='ocrx_word' id='word_1_363' title='bbox 2109 3130 2156 3193; x_wconf 77' lang='lat' dir='ltr'><strong><em>C</em></strong></span> 
     </span>
    </p>
   </div>
   <div class='ocr_carea' id='block_1_49' title="bbox 495 3236 2082 3310">
    <p class='ocr_par' dir='ltr' id='par_1_49' title="bbox 495 3236 2082 3310">
     <span class='ocr_line' id='line_1_49' title="bbox 495 3236 2082 3310; baseline 0.003 -21"><span class='ocrx_word' id='word_1_364' title='bbox 495 3248 563 3289; x_wconf 86' lang='lat' dir='ltr'><strong>ce</strong></span> <span class='ocrx_word' id='word_1_365' title='bbox 605 3244 794 3309; x_wconf 80' lang='grc' dir='ltr'><strong>σχῆμα</strong></span> <span class='ocrx_word' id='word_1_366' title='bbox 812 3278 828 3302; x_wconf 86' lang='grc'><em>,</em></span> <span class='ocrx_word' id='word_1_367' title='bbox 864 3248 919 3293; x_wconf 90' lang='lat' dir='ltr'><strong>et</strong></span> <span class='ocrx_word' id='word_1_368' title='bbox 945 3238 1131 3293; x_wconf 79' lang='lat' dir='ltr'><strong>Latine</strong></span> <span class='ocrx_word' id='word_1_369' title='bbox 1155 3237 1359 3293; x_wconf 77' lang='lat' dir='ltr'><strong>habitus</strong></span> <span class='ocrx_word' id='word_1_370' title='bbox 1381 3237 1651 3294; x_wconf 86' lang='lat' dir='ltr'><strong>diceretur</strong></span> <span class='ocrx_word' id='word_1_371' title='bbox 1676 3236 1768 3293; x_wconf 88' lang='lat' dir='ltr'><strong>illa</strong></span> <span class='ocrx_word' id='word_1_372' title='bbox 1790 3240 2082 3310; x_wconf 84' lang='lat' dir='ltr'><strong>susceptio.</strong></span> 
     </span>
    </p>
   </div>
   <div class='ocr_carea' id='block_1_50' title="bbox 975 3399 1585 3459">
    <p class='ocr_par' dir='ltr' id='par_1_50' title="bbox 975 3399 1585 3459">
     <span class='ocr_line' id='line_1_50' title="bbox 975 3399 1585 3459; baseline 0.008 -6"><span class='ocrx_word' id='word_1_373' title='bbox 975 3399 1202 3456; x_wconf 79' lang='lat' dir='ltr'><strong>CAPUT</strong></span> <span class='ocrx_word' id='word_1_374' title='bbox 1236 3400 1585 3459; x_wconf 70' lang='lat' dir='ltr'><strong>CCCXXXV.</strong></span> 
     </span>
    </p>
   </div>
   <div class='ocr_carea' id='block_1_51' title="bbox 859 3532 1721 3602">
    <p class='ocr_par' dir='ltr' id='par_1_51' title="bbox 859 3532 1721 3602">
     <span class='ocr_line' id='line_1_51' title="bbox 859 3532 1721 3602; baseline 0.008 -16"><span class='ocrx_word' id='word_1_375' title='bbox 859 3532 939 3588; x_wconf 82' lang='lat' dir='ltr'><strong>De</strong></span> <span class='ocrx_word' id='word_1_376' title='bbox 965 3534 1246 3602; x_wconf 74' lang='lat' dir='ltr'><strong>alimentis,</strong></span> <span class='ocrx_word' id='word_1_377' title='bbox 1263 3552 1326 3590; x_wconf 76' lang='lat' dir='ltr'><strong>ex</strong></span> <span class='ocrx_word' id='word_1_378' title='bbox 1349 3537 1527 3591; x_wconf 82' lang='lat' dir='ltr'><strong>eodem</strong></span> <span class='ocrx_word' id='word_1_379' title='bbox 1571 3538 1721 3594; x_wconf 79' lang='lat' dir='ltr'><strong>libro.</strong></span> 
     </span>
    </p>
   </div>
   <div class='ocr_carea' id='block_1_52' title="bbox 562 3690 2081 3765">
    <p class='ocr_par' dir='ltr' id='par_1_52' title="bbox 562 3690 2081 3765">
     <span class='ocr_line' id='line_1_52' title="bbox 562 3690 2081 3765; baseline 0.007 -24"><span class='ocrx_word' id='word_1_380' title='bbox 562 3690 700 3758; x_wconf 84' lang='lat' dir='ltr'><strong>Quid</strong></span> <span class='ocrx_word' id='word_1_381' title='bbox 730 3698 813 3745; x_wconf 59' lang='lat' dir='ltr'><strong>est</strong></span> <span class='ocrx_word' id='word_1_382' title='bbox 837 3692 978 3760; x_wconf 86' lang='lat' dir='ltr'><strong>quod</strong></span> <span class='ocrx_word' id='word_1_383' title='bbox 1002 3694 1196 3760; x_wconf 78' lang='lat' dir='ltr'><strong>accipit</strong></span> <span class='ocrx_word' id='word_1_384' title='bbox 1241 3707 1363 3749; x_wconf 85' lang='lat' dir='ltr'><strong>eam</strong></span> <span class='ocrx_word' id='word_1_385' title='bbox 1396 3709 1511 3749; x_wconf 83' lang='lat' dir='ltr'><strong>rem</strong></span> <span class='ocrx_word' id='word_1_386' title='bbox 1561 3711 1721 3765; x_wconf 86' lang='lat' dir='ltr'><strong>quam</strong></span> <span class='ocrx_word' id='word_1_387' title='bbox 1768 3707 2081 3763; x_wconf 87' lang='lat' dir='ltr'><strong>commutat,</strong></span> 
     </span>
    </p>
   </div>
   <div class='ocr_carea' id='block_1_53' title="bbox 503 3785 2085 3858">
    <p class='ocr_par' dir='ltr' id='par_1_53' title="bbox 503 3785 2085 3858">
     <span class='ocr_line' id='line_1_53' title="bbox 503 3785 2085 3858; baseline 0.004 -21"><span class='ocrx_word' id='word_1_388' title='bbox 503 3798 560 3837; x_wconf 90' lang='lat' dir='ltr'><strong>ut</strong></span> <span class='ocrx_word' id='word_1_389' title='bbox 587 3786 781 3840; x_wconf 85' lang='lat' dir='ltr'><strong>animal</strong></span> <span class='ocrx_word' id='word_1_390' title='bbox 810 3785 988 3840; x_wconf 88' lang='lat' dir='ltr'><strong>cibum</strong></span> <span class='ocrx_word' id='word_1_391' title='bbox 1011 3787 1034 3839; x_wconf 82' lang='lat'><strong>?</strong></span> <span class='ocrx_word' id='word_1_392' title='bbox 1055 3787 1179 3856; x_wconf 88' lang='lat' dir='ltr'><strong>quid</strong></span> <span class='ocrx_word' id='word_1_393' title='bbox 1213 3799 1291 3842; x_wconf 91' lang='lat' dir='ltr'><strong>cst</strong></span> <span class='ocrx_word' id='word_1_394' title='bbox 1313 3789 1453 3856; x_wconf 90' lang='lat' dir='ltr'><strong>quod</strong></span> <span class='ocrx_word' id='word_1_395' title='bbox 1484 3790 1743 3858; x_wconf 81' lang='lat' dir='ltr'><strong>accipitur</strong></span> <span class='ocrx_word' id='word_1_396' title='bbox 1764 3798 1817 3845; x_wconf 89' lang='lat' dir='ltr'><strong>et</strong></span> <span class='ocrx_word' id='word_1_397' title='bbox 1846 3804 2085 3844; x_wconf 90' lang='lat' dir='ltr'><strong>commu-</strong></span> 
     </span>
    </p>
   </div>
   <div class='ocr_carea' id='block_1_54' title="bbox 501 3876 2084 3949">
    <p class='ocr_par' dir='ltr' id='par_1_54' title="bbox 501 3876 2084 3949">
     <span class='ocr_line' id='line_1_54' title="bbox 501 3876 2084 3949; baseline 0.003 -19"><span class='ocrx_word' id='word_1_398' title='bbox 501 3884 662 3941; x_wconf 84' lang='lat' dir='ltr'><strong>tatur,</strong></span> <span class='ocrx_word' id='word_1_399' title='bbox 687 3886 742 3931; x_wconf 91' lang='lat' dir='ltr'><strong>ut</strong></span> <span class='ocrx_word' id='word_1_400' title='bbox 770 3876 907 3931; x_wconf 84' lang='lat' dir='ltr'><strong>idem</strong></span> <span class='ocrx_word' id='word_1_401' title='bbox 940 3878 1137 3932; x_wconf 82' lang='lat' dir='ltr'><strong>cibus?</strong></span> <span class='ocrx_word' id='word_1_402' title='bbox 1165 3879 1291 3948; x_wconf 87' lang='lat' dir='ltr'><strong>quid</strong></span> <span class='ocrx_word' id='word_1_403' title='bbox 1316 3887 1401 3935; x_wconf 91' lang='lat' dir='ltr'><strong>est</strong></span> <span class='ocrx_word' id='word_1_404' title='bbox 1439 3880 1582 3949; x_wconf 89' lang='lat' dir='ltr'><strong>quod</strong></span> <span class='ocrx_word' id='word_1_405' title='bbox 1611 3880 1867 3948; x_wconf 87' lang='lat' dir='ltr'><strong>accipitur</strong></span> <span class='ocrx_word' id='word_1_406' title='bbox 1889 3890 1943 3934; x_wconf 90' lang='lat' dir='ltr'><strong>et</strong></span> <span class='ocrx_word' id='word_1_407' title='bbox 1977 3895 2084 3934; x_wconf 91' lang='lat' dir='ltr'><strong>non</strong></span> 
     </span>
    </p>
   </div>
   <div class='ocr_carea' id='block_1_55' title="bbox 501 3968 2083 4041">
    <p class='ocr_par' dir='ltr' id='par_1_55' title="bbox 501 3968 2083 4041">
     <span class='ocr_line' id='line_1_55' title="bbox 501 3968 2083 4041; baseline 0.003 -21"><span class='ocrx_word' id='word_1_408' title='bbox 501 3975 885 4032; x_wconf 77' lang='lat' dir='ltr'><strong>commutatur,</strong></span> <span class='ocrx_word' id='word_1_409' title='bbox 916 3978 971 4020; x_wconf 91' lang='lat' dir='ltr'><strong>ttt</strong></span> <span class='ocrx_word' id='word_1_410' title='bbox 1000 3968 1169 4022; x_wconf 88' lang='lat' dir='ltr'><strong>oculis</strong></span> <span class='ocrx_word' id='word_1_411' title='bbox 1201 3969 1311 4033; x_wconf 80' lang='lat' dir='ltr'><strong>lux,</strong></span> <span class='ocrx_word' id='word_1_412' title='bbox 1334 3968 1433 4041; x_wconf 73' lang='lat' dir='ltr'><strong>[et]</strong></span> <span class='ocrx_word' id='word_1_413' title='bbox 1461 3983 1626 4024; x_wconf 82' lang='lat' dir='ltr'><strong>sonus</strong></span> <span class='ocrx_word' id='word_1_414' title='bbox 1675 3971 1937 4025; x_wconf 75' lang='lat' dir='ltr'><strong>auribus?</strong></span> <span class='ocrx_word' id='word_1_415' title='bbox 1976 3971 2083 4026; x_wconf 86' lang='lat' dir='ltr'><strong>Sed</strong></span> 
     </span>
    </p>
   </div>
   <div class='ocr_carea' id='block_1_56' title="bbox 503 4057 2083 4128">
    <p class='ocr_par' dir='ltr' id='par_1_56' title="bbox 503 4057 2083 4128">
     <span class='ocr_line' id='line_1_56' title="bbox 503 4057 2083 4128; baseline 0.004 -18"><span class='ocrx_word' id='word_1_416' title='bbox 503 4057 620 4111; x_wconf 64' lang='lat' dir='ltr'><strong>haec</strong></span> <span class='ocrx_word' id='word_1_417' title='bbox 678 4072 773 4126; x_wconf 89' lang='lat' dir='ltr'><strong>per</strong></span> <span class='ocrx_word' id='word_1_418' title='bbox 819 4073 1014 4127; x_wconf 87' lang='lat' dir='ltr'><strong>corpus</strong></span> <span class='ocrx_word' id='word_1_419' title='bbox 1069 4060 1268 4128; x_wconf 89' lang='lat' dir='ltr'><strong>accipit</strong></span> <span class='ocrx_word' id='word_1_420' title='bbox 1312 4060 1511 4114; x_wconf 86' lang='lat' dir='ltr'><strong>anima.</strong></span> <span class='ocrx_word' id='word_1_421' title='bbox 1566 4062 1703 4128; x_wconf 84' lang='lat' dir='ltr'><strong>Quid</strong></span> <span class='ocrx_word' id='word_1_422' title='bbox 1771 4057 1854 4117; x_wconf 82' lang='lat' dir='ltr'><strong>est</strong></span> <span class='ocrx_word' id='word_1_423' title='bbox 1904 4074 2083 4119; x_wconf 90' lang='lat' dir='ltr'><strong>autem</strong></span> 
     </span>
    </p>
   </div>
   <div class='ocr_carea' id='block_1_57' title="bbox 501 4147 2081 4218">
    <p class='ocr_par' dir='ltr' id='par_1_57' title="bbox 501 4147 2081 4218">
     <span class='ocr_line' id='line_1_57' title="bbox 501 4147 2081 4218; baseline 0.004 -17"><span class='ocrx_word' id='word_1_424' title='bbox 501 4147 641 4215; x_wconf 80' lang='lat' dir='ltr'><strong>quod</strong></span> <span class='ocrx_word' id='word_1_425' title='bbox 674 4162 767 4215; x_wconf 87' lang='lat' dir='ltr'><strong>per</strong></span> <span class='ocrx_word' id='word_1_426' title='bbox 790 4150 1020 4218; x_wconf 81' lang='lat' dir='ltr'><strong>seipsam</strong></span> <span class='ocrx_word' id='word_1_427' title='bbox 1051 4149 1245 4218; x_wconf 87' lang='lat' dir='ltr'><strong>accipit</strong></span> <span class='ocrx_word' id='word_1_428' title='bbox 1269 4158 1323 4204; x_wconf 93' lang='lat' dir='ltr'><strong>et</strong></span> <span class='ocrx_word' id='word_1_429' title='bbox 1341 4161 1637 4205; x_wconf 77' lang='lat' dir='ltr'><strong>commutat</strong></span> <span class='ocrx_word' id='word_1_430' title='bbox 1671 4152 1722 4206; x_wconf 90' lang='lat' dir='ltr'><strong>in</strong></span> <span class='ocrx_word' id='word_1_431' title='bbox 1754 4166 1813 4208; x_wconf 89' lang='lat' dir='ltr'><strong>se</strong></span> <span class='ocrx_word' id='word_1_432' title='bbox 1845 4154 2081 4207; x_wconf 85' lang='lat' dir='ltr'><strong>utaliam</strong></span> 
     </span>
    </p>
   </div>
   <div class='ocr_carea' id='block_1_58' title="bbox 504 4239 2079 4308">
    <p class='ocr_par' dir='ltr' id='par_1_58' title="bbox 504 4239 2079 4308">
     <span class='ocr_line' id='line_1_58' title="bbox 504 4239 2079 4308; baseline 0.004 -16"><span class='ocrx_word' id='word_1_433' title='bbox 504 4241 756 4303; x_wconf 75' lang='lat' dir='ltr'><strong>animant,</strong></span> <span class='ocrx_word' id='word_1_434' title='bbox 781 4256 939 4308; x_wconf 87' lang='lat' dir='ltr'><strong>quam</strong></span> <span class='ocrx_word' id='word_1_435' title='bbox 969 4239 1276 4307; x_wconf 85' lang='lat' dir='ltr'><strong>recipiendo</strong></span> <span class='ocrx_word' id='word_1_436' title='bbox 1305 4242 1357 4295; x_wconf 90' lang='lat' dir='ltr'><strong>in</strong></span> <span class='ocrx_word' id='word_1_437' title='bbox 1388 4243 1676 4298; x_wconf 87' lang='lat' dir='ltr'><strong>amicitiam</strong></span> <span class='ocrx_word' id='word_1_438' title='bbox 1707 4260 1746 4299; x_wconf 91' lang='lat' dir='ltr'><strong>s.</strong></span> <span class='ocrx_word' id='word_1_439' title='bbox 1774 4246 1788 4298; x_wconf 91' lang='lat' dir='ltr'><strong>i</strong></span> <span class='ocrx_word' id='word_1_440' title='bbox 1846 4246 2079 4301; x_wconf 88' lang='lat' dir='ltr'><strong>similem</strong></span> 
     </span>
    </p>
   </div>
   <div class='ocr_carea' id='block_1_59' title="bbox 502 4330 2083 4405">
    <p class='ocr_par' dir='ltr' id='par_1_59' title="bbox 502 4330 2083 4405">
     <span class='ocr_line' id='line_1_59' title="bbox 502 4330 2083 4405; baseline 0.005 -21"><span class='ocrx_word' id='word_1_441' title='bbox 502 4330 673 4384; x_wconf 74' lang='lat' dir='ltr'><strong>facit?</strong></span> <span class='ocrx_word' id='word_1_442' title='bbox 701 4340 755 4385; x_wconf 91' lang='lat' dir='ltr'><strong>et</strong></span> <span class='ocrx_word' id='word_1_443' title='bbox 780 4331 907 4400; x_wconf 84' lang='lat' dir='ltr'><strong>quid</strong></span> <span class='ocrx_word' id='word_1_444' title='bbox 939 4341 1023 4385; x_wconf 89' lang='lat' dir='ltr'><strong>est</strong></span> <span class='ocrx_word' id='word_1_445' title='bbox 1047 4332 1188 4400; x_wconf 89' lang='lat' dir='ltr'><strong>quod</strong></span> <span class='ocrx_word' id='word_1_446' title='bbox 1219 4347 1311 4400; x_wconf 91' lang='lat' dir='ltr'><strong>per</strong></span> <span class='ocrx_word' id='word_1_447' title='bbox 1334 4335 1567 4397; x_wconf 85' lang='lat' dir='ltr'><strong>scipsam</strong></span> <span class='ocrx_word' id='word_1_448' title='bbox 1620 4338 1833 4405; x_wconf 74' lang='lat' dir='ltr'><strong>accipit,</strong></span> <span class='ocrx_word' id='word_1_449' title='bbox 1885 4346 1939 4393; x_wconf 86' lang='lat' dir='ltr'><strong>et</strong></span> <span class='ocrx_word' id='word_1_450' title='bbox 1979 4354 2083 4392; x_wconf 89' lang='lat' dir='ltr'><strong>non</strong></span> 
     </span>
    </p>
   </div>
   <div class='ocr_carea' id='block_1_60' title="bbox 507 4422 2081 4495">
    <p class='ocr_par' dir='ltr' id='par_1_60' title="bbox 507 4422 2081 4495">
     <span class='ocr_line' id='line_1_60' title="bbox 507 4422 2081 4495; baseline 0.006 -19"><span class='ocrx_word' id='word_1_451' title='bbox 507 4432 822 4488; x_wconf 79' lang='lat' dir='ltr'><strong>commutat,</strong></span> <span class='ocrx_word' id='word_1_452' title='bbox 855 4434 913 4476; x_wconf 90' lang='lat' dir='ltr'><strong>ut</strong></span> <span class='ocrx_word' id='word_1_453' title='bbox 944 4422 1261 4479; x_wconf 81' lang='lat' dir='ltr'><strong>veritatem?</strong></span> <span class='ocrx_word' id='word_1_454' title='bbox 1291 4425 1469 4491; x_wconf 81' lang='lat' dir='ltr'><strong>Quare</strong></span> <span class='ocrx_word' id='word_1_455' title='bbox 1516 4430 1945 4495; x_wconf 79' lang='lat' dir='ltr'><strong>cognoscendum</strong></span> <span class='ocrx_word' id='word_1_456' title='bbox 1975 4440 2081 4495; x_wconf 88' lang='lat' dir='ltr'><strong>est,</strong></span> 
     </span>
    </p>
   </div>
   <div class='ocr_carea' id='block_1_61' title="bbox 502 4505 2167 4591">
    <p class='ocr_par' dir='ltr' id='par_1_61' title="bbox 502 4505 2167 4591">
     <span class='ocr_line' id='line_1_61' title="bbox 502 4505 2167 4591; baseline 0.008 -26"><span class='ocrx_word' id='word_1_457' title='bbox 502 4518 559 4565; x_wconf 90' lang='lat' dir='ltr'><strong>et</strong></span> <span class='ocrx_word' id='word_1_458' title='bbox 587 4513 709 4582; x_wconf 84' lang='lat' dir='ltr'><strong>quid</strong></span> <span class='ocrx_word' id='word_1_459' title='bbox 741 4514 810 4567; x_wconf 90' lang='lat' dir='ltr'><strong>sit</strong></span> <span class='ocrx_word' id='word_1_460' title='bbox 834 4513 995 4568; x_wconf 85' lang='lat' dir='ltr'><strong>Petro</strong></span> <span class='ocrx_word' id='word_1_461' title='bbox 1021 4514 1244 4581; x_wconf 84' lang='lat' dir='ltr'><strong>dictum,</strong></span> <span class='ocrx_word' id='word_1_462' title='bbox 1280 4517 1445 4571; x_wconf 85' lang='lat' dir='ltr'><strong>Macta</strong></span> <span class='ocrx_word' id='word_1_463' title='bbox 1475 4527 1529 4571; x_wconf 88' lang='lat' dir='ltr'><strong>et</strong></span> <span class='ocrx_word' id='word_1_464' title='bbox 1560 4521 1855 4588; x_wconf 85' lang='lat' dir='ltr'><strong>manduca;</strong></span> <span class='ocrx_word' id='word_1_465' title='bbox 1885 4523 2084 4591; x_wconf 83' lang='lat' dir='ltr'><strong>etquid</strong></span> <span class='ocrx_word' id='word_1_466' title='bbox 2120 4505 2167 4564; x_wconf 71' lang='grc' dir='ltr'>υ</span> 
     </span>
    </p>
   </div>
   <div class='ocr_carea' id='block_1_62' title="bbox 506 4602 1712 4673">
    <p class='ocr_par' dir='ltr' id='par_1_62' title="bbox 506 4602 1712 4673">
     <span class='ocr_line' id='line_1_62' title="bbox 506 4602 1712 4673; baseline 0.01 -19"><span class='ocrx_word' id='word_1_467' title='bbox 506 4602 557 4655; x_wconf 88' lang='lat' dir='ltr'><strong>in</strong></span> <span class='ocrx_word' id='word_1_468' title='bbox 589 4602 894 4673; x_wconf 81' lang='lat' dir='ltr'><strong>Evangelio,</strong></span> <span class='ocrx_word' id='word_1_469' title='bbox 930 4603 996 4658; x_wconf 88' lang='lat' dir='ltr'><strong>Et</strong></span> <span class='ocrx_word' id='word_1_470' title='bbox 1020 4605 1127 4660; x_wconf 83' lang='lat' dir='ltr'><strong>vita</strong></span> <span class='ocrx_word' id='word_1_471' title='bbox 1153 4616 1269 4661; x_wconf 77' lang='lat' dir='ltr'><strong>erat</strong></span> <span class='ocrx_word' id='word_1_472' title='bbox 1292 4607 1378 4661; x_wconf 78' lang='lat' dir='ltr'><strong>lux</strong></span> <span class='ocrx_word' id='word_1_473' title='bbox 1414 4610 1712 4667; x_wconf 86' lang='lat' dir='ltr'><strong>hominum.</strong></span> 
     </span>
    </p>
   </div>
   <div class='ocr_carea' id='block_1_63' title="bbox 980 4784 1611 4843">
    <p class='ocr_par' dir='ltr' id='par_1_63' title="bbox 980 4784 1611 4843">
     <span class='ocr_line' id='line_1_63' title="bbox 980 4784 1611 4843; baseline 0.008 -5"><span class='ocrx_word' id='word_1_474' title='bbox 980 4784 1206 4841; x_wconf 79' lang='lat' dir='ltr'><strong>CAPUT</strong></span> <span class='ocrx_word' id='word_1_475' title='bbox 1243 4786 1611 4843; x_wconf 61' lang='lat' dir='ltr'><strong>CCCXXX“.</strong></span> 
     </span>
    </p>
   </div>
   <div class='ocr_carea' id='block_1_64' title="bbox 515 4934 2084 5018">
    <p class='ocr_par' dir='ltr' id='par_1_64' title="bbox 515 4934 2084 5018">
     <span class='ocr_line' id='line_1_64' title="bbox 515 4934 2084 5018; baseline 0.011 -29"><span class='ocrx_word' id='word_1_476' title='bbox 515 4934 591 4989; x_wconf 81' lang='lat' dir='ltr'><strong>De</strong></span> <span class='ocrx_word' id='word_1_477' title='bbox 618 4952 675 4991; x_wconf 72' lang='lat' dir='ltr'><strong>eo</strong></span> <span class='ocrx_word' id='word_1_478' title='bbox 697 4940 831 5006; x_wconf 78' lang='lat' dir='ltr'><strong>quod</strong></span> <span class='ocrx_word' id='word_1_479' title='bbox 864 4939 1055 4993; x_wconf 83' lang='lat' dir='ltr'><strong>dictum</strong></span> <span class='ocrx_word' id='word_1_480' title='bbox 1085 4951 1192 4994; x_wconf 76' lang='lat' dir='ltr'><strong>est:</strong></span> <span class='ocrx_word' id='word_1_481' title='bbox 1228 4941 1443 5018; x_wconf 62' lang='lat' dir='ltr'><strong>Pmtitrt</strong></span> <span class='ocrx_word' id='word_1_482' title='bbox 1494 4962 1573 5001; x_wconf 77' lang='lat' dir='ltr'><strong>me</strong></span> <span class='ocrx_word' id='word_1_483' title='bbox 1602 4947 1855 5002; x_wconf 77' lang='lat' dir='ltr'><strong>hominem</strong></span> <span class='ocrx_word' id='word_1_484' title='bbox 1882 4949 2084 5018; x_wconf 70' lang='lat' dir='ltr'><strong>fecisse,</strong></span> 
     </span>
    </p>
   </div>
   <div class='ocr_carea' id='block_1_65' title="bbox 1076 5016 1513 5069">
    <p class='ocr_par' dir='ltr' id='par_1_65' title="bbox 1076 5016 1513 5069">
     <span class='ocr_line' id='line_1_65' title="bbox 1076 5016 1513 5069; baseline 0.014 -6"><span class='ocrx_word' id='word_1_485' title='bbox 1076 5026 1140 5063; x_wconf 83' lang='lat' dir='ltr'><strong>ea:</strong></span> <span class='ocrx_word' id='word_1_486' title='bbox 1161 5016 1337 5067; x_wconf 81' lang='lat' dir='ltr'><strong>eodem</strong></span> <span class='ocrx_word' id='word_1_487' title='bbox 1367 5017 1513 5069; x_wconf 80' lang='lat' dir='ltr'><strong>libro.</strong></span> 
     </span>
    </p>
   </div>
   <div class='ocr_carea' id='block_1_66' title="bbox 584 5161 2086 5233">
    <p class='ocr_par' dir='ltr' id='par_1_66' title="bbox 584 5161 2086 5233">
     <span class='ocr_line' id='line_1_66' title="bbox 584 5161 2086 5233; baseline 0.008 -19"><span class='ocrx_word' id='word_1_488' title='bbox 584 5161 784 5216; x_wconf 76' lang='lat' dir='ltr'><strong>Divina:</strong></span> <span class='ocrx_word' id='word_1_489' title='bbox 806 5161 1119 5233; x_wconf 80' lang='lat' dir='ltr'><strong>Scripturac,</strong></span> <span class='ocrx_word' id='word_1_490' title='bbox 1150 5182 1176 5218; x_wconf 93' lang='lat' dir='ltr'><strong>n</strong></span> <span class='ocrx_word' id='word_1_491' title='bbox 1209 5174 1425 5223; x_wconf 87' lang='lat' dir='ltr'><strong>terreno</strong></span> <span class='ocrx_word' id='word_1_492' title='bbox 1451 5177 1506 5223; x_wconf 89' lang='lat' dir='ltr'><strong>ct</strong></span> <span class='ocrx_word' id='word_1_493' title='bbox 1528 5168 1764 5226; x_wconf 90' lang='lat' dir='ltr'><strong>humano</strong></span> <span class='ocrx_word' id='word_1_494' title='bbox 1804 5186 1966 5226; x_wconf 85' lang='lat' dir='ltr'><strong>sensu</strong></span> <span class='ocrx_word' id='word_1_495' title='bbox 2017 5172 2086 5227; x_wconf 89' lang='lat' dir='ltr'><strong>ad</strong></span> 
     </span>
    </p>
   </div>
   <div class='ocr_carea' id='block_1_67' title="bbox 507 5251 2084 5330">
    <p class='ocr_par' dir='ltr' id='par_1_67' title="bbox 507 5251 2084 5330">
     <span class='ocr_line' id='line_1_67' title="bbox 507 5251 2084 5330; baseline 0.008 -26"><span class='ocrx_word' id='word_1_496' title='bbox 507 5251 744 5306; x_wconf 62' lang='lat' dir='ltr'><strong>divinum</strong></span> <span class='ocrx_word' id='word_1_497' title='bbox 791 5263 846 5308; x_wconf 92' lang='lat' dir='ltr'><strong>et</strong></span> <span class='ocrx_word' id='word_1_498' title='bbox 888 5255 1163 5311; x_wconf 75' lang='lat' dir='ltr'><strong>cmlestem</strong></span> <span class='ocrx_word' id='word_1_499' title='bbox 1213 5272 1310 5311; x_wconf 85' lang='lat' dir='ltr'><strong>nos</strong></span> <span class='ocrx_word' id='word_1_500' title='bbox 1356 5259 1648 5329; x_wconf 84' lang='lat' dir='ltr'><strong>erigentes,</strong></span> <span class='ocrx_word' id='word_1_501' title='bbox 1699 5276 1868 5330; x_wconf 88' lang='lat' dir='ltr'><strong>usque</strong></span> <span class='ocrx_word' id='word_1_502' title='bbox 1918 5264 1984 5317; x_wconf 80' lang='lat' dir='ltr'><strong>ad</strong></span> <span class='ocrx_word' id='word_1_503' title='bbox 2023 5278 2084 5318; x_wconf 81' lang='lat' dir='ltr'><strong>ea</strong></span> 
     </span>
    </p>
   </div>
   <div class='ocr_carea' id='block_1_68' title="bbox 506 5342 2083 5415">
    <p class='ocr_par' dir='ltr' id='par_1_68' title="bbox 506 5342 2083 5415">
     <span class='ocr_line' id='line_1_68' title="bbox 506 5342 2083 5415; baseline 0.01 -21"><span class='ocrx_word' id='word_1_504' title='bbox 506 5342 665 5396; x_wconf 81' lang='lat' dir='ltr'><strong>verba</strong></span> <span class='ocrx_word' id='word_1_505' title='bbox 697 5343 1111 5410; x_wconf 87' lang='lat' dir='ltr'><strong>descenderunt,</strong></span> <span class='ocrx_word' id='word_1_506' title='bbox 1169 5349 1361 5415; x_wconf 85' lang='lat' dir='ltr'><strong>quibus</strong></span> <span class='ocrx_word' id='word_1_507' title='bbox 1392 5350 1530 5403; x_wconf 87' lang='lat' dir='ltr'><strong>inter</strong></span> <span class='ocrx_word' id='word_1_508' title='bbox 1555 5367 1614 5406; x_wconf 89' lang='lat' dir='ltr'><strong>se</strong></span> <span class='ocrx_word' id='word_1_509' title='bbox 1643 5353 2083 5409; x_wconf 88' lang='lat' dir='ltr'><strong>stultissimortuu</strong></span> 
     </span>
    </p>
   </div>
   <div class='ocr_carea' id='block_1_69' title="bbox 505 5433 2086 5506">
    <p class='ocr_par' dir='ltr' id='par_1_69' title="bbox 505 5433 2086 5506">
     <span class='ocr_line' id='line_1_69' title="bbox 505 5433 2086 5506; baseline 0.009 -20"><span class='ocrx_word' id='word_1_510' title='bbox 505 5433 669 5487; x_wconf 87' lang='lat' dir='ltr'><strong>etiam</strong></span> <span class='ocrx_word' id='word_1_511' title='bbox 699 5437 863 5488; x_wconf 80' lang='lat' dir='ltr'><strong>utitur</strong></span> <span class='ocrx_word' id='word_1_512' title='bbox 880 5439 1235 5493; x_wconf 87' lang='lat' dir='ltr'><strong>consuetudo.</strong></span> <span class='ocrx_word' id='word_1_513' title='bbox 1267 5440 1451 5506; x_wconf 85' lang='lat' dir='ltr'><strong>itaque</strong></span> <span class='ocrx_word' id='word_1_514' title='bbox 1494 5443 1653 5497; x_wconf 86' lang='lat' dir='ltr'><strong>etiam</strong></span> <span class='ocrx_word' id='word_1_515' title='bbox 1690 5459 1877 5498; x_wconf 89' lang='lat' dir='ltr'><strong>earum</strong></span> <span class='ocrx_word' id='word_1_516' title='bbox 1924 5445 2086 5500; x_wconf 84' lang='lat' dir='ltr'><strong>affec-</strong></span> 
     </span>
    </p>
   </div>
   <div class='ocr_carea' id='block_1_70' title="bbox 508 5524 2090 5608">
    <p class='ocr_par' dir='ltr' id='par_1_70' title="bbox 508 5524 2090 5608">
     <span class='ocr_line' id='line_1_70' title="bbox 508 5524 2090 5608; baseline 0.011 -32"><span class='ocrx_word' id='word_1_517' title='bbox 508 5524 711 5578; x_wconf 88' lang='lat' dir='ltr'><strong>tionum</strong></span> <span class='ocrx_word' id='word_1_518' title='bbox 767 5530 1005 5597; x_wconf 86' lang='lat' dir='ltr'><strong>nomina,</strong></span> <span class='ocrx_word' id='word_1_519' title='bbox 1039 5544 1173 5600; x_wconf 88' lang='lat' dir='ltr'><strong>quas</strong></span> <span class='ocrx_word' id='word_1_520' title='bbox 1202 5533 1415 5588; x_wconf 88' lang='lat' dir='ltr'><strong>animus</strong></span> <span class='ocrx_word' id='word_1_521' title='bbox 1463 5548 1645 5591; x_wconf 90' lang='lat' dir='ltr'><strong>noster</strong></span> <span class='ocrx_word' id='word_1_522' title='bbox 1693 5539 1913 5606; x_wconf 88' lang='lat' dir='ltr'><strong>patitur,</strong></span> <span class='ocrx_word' id='word_1_523' title='bbox 1956 5553 2090 5608; x_wconf 86' lang='lat' dir='ltr'><strong>quas</strong></span> 
     </span>
    </p>
   </div>
   <div class='ocr_carea' id='block_1_71' title="bbox 512 5611 2090 5697">
    <p class='ocr_par' dir='ltr' id='par_1_71' title="bbox 512 5611 2090 5697">
     <span class='ocr_line' id='line_1_71' title="bbox 512 5611 2090 5697; baseline 0.015 -34"><span class='ocrx_word' id='word_1_524' title='bbox 512 5611 824 5680; x_wconf 88' lang='lat' dir='ltr'><strong>longissime</strong></span> <span class='ocrx_word' id='word_1_525' title='bbox 853 5634 880 5670; x_wconf 90' lang='lat' dir='ltr'><strong>a</strong></span> <span class='ocrx_word' id='word_1_526' title='bbox 913 5619 1020 5674; x_wconf 91' lang='lat' dir='ltr'><strong>Deo</strong></span> <span class='ocrx_word' id='word_1_527' title='bbox 1051 5637 1167 5676; x_wconf 91' lang='lat' dir='ltr'><strong>esse</strong></span> <span class='ocrx_word' id='word_1_528' title='bbox 1189 5624 1483 5693; x_wconf 71' lang='lat' dir='ltr'><strong>sejunctas,</strong></span> <span class='ocrx_word' id='word_1_529' title='bbox 1505 5627 1613 5694; x_wconf 87' lang='lat' dir='ltr'><strong>jam</strong></span> <span class='ocrx_word' id='word_1_530' title='bbox 1642 5630 1728 5697; x_wconf 91' lang='lat' dir='ltr'><strong>qui</strong></span> <span class='ocrx_word' id='word_1_531' title='bbox 1765 5629 1957 5684; x_wconf 89' lang='lat' dir='ltr'><strong>melius</strong></span> <span class='ocrx_word' id='word_1_532' title='bbox 2002 5646 2090 5685; x_wconf 83' lang='lat' dir='ltr'><strong>aa-</strong></span> 
     </span>
    </p>
   </div>
   <div class='ocr_carea' id='block_1_72' title="bbox 513 5700 2067 5792">
    <p class='ocr_par' dir='ltr' id='par_1_72' title="bbox 513 5700 2067 5792">
     <span class='ocr_line' id='line_1_72' title="bbox 513 5700 2067 5792; baseline 0.021 -41"><span class='ocrx_word' id='word_1_533' title='bbox 513 5700 611 5765; x_wconf 81' lang='lat' dir='ltr'><strong>pit.</strong></span> <span class='ocrx_word' id='word_1_534' title='bbox 661 5703 924 5779; x_wconf 87' lang='lat' dir='ltr'><strong>intelligit,</strong></span> <span class='ocrx_word' id='word_1_535' title='bbox 982 5727 1084 5766; x_wconf 91' lang='lat' dir='ltr'><strong>non</strong></span> <span class='ocrx_word' id='word_1_536' title='bbox 1114 5715 1492 5773; x_wconf 85' lang='lat' dir='ltr'><strong>dubitaverunt</strong></span> <span class='ocrx_word' id='word_1_537' title='bbox 1524 5720 1597 5775; x_wconf 89' lang='lat' dir='ltr'><strong>illi</strong></span> <span class='ocrx_word' id='word_1_538' title='bbox 1644 5722 1740 5776; x_wconf 88' lang='lat' dir='ltr'><strong>viri</strong></span> <span class='ocrx_word' id='word_1_539' title='bbox 1800 5737 1891 5791; x_wconf 84' lang='lat' dir='ltr'><strong>per</strong></span> <span class='ocrx_word' id='word_1_540' title='bbox 1935 5738 2067 5792; x_wconf 74' lang='lat' dir='ltr'><strong>quos</strong></span> 
     </span>
    </p>
   </div>
   <div class='ocr_carea' id='block_1_73' title="bbox 2175 1866 3765 1938">
    <p class='ocr_par' dir='ltr' id='par_1_73' title="bbox 2175 1866 3765 1938">
     <span class='ocr_line' id='line_1_73' title="bbox 2175 1866 3765 1938; baseline 0.003 -21"><span class='ocrx_word' id='word_1_541' title='bbox 2175 1866 2282 1936; x_wconf 82' lang='lat'><strong>95</strong></span> <span class='ocrx_word' id='word_1_542' title='bbox 2311 1875 2362 1918; x_wconf 88' lang='lat' dir='ltr'><strong>ct</strong></span> <span class='ocrx_word' id='word_1_543' title='bbox 2393 1866 2618 1936; x_wconf 89' lang='lat' dir='ltr'><strong>pedibus</strong></span> <span class='ocrx_word' id='word_1_544' title='bbox 2642 1867 2912 1932; x_wconf 87' lang='lat' dir='ltr'><strong>incedere,</strong></span> <span class='ocrx_word' id='word_1_545' title='bbox 2945 1875 3002 1923; x_wconf 85' lang='lat' dir='ltr'><strong>et</strong></span> <span class='ocrx_word' id='word_1_546' title='bbox 3049 1884 3152 1938; x_wconf 90' lang='lat' dir='ltr'><strong>quo</strong></span> <span class='ocrx_word' id='word_1_547' title='bbox 3196 1869 3298 1922; x_wconf 87' lang='lat' dir='ltr'><strong>fert</strong></span> <span class='ocrx_word' id='word_1_548' title='bbox 3326 1868 3535 1921; x_wconf 89' lang='lat' dir='ltr'><strong>animus</strong></span> <span class='ocrx_word' id='word_1_549' title='bbox 3577 1885 3765 1935; x_wconf 84' lang='lat' dir='ltr'><strong>perve-</strong></span> 
     </span>
    </p>
   </div>
   <div class='ocr_carea' id='block_1_74' title="bbox 2178 1957 3764 2031">
    <p class='ocr_par' dir='ltr' id='par_1_74' title="bbox 2178 1957 3764 2031">
     <span class='ocr_line' id='line_1_74' title="bbox 2178 1957 3764 2031; baseline 0.003 -22"><span class='ocrx_word' id='word_1_550' title='bbox 2178 1957 2314 2021; x_wconf 86' lang='lat' dir='ltr'><strong>nire,</strong></span> <span class='ocrx_word' id='word_1_551' title='bbox 2344 1968 2397 2011; x_wconf 92' lang='lat' dir='ltr'><strong>et</strong></span> <span class='ocrx_word' id='word_1_552' title='bbox 2426 1959 2643 2015; x_wconf 88' lang='lat' dir='ltr'><strong>auribus</strong></span> <span class='ocrx_word' id='word_1_553' title='bbox 2657 1970 2813 2031; x_wconf 88' lang='lat' dir='ltr'><strong>atque</strong></span> <span class='ocrx_word' id='word_1_554' title='bbox 2838 1961 3007 2017; x_wconf 84' lang='lat' dir='ltr'><strong>oculis</strong></span> <span class='ocrx_word' id='word_1_555' title='bbox 3029 1960 3345 2028; x_wconf 61' lang='lat' dir='ltr'><strong>ceterisque</strong></span> <span class='ocrx_word' id='word_1_556' title='bbox 3368 1959 3614 2015; x_wconf 86' lang='lat' dir='ltr'><strong>sensibus</strong></span> <span class='ocrx_word' id='word_1_557' title='bbox 3636 1976 3764 2017; x_wconf 82' lang='lat' dir='ltr'><strong>cor-</strong></span> 
     </span>
    </p>
   </div>
   <div class='ocr_carea' id='block_1_75' title="bbox 2178 2048 3759 2119">
    <p class='ocr_par' dir='ltr' id='par_1_75' title="bbox 2178 2048 3759 2119">
     <span class='ocr_line' id='line_1_75' title="bbox 2178 2048 3759 2119; baseline 0.005 -20"><span class='ocrx_word' id='word_1_558' title='bbox 2178 2048 2320 2114; x_wconf 81' lang='lat' dir='ltr'><strong>p0tis</strong></span> <span class='ocrx_word' id='word_1_559' title='bbox 2344 2049 2640 2118; x_wconf 90' lang='lat' dir='ltr'><strong>corporalia</strong></span> <span class='ocrx_word' id='word_1_560' title='bbox 2674 2051 2951 2119; x_wconf 88' lang='lat' dir='ltr'><strong>percipere</strong></span> <span class='ocrx_word' id='word_1_561' title='bbox 2973 2058 3028 2105; x_wconf 87' lang='lat' dir='ltr'><strong>et</strong></span> <span class='ocrx_word' id='word_1_562' title='bbox 3058 2049 3193 2107; x_wconf 85' lang='lat' dir='ltr'><strong>facie</strong></span> <span class='ocrx_word' id='word_1_563' title='bbox 3224 2050 3594 2116; x_wconf 80' lang='lat' dir='ltr'><strong>iuncteseere;</strong></span> <span class='ocrx_word' id='word_1_564' title='bbox 3624 2062 3681 2107; x_wconf 90' lang='lat' dir='ltr'><strong>et</strong></span> <span class='ocrx_word' id='word_1_565' title='bbox 3712 2054 3759 2107; x_wconf 89' lang='lat' dir='ltr'><strong>si</strong></span> 
     </span>
    </p>
   </div>
   <div class='ocr_carea' id='block_1_76' title="bbox 2175 2138 3763 2210">
    <p class='ocr_par' dir='ltr' id='par_1_76' title="bbox 2175 2138 3763 2210">
     <span class='ocr_line' id='line_1_76' title="bbox 2175 2138 3763 2210; baseline 0.004 -20"><span class='ocrx_word' id='word_1_566' title='bbox 2175 2138 2299 2207; x_wconf 86' lang='lat' dir='ltr'><strong>quid</strong></span> <span class='ocrx_word' id='word_1_567' title='bbox 2334 2139 2477 2193; x_wconf 90' lang='lat' dir='ltr'><strong>aliud</strong></span> <span class='ocrx_word' id='word_1_568' title='bbox 2502 2143 2569 2195; x_wconf 92' lang='lat' dir='ltr'><strong>ad</strong></span> <span class='ocrx_word' id='word_1_569' title='bbox 2614 2142 2752 2195; x_wconf 88' lang='lat' dir='ltr'><strong>hanc</strong></span> <span class='ocrx_word' id='word_1_570' title='bbox 2784 2149 3031 2210; x_wconf 86' lang='lat' dir='ltr'><strong>tanquam</strong></span> <span class='ocrx_word' id='word_1_571' title='bbox 3064 2142 3303 2210; x_wconf 85' lang='lat' dir='ltr'><strong>regulam</strong></span> <span class='ocrx_word' id='word_1_572' title='bbox 3348 2142 3599 2210; x_wconf 83' lang='lat' dir='ltr'><strong>pertinet.</strong></span> <span class='ocrx_word' id='word_1_573' title='bbox 3649 2144 3763 2197; x_wconf 86' lang='lat' dir='ltr'><strong>lloc</strong></span> 
     </span>
    </p>
   </div>
   <div class='ocr_carea' id='block_1_77' title="bbox 2178 2228 3761 2302">
    <p class='ocr_par' dir='ltr' id='par_1_77' title="bbox 2178 2228 3761 2302">
     <span class='ocr_line' id='line_1_77' title="bbox 2178 2228 3761 2302; baseline 0.004 -23"><span class='ocrx_word' id='word_1_574' title='bbox 2178 2228 2337 2282; x_wconf 88' lang='lat' dir='ltr'><strong>modo</strong></span> <span class='ocrx_word' id='word_1_575' title='bbox 2372 2228 2533 2297; x_wconf 83' lang='lat' dir='ltr'><strong>igitur</strong></span> <span class='ocrx_word' id='word_1_576' title='bbox 2562 2230 2813 2299; x_wconf 86' lang='lat' dir='ltr'><strong>quoniam</strong></span> <span class='ocrx_word' id='word_1_577' title='bbox 2861 2241 3067 2286; x_wconf 82' lang='lat' dir='ltr'><strong>mutare</strong></span> <span class='ocrx_word' id='word_1_578' title='bbox 3105 2240 3316 2299; x_wconf 87' lang='lat' dir='ltr'><strong>ceptum</strong></span> <span class='ocrx_word' id='word_1_579' title='bbox 3364 2232 3603 2302; x_wconf 81' lang='lat' dir='ltr'><strong>aliquod.</strong></span> <span class='ocrx_word' id='word_1_580' title='bbox 3633 2243 3689 2288; x_wconf 87' lang='lat' dir='ltr'><strong>et</strong></span> <span class='ocrx_word' id='word_1_581' title='bbox 3712 2234 3761 2286; x_wconf 89' lang='lat' dir='ltr'><strong>in</strong></span> 
     </span>
    </p>
   </div>
   <div class='ocr_carea' id='block_1_78' title="bbox 2175 2316 3767 2393">
    <p class='ocr_par' dir='ltr' id='par_1_78' title="bbox 2175 2316 3767 2393">
     <span class='ocr_line' id='line_1_78' title="bbox 2175 2316 3767 2393; baseline 0.006 -24"><span class='ocrx_word' id='word_1_582' title='bbox 2175 2318 2318 2371; x_wconf 82' lang='lat' dir='ltr'><strong>aliud</strong></span> <span class='ocrx_word' id='word_1_583' title='bbox 2349 2316 2670 2386; x_wconf 78' lang='lat' dir='ltr'><strong>transferre,</strong></span> <span class='ocrx_word' id='word_1_584' title='bbox 2703 2336 2808 2374; x_wconf 88' lang='lat' dir='ltr'><strong>non</strong></span> <span class='ocrx_word' id='word_1_585' title='bbox 2834 2323 2975 2376; x_wconf 87' lang='lat' dir='ltr'><strong>ferre</strong></span> <span class='ocrx_word' id='word_1_586' title='bbox 3001 2319 3201 2393; x_wconf 90' lang='lat' dir='ltr'><strong>[facile]</strong></span> <span class='ocrx_word' id='word_1_587' title='bbox 3232 2320 3487 2387; x_wconf 86' lang='lat' dir='ltr'><strong>solemus,</strong></span> <span class='ocrx_word' id='word_1_588' title='bbox 3515 2323 3619 2377; x_wconf 86' lang='lat' dir='ltr'><strong>nisi</strong></span> <span class='ocrx_word' id='word_1_589' title='bbox 3659 2339 3767 2393; x_wconf 73' lang='lat' dir='ltr'><strong>pm-</strong></span> 
     </span>
    </p>
   </div>
   <div class='ocr_carea' id='block_1_79' title="bbox 2178 2408 3755 2488">
    <p class='ocr_par' dir='ltr' id='par_1_79' title="bbox 2178 2408 3755 2488">
     <span class='ocr_line' id='line_1_79' title="bbox 2178 2408 3755 2488; baseline 0.004 -27"><span class='ocrx_word' id='word_1_590' title='bbox 2178 2408 2414 2474; x_wconf 90' lang='lat' dir='ltr'><strong>nitendo,</strong></span> <span class='ocrx_word' id='word_1_591' title='bbox 2444 2425 2745 2488; x_wconf 73' lang='lat' dir='ltr'><strong>quanquam</strong></span> <span class='ocrx_word' id='word_1_592' title='bbox 2771 2411 2948 2464; x_wconf 87' lang='lat' dir='ltr'><strong>divina</strong></span> <span class='ocrx_word' id='word_1_593' title='bbox 2980 2409 3313 2480; x_wconf 83' lang='lat' dir='ltr'><strong>providentia</strong></span> <span class='ocrx_word' id='word_1_594' title='bbox 3354 2427 3548 2467; x_wconf 89' lang='lat' dir='ltr'><strong>serena</strong></span> <span class='ocrx_word' id='word_1_595' title='bbox 3573 2425 3755 2468; x_wconf 83' lang='lat' dir='ltr'><strong>mente</strong></span> 
     </span>
    </p>
   </div>
   <div class='ocr_carea' id='block_1_80' title="bbox 2178 2502 3764 2572">
    <p class='ocr_par' dir='ltr' id='par_1_80' title="bbox 2178 2502 3764 2572">
     <span class='ocr_line' id='line_1_80' title="bbox 2178 2502 3764 2572; baseline 0.003 -17"><span class='ocrx_word' id='word_1_596' title='bbox 2178 2502 2505 2556; x_wconf 89' lang='lat' dir='ltr'><strong>intuentibus</strong></span> <span class='ocrx_word' id='word_1_597' title='bbox 2536 2512 2790 2572; x_wconf 83' lang='lat' dir='ltr'><strong>appareat</strong></span> <span class='ocrx_word' id='word_1_598' title='bbox 2814 2514 3003 2558; x_wconf 90' lang='lat' dir='ltr'><strong>cuncta</strong></span> <span class='ocrx_word' id='word_1_599' title='bbox 3044 2503 3345 2558; x_wconf 89' lang='lat' dir='ltr'><strong>certissimo</strong></span> <span class='ocrx_word' id='word_1_600' title='bbox 3373 2505 3563 2559; x_wconf 89' lang='lat' dir='ltr'><strong>ordine</strong></span> <span class='ocrx_word' id='word_1_601' title='bbox 3591 2506 3764 2559; x_wconf 83' lang='lat' dir='ltr'><strong>adrni-</strong></span> 
     </span>
    </p>
   </div>
   <div class='ocr_carea' id='block_1_81' title="bbox 2182 2590 3764 2664">
    <p class='ocr_par' dir='ltr' id='par_1_81' title="bbox 2182 2590 3764 2664">
     <span class='ocr_line' id='line_1_81' title="bbox 2182 2590 3764 2664; baseline 0.004 -21"><span class='ocrx_word' id='word_1_602' title='bbox 2182 2593 2406 2645; x_wconf 90' lang='lat' dir='ltr'><strong>nistrare</strong></span> <span class='ocrx_word' id='word_1_603' title='bbox 2426 2591 2512 2663; x_wconf 90' lang='lat' dir='ltr'><strong>[ad</strong></span> <span class='ocrx_word' id='word_1_604' title='bbox 2525 2590 2861 2664; x_wconf 87' lang='lat' dir='ltr'><strong>ministrari],</strong></span> <span class='ocrx_word' id='word_1_605' title='bbox 2884 2594 3439 2648; x_wconf 88' lang='lat' dir='ltr'><strong>accommodatissime</strong></span> <span class='ocrx_word' id='word_1_606' title='bbox 3465 2605 3668 2657; x_wconf 86' lang='lat' dir='ltr'><strong>tamen,</strong></span> <span class='ocrx_word' id='word_1_607' title='bbox 3699 2597 3764 2649; x_wconf 87' lang='lat' dir='ltr'><strong>ad</strong></span> 
     </span>
    </p>
   </div>
   <div class='ocr_carea' id='block_1_82' title="bbox 2185 2680 3771 2755">
    <p class='ocr_par' dir='ltr' id='par_1_82' title="bbox 2185 2680 3771 2755">
     <span class='ocr_line' id='line_1_82' title="bbox 2185 2680 3771 2755; baseline 0.004 -23"><span class='ocrx_word' id='word_1_608' title='bbox 2185 2680 2440 2735; x_wconf 88' lang='lat' dir='ltr'><strong>humilem</strong></span> <span class='ocrx_word' id='word_1_609' title='bbox 2474 2682 2762 2737; x_wconf 83' lang='lat' dir='ltr'><strong>humanam</strong></span> <span class='ocrx_word' id='word_1_610' title='bbox 2792 2682 3221 2754; x_wconf 75' lang='lat' dir='ltr'><strong>intelligentiam,</strong></span> <span class='ocrx_word' id='word_1_611' title='bbox 3263 2699 3325 2740; x_wconf 89' lang='lat' dir='ltr'><strong>ea</strong></span> <span class='ocrx_word' id='word_1_612' title='bbox 3356 2699 3476 2755; x_wconf 74' lang='lat' dir='ltr'><strong>qua:</strong></span> <span class='ocrx_word' id='word_1_613' title='bbox 3509 2685 3771 2754; x_wconf 75' lang='lat' dir='ltr'><strong>incipiunt</strong></span> 
     </span>
    </p>
   </div>
   <div class='ocr_carea' id='block_1_83' title="bbox 2179 2785 3772 2846">
    <p class='ocr_par' dir='ltr' id='par_1_83' title="bbox 2179 2785 3772 2846">
     <span class='ocr_line' id='line_1_83' title="bbox 2179 2785 3772 2846; baseline 0.001 -19"><span class='ocrx_word' id='word_1_614' title='bbox 2179 2788 2321 2839; x_wconf 83' lang='lat' dir='ltr'><strong>esse,</strong></span> <span class='ocrx_word' id='word_1_615' title='bbox 2388 2791 2563 2846; x_wconf 88' lang='lat' dir='ltr'><strong>neque</strong></span> <span class='ocrx_word' id='word_1_616' title='bbox 2632 2785 2982 2845; x_wconf 83' lang='lat' dir='ltr'><strong>perseverant</strong></span> <span class='ocrx_word' id='word_1_617' title='bbox 3056 2785 3311 2845; x_wconf 79' lang='lat' dir='ltr'><strong>quantum</strong></span> <span class='ocrx_word' id='word_1_618' title='bbox 3364 2788 3772 2844; x_wconf 72' lang='lat' dir='ltr'><strong>perseveratum</strong></span> 
     </span>
    </p>
   </div>
   <div class='ocr_carea' id='block_1_84' title="bbox 2177 2864 3772 2939">
    <p class='ocr_par' dir='ltr' id='par_1_84' title="bbox 2177 2864 3772 2939">
     <span class='ocr_line' id='line_1_84' title="bbox 2177 2864 3772 2939; baseline 0.002 -22"><span class='ocrx_word' id='word_1_619' title='bbox 2177 2874 2387 2934; x_wconf 88' lang='lat' dir='ltr'><strong>sperata</strong></span> <span class='ocrx_word' id='word_1_620' title='bbox 2429 2875 2576 2932; x_wconf 88' lang='lat' dir='ltr'><strong>sunt,</strong></span> <span class='ocrx_word' id='word_1_621' title='bbox 2617 2868 2766 2937; x_wconf 85' lang='lat' dir='ltr'><strong>quasi</strong></span> <span class='ocrx_word' id='word_1_622' title='bbox 2806 2882 2900 2937; x_wconf 88' lang='lat' dir='ltr'><strong>per</strong></span> <span class='ocrx_word' id='word_1_623' title='bbox 2933 2882 3053 2937; x_wconf 84' lang='lat' dir='ltr'><strong>paen</strong></span> <span class='ocrx_word' id='word_1_624' title='bbox 3080 2864 3295 2922; x_wconf 87' lang='lat' dir='ltr'><strong>tentiam</strong></span> <span class='ocrx_word' id='word_1_625' title='bbox 3346 2864 3486 2939; x_wconf 73' lang='lat' dir='ltr'><strong>[Dei]</strong></span> <span class='ocrx_word' id='word_1_626' title='bbox 3514 2866 3772 2921; x_wconf 74' lang='lat' dir='ltr'><strong>dicuntur</strong></span> 
     </span>
    </p>
   </div>
   <div class='ocr_carea' id='block_1_85' title="bbox 2180 2955 2377 3011">
    <p class='ocr_par' dir='ltr' id='par_1_85' title="bbox 2180 2955 2377 3011">
     <span class='ocr_line' id='line_1_85' title="bbox 2180 2955 2377 3011; baseline 0.015 -3"><span class='ocrx_word' id='word_1_627' title='bbox 2180 2955 2377 3011; x_wconf 85' lang='lat' dir='ltr'><strong>ablata.</strong></span> 
     </span>
    </p>
   </div>
   <div class='ocr_carea' id='block_1_86' title="bbox 2648 3096 3303 3155">
    <p class='ocr_par' dir='ltr' id='par_1_86' title="bbox 2648 3096 3303 3155">
     <span class='ocr_line' id='line_1_86' title="bbox 2648 3096 3303 3155; baseline -0.002 -1"><span class='ocrx_word' id='word_1_628' title='bbox 2648 3097 2872 3155; x_wconf 82' lang='lat' dir='ltr'><strong>CAPUT</strong></span> <span class='ocrx_word' id='word_1_629' title='bbox 2912 3096 3303 3154; x_wconf 71' lang='lat' dir='ltr'><strong>CCCXXXVII.</strong></span> 
     </span>
    </p>
   </div>
   <div class='ocr_carea' id='block_1_87' title="bbox 2190 3233 3777 3309">
    <p class='ocr_par' dir='ltr' id='par_1_87' title="bbox 2190 3233 3777 3309">
     <span class='ocr_line' id='line_1_87' title="bbox 2190 3233 3777 3309; baseline 0.003 -19"><span class='ocrx_word' id='word_1_630' title='bbox 2190 3233 2266 3290; x_wconf 81' lang='lat' dir='ltr'><strong>De</strong></span> <span class='ocrx_word' id='word_1_631' title='bbox 2312 3254 2368 3291; x_wconf 80' lang='lat' dir='ltr'><strong>ro</strong></span> <span class='ocrx_word' id='word_1_632' title='bbox 2397 3236 2536 3306; x_wconf 82' lang='lat' dir='ltr'><strong>quod</strong></span> <span class='ocrx_word' id='word_1_633' title='bbox 2577 3239 2819 3304; x_wconf 76' lang='lat' dir='ltr'><strong>scriptum</strong></span> <span class='ocrx_word' id='word_1_634' title='bbox 2846 3249 2920 3291; x_wconf 78' lang='lat' dir='ltr'><strong>est</strong></span> <span class='ocrx_word' id='word_1_635' title='bbox 2952 3254 2971 3292; x_wconf 90' lang='lat'><strong><em>:</em></strong></span> <span class='ocrx_word' id='word_1_636' title='bbox 3005 3236 3285 3305; x_wconf 54' lang='lat' dir='ltr'><strong>Sexaginta</strong></span> <span class='ocrx_word' id='word_1_637' title='bbox 3312 3250 3429 3294; x_wconf 80' lang='lat' dir='ltr'><strong>sunt</strong></span> <span class='ocrx_word' id='word_1_638' title='bbox 3471 3240 3683 3309; x_wconf 71' lang='lat' dir='ltr'><strong>regium,</strong></span> <span class='ocrx_word' id='word_1_639' title='bbox 3732 3250 3777 3293; x_wconf 77' lang='lat' dir='ltr'><strong>et</strong></span> 
     </span>
    </p>
   </div>
   <div class='ocr_carea' id='block_1_88' title="bbox 2681 3309 3284 3378">
    <p class='ocr_par' dir='ltr' id='par_1_88' title="bbox 2681 3309 3284 3378">
     <span class='ocr_line' id='line_1_88' title="bbox 2681 3309 3284 3378; baseline 0.007 -18"><span class='ocrx_word' id='word_1_640' title='bbox 2681 3309 2936 3378; x_wconf 62' lang='lat' dir='ltr'><strong>octagiula</strong></span> <span class='ocrx_word' id='word_1_641' title='bbox 2968 3309 3284 3364; x_wconf 73' lang='lat' dir='ltr'><strong>concubium.</strong></span> 
     </span>
    </p>
   </div>
   <div class='ocr_carea' id='block_1_89' title="bbox 2263 3445 3780 3516">
    <p class='ocr_par' dir='ltr' id='par_1_89' title="bbox 2263 3445 3780 3516">
     <span class='ocr_line' id='line_1_89' title="bbox 2263 3445 3780 3516; baseline 0 -15"><span class='ocrx_word' id='word_1_642' title='bbox 2263 3445 2520 3501; x_wconf 87' lang='lat' dir='ltr'><strong>Denarins</strong></span> <span class='ocrx_word' id='word_1_643' title='bbox 2551 3460 2807 3500; x_wconf 88' lang='lat' dir='ltr'><strong>numerus</strong></span> <span class='ocrx_word' id='word_1_644' title='bbox 2850 3454 3027 3513; x_wconf 84' lang='lat' dir='ltr'><strong>petest</strong></span> <span class='ocrx_word' id='word_1_645' title='bbox 3065 3446 3375 3516; x_wconf 80' lang='lat' dir='ltr'><strong>significare</strong></span> <span class='ocrx_word' id='word_1_646' title='bbox 3414 3448 3780 3504; x_wconf 76' lang='lat' dir='ltr'><strong>universitatis</strong></span> 
     </span>
    </p>
   </div>
   <div class='ocr_carea' id='block_1_90' title="bbox 2187 3536 3771 3607">
    <p class='ocr_par' dir='ltr' id='par_1_90' title="bbox 2187 3536 3771 3607">
     <span class='ocr_line' id='line_1_90' title="bbox 2187 3536 3771 3607; baseline 0.002 -16"><span class='ocrx_word' id='word_1_647' title='bbox 2187 3537 2491 3601; x_wconf 86' lang='lat' dir='ltr'><strong>scientiam,</strong></span> <span class='ocrx_word' id='word_1_648' title='bbox 2522 3552 2641 3606; x_wconf 71' lang='lat' dir='ltr'><strong>qua:</strong></span> <span class='ocrx_word' id='word_1_649' title='bbox 2667 3536 2714 3591; x_wconf 92' lang='lat' dir='ltr'><strong>si</strong></span> <span class='ocrx_word' id='word_1_650' title='bbox 2745 3537 2809 3591; x_wconf 86' lang='lat' dir='ltr'><strong>ad</strong></span> <span class='ocrx_word' id='word_1_651' title='bbox 2843 3537 3094 3592; x_wconf 89' lang='lat' dir='ltr'><strong>interiora</strong></span> <span class='ocrx_word' id='word_1_652' title='bbox 3123 3548 3176 3593; x_wconf 86' lang='lat' dir='ltr'><strong>et</strong></span> <span class='ocrx_word' id='word_1_653' title='bbox 3206 3538 3273 3592; x_wconf 88' lang='lat' dir='ltr'><strong>ad</strong></span> <span class='ocrx_word' id='word_1_654' title='bbox 3301 3538 3650 3607; x_wconf 36' lang='lat' dir='ltr'><strong>intellig‘bilia</strong></span> <span class='ocrx_word' id='word_1_655' title='bbox 3680 3555 3771 3594; x_wconf 86' lang='lat' dir='ltr'><strong>re-</strong></span> 
     </span>
    </p>
   </div>
   <div class='ocr_carea' id='block_1_91' title="bbox 2190 3628 3781 3702">
    <p class='ocr_par' dir='ltr' id='par_1_91' title="bbox 2190 3628 3781 3702">
     <span class='ocr_line' id='line_1_91' title="bbox 2190 3628 3781 3702; baseline 0.002 -21"><span class='ocrx_word' id='word_1_656' title='bbox 2190 3628 2413 3693; x_wconf 83' lang='lat' dir='ltr'><strong>feratur,</strong></span> <span class='ocrx_word' id='word_1_657' title='bbox 2464 3644 2583 3697; x_wconf 76' lang='lat' dir='ltr'><strong>qure</strong></span> <span class='ocrx_word' id='word_1_658' title='bbox 2629 3628 2843 3683; x_wconf 91' lang='lat' dir='ltr'><strong>senario</strong></span> <span class='ocrx_word' id='word_1_659' title='bbox 2887 3644 3110 3685; x_wconf 88' lang='lat' dir='ltr'><strong>numero</strong></span> <span class='ocrx_word' id='word_1_660' title='bbox 3157 3629 3527 3699; x_wconf 78' lang='lat' dir='ltr'><strong>signiﬁcantur</strong></span> <span class='ocrx_word' id='word_1_661' title='bbox 3554 3629 3781 3702; x_wconf 77' lang='lat' dir='ltr'><strong>[signiti-</strong></span> 
     </span>
    </p>
   </div>
   <div class='ocr_carea' id='block_1_92' title="bbox 2187 3719 3780 3790">
    <p class='ocr_par' dir='ltr' id='par_1_92' title="bbox 2187 3719 3780 3790">
     <span class='ocr_line' id='line_1_92' title="bbox 2187 3719 3780 3790; baseline 0 -15"><span class='ocrx_word' id='word_1_662' title='bbox 2187 3719 2389 3790; x_wconf 87' lang='lat' dir='ltr'><strong>catur],</strong></span> <span class='ocrx_word' id='word_1_663' title='bbox 2418 3720 2475 3773; x_wconf 85' lang='lat' dir='ltr'><strong>tit</strong></span> <span class='ocrx_word' id='word_1_664' title='bbox 2505 3720 2655 3789; x_wconf 86' lang='lat' dir='ltr'><strong>quasi</strong></span> <span class='ocrx_word' id='word_1_665' title='bbox 2686 3719 2867 3775; x_wconf 86' lang='lat' dir='ltr'><strong>decies</strong></span> <span class='ocrx_word' id='word_1_666' title='bbox 2890 3722 3084 3787; x_wconf 77' lang='lat' dir='ltr'><strong>sexies,</strong></span> <span class='ocrx_word' id='word_1_667' title='bbox 3114 3720 3255 3788; x_wconf 89' lang='lat' dir='ltr'><strong>quod</strong></span> <span class='ocrx_word' id='word_1_668' title='bbox 3282 3730 3363 3774; x_wconf 87' lang='lat' dir='ltr'><strong>est</strong></span> <span class='ocrx_word' id='word_1_669' title='bbox 3391 3722 3702 3790; x_wconf 82' lang='lat' dir='ltr'><strong>sexaginta;</strong></span> <span class='ocrx_word' id='word_1_670' title='bbox 3738 3722 3780 3775; x_wconf 67' lang='lat' dir='ltr'><strong>ri</strong></span> 
     </span>
    </p>
   </div>
   <div class='ocr_carea' id='block_1_93' title="bbox 2188 3811 3780 3880">
    <p class='ocr_par' dir='ltr' id='par_1_93' title="bbox 2188 3811 3780 3880">
     <span class='ocr_line' id='line_1_93' title="bbox 2188 3811 3780 3880; baseline 0 -15"><span class='ocrx_word' id='word_1_671' title='bbox 2188 3811 2254 3865; x_wconf 87' lang='lat' dir='ltr'><strong>ad</strong></span> <span class='ocrx_word' id='word_1_672' title='bbox 2286 3821 2497 3866; x_wconf 87' lang='lat' dir='ltr'><strong>terrena</strong></span> <span class='ocrx_word' id='word_1_673' title='bbox 2529 3820 2584 3866; x_wconf 91' lang='lat' dir='ltr'><strong>et</strong></span> <span class='ocrx_word' id='word_1_674' title='bbox 2606 3812 2996 3880; x_wconf 58' lang='lat' dir='ltr'><strong>corruptibilis,</strong></span> <span class='ocrx_word' id='word_1_675' title='bbox 3027 3828 3145 3878; x_wconf 73' lang='lat' dir='ltr'><strong>qua:</strong></span> <span class='ocrx_word' id='word_1_676' title='bbox 3174 3814 3521 3880; x_wconf 71' lang='lat' dir='ltr'><strong>ortogenario</strong></span> <span class='ocrx_word' id='word_1_677' title='bbox 3549 3828 3780 3867; x_wconf 85' lang='lat' dir='ltr'><strong>numero</strong></span> 
     </span>
    </p>
   </div>
   <div class='ocr_carea' id='block_1_94' title="bbox 2189 3900 3778 3971">
    <p class='ocr_par' dir='ltr' id='par_1_94' title="bbox 2189 3900 3778 3971">
     <span class='ocr_line' id='line_1_94' title="bbox 2189 3900 3778 3971; baseline 0.001 -14"><span class='ocrx_word' id='word_1_678' title='bbox 2189 3902 2483 3970; x_wconf 81' lang='lat' dir='ltr'><strong>significari</strong></span> <span class='ocrx_word' id='word_1_679' title='bbox 2519 3910 2760 3967; x_wconf 85' lang='lat' dir='ltr'><strong>possunt.</strong></span> <span class='ocrx_word' id='word_1_680' title='bbox 2797 3902 2932 3955; x_wconf 88' lang='lat' dir='ltr'><strong>tiunt</strong></span> <span class='ocrx_word' id='word_1_681' title='bbox 2961 3900 3143 3957; x_wconf 81' lang='lat' dir='ltr'><strong>decies</strong></span> <span class='ocrx_word' id='word_1_682' title='bbox 3173 3902 3361 3966; x_wconf 86' lang='lat' dir='ltr'><strong>octies,</strong></span> <span class='ocrx_word' id='word_1_683' title='bbox 3393 3902 3532 3971; x_wconf 84' lang='lat' dir='ltr'><strong>quod</strong></span> <span class='ocrx_word' id='word_1_684' title='bbox 3563 3911 3651 3958; x_wconf 87' lang='lat' dir='ltr'><strong>est</strong></span> <span class='ocrx_word' id='word_1_685' title='bbox 3680 3917 3778 3958; x_wconf 87' lang='lat' dir='ltr'><strong>oc-</strong></span> 
     </span>
    </p>
   </div>
   <div class='ocr_carea' id='block_1_95' title="bbox 2192 3992 3780 4063">
    <p class='ocr_par' dir='ltr' id='par_1_95' title="bbox 2192 3992 3780 4063">
     <span class='ocr_line' id='line_1_95' title="bbox 2192 3992 3780 4063; baseline 0.001 -18"><span class='ocrx_word' id='word_1_686' title='bbox 2192 3994 2417 4061; x_wconf 82' lang='lat' dir='ltr'><strong>toginta.</strong></span> <span class='ocrx_word' id='word_1_687' title='bbox 2453 3993 2671 4063; x_wconf 73' lang='lat' dir='ltr'><strong>Regina:</strong></span> <span class='ocrx_word' id='word_1_688' title='bbox 2698 4009 2827 4063; x_wconf 87' lang='lat' dir='ltr'><strong>ergo</strong></span> <span class='ocrx_word' id='word_1_689' title='bbox 2856 4003 2982 4048; x_wconf 83' lang='lat' dir='ltr'><strong>sunt</strong></span> <span class='ocrx_word' id='word_1_690' title='bbox 3025 3992 3239 4058; x_wconf 70' lang='lat' dir='ltr'><strong>animm,</strong></span> <span class='ocrx_word' id='word_1_691' title='bbox 3281 4005 3567 4061; x_wconf 76' lang='lat' dir='ltr'><strong>rrgnantes</strong></span> <span class='ocrx_word' id='word_1_692' title='bbox 3606 3995 3659 4048; x_wconf 85' lang='lat' dir='ltr'><strong>in</strong></span> <span class='ocrx_word' id='word_1_693' title='bbox 3694 3996 3780 4047; x_wconf 86' lang='lat' dir='ltr'><strong>in-</strong></span> 
     </span>
    </p>
   </div>
   <div class='ocr_carea' id='block_1_96' title="bbox 2190 4085 3781 4155">
    <p class='ocr_par' dir='ltr' id='par_1_96' title="bbox 2190 4085 3781 4155">
     <span class='ocr_line' id='line_1_96' title="bbox 2190 4085 3781 4155; baseline 0.004 -19"><span class='ocrx_word' id='word_1_694' title='bbox 2190 4085 2559 4154; x_wconf 88' lang='lat' dir='ltr'><strong>telligibilibus</strong></span> <span class='ocrx_word' id='word_1_695' title='bbox 2626 4095 2680 4138; x_wconf 92' lang='lat' dir='ltr'><strong>et</strong></span> <span class='ocrx_word' id='word_1_696' title='bbox 2741 4085 3160 4151; x_wconf 82' lang='lat' dir='ltr'><strong>spirituaiibus;</strong></span> <span class='ocrx_word' id='word_1_697' title='bbox 3228 4086 3591 4152; x_wconf 67' lang='lat' dir='ltr'><strong>concubium,</strong></span> <span class='ocrx_word' id='word_1_698' title='bbox 3656 4101 3781 4155; x_wconf 68' lang='lat' dir='ltr'><strong>ante</strong></span> 
     </span>
    </p>
   </div>
   <div class='ocr_carea' id='block_1_97' title="bbox 2191 4175 3779 4247">
    <p class='ocr_par' dir='ltr' id='par_1_97' title="bbox 2191 4175 3779 4247">
     <span class='ocr_line' id='line_1_97' title="bbox 2191 4175 3779 4247; baseline 0.004 -19"><span class='ocrx_word' id='word_1_699' title='bbox 2191 4175 2492 4243; x_wconf 89' lang='lat' dir='ltr'><strong>mercedem</strong></span> <span class='ocrx_word' id='word_1_700' title='bbox 2537 4177 2805 4243; x_wconf 88' lang='lat' dir='ltr'><strong>accipiunt</strong></span> <span class='ocrx_word' id='word_1_701' title='bbox 2836 4185 3193 4241; x_wconf 86' lang='lat' dir='ltr'><strong>terrenorum,</strong></span> <span class='ocrx_word' id='word_1_702' title='bbox 3237 4177 3306 4233; x_wconf 83' lang='lat' dir='ltr'><strong>tle</strong></span> <span class='ocrx_word' id='word_1_703' title='bbox 3345 4178 3540 4247; x_wconf 88' lang='lat' dir='ltr'><strong>quibus</strong></span> <span class='ocrx_word' id='word_1_704' title='bbox 3569 4179 3779 4234; x_wconf 66' lang='lat' dir='ltr'><strong>dictum</strong></span> 
     </span>
    </p>
   </div>
   <div class='ocr_carea' id='block_1_98' title="bbox 2188 4268 3777 4337">
    <p class='ocr_par' dir='ltr' id='par_1_98' title="bbox 2188 4268 3777 4337">
     <span class='ocr_line' id='line_1_98' title="bbox 2188 4268 3777 4337; baseline 0.002 -17"><span class='ocrx_word' id='word_1_705' title='bbox 2188 4277 2270 4320; x_wconf 87' lang='lat' dir='ltr'><strong>est</strong></span> <span class='ocrx_word' id='word_1_706' title='bbox 2315 4282 2329 4319; x_wconf 92' lang='lat'><strong>:</strong></span> <span class='ocrx_word' id='word_1_707' title='bbox 2373 4268 2709 4335; x_wconf 73' lang='lat' dir='ltr'><strong>Acceperunt</strong></span> <span class='ocrx_word' id='word_1_708' title='bbox 2764 4268 3065 4323; x_wconf 79' lang='lat' dir='ltr'><strong>mercedem</strong></span> <span class='ocrx_word' id='word_1_709' title='bbox 3121 4282 3271 4322; x_wconf 84' lang='lat' dir='ltr'><strong>suam</strong></span> <span class='ocrx_word' id='word_1_710' title='bbox 3317 4269 3733 4324; x_wconf 74' lang='lat' dir='ltr'><strong>adulescentula:</strong></span> <span class='ocrx_word' id='word_1_711' title='bbox 3760 4314 3777 4337; x_wconf 86' lang='lat'><strong>,</strong></span> 
     </span>
    </p>
   </div>
   <div class='ocr_carea' id='block_1_99' title="bbox 2187 4360 3784 4426">
    <p class='ocr_par' dir='ltr' id='par_1_99' title="bbox 2187 4360 3784 4426">
     <span class='ocr_line' id='line_1_99' title="bbox 2187 4360 3784 4426; baseline 0.006 -22"><span class='ocrx_word' id='word_1_712' title='bbox 2187 4371 2413 4423; x_wconf 83' lang='lat' dir='ltr'><strong>quarum</strong></span> <span class='ocrx_word' id='word_1_713' title='bbox 2449 4371 2551 4409; x_wconf 88' lang='lat' dir='ltr'><strong>non</strong></span> <span class='ocrx_word' id='word_1_714' title='bbox 2583 4366 2663 4410; x_wconf 87' lang='lat' dir='ltr'><strong>est</strong></span> <span class='ocrx_word' id='word_1_715' title='bbox 2694 4372 2964 4424; x_wconf 85' lang='lat' dir='ltr'><strong>numerus,</strong></span> <span class='ocrx_word' id='word_1_716' title='bbox 2999 4372 3220 4426; x_wconf 80' lang='lat' dir='ltr'><strong>quarum</strong></span> <span class='ocrx_word' id='word_1_717' title='bbox 3261 4375 3366 4412; x_wconf 90' lang='lat' dir='ltr'><strong>non</strong></span> <span class='ocrx_word' id='word_1_718' title='bbox 3402 4368 3485 4413; x_wconf 87' lang='lat' dir='ltr'><strong>est</strong></span> <span class='ocrx_word' id='word_1_719' title='bbox 3523 4360 3784 4414; x_wconf 76' lang='lat' dir='ltr'><strong>deterrui-</strong></span> 
     </span>
    </p>
   </div>
   <div class='ocr_carea' id='block_1_100' title="bbox 2192 4448 3783 4519">
    <p class='ocr_par' dir='ltr' id='par_1_100' title="bbox 2192 4448 3783 4519">
     <span class='ocr_line' id='line_1_100' title="bbox 2192 4448 3783 4519; baseline 0.003 -19"><span class='ocrx_word' id='word_1_720' title='bbox 2192 4458 2312 4500; x_wconf 83' lang='lat' dir='ltr'><strong>nata</strong></span> <span class='ocrx_word' id='word_1_721' title='bbox 2366 4448 2628 4514; x_wconf 87' lang='lat' dir='ltr'><strong>scientia,</strong></span> <span class='ocrx_word' id='word_1_722' title='bbox 2691 4459 2748 4502; x_wconf 88' lang='lat' dir='ltr'><strong>et</strong></span> <span class='ocrx_word' id='word_1_723' title='bbox 2806 4451 3034 4504; x_wconf 86' lang='lat' dir='ltr'><strong>diversis</strong></span> <span class='ocrx_word' id='word_1_724' title='bbox 3091 4451 3427 4519; x_wconf 85' lang='lat' dir='ltr'><strong>dogmatibus</strong></span> <span class='ocrx_word' id='word_1_725' title='bbox 3486 4453 3783 4518; x_wconf 42' lang='lat' dir='ltr'><strong>periclitari</strong></span> 
     </span>
    </p>
   </div>
   <div class='ocr_carea' id='block_1_101' title="bbox 2195 4544 3785 4616">
    <p class='ocr_par' dir='ltr' id='par_1_101' title="bbox 2195 4544 3785 4616">
     <span class='ocr_line' id='line_1_101' title="bbox 2195 4544 3785 4616; baseline 0.004 -23"><span class='ocrx_word' id='word_1_726' title='bbox 2195 4552 2435 4609; x_wconf 86' lang='lat' dir='ltr'><strong>possunt,</strong></span> <span class='ocrx_word' id='word_1_727' title='bbox 2488 4552 2545 4597; x_wconf 80' lang='lat' dir='ltr'><strong>ut</strong></span> <span class='ocrx_word' id='word_1_728' title='bbox 2594 4559 2868 4608; x_wconf 83' lang='lat' dir='ltr'><strong>numerus,</strong></span> <span class='ocrx_word' id='word_1_729' title='bbox 2917 4544 3059 4613; x_wconf 89' lang='lat' dir='ltr'><strong>quod</strong></span> <span class='ocrx_word' id='word_1_730' title='bbox 3110 4546 3308 4599; x_wconf 86' lang='lat' dir='ltr'><strong>dictum</strong></span> <span class='ocrx_word' id='word_1_731' title='bbox 3359 4555 3463 4609; x_wconf 87' lang='lat' dir='ltr'><strong>est,</strong></span> <span class='ocrx_word' id='word_1_732' title='bbox 3510 4547 3785 4616; x_wconf 77' lang='lat' dir='ltr'><strong>signiﬁcet</strong></span> 
     </span>
    </p>
   </div>
   <div class='ocr_carea' id='block_1_102' title="bbox 2190 4633 3640 4693">
    <p class='ocr_par' dir='ltr' id='par_1_102' title="bbox 2190 4633 3640 4693">
     <span class='ocr_line' id='line_1_102' title="bbox 2190 4633 3640 4693; baseline 0.003 -6"><span class='ocrx_word' id='word_1_733' title='bbox 2190 4643 2395 4687; x_wconf 78' lang='lat' dir='ltr'><strong>certam</strong></span> <span class='ocrx_word' id='word_1_734' title='bbox 2422 4642 2478 4688; x_wconf 89' lang='lat' dir='ltr'><strong>et</strong></span> <span class='ocrx_word' id='word_1_735' title='bbox 2509 4633 2862 4688; x_wconf 86' lang='lat' dir='ltr'><strong>indubitat:un</strong></span> <span class='ocrx_word' id='word_1_736' title='bbox 2892 4636 3348 4692; x_wconf 78' lang='lat' dir='ltr'><strong>conﬁrmationem</strong></span> <span class='ocrx_word' id='word_1_737' title='bbox 3380 4639 3640 4693; x_wconf 72' lang='lat' dir='ltr'><strong>scientiae.</strong></span> 
     </span>
    </p>
   </div>
   <div class='ocr_carea' id='block_1_103' title="bbox 2654 4771 3309 4845">
    <p class='ocr_par' dir='ltr' id='par_1_103' title="bbox 2654 4771 3309 4845">
     <span class='ocr_line' id='line_1_103' title="bbox 2654 4771 3309 4845; baseline 0.009 -21"><span class='ocrx_word' id='word_1_738' title='bbox 2654 4771 2728 4825; x_wconf 87' lang='lat' dir='ltr'><strong>De</strong></span> <span class='ocrx_word' id='word_1_739' title='bbox 2755 4776 3061 4845; x_wconf 74' lang='lat' dir='ltr'><strong>temporibus</strong></span> <span class='ocrx_word' id='word_1_740' title='bbox 3085 4779 3309 4830; x_wconf 63' lang='lat' dir='ltr'><strong>(turnia.</strong></span> 
     </span>
    </p>
   </div>
   <div class='ocr_carea' id='block_1_104' title="bbox 2265 4902 3777 4975">
    <p class='ocr_par' dir='ltr' id='par_1_104' title="bbox 2265 4902 3777 4975">
     <span class='ocr_line' id='line_1_104' title="bbox 2265 4902 3777 4975; baseline 0.007 -18"><span class='ocrx_word' id='word_1_741' title='bbox 2265 4902 2444 4971; x_wconf 63' lang='lat' dir='ltr'><strong>Quaeri</strong></span> <span class='ocrx_word' id='word_1_742' title='bbox 2479 4912 2651 4970; x_wconf 85' lang='lat' dir='ltr'><strong>potest</strong></span> <span class='ocrx_word' id='word_1_743' title='bbox 2693 4905 2963 4974; x_wconf 88' lang='lat' dir='ltr'><strong>quomodo</strong></span> <span class='ocrx_word' id='word_1_744' title='bbox 3007 4906 3074 4960; x_wconf 84' lang='lat' dir='ltr'><strong>ab</strong></span> <span class='ocrx_word' id='word_1_745' title='bbox 3111 4909 3352 4975; x_wconf 88' lang='lat' dir='ltr'><strong>apostolo</strong></span> <span class='ocrx_word' id='word_1_746' title='bbox 3381 4908 3547 4965; x_wconf 88' lang='lat' dir='ltr'><strong>Paulo</strong></span> <span class='ocrx_word' id='word_1_747' title='bbox 3573 4912 3777 4967; x_wconf 90' lang='lat' dir='ltr'><strong>dictum</strong></span> 
     </span>
    </p>
   </div>
   <div class='ocr_carea' id='block_1_105' title="bbox 2193 4993 3781 5069">
    <p class='ocr_par' dir='ltr' id='par_1_105' title="bbox 2193 4993 3781 5069">
     <span class='ocr_line' id='line_1_105' title="bbox 2193 4993 3781 5069; baseline 0.003 -25"><span class='ocrx_word' id='word_1_748' title='bbox 2193 4993 2304 5045; x_wconf 86' lang='lat' dir='ltr'><strong>sit:</strong></span> <span class='ocrx_word' id='word_1_749' title='bbox 2338 4995 2471 5047; x_wconf 80' lang='lat' dir='ltr'><strong>Ante</strong></span> <span class='ocrx_word' id='word_1_750' title='bbox 2510 5002 2746 5061; x_wconf 86' lang='lat' dir='ltr'><strong>tempora</strong></span> <span class='ocrx_word' id='word_1_751' title='bbox 2793 5006 3013 5050; x_wconf 69' lang='lat' dir='ltr'><strong>aeterna.</strong></span> <span class='ocrx_word' id='word_1_752' title='bbox 3063 4996 3119 5052; x_wconf 88' lang='lat' dir='ltr'><strong>Si</strong></span> <span class='ocrx_word' id='word_1_753' title='bbox 3162 4998 3303 5052; x_wconf 91' lang='lat' dir='ltr'><strong>enim</strong></span> <span class='ocrx_word' id='word_1_754' title='bbox 3350 5008 3586 5068; x_wconf 89' lang='lat' dir='ltr'><strong>tempora</strong></span> <span class='ocrx_word' id='word_1_755' title='bbox 3635 5018 3781 5069; x_wconf 73' lang='grc' dir='ltr'>ψιμ-</span> 
     </span>
    </p>
   </div>
   <div class='ocr_carea' id='block_1_106' title="bbox 2194 5084 3783 5160">
    <p class='ocr_par' dir='ltr' id='par_1_106' title="bbox 2194 5084 3783 5160">
     <span class='ocr_line' id='line_1_106' title="bbox 2194 5084 3783 5160; baseline 0.007 -25"><span class='ocrx_word' id='word_1_756' title='bbox 2194 5084 2353 5135; x_wconf 90' lang='lat' dir='ltr'><strong>modo</strong></span> <span class='ocrx_word' id='word_1_757' title='bbox 2380 5085 2609 5139; x_wconf 69' lang='lat' dir='ltr'><strong>(eterna?</strong></span> <span class='ocrx_word' id='word_1_758' title='bbox 2639 5084 2737 5138; x_wconf 89' lang='lat' dir='ltr'><strong>nisi</strong></span> <span class='ocrx_word' id='word_1_759' title='bbox 2763 5084 2897 5139; x_wconf 90' lang='lat' dir='ltr'><strong>forte</strong></span> <span class='ocrx_word' id='word_1_760' title='bbox 2921 5095 3042 5140; x_wconf 89' lang='lat' dir='ltr'><strong>ante</strong></span> <span class='ocrx_word' id='word_1_761' title='bbox 3067 5088 3244 5142; x_wconf 90' lang='lat' dir='ltr'><strong>omnia</strong></span> <span class='ocrx_word' id='word_1_762' title='bbox 3266 5096 3525 5157; x_wconf 80' lang='lat' dir='ltr'><strong>tempora,</strong></span> <span class='ocrx_word' id='word_1_763' title='bbox 3556 5091 3783 5160; x_wconf 81' lang='lat' dir='ltr'><strong>intelligi</strong></span> 
     </span>
    </p>
   </div>
   <div class='ocr_carea' id='block_1_107' title="bbox 2192 5172 3779 5248">
    <p class='ocr_par' dir='ltr' id='par_1_107' title="bbox 2192 5172 3779 5248">
     <span class='ocr_line' id='line_1_107' title="bbox 2192 5172 3779 5248; baseline 0.008 -26"><span class='ocrx_word' id='word_1_764' title='bbox 2192 5172 2376 5225; x_wconf 73' lang='lat' dir='ltr'><strong>voluit.</strong></span> <span class='ocrx_word' id='word_1_765' title='bbox 2407 5174 2537 5239; x_wconf 87' lang='lat' dir='ltr'><strong>Quia</strong></span> <span class='ocrx_word' id='word_1_766' title='bbox 2569 5174 2614 5228; x_wconf 90' lang='lat' dir='ltr'><strong>si</strong></span> <span class='ocrx_word' id='word_1_767' title='bbox 2655 5175 2897 5237; x_wconf 79' lang='lat' dir='ltr'><strong>dixisset,</strong></span> <span class='ocrx_word' id='word_1_768' title='bbox 2943 5175 3077 5229; x_wconf 79' lang='lat' dir='ltr'><strong>Ante</strong></span> <span class='ocrx_word' id='word_1_769' title='bbox 3108 5186 3369 5247; x_wconf 85' lang='lat' dir='ltr'><strong>tempora,</strong></span> <span class='ocrx_word' id='word_1_770' title='bbox 3410 5194 3584 5248; x_wconf 85' lang='lat' dir='ltr'><strong>neque</strong></span> <span class='ocrx_word' id='word_1_771' title='bbox 3618 5181 3779 5234; x_wconf 83' lang='lat' dir='ltr'><strong>addi-</strong></span> 
     </span>
    </p>
   </div>
   <div class='ocr_carea' id='block_1_108' title="bbox 2193 5261 3777 5342">
    <p class='ocr_par' dir='ltr' id='par_1_108' title="bbox 2193 5261 3777 5342">
     <span class='ocr_line' id='line_1_108' title="bbox 2193 5261 3777 5342; baseline 0.008 -28"><span class='ocrx_word' id='word_1_772' title='bbox 2193 5261 2378 5327; x_wconf 88' lang='lat' dir='ltr'><strong>dissct,</strong></span> <span class='ocrx_word' id='word_1_773' title='bbox 2407 5274 2627 5325; x_wconf 76' lang='lat' dir='ltr'><strong>:cterna.</strong></span> <span class='ocrx_word' id='word_1_774' title='bbox 2663 5277 2841 5333; x_wconf 82' lang='lat' dir='ltr'><strong>posset</strong></span> <span class='ocrx_word' id='word_1_775' title='bbox 2870 5266 3038 5338; x_wconf 89' lang='lat' dir='ltr'><strong>accipi</strong></span> <span class='ocrx_word' id='word_1_776' title='bbox 3075 5280 3202 5324; x_wconf 89' lang='lat' dir='ltr'><strong>ante</strong></span> <span class='ocrx_word' id='word_1_777' title='bbox 3232 5271 3474 5340; x_wconf 76' lang='lat' dir='ltr'><strong>qumdam</strong></span> <span class='ocrx_word' id='word_1_778' title='bbox 3512 5282 3777 5342; x_wconf 75' lang='lat' dir='ltr'><strong>tempora,</strong></span> 
     </span>
    </p>
   </div>
   <div class='ocr_carea' id='block_1_109' title="bbox 2196 5355 3775 5427">
    <p class='ocr_par' dir='ltr' id='par_1_109' title="bbox 2196 5355 3775 5427">
     <span class='ocr_line' id='line_1_109' title="bbox 2196 5355 3775 5427; baseline 0.007 -23"><span class='ocrx_word' id='word_1_779' title='bbox 2196 5369 2313 5421; x_wconf 75' lang='lat' dir='ltr'><strong>quae</strong></span> <span class='ocrx_word' id='word_1_780' title='bbox 2342 5363 2465 5408; x_wconf 87' lang='lat' dir='ltr'><strong>ante</strong></span> <span class='ocrx_word' id='word_1_781' title='bbox 2503 5368 2564 5410; x_wconf 84' lang='lat' dir='ltr'><strong>se</strong></span> <span class='ocrx_word' id='word_1_782' title='bbox 2606 5355 2867 5414; x_wconf 87' lang='lat' dir='ltr'><strong>haberent</strong></span> <span class='ocrx_word' id='word_1_783' title='bbox 2908 5359 3010 5413; x_wconf 70' lang='lat' dir='ltr'><strong>alia</strong></span> <span class='ocrx_word' id='word_1_784' title='bbox 3058 5369 3326 5427; x_wconf 84' lang='lat' dir='ltr'><strong>tempora;</strong></span> <span class='ocrx_word' id='word_1_785' title='bbox 3366 5372 3563 5415; x_wconf 74' lang='lat' dir='ltr'><strong>:rterna</strong></span> <span class='ocrx_word' id='word_1_786' title='bbox 3596 5373 3775 5416; x_wconf 87' lang='lat' dir='ltr'><strong>autem</strong></span> 
     </span>
    </p>
   </div>
   <div class='ocr_carea' id='block_1_110' title="bbox 2195 5444 3777 5521">
    <p class='ocr_par' dir='ltr' id='par_1_110' title="bbox 2195 5444 3777 5521">
     <span class='ocr_line' id='line_1_110' title="bbox 2195 5444 3777 5521; baseline 0.005 -26"><span class='ocrx_word' id='word_1_787' title='bbox 2195 5444 2382 5497; x_wconf 86' lang='lat' dir='ltr'><strong>maluit</strong></span> <span class='ocrx_word' id='word_1_788' title='bbox 2394 5445 2591 5510; x_wconf 89' lang='lat' dir='ltr'><strong>dicere,</strong></span> <span class='ocrx_word' id='word_1_789' title='bbox 2608 5462 2766 5512; x_wconf 87' lang='lat' dir='ltr'><strong>quam</strong></span> <span class='ocrx_word' id='word_1_790' title='bbox 2782 5448 3259 5521; x_wconf 85' lang='lat' dir='ltr'><strong>omnino[omnia],</strong></span> <span class='ocrx_word' id='word_1_791' title='bbox 3279 5450 3504 5505; x_wconf 82' lang='lat' dir='ltr'><strong>fortasse</strong></span> <span class='ocrx_word' id='word_1_792' title='bbox 3519 5452 3638 5505; x_wconf 80' lang='lat' dir='ltr'><strong>ideo</strong></span> <span class='ocrx_word' id='word_1_793' title='bbox 3652 5454 3777 5521; x_wconf 69' lang='lat' dir='ltr'><strong>quia</strong></span> 
     </span>
    </p>
   </div>
   <div class='ocr_carea' id='block_1_111' title="bbox 2194 5539 3780 5611">
    <p class='ocr_par' dir='ltr' id='par_1_111' title="bbox 2194 5539 3780 5611">
     <span class='ocr_line' id='line_1_111' title="bbox 2194 5539 3780 5611; baseline 0.005 -23"><span class='ocrx_word' id='word_1_794' title='bbox 2194 5544 2403 5605; x_wconf 86' lang='lat' dir='ltr'><strong>tempus</strong></span> <span class='ocrx_word' id='word_1_795' title='bbox 2442 5553 2545 5591; x_wconf 86' lang='lat' dir='ltr'><strong>non</strong></span> <span class='ocrx_word' id='word_1_796' title='bbox 2584 5539 2745 5606; x_wconf 72' lang='lat' dir='ltr'><strong>cmpit</strong></span> <span class='ocrx_word' id='word_1_797' title='bbox 2776 5554 2840 5594; x_wconf 75' lang='lat' dir='ltr'><strong>ex</strong></span> <span class='ocrx_word' id='word_1_798' title='bbox 2885 5549 3146 5609; x_wconf 88' lang='lat' dir='ltr'><strong>tempore.</strong></span> <span class='ocrx_word' id='word_1_799' title='bbox 3191 5544 3270 5597; x_wconf 82' lang='lat' dir='ltr'><strong>Au</strong></span> <span class='ocrx_word' id='word_1_800' title='bbox 3305 5550 3502 5597; x_wconf 81' lang='lat' dir='ltr'><strong>:cterna</strong></span> <span class='ocrx_word' id='word_1_801' title='bbox 3537 5552 3697 5611; x_wconf 70' lang='lat' dir='ltr'><strong>tempt</strong></span> <span class='ocrx_word' id='word_1_802' title='bbox 3722 5560 3780 5596; x_wconf 90' lang='lat' dir='ltr'><strong>ra</strong></span> 
     </span>
    </p>
   </div>
   <div class='ocr_carea' id='block_1_112' title="bbox 2193 5626 3780 5701">
    <p class='ocr_par' dir='ltr' id='par_1_112' title="bbox 2193 5626 3780 5701">
     <span class='ocr_line' id='line_1_112' title="bbox 2193 5626 3780 5701; baseline 0.006 -22"><span class='ocrx_word' id='word_1_803' title='bbox 2193 5640 2365 5679; x_wconf 73' lang='lat' dir='ltr'><strong>tevum</strong></span> <span class='ocrx_word' id='word_1_804' title='bbox 2397 5626 2719 5697; x_wconf 78' lang='lat' dir='ltr'><strong>significavit</strong></span> <span class='ocrx_word' id='word_1_805' title='bbox 2751 5648 2765 5684; x_wconf 88' lang='lat'><strong>:</strong></span> <span class='ocrx_word' id='word_1_806' title='bbox 2798 5631 2934 5684; x_wconf 79' lang='lat' dir='ltr'><strong>intrr</strong></span> <span class='ocrx_word' id='word_1_807' title='bbox 2961 5632 3100 5699; x_wconf 87' lang='lat' dir='ltr'><strong>quod</strong></span> <span class='ocrx_word' id='word_1_808' title='bbox 3133 5643 3181 5687; x_wconf 90' lang='lat' dir='ltr'><strong>et</strong></span> <span class='ocrx_word' id='word_1_809' title='bbox 3217 5642 3423 5700; x_wconf 88' lang='lat' dir='ltr'><strong>tempus</strong></span> <span class='ocrx_word' id='word_1_810' title='bbox 3453 5635 3552 5687; x_wconf 86' lang='lat' dir='ltr'><strong>hoc</strong></span> <span class='ocrx_word' id='word_1_811' title='bbox 3587 5635 3780 5701; x_wconf 86' lang='lat' dir='ltr'><strong>distat,</strong></span> 
     </span>
    </p>
   </div>
   <div class='ocr_carea' id='block_1_113' title="bbox 2194 5720 3602 5796">
    <p class='ocr_par' dir='ltr' id='par_1_113' title="bbox 2194 5720 3602 5796">
     <span class='ocr_line' id='line_1_113' title="bbox 2194 5720 3602 5796; baseline 0.005 -22"><span class='ocrx_word' id='word_1_812' title='bbox 2194 5720 2333 5791; x_wconf 88' lang='lat' dir='ltr'><strong>quod</strong></span> <span class='ocrx_word' id='word_1_813' title='bbox 2359 5720 2485 5775; x_wconf 79' lang='lat' dir='ltr'><strong>illud</strong></span> <span class='ocrx_word' id='word_1_814' title='bbox 2517 5723 2707 5779; x_wconf 72' lang='lat' dir='ltr'><strong>stabile</strong></span> <span class='ocrx_word' id='word_1_815' title='bbox 2735 5734 2835 5792; x_wconf 86' lang='lat' dir='ltr'><strong>est,</strong></span> <span class='ocrx_word' id='word_1_816' title='bbox 2863 5734 3070 5796; x_wconf 88' lang='lat' dir='ltr'><strong>tempus</strong></span> <span class='ocrx_word' id='word_1_817' title='bbox 3098 5733 3274 5780; x_wconf 89' lang='lat' dir='ltr'><strong>autem</strong></span> <span class='ocrx_word' id='word_1_818' title='bbox 3306 5726 3602 5782; x_wconf 68' lang='lat' dir='ltr'><strong>mutabile?</strong></span> 
     </span>
    </p>
   </div>
  </div>
