4020 6190
258 250 385 309 1081

706 345 933 416 Carm
973 357 1389 414 cccxxxvm.

259 457 332 512 De
352 460 554 510 homine
574 454 711 524 [acto
755 454 823 506 ad
858 452 1205 524 inmginem‘ct
1227 450 1611 503 similitudinem
1637 430 1762 513 Dei;
1783 467 1847 505 ea:

869 528 1046 574 eodem
1085 520 1234 574 libro.

325 638 461 693 Cum
512 636 825 692 interiorem
875 644 928 689 et
974 634 1297 689 exteriorem
1344 634 1615 688 hominem
1664 634 1847 689 divina

254 730 531 798 Scriptura
560 733 968 788 commemoret,
988 724 1107 779 etin
1134 736 1335 777 tantum
1356 740 1448 779 eos
1474 724 1763 790 di~eernat,
1793 732 1851 778 ut

255 823 321 875 ab
366 818 630 889 Apostolo
662 816 865 870 dictum
889 816 959 867 sit
991 830 1003 867 :
1040 814 1103 868 Et
1133 813 1177 867 si
1208 817 1444 868 exterior
1475 814 1635 867 homo
1669 825 1853 868 noster

257 910 648 979 corrumpitur,
676 905 772 961 sed
804 905 1030 959 interior
1062 916 1349 957 renovatur
1379 904 1447 958 de
1472 903 1558 958 die
1581 904 1634 958 in
1668 904 1807 958 diem
1834 920 1849 957 :

254 1000 421 1071 qnzeri
454 1008 627 1069 potest
674 1008 849 1050 utrum
883 1011 1016 1049 unus
1046 994 1236 1049 horum
1297 996 1468 1050 factus
1511 994 1582 1048 sit
1621 994 1687 1048 ad
1720 995 1853 1049 ima-

258 1096 438 1163 ginem
466 1102 521 1147 et
549 1087 955 1144 similitudinem
991 1086 1115 1152 Dei;
1142 1100 1263 1140 nam
1298 1086 1425 1141 illud
1453 1101 1695 1155 quaerere
1724 1086 1855 1139 stul-

257 1199 369 1240 tum
422 1193 523 1245 est.
568 1183 611 1237 si
664 1197 803 1236 unus
841 1190 960 1249 quts
1009 1180 1250 1233 horum?
1294 1178 1424 1244 Quis
1463 1178 1609 1233 enim
1648 1179 1858 1233 dubitat

257 1292 381 1331 eum
417 1274 591 1343 potius
637 1273 726 1341 qui
769 1279 1083 1339 renovatur,
1129 1284 1287 1339 quam
1322 1285 1444 1323 eum
1490 1270 1579 1339 qui
1615 1285 1858 1325 corrum—

260 1367 409 1436 pitur
448 1364 667 1419 dicere?
714 1372 891 1416 utrum
942 1372 1122 1417 autem
1171 1361 1353 1425 ambo,
1397 1377 1585 1448 magna
1631 1365 1858 1432 quarstio

262 1466 367 1511 est.
404 1454 536 1509 Nam
577 1452 668 1526 [si]
698 1453 936 1507 exterior
968 1452 1128 1506 homo
1172 1462 1253 1507 est
1301 1452 1495 1521 Adam,
1535 1465 1591 1508 et
1635 1454 1859 1509 interior

261 1549 536 1612 Christus,
570 1548 709 1601 bene
748 1545 906 1599 ambo
942 1544 1337 1613 intelliguntur.
1379 1543 1484 1599 Sed
1524 1559 1643 1599 cum
1690 1544 1855 1599 Adam

261 1638 405 1692 sicut
434 1652 463 1689 a
494 1636 606 1690 Deo
640 1636 810 1688 factus
850 1642 931 1687 cst
962 1632 1157 1698 bonus,
1191 1648 1297 1687 non
1342 1634 1619 1697 manserit,
1649 1643 1703 1688 et
1731 1633 1855 1687 dili-

1376 244 1803 303 TIIESAURUS.
1845 246 2000 304 CAP.
2040 246 2424 303 CCCXXXIX.

3401 254 3535 311 “‘69

1875 369 1921 422 Α
1951 361 1995 414 si
2026 360 2267 416 exlerior
2298 361 2480 428 homo,
2519 360 2628 413 vita
2656 359 2740 413 illa
2785 359 3043 430 accipitur
3082 376 3182 430 qna
3222 377 3316 431 per
3342 379 3535 434 corpus

1949 452 2213 505 sentimus
2237 452 2470 520 quinque
2500 450 2793 506 notissimis
2819 452 3091 518 sensibus,
3132 469 3265 521 quos
3289 471 3409 510 cum
3440 475 3535 525 pc—

1950 546 2165 599 coibus
2192 546 2452 601 habemus
2491 559 2805 601 communes
2838 562 2850 599 :
2886 560 3007 599 nam
3046 555 3101 601 et
3131 547 3242 616 ipsa
3274 548 3539 603 molestiis

1950 637 2404 705 sensibilibusque
2426 637 2884 705 persecutionibus
2906 637 3239 705 ingeruntur,
3261 641 3536 709 corrunzpi

1953 734 2129 794 potest
2161 744 2174 778 :
2213 744 2317 781 non
2362 728 2630 781 immerito
2657 737 2706 780 et
2748 727 2847 780 iste
2888 723 3047 796 [ipse]
3081 731 3241 781 homo
3273 729 3541 798 particeps

1956 816 2154 869 dicitur
2181 808 2547 870 similitudinis
2575 816 2694 883 Dei,
2727 831 2832 870 non
2865 816 3040 870 solum
3071 817 3191 885 quia
3221 819 3373 884 vivit,
3398 820 3542 889 quod

1955 908 2116 962 ctiam
2144 908 2194 963 in
2218 908 2403 963 bestiis
2421 920 2662 979 apparet,
2688 910 2779 965 sed
2801 911 3031 978 amplius
3051 912 3190 981 quod
3214 912 3277 965 ad
3305 923 3539 968 mentem

1954 1000 2285 1052 convertitur
2328 1014 2387 1055 se
2429 1010 2728 1069 regentem,
2777 1016 2935 1069 quam
2984 1002 3215 1055 illustrat
3256 1004 3541 1073 sapientia,

1956 1088 2097 1156 quod
2132 1089 2183 1141 in
2215 1088 2402 1143 bestiis
2432 1104 2539 1143 non
2573 1099 2770 1159 potest,
2804 1090 3012 1146 ratione
3052 1092 3377 1146 carentibus.
3409 1093 3546 1147 Cor-

1960 1194 2057 1249 pus
2097 1194 2309 1248 quoque
2360 1180 2613 1244 hominis,
2659 1181 2781 1249 quia
2830 1180 3005 1235 solum
3053 1180 3192 1235 inter
3233 1182 3545 1237 animalium

1960 1279 2293 1324 terrenorum
2320 1286 2567 1339 corpora,
2597 1270 2725 1341 [non
2749 1269 2997 1341 pronum]
3029 1270 3080 1325 in
3112 1273 3288 1326 alvum
3312 1281 3546 1340 prostrato

1959 1372 2069 1415 tum
2115 1370 2218 1427 est,
2252 1377 2373 1415 cum
2414 1362 2485 1415 sit
2524 1363 2757 1428 visibile,
2788 1362 2881 1417 sed
2912 1363 2978 1418 ad
3008 1363 3320 1418 intuendum
3350 1364 3546 1419 coelum

1959 1463 2220 1517 erectum,
2244 1453 2384 1522 quod
2425 1463 2507 1509 est
2538 1454 2860 1523 principium
2893 1454 3207 1519 visibilium,
3236 1469 3545 1524 quanquam

1959 1560 2066 1599 non
2107 1559 2226 1609 sua,
2255 1544 2348 1598 sed
2378 1544 2572 1598 anima:
2615 1544 2898 1613 praesentia
2948 1544 3129 1599 vivere
3156 1553 3545 1615 cognoscatur;

1964 1645 2139 1691 tamen
2168 1650 2276 1690 non
2300 1635 2481 1703 modo,
2505 1636 2630 1704 quia
2654 1645 2761 1700 est,
2792 1636 2924 1691 etin
2951 1644 3210 1705 quantum
3238 1644 3340 1697 est,
3365 1636 3547 1704 utique

259 1729 437 1797 gendo
478 1726 733 1788 carnalia,
780 1724 1012 1779 carnalis
1055 1722 1280 1778 elfectus
1323 1723 1416 1789 sit,
1468 1739 1575 1779 non
1622 1724 1850 1779 absurde
1885 1732 1931 1790 Β
1961 1728 2157 1779 i-onum
2191 1736 2295 1791 est,
2328 1726 2423 1781 sed
2465 1724 2626 1779 etiam
2657 1727 2781 1795 quia
2814 1726 2919 1781 tale
2954 1736 3057 1791 est,
3108 1734 3164 1780 ut
3207 1726 3275 1780 ad
3307 1736 3548 1781 contem-

261 1819 433 1873 videri
494 1827 668 1886 potest
712 1815 814 1870 hoc
862 1815 1035 1884 ipsum
1082 1813 1133 1869 ei
1187 1814 1350 1869 fuisse
1396 1828 1581 1869 carere
1626 1814 1853 1883 imagine

269 1909 388 1974 Dei,
420 1916 475 1962 et
512 1905 917 1960 similitudinem
948 1905 1219 1971 amittere,
1260 1919 1323 1959 ac
1363 1919 1458 1974 per
1490 1906 1590 1959 hoc
1619 1905 1730 1974 ipse
1769 1920 1855 1960 re-

263 2007 514 2063 novatur,
540 2007 596 2052 et
619 1998 730 2063 ipse
750 2004 832 2051 est
854 1995 1014 2050 etiam
1038 1995 1285 2050 interior.
1312 1995 1593 2062 Quomodo
1622 2010 1750 2064 ergo
1772 2004 1855 2050 est

262 2093 377 2162 ipse
408 2090 687 2146 exteriori
728 2105 795 2143 an
840 2089 1136 2143 secundum
1166 2102 1383 2156 corpus,
1425 2100 1483 2143 ut
1529 2098 1585 2143 et
1629 2088 1857 2142 interior

265 2186 334 2239 sit
369 2183 667 2240 secundum
700 2182 955 2251 animam,
990 2192 1046 2237 et
1090 2182 1312 2236 interior
1343 2184 1415 2236 sit
1453 2182 1779 2238 resurrectio
1804 2190 1860 2237 et

265 2276 568 2342 renovatio,
620 2289 739 2344 quae
786 2288 927 2328 nunc
956 2274 1011 2327 ﬁt
1058 2274 1356 2328 secundum
1390 2283 1616 2329 mortem
1665 2275 1859 2343 prioris

263 2369 411 2431 vitae,
450 2366 501 2420 id
548 2374 632 2420 est
673 2364 900 2433 peccati,
952 2374 1008 2419 et
1050 2366 1345 2419 secundum
1396 2365 1857 2434 regenerationem

265 2473 422 2512 nova:
449 2457 592 2521 vita,
620 2456 673 2510 id
708 2465 813 2521 est,
841 2456 1100 2524 justitiaa;
1128 2471 1264 2525 quos
1295 2457 1419 2509 item
1449 2457 1587 2512 duos
1615 2459 1861 2514 homines

263 2554 339 2607 sic
365 2551 629 2621 appellat,
648 2558 706 2604 ut
726 2564 890 2603 unum
912 2556 1146 2603 veterem
1170 2564 1328 2617 quem
1354 2549 1611 2604 debemus
1634 2564 1856 2616 emere,

264 2643 491 2697 alterum
535 2654 759 2703 novum,
808 2649 867 2693 et
906 2653 1029 2693 eum
1077 2638 1403 2693 induendum
1450 2654 1859 2696 commemoret.

264 2733 504 2800 Quorum
535 2744 725 2786 rursus
751 2730 903 2785 illum
933 2730 1169 2798 appellat
1198 2730 1486 2798 imaginem
1521 2733 1720 2786 terreni
1761 2733 1863 2788 ho-

269 2824 461 2892 minis,
486 2822 605 2893 quia
639 2821 931 2877 secundum
974 2829 1249 2889 peccatum
1300 2820 1456 2890 primi
1491 2822 1724 2878 hominis
1770 2837 1864 2893 ge-

276 2914 437 2979 ritur,
485 2913 577 2984 qui
627 2921 710 2968 est
758 2912 959 2976 Adam;
1008 2912 1236 2966 alterum
1282 2913 1569 2983 imaginem
1626 2914 1867 2970 caelestis

275 3003 535 3066 hominis,
566 3002 687 3072 quia
731 3002 1021 3057 secundum
1065 3000 1329 3070 justitiam
1369 3003 1587 3057 secundi
1636 3004 1869 3059 hominis

1957 1817 2211 1886 plandum
2243 1818 2438 1872 coelum
2470 1817 2539 1871 sit
2559 1819 2754 1886 aptius,
2778 1818 2946 1888 magis
2975 1818 3025 1871 in
3051 1820 3153 1871 hoc
3172 1818 3237 1870 ad
3262 1818 3548 1886 imaginem

1956 1916 2013 1961 et
2050 1908 2454 1962 similitudinem
2500 1908 2616 1974 Dei,
2648 1922 2808 1977 quam
2854 1920 3047 1963 extera
3086 1922 3317 1977 corpora
3345 1909 3549 1962 anima-

1958 1995 2085 2049 lium
2118 1995 2316 2050 factum
2354 1997 2477 2065 jure
2505 1998 2675 2066 videri
2726 2005 2923 2066 potest.
2956 2000 2983 2050 'l
3001 2012 3158 2052 amen
3203 2000 3327 2066 quia
3367 1998 3553 2065 homo,

1959 2086 2077 2141 sine
2122 2089 2231 2141 vita
2277 2102 2383 2142 non
2430 2096 2576 2143 recte
2625 2088 2952 2158 appellatur,
2999 2104 3104 2143 non
3136 2103 3335 2158 corpus
3377 2089 3551 2143 solum

1961 2177 2124 2232 homo
2154 2180 2408 2246 exterior,
2442 2194 2617 2247 neque
2658 2180 2774 2234 sola
2827 2182 2959 2247 vita,
2993 2194 3113 2249 qua:
3164 2180 3217 2234 iu
3261 2194 3425 2235 sensu
3474 2192 3555 2235 est

1962 2269 2227 2337 corporis,
2258 2271 2352 2324 sed
2387 2280 2673 2339 utrumque
2704 2270 2862 2325 simul
2894 2273 3094 2325 rectius
3125 2270 3354 2326 fortasse
3398 2272 3554 2326 intel-

1964 2360 2164 2427 ligitur.
2216 2359 2399 2427 Neque
2447 2360 2638 2414 inscite
2695 2358 3043 2437 distinguitur
3094 2360 3237 2428 quod
3284 2360 3429 2414 aliud
3481 2362 3554 2414 sit

1964 2451 2142 2519 imago
2181 2460 2235 2506 et
2282 2450 2579 2506 similitudo
2624 2450 2742 2519 Dei,
2792 2452 2882 2521 qui
2930 2451 3090 2505 etiam
3141 2452 3281 2505 lllius
3326 2451 3552 2515 dicitur;

1963 2540 2109 2595 aliud
2136 2540 2205 2596 ad
2248 2540 2533 2612 imaginem
2561 2550 2617 2596 et
2665 2540 3077 2596 similitudinem
3108 2541 3221 2607 Dei,
3269 2542 3412 2595 sicut
3453 2542 3554 2595 ho-

1967 2634 2167 2689 minem
2196 2636 2393 2689 factum
2416 2636 2731 2703 accipimus.
2755 2636 2891 2689 Sunt
2910 2634 3073 2690 etiam
3100 2635 3191 2703 qui
3220 2649 3325 2688 non
3352 2634 3549 2689 frustra

1970 2728 2273 2797 intelligant
2300 2729 2409 2783 duo
2450 2728 2591 2783 dicta
2620 2743 2765 2795 esse,
2794 2728 2861 2783 ad
2896 2728 3186 2798 imaginem
3214 2738 3271 2783 et
3304 2728 3554 2783 similitu-

1970 2819 2175 2886 dinem,
2206 2835 2325 2875 cum
2356 2821 2401 2875 si
2432 2835 2533 2874 una
2566 2835 2654 2875 res
2680 2829 2841 2885 esset,
2878 2835 3041 2874 unum
3071 2833 3266 2874 nomen
3303 2818 3555 2875 sufficere

1973 2912 2213 2981 potuisse
2284 2922 2583 2978 asserunt;
2651 2911 2747 2966 sed
2815 2911 2881 2965 ad
2957 2911 3241 2981 imaginem
3320 2922 3555 2967 mentem

1975 3006 2169 3059 factam
2215 3004 2418 3071 volunt,
2447 3018 2569 3073 qua:
2605 3004 2749 3059 nulla
2792 3005 3106 3074 interposita
3136 3003 3454 3070 substantia,
3485 3006 3554 3060 ab

268 3094 495 3164 geritur,
522 3094 608 3161 qui
653 3102 734 3146 est
762 3090 1033 3145 Christus.
1070 3090 1314 3145 Exterior
1347 3101 1524 3145 autem
1558 3091 1742 3161 homo,
1774 3094 1862 3163 qui
1895 3105 1939 3167 ε
1973 3095 2085 3165 ipsa
2130 3095 2356 3151 veritate
2401 3096 2685 3161 formatur,
2730 3096 2823 3166 qui
2873 3099 3035 3151 etiam
3075 3096 3310 3166 Spiritus
3336 3096 3555 3165 dicitur,

272 3199 420 3239 nunc
462 3181 844 3251 corrumritur,
893 3181 1064 3235 futura
1120 3182 1523 3237 resurrectione
1578 3193 1868 3239 renovatur

271 3273 685 3349 [renovabitur],
717 3289 839 3329 cum
871 3274 1030 3328 istam
1059 3281 1289 3328 mortem
1320 3274 1667 3344 persolverit,
1705 3291 1864 3345 quam

274 3379 485 3424 natura:
511 3368 670 3423 debet
717 3367 833 3438 lege
866 3368 952 3420 illa
992 3382 1110 3435 qua:
1141 3366 1193 3421 in
1226 3366 1474 3435 paradiso
1502 3382 1597 3436 per
1629 3384 1868 3439 praecep-

276 3473 388 3517 tum
416 3460 539 3515 data
568 3469 673 3515 est.
721 3459 1005 3527 Quomodo
1046 3468 1226 3514 autem
1255 3473 1363 3512 non
1406 3460 1478 3513 sit
1516 3459 1867 3530 incongruum

273 3553 419 3623 quod
447 3552 642 3606 dicitur
682 3550 844 3605 etiam
889 3563 1087 3618 corpus
1131 3550 1331 3604 factum
1362 3549 1429 3603 ad
1461 3550 1867 3607 similitudinem

276 3645 397 3711 Dei,
424 3641 579 3696 faeife
616 3640 863 3711 intelligit
900 3640 989 3709 qui
1016 3638 1309 3711 diligenter
1332 3640 1563 3694 attendit
1588 3641 1729 3709 quod
1757 3642 1871 3696 dic—

274 3746 389 3791 tum
432 3741 517 3789 est
567 3752 581 3788 :
617 3732 682 3786 Et
711 3731 836 3786 fecit
882 3731 1023 3785 Deus
1063 3732 1243 3785 omnia
1291 3731 1429 3785 bona
1473 3732 1651 3787 valde.
1703 3732 1870 3786 Nemo

272 3829 420 3881 enim
471 3826 704 3889 dubitat,
733 3838 843 3893 quo
884 3821 1071 3896 [quod]
1098 3825 1169 3877 sit
1208 3824 1322 3892 ipse
1366 3822 1615 3891 primitus
1662 3824 1867 3889 bonus;

275 3918 465 3971 multis
513 3917 657 3972 enim
690 3916 861 3970 modis
903 3915 1008 3969 dici
1057 3923 1282 3985 possunt
1332 3928 1419 3969 res
1468 3914 1673 3969 similes
1718 3913 1866 3967 Deo:

274 4010 399 4062 alia:
428 4008 723 4063 secundum
758 4008 1007 4061 virtutem
1041 4015 1096 4061 et
1121 4003 1433 4074 sapientiam
1464 4005 1636 4073 lactat,
1664 4003 1786 4073 quia
1816 4004 1871 4057 in

277 4101 401 4169 ipso
428 4109 513 4155 est
540 4100 708 4153 virtus
745 4106 799 4153 et
832 4098 1091 4168 sapientia
1124 4112 1228 4151 non
1272 4096 1390 4150 ficta
1428 4094 1641 4167 [facta];
1670 4094 1792 4149 alia:
1819 4096 1872 4149 in

274 4203 543 4261 quantum
575 4192 746 4246 solum
788 4192 997 4255 vivunt,
1029 4190 1150 4259 quia
1183 4189 1275 4243 ille
1298 4202 1507 4243 summe
1533 4198 1587 4242 et
1627 4190 1873 4257 primitus

277 4284 444 4349 vivit;
471 4284 589 4335 alia:
618 4283 670 4335 in
703 4290 955 4349 quantum
987 4289 1135 4345 sunt,
1166 4283 1292 4346 quia
1318 4279 1409 4333 ille
1435 4294 1643 4332 summe
1671 4293 1735 4333 ac
1765 4278 1875 4346 pri-

278 4378 452 4431 mitus
480 4385 585 4431 est.
616 4377 682 4429 Et
712 4376 834 4430 ideo
866 4390 985 4445 quae
1006 4374 1373 4427 tantummodo
1398 4384 1543 4435 sunt,
1577 4388 1673 4428 nec
1697 4384 1871 4427 tamen

1972 3204 2079 3245 non
2111 3190 2200 3245 ille
2227 3190 2459 3257 Spiritus
2497 3197 2711 3244 sanctus
2740 3189 2831 3257 qui
2879 3198 2961 3243 cst
3005 3189 3119 3260 96
3159 3187 3399 3257 ejusdem
3429 3190 3557 3243 sub-

1971 3284 2206 3351 stantiae,
2236 3282 2392 3353 cujus
2422 3283 2581 3339 Pater
2615 3294 2669 3338 et
2701 3282 2891 3350 Filius,
2922 3283 3017 3337 sed
3050 3282 3269 3352 spiritus
3297 3282 3557 3345 hominis;

1973 3390 2095 3429 nam
2129 3377 2201 3428 ita
2248 3374 2507 3429 diacernit
2559 3375 2657 3428 hos
2702 3373 2995 3444 Apostolus
3038 3387 3208 3427 :nam
3256 3388 3415 3428 nemo
3463 3374 3561 3431 scit

1971 3464 2098 3535 quid
2152 3472 2343 3535 agatur
2392 3467 2445 3519 in
2499 3464 2739 3529 homine,
2782 3464 2884 3519 nisi
2928 3464 3149 3534 spiritus
3202 3463 3469 3529 hominis;
3511 3473 3563 3520 et

1974 3572 2134 3614 nemo
2164 3559 2266 3615 scit
2290 3558 2417 3628 quid
2439 3567 2630 3628 agatur
2652 3558 2703 3613 in
2738 3557 2870 3625 Deo,
2902 3558 3003 3612 nisi
3034 3555 3269 3627 Spiritus
3293 3556 3407 3611 Dei.
3433 3555 3564 3611 Item

1974 3660 2043 3709 de
2080 3655 2272 3722 spiritu
2323 3653 2558 3708 hominis
2604 3652 2736 3707 dicit
2779 3669 2794 3706 :
2844 3648 3063 3706 Salvum
3109 3650 3270 3704 faciet
3316 3649 3562 3717 spiritum

1974 3756 2239 3811 vestrum,
2272 3745 2507 3798 animam
2538 3751 2594 3796 et
2630 3756 2859 3810 corpus;
2887 3750 2943 3795 et
2972 3742 3071 3794 iste
3105 3741 3250 3795 enim
3284 3738 3458 3792 factus
3485 3749 3565 3794 est

1973 3852 2003 3891 a
2036 3838 2166 3903 Deo,
2201 3839 2340 3891 sicut
2369 3846 2560 3890 caetera
2598 3846 2867 3889 creatura.
2911 3833 3182 3901 Scriptura
3215 3842 3296 3887 est
3334 3832 3478 3887 enim
3512 3832 3562 3885 in

1975 3928 2282 3983 Proverbiis
2308 3944 2323 3981 :
2357 3928 2469 3982 Hoc
2490 3927 2649 3980 modo
2670 3926 2807 3980 scito
2833 3926 3082 3995 quoniam
3122 3924 3381 3978 Dominus
3402 3923 3563 3979 corda

1976 4020 2215 4075 omnium
2248 4021 2414 4083 novit,
2457 4030 2509 4073 et
2540 4018 2629 4087 qui
2681 4016 2833 4071 finxit
2867 4018 3119 4083 Spiritum
3151 4015 3423 4081 omnibus,
3454 4016 3567 4084 ipse

1977 4113 2079 4168 scit
2106 4113 2306 4166 omnia.
2341 4111 2480 4181 Ergo
2512 4111 2612 4165 iste
2642 4110 2859 4178 Spiritus
2887 4108 2954 4162 ad
2988 4109 3274 4177 imag’nem
3307 4107 3397 4160 Dei
3423 4110 3510 4160 nul
3535 4122 3568 4158 o

1978 4206 2256 4261 dubitante
2308 4202 2480 4257 factus
2525 4203 2807 4270 accipitur,
2839 4202 2892 4256 in
2930 4216 3036 4269 quo
3082 4207 3166 4253 est
3219 4199 3566 4267 intelligemus

1980 4295 2254 4361 veritatis;
2305 4295 2471 4348 lueret
2538 4294 2680 4348 enim
2750 4292 3006 4356 veritati,
3058 4290 3201 4345 nulla
3253 4288 3567 4357 interposita

1980 4399 2246 4444 creatura.
2278 4386 2486 4440 Caetera
2524 4383 2751 4437 hominis
2782 4382 2847 4437 ad
2884 4380 3286 4436 similitudinem
3318 4377 3454 4432 facta
3488 4375 3567 4429 vi-

279 4473 472 4522 vivunt
501 4478 591 4521 aut
612 4468 845 4537 sapiunt,
874 4482 977 4520 non
1005 4466 1282 4535 perfectae,
1306 4466 1398 4519 sed
1427 4467 1633 4535 exigua:
1663 4476 1785 4520 sunt
1807 4466 1870 4519 ad
1907 4484 1956 4544 ι)
1982 4480 2099 4536 deri
2131 4480 2334 4542 γοιυηι,
2375 4477 2499 4546 quia
2530 4476 2704 4529 omnis
2743 4474 2959 4543 quidem
3006 4473 3182 4542 imago
3218 4469 3415 4523 similis
3458 4478 3565 4532 est,

279 4558 692 4614 similitudinem
722 4557 861 4627 ejus,
894 4558 1017 4627 quia
1044 4567 1099 4611 et
1131 4556 1243 4626 ipsa
1277 4558 1415 4610 bona
1447 4566 1571 4610 sunt
1600 4556 1653 4610 in
1689 4557 1878 4611 ordino

280 4671 407 4717 suo,
439 4668 563 4707 cum
602 4652 672 4707 sit
716 4652 801 4705 ille
840 4666 1004 4720 super
1043 4650 1225 4705 omnia
1273 4649 1465 4714 bonus,
1512 4663 1541 4701 a
1586 4662 1693 4717 quo
1740 4648 1878 4702 bona

277 4756 451 4809 sunt;
483 4746 662 4800 omnia
695 4758 822 4799 vero
851 4758 973 4814 quas
1001 4745 1186 4796 vivunt
1213 4750 1267 4796 et
1316 4755 1422 4795 non
1454 4739 1685 4809 sapiunt,
1719 4742 1879 4809 paulo

281 4842 526 4910 amplius
557 4839 881 4909 participant
908 4835 1333 4892 similitudinem.
1368 4833 1523 4902 Quod
1551 4834 1693 4888 enim
1722 4833 1877 4899 vivit,

280 4932 455 4987 etiam
487 4941 600 4997 est;
628 4945 733 4985 non
760 4939 936 4983 autem
962 4927 1219 4998 quidquid
1249 4936 1352 4991 est,
1384 4926 1545 4981 etiam
1577 4925 1727 4978 vivit.
1759 4923 1879 4980 1am

284 5040 459 5096 porro
485 5038 605 5094 qua:
628 5023 867 5093 sapiunt,
898 5022 971 5075 ita
998 5019 1075 5074 illi
1097 5009 1583 5073 similitudini’sunt
1617 5017 1881 5085 proxima,

285 5129 350 5175 ιιι
377 5120 434 5173 in
467 5117 730 5173 creaturis
760 5114 887 5169 nihil
915 5114 984 5169 sit
1008 5110 1379 5183 propinquius.
1411 5109 1563 5177 Quod
1590 5109 1734 5165 enim
1767 5123 1887 5178 par—

285 5213 482 5281 ticipat
508 5209 813 5279 sapientiae,
836 5216 891 5261 et
922 5204 1077 5269 vivit,
1108 5212 1163 5259 et
1197 5210 1312 5264 est;
1343 5200 1487 5270 quod
1517 5209 1698 5255 autem
1733 5199 1882 5263 vivit,

283 5316 521 5359 necesse
550 5312 632 5356 est
668 5311 723 5355 ut
752 5300 841 5365 sit,
873 5314 981 5354 non
1030 5310 1253 5351 necesse
1282 5303 1367 5351 est
1395 5303 1452 5348 ut
1479 5294 1671 5364 sapiat.
1705 5292 1885 5359 Quare

282 5412 419 5452 cum
445 5395 607 5448 homo
634 5392 802 5460 jossit
832 5392 1098 5462 particeps
1116 5403 1237 5444 esse
1261 5385 1558 5457 sapientiae,
1584 5386 1883 5440 secundum

285 5487 610 5543 interiorem
662 5485 956 5552 hominem,
990 5483 1283 5539 secundum
1329 5481 1525 5549 ipsum,
1578 5480 1650 5533 ita
1697 5485 1780 5532 est
1819 5478 1887 5533 ad

289 5576 585 5644 imaginem
620 5573 785 5647 [Dei].
818 5584 874 5628 ut
919 5574 1062 5628 nulla
1093 5581 1281 5627 natura
1330 5570 1644 5639 interposita
1686 5568 1889 5623 forme-

293 5674 425 5727 tur,
459 5673 513 5720 et
559 5666 679 5720 ideo
708 5664 838 5719 nihil
879 5665 990 5720 Deo
1028 5661 1364 5733 conjunctius
1400 5676 1416 5715 :
1451 5670 1504 5714 ct
1543 5661 1684 5729 sapit
1718 5660 1887 5724 enim,

295 5768 357 5812 et
386 5757 537 5828 vivit,
568 5765 624 5815 et
667 5765 778 5824 est;
810 5772 914 5829 qua
940 5764 1185 5814 creatura
1216 5751 1349 5810 nihil
1375 5760 1457 5808 est
1488 5751 1702 5808 melius.
1736 5750 1891 5819 Quod

1984 4589 2088 4628 non
2119 4581 2296 4627 autem
2329 4583 2489 4625 omne
2530 4567 2670 4636 quod
2699 4566 2876 4621 simile
2910 4574 3014 4631 est,
3044 4564 3205 4617 etiam
3239 4562 3415 4630 imago
3445 4574 3567 4627 pro-

1984 4665 2121 4734 prie,
2146 4661 2243 4717 sed
2275 4663 2412 4715 forte
2442 4659 2663 4713 abusive
2689 4656 2792 4711 dici
2822 4662 3015 4724 potest.
3047 4652 3156 4709 Sed
3182 4650 3483 4708 cavendum
3516 4649 3570 4704 in

1986 4756 2180 4811 talibus
2229 4768 2298 4809 ne
2342 4751 2467 4822 quid
2500 4750 2661 4805 nimis
2711 4746 3126 4804 asseverandum
3169 4754 3432 4814 putetur:
3478 4743 3571 4799 illa

1983 4861 2045 4901 re
2092 4860 2224 4901 sane
2274 4844 2565 4899 salubriter
2616 4840 2903 4905 custodita,
2958 4854 3025 4894 ne
3072 4838 3327 4908 quoniam
3374 4850 3572 4904 corpus

1990 4939 2269 5011 quodlibet
2299 4953 2395 5007 per
2439 4936 2627 4992 localia
2672 4935 2844 5005 spatia
2882 4939 3186 5003 porrectum
3216 4939 3321 4998 est,
3370 4927 3569 4997 aliquid

1990 5032 2094 5087 tale
2134 5031 2385 5086 credatur
2413 5041 2535 5084 esse
2580 5024 2884 5082 substantia
2914 5024 3006 5079 Dei
3041 5041 3055 5076 :
3089 5038 3211 5078 nam
3256 5035 3342 5076 res
3370 5033 3489 5089 quae
3517 5018 3569 5070 in

1990 5131 2143 5193 parte
2185 5121 2361 5175 minor
2387 5127 2656 5186 estquam
2706 5118 2758 5171 in
2790 5124 2924 5179 toto,
2974 5130 3074 5171 nec
3098 5112 3339 5185 dignitati
3376 5109 3571 5164 anima:

1988 5214 2269 5279 convenit;
2294 5219 2493 5282 quanto
2524 5209 2700 5263 minus
2730 5208 2993 5276 majestati
3028 5206 3147 5261 Dei!

2462 5324 2688 5382 CAPUT
2727 5319 3101 5380 CCCXXXIX.

1998 5424 2072 5478 Dc
2128 5439 2185 5476 eo
2225 5421 2361 5491 quod
2413 5421 2486 5473 ait
2516 5421 2566 5472 in
2600 5418 2876 5488 Evangelia
2923 5431 2942 5469 :
2974 5413 3136 5491 Erunt
3191 5410 3243 5461 in
3275 5424 3378 5491 uno
3420 5406 3574 5491 domo

2064 5473 2354 5546 dioisijdno
2403 5493 2643 5544 adversus
2672 5473 2794 5552 tres,
2826 5496 2873 5541 et
2919 5496 3019 5539 tres
3065 5482 3306 5535 adversus
3342 5479 3468 5531 duo.
3500 5473 3577 5530 De

2066 5565 2379 5632 expositione
2407 5561 2591 5631 psalmi
2623 5574 2763 5614 thv.

2069 5658 2363 5724 Accingere
2410 5653 2641 5723 gladium
2683 5658 2829 5703 tuum
2878 5645 3021 5700 circa
3074 5642 3264 5706 femur,
3320 5638 3580 5709 potentis-

1999 5748 2156 5806 sime.
2190 5746 2432 5804 Gladium
2468 5752 2635 5807 tu-tm,
2678 5739 2805 5812 quid
2856 5738 2956 5795 nisi
3007 5736 3225 5794 verbum
3257 5731 3443 5790 tuum?
3480 5728 3581 5786 ιιιο
