4074 6186
491 264 509 318 Ι
525 266 627 322 063

501 478 671 537 patre,
710 470 869 523 ﬁliam
898 485 926 521 a
959 477 1149 532 matre,
1181 481 1370 521 nurum
1408 480 1436 517 a
1464 479 1641 518 socru.
1678 463 1930 531 Legimus
1965 464 2080 516 haec

504 562 556 614 in
583 562 870 630 Evangelio
896 577 910 614 :
936 561 1047 614 Non
1075 559 1191 613 veni
1223 572 1408 625 pacem
1431 554 1664 620 mittere,
1689 553 1783 608 sed
1807 554 2075 622 gladium;

493 661 569 716 et,
607 651 774 706 Erunt
805 652 855 703 in
903 664 1007 703 una
1049 649 1211 702 domo
1237 648 1472 716 quinque
1517 645 1801 699 adversum
1849 644 1981 708 duo,
2024 654 2081 696 et

489 742 622 793 alneis
643 741 920 792 adversum
943 748 1084 801 tres;
1110 747 1163 791 et
1193 745 1300 791 tres
1328 736 1614 790 adversum
1640 732 1778 788 duas
1810 743 1971 787 erunt
1999 734 2080 786 di-

497 830 615 892 \isi,
668 829 716 881 id
749 840 850 893 εει,
896 814 1033 880 ﬁlius
1080 827 1336 881 adversus
1382 836 1584 895 patrem
1618 839 1795 887 suum,
1826 824 1932 877 lilia
1981 822 2080 876 ad-

491 934 679 972 VchllS
711 927 933 971 matrem
963 932 1135 984 suam,
1167 932 1332 970 nurus
1358 914 1620 969 adversus
1649 929 1863 968 socrum
1901 928 2076 967 suam.

497 1009 623 1063 “me
652 1010 865 1074 divisio,
896 1024 1000 1077 quo
1025 1008 1201 1078 gladio
1233 1007 1367 1062 facta
1399 1018 1483 1061 est
1506 1007 1755 1060 Christus
1784 1005 1983 1060 attulit.
2019 1006 2082 1058 Et

493 1117 707 1167 revera,
742 1100 958 1169 fratres,
991 1102 1148 1153 etiam
1182 1099 1509 1168 quotidianis
1539 1096 1802 1165 exemplis
1832 1097 2079 1150 videmus

492 1194 629 1249 haec.
658 1194 836 1248 Placet
855 1194 1038 1262 juveni
1069 1190 1226 1246 alicui
1256 1191 1462 1245 servire
1487 1189 1618 1254 Deo,
1647 1189 1892 1256 displicet
1917 1188 2075 1256 patri,

487 1283 645 1337 divisi
701 1293 826 1337 sunt
872 1282 1153 1337 adversum
1204 1295 1263 1335 se
1305 1295 1320 1333 :
1364 1280 1451 1333 ille
1499 1278 1760 1347 promittit
1812 1286 2078 1331 terrenam

490 1374 884 1440 baereditatcm,
924 1375 1013 1427 ille
1059 1383 1203 1427 amat
1247 1375 1557 1435 caelestem;
1607 1369 1750 1423 aliud
1782 1370 1882 1423 iste
1923 1370 2077 1436 polli-

487 1472 655 1525 cetur,
688 1462 831 1516 aliud
864 1462 954 1517 ille
984 1462 1162 1531 elegit.
1202 1460 1317 1515 Non
1366 1458 1466 1515 sibi
1501 1467 1651 1526 putet
1698 1468 1852 1527 pater
1882 1458 2075 1511 factam

416 1594 419 1595 ν
488 1552 759 1620 injuriam,
790 1554 929 1608 Deus
972 1554 1120 1608 solus
1150 1552 1226 1607 illi
1255 1552 1565 1621 prtefertur;
1608 1558 1662 1604 et
1687 1559 1866 1603 tamen
1911 1550 2079 1617 litigat

488 1660 610 1699 eum
659 1644 769 1698 ﬁlio
816 1648 1033 1699 volente
1071 1648 1275 1699 servire
1308 1644 1416 1698 Deo
1464 1661 1476 1694 :
1512 1641 1605 1696 sed
1655 1639 1844 1695 fortior
1872 1650 1954 1695 est
1988 1640 2079 1695 ille

1565 261 1628 315 D.
1670 258 1986 317 EUGYPPil
2026 258 2319 316 ABBATIS
2366 255 2689 313 AFRICANI

493 381 674 450 gladio
721 378 908 435 stravit
949 378 1224 442 inimicos;
1255 376 1349 430 illo
1389 374 1564 445 gladio
1592 375 1776 428 divisit
1829 374 1993 428 ﬁlium
2044 389 2071 426 a
2104 384 2152 442 Α

3638 261 3770 312 ίυῦι

2718 368 2944 426 CAPUT
2986 368 3229 424 CCCXL.

2187 484 2263 537 De
2306 485 2471 555 magis
2514 481 2837 555 Pharaonis,
2883 491 2930 535 et
2970 498 3062 555 cur
3096 482 3347 555 qu‘azdant
3363 483 3611 537 miracula
3641 486 3777 550 fere-

2254 550 2409 636 rant,
2450 556 2581 607 sicut
2624 552 2829 622 Moyses
2875 553 3097 621 famulus
3144 553 3257 606 Dei.
3303 550 3385 606 Ea:
3428 555 3558 607 libro
3591 555 3775 620 Qua’s-

2256 635 2467 678 nouunh

2255 738 2367 791 Non
2399 745 2612 805 oportet
2643 735 2842 788 moveri
2870 747 2990 788 cum
3025 734 3245 799 magicis
3270 734 3475 789 artibus
3507 736 3770 790 miracula

2185 829 2318 882 ﬁttnt
2341 828 2655 896 plerumque
2679 825 2875 879 similia
2904 824 3175 878 miraculis
3199 840 3321 894 quae
3349 826 3482 878 ﬁunt
3506 841 3600 895 per
3619 842 3772 880 sanc-

2185 926 2267 971 tos
2296 931 2481 972 servos
2517 916 2643 980 Dei,
2676 916 2813 970 sicut
2855 915 3116 980 scriptum
3162 924 3245 969 est
3291 916 3343 969 in
3394 914 3583 971 Exodo
3630 918 3775 986 quod

2184 1009 2323 1076 magi
2393 1005 2684 1060 Pharaonis
2743 1004 2985 1059 fecerunt
3035 1004 3287 1057 nonnulla
3338 1004 3586 1059 similiter
3633 1007 3779 1060 sicut

2184 1099 2312 1155 fecit
2340 1099 2571 1169 Moyses.
2601 1097 2717 1151 Non
2749 1111 2876 1163 ergo
2905 1102 3120 1165 oportet
3154 1096 3266 1148 lucc
3296 1094 3478 1148 mirari
3507 1096 3630 1162 quia
3658 1112 3777 1149 om-

2183 1188 2275 1242 nia
2304 1203 2423 1257 qua:
2452 1185 2736 1239 visibiliter
2768 1186 2920 1249 ﬁunt,
2957 1186 3118 1239 etiam
3152 1199 3247 1254 per
3280 1183 3563 1239 inferiores
3592 1194 3776 1254 potes-

2185 1289 2325 1335 tates
2358 1279 2501 1334 aeris
2529 1278 2685 1347 hujus
2719 1292 2823 1330 non
2855 1276 3088 1331 absurde
3117 1274 3230 1329 ﬁeri
3263 1289 3423 1344 posse
3451 1277 3771 1330 creduntur.

2182 1372 2285 1428 Sed
2326 1374 2430 1425 hoc
2473 1372 2698 1452 interest
2740 1368 2879 1438 quod
2924 1384 3045 1422 cum
3094 1366 3263 1420 sancti
3307 1366 3427 1420 talia
3472 1364 3676 1421 faciunt
3720 1369 3773 1422 in

2183 1466 2398 1519 nomine
2432 1464 2558 1528 Dei,
2591 1462 2760 1516 Deum
2791 1463 2841 1514 in
2875 1459 3114 1513 omnium
3148 1475 3325 1513 rerum
3365 1460 3433 1514 de
3477 1460 3767 1515 sublimio-

2176 1555 2329 1610 ribus
2356 1555 2701 1626 apparatibus
2728 1552 2947 1622 jubetur
2989 1549 3261 1605 inferioris
3304 1563 3593 1605 creatum.
3636 1552 3770 1606 Cum

2181 1655 2359 1701 autem
2388 1645 2510 1699 mali
2543 1643 2789 1698 homines
2823 1641 2978 1696 malis
3004 1640 3211 1694 artibus
3237 1651 3529 1709 operantur
3553 1642 3770 1705 similia,

488 1734 701 1805 gladius
741 1734 996 1803 spiritalis
1047 1747 1326 1804 separatis,
1374 1748 1531 1802 quam
1582 1732 1840 1799 cepolans
1888 1741 2073 1783 natura
2112 1762 2157 1821 Β
2184 1738 2235 1790 in
2274 1751 2463 1790 nianns
2492 1750 2619 1789 suas
2650 1735 2864 1800 dantur,
2897 1748 3020 1787 cum
3053 1731 3415 1786 exaudiuntur
3442 1747 3469 1785 a
3512 1733 3771 1787 dtemoni-

489 1824 745 1881 carnalis.
791 1824 873 1878 Fit
899 1823 1004 1879 hoc
1028 1824 1173 1879 etde
1208 1824 1315 1877 lilia
1360 1824 1618 1878 adversus
1645 1833 1869 1876 matrem
1899 1835 2074 1885 suam,

487 1912 657 1967 multo
704 1912 872 1981 magis
918 1921 973 1967 ct
1016 1912 1083 1966 de
1131 1927 1265 1965 nuru
1314 1910 1581 1964 adversus
1616 1925 1828 1964 socrum
1879 1923 2075 1964 suam:

484 2021 617 2060 nam
644 2005 930 2075 aliquando
959 2005 1013 2059 in
1062 2020 1164 2058 una
1194 2005 1355 2059 domo
1404 2018 1570 2057 nurus
1600 2012 1655 2057 et
1695 2018 1881 2057 socrus
1928 2005 2077 2056 inve-

496 2098 741 2161 niuntur,
776 2097 1027 2151 hwretiec
1067 2096 1325 2151 catholica
1358 2095 1633 2167 [hteretica
1672 2104 1729 2150 et
1764 2093 2073 2167 catholica],

491 2198 545 2243 et
579 2190 663 2243 ubi
689 2188 897 2245 fortiter
926 2190 1183 2257 recipitur
1209 2189 1313 2244 iste
1337 2189 1569 2258 gladius,
1594 2188 2072 2256 rebaptizationem

492 2296 598 2335 non
645 2281 911 2336 timemus.
957 2280 1137 2335 Potuit
1184 2281 1348 2335 dividi
1397 2281 1504 2335 ﬁlia
1549 2281 1806 2335 adversus
1850 2289 2075 2336 matrem

491 2385 666 2436 suam,
696 2381 750 2427 et
781 2387 885 2425 non
924 2378 1099 2439 potest
1143 2386 1309 2425 nurus
1354 2371 1611 2425 adversus
1641 2385 1855 2426 socrum
1899 2386 2071 2426 suam.

492 2459 711 2514 Factum
738 2470 819 2515 est
848 2460 952 2515 hoc
971 2462 1296 2530 generaliter
1319 2462 1483 2516 etiam
1509 2464 1559 2515 in
1582 2477 1779 2531 genere
1805 2464 2072 2519 humano:

487 2551 690 2606 divisus
718 2561 800 2606 est
843 2552 981 2606 lilius
1009 2551 1266 2607 adversus
1301 2561 1542 2620 patrem;
1578 2551 1773 2607 fuimus
1806 2556 1949 2608 enim
1981 2555 2077 2608 ali-

488 2642 708 2711 quando
738 2642 829 2696 ﬁlii
872 2642 1094 2698 diaboli.
1139 2641 1450 2697 lnﬁdelibus
1479 2642 1679 2697 dictum
1710 2652 1794 2697 est
1826 2660 1838 2696 :
1890 2643 1995 2698 Vos
2043 2659 2073 2699 a

489 2740 641 2799 patre
682 2732 899 2787 diabolo
925 2734 1080 2788 estis.
1117 2732 1304 2787 Omnis
1333 2730 1620 2785 inﬁdelitas
1667 2740 1872 2799 nostra,
1914 2733 2072 2798 unde,

489 2822 591 2876 nisi
626 2836 655 2875 a
690 2832 841 2891 patre
866 2823 1116 2877 diabolo?
1146 2838 1249 2877 non
1296 2824 1387 2878 ille
1412 2822 1670 2889 creando,
1704 2824 1796 2877 sed
1830 2841 1925 2878 nos
1957 2826 2077 2879 imi-

489 2913 675 2969 tando.
712 2913 829 2969 Jam
864 2915 1025 2995 modo
1070 2914 1264 2969 videtis
1301 2914 1465 2967 ﬁlium
1513 2914 1744 2969 divisum
1788 2915 2072 2971 adversum

491 3019 696 3078 patrem
726 3028 739 3062 :
766 3009 915 3064 venit
934 3009 1149 3079 gladius
1172 3009 1283 3073 illc,
1312 3008 1581 3063 renuntiat
1604 3008 1816 3063 diabolo
1835 3051 1848 3074 ,
1874 3009 2075 3065 invenit

487 3101 651 3155 alium
681 3109 911 3171 patrem,
944 3101 1146 3156 invenit
1181 3100 1337 3154 aliam
1378 3109 1602 3154 matrem
1632 3117 1644 3152 :
1672 3100 1758 3154 ille
1786 3099 1849 3152 ad
1895 3098 2069 3153 imitar
2099 3130 2144 3193 Ο

488 3192 688 3246 tionem
711 3207 769 3247 se
789 3194 1033 3261 praebens
1055 3191 1341 3262 generabat
1361 3192 1412 3244 in
1429 3191 1680 3254 exitium;
1703 3202 1948 3260 parentes
1964 3191 2069 3245 duo

488 3296 621 3350 quos
652 3283 971 3348 invenimus,
1019 3286 1069 3336 in
1103 3283 1264 3336 vitam
1317 3290 1584 3336 terrenam
1614 3292 1892 3351 generant.
1930 3282 2071 3336 Divi-

488 3386 577 3424 sus
619 3381 707 3427 est
749 3370 896 3425 ﬁlius
945 3371 1203 3426 adversus
1257 3382 1480 3440 patrem,
1513 3370 1682 3425 divisa
1730 3382 1811 3424 est
1843 3371 1945 3425 ﬁlia
1977 3371 2070 3426 ad-

490 3476 673 3516 versus
702 3471 927 3516 matrem
954 3477 1104 3516 suam
1138 3480 1151 3515 :
1179 3463 1330 3530 plebs
1363 3462 1377 3516 i
1404 3463 1453 3516 la
1484 3478 1603 3531 qua:
1631 3462 1697 3516 de
1723 3462 1924 3517 Judteis
1951 3478 2070 3519 cre-

487 3553 642 3619 didit,
673 3554 840 3609 divisa
868 3565 951 3609 est
997 3554 1254 3609 adversus
1285 3556 1622 3625 Synagogam
1648 3573 1663 3621 ;
1693 3556 1863 3610 divisa
1894 3565 1978 3610 est
2016 3567 2071 3613 et

492 3661 661 3701 nurus
698 3646 963 3702 adversus
1008 3661 1219 3701 socrum
1271 3661 1420 3701 suam
1457 3664 1469 3699 :
1519 3646 1663 3716 plebs
1710 3646 1776 3701 de
1822 3647 2069 3716 gentibus

488 3742 730 3806 veniens,
762 3756 927 3795 nurus
955 3740 1169 3805 dicitur,
1208 3742 1328 3809 quia
1358 3740 1601 3794 Christus
1646 3753 1891 3807 sponsus,
1929 3740 2068 3793 ﬁlius

486 3829 802 3902 Synagogze.
855 3831 1008 3886 Unde
1050 3832 1196 3884 enim
1239 3840 1394 3883 natus
1439 3829 1603 3883 Filius
1636 3829 1725 3882 Dei
1776 3828 2065 3883 secundum

486 3920 735 3974 carnem?
762 3934 825 3973 ex
856 3921 943 3975 illa
973 3919 1272 3990 Synagoga.
1301 3918 1394 3973 Ille
1423 3919 1511 3987 qui
1551 3918 1755 3972 dimisit
1783 3928 1988 3987 patrem
2015 3927 2070 3973 et

486 4020 734 4080 matrem,
782 4022 838 4067 et
877 4014 1106 4068 adhaesit
1152 4014 1300 4067 uxori
1350 4027 1483 4077 sme,
1531 4021 1588 4065 ut
1639 4021 1821 4065 essent
1864 4011 1968 4064 duo
2014 4012 2065 4066 in

487 4118 646 4158 carne
684 4120 789 4161 una
824 4120 838 4155 :
880 4118 986 4157 non
1030 4105 1219 4172 conjec
1247 4118 1339 4156 uia
1385 4117 1586 4167 nostra,
1636 4102 1727 4155 sed
1779 4109 2067 4154 attestante

484 4194 656 4261 Apost
693 4194 744 4248 l0
789 4207 841 4247 et
888 4193 1152 4248 dicente:
1204 4193 1611 4246 Sacrantentum
1666 4193 1764 4244 hoc
1816 4206 2064 4259 magnum

486 4296 596 4351 est;
623 4302 721 4355 ego
747 4296 924 4341 autem
953 4287 1074 4342 dico
1098 4288 1148 4339 in
1171 4286 1387 4340 Christo
1410 4285 1536 4338 etin
1568 4285 1823 4339 Ecclesia.
1857 4285 2068 4339 Dimisit

486 4379 629 4432 enim
684 4377 895 4431 Patrem
951 4375 1389 4445 quodammodo,
1445 4391 1548 4429 non
1600 4378 1819 4428 omnino
1867 4375 2067 4428 dimisit

2187 1829 2288 1882 bus
2316 1845 2330 1893 ;
2362 1827 2511 1898 digni
2544 1838 2669 1881 sunt
2698 1826 2840 1880 enim
2872 1825 2959 1894 qui
2993 1824 3081 1877 tali
3126 1823 3468 1878 exauditione
3496 1824 3769 1895 decipian-

2184 1929 2292 1984 tur,
2323 1929 2380 1972 ιιι
2411 1933 2565 1986 pmna
2598 1917 2703 1971 illis
2743 1915 2836 1969 ﬁat
2873 1916 2977 1970 hoc
3015 1913 3157 1984 quod
3199 1914 3447 1968 videntur
3482 1915 3772 1983 impetrare

2183 2011 2538 2074 beneﬁcium,
2569 2024 2691 2063 cum
2735 2009 2814 2063 eis
2856 2008 3112 2062 exhibent
3152 2008 3303 2075 quasi
3347 2006 3592 2076 privatim
3638 2008 3768 2061 infe-

2181 2103 2354 2160 riores
2386 2109 2679 2169 potestates
2708 2098 2952 2166 qumdam
2986 2097 3275 2159 miracula,
3308 2107 3364 2148 ut
3406 2110 3496 2148 (οε
3539 2096 3770 2149 habeant

2180 2194 2538 2264 subjugatos:
2571 2190 2835 2259 permissu
2869 2197 3048 2242 tamen
3088 2187 3284 2241 divina:
3325 2186 3671 2255 providentia:
3710 2198 3769 2242 ut

2182 2305 2277 2357 pro
2318 2286 2528 2341 meritis
2571 2284 2873 2337 animarum
2915 2297 3011 2336 sua
3049 2282 3241 2350 cuique
3287 2281 3591 2334 tribuuntur
3638 2279 3768 2350 [tri-

2179 2378 2455 2449 buantur].
2486 2376 2672 2433 Omnis
2701 2376 2876 2428 anima
2924 2376 3117 2443 partim
3151 2372 3338 2441 privati
3367 2372 3647 2441 cujusdam
3686 2375 3767 2424 sui

2181 2477 2499 2537 potestatem
2530 2467 2697 2535 gerit,
2732 2464 2924 2532 partim
2954 2462 3323 2517 universitatis
3355 2461 3599 2530 legibus,
3629 2461 3769 2515 sicut

2178 2556 2425 2625 publicis,
2460 2562 2741 2610 eoercetur
2771 2563 2824 2608 et
2854 2552 3075 2622 regitur.
3108 2552 3243 2619 Quia
3274 2566 3402 2620 ergo
3432 2566 3770 2620 unaquaque

2178 2661 2266 2702 res
2297 2647 2522 2701 visibilis
2553 2649 2605 2700 in
2640 2647 2743 2700 hoc
2774 2644 2973 2699 mundo
3005 2643 3167 2698 habet
3212 2651 3528 2710 potestatem
3560 2643 3767 2712 angeli-

2180 2738 2335 2792 lieam
2384 2737 2483 2791 sibi
2536 2739 2913 2806 praepositam,
2961 2737 3102 2790 sicut
3150 2735 3352 2803 aliquot
3401 2735 3535 2789 locis
3582 2734 3766 2789 divina

2179 2827 2455 2897 Scriptura
2485 2836 2732 2896 testatur,
2767 2830 2832 2883 de
2859 2843 2921 2884 ea
2957 2843 3017 2882 re
3044 2828 3129 2881 cui
3164 2828 3447 2895 prmposita
3478 2834 3562 2881 est
3592 2826 3765 2896 [quasi

2179 2921 2387 2990 privato
2409 2922 2527 2990 jure
2556 2920 2719 2992 agit],
2764 2921 2922 2976 aliter
2950 2930 3199 2989 tanquam
3245 2920 3456 2989 publice
3480 2935 3645 2988 agerc
3676 2936 3767 2972 co-

2176 3012 2336 3079 gitur.
2369 3010 2646 3066 Potentior
2675 3020 2760 3066 est
2784 3011 2927 3065 enim
2959 3011 3280 3065 universitas
3309 3020 3477 3079 parte,
3507 3011 3764 3079 quoniam

2176 3111 2229 3155 et
2259 3100 2384 3155 illttd
2414 3100 2554 3169 quod
2584 3102 2652 3154 ibi
2680 3101 2932 3169 privatim
2962 3101 3103 3169 agit,
3132 3109 3337 3153 tantum
3362 3116 3523 3169 agere
3544 3101 3760 3165 sinitur,

2174 3202 2431 3269 quantum
2463 3192 2547 3246 lex
2578 3191 2948 3246 universitatis
2978 3191 3128 3244 sinit.
3161 3191 3263 3244 Sed
3291 3204 3621 3259 unaquaeque
3645 3190 3760 3243 ani-

2174 3298 2260 3337 ma
2293 3291 2438 3335 tanto
2475 3289 2558 3337 est
2604 3282 2799 3349 pietate
2840 3282 3138 3349 purgatior,
3182 3292 3379 3349 quanto
3423 3281 3631 3347 privato
3658 3297 3761 3335 suo

2174 3372 2352 3425 minus
2380 3371 2676 3438 delectata,
2712 3370 2881 3440 legem
2915 3370 3281 3424 universitatis
3309 3369 3567 3437 intuetur,
3601 3372 3760 3437 eique

2172 3463 2365 3519 devote
2393 3479 2458 3519 ac
2487 3464 2715 3518 libenter
2743 3467 3079 3533 obtemperat
3106 3481 3119 3530 ;
3143 3476 3225 3519 est
3251 3465 3391 3519 enim
3424 3466 3505 3519 lex
3541 3468 3761 3520 univer-

2173 3552 2345 3607 sitatis
2375 3552 2551 3606 divina
2579 3553 2860 3622 sapientia.
2903 3555 3114 3619 Quanto
3154 3565 3329 3608 autem
3373 3556 3601 3625 amplius
3640 3560 3755 3627 pri-

2171 3650 2296 3694 vato
2321 3656 2419 3694 suo
2446 3641 2671 3710 gaudet,
2706 3651 2759 3696 et
2789 3642 3033 3713 neglecto
3060 3645 3169 3698 Deo
3190 3690 3203 3713 ,
3236 3646 3325 3713 qui
3356 3647 3603 3701 omnibus
3634 3651 3751 3702 ani-

2172 3730 2275 3784 mis
2305 3731 2504 3785 utiliter
2528 3745 2591 3786 ac
2613 3732 2900 3788 salubriter
2929 3735 3217 3802 prmsidet,
3249 3738 3360 3805 ipsa
3384 3736 3485 3791 sibi
3515 3738 3600 3790 vel
3635 3739 3755 3791 aliis

2170 3822 2361 3888 quibus
2388 3822 2618 3891 potuerit
2637 3824 2748 3878 vult
2771 3840 2891 3879 esse
2920 3842 3017 3895 pro
3051 3826 3177 3894 Deo,
3217 3842 3369 3881 suam
3409 3830 3582 3896 potius
3610 3830 3663 3884 in
3693 3847 3754 3885 se

2174 3916 2255 3968 vel
2281 3915 2334 3968 itt
2363 3915 2497 3969 alios
2517 3930 2673 3984 quam
2698 3916 2840 3971 illius
2867 3918 2918 3970 in
2942 3932 3129 3971 omnes
3151 3918 3378 3988 diligens
3402 3931 3750 3987 potestatem.

2171 4014 2317 4059 tanto
2340 4015 2423 4060 est
2452 4005 2738 4073 sordidior,
2767 4018 3020 4077 tantoque
3043 4010 3210 4079 magis
3240 4012 3520 4079 poenaliter
3551 4012 3752 4066 divinis

2172 4094 2376 4164 legibus
2400 4104 2651 4165 tanquam
2685 4097 2912 4167 publicis
2940 4100 3146 4153 servire
3174 4103 3396 4168 cogitur.
3425 4102 3631 4169 Quanto
3656 4105 3753 4172 igio

2171 4194 2257 4239 tur
2283 4186 2489 4259 [etiam]
2507 4191 2683 4242 anima
2707 4189 2935 4243 humana
2957 4190 3172 4245 deserto
3190 4192 3301 4246 Deo
3323 4196 3435 4247 suis
3458 4194 3753 4249 honeribns

2170 4278 2251 4330 vel
2293 4288 2554 4346 potestate
2597 4279 2760 4335 fuerit
2794 4282 3095 4347 delectata,
3127 4293 3274 4339 tanto
3306 4286 3474 4355 magis
3504 4286 3754 4341 subditur

2172 4369 2364 4423 talibus
2397 4372 2785 4439 potestatibus,
2835 4390 2954 4441 quae
2998 4375 3202 4442 privato
3245 4391 3344 4430 suo
3382 4378 3647 4445 gaudent,
3696 4390 3755 4434 et

486 4468 649 4523 veluti
698 4469 765 4521 ad
805 4469 1221 4537 separationcm,
1275 4468 1368 4523 sed
1399 4467 1465 4518 ad
1521 4467 1914 4534 susceptionem
1966 4469 2061 4520 ltu-
2097 4501 2142 4559 D
2174 4459 2425 4515 honorari
2455 4462 2521 4515 ab
2550 4464 2857 4518 hominibus
2881 4465 3018 4519 sicut
3045 4466 3119 4520 dii
3149 4469 3407 4536 cupiunt:
3440 4472 3632 4537 quibus
3663 4472 3751 4524 di-

488 4571 661 4610 manm
688 4556 886 4612 carnis.
918 4556 1197 4622 Quomodo
1233 4555 1467 4609 dimisit?
1497 4556 1628 4621 Quia
1672 4570 1791 4609 cum
1823 4565 1967 4609 esset
2005 4556 2058 4609 in

488 4644 653 4698 forma
681 4645 793 4711 Dei,
825 4660 929 4699 non
959 4646 1196 4712 rapinam
1223 4643 1511 4698 arbitratus
1538 4655 1619 4698 est
1649 4659 1768 4698 esse
1793 4660 1851 4700 sc
1882 4661 2061 4715 aequa-

488 4735 593 4789 lem
623 4735 753 4800 Deo,
795 4737 886 4789 sed
931 4737 1274 4805 semetipsum
1311 4736 1624 4802 exinanivit,
1660 4737 1887 4791 fortnam
1919 4740 2056 4793 servi

487 4825 770 4891 accipiens.
805 4826 1081 4890 Quomodo
1111 4828 1311 4881 dimisit
1337 4837 1388 4882 et
1420 4830 1679 4883 matrem?
1726 4840 1936 4899 gentem
1966 4829 2058 4885 Ju-

486 4916 745 4981 dmorum,
777 4917 1109 4987 Synagogam
1154 4920 1294 4973 illam
1339 4920 1627 4975 literentctn
1661 4922 1927 4975 veteribus
1973 4935 2055 4974 sa-

484 5007 792 5060 cramentis.
852 5007 931 5060 Ad
982 5008 1146 5075 ipsam
1203 5009 1423 5077 ﬁguram
1476 5011 1702 5079 pertinet
1750 5009 1891 5079 quod
1937 5009 2055 5062 ait:

483 5096 614 5163 Quae
661 5096 787 5149 mihi
836 5106 1033 5161 mater,
1067 5109 1153 5151 aut
1203 5101 1293 5169 qni
1338 5099 1561 5154 fratrch
1610 5100 1703 5154 llle
1747 5099 1887 5153 enim
1919 5100 2060 5154 intus

481 5187 730 5252 docebat,
763 5188 837 5242 illi
878 5189 1005 5243 loris
1035 5190 1268 5246 stabant.
1316 5191 1502 5245 Videte
1540 5191 1585 5243 si
1634 5206 1738 5244 non
1787 5193 1944 5243 modo
1987 5192 2059 5244 ita

482 5276 798 5331 suntJudiei
849 5295 861 5331 :
918 5280 1073 5334 docet
1120 5280 1359 5334 Christus
1406 5279 1457 5333 in
1510 5278 1768 5342 Ecclesia,
1816 5280 1891 5332 illi
1933 5280 2062 5335 luris

482 5374 641 5420 stant.
695 5366 895 5423 Socrus
942 5384 1068 5437 ergo
1118 5368 1242 5436 quid
1274 5368 1387 5422 est?
1420 5380 1591 5424 mater
1626 5370 1837 5438 sponsi;
1886 5380 2058 5424 mater

482 5460 661 5526 sponsi
693 5459 902 5515 Domini
947 5462 1071 5516 Jcsu
1102 5462 1322 5526 Christi,
1370 5463 1648 5535 Synagoga
1678 5475 1794 5530 est;
1834 5466 2057 5535 proinde

488 5564 654 5602 nurus
696 5552 811 5621 ejus
852 5554 1108 5618 Ecclesia,
1140 5568 1259 5621 qua:
1287 5556 1505 5609 veniens
1546 5557 1612 5611 de
1654 5557 1917 5624 gentibus,
1952 5571 2055 5609 non

485 5642 753 5694 consensit
801 5642 850 5695 in
898 5644 1355 5701 eircumcisionem
1408 5647 1714 5715 carnalem,
1762 5646 1928 5701 divisa
1977 5655 2059 5704 est

488 5725 740 5784 adversus
770 5746 979 5787 socrum
1009 5748 1178 5789 suam.

2170 4551 2289 4605 vina
2313 4551 2427 4621 lege
2455 4566 2598 4622 szepe
2618 4556 2948 4622 conceditur,
2977 4567 3033 4610 ut
3055 4572 3149 4612 eos
3171 4574 3305 4627 quos
3330 4560 3429 4615 sibi
3453 4564 3751 4616 secundum

2167 4646 2355 4697 merita
2383 4644 2801 4712 subjugaverint,
2824 4648 3031 4714 privato
3061 4650 3155 4703 illo
3179 4650 3301 4719 jure
3326 4654 3485 4707 etiam
3512 4654 3752 4708 miracu-

2166 4734 2336 4789 lorum
2368 4735 2563 4806 aliquid
2596 4745 2871 4805 prmstent,
2905 4738 2957 4791 in
2985 4738 3067 4793 his
3096 4741 3254 4795 rebus
3285 4744 3749 4808 exhibendorum,

2164 4826 2355 4895 quibus
2384 4835 2507 4880 sunt
2534 4827 2750 4891 inﬁmo,
2783 4827 2875 4881 sed
2918 4838 3093 4884 tamen
3132 4834 3531 4888 ordinatissime
3571 4846 3754 4904 potes-

2165 4927 2330 4971 latum
2365 4917 2562 4986 gradu,
2612 4920 2955 4986 prmpositte;
2997 4923 3092 4975 sed
3139 4924 3225 4977 ubi
3270 4926 3448 4978 divina
3490 4937 3749 4994 tanquam

2162 5006 2373 5076 publica
2402 5010 2507 5078 97
2547 5011 2627 5064 lex
2658 5009 2847 5077 jubet,
2882 5011 3045 5065 vincit
3076 5013 3256 5082 utique
3288 5017 3549 5083 privatam
3582 5019 3751 5073 licen-

2165 5099 2323 5163 tiam,
2354 5114 2655 5167 quanquam
2702 5110 2755 5153 et
2797 5101 2905 5168 ipsa
2950 5102 3154 5170 privata
3201 5105 3443 5172 licentia,
3485 5108 3584 5160 nisi
3631 5110 3752 5163 uui-

2166 5188 2386 5241 versalis
2418 5189 2612 5243 divina:
2647 5193 2921 5258 potestatis
2954 5196 3341 5259 permissione,
3375 5197 3513 5250 nulla
3559 5211 3701 5252 esset
3730 5216 3747 5262 ;

2166 5278 2391 5349 ideoque
2442 5282 2498 5335 lit
2547 5291 2601 5334 ut
2642 5283 2813 5335 saneti
2872 5283 2963 5336 Dei
3010 5286 3185 5347 servi,
3240 5289 3451 5354 quando
3495 5303 3591 5342 eos
3647 5294 3748 5342 hoc

2164 5371 2360 5426 donum
2391 5372 2587 5426 habere
2613 5374 2742 5428 utile
2768 5381 2884 5435 est,
2910 5377 3201 5428 secundum
3234 5378 3498 5444 publicam
3527 5390 3580 5431 et
3611 5393 3749 5445 quo—

2165 5461 2447 5516 dammodo
2478 5463 2809 5529 imperialem
2843 5462 3051 5531 legem,
3099 5465 3199 5519 hoc
3239 5476 3363 5533 est,
3409 5469 3599 5521 summi
3651 5469 3745 5521 Dei

2168 5560 2481 5620 potestatem
2502 5596 2514 5618 ,
2562 5552 2824 5618 imperent
2854 5552 3053 5607 inﬁmis
3084 5556 3460 5622 potestatibus,
3493 5556 3558 5609 ad
3596 5572 3746 5626 qur-

2167 5642 2288 5694 dam
2317 5641 2544 5695 visibilia
2576 5641 2819 5696 iacienda
2859 5643 3136 5697 miracula.
3178 5645 3235 5698 In
3273 5645 3378 5699 illis
3416 5646 3558 5699 enim
3601 5647 3746 5703 Deus

2170 5736 2283 5803 ipse
2314 5733 2578 5805 imperat,
2608 5733 2758 5805 cujus
2789 5734 3041 5804 templum
3074 5745 3240 5805 sunt,
3287 5746 3344 5794 et
3386 5751 3580 5807 quem,
3611 5750 3747 5794 ccu-
