4020 6190
325 354 470 413 1065

1495 342 1927 405 τιιεδειυιιυε.
1971 341 2123 400 CAP.
2165 340 2407 398 CCCXL.

3461 338 3600 395 £060

322 479 532 541 tempta
560 481 655 523 sua
686 465 895 538 privata
930 473 1213 536 potestate,
1245 461 1620 518 ardentissime
1656 460 1905 528 diligunt.

2017 474 2369 546 potestatibus
2397 485 2649 528 concessa
2683 471 2733 524 itt
2787 470 2977 527 ordine
3023 484 3154 536 suo,
3198 470 3348 539 quasi
3390 470 3594 540 privata

325 562 384 617 In
412 561 633 631 magicis
658 570 837 616 autem
862 557 1325 629 impetrationibus
1343 596 1358 621 ,
1388 556 1453 609 ad
1482 553 1787 609 illecebram
1813 551 1908 606 de-

322 652 627 723 ccptionis,
670 660 731 705 ut
767 650 869 705 sibi
909 648 1194 718 subjugettt
1236 662 1331 701 eos
1374 643 1569 714 quibus
1612 644 1737 698 talia
1780 657 1909 697 con-

322 745 559 809 cedunt,
614 752 874 813 praestant.
928 742 1175 798 eﬁ‘ectum
1234 740 1481 809 precibus
1533 747 1587 794 et
1642 734 1909 808 mysteriis

325 848 520 892 eorum
543 875 557 900 ,
592 833 801 904 privato
830 834 925 888 illo
947 832 1072 904 jure
1101 831 1417 903 largientes,
1458 830 1602 901 quod
1639 829 1742 883 sibi
1784 828 1910 882 licet

331 926 524 995 largiri
580 924 971 980 honorantibus
1027 937 1088 979 sc
1143 923 1353 992 sibique
1404 920 1802 988 servientibus,
1857 926 1912 972 et

324 1017 571 1089 quaedam
602 1030 784 1072 secum
814 1015 869 1070 in
913 1016 1266 1071 sacramentis
1305 1014 1417 1069 suis
1458 1022 1610 1083 pacta
1648 1010 1912 1067 servanti-

328 1109 428 1164 bus
454 1126 469 1175 ;
500 1120 554 1164 et
584 1107 797 1178 quando
824 1106 1074 1162 videntur
1100 1106 1367 1175 imperare
1395 1104 1573 1175 magi,
1606 1117 1701 1172 per
1744 1100 1911 1157 subli-

326 1202 559 1255 miorum
592 1199 808 1255 nomina
840 1198 1124 1255 interiores
1152 1205 1355 1253 terrent
1378 1236 1395 1263 ,
1417 1206 1472 1252 et
1500 1196 1755 1249 nonnulla
1785 1192 1911 1247 visi-

324 1290 453 1349 bilia
475 1333 489 1355 ,
523 1306 642 1366 quae
672 1299 890 1361 propter
918 1287 1284 1344 infirmitatem
1312 1287 1491 1343 carnis
1516 1300 1703 1356 magna
1733 1284 1911 1338 viden-

325 1389 420 1436 tur
450 1380 758 1436 hominibus
787 1393 893 1436 non
927 1378 1230 1434 valentibus
1258 1388 1459 1434 mterna
1488 1378 1758 1435 contueri.
1791 1392 1912 1444 quae

324 1484 421 1539 per
448 1484 508 1525 se
538 1470 710 1538 ipsum
742 1477 962 1542 promat
1000 1467 1349 1524 dilectoribus
1392 1468 1504 1523 suis
1535 1483 1693 1522 verus
1735 1466 1908 1531 Deus,

330 1559 655 1617 mirantibus
693 1559 980 1614 exhibeant
1016 1556 1367 1631 [exhibent].
1408 1558 1532 1613 llazc
1571 1572 1751 1612 autem
1791 1571 1911 1626 per-

330 1650 500 1706 tnittit
532 1651 669 1707 Deus
697 1650 842 1720 juste
870 1651 1050 1705 omnia
1081 1649 1401 1715 moderans,
1431 1659 1488 1704 ut
1519 1665 1613 1718 pro
1651 1648 1913 1716 cupidita-

329 1743 474 1798 tibus
521 1751 578 1797 et
628 1742 984 1799 electionibus
1038 1740 1324 1797 servitutes
1365 1756 1552 1797 eorum
1613 1742 1910 1795 libertates-

2012 565 2333 622 commcrcia
2373 565 2457 620 vel
2494 562 2789 630 beneﬁcia,
2829 563 2902 618 illi
2943 571 3122 619 autem
3170 561 3378 631 publica
3421 560 3598 615 admi—

2013 659 2368 721 nistratione,
2395 656 2552 725 jussu
2579 655 2697 725 ejus
2724 656 2809 710 cui
2847 666 3039 710 cuncta
3076 664 3321 709 creatura
3356 652 3597 722 subjecta

2012 760 2115 806 est.
2149 750 2321 807 Aliter
2349 750 2489 804 enim
2516 749 2724 818 cogitur
2769 763 3048 817 possessor
3087 764 3282 816 equum
3324 745 3456 806 dare
3497 743 3599 798 mi-

2015 840 2116 905 liti,
2147 838 2303 895 aliter
2330 854 2450 894 eunt
2481 838 2641 893 tradit
2665 838 2891 908 emptori
2911 881 2924 903 ,
2959 839 3041 892 vel
3074 836 3293 892 cuilibet
3318 835 3483 889 donat
3508 828 3633 886 aut”

2013 930 2343 995 commodat.
2375 930 2441 985 Et
2470 928 2918 997 quemadmodum
2953 928 3191 1000 plerique
3220 925 3347 984 mali
3376 924 3599 984 milites.
3626 924 3627 927 “

2013 1035 2149 1092 quos
2178 1020 2472 1090 imperialis
2500 1018 2781 1089 disciplina
2818 1018 3140 1074 condemnat
3163 1057 3178 1083 ,
3217 1015 3389 1086 signis
3424 1015 3597 1083 impe-

2014 1113 2210 1168 ratoris
2240 1113 2324 1167 sui
2358 1110 2642 1166 nonnullos
2672 1124 3013 1181 possessores
3040 1111 3317 1173 territant,
3348 1114 3402 1162 et
3428 1105 3497 1160 ab
3522 1107 3602 1159 eis

2014 1207 2214 1277 aliquid
2236 1206 2375 1277 quod
2404 1204 2615 1275 publica
2641 1220 2744 1262 non
2766 1203 2980 1274 jubetur
3002 1208 3353 1272 extorquent;
3380 1198 3452 1252 ita
3478 1212 3601 1250 nonr

2016 1312 2283 1367 nunquam
2320 1296 2448 1350 ntali
2480 1294 2795 1360 Christiani,
2821 1293 2904 1349 vel
2936 1291 3291 1358 Scitialilatlci,
3318 1290 3404 1346 vel
3433 1287 3604 1341 barre—

2016 1389 2102 1442 tici
2126 1430 2141 1455 ,
2173 1404 2268 1456 per
2297 1403 2491 1445 nomen
2517 1387 2717 1447 Christi
2738 1431 2751 1452 ,
2788 1397 2880 1441 aut
2909 1385 3073 1442 verba
3097 1428 3112 1453 ,
3144 1397 3236 1443 aut
3264 1391 3600 1438 sacramenta

2002 1468 2348 1545 Christiana,
2391 1482 2617 1551 exigunt
2672 1479 2870 1549 aliquid
2929 1495 2958 1531 a
3008 1477 3359 1547 potestatibus
3408 1474 3602 1544 quibus

2016 1573 2219 1627 honore
2234 1573 2430 1631 Christi
2452 1574 2643 1628 cedere
2664 1572 2922 1628 indictum
2950 1582 3053 1627 est.
3072 1570 3205 1625 Cum
3232 1583 3411 1624 autent
3443 1565 3599 1627 malis

2011 1663 2324 1733 iubentibus
2347 1665 2622 1721 voluntate
2643 1665 2872 1729 cedunt,
2901 1663 2967 1717 ad
2994 1662 3329 1718 scducendos
3353 1660 3602 1715 homines

2016 1755 2242 1820 cedunt,
2274 1769 2506 1825 quorum
2540 1772 2727 1813 errore
2755 1756 3024 1810 laetantur.
3070 1756 3407 1825 Quapropter
3445 1750 3604 1805 aliter

326 1849 431 1905 que
462 1834 769 1888 distribuat.
789 1832 858 1888 Et
887 1832 931 1887 si
960 1832 1173 1902 quando
1199 1832 1535 1886 invocatione
1563 1830 1756 1885 summi
1790 1829 1905 1897 Dei,

2018 1845 2154 1919 magi
2187 1844 2388 1900 faciunt
2422 1846 2708 1910 miracula,
2743 1844 2900 1898 aliter
2930 1843 3055 1898 boni
3085 1841 3413 1908 Christiani,
3444 1840 3603 1897 aliter

331 1924 533 1994 aliquid
591 1939 689 1993 pro
756 1924 869 1979 suis
936 1924 1093 1978 malis
1159 1924 1538 1993 cupiditatibus
1584 1925 1912 1991 impetrant,

333 2020 479 2075 unde
507 2019 649 2074 dicta
678 2027 760 2074 est
784 2016 943 2091 [suis]
976 2016 1068 2072 illa
1100 2032 1205 2072 non
1231 2016 1429 2086 gratia;
1467 2032 1571 2069 non
1602 2016 1746 2070 enim
1777 2013 1913 2067 frus-

332 2122 412 2167 tra
442 2112 577 2166 dicit
614 2110 937 2179 Apostolus,
964 2109 1205 2164 Tradidit
1232 2109 1355 2164 illos
1388 2110 1528 2164 Deus
1569 2109 1622 2162 itt
1649 2106 1915 2161 desideria

327 2201 510 2257 cordis
562 2202 821 2268 illorum;
868 2200 1224 2270 quorumdam
1273 2201 1416 2254 enim
1471 2207 1685 2267 peccata
1726 2212 1913 2252 eorum

328 2293 806 2363 perpetrandorum
836 2290 1094 2356 facilitas,
1126 2306 1281 2361 paena
1324 2300 1406 2345 est
1445 2290 1671 2344 aliorum
1719 2303 1916 2356 prince-

326 2385 590 2440 dentium.
620 2384 774 2451 Quod
800 2392 980 2439 autem
1007 2383 1262 2438 Dominus
1288 2381 1441 2448 dicit,
1485 2380 1599 2436 Non
1628 2389 1802 2450 potest
1827 2380 1916 2434 Sa-

326 2488 478 2534 tanas
507 2479 760 2535 Satanam
790 2478 1077 2535 excludere
1099 2518 1115 2544 ,
1145 2492 1213 2532 ne
1254 2477 1390 2532 forte
1429 2476 1712 2545 quisquam
1761 2483 1916 2528 utens

328 2573 637 2628 nominibus
689 2575 987 2643 aliquarum
1037 2572 1340 2627 inﬁmarum
1385 2579 1744 2641 potestatum,
1790 2584 1915 2625 cum

329 2669 660 2723 daemonium
689 2669 1009 2731 excluserit,
1043 2667 1231 2721 falsam
1264 2676 1412 2736 putet
1439 2681 1561 2721 esse
1587 2666 1783 2721 dictam
1817 2665 1918 2720 Do-

327 2763 455 2817 mini
485 2762 805 2817 scutetttiam
824 2805 838 2827 ,
869 2760 935 2815 ad
965 2760 1067 2815 hoc
1108 2760 1370 2829 intelligat
1400 2760 1598 2813 dictum
1617 2800 1632 2822 ,
1664 2758 1789 2827 quia
1818 2756 1919 2812 hoc

328 2850 491 2905 modo
522 2850 747 2906 Satanas
779 2852 942 2905 etiam
975 2850 1297 2918 incorpore,
1317 2857 1649 2913 atttcorpore
1671 2844 1917 2902 sensibus

331 2941 567 3013 [etiamsi
585 2940 797 3007 corpori
818 2941 1158 3009 auteorporis
1170 2938 1434 3009 sensibus]
1456 2939 1641 3006 parcit,
1658 2939 1776 2992 ideo
1796 2953 1918 3007 par-

332 3033 409 3085 cit
434 3040 491 3084 ut
521 3032 688 3099 ipsius
720 3030 950 3084 hominis
971 3030 1225 3086 voluntati
1254 3043 1347 3098 per
1368 3028 1656 3098 impietatis
1675 3044 1914 3084 errorem

333 3124 610 3191 triumpho
642 3124 850 3193 majore
878 3123 1203 3178 dominetur.
1254 3123 1367 3176 lloc
1395 3135 1573 3176 autem
1604 3123 1763 3176 modo
1809 3137 1912 3177 non

331 3216 445 3269 exit
476 3215 738 3277 Satanas,
771 3214 864 3269 sed
897 3215 1077 3283 potius
1108 3213 1162 3266 in
1194 3213 1375 3267 intima
1419 3211 1738 3281 ingreditur,
1772 3223 1832 3267 ut
1861 3213 1912 3267 in
1944 3202 1990 3264 C

328 3319 397 3359 eo
426 3304 505 3359 sic
530 3314 806 3373 operetur,
832 3302 1283 3372 quemadmodum
1308 3302 1437 3356 dicit
1457 3303 1746 3370 Apostolus
1772 3319 1787 3355 :
1820 3302 1917 3357 Se-

329 3395 563 3449 cundum
597 3394 889 3463 principem
923 3394 1203 3463 potestatis
1232 3394 1373 3448 acris
1412 3393 1599 3461 hujus,
1642 3394 1734 3463 qui
1774 3378 1945 3450 nunc.

331 3495 591 3556 operatur
620 3487 674 3541 in
706 3485 834 3541 ﬁliis
863 3486 1197 3541 difﬁdentim.
1240 3485 1355 3541 Non
1384 3489 1526 3542 enim
1568 3502 1759 3543 sensus
1798 3503 1918 3542 cor-

328 3580 479 3649 poris
529 3593 716 3633 eorum
749 3578 1000 3633 turbabat
1036 3589 1195 3648 atque
1240 3580 1553 3649 torquebat,
1597 3590 1690 3635 aut
1727 3596 1915 3636 eorum

329 3684 556 3738 corpora
600 3669 919 3734 collidcbat;
951 3670 1046 3723 sed
1077 3672 1127 3724 in
1159 3684 1342 3725 eorum
1374 3671 1678 3736 voluntate,
1710 3673 1792 3727 vel
1825 3688 1917 3741 po-

331 3763 441 3815 tius
477 3760 771 3828 cupiditale
812 3761 1091 3831 regnabat.
1132 3762 1283 3828 Quod
1315 3774 1490 3816 autem
1522 3763 1654 3817 dicit
1686 3764 1916 3832 pseudo—

330 3850 622 3922 propltetas
669 3852 832 3907 multa
879 3855 1027 3922 signa
1074 3861 1129 3906 et
1168 3852 1411 3923 prodigia
1444 3854 1715 3917 facturos,
1753 3854 1824 3906 ita
1857 3862 1915 3907 ut

330 3924 545 4008 fallant:
568 3945 612 3998 si
645 3944 756 3999 ﬁeri
789 3954 985 4013 potest,
1018 3945 1178 3999 etiam
1210 3944 1431 4011 electos,
1460 3943 1711 3998 admonet
1736 3946 1917 4012 utique

330 4034 437 4107 lut]
472 4035 834 4104 intelligamus
864 4036 1107 4106 quaedam
1142 4036 1398 4091 miracula
1430 4037 1591 4090 etiam
1620 4038 1905 4091 sceleratos

334 4127 584 4182 homines
631 4129 846 4193 lacere,
893 4130 1034 4199 quali
1082 4128 1373 4203 [qualibus]
1424 4131 1759 4185 sanctiﬁtare
1805 4148 1911 4185 non

330 4215 871 4295 possunt;[Bened.,
903 4220 1075 4287 qualia
1122 4222 1289 4273 sancti
1324 4221 1501 4275 facere
1542 4236 1645 4274 non
1696 4222 1940 4290 possunt‘l

329 4322 429 4360 nec
489 4318 667 4361 tamen
740 4308 861 4362 ideo
928 4310 1149 4378 potioris
1214 4310 1315 4364 loci
1375 4311 1512 4379 apud
1572 4311 1735 4366 Deum
1794 4328 1915 4368 esse

326 4396 622 4450 arbitrandi
669 4408 810 4452 sunt.
864 4398 979 4452 Non
1027 4402 1169 4453 enim
1221 4402 1548 4470 acceptiores
1604 4410 1759 4456 erant
1807 4405 1914 4459 Deo

327 4504 486 4559 quam
560 4492 783 4558 populus
854 4490 1012 4544 Israel
1081 4493 1220 4560 magi
1302 4491 1709 4563 Aﬂgyptiorum,
1790 4496 1910 4563 quia

2018 1936 2141 1993 ntali
2169 1934 2458 1991 Christiani
2490 1952 2504 1992 :
2537 1936 2676 2003 magi
2706 1950 2801 2003 per
2833 1934 3072 2007 privatos
3099 1942 3443 1996 contractus,
3474 1930 3603 1986 boni

2016 2027 2308 2083 Christiani
2357 2041 2453 2094 per
2494 2026 2764 2094 publicam
2803 2024 3062 2096 justitiam
3089 2064 3104 2089 ,
3148 2022 3274 2077 ntali
3315 2021 3606 2077 Christiani

2018 2134 2115 2188 per
2142 2119 2294 2188 signa
2322 2118 2547 2187 publica:
2572 2117 2817 2188 justitiae.
2849 2116 2959 2172 Nec
2989 2116 3180 2172 mirum
3213 2113 3458 2183 estquod
3489 2112 3605 2167 hate

2017 2212 2170 2280 signa
2201 2210 2410 2275 valent,
2441 2226 2562 2264 cum
2590 2210 2659 2264 ab
2686 2211 2766 2264 eis
2797 2208 3141 2274 adhibentur,
3171 2206 3385 2276 quando
3413 2206 3601 2268 etiam,

2016 2318 2139 2359 cum
2170 2314 2498 2372 usurpantur
2525 2302 2593 2357 ab
2617 2303 2922 2368 extraneis,
2951 2300 3044 2370 qui
3071 2299 3292 2356 omnino
3319 2313 3473 2353 suum
3505 2312 3605 2352 n.0-

2020 2408 2142 2448 men
2173 2393 2240 2447 ad
2266 2393 2424 2447 istam
2469 2394 2716 2446 militiam
2759 2409 2865 2447 non
2910 2392 3206 2458 dederunt,
3251 2400 3471 2462 propter
3509 2387 3605 2445 bo-

2020 2500 2208 2539 norem
2238 2494 2417 2540 tamen
2447 2484 2886 2539 excellentissimi
2914 2482 3258 2550 imperatoris
3288 2482 3487 2536 valent.
3520 2479 3603 2533 Ex

2020 2574 2217 2646 quibus
2250 2575 2347 2630 fuit
2394 2576 2483 2630 ille
2524 2574 2592 2630 de
2631 2590 2735 2645 quo
2775 2574 3021 2644 discipuli
3054 2573 3279 2628 Domino
3318 2572 3603 2628 nutttiavco

2020 2676 2146 2723 runt
2167 2667 2309 2738 quod
2336 2666 2390 2721 in
2419 2667 2637 2722 nomine
2661 2666 2779 2739 ejus
2804 2664 3025 2740 ejiceret
3049 2663 3337 2731 dtemonia,
3358 2661 3604 2733 quamvis

2020 2776 2140 2817 cum
2156 2761 2234 2818 eis
2246 2775 2368 2816 eum
2386 2775 2489 2820 non
2504 2768 2838 2830 sequeretur.
2852 2758 2983 2813 Cum
2997 2767 3174 2813 autem
3189 2772 3293 2811 non
3310 2756 3507 2810 cedunt
3521 2755 3604 2808 his

2020 2852 2189 2922 signis
2221 2850 2530 2918 ltujusmodi
2563 2857 2882 2924 potestates,
2917 2848 3059 2903 Deus
3087 2848 3201 2921 ipse
3233 2843 3480 2917 prohibet
3510 2858 3603 2899 oc-

2020 2944 2179 2999 cultis
2234 2942 2432 3007 modis,
2470 2955 2589 2995 cum
2634 2939 2685 2995 id
2730 2939 2935 3009 justum
2991 2947 3154 3011 atque
3202 2936 3332 2991 utile
3375 2936 3604 3011 jttticat.

2021 3031 2152 3087 Nam
2205 3032 2351 3086 nullo
2416 3030 2577 3085 modo
2629 3030 2719 3083 ulli
2774 3030 2993 3098 spiritus
3038 3028 3239 3083 audent
3289 3028 3401 3082 ilttc
3452 3027 3601 3097 signa

2022 3133 2387 3179 contemnere.
2457 3121 2892 3176 Contremiscunt
2971 3121 3114 3175 enim
3189 3118 3305 3174 haec
3373 3118 3599 3171 ubicun-

2021 3231 2125 3286 que
2156 3215 2247 3269 illa
2278 3213 2693 3283 conspexerint,
2732 3211 2824 3267 sed
2865 3212 3224 3267 nescientibus
3262 3211 3565 3264 hominibus
3586 3250 3603 3275 ,

2022 3305 2166 3360 aliud
2211 3305 2431 3375 jubetnr
2478 3304 2775 3370 divinitus,
2818 3303 2900 3358 vel
2942 3304 3007 3356 ad
3048 3302 3454 3359 confundcndos
3493 3318 3605 3357 mae

2024 3398 2126 3465 los,
2160 3412 2280 3451 cum
2312 3412 2408 3452 eos
2438 3405 2655 3469 oportet
2683 3396 2973 3463 confundi,
3000 3397 3141 3451 sicut
3168 3398 3236 3451 de
3266 3396 3454 3455 SCL‘VJ!
3485 3396 3604 3457 ﬁliis

2023 3488 2076 3542 in
2108 3488 2333 3542 Actibus
2365 3488 2734 3557 apostolorum
2771 3488 3017 3558 legimus,
3049 3488 3243 3556 quibus
3272 3488 3346 3543 ait
3376 3488 3605 3543 immun-

2023 3577 2122 3632 dus
2153 3577 2372 3647 spiritus
2399 3592 2413 3633 :
2445 3577 2629 3631 Jesnm
2671 3577 2821 3644 scio,
2853 3586 2907 3631 et
2938 3577 3158 3631 Paulum
3193 3578 3319 3631 novi
3342 3619 3357 3643 ,
3389 3592 3482 3632 vos
3510 3593 3607 3636 au-

2024 3677 2130 3723 tem
2162 3669 2250 3739 qui
2280 3668 2412 3723 estis
2430 3669 2453 3721 ’ἐ
2485 3670 2567 3721 vel
2600 3668 2973 3721 admonendos
3018 3669 3185 3721 bonos
3231 3678 3287 3721 ut
3331 3669 3609 3736 proﬁciant

2021 3764 2073 3817 in
2106 3764 2236 3827 ﬁde,
2264 3772 2423 3830 atque
2449 3762 2549 3814 ista
2575 3777 2683 3814 non
2709 3760 3000 3829 jactantcr,
3027 3759 3121 3814 sed
3151 3761 3351 3814 utiliter
3376 3763 3608 3829 possint,

2020 3853 2102 3907 vel
2134 3853 2199 3907 ad
2230 3850 2582 3905 discernenda
2607 3851 2746 3905 dona
2775 3850 3137 3904 membroruttt
3167 3851 3441 3913 Ecclesite,
3470 3854 3606 3912 sicut

2019 3945 2309 4014 Apostolus
2348 3942 2517 4001 dicit;
2559 3940 2808 4011 Nunquid
2848 3956 3038 3997 omnes
3071 3943 3333 3995 virtutes?
3365 3942 3605 4009 nunquid

2018 4049 2206 4089 omnes
2233 4034 2433 4088 donum
2464 4032 2665 4087 habent
2691 4033 3067 4089 curationum?
3103 4032 3323 4101 l‘ropter
3352 4033 3447 4086 has
3476 4050 3606 4102 ergo

2019 4143 2239 4192 causas,
2269 4127 2583 4197 plerumque
2605 4166 2619 4189 ,
2655 4134 2711 4179 ttt
2736 4125 2937 4183 dictum
2971 4135 3084 4189 est,
3117 4124 3475 4178 nescientibus
3509 4126 3602 4179 lto-

2020 4217 2294 4285 minibus,
2333 4217 2551 4286 jttbctur
2600 4217 2887 4281 divinitus,
2932 4216 2982 4269 id
3034 4228 3147 4279 est,
3204 4229 3254 4268 ιιι
3307 4217 3389 4268 his
3438 4218 3605 4285 signis

2020 4311 2313 4376 adhibitis,
2350 4308 2653 4383 hujusmodi
2699 4319 2991 4376 potestates
3024 4310 3145 4361 voltt
3173 4310 3281 4362 .tati
3331 4311 3603 4371 ltoounuqt

2019 4416 2126 4455 non
2159 4402 2571 4468 obtemperent;
2608 4410 2662 4455 ut
2692 4410 2865 4453 autent
2895 4403 3017 4455 ntali
3050 4399 3199 4453 bonis
3228 4416 3368 4467 5'1?le
3399 4411 3597 4467 tempo-

2019 4493 2204 4547 raliter
2237 4505 2485 4551 llOtcalll,
2514 4500 2831 4559 potestatem
2869 4491 2918 4542 itt
2950 4505 3043 4542 eos
3073 4490 3361 4560 accipiunt,
3396 4491 3459 4545 ad
3493 4506 3603 4543 ma.

328 4598 436 4635 non
470 4592 679 4649 poterat
709 4584 798 4636 illc
828 4584 1056 4652 populus
1087 4582 1263 4637 facere
1301 4585 1443 4652 quod
1486 4584 1563 4638 iiii
1604 4585 1871 4639 faciebant
1892 4628 1907 4650 ,
1943 4568 1989 4625 υ
2015 4589 2192 4654 jorunt
2225 4583 2530 4657 [majorem]
2560 4584 2822 4639 bonorum
2853 4584 3169 4644 utilitatem,
3200 4594 3413 4651 propter
3447 4601 3600 4643 exer-

325 4676 569 4744 quamvls
602 4676 810 4751 Moyses
842 4675 893 4729 in
928 4677 1123 4729 virtute
1152 4677 1239 4730 Dei
1276 4676 1476 4747 majora
1507 4678 1759 4746 potuerit.
1806 4677 1909 4732 Sed

321 4768 453 4822 ideo
483 4781 586 4819 non
617 4766 865 4819 omnibus
897 4770 1098 4819 sanctis
1137 4768 1237 4822 iSIa
1271 4768 1597 4829 tribuuntur,
1630 4784 1695 4821 tte
1728 4769 1909 4835 perni-

318 4857 628 4912 ciosissimo
670 4871 857 4911 errore
896 4857 1233 4925 decipiantur
1273 4859 1502 4923 inﬁrmi,
1541 4860 1911 4915 cxisﬁmantes

319 4951 376 5003 in
408 4948 603 5002 talibus
631 4948 783 5003 factis
808 4964 929 5002 esse
960 4949 1161 5019 majora
1195 4950 1331 5003 dona
1371 4965 1529 5019 quam
1572 4951 1622 5011 in
1661 4951 1911 5017 Operibus

317 5040 546 5111 justitlze
566 5081 581 5106 ,
615 5040 807 5108 quibus
833 5040 944 5093 vita
972 5050 1172 5095 aeterna
1205 5051 1573 5110 comparatur.
1617 5044 1910 5112 Propterea

320 5132 586 5185 Dominus
624 5132 870 5200 prohibet
899 5133 1026 5186 lt'nc
1056 5132 1288 5201 gaudere
1318 5134 1611 5203 discipulos
1641 5149 1761 5188 cum
1790 5136 1866 5188 ait
1893 5152 1907 5188 :

316 5223 501 5277 Nolite
532 5222 586 5277 in
635 5224 736 5276 hoc
777 5223 1011 5292 gaudere
1052 5224 1177 5292 quia
1224 5226 1445 5293 spiritus
1492 5226 1644 5280 vobis
1682 5225 1909 5297 subjecti

316 5324 481 5377 sunt,
527 5315 619 5368 sed
663 5317 892 5386 gaudete
934 5318 1186 5385 quoniam
1232 5319 1447 5371 nomina
1493 5328 1667 5374 vestra
1710 5320 1909 5388 scripta

317 5417 449 5462 sunt
486 5408 539 5462 in
582 5408 746 5466 creto.
790 5407 922 5466 Cum
963 5424 1092 5480 ergo
1134 5409 1256 5466 talia
1280 5402 1481 5465 fat-iunt
1518 5412 1693 5483 magi,
1726 5414 1903 5481 qualia

322 5515 707 5568 nonnunquam
742 5498 943 5555 faciunt
973 5502 1184 5570 sancti,
1214 5504 1337 5556 talia
1360 5503 1572 5572 quidem
1614 5504 1904 5559 visibiliter

316 5605 443 5644 esse
474 5601 765 5659 apparent,
797 5591 890 5646 sed
934 5604 988 5647 et
1028 5592 1245 5648 diverso
1288 5594 1393 5649 ﬁne
1436 5605 1491 5649 et
1530 5595 1746 5651 diverso
1783 5595 1904 5665 jure

321 5681 459 5735 ﬁunt
485 5698 497 5733 :
533 5681 609 5735 illi
639 5686 781 5736 enim
815 5682 1014 5738 faciunt
1042 5695 1347 5757 quaerentes
1376 5685 1597 5755 gloriam
1628 5701 1799 5753 suam,
1831 5687 1905 5745 illi

321 5784 624 5840 quaerentes
654 5775 874 5843 gloriam
906 5776 1036 5840 Dei;
1071 5789 1125 5832 ct
1165 5778 1240 5833 illi
1283 5778 1481 5833 faciunt
1525 5793 1616 5847 per
1657 5780 1900 5850 quaedam

607 5890 873 5976 Pariter.
911 5890 1102 5954 LX".

2018 4680 2323 4732 citatioocm
2352 4677 2641 4747 patientia}.
2674 4677 2855 4744 Itaque
2878 4678 3055 4735 anima
3091 4677 3440 4748 [Christiana]
3470 4682 3605 4738 senti

2020 4784 2111 4837 per
2143 4768 2375 4833 invigilat
2404 4768 2455 4820 itt
2485 4767 2915 4821 tribulationibus
2938 4769 3072 4831 suis,
3093 4768 3242 4836 sequi
3275 4768 3604 4827 voinntntt-m

2018 4860 2229 4916 Domini
2263 4860 2343 4912 sui
2367 4901 2381 4925 ,
2412 4858 2523 4929 [tte]
2555 4858 2878 4917 ordinatiorti
2907 4857 3000 4915 Dei
3032 4859 3335 4915 resistendo
3364 4862 3607 4928 acquirat

2016 4952 2115 5004 sibi
2138 4950 2350 5020 gravius
2373 4947 2655 5018 judicium.
2681 4947 2831 5014 Quod
2855 4947 2997 5006 enim
3021 4948 3135 5017 ipse
3162 4948 3421 5003 Dominus
3444 4966 3607 5018 agens

2018 5043 2311 5105 hominem,
2344 5038 2530 5094 I'ontio
2554 5039 2722 5093 Pilato
2746 5038 2901 5103 dixit,
2924 5038 3026 5094 hoc
3046 5051 3102 5095 et
3118 5041 3219 5094 Job
3235 5042 3451 5096 diabolo
3473 5057 3599 5111 pos-

2016 5144 2097 5188 set
2127 5133 2310 5189 dicere
2338 5149 2350 5185 :
2382 5133 2498 5186 Non
2528 5130 2757 5186 haberes
2785 5131 2839 5186 in
2868 5146 2953 5185 nte
2980 5142 3323 5200 potestatem,
3348 5133 3448 5186 nisi
3474 5132 3598 5200 data
3632 5186 3633 5189 η

2017 5226 2110 5281 tibi
2131 5235 2276 5283 esset
2296 5224 2545 5293 desuper.
2571 5223 2685 5278 Non
2708 5239 2837 5294 ergo
2860 5222 2977 5295 ejus
2997 5227 3246 5280 voluntas
3267 5225 3420 5294 cujus
3441 5225 3596 5282 malis

2018 5318 2104 5371 tia:
2133 5324 2374 5390 potestas
2404 5316 2456 5369 in
2488 5315 2661 5370 bonos
2690 5313 2870 5380 datur,
2897 5315 2991 5372 sed
3023 5315 3140 5384 ejus
3167 5316 3419 5375 voluntas
3440 5330 3471 5367 a
3493 5331 3599 5383 quo

2018 5412 2133 5464 tunc
2153 5420 2388 5479 potestas
2403 5408 2580 5474 datur,
2602 5408 2763 5464 debet
2788 5409 2943 5464 nobis
2962 5422 3086 5463 esse
3102 5406 3449 5465 charissima:
3468 5423 3597 5479 qua-

2018 5504 2160 5562 niam
2203 5503 2476 5559 tribulatio
2516 5504 2824 5573 patientiam
2860 5511 3135 5572 operatur,
3177 5501 3430 5571 patientia
3469 5517 3605 5561 vero

2017 5595 2417 5665 probationem,
2449 5596 2692 5667 probatio
2723 5608 2849 5649 vero
2878 5608 3028 5661 Spem
3054 5609 3070 5659 ;
3114 5608 3239 5663 Spes
3278 5604 3456 5658 autem
3489 5610 3599 5660 non

2016 5688 2313 5754 confundit,
2344 5688 2592 5758 quoniam
2620 5685 2854 5740 charitas
2880 5684 2972 5747 Dei
2995 5684 3187 5749 ditl‘usa
3214 5697 3297 5740 est
3332 5687 3389 5751 in
3413 5686 3595 5755 cordis

2027 5784 2127 5837 bus
2149 5782 2365 5849 nostris,
2384 5796 2477 5855 per
2496 5777 2750 5847 Spiritum
2774 5787 3016 5839 sanctum
3041 5776 3128 5847 qui
3148 5762 3306 5835 datus
3322 5788 3400 5834 cst
3425 5778 3600 5845 nobis,

3064 5893 3159 5977 ,δίο
