4020 6190
407 349 542 407 1067

939 453 1158 512 CAPUT
1197 449 1462 507 CCCXLI.

604 597 858 650 Adi-orsus
887 587 1267 644 mathematicos
1291 599 1310 648 ς
1339 598 1400 637 ea:
1429 581 1604 636 eodem
1633 581 1784 634 libro.

476 733 596 789 Non
640 744 733 785 eos
773 726 1103 796 appellarunt
1148 718 1556 774 mathematicos
1600 724 1844 778 veteres,
1894 712 1985 779 qui

408 839 547 879 nunc
573 822 929 891 appelluntur,
963 815 1056 870 sed
1105 815 1222 867 illos
1265 811 1353 881 qui
1388 819 1687 875 temporum
1731 817 1987 857 numeros

407 923 553 968 motu
595 910 719 964 εαξη
764 923 825 960 ac
871 907 1105 959 siderum
1156 903 1626 970 pervestigarunt;
1681 897 1748 952 de
1795 898 1987 964 quibus

409 1003 705 1060 rectissime
745 1001 938 1054 dicitur
978 999 1029 1052 in
1066 997 1355 1062 Scripturis
1384 993 1583 1047 sanctis
1617 1009 1628 1043 :
1663 991 1856 1045 Iterum
1879 981 1988 1042 nec

410 1095 490 1150 his
520 1094 681 1148 debet
711 1091 948 1161 ignosci,
982 1089 1027 1144 si
1055 1088 1194 1140 enim
1223 1094 1426 1138 tantum
1467 1084 1605 1137 scire
1647 1077 1985 1154 [poterunt],

412 1195 470 1240 ut
499 1184 705 1255 possint
735 1183 1002 1236 aestimare
1028 1178 1307 1239 szeculum,
1336 1174 1605 1243 quomodo
1629 1173 1782 1240 hujus
1811 1169 1992 1223 Domi-

413 1291 537 1330 num
587 1290 693 1329 non
738 1272 942 1326 facilius
983 1266 1336 1323 invenerunt?
1379 1265 1530 1320 Meus
1569 1264 1710 1316 enim
1756 1261 1988 1316 humana

411 1367 478 1420 de
509 1362 804 1418 visibilibus
830 1361 1074 1429 judicans
1107 1366 1279 1424 potest
1308 1369 1601 1424 agnoscere
1632 1353 1880 1409 omnibus
1915 1352 1993 1406 vi-

411 1455 654 1510 sibilibus
697 1454 926 1520 seipsam
966 1465 1086 1505 esse
1122 1449 1424 1504 meliorem.
1477 1447 1607 1512 Qua:
1649 1455 1830 1500 tamen
1869 1459 1993 1499 cum

411 1547 572 1600 etiam
599 1561 656 1600 se
679 1554 898 1614 prepter
923 1541 1232 1596 defunctum
1257 1536 1569 1612 [defectum]
1593 1535 1996 1605 profectumque

415 1637 469 1691 in
492 1635 748 1705 sapientia
773 1633 968 1686 fatetur
995 1645 1115 1686 esse
1139 1630 1445 1684 mutabilem
1463 1671 1479 1694 ,
1505 1627 1715 1681 invenis
1744 1622 1994 1696 [invenit]

414 1741 573 1796 supra
609 1741 668 1779 se
696 1739 815 1780 esse
845 1721 1328 1777 incommutabilem
1359 1721 1635 1774 veritatem
1672 1736 1687 1785 ;
1727 1726 1886 1786 atque
1927 1717 1996 1769 ita

1487 338 1546 391 D.
1593 333 1912 394 EUGYI'I‘ll
1957 327 2240 385 ABBATIS
2281 323 2601 381 AFRICANI

2011 447 2058 500 Α
2091 448 2208 493 tuas
2239 438 2576 492 membranas
2619 433 2843 501 scriptas
2889 429 3188 501 quaslibet,
3220 428 3287 482 de
3317 427 3518 499 quibus
3547 429 3665 496 ple-

3535 314 3665 369 1068

2091 544 2313 597 rumque
2341 541 2436 596 pro
2459 527 2733 579 voluntate
2759 536 2879 576 sors
2898 521 3041 585 erit;
3065 518 3207 588 quod
3235 519 3279 572 si
3303 533 3409 570 non
3437 528 3556 570 arte
3603 517 3671 571 de

2089 619 2372 672 codicibus
2395 616 2509 670 exit
2533 628 2674 682 smpe
2720 625 2906 665 versus
2936 610 3106 664 futura
3138 605 3526 677 praenuntians,
3547 607 3673 672 quid

2093 712 2286 762 mirum
2319 708 2362 761 si
2394 705 2554 760 etiam
2587 718 2655 756 ex
2691 703 2870 754 animo
2901 698 3167 767 loquentis
3193 738 3207 758 .
3243 711 3347 750 non
3382 704 3499 748 arte
3527 695 3674 764 {sed}

2091 808 2237 853 sorte
2263 797 2374 850 exit
2402 795 2574 865 aliqua
2607 791 2882 861 praedictio
2911 789 3143 842 futurum
3174 789 3183 858 ι
3210 783 3583 856 futurorum]?

2603 922 2825 978 CAPUT
2860 920 3152 975 CCCXL".

2733 1036 2810 1091 De
2846 1035 3029 1089 Verbo.

2164 1156 2221 1210 In
2253 1152 2510 1223 principio
2539 1157 2653 1205 erat
2681 1149 2940 1210 Verbum,
2967 1143 3105 1213 quod
3137 1142 3323 1197 Grzece
3351 1141 3510 1213 Λόγος
3539 1140 3672 1194 dici-

2099 1254 2200 1308 tur,
2245 1244 2434 1299 Latine
2460 1250 2515 1296 et
2565 1239 2872 1301 Rationem,
2903 1245 2957 1289 et
2985 1235 3212 1288 Verbum
3245 1231 3545 1301 signiﬁcat:
3580 1234 3677 1284 sed

2099 1335 2200 1390 hoc
2230 1337 2347 1390 loco
2377 1335 2567 1388 melius
2601 1330 2830 1386 Verbum
2860 1328 3290 1394 interpre'amur,
3323 1331 3381 1376 ut
3407 1322 3676 1391 signiﬁceo

2099 1436 2184 1480 tur
2223 1441 2326 1478 non
2373 1425 2546 1477 solum
2590 1421 2656 1475 ad
2703 1421 2912 1473 Patrem
2967 1426 3266 1485 respectus,
3318 1413 3411 1468 sed
3458 1415 3524 1466 ad
3585 1413 3676 1466 illa

2099 1517 2260 1571 etiam
2291 1531 2411 1586 qua:
2458 1529 2553 1583 per
2585 1512 2815 1566 Verbum
2845 1510 2977 1562 facta
3007 1517 3153 1572 sunt,
3175 1505 3449 1575 operativa
3481 1513 3677 1574 poten-

2101 1608 2191 1660 tia.
2221 1607 2374 1660 Ratio
2399 1613 2599 1667 autem,
2646 1602 2746 1658 etsi
2777 1599 2908 1654 nihil
2939 1613 3034 1669 per
3057 1598 3202 1652 illam
3234 1598 3344 1663 liat,
3374 1605 3522 1650 recte
3543 1592 3679 1648 ratio

2101 1697 2316 1751 dicitur.

414 1821 695 1875 adhzerens
739 1827 858 1888 post
901 1817 1101 1887 ipsam,
1149 1815 1284 1871 sicut
1323 1815 1522 1868 dictum
1567 1821 1650 1867 est
1681 1829 1692 1865 :
1740 1811 1852 1882 98
1896 1809 2002 1864 Ad-
2036 1817 2078 1877 Β
2110 1829 2184 1882 οε
2209 1844 2267 1881 ρο
2290 1827 2423 1896 "ad
2456 1828 2703 1896 sem-pm”,
2731 1833 2846 1879 εει,
2882 1823 3008 1896 δέκα
3031 1822 3146 1896 in“
3174 1817 3681 1896 fu‘wfsﬂlnihﬂl'

417 1907 574 1962 haesit
597 1909 769 1961 anima
805 1922 920 1960 mea
953 1915 1072 1975 post
1094 1914 1177 1971 te;
1207 1905 1358 1958 beata
1385 1902 1637 1966 efficitur,
1669 1899 1992 1954 intrinsecus

417 1997 695 2052 inveniens
723 1997 882 2051 etiam
914 1995 1153 2049 omnium
1185 1993 1474 2048 visibilium
1505 2001 1804 2045 creatorem
1837 1999 1995 2056 atque

420 2087 702 2141 Dominum
724 2128 736 2150 ,
767 2102 871 2140 non
900 2093 1146 2153 quaerens
1176 2085 1512 2139 extrinsecus
1537 2079 1788 2143 visibilia,
1812 2093 1995 2147 quam-

419 2180 502 2235 vis
527 2179 795 2244 ccelestia,
820 2192 940 2247 qua:
967 2186 1060 2230 aut
1086 2191 1191 2230 non
1221 2174 1583 2238 inveniuntur,
1615 2181 1845 2225 autcum
1881 2182 1996 2223 ma-

420 2285 526 2340 gno
555 2270 739 2325 labore
768 2270 962 2324 frustra
993 2267 1358 2330 inveniuntur,
1399 2264 1498 2319 nisi
1539 2279 1604 2318 ex
1651 2277 1835 2316 eorum
1880 2275 1998 2329 quze

420 2360 553 2416 foris
591 2370 713 2414 sunt
761 2357 1155 2428 pulchritudine
1185 2355 1486 2410 inveniatur
1513 2353 1705 2408 artifex
1736 2351 1827 2420 qui
1861 2352 2000 2405 intus

419 2461 537 2516 est,
569 2459 620 2505 et
652 2449 800 2519 prius
828 2453 879 2502 in
909 2449 1082 2501 anima
1111 2445 1437 2516 superiores,
1469 2444 1664 2498 deinde
1694 2443 1744 2496 in
1776 2456 2002 2510 corpore

422 2540 705 2597 inferiores
737 2538 1159 2609 pulchritudines
1184 2544 1455 2604 operatur.
1488 2534 1760 2589 Adversus
1789 2547 1882 2586 eos
1908 2546 2002 2583 au-

424 2643 529 2690 tem
582 2633 672 2703 qui
723 2648 865 2687 nunc
913 2632 1247 2702 appellantur
1297 2627 1716 2689 mathematici,
1757 2626 2001 2680 volentes

423 2735 575 2782 actus
607 2737 822 2780 nostros
851 2725 1167 2794 corporibus
1196 2720 1506 2778 cmlestibus
1535 2720 1789 2784 subdere,
1824 2727 1876 2773 et
1907 2734 2003 2772 nos

427 2817 660 2874 vendere
689 2818 893 2886 stellis,
924 2818 1203 2884 ipsumque
1240 2815 1468 2882 pretium
1512 2829 1618 2882 quo
1658 2812 1937 2865 vendiinur
1973 2825 2003 2864 a

429 2909 584 2964 nobis
613 2907 859 2976 accipere
879 2951 894 2973 ,
933 2907 1065 2961 nihil
1114 2905 1329 2961 brevius
1367 2913 1424 2958 et
1450 2903 1625 2958 verius
1654 2903 1755 2956 dici
1789 2910 2001 2970 potest,

431 3014 592 3070 quam
621 3013 714 3053 eos
742 3014 848 3052 nou
879 2997 1208 3068 respondere
1232 3038 1244 3060 ,
1295 2995 1397 3049 nisi
1441 2993 1675 3060 acceptis
1720 2992 2006 3047 constella-

425 3090 698 3154 tionibus;
730 3090 782 3144 in
825 3088 1320 3143 constellationibus
1357 3094 1534 3140 autem
1579 3084 1750 3139 notari
1792 3093 2001 3152 partes,

2167 1909 2216 1952 et
2247 1889 2312 1950 de
2333 1899 2526 1950 duabus
2560 1889 2936 1967 'prtrpositt'mtt'b
2949 1912 3029 1961 us,
3053 1889 3125 1948 de
3154 1889 3204 1946 et
3229 1907 3316 1946 ex.
3350 1889 3429 1943 Et
3458 1889 3588 1941 libro
3620 1891 3682 1940 de

2173 1968 2378 2022 Natura
2405 1969 2545 2021 boni.

2172 2103 2229 2156 ln
2271 2099 2532 2171 principio
2561 2107 2676 2154 erat
2709 2097 2978 2160 Verbum,
3011 2105 3066 2150 et
3089 2093 3333 2150 Verbum
3366 2101 3484 2148 erat
3534 2091 3678 2160 apud

2103 2194 2292 2254 Deum,
2319 2202 2375 2247 et
2403 2192 2541 2245 Deus
2585 2200 2702 2244 erat
2733 2188 2994 2243 Verbum:
3048 2186 3150 2240 hoc
3190 2194 3307 2239 erat
3337 2185 3392 2238 in
3423 2183 3681 2251 principio

2103 2285 2242 2354 apud
2271 2283 2468 2348 Deum;
2519 2286 2698 2335 omnia
2747 2295 2842 2348 per
2875 2279 3051 2348 ipsum
3100 2279 3236 2331 facta
3283 2287 3430 2339 sunt,
3481 2286 3536 2330 et
3563 2277 3691 2329 sine

2104 2376 2220 2444 ipso
2245 2374 2439 2427 factum
2465 2381 2545 2426 est
2575 2371 2707 2424 nihil
2729 2388 2744 2431 ;
2773 2369 2823 2424 id
2848 2379 2950 2434 est,
2976 2384 3086 2422 non
3103 2377 3188 2423 est
3205 2368 3402 2422 factum
3425 2367 3542 2420 sine
3565 2366 3690 2435 ipso

2103 2464 2322 2534 aliquid.
2357 2464 2541 2530 Neque
2569 2463 2712 2517 enim
2741 2461 3009 2515 audienda
3037 2471 3162 2515 sum
3191 2457 3548 2512 deliramenta
3589 2457 3685 2510 ho-

2105 2554 2306 2613 minum
2334 2553 2422 2622 qui
2468 2552 2597 2605 nihil
2629 2552 2730 2606 hoc
2765 2552 2884 2606 loco
2911 2550 3108 2619 aliquid
3155 2548 3560 2616 intelligendum
3589 2565 3684 2616 pu-

2106 2655 2239 2711 tant,
2269 2653 2324 2700 et
2363 2643 2430 2698 ad
2465 2642 2772 2710 huiusmodi
2828 2643 3114 2694 vanitatem
3165 2648 3446 2707 promeres
3501 2643 3686 2703 putant

2103 2737 2220 2805 cogi
2255 2749 2409 2804 posse
2431 2731 2820 2802 aliquetn,quia
2849 2733 3018 2799 ipsum
3040 2729 3170 2782 nihil
3191 2728 3242 2782 in
3272 2731 3375 2781 line
3403 2727 3686 2781 sententia:

2107 2830 2336 2895 positum
2359 2834 2463 2881 est.
2495 2825 2654 2892 Ergo,
2685 2821 2951 2890 inquiunt.
2977 2819 3172 2874 factum
3200 2827 3304 2880 est,
3329 2828 3382 2872 et
3413 2816 3533 2870 ideo
3557 2816 3684 2883 quia.

2105 2916 2304 2970 factum
2327 2915 2619 2983 est,ipsum
2644 2911 2772 2965 nihil
2796 2911 2992 2980 aliquid
3015 2920 3095 2966 est
3116 2926 3134 2973 ',
3157 2924 3374 2966 sensum
3397 2910 3538 2963 enim
3565 2923 3685 2975 per-

2107 3007 2355 3061 diderunt
2383 3006 2560 3059 studio
2589 3003 2989 3058 contradicendi
3014 3042 3032 3066 ,
3087 3017 3186 3056 nec
3215 3002 3519 3071 intelligunt
3547 2999 3684 3055 nihil

2110 3098 2366 3150 interesse
2388 3107 2566 3149 utrum
2591 3095 2818 3156 dicatur,
2838 3093 2952 3147 siue
2973 3094 3063 3147 illo
3090 3092 3286 3147 factum
3311 3104 3396 3145 est
3412 3091 3563 3155 nihil,
3587 3106 3680 3156 an,

426 3179 612 3250 quales
639 3188 909 3236 treCentas
941 3179 1215 3248 sexaginta
1248 3177 1435 3231 dicunt
1465 3175 1662 3228 habere
1689 3171 1999 3241 signiferum

2113 3189 2223 3245 sine
2265 3189 2356 3242 illo
2398 3187 2532 3240 nihil
2568 3186 2762 3240 factum
2805 3195 2885 3238 est
2916 3200 2931 3238 :
2964 3184 3088 3252 quia
3114 3191 3168 3238 et
3201 3184 3246 3238 si
3276 3183 3366 3236 illo
3395 3181 3582 3236 ordine
3607 3181 3687 3234 di~

427 3271 686 3328 circulum
713 3288 727 3332 ς
761 3279 964 3325 motum
995 3276 1173 3321 autem
1204 3265 1325 3321 caali
1358 3280 1452 3334 per
1481 3279 1638 3318 unam
1673 3263 1856 3316 horam
1891 3261 2004 3316 fieri

426 3376 480 3420 tn
529 3363 836 3433 quindecim
887 3361 1163 3430 partibus,
1207 3369 1263 3412 ut
1315 3365 1458 3411 tanta
1509 3371 1655 3410 mora
1701 3353 2006 3426 quindecim

429 3462 610 3522 partes
640 3451 905 3516 oriantur,
935 3460 1193 3518 quantum
1225 3456 1370 3501 tenet
1398 3461 1499 3498 una
1531 3447 1660 3498 hora
1693 3461 1706 3496 :
1737 3459 1857 3513 qua:
1888 3458 2009 3512 par-

434 3557 514 3600 tes
539 3543 764 3613 singula:
789 3542 1066 3609 sexaginta
1100 3541 1334 3592 minutas
1364 3538 1560 3592 habere
1589 3538 1839 3591 dicuntur
1864 3555 1878 3601 ;
1912 3538 2008 3590 mi-

431 3641 586 3688 nutas
616 3642 796 3686 autem
828 3630 1150 3685 minutarum
1173 3629 1281 3697 jam
1306 3629 1357 3681 in
1384 3627 1914 3691 constellatiouibus,
1941 3625 2008 3680 de

431 3723 623 3792 quibus
654 3722 826 3777 futura
874 3719 1164 3792 pra-dicere
1203 3734 1262 3775 se
1301 3720 1520 3784 dicunt,
1563 3733 1669 3772 non
1711 3717 2007 3772 inveniunt.

432 3815 733 3883 Conceptus
761 3823 938 3868 autem
971 3811 1337 3882 geminorum,
1371 3811 1623 3878 quoniam
1669 3823 1774 3863 uno
1812 3823 2010 3863 concu-

434 3907 544 3962 bitu
587 3905 843 3971 efficitur,
894 3905 1212 3959 testantibus
1257 3902 1520 3967 medicis,
1571 3916 1796 3968 quorum
1849 3899 2012 3955 disci-

434 4003 577 4075 plina
607 4002 776 4057 multo
805 4011 886 4056 est
916 4000 1112 4056 certior
1139 4007 1300 4068 atque
1331 3998 1682 4064 manifestior,
1711 4006 1818 4051 tam
1848 4010 2010 4064 parvo

436 4103 630 4164 puncto
653 4093 913 4162 temporis
939 4092 1222 4159 contingit,
1251 4099 1306 4144 ut
1330 4089 1382 4144 in
1410 4090 1546 4144 duas
1573 4091 1805 4144 minutas
1833 4089 2010 4143 minu—

438 4197 608 4240 tarum
642 4201 747 4238 non
781 4184 1046 4237 tendatur.
1077 4181 1228 4236 Unde
1255 4195 1385 4249 ergo
1415 4180 1466 4233 in
1496 4181 1720 4249 geminis
1754 4189 1895 4234 tanta
1928 4181 2010 4236 di-

438 4275 664 4330 versitas
689 4273 956 4326 actiomtm
980 4313 994 4333 ,
1015 4280 1069 4324 et
1089 4279 1394 4333 eventuum,
1415 4277 1468 4322 et
1490 4267 1820 4323 voluntatum
1839 4309 1853 4334 ,
1879 4286 2014 4339 quos

439 4379 662 4420 necesse
683 4374 766 4419 est
790 4362 1033 4416 eamdem
1065 4360 1524 4415 constellationem
1555 4361 2013 4430 conceptionalem

441 4456 662 4521 habere,
686 4463 740 4509 et
765 4454 1040 4507 amborum
1074 4467 1233 4506 unam
1264 4451 1727 4507 constellationem
1755 4451 1868 4506 dari
1899 4467 2013 4507 ma-

2107 3286 2353 3342 cerctur,
2403 3275 2518 3328 sine
2568 3274 2656 3328 illo
2701 3272 2832 3326 nihil
2885 3272 3082 3326 factum
3129 3282 3252 3336 est;
3323 3279 3543 3340 possent
3607 3271 3685 3323 ui-

2112 3368 2402 3421 bilominus
2431 3365 2610 3419 dicere
2663 3365 2836 3432 ipsum
2867 3363 2998 3417 nihil
3033 3362 3230 3431 aliquid
3261 3376 3405 3428 esse,
3456 3363 3577 3430 quia
3619 3363 3686 3414 fa-

2111 3470 2252 3514 ctum
2281 3466 2384 3512 est.
2417 3454 2570 3523 Quod
2601 3455 2742 3508 enim
2772 3467 2956 3509 revera
2976 3451 3300 3522 estaliquid,
3320 3452 3446 3519 quid
3471 3452 3691 3506 interest

2111 3559 2284 3602 utrum
2320 3547 2394 3600 ita
2419 3545 2650 3608 dicatur,
2684 3544 2802 3598 sine
2830 3543 2919 3596 illo
2942 3541 3085 3596 facta
3110 3549 3194 3596 est
3219 3541 3436 3606 domus,
3460 3555 3548 3604 an,
3577 3541 3688 3594 sine

2111 3637 2202 3691 illo
2223 3636 2412 3689 domus
2434 3642 2518 3688 est
2549 3634 2705 3698 facta,
2737 3632 2863 3688 dum
2895 3632 3219 3700 intelligatur
3239 3631 3442 3701 aliquid
3464 3633 3581 3685 sine
3602 3631 3688 3684 illo

2112 3726 2327 3789 factum,
2356 3722 2500 3792 quod
2523 3722 2721 3792 aliquid
2751 3723 2942 3776 domus
2969 3723 3083 3776 est?
3109 3722 3185 3776 lta
3213 3722 3332 3790 quis
3357 3721 3558 3776 dictum
3582 3731 3686 3786 est,

2113 3819 2232 3874 sine
2259 3819 2376 3886 ipso
2408 3816 2604 3872 factum
2642 3824 2729 3872 est
2757 3815 2912 3882 nihil,
2941 3816 3192 3884 quoniam
3224 3813 3354 3868 nihil
3384 3814 3565 3885 utique
3585 3828 3689 3868 non

2112 3919 2193 3964 est
2217 3907 2443 3978 aliquid,
2461 3906 2676 3978 quando
2703 3921 2828 3962 vere
2858 3915 2913 3961 et
2935 3906 3149 3976 proprie
3171 3905 3387 3969 dicitur,
3406 3905 3521 3960 sive
3543 3905 3685 3959 dics-

2115 4009 2222 4067 tur,
2254 3999 2370 4055 sine
2403 3999 2491 4052 illo
2540 3999 2736 4051 factum
2784 4006 2868 4051 est
2907 3997 3065 4063 nihil,
3111 3997 3248 4062 sive,
3281 3996 3398 4050 sine
3428 3997 3521 4052 illo
3559 3997 3692 4050 nihil

2115 4087 2311 4144 factum
2341 4095 2449 4151 est,
2476 4087 2580 4149 vel,
2605 4085 2736 4139 nihil
2760 4094 2840 4140 est
2872 4083 3092 4151 factum,
3123 4085 3253 4138 nihil
3291 4086 3535 4140 interest.
3563 4085 3690 4151 Quis

2116 4188 2293 4252 autem
2317 4178 2444 4232 velit
2470 4176 2614 4245 loqui
2637 4190 2758 4230 cum
2787 4174 3093 4230 hominibus
3115 4176 3201 4245 qui
3227 4175 3328 4230 hoc
3356 4177 3527 4245 ipsum
3551 4176 3688 4246 quod

2116 4271 2253 4336 dixi,
2284 4271 2414 4324 nihil
2465 4270 2709 4335 interest,
2755 4279 2978 4336 possunt
3011 4268 3192 4324 dicere
3231 4287 3244 4321 :
3281 4269 3420 4338 Ergo
3470 4270 3691 4325 interest

2117 4362 2338 4432 aliquid,
2369 4360 2492 4426 quia
2531 4360 2703 4428 ipsum
2741 4359 2872 4412 nihil
2913 4359 3115 4425 aliquid
3156 4361 3282 4415 est?
3312 4359 3376 4414 iii
3403 4370 3580 4416 autem
3605 4360 3691 4428 qui

2117 4467 2308 4506 sanum
2355 4449 2556 4505 habent
2583 4449 2890 4514 cerebrum,
2943 4464 3057 4504 rem
3099 4447 3586 4504 tnanifestissimatn
3619 4451 3692 4502 vi-

440 4547 729 4603 thematico
754 4587 768 4610 ,
796 4552 1047 4614 tanquam
1097 4543 1255 4597 unius
1305 4541 1574 4596 hominis?
1615 4541 1671 4596 Si
1717 4552 1896 4596 autem
1943 4543 2010 4599 ad
2043 4538 2096 4601 D
2119 4543 2267 4608 dent,
2295 4542 2394 4597 hoc
2416 4541 2554 4596 idem
2573 4540 2821 4611 intelligi,
2839 4555 2959 4596 cum
2979 4540 3116 4606 dixi,
3137 4541 3267 4594 nihil
3291 4543 3532 4608 interest,
3554 4543 3693 4612 quod

441 4636 698 4704 genitales
718 4633 1155 4690 constellationes
1169 4646 1226 4686 se
1241 4642 1420 4687 tenere
1441 4631 1729 4696 voluerint,
1743 4629 1855 4702 [ab]
1882 4631 2014 4702 ipsis

441 4724 668 4795 geminis
694 4725 1068 4788 excluduntur,
1091 4724 1180 4792 qui
1207 4723 1516 4792 plerumque
1543 4722 1612 4774 ita
1643 4731 1760 4792 post
1789 4722 2014 4777 invicem

441 4815 734 4870 funduntur
753 4829 816 4870 ex
848 4825 1020 4878 utero,
1046 4822 1104 4868 ut
1127 4814 1228 4869 hoc
1255 4813 1510 4883 temporis
1532 4812 1868 4867 intervallum
1897 4829 2016 4867 rur-

443 4920 534 4959 sus
564 4905 628 4957 ad
661 4904 892 4957 minutas
919 4905 1239 4957 minutarum
1272 4912 1589 4970 revertatur,
1621 4918 1753 4970 quas
1785 4913 2017 4957 tractan-

443 4997 542 5051 das
593 4997 645 5050 in
696 4994 1190 5047 constellationibus
1240 5009 1507 5063 nunquam
1560 4994 1866 5062 accipiunt,
1918 5009 2016 5048 nec

447 5098 665 5158 possunt
695 5093 942 5138 tractare.
973 5082 1103 5137 Cum
1137 5093 1313 5137 autem
1347 5087 1508 5138 multa
1542 5100 1664 5138 vera
1694 5100 1786 5138 eos
1815 5085 2019 5139 dixisse

447 5178 790 5248 praedicatur,
820 5172 943 5229 ideo
975 5175 1063 5238 lit,
1093 5173 1214 5242 quia
1247 5187 1350 5227 non
1393 5184 1574 5229 tenent
1617 5175 1860 5230 homines
1902 5190 2016 5228 me-

447 5270 614 5324 moria
647 5267 907 5323 falsitates
936 5279 1255 5332 erroresque
1291 5279 1508 5329 eorum,
1549 5266 1642 5320 sed
1688 5281 1793 5320 non
1837 5269 2021 5322 intenti

447 5358 549 5415 nisi
581 5361 635 5415 in
661 5374 722 5414 ea
746 5374 864 5428 qua:
887 5358 1097 5412 illorum
1127 5357 1401 5425 responsis
1425 5360 1793 5426 provenerint,
1821 5374 1880 5413 ea
1905 5376 2024 5428 qua:

453 5465 555 5505 non
586 5451 930 5520 provenerint
959 5449 1388 5514 osliviscuntur;
1419 5459 1475 5504 et
1501 5463 1562 5504 ea
1594 5458 2024 5504 commemorant

453 5558 568 5610 qua:
591 5558 697 5597 non
721 5551 836 5598 arte
859 5544 968 5607 illa,
993 5558 1112 5612 qua!
1134 5541 1275 5596 nulla
1295 5549 1397 5606 est,
1423 5539 1519 5594 sed
1544 5539 1769 5608 quadam
1797 5540 2024 5593 obscura

457 5648 629 5688 rerum
660 5643 808 5689 sorte
835 5636 1170 5701 contingunt.
1203 5631 1360 5699 Quod
1386 5632 1428 5686 si
1461 5631 1664 5700 peritize
1692 5630 1903 5684 illorum
1933 5645 2028 5684 vo-

457 5724 571 5780 lunt
597 5723 850 5792 tribuere,
882 5724 1063 5779 dicant
1091 5725 1376 5780 artiliciose
1405 5721 1645 5779 divinare
1673 5724 1832 5779 etiam
1865 5739 2012 5779 mor-

2123 4635 2508 4703 intelligeretur
2537 4632 2581 4686 si
2623 4631 2880 4697 dicerem,
2928 4632 3152 4685 interest
3183 4631 3336 4686 nihil.
3392 4634 3458 4687 At
3490 4633 3605 4695 isti,
3651 4634 3694 4688 si

2123 4725 2278 4778 alicui
2304 4723 2503 4790 dicant,
2533 4723 2658 4793 quid
2691 4722 2903 4777 fecisti?
2934 4732 2986 4776 et
3025 4723 3112 4777 ille
3135 4723 3456 4792 respondeat
3483 4724 3612 4776 nihil
3639 4739 3695 4778 se

2130 4817 2338 4880 fecisse,
2367 4828 2704 4883 consequens
2729 4823 2811 4868 est
2838 4824 2891 4867 ut
2914 4814 2960 4867 ei
2984 4814 3398 4878 calumnientur,
3425 4815 3692 4871 dicentes:

2127 4907 2320 4959 Fecisti
2351 4921 2478 4974 ergo
2506 4905 2727 4974 aliquid,
2777 4904 2901 4973 quia
2950 4905 3078 4958 nihil
3112 4904 3322 4965 fecisti:
3355 4907 3528 4976 ipsum
3554 4909 3695 4960 enim

2128 4997 2258 5050 nihil
2286 4996 2482 5066 aliqu‘d
2513 5005 2613 5050 est.
2659 4995 2865 5050 Habent
2894 5005 3070 5049 autem
3111 5004 3165 5050 et
3210 4998 3381 5066 ipsum
3416 4998 3696 5052 Dominum

2129 5091 2181 5144 in
2217 5091 2320 5144 line
2347 5090 2621 5144 sententia:
2653 5097 2935 5158 ponentem
2967 5089 3066 5143 hoc
3105 5089 3350 5152 verbum.
3379 5089 3465 5141 ubi
3493 5092 3603 5144 ait:
3637 5087 3700 5142 Et

2131 5183 2184 5237 in
2209 5183 2416 5237 occulto
2443 5183 2647 5235 locutus
2673 5197 2791 5235 sum
2823 5181 2975 5234 nihil.
3010 5181 3148 5250 Ergo
3184 5181 3360 5250 legant
3387 5190 3444 5234 et
3469 5191 3699 5238 taceant.

2130 5273 2264 5338 Quia
2288 5287 2414 5341 ergo
2437 5271 2574 5326 Deus
2597 5273 2774 5324 omnia
2800 5287 2918 5340 qua:
2947 5285 3050 5324 non
3074 5270 3143 5326 de
3172 5285 3228 5325 se
3255 5271 3462 5338 genuit,
3484 5274 3578 5327 sed
3609 5289 3701 5341 per

2135 5367 2366 5420 Verbum
2385 5381 2534 5419 suum
2569 5363 2716 5432 fecit,
2744 5379 2848 5419 non
2867 5365 2935 5419 de
2957 5364 3039 5418 his
3070 5365 3229 5418 rebus
3255 5379 3371 5434 qua:
3395 5364 3506 5433 jam
3529 5377 3706 5430 erant,

2132 5457 2223 5512 sed
2251 5457 2317 5511 de
2343 5457 2424 5510 bis
2444 5471 2561 5526 qua:
2593 5456 2810 5510 omnino
2843 5471 2945 5508 non
2971 5465 3148 5518 erant,
3185 5454 3286 5510 hoc
3307 5464 3388 5509 est
3417 5458 3483 5510 de
3515 5455 3700 5520 nihilo,

2132 5548 2274 5611 fecit,
2305 5548 2378 5602 ita
2400 5546 2529 5600 dicit
2556 5546 2873 5616 Apostolus:
2895 5543 2994 5611 Qui
3022 5554 3177 5600 vocat
3201 5559 3402 5614 eaquae
3431 5562 3536 5598 non
3560 5555 3700 5612 sunt,

2134 5647 2384 5704 tanquam
2416 5633 2498 5706 [ea
2526 5635 2668 5707 quae]
2699 5636 2824 5689 sint.
2858 5637 3112 5703 Apertius
3139 5645 3314 5689 autem
3350 5637 3401 5688 in
3432 5636 3567 5689 libro
3601 5635 3698 5689 Ma-

2133 5728 2473 5783 cbabtcorum
2523 5727 2774 5798 scriptum
2823 5735 2938 5780 est:
2979 5725 3087 5779 Uro
3135 5735 3208 5790 te,
3265 5724 3359 5793 illi,
3393 5725 3601 5792 respice
3642 5725 3700 5778 ad
