4020 6190
409 292 538 349 ίοῗί

1478 287 1535 341 D.
1584 284 1901 344 lLUGYPPll
1944 284 2229 343 ABBATIS
2264 288 2587 346 AFRICANI

3538 292 3666 346 1072

402 404 696 472 mortisque
732 401 1051 457 seminatum
1079 408 1182 468 est,
1232 412 1371 455 nunc
1408 412 1530 455 esse
1560 399 1613 454 in
1647 399 1819 469 gloria
1849 400 1977 454 vit:e
2006 403 2055 461 Α
2085 403 2349 471 ruptelam
2378 418 2499 473 qua:
2530 418 2630 458 nec
2655 401 2861 460 doloris
2880 402 3281 473 corruptionem
3312 404 3419 472 pati
3454 414 3661 467 potest:

404 507 649 560 a-ternaa;
681 504 736 550 et
759 494 900 565 quod
927 509 995 549 ex
1014 493 1321 549 inﬁrmitate
1346 492 1517 563 potuit
1543 491 1807 561 cruciﬁgi,
1836 505 1980 546 nunc

405 588 459 640 in
490 586 685 640 virtute
722 598 988 653 regnare;
1044 591 1102 637 et
1139 581 1281 651 quod
1324 590 1441 636 erat
1488 595 1685 651 corpus
1722 569 1985 649 animale,

403 678 656 747 quoniam
685 690 749 729 ex
781 673 955 728 Adam
982 681 1251 740 sumptum
1280 680 1384 736 est,
1417 687 1522 725 non
1553 685 1673 727 esse
1710 671 1977 741 spiritale.

399 767 651 836 quoniam
696 764 905 833 spiritui
931 762 1042 830 jam
1076 761 1505 829 inseparabiliter
1535 762 1842 829 copulatum
1872 772 1976 818 est.

892 894 1119 950 CAPUT
1158 893 1478 949 CCCXLlV.

402 984 477 1046 ne
505 1003 714 1059 corpore
756 987 967 1041 animali
1008 996 1056 1059 et
1102 1002 1316 1054 corpore
1354 984 1595 1055 spiritali,
1638 986 1706 1039 ad
1748 984 1977 1039 eumdem

1013 1055 1361 1110 Consentium.

468 1170 613 1225 Dixit
634 1167 923 1237 Apostolus
946 1182 962 1221 :
987 1168 1298 1221 Seminatur
1312 1181 1507 1235 corpus
1530 1165 1781 1233 animale,
1799 1173 1981 1237 surget

397 1276 591 1331 corpus
631 1258 889 1328 spiritale.
938 1257 1167 1311 Proinde
1198 1256 1335 1311 sicut
1364 1258 1598 1314 animale
1646 1271 1843 1327 corpus
1873 1271 1978 1311 non

398 1363 479 1407 est
518 1352 719 1414 anima,
750 1350 843 1404 scd
874 1362 1092 1418 corpus,
1131 1348 1202 1403 ita
1247 1358 1302 1403 et
1340 1347 1580 1419 spiritale
1628 1363 1825 1418 corpus
1874 1362 1979 1402 non

403 1446 648 1515 spiritum
700 1443 958 1499 debemus
1006 1450 1213 1512 putare,
1245 1441 1339 1497 sed
1382 1455 1597 1510 corpus.
1645 1441 1775 1509 Quis
1820 1455 1981 1510 porro

396 1538 591 1590 audeat
618 1534 848 1603 Opinari,
879 1532 963 1587 vel
989 1530 1186 1587 Christi
1214 1545 1409 1601 corpus
1464 1545 1570 1586 non
1622 1531 1864 1601 spiritale
1891 1544 1979 1586 re-

400 1624 721 1687 surrexisse,
745 1622 828 1676 vel
851 1622 895 1675 si
922 1619 1159 1690 spiritale
1180 1620 1495 1687 resurrexit,
1521 1632 1627 1674 non
1651 1618 1761 1689 jam
1785 1632 1982 1687 corpus

399 1716 584 1782 tuisse,
626 1714 720 1767 sed
765 1714 1008 1781 spiritum
1036 1726 1192 1783 :cum
1222 1711 1359 1766 hanc
1398 1710 1706 1781 opinionem
1750 1710 1979 1781 discipu-

364 1811 567 1863 *lorum
593 1805 822 1871 refellat,
845 1805 933 1859 tibi
957 1818 1076 1859 cum
1104 1818 1226 1859 eum
1254 1803 1499 1858 videntes
1524 1803 1900 1858 existimarent
1920 1817 1979 1857 se

394 1900 639 1968 spiritum
668 1897 875 1961 videre,
906 1896 1018 1950 ait:
1043 1893 1283 1964 Palpate,
1322 1901 1377 1948 et
1399 1893 1577 1949 videte
1608 1893 1731 1963 quia
1757 1893 1979 1962 spiritus

394 2004 515 2044 ossa
547 1999 601 2043 et
630 2001 846 2041 carnem
878 2000 982 2039 non
1016 1984 1197 2050 habet,
1226 1984 1364 2038 sicut
1401 1997 1489 2038 me
1517 1983 1709 2038 videtis
1741 1982 1979 2038 habere?

392 2081 511 2134 .lam
546 2077 703 2146 igitur
732 2076 819 2130 illa
846 2088 971 2129 caro
999 2058 1242 2142 spiritale
1269 2081 1383 2128 erat
1412 2087 1627 2143 corpus,
1659 2086 1758 2128 nec
1799 2081 1978 2127 tamen

393 2166 627 2237 Spiritus
664 2174 801 2227 erat,
837 2162 931 2217 sed
960 2175 1179 2230 corpus,
1222 2160 1366 2215 nulla
1418 2160 1647 2215 ulterius
1693 2171 1867 2216 morte
1908 2160 1978 2216 ab

394 2256 567 2309 anima
601 2251 979 2309 resolvendum
1008 2258 1165 2317 atque
1194 2248 1596 2318 separandum:
1622 2248 1762 2304 sicut
1782 2263 1977 2320 corpus

392 2344 647 2408 animale,
691 2342 848 2410 quale
877 2340 1169 2395 animatum
1199 2348 1284 2394 est
1314 2339 1407 2396 Dei
1452 2340 1603 2408 ﬁatu,
1648 2354 1768 2396 cum
1804 2340 1977 2397 lactus

392 2447 473 2491 est
504 2437 664 2488 homo
698 2434 748 2488 in
779 2432 1010 2487 animam
1033 2432 1231 2495 vivam,
1264 2430 1428 2485 etiam
1453 2430 1625 2499 ipsum
1656 2445 1724 2485 ex
1757 2430 1975 2485 animali

393 2527 654 2598 spiritale,
686 2524 802 2580 sine
832 2524 1021 2579 mortis
1041 2522 1285 2579 intervcn
1312 2536 1345 2575 u
1378 2521 1551 2575 luerat
1584 2521 1839 2587 luturum,
1872 2519 1974 2575 nisi

391 2620 748 2689 transgressio
758 2616 1006 2687 praecepti
1022 2612 1461 2685 priuscommisso
1475 2619 1696 2683 peccato
1710 2610 1978 2683 indigeret

395 2728 629 2781 pinnam,
659 2723 817 2780 quam
847 2707 989 2762 Deus
1016 2713 1242 2761 servata:
1265 2702 1486 2774 justitim
1513 2704 1664 2758 daret
1692 2716 1971 2758 coronam.

393 2805 547 2860 Unde
592 2799 845 2857 Dominus
864 2796 1116 2853 Christus
1159 2810 1253 2865 per
1284 2808 1381 2849 nos
1409 2793 1476 2848 ad
1516 2808 1614 2848 nos
1651 2796 1816 2860 venit,
1851 2808 1972 2849 cum

392 2891 905 2967 peceatores'justus
933 2887 1157 2953 invenit,
1190 2901 1288 2957 per
1321 2895 1544 2942 stratum
1577 2886 1973 2955 quodammodo

393 2985 708 3042 lmmilitatis
751 2992 970 3048 nostrae,
1001 2978 1096 3036 sed
1129 2992 1233 3034 non
1277 2993 1398 3034 cum
1450 2977 1640 3033 morbo
1682 2978 1973 3049 iniquitatis

392 3088 611 3134 nostrai.
640 3074 773 3129 Nam
792 3087 900 3144 per
927 3070 1160 3127 animale
1189 3069 1367 3135 nobis,
1415 3070 1515 3123 hoc
1543 3080 1645 3136 est,
1690 3084 1785 3139 per
1828 3084 1970 3125 mor.

392 3170 496 3224 tale
523 3180 718 3236 corpus
761 3162 1037 3233 apparuit,
1082 3161 1175 3232 qui
1220 3162 1427 3230 utique,
1456 3160 1500 3215 si
1543 3160 1824 3225 voluisset,
1850 3176 1972 3215 cum

390 3273 615 3329 corpore
642 3252 932 3311 immortali
959 3253 1206 3322 primitus
1231 3250 1561 3306 advenisset.
1590 3250 1698 3307 Sed
1724 3251 1845 3320 quia
1874 3266 1972 3307 nos

392 3350 693 3405 humilitate
765 3344 887 3399 Filii
938 3343 1035 3397 Dei
1086 3340 1264 3397 sanari
1319 3338 1643 3410 oportebat,
1688 3353 1858 3408 usque
1904 3339 1972 3394 ad

390 3451 627 3497 nostram
674 3437 1037 3493 inﬁrmitatem
1070 3432 1371 3494 descendit,
1397 3442 1451 3487 et
1472 3431 1604 3486 ﬁdei
1635 3441 1832 3487 nostra:
1859 3448 1971 3489 me-

389 3534 551 3587 ritutn
600 3544 663 3583 ac
691 3524 966 3595 przcmium
1010 3523 1208 3575 virtute
1259 3536 1372 3575 sum
1418 3522 1831 3577 resurrectionis
1881 3537 1971 3577 os-

392 3622 515 3678 tcnd
542 3630 592 3685 t;
622 3618 743 3674 ideo
773 3614 1018 3684 sequitur
1046 3612 1340 3682 Apostolus
1364 3619 1418 3666 et
1442 3611 1607 3665 dicit:
1638 3611 1970 3668 Novissimus

389 3715 557 3770 Adam
591 3713 641 3766 in
667 3708 909 3780 spir-tum
938 3704 1287 3759 viviﬁcantem
1313 3719 1326 3754 :
1355 3703 1469 3757 sive
1499 3701 1824 3771 intelligatur
1861 3703 1970 3772 pri-

389 3820 506 3860 mus
536 3802 703 3859 Adam
732 3800 820 3869 qui
852 3803 917 3852 de
961 3797 1182 3868 pulvere
1209 3804 1334 3850 ante
1364 3794 1623 3848 formatus
1652 3802 1754 3860 est,
1786 3793 1967 3849 novis-

388 3899 555 3952 simus
599 3904 775 3948 antcm
810 3889 977 3945 Adam
1019 3888 1109 3959 qui
1152 3888 1220 3943 de
1249 3886 1470 3956 Virgine
1513 3896 1823 3955 procreatus
1851 3898 1961 3952 est;

385 3992 501 4045 sive
529 3987 580 4042 iu
612 3996 933 4054 unoquoque
964 3980 1181 4035 homine
1212 3988 1498 4047 utrumque
1527 3977 1877 4047 compleatur,
1908 3988 1966 4032 ut

382 4083 589 4151 primus
623 4077 787 4131 Adam
820 4076 889 4129 sit
935 4074 1095 4127 homo
1141 4070 1193 4125 in
1247 4084 1475 4136 corpore
1520 4068 1753 4133 mortali,
1788 4069 1964 4122 novis-

384 4174 557 4227 simus
577 4169 741 4222 Adam
780 4164 920 4219 idetn
948 4164 1061 4233 ipse
1089 4163 1140 4217 in
1172 4176 1400 4228 corpore
1430 4160 1714 4214 immortali
1744 4178 1758 4213 :
1785 4170 1962 4214 tamen

383 4263 524 4317 inter
549 4260 777 4314 animam
809 4256 1074 4311 viventem
1106 4262 1161 4309 et
1199 4253 1445 4322 spiritum
1473 4252 1830 4307 viviﬁcantem
1862 4253 1961 4308 ltoc

383 4352 650 4405 interesse
684 4346 872 4412 voluit,
896 4353 962 4398 ut
990 4344 1097 4398 illic
1132 4342 1204 4397 sit
1228 4356 1425 4411 corpus
1450 4342 1702 4407 animale,
1734 4342 1821 4397 hic
1853 4346 1960 4412 spi-

384 4442 537 4497 uitale
580 4456 592 4491 :
625 4439 801 4493 anima
827 4435 1045 4506 iquippe
1087 4435 1140 4487 in
1177 4448 1404 4502 corpore
1442 4432 1658 4487 animali
1690 4432 1817 4487 vivit
1843 4435 1960 4502 qui-

379 4532 526 4596 dem,
554 4528 649 4584 sed
681 4542 784 4581 non
831 4524 1260 4591 viviﬁcat‘usque
1288 4522 1353 4575 ad
1400 4522 1742 4577 adferendam
1772 4537 1957 4577 corru-

379 4620 636 4689 ptionem.
680 4618 735 4671 ln
760 4629 982 4685 corpore
1006 4628 1135 4668 vero
1164 4613 1407 4681 sriritali,
1438 4613 1687 4680 quoniam
1722 4612 1954 4681 perfecte

376 4711 659 4765 adhaerens
700 4706 923 4762 Domino
954 4720 1092 4759 unus
1122 4704 1337 4772 spiritus
1357 4709 1471 4769 est,
1504 4700 1581 4756 sic
1615 4701 1863 4769 viviﬁcat,
1898 4714 1954 4757 ut

377 4800 620 4871 spiritale
645 4812 838 4866 corpus
861 4796 1075 4860 efﬁciat,
1105 4796 1395 4849 absumens
1418 4807 1628 4846 onmem
1653 4795 1952 4862 corruptio-

377 4908 523 4955 nem,
555 4889 757 4943 nullam
779 4894 1024 4941 metuens
1041 4885 1434 4952 separationem
1463 4901 1475 4935 :
1510 4884 1576 4936 Et
1606 4899 1727 4950 nos,
1756 4885 1947 4955 inquit,

376 4986 791 5040 commutamur.
832 4975 980 5044 Ergo
1019 4977 1175 5030 istam
1223 4976 1692 5031 commutationem
1735 4979 1786 5030 in
1834 4995 1945 5031 me—

377 5078 483 5131 lius
529 5073 683 5146 100
732 5071 847 5125 sine
890 5068 1224 5124 dubitatione
1263 5078 1476 5138 oportet
1522 5069 1768 5140 intelligi,
1819 5072 1942 5141 quia

374 5180 563 5222 omnes
607 5172 663 5220 et
699 5161 827 5232 justi
877 5170 931 5215 et
982 5159 1161 5229 injuin
1208 5161 1559 5215 resurrecturi
1609 5172 1733 5215 sunt
1780 5179 1794 5216 :
1848 5166 1941 5219 sed

372 5258 512 5314 sicut
539 5255 795 5310 Dominus
824 5254 874 5308 in
912 5252 1199 5321 Evangelia
1229 5252 1487 5319 loquitur,
1517 5253 1616 5321 Qui
1664 5254 1943 5313 benefece-

374 5361 518 5415 runt,
549 5350 600 5404 in
642 5346 1088 5403 resurrectionem
1118 5347 1263 5409 vitae,
1296 5345 1385 5413 qui
1431 5345 1569 5399 male
1612 5358 1855 5417 egerunt,
1891 5350 1941 5403 in

373 5439 1027 5510 resurrectionem'judit-ii
1068 5454 1083 5493 :
1122 5438 1382 5508 judicium
1413 5439 1688 5508 appellans
1730 5456 1942 5510 pinnam

375 5534 783 5603 sempiternam;
813 5533 953 5586 sicut
998 5532 1101 5583 alio
1144 5531 1260 5585 loco
1294 5548 1306 5583 :
1339 5530 1437 5598 Qui
1472 5546 1576 5585 non
1621 5533 1814 5602 credit,
1856 5537 1934 5587 in-

374 5623 507 5693 quit,
524 5622 642 5691 jam
670 5622 935 5689 judicatus
970 5630 1072 5676 cst.
1102 5621 1344 5676 Proinde
1373 5622 1447 5676 illi
1477 5626 1564 5692 qui
1598 5624 1660 5675 ad
1686 5624 1944 5692 judicium

366 5711 721 5769 resurrecturi
745 5718 884 5775 sunt,
912 5711 1506 5766 non-commutaliuntur
1528 5713 1578 5766 in
1602 5712 1746 5765 illam
1762 5713 1945 5769 incor-

2082 492 2169 546 illa
2200 507 2429 563 namque
2457 492 2689 548 ﬁdelium
2723 502 2808 548 est
2846 502 3005 563 atque
3034 502 3378 557 sanctorum;
3410 492 3498 547 isti
3539 510 3665 548 vero

2082 592 2333 651 perpetua
2360 585 2703 651 corruptione
2743 582 3146 647 cruciabuntur,
3169 583 3290 651 quia
3318 582 3458 652 ignis
3485 598 3668 639 eorum

2082 686 2186 725 non
2216 681 2614 741 exstingttetur,
2656 681 2712 728 et
2754 674 2955 728 vermis
2994 688 3181 728 eorum
3226 687 3330 727 non
3389 686 3663 729 morietur.

2080 760 2216 826 Quid
2247 760 2351 815 sibi
2377 777 2505 830 ergo
2534 762 2649 817 vult
2678 763 2775 817 ista
2807 763 3087 818 distinctio
3118 780 3132 818 :
3168 765 3234 817 Et
3267 766 3463 819 mortui
3496 780 3667 820 resur-

2080 863 2206 927 geut
2248 854 2567 922 incorrupti,
2619 866 2672 909 et
2719 871 2816 910 nos
2854 856 3337 923 commutabimur,
3391 856 3494 910 nisi
3545 858 3667 925 quia

2079 959 2266 999 omnes
2299 945 2593 1013 incorrupti
2640 957 2942 1016 resurgent,
2974 947 3071 1001 sed
3122 946 3303 1000 ex‘liis
3345 946 3475 1016 justi
3505 951 3664 1002 etiam

2075 1036 2520 1103 immutabuntur,
2554 1037 2607 1092 in
2655 1038 2799 1094 illam
2840 1039 3259 1107 incorruptelam
3308 1041 3396 1095 cui
3446 1042 3670 1094 omnino

2079 1116 2227 1183 nulla
2280 1140 2465 1199 posset
2504 1146 2701 1186 nocere
2747 1132 3053 1201 corruptio?
3082 1146 3146 1188 ac
3186 1147 3283 1201 per
3330 1132 3433 1187 hoc
3477 1133 3565 1203 qui
3616 1134 3667 1187 in

2080 1234 2197 1273 ram
2245 1234 2349 1275 non
2401 1223 2915 1287 commutaliuntur,
2966 1221 3261 1290 incorrupti
3316 1224 3533 1293 quidem
3588 1238 3670 1279 re-

2078 1320 2301 1381 surgent
2359 1311 2662 1382 integritate
2706 1312 3108 1377 membrorum,
3154 1313 3249 1367 sed
3309 1322 3486 1367 tamen
3543 1328 3669 1368 cor-

2081 1404 2361 1473 rumpendi
2403 1404 2591 1459 dolore
2636 1419 2937 1472 pinnarum,
2966 1419 3091 1458 cum
3130 1403 3404 1458 audierint
3435 1420 3452 1459 :
3486 1403 3564 1458 Ite
3615 1403 3667 1459 in

2081 1492 2258 1560 ignem
2288 1504 2546 1548 aeternum
2586 1494 2680 1564 qui
2731 1503 2946 1563 paratus
2994 1503 3077 1549 est
3120 1493 3336 1549 diabolo
3364 1503 3420 1548 et
3460 1495 3669 1562 angelis

2081 1582 2198 1650 ejus
2224 1599 2239 1647 ;
2274 1598 2305 1637 a
2334 1596 2442 1652 quo
2466 1582 2650 1638 auditu
2690 1584 2831 1638 malo
2856 1583 3035 1653 justus
3063 1599 3168 1638 non
3212 1584 3439 1639 timebit.
3476 1585 3552 1641 De
3582 1584 3669 1638 illa

2083 1685 2210 1725 vero
2256 1673 2677 1727 commutatione
2711 1674 3012 1742 justorum,
3063 1689 3185 1735 cum
3224 1674 3449 1730 dixisset
3492 1692 3506 1728 :
3560 1674 3670 1729 Nos

2009 1757 2570 1828 Bcommutabimur,
2640 1774 2890 1834 tanquam
2966 1780 3328 1834 qutereremus
3394 1766 3670 1836 quomodo

2082 1854 2221 1909 istud
2254 1854 2368 1923 ﬁat,
2402 1854 2488 1910 vel
2517 1855 2689 1924 qualis
2727 1855 2818 1910 illa
2849 1858 3197 1911 commutatio
3226 1858 3402 1911 futura
3434 1858 3528 1923 sit,
3568 1850 3666 1912 ad-

2075 1943 2251 2014 jungit
2279 1956 2334 2000 et
2363 1944 2496 2001 dicit
2540 1962 2554 2002 :
2594 1945 2822 2016 Oportet
2861 1948 3004 2003 enim
3047 1947 3393 2017 corruptibile
3442 1948 3545 2003 hoc
3591 1950 3668 2004 in-

2078 2035 2245 2091 duere
2298 2037 2740 2107 incorruptelam,
2790 2047 2845 2093 et
2879 2040 3106 2095 mertale
3153 2040 3256 2093 huc
3299 2039 3523 2095 induere
3566 2040 3667 2094 im-

2079 2127 2483 2183 mortalitatem.
2530 2127 2670 2195 Non,
2699 2136 2759 2182 ut
2803 2130 3014 2198 opinor,
3056 2130 3408 2185 dubitandum
3446 2140 3529 2185 est
3583 2146 3667 2184 se-

2077 2215 2311 2273 cundum
2363 2217 2465 2272 hoc
2491 2218 2691 2274 dictum
2726 2259 2743 2287 ,
2793 2217 2930 2275 Caro
2956 2230 3009 2275 et
3058 2222 3277 2291 sanguis
3307 2236 3527 2291 regnum
3572 2220 3665 2277 Dei

2079 2325 2187 2367 non
2216 2313 2590 2383 possidebunt,
2614 2316 2739 2386 quia
2773 2332 2879 2370 non
2902 2316 2973 2372 ibi
3003 2320 3106 2373 erit
3131 2321 3412 2387 corruptio
3437 2327 3494 2375 et
3520 2336 3665 2374 mor-

2079 2400 2258 2456 talitas
2282 2402 2460 2459 carnis
2480 2413 2536 2460 et
2563 2405 2840 2475 sanguinis
2872 2421 2887 2460 :
2918 2406 3209 2462 secundum
3239 2407 3337 2462 has
3363 2407 3506 2463 enim
3533 2424 3665 2478 qua-

2079 2492 2255 2548 litates
2284 2492 2388 2549 hoc
2418 2493 2538 2549 loco
2585 2510 2803 2550 carnem
2854 2505 2911 2550 et
2939 2500 3252 2567 sanguinem
3292 2501 3663 2567 nuncupavit:

2076 2585 2349 2653 quocirca,
2383 2594 2441 2639 ut
2476 2586 2679 2657 aliquid
2708 2588 2941 2657 exempli
2977 2589 3146 2659 gratia
3176 2606 3391 2658 ponam,
3416 2591 3560 2659 quod
3588 2591 3665 2646 in-

2079 2674 2235 2728 terim
2266 2676 2519 2741 occurrit,
2560 2676 2699 2730 sicut
2728 2678 2984 2746 scriptum
3026 2688 3147 2743 est,
3199 2679 3276 2733 Ne
3319 2679 3457 2734 forte
3494 2688 3664 2735 tenta-

2077 2764 2215 2819 verit
2238 2778 2333 2818 vos
2359 2764 2449 2833 qui
2475 2773 2667 2829 tentat,
2696 2777 2753 2821 et
2782 2766 2956 2820 inanis
2981 2768 3056 2821 sit
3085 2768 3235 2822 labor
3258 2777 3474 2833 noster;
3505 2779 3664 2837 atque

2079 2855 2167 2910 hic
2195 2856 2509 2926 intelligitur
2546 2858 2790 2913 diabolus
2822 2870 3073 2929 tanquam
3116 2860 3257 2915 Deus
3303 2864 3526 2917 omnino
3556 2878 3663 2917 non

2079 2951 2267 2999 tentet.
2292 2944 2368 2999 De
2394 2960 2500 3015 quo
2528 2946 2635 3001 alio
2663 2947 2783 3002 loco
2820 2932 3096 3018 Scriptura
3126 2950 3259 3003 dicit
3293 2969 3304 3003 :
3333 2951 3451 3020 Ipse
3483 2963 3662 3007 autem

2078 3037 2347 3093 neminem
2382 3048 2573 3095 tentat.
2606 3041 2714 3095 Nec
2760 3042 3029 3097 contraria
3065 3053 3148 3097 est
3190 3044 3290 3097 ista
3322 3045 3584 3100 sententia
3613 3047 3661 3101 ei

2001 3121 2049 3185 C
2080 3142 2182 3197 qua
2210 3128 2409 3184 dicitur
2440 3146 2456 3184 :
2490 3131 2684 3205 Tentat
2716 3146 2812 3187 vos
2860 3132 3115 3187 Dominus
3144 3135 3283 3189 Deus
3316 3148 3512 3189 vester.
3557 3136 3659 3191 Sed

2077 3218 2304 3274 solvitur
2329 3219 2575 3290 quaestio,
2599 3236 2719 3276 cum
2750 3224 3064 3278 vocabulum
3093 3224 3402 3279 teotationis
3421 3226 3660 3282 diversas

2074 3308 2452 3381 intelligentias
2492 3312 2709 3379 habeat,
2740 3328 2805 3368 eo
2833 3316 2974 3384 quod
3005 3316 3107 3370 alia
3136 3316 3205 3371 sit
3236 3318 3463 3372 tentatio
3493 3319 3653 3374 dece-

2076 3401 2296 3471 ptionis,
2315 3405 2419 3459 alia
2443 3407 2664 3460 tentatio
2687 3406 3015 3475 probationis
3037 3425 3049 3460 :
3071 3411 3363 3463 secundum
3384 3410 3528 3465 illam
3553 3427 3656 3466 non

2073 3494 2389 3565 intelligitur
2417 3495 2506 3566 qui
2554 3506 2721 3552 tentat
2749 3496 2850 3553 nisi
2888 3500 3162 3564 diabolus;
3192 3503 3490 3556 secundum
3533 3519 3654 3557 veru

2071 3582 2210 3638 lianc
2239 3593 2408 3639 tentat
2451 3586 2613 3641 Deus.
2653 3587 2725 3642 lta
2757 3603 2877 3643 cum
2907 3589 3105 3644 dicitur
3126 3632 3142 3659 ,
3199 3593 3337 3646 Caro
3368 3594 3652 3662 possidebit

2069 3689 2290 3745 regnum
2323 3677 2439 3743 Dei,
2472 3686 2546 3743 et,
2593 3680 2731 3734 Caro
2776 3696 2883 3734 non
2931 3681 3226 3750 possidebit
3277 3698 3499 3751 regnum
3537 3684 3651 3748 Dei.

2068 3765 2229 3822 etiam
2273 3768 2434 3838 hujus
2490 3770 2722 3826 nominis
2766 3771 3119 3842 intelligentia
3178 3773 3554 3841 discernatur,
3602 3787 3652 3830 et

2066 3861 2211 3915 nulla
2241 3861 2346 3916 erit
2393 3863 2640 3931 quazstio,
2692 3864 2944 3933 quoniam
2988 3880 3132 3930 caro,
3181 3866 3475 3921 secundum
3520 3867 3649 3923 sub-

2066 3953 2339 4022 stantiam,
2370 3972 2410 4010 ει
2434 3958 2664 4011 cundum
2696 3971 2855 4024 quam
2886 3956 3086 4012 dictum
3118 3969 3220 4022 est,
3269 3956 3504 4026 Spiritus
3532 3973 3647 4012 car-

2068 4060 2187 4100 nem
2228 4056 2283 4101 ct
2328 4062 2452 4101 ossa
2498 4061 2602 4101 non
2646 4047 2835 4111 habet,
2885 4046 3029 4101 sicut
3073 4063 3160 4102 me
3187 4045 3381 4102 videtis
3431 4048 3643 4112 habere,

2064 4135 2356 4204 possidebit
2385 4153 2636 4208 regnum;
2669 4152 2795 4192 caro
2827 4148 3002 4195 autem
3036 4154 3163 4194 cum
3194 4140 3485 4195 secundum
3532 4156 3648 4195 cor-

2064 4231 2366 4298 ruptionem
2400 4231 2736 4299 intelligitur,
2766 4244 2869 4284 non
2905 4230 3225 4299 possidebit;
3261 4231 3363 4286 hoc
3388 4233 3529 4289 enim
3556 4246 3645 4285 ex-

2064 4324 2293 4389 positum
2320 4330 2421 4387 est,
2453 4337 2573 4377 cum
2604 4322 2895 4386 diceretur,
2936 4321 3076 4375 Caro
3103 4332 3157 4377 et
3179 4322 3397 4394 sanguis
3426 4337 3641 4392 regnum

2062 4412 2156 4467 Dei
2188 4429 2292 4467 non
2340 4414 2716 4481 possidebunt,
2761 4413 2813 4467 in
2846 4429 2911 4465 eo
2941 4412 3083 4483 quod
3122 4415 3379 4468 continuo
3408 4412 3640 4467 additum

2060 4515 2144 4560 est
2196 4523 2209 4559 :
2255 4505 2436 4575 Neque
2490 4507 2763 4575 corruptio
2814 4507 3271 4575 incorruptionem
3325 4505 3638 4574 possidebit,

2058 4598 2191 4652 sicut
2219 4598 2370 4662 satis,
2403 4609 2660 4667 quantum
2702 4596 2957 4663 arbitror,
2987 4597 3359 4652 disseruimus.

2579 4729 2802 4786 CAPUT
2832 4728 3122 4785 CCCXLV.

2060 4818 2240 4893 Utrum
2265 4820 2564 4888 singillatim
2583 4838 2613 4873 a
2647 4820 2751 4874 Deo
2776 4832 2999 4874 creatore
3026 4839 3295 4893 corporum
3329 4826 3632 4877 l‘neamenta

2125 4892 2499 4963 formentur,et
2513 4898 2575 4944 de
2602 4893 2787 4944 animo:
2805 4892 3189 4959 quwstiouemx
3208 4894 3381 4947 eadem
3398 4897 3630 4963 epistola,

2123 4960 2201 5015 vel
2224 4977 2288 5013 ea:
2317 4962 2516 5014 duabus
2548 4962 2775 5031 epistolis
2804 4963 2870 5015 ad
2905 4964 3169 5033 Optatum.

2122 5075 2272 5141 Quod
2301 5083 2475 5127 autem
2514 5074 2712 5143 qumris
2749 5082 2927 5128 utrum
2973 5075 3284 5145 singillatim
3329 5090 3359 5128 a
3390 5083 3631 5130 creatore

2054 5167 2163 5221 Deo
2188 5180 2468 5235 corporum
2510 5166 2830 5220 lineamenta
2860 5164 3180 5232 formentur,
3230 5183 3333 5220 non
3376 5176 3426 5221 te
3452 5182 3630 5220 move~

2054 5260 2149 5326 bit,
2179 5260 2247 5322 si,
2280 5266 2533 5328 quantum
2567 5268 2743 5327 potest
2767 5259 2993 5313 humana
3024 5274 3199 5324 mens,
3230 5262 3523 5329 potentiam
3545 5260 3627 5315 di-

2052 5352 2191 5406 vina:
2238 5350 2560 5420 operationis
2612 5352 2895 5422 intelligas.
2930 5352 3212 5419 Quomodo
3260 5355 3402 5409 enim
3435 5369 3628 5425 negare

2051 5445 2345 5516 poterimus
2394 5446 2558 5499 Deum
2605 5445 2765 5499 etiam
2812 5461 2954 5500 nunc
3002 5448 3214 5516 operari
3261 5459 3453 5503 cuncta
3509 5465 3623 5520 qua:

2048 5547 2321 5599 creantur,
2336 5550 2456 5590 cum
2482 5535 2734 5590 Dominus
2756 5536 2897 5591 dicat
2917 5555 2929 5589 :
2948 5538 3103 5593 Pater
3126 5555 3277 5595 meus
3300 5557 3471 5610 usque
3493 5554 3627 5596 nunc

2049 5630 2344 5698 operatur?
2375 5627 2525 5683 Unde
2553 5628 2639 5683 illa
2667 5629 2899 5684 cessatio
2925 5631 3141 5700 septimi
3162 5631 3267 5687 diei
3290 5636 3355 5687 ab
3388 5634 3517 5703 ipsis
3535 5648 3625 5687 na-

2050 5721 2479 5777 turiscontendis
2500 5718 2835 5794 [condendis]
2860 5721 3201 5793 intelligenda
3226 5723 3489 5795 estfacta,
3523 5742 3621 5779 non
