4020 6190
320 442 465 503 1023

1410 426 1415 431 ’
1481 449 1914 505 'l‘lthAl'llUS.
1956 450 2105 506 car.
2150 453 2441 507 cccxu'.

3463 461 3597 514 le76

315 568 388 619 ab
430 580 614 620 earum
646 564 1109 649 administratione
1138 579 1257 631 qua:
1287 563 1519 618 condita:
1575 564 1900 618 referuntur.
1937 567 1979 620 Λ
2010 567 2098 635 qui
2124 568 2236 633 ipsa
2270 570 2479 621 semina
2502 567 2618 621 sine
2645 568 2939 621 seminibus
2967 566 3125 624 fecit?
3150 568 3255 625 Sed
3281 570 3365 623 ubi
3397 587 3482 625 res
3506 552 3601 625 ιιιιξ

314 658 452 711 Cum
506 672 631 727 ergo
681 666 868 710 natura
915 671 1092 709 rerum
1127 670 1154 708 a
1198 663 1447 709 creatore
1488 655 1911 720 administrattn',

316 760 371 803 et
397 764 493 817 per
519 748 736 801 ordines
761 747 1034 815 praefinitis
1056 747 1187 800 locis
1208 756 1263 801 et
1286 746 1618 814 temporibus
1643 746 1755 800 suis
1781 761 1912 799 eun-

316 852 405 893 eta
420 847 731 902 nascuntur,
748 837 891 891 Deus
909 852 1074 905 usque
1100 852 1239 889 nunc.
1254 846 1527 904 operatur.
1569 835 1696 888 Nam
1712 837 1755 888 si
1774 836 1912 889 Deus

322 946 466 986 nunc
496 931 597 985 ista
624 946 729 983 non
762 929 976 996 format,
1023 928 1295 997 quomodo
1325 928 1519 997 legitur
1546 946 1558 980 ε
1596 928 1910 996 Priusquam

320 1034 375 1076 te
400 1022 688 1075 formarem
707 1020 758 1074 in
790 1029 942 1073 utero
972 1018 1095 1072 novi
1129 1018 1217 1072 te?
1243 1018 1524 1084 Quomodo
1551 1019 1710 1072 etiam
1736 1014 1909 1081 accipi

318 1122 498 1183 potest
526 1130 539 1167 :
587 1113 741 1179 Quod
771 1112 814 1165 si
856 1112 1033 1165 fenum
1068 1110 1177 1180 agri
1208 1111 1349 1180 quod
1382 1109 1542 1163 hodie
1571 1119 1672 1173 est,
1707 1118 1759 1161 et
1791 1120 1911 1161 cras
1944 1168 1950 1172 η

318 1206 373 1257 in
400 1203 670 1258 clibanum
702 1202 953 1265 mittitur,
986 1201 1129 1255 Deus
1154 1201 1233 1254 sic
1261 1199 1463 1254 vestit?
1494 1200 1594 1252 nisi
1629 1197 1765 1251 forte
1792 1212 1909 1250 cre-

316 1298 553 1350 dcztdnm
585 1305 669 1351 est
706 1296 884 1351 fenum
916 1310 942 1347 a
990 1294 1100 1349 Deo
1131 1295 1349 1360 vestiri,
1382 1305 1435 1349 et
1482 1308 1511 1346 a
1545 1293 1654 1347 Deo
1678 1304 1902 1360 corpm-a

316 1405 425 1442 non
474 1388 724 1442 formari?
790 1388 919 1441 Cum
979 1390 1120 1441 enim
1182 1386 1344 1451 dixit,
1414 1385 1620 1449 Vestit,
1690 1398 1792 1436 non
1843 1383 1909 1436 de

316 1481 589 1548 prae'erita
636 1478 1006 1542 ordinatione,
1062 1476 1155 1531 sed
1210 1475 1278 1531 de
1341 1477 1588 1545 prmsenti
1640 1484 1956 1547 operatio-'

316 1587 386 1623 ne
444 1572 577 1624 sat's
631 1569 848 1622 indicat.
910 1567 1061 1623 l‘nde
1114 1578 1197 1623 est
1245 1570 1405 1622 etiam
1478 1569 1605 1623 illud
1664 1574 1907 1639 Apostoli

313 1663 386 1715 de
416 1660 733 1721 seminibus,
766 1659 907 1729 quod
939 1675 1098 1724 supra
1157 1659 1569 1714 commemoravi
1600 1679 1613 1714 :
1656 1663 1790 1727 Non,
1827 1664 1907 1717 iu-

315 1753 454 1819 quit,
486 1767 683 1818 corpus
712 1751 852 1819 quod
894 1750 1129 1804 futurum
1160 1760 1262 1812 est.
1294 1752 1556 1819 seminas;
1583 1755 1675 1809 sed
1708 1757 1905 1809 nudum

312 1859 565 1911 granum,
600 1851 655 1896 ut
680 1853 801 1911 puta
826 1843 1008 1906 tritici,
1040 1842 1369 1911 autalicujus
1390 1853 1705 1899 cancrorum
1729 1864 1740 1898 :
1766 1846 1904 1900 Duus

2016 656 2255 710 turaliter
2282 658 2511 713 obscura
2546 667 2785 712 nostrum
2814 658 3091 713 modulum
3122 660 3311 723 vincit,
3335 671 3385 714 et
3415 672 3598 728 aperta

2014 746 2193 801 divina
2224 748 2499 815 Scriptura
2550 764 2654 801 non
2702 748 2973 812 subvenit,
3007 759 3208 804 temere
3242 751 3365 803 hinc
3401 753 3599 820 aliquid

2013 838 2239 893 deﬁnire
2270 839 2495 892 humana
2523 840 2829 907 conjectura
2862 842 3169 909 przesumit;
3202 856 3261 895 se
3282 843 3496 896 'undum
3522 844 3601 896 vi-

2016 937 2098 981 tas
2126 942 2306 983 antem
2338 946 2469 1000 quas
2499 930 2740 1000 proprias
2761 932 2960 985 habere
2982 932 3265 1002 incipiunt.
3302 949 3469 989 novus
3498 936 3598 988 ho-

2016 1020 2185 1075 mines
2213 1020 2440 1075 dicimus
2486 1022 2656 1090 nasci,
2681 1022 2792 1076 sive
2842 1025 3041 1089 anima,
3090 1024 3201 1077 sive
3242 1039 3496 1092 corpore;
3546 1034 3603 1079 at

2015 1127 2143 1167 vero
2154 1113 2448 1166 secundum
2465 1112 2725 1180 originale
2749 1123 3019 1181 peccatum
3045 1124 3254 1168 veteres
3276 1124 3595 1179 nascuntur;

2015 1200 2137 1256 ideo
2167 1204 2485 1270 baptismate
2513 1212 2857 1258 renovantur.
2892 1204 3106 1273 Aliquid
3135 1220 3266 1273 ergo
3295 1215 3499 1260 certum
3531 1205 3598 1261 de

2013 1295 2207 1348 animae
2233 1295 2437 1371 urigine
2466 1295 2701 1349 nondum
2744 1296 2797 1349 in
2824 1295 3114 1363 Scripturis
3142 1296 3416 1351 canonicis
3446 1310 3600 1351 com-

2015 1384 2147 1453 peri.
2179 1385 2308 1439 Nam
2338 1386 2389 1440 hi
2418 1390 2507 1455 qui
2539 1401 2705 1441 novas
2736 1386 2853 1440 sine
2883 1385 2988 1440 ulla
3017 1387 3305 1455 propagine
3355 1394 3601 1440 asserunt

1984 1480 2217 1533 -animas
2249 1480 2383 1545 ileri,
2438 1481 2576 1534 inter
2602 1480 2906 1535 testimonia
2934 1480 3125 1549 quibus
3166 1480 3218 1533 id
3243 1481 3483 1534 nituntur
3504 1495 3597 1534 os-

2014 1570 2254 1634 tendere,
2285 1580 2488 1639 pouunt
2509 1571 2669 1625 etiam
2702 1570 2790 1624 illa
2815 1571 2942 1632 duo,
2974 1585 3092 1639 qua:
3119 1570 3273 1636 paulo
3298 1579 3422 1624 ante
3450 1585 3596 1623 eom-

2014 1662 2461 1729 memoravizoui
2490 1663 2637 1730 lingit
2667 1664 2911 1731 spiritum
2949 1662 3182 1717 hominis
3230 1662 3280 1717 in
3314 1664 3457 1731 ipso;
3510 1672 3595 1715 et:

2011 1753 2108 1819 Qui
2139 1753 2289 1807 tinxit
2315 1753 2628 1822 singillatim
2660 1752 2821 1807 corda
2856 1753 3166 1817 hominum;
3199 1753 3264 1806 de
3302 1751 3494 1819 quibus
3513 1750 3593 1802 vi-

2011 1844 2106 1897 des
2129 1844 2576 1913 quemadmodum
2608 1845 2775 1913 possit
2798 1858 2828 1896 a
2851 1844 3224 1897 resistentibus
3249 1841 3593 1909 responderi:

316 1951 497 1989 autem
528 1935 620 1989 dat
651 1934 723 1987 illi
757 1950 955 2003 θυι-ρης
1000 1936 1268 2002 quomodo
1315 1936 1561 1989 voluerit.
1599 1938 1713 1990 Non
1747 1938 1899 2004 dixit,
1938 1943 1985 2000 Β
2017 1946 2192 1990 utrum
2222 1936 2361 1991 enim
2390 1950 2509 1989 eum
2541 1936 2708 2002 ﬁngit,
2735 1950 2794 1988 ex
2829 1935 2933 1987 alio
2964 1933 3146 2003 fingat,
3195 1948 3261 1986 an
3287 1948 3351 1986 ex
3402 1931 3593 1993 nihilo,

314 2027 451 2091 edit,
478 2034 589 2092 aut,
629 2025 915 2094 disposuit,
949 2024 1065 2093 sed,
1092 2025 1203 2089 dat,
1234 2035 1292 2079 ut
1321 2036 1614 2080 creatorem
1645 2028 1902 2097 intellig-is

316 2117 614 2171 efﬁcaciam
644 2116 921 2184 sapientia:
951 2131 1062 2170 sua:
1114 2116 1296 2178 rebus,
1340 2132 1456 2184 qua:
1504 2117 1741 2186 quotidie
1790 2121 1905 2173 suis

321 2207 655 2273 temporibus
698 2209 968 2273 oriuntur,
1016 2205 1315 2260 condendis
1363 2205 1656 2271 adhibere;
1691 2208 1757 2261 de
1802 2225 1902 2277 qua

318 2298 433 2366 api
454 2297 577 2350 ~mia
604 2297 805 2350 dictum
838 2306 919 2350 est
940 2314 952 2349 :
971 2296 1240 2351 Pertendit
1271 2312 1299 2349 a
1330 2295 1434 2350 fine
1458 2311 1626 2365 usque
1654 2298 1718 2350 ad
1746 2299 1901 2353 linem

317 2388 560 2453 fortiter;
591 2397 644 2443 et
668 2404 773 2443 non
805 2389 959 2455 dixit,
988 2388 1278 2458 disposuit,
1320 2388 1438 2451 sed,
1463 2388 1699 2455 diSponit
1725 2392 1901 2443 omn'a

318 2480 577 2534 suaviter.
613 2480 835 2535 Multum
866 2488 949 2534 est
975 2480 1117 2533 enim
1141 2479 1225 2534 vel
1258 2480 1490 2533 tenuiter
1516 2495 1727 2547 sapere,
1773 2496 1905 2549 quo-

319 2571 480 2626 modo
508 2572 909 2626 eommutabilia
941 2581 994 2626 et
1026 2570 1336 2639 temporalia
1380 2586 1483 2624 non
1514 2570 1905 2626 commutabili-

318 2664 420 2715 bus
455 2671 512 2716 et
553 2661 938 2730 temporalibus
966 2662 1226 2715 creatoris
1266 2660 1521 2727 motibus,
1568 2661 1661 2715 sed
1704 2669 1904 2715 (eterna

320 2762 375 2804 et
394 2752 574 2808 stabili
594 2753 788 2807 virtute
810 2752 1128 2806 condantur.
1148 2752 1354 2819 Qumris
1371 2752 1531 2806 etiam
1554 2767 1649 2822 per
1669 2768 1752 2806 me
1770 2752 1907 2807 scire

318 2854 499 2897 utrum
528 2842 623 2899 Dei
655 2844 812 2899 flatus
844 2843 934 2898 ille
960 2844 1014 2896 in
1057 2843 1250 2907 Adam,
1283 2842 1422 2897 idem
1465 2844 1581 2912 ipse
1609 2844 1679 2898 sit
1706 2842 1904 2896 anima.

322 2934 563 2989 Breviter
591 2936 893 3003 respondeo
918 2952 929 2987 :
956 2934 1061 2989 Aut
1088 2936 1203 3004 ipso
1227 2934 1402 2989 anima
1434 2934 1567 2988 facta
1599 2944 1702 2997 est,
1736 2933 1831 2989 sed
1854 2942 1908 2988 et

320 3026 363 3078 si
391 3026 508 3092 ipse
528 3037 633 3090 est,
669 3028 837 3081 factus
867 3036 970 3082 est.
998 3028 1072 3083 De
1101 3029 1273 3081 anima
1306 3028 1504 3097 quippe
1536 3028 1772 3095 loquitur
1815 3044 1910 3097 per

321 3115 511 3170 lsaiam
561 3118 875 3186 prophetam
925 3118 1090 3184 Deus,
1140 3118 1229 3172 ubi
1269 3118 1434 3171 dicit:
1465 3119 1688 3173 Omnem
1726 3117 1906 3172 flatum

322 3220 420 3273 ego
434 3206 532 3260 feci
552 3206 720 3276 ;quod
743 3207 1019 3277 sequentia
1037 3208 1165 3261 satis
1188 3208 1447 3273 indicant,
1467 3211 1709 3276 sequitur
1726 3208 1867 3262 enim
1889 3225 1902 3260 :

2010 2030 2275 2082 incertum
2305 2038 2407 2081 est.
2437 2025 2570 2079 illud
2600 2036 2774 2079 tamen
2820 2027 2963 2079 inter
3004 2034 3197 2078 caetera
3230 2023 3592 2077 trstimouium

2008 2122 2225 2176 videtur
2255 2136 2376 2175 esse
2427 2120 2779 2187 praecipuum,
2816 2115 2959 2184 quod
3010 2118 3061 2169 in
3112 2115 3247 2168 libro
3294 2112 3596 2168 Salomonis

2012 2212 2342 2267 Ecclesiaste
2374 2210 2601 2279 legitur:
2656 2208 2720 2260 Et
2752 2215 3051 2260 revertetur
3092 2202 3263 2269 pulvis
3293 2202 3345 2256 in
3396 2209 3593 2256 terram

2007 2304 2147 2357 sicut
2180 2310 2315 2365 erat,
2355 2310 2410 2355 et
2436 2298 2657 2368 spiritus
2697 2307 2996 2351 revertetur
3020 2295 3084 2347 ad
3115 2295 3302 2357 Deum,
3333 2291 3421 2361 qui
3449 2291 3607 2346 dedit

2006 2409 2153 2447 eum.
2178 2393 2280 2447 Sed
2307 2392 2556 2445 facillime
2602 2388 2989 2455 reSpondetur:
3036 2386 3243 2451 Corpus
3271 2383 3323 2438 in
3372 2393 3593 2446 terram,

2007 2485 2075 2539 de
2104 2500 2205 2554 qua
2239 2485 2433 2539 factum
2474 2492 2553 2538 est
2589 2482 2816 2551 primum
2851 2478 3081 2533 hominis
3110 2492 3324 2544 corpus,
3354 2486 3410 2529 et
3438 2476 3615 2542 spiri-v’

2008 2583 2094 2629 tus
2123 2575 2187 2628 ad
2220 2574 2407 2639 Deum,
2441 2588 2471 2627 a
2500 2588 2605 2642 quo
2638 2572 2769 2625 facta
2800 2570 2969 2640 prima
2993 2568 3225 2623 hominis
3253 2568 3451 2620 anima.
3481 2566 3602 2618 Sicv

2010 2673 2069 2719 ut
2088 2665 2229 2718 enim
2273 2673 2508 2718 nostrum
2532 2678 2748 2731 corpus,
2786 2661 3049 2730 inquiunt,
3073 2658 3613 2729 quamvis-exprime

2012 2757 2105 2811 illo
2132 2769 2364 2824 corpore
2383 2763 2731 2823 prepagatum
2762 2754 2852 2818 sit,
2872 2766 2940 2805 eo
2968 2758 3142 2803 tamen
3173 2747 3311 2802 redit
3341 2745 3484 2801 unde
3513 2747 3597 2813 ip-

2008 2862 2125 2901 sum
2151 2848 2377 2916 primum
2402 2859 2595 2914 corpus
2627 2844 2873 2899 elfeetum
2904 2851 3009 2905 est,
3050 2842 3137 2895 sie-
3168 2843 3344 2893 anima
3381 2849 3592 2901 nostra,

2009 2935 2258 3006 quamvis
2287 2950 2353 2990 ex
2402 2935 2491 2989 illa
2525 2934 2703 2988 anima
2736 2941 3045 3002 propagata,
3078 2946 3184 2985 non
3239 2929 3303 2983 ad
3349 2927 3596 2991 nihilum,

2010 3030 2134 3099 quia
2166 3027 2487 3082 immortalis
2514 3035 2619 3090 est,
2664 3026 2757 3080 sed
2805 3024 2868 3078 ad
2896 3024 3046 3077 illum
3097 3021 3233 3075 redit
3261 3035 3289 3071 a
3336 3032 3439 3087 quo
3485 3018 3626 3085 ipsa-

2012 3123 2187 3193 prima
2213 3122 2388 3175 anima
2423 3120 2559 3174 facta
2584 3129 2697 3184 est;
2739 3133 2801 3172 ac
2841 3132 2939 3187 per
2981 3117 3081 3170 hoc
3133 3115 3259 3169 illud
3303 3110 3443 3181 quod
3468 3126 3621 3163 εει-ιω

2014 3222 2162 3282 ptum
2193 3222 2277 3267 cst
2303 3212 2373 3268 de
2401 3210 2592 3280 spiritu
2619 3209 2879 3277 cujusque
2903 3207 3137 3261 hominis
3164 3205 3304 3274 quod
3328 3202 3512 3255 redeat
3533 3200 3626 3253 ad»

323 3297 548 3365 Propter
574 3309 854 3368 peccatum
903 3298 1173 3353 modicum
1205 3300 1329 3369 quid
1362 3300 1676 3354 contristari
1707 3302 1905 3356 illum?
1934 3308 1979 3371 (ζ
2011 3305 2179 3361 Deum
2209 3304 2295 3374 qui
2323 3304 2465 3358 dedit
2493 3318 2638 3369 cum,
2664 3315 2768 3355 non
2792 3300 2949 3354 solvit
2976 3298 3130 3354 istam
3160 3292 3621 3349 obscurissimam

324 3388 375 3440 id
404 3397 508 3453 est,
537 3391 710 3458 ipsum
746 3390 953 3457 flatum,
983 3398 1039 3444 et
1079 3400 1298 3457 caztera,
1329 3406 1447 3461 quae
1490 3391 1591 3445 nisi
1620 3392 1687 3447 de
1730 3393 1910 3448 anima

325 3479 561 3532 humana
584 3479 809 3550 intelligi
847 3489 1142 3550 nequeunt.
1188 3480 1244 3535 In
1277 3481 1375 3536 hae
1420 3480 1563 3536 enim
1611 3482 1913 3551 quastione

324 3573 559 3628 iriaxime
583 3574 882 3629 cavendum
913 3583 997 3629 est
1024 3590 1092 3630 ne
1113 3575 1308 3633 anima:
1334 3589 1439 3629 non
1468 3591 1495 3627 a
1523 3574 1633 3630 Deo
1658 3575 1793 3631 facta
1820 3592 1913 3630 na-

324 3672 471 3728 tura,
503 3662 597 3719 sed
626 3665 791 3734 ipsius
823 3666 915 3721 Dei
959 3667 1279 3729 subetantia,
1309 3674 1561 3735 tanquam
1612 3666 1914 3736 unigenitus

326 3754 519 3823 Filius,
534 3756 677 3824 quod
695 3765 781 3811 est
802 3755 1032 3811 Verbum
1048 3756 1188 3826 ejus,
1208 3765 1299 3810 aut
1319 3756 1495 3826 aliqua
1517 3757 1635 3825 ejus
1656 3757 1912 3825 particula

323 3865 448 3905 esse
468 3850 747 3913 credatur;
778 3859 1029 3921 tanquam
1060 3851 1149 3905 illa
1186 3852 1381 3905 natura
1402 3859 1559 3919 atque
1590 3849 1910 3913 substantia,

323 3955 431 4012 qua
462 3940 604 3996 Deus
631 3950 734 4007 est,
782 3941 1179 3996 commutabilis
1218 3955 1340 3997 esse
1384 3940 1572 4009 possit,
1606 3939 1754 4008 quod
1791 3951 1914 3994 esse

324 4034 562 4087 animam
586 4046 743 4087 nemo
767 4047 871 4086 non
899 4032 1084 4097 sentit,
1108 4032 1197 4101 qui
1226 4046 1287 4087 se
1312 4031 1511 4085 habere
1531 4030 1765 4085 animam
1788 4044 1913 4085 sen-

324 4125 413 4177 tit.
447 4122 578 4177 Nam
609 4124 749 4192 quod
777 4123 970 4177 attinet
999 4122 1065 4176 ad
1087 4122 1205 4191 ejus
1229 4121 1514 4192 originem,
1543 4134 1645 4190 qua
1678 4120 1735 4175 fit
1765 4129 1823 4173 ut
1843 4120 1915 4173 sit

324 4215 386 4269 in
406 4227 657 4283 corpore,
692 4222 870 4268 utrum
898 4212 966 4267 de
994 4213 1084 4267 illo
1112 4227 1219 4267 uno
1247 4214 1316 4267 sit
1339 4212 1426 4282 qui
1452 4213 1679 4281 primum
1700 4219 1915 4267 creatus

322 4318 435 4371 est,
462 4307 678 4376 quando
708 4307 881 4362 factus
909 4315 994 4359 est
1033 4306 1195 4361 homo
1233 4305 1285 4359 in
1325 4307 1558 4360 animam
1601 4306 1800 4371 vivam,
1847 4321 1915 4360 an

323 4398 579 4452 similiter
609 4399 737 4452 fiant
756 4397 980 4467 singulis
1007 4398 1253 4468 singulae.
1308 4412 1408 4453 nec
1457 4406 1584 4453 tunc
1631 4399 1886 4461 sciebam,

325 4506 428 4543 nec
456 4489 630 4543 adhuc
658 4492 795 4545 scio.

397 4580 512 4635 Non
535 4582 958 4637 erubescendum
989 4592 1070 4637 est
1100 4582 1300 4636 homini
1343 4581 1587 4637 confiteri
1618 4596 1676 4636 se
1705 4580 1915 4635 nescire

2012 3399 2386 3466 qua-stionem,
2412 3394 2534 3463 quia
2558 3395 2671 3447 sive
2692 3406 2760 3446 ex
2790 3391 2880 3444 illo
2905 3404 3034 3452 uno,
3060 3387 3186 3442 sive
3200 3401 3265 3440 ex
3298 3383 3444 3437 nullo
3471 3381 3597 3445 alio,

2013 3485 2157 3540 Deus
2189 3486 2373 3553 utique
2412 3484 2562 3539 dedit
2586 3497 2733 3537 eum.
2765 3480 3006 3549 Itemque
3029 3478 3104 3532 illi
3133 3476 3225 3546 qui
3257 3474 3631 3545 propaginemu

2013 3580 2314 3633 animarum
2346 3575 3076 3632 inconsiderataltemeritate
3116 3568 3428 3632 defendunt,
3464 3568 3602 3619 inter

2022 3673 2125 3727 alia
2154 3671 2459 3726 testimonia
2474 3684 2595 3737 qua:
2634 3681 2746 3721 sua:
2766 3681 2941 3719 eausm
2962 3662 3237 3729 suifragari
3260 3660 3603 3720 arbitrantur,

2016 3763 2219 3818 nullum
2238 3762 2385 3831 quasi
2417 3758 2749 3813 manifestius
2767 3764 2823 3810 et
2844 3756 3155 3823 expressius
3179 3767 3274 3819 pro
3293 3760 3604 3815 se-possnut

2016 3862 2207 3922 putare
2258 3848 2661 3918 proferendum,
2692 3860 2851 3914 quam
2898 3841 3121 3911 id'quod
3150 3842 3202 3895 in
3232 3839 3427 3896 Genesi
3473 3837 3605 3888 scri-

2018 3954 2164 4013 ptum
2214 3950 2338 3995 est:
2385 3941 2605 3995 Omnes
2638 3945 2817 3992 autem
2872 3935 3087 3989 aninne
3120 3947 3239 4002 qua:
3286 3929 3607 3985 introierunt

2019 4049 2140 4089 cum
2176 4032 2344 4088 Jacob
2374 4032 2429 4086 in
2469 4031 2785 4099 Egyptum,
2818 4028 2906 4097 qui
2937 4026 3181 4081 exierunt
3209 4023 3277 4077 de
3308 4020 3606 4076 fautoribus

2018 4127 2166 4195 ejus;
2199 4124 2300 4179 hoc
2324 4124 2467 4179 enim
2518 4122 2667 4175 velut
2710 4118 3115 4175 evidentissima
3141 4112 3449 4170 te~timonio
3478 4124 3606 4179 pow-

2019 4228 2146 4272 sunt
2175 4216 2322 4272 credi
2353 4216 2549 4269 anima:
2578 4213 2630 4267 in
2667 4212 2806 4267 lllios
2845 4224 2911 4264 ex
2946 4206 3254 4278 parentibus
3298 4200 3602 4271 prapagari,

2018 4310 2271 4379 quoniam
2317 4307 2451 4362 satis
2480 4314 2665 4377 aperte
2703 4304 2904 4359 dictum
2936 4301 3144 4355 videtur
3183 4298 3390 4351 animas
3439 4292 3604 4347 etiam

2018 4400 2090 4456 de
2106 4399 2398 4455 femoribus
2418 4397 2603 4460 Jaeub,
2626 4411 2729 4451 non
2744 4397 2856 4450 sola
2871 4395 3069 4449 csiisse
3084 4403 3309 4460 corpora
3332 4386 3595 4446 ﬁliorum;

2021 4500 2081 4545 nt
2108 4503 2176 4545 eo
2207 4490 2368 4545 tundo
2395 4490 2557 4544 etiam
2581 4487 2710 4543 illud
2742 4486 2967 4556 intelligi
2996 4482 3163 4537 velint
3190 4496 3217 4534 a
3242 4488 3391 4551 parte
3408 4484 3603 4539 totum,

2021 4581 2162 4651 quod
2189 4582 2325 4637 dixit
2346 4582 2538 4645 Adam,
2572 4595 2695 4635 cum
2724 4578 2800 4633 illi
2833 4576 3024 4631 mulier
3053 4575 3170 4643 ejus
3198 4570 3605 4627 ostenderetur:

323 4671 469 4741 quod
501 4672 689 4737 nescit,
735 4687 824 4738 ne,
871 4674 997 4726 dum
1041 4687 1100 4727 se
1148 4674 1287 4727 seire
1337 4674 1614 4739 mentitur,
1648 4688 1917 4742 nunquam
1950 4679 2001 4741 ι)
2027 4672 2137 4729 Hoc
2167 4689 2309 4728 nunc
2338 4686 2401 4728 os
2429 4687 2497 4726 ex
2519 4671 2732 4725 ossibus
2756 4668 2910 4733 meis,
2941 4675 2995 4721 et
3016 4680 3143 4718 caro
3163 4662 3232 4717 de
3258 4676 3423 4715 carne
3444 4674 3564 4714 mea
3589 4678 3606 4715 :

324 4764 473 4817 scire
502 4774 794 4819 mereatur.
822 4766 954 4832 Quis
984 4774 1163 4819 autem
1192 4775 1349 4832 negat
1378 4780 1485 4819 non
1500 4768 1657 4820 unius
1686 4776 1915 4833 tantum,

322 4852 422 4908 sed
449 4855 624 4909 omnis
659 4856 852 4909 anima:
881 4840 1178 4911 creatorem
1209 4865 1373 4924 atque
1419 4854 1675 4909 factorem
1725 4856 1913 4924 Deum,

322 4945 427 4998 nisi
457 4946 547 5011 qui
590 4945 709 5013 ejus
750 4946 976 5013 eloquiis
1018 4948 1360 5015 apertissime
1412 4950 1757 5015 refragatur?
1788 4951 1919 5004 Sine

322 5036 433 5089 nlla
464 5036 668 5104 quippe
688 5037 1036 5105 ambiguitate
1071 5042 1221 5111 101
1254 5056 1349 5109 per
1382 5042 1693 5110 prophetam
1743 5041 1911 5095 dicit:

320 5123 549 5180 Omnem
577 5126 761 5181 ﬂatum
788 5145 887 5197 ego
918 5128 1039 5192 feci,
1069 5133 1273 5185 animas
1297 5134 1344 5187 vi
1369 5135 1541 5187 lelicet
1566 5133 1786 5202 intelligi
1828 5147 1919 5189 ro-

318 5217 464 5282 lens,
491 5219 632 5286 quod
658 5220 820 5273 verba
853 5223 1234 5291 consequentia
1264 5226 1637 5279 m-mifestant:
1672 5242 1777 5279 non
1805 5226 1916 5279 uti-

316 5324 429 5378 que
458 5325 620 5365 unum
652 5326 810 5378 quem
840 5314 979 5368 facto
1008 5331 1073 5368 ex
1099 5324 1237 5369 terra
1268 5316 1466 5369 homini
1493 5319 1664 5384 primo
1684 5318 1913 5385 inspira-

317 5405 421 5467 vit,
454 5402 549 5458 sed
587 5419 807 5458 omnem
843 5405 1024 5459 ﬂatum
1065 5408 1180 5476 ipse
1208 5407 1351 5471 fecit,
1388 5407 1501 5475 ipse
1548 5409 1725 5462 adhuc
1767 5410 1911 5466 facit.

317 5496 592 5560 Quaeritur
610 5506 787 5550 tamen
811 5506 988 5550 utrum
1007 5512 1220 5552 omnem
1236 5500 1414 5551 [latum
1435 5515 1498 5552 ex
1523 5516 1629 5551 uno
1654 5500 1742 5553 illo
1763 5501 1910 5563 flatu,

320 5585 470 5641 sicut
491 5601 653 5639 omne
673 5602 869 5652 corpus
892 5588 1123 5642 hominis
1141 5604 1201 5643 es
1230 5590 1318 5642 illo
1343 5604 1448 5644 uno
1471 5607 1695 5659 corpore
1724 5589 1912 5657 faciat;

321 5694 396 5731 an
428 5692 558 5733 vero
589 5691 725 5733 nova
755 5679 969 5745 quidem
1000 5695 1226 5745 corpora
1256 5680 1418 5733 faciat
1445 5697 1507 5734 ex
1535 5697 1663 5747 uno,
1710 5685 1916 5736 animas

330 5784 509 5826 autem
542 5787 712 5826 nOVas
740 5788 802 5826 cx
836 5773 1027 5826 nihilo.
1073 5774 1204 5838 Quis
1234 5774 1377 5826 enim
1403 5788 1636 5840 congrua
1665 5776 1777 5827 suis
1806 5775 1917 5827 ori-

329 5864 546 5931 ginibus
588 5878 785 5936 genere
808 5879 991 5922 rerum
1018 5865 1187 5923 etiam
1222 5864 1289 5920 de
1316 5865 1606 5922 seminibus
1642 5866 1784 5931 facit,
1814 5866 1913 5921 nisi

2024 4781 2130 4821 non
2152 4765 2296 4821 enim
2318 4764 2483 4820 dixit:
2516 4774 2568 4817 et
2592 4763 2769 4816 anima
2798 4761 2866 4815 de
2896 4760 3073 4813 anima
3104 4772 3241 4811 mea.
3267 4756 3371 4811 Sed
3406 4755 3483 4807 ita
3508 4770 3615 4822 po-

2023 4867 2128 4913 test
2158 4859 2270 4912 iieri
2300 4866 2358 4911 ut
2395 4871 2559 4909 carne
2591 4854 2861 4909 nominata
2910 4862 3196 4919 utrumque
3244 4846 3606 4916 intelligatur:

2022 4951 2161 5004 sicut
2197 4950 2283 5004 hic
2316 4949 2527 5003 animas
2562 4947 2876 5008 nominavit,
2905 4954 2958 5000 et
2987 4954 3166 4998 tamen
3194 4942 3604 5006 ctianwnrpora

2022 5041 2074 5093 in
2114 5041 2237 5094 iiliis
2267 5040 2490 5108 intelligi
2542 5038 2733 5091 voluit.
2764 5038 2875 5093 Sed
2921 5036 3020 5089 hoc
3054 5036 3415 5089 testimonium
3461 5041 3608 5084 certe

2022 5131 2174 5202 quasi
2207 5142 2314 5186 tam
2347 5132 2549 5187 clarum
2592 5140 2751 5201 atque
2781 5130 3120 5183 manifestum
3147 5127 3453 5181 enodandar
3483 5123 3606 5176 huLc

2022 5222 2305 5292 qumslioni
2335 5239 2441 5277 non
2474 5221 2670 5275 sufficit
2704 5235 2843 5275 :nec
2890 5221 2936 5274 si
2985 5221 3053 5273 ita
3100 5220 3363 5285 legeretur
3410 5226 3607 5283 genere

2024 5316 2280 5370 feminino
2313 5332 2325 5367 :
2359 5331 2477 5385 qua:
2506 5316 2755 5369 exierunt
2782 5313 2849 5367 de
2903 5310 3191 5366 fautoribus
3233 5306 3368 5375 ejus,
3396 5316 3450 5356 ut
3491 5307 3606 5358 ani-

2025 5420 2138 5459 mas
2166 5405 2600 5475 intelligeremus
2628 5420 2746 5474 qua:
2794 5404 3072 5463 exierunt;
3105 5400 3224 5451 ideo
3270 5405 3448 5449 autern
3498 5412 3604 5449 non

2022 5498 2311 5562 sufficeret,
2359 5498 2610 5567 quoniam
2644 5507 2696 5549 et
2735 5498 2924 5547 anima:
2955 5490 3169 5545 nomine
3206 5503 3403 5555 corpus
3430 5488 3604 5540 solum

2025 5604 2181 5659 fusse
2208 5589 2497 5660 significari
2532 5589 2691 5643 modo
2718 5585 2944 5655 quodam
2971 5582 3259 5635 locutionis
3282 5579 3604 5641 ostenditur,

2025 5698 2130 5751 quo
2143 5683 2497 5753 significatur,
2516 5696 2607 5749 per
2620 5680 2669 5732 id
2686 5678 2822 5745 quod
2836 5686 2951 5729 conl
2964 5675 3159 5738 inetur,
3177 5673 3303 5728 illttd
3320 5673 3464 5741 quod
3480 5688 3604 5725 cono

2026 5776 2187 5839 tinet;
2218 5775 2355 5828 sicut
2382 5777 2457 5828 ait
2486 5774 2733 5839 quidam:
2761 5767 2892 5821 Vina
2930 5776 3209 5829 coronant,
3234 5780 3354 5819 cum
3377 5778 3608 5816 corona-

2022 5878 2199 5925 t‘entur
2231 5884 2356 5925 vasa
2374 5866 2593 5931 vinaria;
2624 5866 2802 5921 vinum
2824 5866 2964 5921 enim
2992 5864 3188 5918 centlu
3213 5871 3426 5926 tur,vas
3441 5859 3614 5914 conti-
