4074 6186
430 376 562 430 1075

1509 382 1572 435 D.
1617 377 1931 436 EUGYI’PII
1972 376 2261 434 ADBATIS
2301 379 2623 439 AFlth.\i\'l

3560 402 3695 459 ιοησ

420 504 534 551 net.
561 497 714 557 Sicut
741 518 870 574 ergo
899 507 1231 576 appellamus
1279 505 1561 561 ecclesiam
1596 503 1868 558 basilicam
1903 518 2004 572 qua
2035 496 2086 557 A
2113 498 2192 554 ltts
2221 499 2486 583 devseipso
2509 505 2757 562 dubitare
2783 523 2890 562 non
2912 510 3118 570 dubitet
3141 522 3324 569 utrum
3371 516 3426 570 in
3465 531 3694 588 corpore

423 589 732 647 continetur
763 598 1009 665 populus,
1036 601 1127 667 qui
1175 612 1298 652 vere
1335 597 1639 675 appellatur
1662 597 1922 664 Ecclesia,
1941 608 2004 653 .ut

424 682 643 746 nomine
672 685 947 752 Ecclesiae,
973 689 1027 744 id
1045 699 1147 754 est,
1175 690 1354 758 populi
1382 691 1470 758 qui
1491 692 1817 757 continetur,
1837 691 2004 759 signi-

427 769 646 830 lit-emus
702 778 875 837 locum
919 781 1013 848 qui
1047 786 1320 848 continet;
1355 783 1428 837 ita
1476 784 1614 851 quod
1665 787 1857 839 ani-mae
1883 800 2005 842 cor-

423 867 641 933 poribus
666 872 1032 939 contineutur,
1082 875 1303 943 intelligi
1353 891 1578 944 corpora
1627 877 1857 932 ﬁliorum
1910 894 2005 946 per

419 961 722 1017 nominatas
750 965 955 1019 animas
979 978 1233 1034 possunt:
1257 970 1336 1023 sic
1356 970 1497 1023 enim
1527 971 1718 1026 melius
1744 971 2004 1040 accipitur

418 1049 582 1104 etiam
605 1052 730 1107 illud
747 1056 889 1124 quod
917 1059 997 1112 lex
1023 1060 1287 1127 inquinari
1306 1060 1574 1116 diciteum
1605 1063 1696 1130 qui
1726 1062 2006 1117 intraverit

417 1155 581 1215 super
607 1145 840 1200 animam
869 1160 1161 1216 mortuam,
1193 1151 1300 1207 hoc
1319 1163 1399 1206 est
1421 1167 1582 1221 super
1626 1154 1867 1211 defuncti
1913 1171 2004 1210 ca-

417 1231 582 1287 daver
606 1251 619 1298 ;
646 1246 702 1288 ut
735 1239 952 1293 nomine
991 1243 1184 1295 animm
1228 1252 1454 1299 mortua:
1493 1255 1763 1300 mortuum
1806 1261 2003 1315 corpus

419 1320 767 1393 intelligatur,
796 1331 935 1398 qttod
957 1332 1190 1387 animam
1212 1334 1518 1390 continebat
1543 1353 1558 1390 :
1587 1338 1710 1404 quia
1735 1348 1787 1394 et
1808 1339 2002 1394 absen-

418 1421 473 1469 te
497 1418 712 1485 populo,
738 1421 902 1476 idest
937 1425 1197 1484 Ecclesia.
1227 1425 1374 1482 locus
1406 1435 1584 1482 tamen
1617 1429 1706 1484 ille
1739 1429 2002 1484 nihilomi-

416 1518 516 1558 nus
543 1509 772 1564 ecclesia
794 1528 1152 1583 nuncupatur.
1182 1517 1308 1575 "me
1337 1520 1810 1588 responderentur,
1845 1523 1915 1587 si,
1947 1533 2003 1576 ut

410 1595 566 1663 dixi,
627 1598 884 1657 feminino
937 1621 1141 1674 genere
1188 1611 1420 1678 positum
1468 1621 1630 1677 esset,
1681 1628 1800 1682 qua:
1855 1613 2003 1668 exie-

413 1697 538 1744 runt
557 1689 624 1745 de
655 1693 945 1750 femoribus
972 1698 1168 1764 Jacoh,
1196 1699 1248 1753 id
1289 1710 1391 1766 est,
1446 1716 1564 1770 qua:
1592 1702 1782 1756 animm
1811 1720 1823 1768 ;
1858 1719 1999 1759 nunc

413 1791 542 1833 vero
570 1794 693 1836 cum
719 1787 1072 1842 masculinum
1104 1804 1272 1857 genus
1310 1792 1379 1845 sit
1411 1792 1667 1858 positum,
1694 1794 1743 1847 id
1772 1805 1873 1857 est,
1907 1795 1999 1863 qui

2107 603 2175 644 an
2203 602 2351 647 extra
2381 608 2577 665 corpus
2603 609 2788 668 raptus
2834 603 2902 655 sit
2945 604 2998 657 in
3037 607 3256 661 tertium
3287 611 3484 664 cmlum
3522 629 3534 663 :
3565 614 3695 672 Sive

2108 681 2234 751 hoc,
2285 686 2401 741 sive
2453 687 2604 754 illud,
2659 694 2866 762 nescio,
2935 696 3128 767 inquit,
3195 699 3335 755 Deus
3378 702 3506 758 scit.
3553 705 3691 761 Cum

2106 787 2234 843 ergo
2284 776 2437 843 mihi,
2495 782 2727 851 quandiu
2783 787 2987 852 nescio,
3055 789 3303 847 dubitare
3360 807 3466 849 non
3527 795 3689 853 liceat

2107 875 2282 919 utrum
2330 868 2505 922 anima
2543 887 2659 925 mea
2701 874 2754 926 in
2791 874 2945 930 istam
2987 879 3147 934 vitam
3189 895 3257 935 ex
3292 885 3586 952 propagine
3619 901 3690 942 an

2113 957 2266 1028 102
2287 956 2402 1012 sine
2430 962 2715 1030 propagine
2737 965 2962 1030 venerit,
2996 983 3116 1023 cum
3145 986 3262 1025 eam
3293 975 3545 1029 utrolibet
3571 992 3688 1029 mo-

2105 1045 2174 1099 do
2202 1061 2232 1099 a
2258 1064 2468 1105 summo
2496 1061 2548 1114 et
2601 1068 2726 1109 vero
2755 1055 2866 1112 Deo
2898 1061 3086 1114 tactam
3118 1075 3240 1116 esse
3267 1079 3376 1118 non
3400 1065 3639 1121 dubitem
3668 1070 3696 1122 ’ὲ

2105 1151 2202 1190 cur
2225 1140 2353 1193 mihi
2378 1155 2481 1195 non
2509 1143 2582 1196 sit
2613 1144 2690 1196 las
2720 1144 2922 1211 dicere,
2965 1149 3080 1204 scio
3101 1151 3333 1206 animam
3390 1170 3562 1210 meatu
3620 1171 3691 1212 ex

2105 1244 2267 1297 opere
2296 1230 2388 1286 Dei
2415 1232 2729 1299 subsistere.
2762 1245 2815 1290 et
2844 1252 3063 1305 prorsus
3091 1242 3225 1310 opus
3276 1243 3370 1299 Dei
3397 1261 3543 1311 esse,
3572 1263 3691 1304 sne

2104 1335 2169 1374 ex
2228 1322 2551 1392 propagine,
2595 1326 2741 1380 sicut
2789 1342 3014 1396 corpus,
3061 1333 3174 1387 sive
3229 1344 3382 1388 extra
3439 1341 3693 1407 propagi-

2106 1426 2225 1465 nem
2256 1411 2393 1467 sicut
2422 1414 2508 1470 illa
2555 1430 2675 1486 quae
2714 1418 2888 1486 primo
2915 1421 3115 1478 homini
3156 1423 3279 1478 data
3323 1437 3426 1492 est,
3479 1432 3689 1497 nescio,

2108 1502 2247 1559 Deus
2294 1505 2431 1560 scit?
2485 1507 2667 1562 Utrum
2701 1508 2889 1566 borum
2931 1512 3012 1569 vis
3067 1524 3122 1568 ut
3176 1517 3530 1574 conﬁrmem:
3563 1538 3688 1590 pos-

2105 1607 2241 1660 sem,
2271 1595 2317 1650 si
2351 1611 2588 1654 nossem.
2619 1601 2770 1669 Quod
2825 1604 2871 1658 si
2926 1605 3039 1673 ipse
3095 1607 3254 1673 nosti,
3305 1625 3371 1663 eu
3403 1611 3570 1668 habes
3600 1629 3687 1668 me

2104 1688 2430 1754 cupidiorem
2464 1691 2671 1747 discere
2701 1695 2841 1764 quod
2875 1700 3076 1763 nescio,
3109 1716 3268 1770 quam
3299 1703 3492 1760 docere
3540 1707 3687 1773 quod

2105 1779 2252 1846 scio;
2298 1783 2342 1835 si
2383 1792 2558 1839 autem
2608 1787 2782 1842 nescis
2828 1789 2966 1844 sicut
3015 1807 3136 1862 ego,
3168 1810 3258 1849 ora
3291 1795 3430 1850 sicut
3461 1807 3511 1852 et
3560 1814 3683 1869 ego.

412 1870 660 1925 exierunt
685 1874 752 1929 de
784 1876 1080 1934 femoribus
1102 1853 1287 1948 .lacob,
1321 1884 1441 1950 quis
1465 1898 1568 1937 non
1594 1884 1670 1937 ita
1694 1886 1985 1954 intelligar:

2106 1880 2161 1924 ut
2204 1872 2321 1926 sive
2361 1888 2456 1940 per
2482 1877 2772 1945 quemlibet
2823 1893 3036 1935 servum
3077 1897 3255 1947 suum,
3308 1889 3425 1939 sive
3456 1902 3552 1956 per
3591 1904 3687 1943 se-

413 1963 562 2017 rnalit
586 1980 600 2016 :
626 1980 815 2022 omnes
846 1971 1039 2025 anima:
1064 1987 1250 2027 eorum
1275 1976 1370 2041 qui
1400 1975 1645 2032 exierunt
1667 1993 1729 2032 cx
1777 1981 2000 2034 lemori~

410 2053 508 2108 bus
529 2056 666 2124 ejus,
697 2058 748 2112 id
778 2069 879 2126 est,
905 2063 1098 2117 animm
1127 2063 1437 2119 hominum:
1467 2069 1708 2124 utetiam
1740 2071 1820 2125 sic
1873 2087 1996 2139 pos-

407 2144 517 2200 sint
540 2146 769 2216 intelligi
799 2152 1093 2207 secundum
1151 2169 1348 2225 corpus
1402 2161 1774 2216 tantummodo
1814 2163 1995 2217 exisse

410 2234 655 2295 horniues
694 2240 763 2296 de
803 2241 1092 2298 femoribus
1153 2245 1345 2313 Patris,
1391 2265 1618 2312 quorum
1687 2262 1842 2306 erant
1886 2254 1996 2309 illm

405 2326 600 2382 animo
658 2345 753 2397 per
795 2348 1019 2401 quarum
1048 2351 1330 2391 numerum
1362 2339 1731 2409 intelliguntur
1775 2351 1850 2397 tot
1898 2345 1994 2398 ho-

405 2425 624 2481 mines?
662 2426 722 2484 Si
762 2444 892 2497 ergo
925 2432 992 2485 ita
1037 2441 1190 2501 potes
1238 2435 1539 2489 animarum
1587 2451 1832 2494 asserere
1877 2440 1995 2495 sine

405 2516 512 2570 ulla
541 2520 832 2590 propagine
863 2523 1175 2588 novitatem,
1222 2535 1280 2581 ut
1309 2528 1517 2582 ratione
1542 2528 1682 2598 justa
1741 2540 1797 2585 et
1827 2545 1855 2585 a
1889 2531 1992 2588 ﬁde

402 2608 668 2666 catholica
696 2627 800 2666 non
821 2613 1016 2680 aliena,
1040 2616 1200 2671 etiam
1223 2619 1302 2673 sic
1333 2629 1550 2686 peccato
1576 2623 1733 2688 primi
1758 2622 1991 2678 hominis

405 2703 760 2760 ostendantur
785 2706 1051 2770 obnoxite.
1071 2722 1252 2764 assere
1271 2710 1412 2779 quod
1429 2712 1619 2776 sentis,
1644 2721 1698 2768 ut
1729 2723 1911 2780 potes;
1943 2716 1986 2768 si

400 2801 580 2850 autem
594 2810 698 2852 non
713 2811 807 2852 eas
818 2798 973 2854 aliter
985 2810 1133 2869 potes
1149 2816 1180 2854 a
1195 2804 1541 2873 propagation
1564 2805 1988 2873 -lacercalienas,

401 2883 501 2940 nisi
529 2894 588 2941 ut
614 2887 772 2944 simul
797 2888 961 2944 facias
1002 2892 1070 2947 ab
1096 2894 1244 2947 omni
1290 2894 1493 2962 peccati
1522 2896 1737 2953 vinculo
1763 2897 1982 2962 liberas,

397 2977 588 3033 cohibe
615 2989 667 3034 te
687 2981 755 3034 ab
785 2980 1087 3052 hujusmodi
1111 2984 1472 3053 disputatione
1495 2987 1844 3044 omnimodo:
1877 3005 1982 3045 non

398 3077 485 3124 est
503 3071 647 3126 enim
681 3073 810 3128 falsa
831 3076 989 3130 etiam
1014 3077 1064 3130 in
1090 3078 1428 3145 parvulorum
1453 3078 1770 3147 baptismate
1792 3081 1984 3135 remis-

398 3161 480 3216 sio
508 3173 873 3232 peccatorum,
909 3182 1008 3222 nec
1032 3167 1359 3223 verbotenus
1381 3169 1594 3236 dicitur,
1651 3171 1745 3225 sed
1779 3173 1982 3227 veraci-
2006 3223 2053 3246 Δ,

397 3259 477 3306 ter
495 3254 692 3322 agitur.
725 3255 786 3312 Ut
815 3266 992 3312 autem
1013 3268 1067 3312 et
1091 3274 1122 3312 ιι
1146 3274 1231 3315 nte
1260 3270 1346 3316 tua
1375 3260 1594 3316 dilectio
1622 3261 1689 3317 de
1717 3263 1814 3317 bac
1837 3279 1982 3330 quaa-

396 3341 572 3397 stiune
597 3344 797 3414 aliquid
834 3347 1018 3403 audiat
1043 3348 1345 3419 deﬁnitum,
1379 3366 1484 3406 non
1517 3353 1665 3420 parvi
1703 3354 1977 3408 aestiman-

393 3431 543 3495 dum,
576 3433 685 3490 imo
715 3437 984 3505 prmcipue
1018 3441 1382 3495 necessarium
1419 3449 1580 3512 atque
1621 3443 1977 3512 retinendum,

393 3523 802 3587 quomodolibet
828 3541 888 3580 se
913 3527 1064 3596 origo
1097 3530 1290 3584 habeat
1316 3532 1640 3600 animarum,
1662 3535 1774 3590 sive
1792 3552 1858 3591 ex
1890 3538 1978 3593 illa

324 3655 338 3670 .
394 3629 519 3682 una,
553 3615 666 3671 sive
707 3632 772 3672 ex
803 3619 947 3674 nulla
996 3621 1099 3676 alia
1131 3633 1512 3692 propagentur,
1544 3626 1856 3684 mediatoris
1901 3639 1985 3684 ta-

395 3720 516 3761 men
548 3707 782 3764 animam
830 3711 1032 3767 nullum
1074 3727 1138 3768 ex
1189 3714 1357 3771 Adam
1411 3718 1637 3773 traxisse
1678 3731 1975 3789 peccatum,

392 3795 634 3854 dubitare
657 3799 735 3855 las
761 3816 866 3855 nou
894 3812 997 3860 est.
1031 3804 1086 3858 Si
1115 3805 1256 3861 enim
1284 3807 1428 3862 nulla
1455 3821 1780 3881 propagatur
1806 3829 1874 3870 ex
1894 3815 1975 3868 al-

394 3898 530 3957 tera,
567 3890 656 3947 ubi
687 3908 876 3950 omnes
905 3904 1152 3952 tenentur
1198 3909 1482 3969 propagata
1540 3914 1704 3959 carne
1748 3907 1972 3971 peccati,

391 3992 589 4049 quanto
611 3985 787 4040 minus
807 3987 1134 4045 credendum
1156 3999 1234 4045 est
1257 4006 1321 4045 ex
1345 3994 1636 4063 propagine
1660 3999 1974 4065 peccatrieis

390 4074 622 4130 animam
652 4077 834 4131 venire
865 4092 971 4132 non
999 4081 1254 4148 potuisse,
1279 4082 1433 4150 cujus
1456 4098 1583 4139 caro
1605 4085 1750 4140 venit
1775 4101 1839 4142 ex
1865 4087 1971 4142 vir-

389 4165 529 4235 glue,
550 4183 654 4224 non
671 4169 890 4224 libidine
915 4181 1195 4241 concepta,
1211 4173 1302 4229 sed
1326 4173 1429 4230 ﬁde
1452 4184 1508 4230 ut
1523 4187 1668 4233 esset
1694 4179 1748 4233 in
1779 4180 1974 4236 simili-

391 4259 574 4314 tudine
596 4263 772 4316 caruis
797 4265 1019 4331 peccati,
1047 4280 1150 4320 non
1177 4265 1230 4320 itt
1251 4281 1414 4322 carne
1444 4270 1644 4338 peccati
1669 4271 1682 4325 !
1711 4270 1764 4326 Si
1790 4281 1968 4330 autem

391 4360 611 4417 peccato
637 4355 823 4419 prima:
852 4355 1044 4410 animae
1067 4358 1383 4424 peccatricis
1404 4358 1522 4414 ideo
1544 4369 1756 4417 ceterae
1779 4373 1969 4419 teneo.

388 4450 475 4498 tur
500 4442 773 4508 obnoxize,
805 4445 890 4514 qui
925 4443 1088 4518 [quia]
1118 4464 1184 4503 ex
1217 4448 1306 4503 illa
1337 4459 1462 4504 sunt
1488 4461 1813 4522 prepagatte,
1846 4469 1966 4522 pro-

389 4535 528 4590 fecto
556 4535 645 4589 illa
666 4550 823 4604 quam
855 4537 954 4592 sibi
989 4537 1295 4608 unigenitus
1318 4541 1608 4610 cooptavit,
1651 4552 1744 4598 aut
1774 4559 1964 4613 pecca-

389 4639 501 4685 tum
533 4632 656 4686 inde
683 4647 785 4686 non
815 4633 991 4699 trtxit,
1024 4644 1114 4689 aut
1138 4638 1360 4692 omnino
1388 4638 1509 4694 inde
1533 4657 1638 4696 non
1669 4650 1835 4697 tracta
1855 4653 1968 4711 est;

390 4735 562 4789 neque
587 4723 730 4776 enim
761 4739 864 4778 non
889 4725 1061 4793 potuit
1086 4727 1318 4783 animam
1340 4729 1441 4786 sibi
1465 4730 1679 4787 trahere
1699 4735 1820 4789 sine
1845 4751 1970 4806 pec-

389 4811 1002 4880 cato,quisolvitnostra
1035 4825 1284 4884 peccata;
1314 4827 1406 4872 aut
1429 4821 1517 4884 qui
1548 4837 1740 4877 novam
1767 4829 1973 4882 creavit

386 4901 434 4956 ei
463 4902 610 4957 carni
631 4917 791 4971 quam
820 4904 936 4958 sine
960 4919 1181 4974 parente
1211 4908 1335 4963 fecit
1357 4924 1422 4963 ex
1449 4919 1614 4977 terra,
1650 4929 1762 4968 non
1793 4917 1968 4982 potuit

388 5008 579 5048 novam
608 5007 796 5049 creare
821 4996 990 5058 carni,
1015 5011 1171 5065 quam
1200 4999 1314 5054 sine
1338 5000 1452 5053 viro
1470 5003 1701 5069 sumpsit
1726 5019 1789 5058 ex
1817 5004 1971 5060 femi-

391 5098 479 5138 na.
519 5083 632 5154 Ego
659 5084 804 5140 enim
836 5083 1032 5152 adhuc,
1059 5085 1250 5152 lateor.
1281 5104 1387 5145 non
1414 5091 1591 5148 iuveni
1621 5097 1968 5161 quemadmo-

386 5175 512 5230 dum
533 5176 708 5231 anima
736 5186 793 5232 et
819 5188 1093 5245 peceatum
1121 5197 1183 5237 ex
1208 5182 1376 5238 Adam
1401 5185 1614 5252 trahat;
1645 5189 1787 5243 unde
1814 5189 1969 5246 dubi-

390 5275 504 5321 tare
534 5267 612 5322 las
638 5282 741 5322 non
760 5276 843 5323 est
872 5268 1059 5343 [quod]
1085 5273 1265 5341 etipsa
1279 5289 1344 5329 ex
1377 5277 1545 5331 Adam
1563 5293 1667 5334 non
1698 5281 1966 5348 trahatur;

383 5355 527 5424 quod
557 5357 687 5413 mihi
713 5358 1020 5430 diligentius
1049 5364 1450 5434 inquirendum,
1484 5383 1642 5436 quam
1694 5371 1969 5427 inconsul-

386 5447 492 5502 tius
518 5451 862 5506 asserendutu
886 5464 987 5508 est.
1012 5455 1432 5521 Quandoautem
1458 5475 1555 5512 nos
1577 5461 1718 5531 aliqu
1738 5481 1765 5514 ιθ
1786 5478 1968 5519 causa:

387 5536 440 5590 in
472 5538 644 5608 aliqua
674 5543 978 5610 quu'stioue
1007 5562 1113 5600 non
1143 5545 1411 5602 immerito
1451 5548 1698 5606 dubitare
1727 5557 1969 5622 compel-

388 5629 523 5696 lunt,
549 5647 654 5686 non
675 5637 840 5689 etiam
871 5638 994 5694 hinc
1021 5640 1273 5697 dubitare
1321 5643 1580 5699 debemus
1609 5654 1784 5700 utrttm
1812 5647 1973 5704 dubi-

389 5731 508 5778 tare
527 5724 841 5782 debeamus.
878 5733 952 5787 De
983 5733 1158 5788 dubiis
1181 5737 1376 5807 quippe
1405 5737 1568 5794 rebus
1614 5738 1732 5796 sine
1760 5741 1973 5797 dubita-

392 5811 536 5866 tione
566 5813 918 5874 dubitaudutu
941 5832 1044 5878 est.
1072 5825 1231 5882 Vides
1259 5830 1708 5898 quemadmodum
1741 5835 1970 5905 Aposto-

2103 1961 2300 2031 ipsum,
2333 1965 2586 2032 magister
2618 1968 2707 2023 ille
2751 1983 2850 2024 nos
2875 1969 3064 2027 doceat
3103 1975 3190 2043 qui
3239 1973 3373 2029 dixit
3401 1977 3684 2048 discipulis

2101 2056 2251 2109 suis:
2284 2056 2360 2111 Ne
2390 2057 2561 2114 velitis
2587 2059 2692 2115 dici
2732 2061 2800 2116 ab
2837 2062 3142 2121 hominibus
3175 2065 3378 2132 Rabbi;
3414 2084 3550 2125 unus
3594 2081 3675 2126 est

2100 2145 2241 2198 enim
2257 2145 2505 2216 Magister
2517 2152 2966 2218 vester,Christus
2984 2174 2999 2224 ;
3015 2157 3057 2213 si
3082 2167 3259 2217 tamen
3293 2163 3397 2217 scit
3423 2165 3687 2234 expedire

2101 2236 2257 2291 nobis
2299 2249 2354 2293 ut
2381 2239 2544 2295 etiam
2591 2242 2715 2298 talia
2745 2246 3071 2315 novet-imus,
3095 2251 3185 2318 qui
3209 2254 3354 2307 novit
3373 2268 3479 2309 non
3505 2256 3681 2311 solum

2097 2328 2223 2396 quid
2246 2329 2459 2394 doceat,
2489 2346 2675 2387 verum
2703 2336 2866 2392 etiam
2913 2338 3044 2407 quid
3073 2341 3227 2396 nobis
3256 2343 3466 2399 discere
3511 2359 3680 2415 expe-

2097 2418 2226 2473 diat.
2258 2418 2389 2474 Nam
2411 2423 2673 2478 conﬁteor
2694 2425 2964 2484 dilectioni
2985 2441 3086 2485 tuas
3103 2433 3444 2502 cupiditatem
3469 2451 3642 2491 meam
3665 2456 3678 2490 :

2097 2511 2254 2579 cupio
2281 2514 2495 2583 quidem
2527 2526 2580 2572 et
2611 2517 2713 2573 hoc
2734 2521 2875 2574 scire
2927 2524 3071 2591 quod
3106 2527 3338 2594 quatis;
3363 2528 3461 2582 sed
3505 2530 3682 2585 multo

2095 2606 2265 2674 magis
2296 2619 2547 2675 cuperem
2577 2610 2740 2678 scire,
2792 2615 2837 2666 si
2869 2612 2985 2670 ﬁeri
3036 2627 3236 2685 posset,
3288 2620 3501 2688 quando
3543 2637 3678 2690 prus

2091 2704 2334 2752 sentetur
2362 2697 2694 2756 desideratus
2736 2705 2986 2758 omnibus
3031 2708 3308 2776 gentibus,
3359 2719 3416 2764 et
3454 2713 3678 2780 quando

2091 2801 2311 2858 regnum
2337 2799 2644 2846 sanctorum
2673 2792 2908 2849 futurum
2931 2797 3024 2861 sit,
3073 2812 3231 2867 quam
3278 2801 3421 2858 unde
3456 2802 3509 2854 in
3529 2803 3683 2857 hanc

2093 2888 2290 2934 teriam
2315 2882 2501 2936 venire
2521 2883 2810 2952 coeperim;
2846 2897 2903 2940 et
2929 2897 3105 2942 tamen
3149 2889 3302 2954 illud,
3331 2905 3451 2944 cum
3477 2893 3551 2944 ab
3581 2893 3682 2947 illo

2088 2973 2179 3044 qui
2203 2975 2306 3029 scit
2347 2978 2530 3033 omnia
2556 2979 2804 3049 discipuli
2849 2983 2933 3035 sui
2979 2984 3147 3038 nostri
3192 2987 3417 3053 apostoli
3467 3003 3677 3055 qumrc-

2089 3076 2224 3131 rent,
2257 3081 2571 3137 responsum
2615 3082 2936 3142 acceperunt
2973 3091 2986 3127 :
3013 3073 3130 3128 Non
3159 3087 3242 3130 est
3272 3089 3502 3132 vestrum
3533 3080 3679 3134 Scire

2088 3165 2325 3225 tempora
2355 3173 2474 3227 qua:
2505 3158 2661 3215 Pater
2686 3161 2864 3228 posuit
2913 3163 2966 3217 iu
2994 3179 3092 3218 sua
3125 3176 3413 3234 potestate.
3444 3169 3580 3234 Quid
3626 3171 3672 3226 si

2087 3265 2140 3309 et
2171 3256 2270 3310 hoc
2318 3256 2438 3322 scit,
2468 3273 2573 3312 non
2599 3272 2724 3314 esse
2768 3268 3015 3316 nostrum
3069 3260 3230 3325 scire.
3279 3265 3370 3332 qui
3426 3265 3676 3332 profecto

2085 3345 2186 3399 scit
2211 3345 2333 3415 quid
2368 3347 2520 3402 nobis
2569 3348 2640 3402 sit
2668 3348 2794 3404 utile
2823 3351 2995 3406 scire?
3035 3351 3100 3412 Et
3141 3352 3267 3406 illud
3313 3353 3524 3422 quidem
3573 3373 3670 3424 per

2085 3436 2231 3490 illum
2281 3437 2434 3501 scio.
2479 3453 2584 3493 non
2653 3454 2774 3495 esse
2836 3442 3003 3497 nostri
3056 3442 3195 3498 scire
3249 3453 3491 3514 tempora
3543 3463 3668 3514 qua

2085 3526 2242 3581 Pater
2264 3528 2440 3596 posuit
2468 3527 2521 3582 in
2551 3543 2647 3584 sua
2671 3538 2961 3599 potestate.
2985 3531 3177 3592 Utrum
3197 3542 3374 3589 autem
3405 3535 3670 3604 originem

2080 3618 2405 3686 animarum,
2431 3637 2585 3689 quam
2611 3622 2842 3678 nondum
2873 3629 3008 3691 scio,
3055 3634 3233 3681 utrum
3286 3626 3574 3699 [nostrum]
3595 3630 3669 3683 sit

2079 3708 2240 3774 scire,
2276 3710 2324 3763 id
2356 3720 2459 3777 est,
2489 3713 2755 3782 pertineat
2785 3715 2850 3771 ad
2883 3730 2981 3772 nos
3013 3716 3066 3772 id
3103 3719 3264 3783 scire,
3295 3734 3364 3774 ne
3409 3719 3665 3789 hocqui-

2079 3798 2200 3854 dem
2231 3800 2365 3856 scio.
2400 3801 2530 3858 Nam
2560 3805 2606 3858 si
2631 3805 2820 3862 saltem
2853 3809 2954 3862 hoc
2979 3808 3198 3874 scirem,
3233 3810 3376 3879 quod
3419 3820 3664 3865 nostrum

2078 3907 2186 3947 non
2213 3893 2282 3948 sit
2300 3893 2352 3950 id
2370 3893 2532 3962 scire,
2556 3911 2664 3952 non
2687 3899 2858 3953 solum
2885 3897 3156 3954 afﬁrmare
3187 3899 3424 3968 quandiu
3453 3901 3660 3962 nescio,

2077 3999 2262 4040 verum
2292 3986 2452 4042 etiam
2483 4001 2722 4057 quaerere
2750 3989 2860 4058 jam
2907 3989 3260 4056 desisterem;
3294 4006 3435 4046 nunc
3483 4001 3662 4047 autem

2074 4077 2321 4146 quamvis
2374 4086 2480 4134 tam
2533 4080 2602 4134 sit
2651 4080 2938 4136 obscurum
2987 4092 3147 4151 atque
3193 4083 3508 4150 profundum
3542 4122 3560 4147 ,
3605 4093 3666 4136 ut

2077 4169 2197 4238 plus
2259 4169 2372 4224 illic
2441 4169 2671 4226 docendi
2743 4187 2961 4227 caveam
3039 4173 3440 4238 temeritatem,
3501 4189 3666 4241 quam

2073 4261 2312 4316 discendi
2357 4262 2584 4316 habeam
2613 4262 2981 4331 cupiditatem,
3026 4275 3205 4320 tamen
3249 4274 3302 4320 et
3351 4265 3452 4320 hoc
3497 4274 3666 4318 etiam

2076 4354 2270 4408 vellem
2301 4355 2463 4421 scire,
2497 4356 2540 4408 si
2575 4369 2810 4422 possem.
2850 4355 2918 4409 Et
2951 4356 3072 4411 licet
3101 4357 3268 4410 multo
3319 4357 3545 4423 amplius
3591 4355 3664 4410 sit

2073 4446 2458 4510 necessarium,
2484 4446 2630 4515 quod
2657 4445 2839 4501 aitille
2874 4456 3088 4500 sanctus
3120 4464 3134 4500 :
3167 4447 3360 4501 Notum
3392 4448 3520 4501 mihi
3551 4446 3659 4511 lac,

2077 4537 2318 4601 Domine,
2352 4538 2510 4595 ﬁnem
2534 4555 2710 4594 meum
2742 4540 2877 4610 (Non
2910 4542 3053 4595 enim
3073 4541 3170 4604 ait,
3201 4541 3409 4595 initium
3433 4540 3661 4605 meum),

2079 4629 2278 4685 utinam
2307 4640 2482 4684 tamen
2515 4647 2655 4687 nunc
2687 4632 2920 4698 initium,
2953 4633 3096 4698 quod
3121 4633 3186 4688 ad
3209 4634 3364 4688 istam
3411 4634 3663 4702 quaestio—

2078 4738 2199 4778 nem
2225 4723 2434 4788 attinet,
2457 4739 2542 4780 me
2565 4724 2791 4780 lateret!
2823 4725 3014 4779 Verum
3044 4724 3111 4778 de
3138 4724 3250 4793 ipso
3271 4739 3482 4793 quoque
3511 4724 3665 4778 initio

2077 4829 2200 4869 meo
2228 4815 2465 4884 ingratus
2489 4815 2702 4872 doctori
2749 4805 2870 4872 meo
2917 4833 3022 4870 non
3055 4830 3195 4876 sum.
3243 4815 3386 4884 quod
3427 4816 3662 4870 animam

2078 4911 2366 4962 humanam
2393 4908 2639 4977 spiritum
2666 4923 2808 4975 esse,
2835 4923 2939 4964 non
2993 4923 3209 4977 corpus.
3235 4923 3467 4978 eumque
3494 4909 3665 4961 ratio-

2080 5002 2252 5057 nalem
2294 5003 2376 5058 vel
2401 5002 2835 5068 intellectualem,
2867 5002 3009 5067 scio;
3037 5018 3137 5057 nec
3161 5016 3278 5056 eam
3311 5001 3402 5056 Dei
3423 5014 3547 5056 esse
3569 5015 3664 5054 na-

2079 5105 2274 5162 turam,
2305 5096 2398 5151 sed
2431 5098 2604 5164 potius
2630 5108 2933 5151 creaturam
2962 5097 3300 5167 aliquatenus
3354 5093 3657 5158 mortalem,

2079 5189 2131 5243 in
2159 5197 2411 5258 quantum
2441 5190 2498 5244 in
2525 5191 2761 5246 deterius
2788 5191 3123 5255 commutari,
3155 5199 3209 5244 et
3233 5205 3263 5243 a
3288 5189 3394 5242 vita
3425 5187 3537 5247 Dei.
3569 5201 3666 5239 cu-

2072 5280 2162 5351 jus
2190 5280 2598 5351 participatione
2643 5283 2794 5337 beata
2821 5283 2899 5349 ﬁt,
2948 5281 3166 5337 alienari
3217 5289 3432 5350 potest,
3462 5287 3519 5334 et
3572 5277 3678 5330 ali-

2077 5382 2338 5442 quatenus
2387 5374 2779 5441 immortalem,
2829 5376 3083 5444 quoniam
3138 5389 3354 5430 sensum
3389 5417 3404 5440 ,
3454 5390 3562 5445 quo
3608 5375 3665 5428 ei

2079 5476 2194 5535 post
2229 5465 2364 5521 hanc
2389 5467 2550 5522 vitam
2580 5468 2662 5523 vel
2693 5468 2830 5522 bene
2873 5469 2957 5523 vel
2989 5467 3128 5522 male
3153 5469 3242 5534 sit,
3275 5467 3523 5522 amittere
3552 5483 3662 5521 non

2081 5566 2287 5626 p0test;
2320 5558 2435 5614 scio
2459 5559 2619 5614 etiam
2647 5574 2752 5614 non
2780 5573 2898 5615 eam
2931 5572 3028 5629 pro
3055 5560 3261 5613 actibus
3290 5568 3415 5613 ante
3443 5571 3664 5612 carnem

2078 5651 2243 5718 gestis
2269 5651 2469 5706 includi
2498 5653 2549 5706 in
2599 5666 2762 5706 carne
2801 5653 3084 5715 meruisse,
3116 5651 3210 5707 sed
3237 5665 3335 5706 nec
3383 5651 3503 5705 ideo
3543 5665 3667 5704 esse

2081 5743 2130 5796 in
2174 5743 2390 5798 homine
2433 5744 2552 5798 sine
2582 5743 2740 5798 sorde
2769 5744 2992 5812 peccati,
3023 5751 3078 5797 ct
3114 5743 3158 5796 si
3188 5742 3344 5796 unius
3374 5741 3503 5805 diei,
3552 5742 3662 5794 sic-

2080 5845 2139 5906 ut
2165 5837 2419 5908 scriptum
2450 5847 2554 5904 cst,
2586 5836 2743 5893 luerit
2788 5837 2893 5892 vita
2943 5836 3061 5907 eius
3097 5851 3258 5906 super
3301 5844 3523 5890 terram.
3581 5833 3661 5888 Ac
