4020 6190
278 413 417 467 1077

1442 406 1874 468 τιιΕδΑυιιυδ.
1918 412 2068 467 CAP.
2110 410 2427 469 CCCXLVI.

3405 422 3540 477 1078

278 539 376 590 per
407 524 506 576 hoc
534 524 670 585 scio,
712 537 773 576 ex
809 522 997 588 Adam,
1029 536 1120 591 per
1149 523 1342 577 seriem
1373 524 1764 592 generationis,
1793 526 1863 578 si-
1897 530 1941 585 Α
1967 519 2255 589 justitiam.
2286 517 2445 577 Unde
2465 523 2653 576 statuit
2678 524 2817 581 Deus
2846 536 2902 581 ut
2935 538 3060 597 pust
3104 529 3221 598 ejus
3270 542 3542 597 prccaluttt

278 631 350 668 ne
379 625 599 684 peccato
629 614 895 669 neminem
926 617 1107 679 nasci;
1148 618 1289 671 unde
1316 626 1369 669 et
1392 618 1626 685 parvulis
1673 632 1860 672 neces-

280 707 485 759 sarium
540 714 621 758 est
663 720 759 774 per
796 706 1019 773 gratiam
1068 708 1485 775 regenerationis
1537 708 1589 761 in
1639 708 1860 763 Christo

278 796 514 848 renasci.
545 795 668 848 lltcc
698 801 804 848 tam
835 796 1019 861 multa,
1048 811 1146 849 nec
1170 812 1329 865 parva
1362 797 1429 851 de
1461 797 1610 853 initio
1641 798 1720 852 vel
1745 799 1856 853 ori-

280 884 410 951 gine
437 882 736 937 animarum
765 894 1092 951 nostrarum,
1134 885 1186 939 in
1210 886 1402 953 quibus
1429 888 1576 955 plura
1617 896 1741 942 sunt
1790 887 1857 941 ad

281 991 408 1029 eam
464 975 739 1029 scientiam
800 976 1140 1045 pertinentia,
1192 993 1314 1046 quze
1345 977 1449 1032 ﬁde
1485 988 1752 1045 constant,
1805 988 1861 1033 et

280 1065 537 1120 didicisse
557 1080 643 1119 me
665 1066 925 1135 gratulor,
956 1076 1010 1120 et
1039 1083 1196 1122 nosse
1219 1068 1498 1123 conﬁrmo.
1524 1070 1859 1137 Quapropter

281 1156 328 1209 si
361 1156 568 1219 nescio,
592 1156 643 1208 itt
664 1155 872 1225 origine
900 1156 1221 1222 animarum,
1249 1166 1423 1211 utrum
1453 1158 1569 1213 illas
1600 1159 1740 1212 Dens
1760 1158 1857 1213 ho—

282 1248 519 1300 minibus
549 1262 612 1300 ett
644 1250 933 1316 propagine
976 1248 1153 1313 faciat,
1184 1262 1316 1317 quas
1362 1257 1540 1303 taneen
1591 1249 1702 1303 ﬁeri
1746 1264 1852 1304 non

283 1337 518 1405 ambigo,
544 1336 683 1389 scire
714 1336 926 1404 quidem
954 1345 1010 1391 et
1034 1337 1134 1392 hoc
1171 1338 1337 1407 magis
1361 1338 1527 1407 eligo,
1549 1353 1707 1408 quam
1757 1352 1853 1394 ne-

278 1428 445 1491 scire,
483 1427 578 1480 sed
611 1428 843 1495 quando
867 1442 970 1480 non
997 1442 1210 1496 possum
1236 1429 1451 1497 melius,
1480 1429 1603 1483 hinc
1642 1429 1849 1497 dubito,

276 1533 443 1586 quam
495 1517 634 1569 velut
673 1526 877 1570 certum
906 1518 1223 1573 conﬁrmare
1251 1519 1448 1588 aliquid
1490 1520 1681 1586 audeo,
1710 1521 1850 1589 quo]

277 1609 357 1662 illi
388 1610 465 1662 rei
494 1610 563 1662 sit
590 1608 725 1663 forte
748 1608 1095 1672 contrarium,
1155 1610 1354 1678 dequa
1408 1611 1652 1665 dubitare
1714 1612 1854 1667 forte

275 1717 384 1756 non
411 1701 601 1755 debeo.
628 1702 705 1755 Tu
735 1702 933 1769 itaque,
964 1704 1034 1755 tni
1066 1702 1231 1756 l'i'ater
1260 1704 1419 1769 bone,
1449 1705 1699 1774 quoniam
1724 1720 1851 1759 con-

273 1793 406 1846 suli~
434 1807 541 1859 me,
568 1802 622 1847 et
654 1791 735 1845 vis
778 1801 836 1846 ut
883 1808 1044 1846 unutn
1104 1792 1292 1847 horum
1353 1794 1622 1859 definiam,
1672 1806 1849 1850 utrum

1965 619 2257 681 propagata
2287 626 2413 665 caro
2441 616 2648 681 peccati
2690 617 2755 669 ad
2791 618 3154 685 recipiendam
3178 622 3441 688 justitiam
3468 624 3547 677 la-

1962 699 2186 755 boribus
2206 709 2263 755 et
2293 701 2553 756 molestiis
2583 705 2864 760 niteretur.
2900 707 3125 775 Propter
3169 711 3269 763 hoc
3295 714 3453 767 etiam
3476 715 3545 769 de

1963 792 2206 860 paradiso
2219 792 2470 848 dimissus
2490 794 2881 861 Adant,contra
2906 800 3055 854 Eden
3077 809 3171 886 fry
3190 803 3467 869 habitavit,
3493 804 3543 857 id

1960 892 2063 949 est,
2095 892 2282 938 contra
2332 886 2517 940 sedem
2568 887 2904 954 deliciarum,
2931 899 2989 943 ut
3027 891 3352 960 signiﬁcaret
3400 896 3543 963 quod

1958 978 2058 1053 [in]
2089 981 2383 1046 laboribus,
2411 983 2499 1050 qui
2533 994 2658 1037 sunt
2697 984 2904 1038 deliciis
2931 987 3210 1051 contrarii,
3250 988 3540 1044 erudienda

1958 1080 2106 1125 esset
2134 1085 2262 1126 caro
2293 1072 2522 1139 peccati,
2554 1086 2671 1141 qua:
2714 1073 2765 1126 in
2797 1073 3005 1127 deliciis
3040 1074 3399 1130 obedientiam
3431 1093 3539 1131 non

1957 1161 2209 1226 servavit,
2256 1170 2541 1229 antequam
2594 1172 2738 1215 esset
2791 1175 2921 1216 caro
2969 1162 3193 1229 peccati.
3246 1163 3398 1219 Sicut
3453 1180 3541 1219 er-

1959 1266 2026 1321 go
2053 1250 2127 1304 illi
2159 1252 2314 1318 primi
2370 1251 2636 1313 ltomines,
2671 1263 2853 1319 postea
2908 1251 3054 1321 justo
3100 1253 3354 1317 vivendo,
3395 1254 3542 1309 unde

1958 1341 2147 1395 merito
2168 1342 2459 1396 creduntur
2490 1358 2583 1411 per
2613 1343 2818 1397 Domini
2848 1344 3162 1414 sanguinem
3194 1346 3262 1399 ab
3289 1356 3540 1402 extremo

1955 1430 2214 1499 Supplicio
2239 1431 2469 1498 liberati,
2507 1449 2613 1487 non
2638 1444 2823 1488 tamen
2849 1437 2900 1488 in
2950 1435 3040 1489 illa
3090 1435 3196 1490 vita
3230 1448 3542 1493 meruerunt

1955 1520 2021 1574 ad
2052 1518 2357 1587 paradisum
2388 1523 2653 1590 revocari,
2686 1523 2766 1578 sic
2792 1532 2847 1578 et
2870 1538 2998 1579 caro
3025 1527 3229 1593 peccati
3262 1572 3275 1593 ,
3323 1527 3538 1583 etiamsi

1955 1609 2196 1665 remissis
2216 1611 2453 1680 peccatis
2476 1611 2636 1668 homo
2656 1612 2708 1668 in
2735 1630 2798 1669 ea
2822 1614 2968 1683 juste
2995 1617 3211 1684 vixerit,
3243 1634 3346 1672 non
3365 1622 3539 1673 conti-

1957 1716 2064 1755 nuo
2092 1712 2327 1757 meretur
2348 1718 2469 1757 eam
2496 1714 2721 1759 mortem
2752 1705 2903 1777 [non]
2938 1707 3164 1775 perpeti,
3191 1724 3348 1777 quam
3378 1712 3537 1765 traxit

1956 1792 2026 1847 de
2057 1794 2348 1862 propagine
2393 1795 2620 1862 peccati.
2671 1796 2805 1852 Tale
2855 1798 3053 1866 aliquid
3106 1801 3260 1855 nobis
3302 1802 3536 1857 insinua-

274 1886 470 1937 ,ηειηπ
521 1894 730 1937 eam”,
786 1899 850 1938 ει
907 1884 994 1938 mu
1051 1901 1158 1939 uno
1208 1886 1423 1941 nomine
1452 1930 1468 1953 ,
1522 1887 1662 1942 sicut
1722 1903 1848 1942 cur-
1884 1897 1929 1959 Β
1954 1889 2068 1937 tum
2093 1893 2175 1938 est
2203 1884 2269 1938 de
2312 1886 2617 1953 patriarcha
2646 1887 2839 1955 David,
2870 1888 2920 1942 in
2949 1889 3084 1943 libro
3114 1891 3441 1959 Regnorum,
3464 1893 3533 1947 ad

276 1988 409 2040 pora
434 1989 527 2041 per
559 1975 927 2041 propaginem,
969 1990 1037 2029 an
1066 1976 1183 2031 sine
1206 1979 1514 2046 propagine,
1543 1979 1683 2033 sicut
1707 1978 1850 2033 illius

270 2063 457 2125 unius,
489 2076 519 2114 a
548 2069 791 2116 creatore
817 2063 1043 2132 singulis
1085 2064 1215 2117 ﬁant
1240 2066 1333 2133 (ab
1382 2067 1497 2135 ipso
1525 2067 1667 2121 enim
1710 2068 1847 2131 ﬁeri,

272 2150 390 2203 sive
412 2150 515 2212 sic,
537 2151 650 2203 sive
671 2151 765 2213 sic,
806 2166 909 2204 non
941 2153 1240 2224 negamus),
1274 2166 1453 2221 patere
1475 2164 1532 2209 ut
1556 2159 1716 2210 etiam
1739 2157 1851 2223 ipse

270 2238 548 2292 consulam
566 2239 1149 2306 quomodoiudeanima
1169 2254 1503 2308 peccatorum
1529 2244 1848 2317 [peccatum]

268 2330 610 2399 originaliter
650 2330 844 2400 trahat,
879 2332 1017 2386 unde
1039 2334 1374 2402 originaiiter
1398 2336 1510 2403 ipsa
1544 2352 1650 2391 non
1678 2338 1847 2391 trahi-

268 2430 396 2484 tur;
426 2435 614 2474 omnes
638 2421 778 2475 enim
801 2423 1008 2477 animas
1033 2438 1098 2477 ex
1131 2423 1297 2477 Adam
1334 2425 1544 2481 trahere
1584 2426 1847 2497 originale

259 2519 547 2578 peccatum
577 2512 824 2565 similiter
855 2527 959 2565 non
1000 2528 1274 2583 negamus,
1316 2530 1383 2569 ne
1408 2514 1458 2568 in
1508 2515 1844 2583 Pelagianam

260 2601 521 2654 hmresim
549 2601 921 2657 detestabilem
944 2603 1335 2659 detestabiliter
1357 2608 1618 2660 irruamus
1640 2623 1652 2670 ;
1673 2608 1715 2658 si
1746 2606 1847 2660 hoc

261 2693 408 2759 quod
442 2708 541 2762 ego
565 2692 834 2762 interrogo
858 2710 955 2748 nec
1006 2704 1060 2749 tu
1104 2698 1231 2762 scis,
1284 2697 1399 2752 sine
1445 2713 1531 2753 me
1586 2700 1849 2767 patienter

262 2794 556 2852 utrumque
585 2787 815 2848 nescire,
844 2786 984 2856 quod
1014 2796 1067 2841 tu
1115 2790 1433 2857 interrogas,
1464 2799 1518 2844 et
1555 2791 1694 2858 quod
1725 2807 1842 2860 ego.

261 2876 322 2927 St
348 2874 656 2944 antemjam
680 2875 786 2929 scis
813 2878 951 2945 quod
980 2877 1271 2947 interrogo,
1303 2895 1421 2933 cum
1447 2880 1546 2933 hoc
1571 2882 1730 2934 etiam
1760 2898 1844 2936 me

263 2964 539 3025 docueris,
566 2974 690 3016 tunc
713 2972 767 3018 et
792 2964 919 3019 illud
949 2969 1089 3034 quod
1114 2969 1195 3021 vis
1219 2977 1274 3021 ut
1302 2970 1679 3037 respondeam,
1712 2971 1843 3024 nihil

262 3051 337 3104 ibi
362 3051 473 3120 jam
502 3064 746 3107 metuens
788 3057 1145 3124 respondebo.
1186 3057 1314 3112 Peto
1343 3075 1472 3127 ergo
1502 3074 1569 3113 ne
1618 3075 1846 3115 succen-

258 3155 407 3197 seas.
435 3141 559 3208 quia
594 3156 697 3195 non
746 3144 893 3211 potiti
940 3146 1261 3200 confirmare
1290 3149 1431 3217 quod
1474 3151 1697 3218 qumris,
1748 3152 1842 3205 sed

258 3231 413 3298 ραιιιί
469 3232 838 3287 demonstrare
864 3235 990 3303 quid
1018 3252 1264 3304 quaeras;
1296 3240 1436 3307 quod
1470 3256 1588 3293 cmn
1621 3241 1839 3296 invcne-
1873 3264 1917 3325 ο

260 3322 366 3385 ris,
406 3324 727 3377 confirmare
757 3341 861 3380 non
887 3328 1098 3383 dubites
1141 3332 1281 3399 quod
1305 3334 1597 3402 quaerebas.
1647 3335 1713 3389 Et
1746 3337 1844 3389 hoc

261 3413 483 3481 quidem
514 3419 782 3469 sanctitati
825 3426 926 3472 tua:
954 3421 1294 3475 scribendum
1354 3425 1690 3493 existimavi,
1753 3428 1843 3497 qui

263 3505 613 3571 propaginem
646 3507 946 3562 animatum
984 3512 1092 3578 jam
1120 3515 1272 3582 quasi
1318 3529 1498 3570 certus
1536 3519 1841 3587 improban-

259 3591 388 3644 dam
418 3602 589 3658 putas.
632 3597 899 3651 (Ia-ternm
936 3600 983 3654 si
1021 3601 1127 3655 illis
1156 3603 1242 3671 qtti
1294 3603 1432 3659 hanc
1477 3617 1722 3660 asserunt
1753 3625 1840 3662 rc-

260 3683 610 3737 scribendum
631 3687 836 3752 fuisset,
866 3691 1105 3745 fortassis
1126 3695 1463 3749 ostenderent
1488 3700 1840 3767 quemadmo-

259 3770 391 3824 dum
421 3772 472 3826 id
499 3776 639 3841 quod
669 3791 725 3830 se
758 3795 917 3833 nosse
961 3782 1291 3838 arbitrantur
1340 3785 1617 3855 ignorent;
1670 3798 1723 3841 et
1774 3805 1840 3843 ne

259 3864 368 3915 hoc
396 3877 640 3921 asserere
663 3868 942 3935 auderent,
969 3881 1165 3941 quanta
1193 3875 1397 3930 ratione
1418 3876 1709 3932 formidare
1736 3878 1833 3933 dc-

256 3950 472 4011 herent.

755 4101 980 4163 CAPUT
1017 4104 1338 4165 CCCXL".

255 4249 412 4335 Quod
437 4250 680 4313 baptismi
719 4270 819 4305 non
851 4271 881 4306 a
922 4267 1083 4310 morte
1099 4262 1381 4335 communi,
1411 4264 1502 4335 sed
1522 4280 1553 4315 (ι
1581 4265 1834 4335 supplicio

329 4319 604 4396 liberentur
625 4332 832 4396 olente,
863 4341 895 4396 α
916 4342 1017 4394 quo
1047 4329 1196 4380 etiam
1238 4319 1427 4396 primos
1458 4319 1688 4388 homines.
1713 4337 1835 4389 dicit

323 4404 418 4454 per
451 4389 654 4471 Domini
683 4389 985 4473 sanguinem
1015 4389 1281 4461 liberatos;
1309 4415 1355 4453 ες
1379 4417 1472 4455 cur
1496 4403 1683 4468 David,
1718 4422 1834 4473 pec-

322 4470 441 4508 cato
471 4463 846 4541 remisso,_qua:
877 4466 1013 4541 licus
1034 4484 1124 4532 per
1145 4473 1444 4541 prophetam
1468 4477 1635 4541 fuerat
1666 4463 1834 4528 mina-

324 4537 434 4585 lm.
465 4528 779 4616 it‘up'liver'il‘;
824 4543 869 4587 et
890 4537 951 4587 de
976 4528 1213 4616 mystiio
1241 4528 1443 4593 ituttieri
1468 4528 1698 4596 i‘icinalis

322 4598 597 4696 firma/ia],
628 4604 706 4696 rga!
736 4603 799 4683 de
818 4598 1163 4696 suprascripta
1192 4617 1379 4663 animo:
1421 4598 1829 4696 qugstioneflfx
1859 4637 1911 4696 Β

320 4668 457 4721 Uro
482 4683 518 4723 ιι
540 4674 605 4722 de
629 4668 894 4740 summa
920 4668 1270 4745 pm'vu'lorttm,
1296 4668 1455 4751 prope
1482 4684 1654 4750 ﬁnem.

320 4820 667 4891 Nequaquam
700 4825 877 4893 igitur,
913 4828 964 4882 in
992 4842 1164 4887 morte
1193 4849 1288 4901 pro
1313 4835 1517 4903 iustitia
1544 4842 1823 4898 subeunda

237 4911 330 4964 vel
364 4918 778 4981 eontetnnenda,
824 4917 1136 4977 laudaretur
1178 4927 1445 4997 praecipua
1477 4932 1750 4997 patientia,
1779 4935 1826 4989 si

238 5006 441 5058 mortis
465 5021 569 5059 non
597 5018 741 5063 esset
764 5026 954 5080 magna
1000 5015 1337 5086 multumque
1360 5021 1493 5075 dura
1546 5026 1822 5093 molestia;

237 5096 400 5165 Cujus
435 5096 678 5153 titnOretn
713 5104 799 5170 qui
834 5106 1080 5160 vincite:
1117 5108 1242 5175 ﬁde,
1271 5129 1517 5181 magnam
1568 5119 1734 5185 ipsius
1765 5122 1825 5175 ii-

232 5188 328 5241 dei
360 5198 637 5256 cmnparat
682 5194 931 5263 gloriam,
959 5199 1265 5271 iustamque
1312 5209 1638 5264 mercedem.
1671 5211 1823 5270 Unde

232 5279 548 5332 mirandum
599 5297 703 5335 non
731 5294 834 5345 est.
862 5296 918 5341 et
963 5301 1194 5347 mortem
1223 5299 1465 5357 corporis
1494 5316 1603 5354 non
1654 5301 1820 5361 fuisse

229 5377 558 5422 eventuram
586 5371 811 5440 homini,
852 5379 955 5433 nisi
984 5386 1344 5449 pra-cessisset
1390 5404 1687 5457 peccatum,
1719 5410 1815 5448 cu-

224 5459 331 5527 jus
364 5460 523 5514 ctiant
549 5464 670 5517 talis
696 5482 852 5533 pmna
883 5486 1337 5542 consequeretur:
1390 5485 1442 5539 el
1481 5495 1599 5551 post
1630 5491 1818 5545 retnis-

223 5550 447 5601 sionem
478 5566 838 5621 peccatorum,
868 5576 984 5614 eaut
1006 5566 1250 5622 fidelibus
1276 5575 1513 5637 evenire,
1542 5587 1597 5630 ttt
1624 5578 1675 5632 itt
1698 5580 1817 5649 ejus

228 5638 435 5691 timore
485 5643 747 5697 vincenda
795 5663 1107 5709 exerceatur
1150 5659 1403 5715 [ottitttdo
1443 5663 1684 5733 jttstilite.
1716 5638 1817 5724 (vin-

225 5743 294 5781 ro
325 5730 467 5780 enim
500 5749 620 5798 qua:
650 5752 711 5803 pr
735 5754 821 5790 tuo
854 5740 985 5805 facta
1017 5758 1099 5799 est
1134 5766 1235 5801 non
1267 5762 1382 5804 erat
1410 5770 1537 5807 caro
1586 5764 1809 5829 peceati,

224 5817 419 5887 inqua
467 5825 636 5881 noluit
686 5829 846 5886 homo
890 5836 1026 5892 inter
1058 5841 1277 5895 delicias
1309 5847 1540 5912 pradisi
1592 5866 1809 5909 sectare

1953 1990 2114 2045 quem
2172 1976 2432 2045 prOpheta
2484 1993 2609 2031 cum
2656 1979 2855 2034 missus
2902 1992 3074 2047 esset,
3112 1984 3270 2053 eique
3317 1996 3534 2053 propter

1953 2076 2231 2135 peccatmn
2262 2069 2404 2135 quod
2433 2069 2746 2138 admiserat,
2779 2083 3033 2128 eventura
3056 2076 3196 2129 maia
3227 2093 3291 2131 et
3325 2078 3537 2133 iracun-

1947 2157 2035 2211 dia
2064 2159 2626 2229 Deicotmninaretur,
2684 2165 3025 2221 confessione
3069 2169 3273 2236 peccati
3322 2171 3544 2225 veniant-

1949 2249 2162 2313 mcruit,
2192 2252 2555 2321 respondente
2598 2255 2882 2324 propheta,
2925 2259 3065 2327 quod
3109 2260 3236 2315 illud
3281 2262 3333 2317 ei
3377 2263 3532 2333 ﬂigi-

1952 2338 2080 2392 tinm
2112 2339 2423 2408 facinusque
2468 2344 2751 2399 remissum
2783 2347 2874 2408 sit,
2925 2356 2982 2402 et
3012 2360 3186 2404 tamen
3240 2366 3531 2408 consecuta

1948 2442 2071 2483 sunt
2095 2447 2212 2500 quae
2266 2431 2406 2487 Deus
2457 2433 2629 2488 fuerat
2677 2436 3067 2502 comminatus;
3095 2449 3151 2493 ιιι
3179 2439 3255 2492 sic
3284 2442 3529 2495 humilia-

1948 2528 2097 2572 retur
2128 2536 2154 2571 ει
2191 2520 2317 2574 ﬁlio.
2347 2522 2524 2589 Quare
2554 2534 2604 2576 el
2653 2524 2738 2578 ltic
2765 2542 2869 2579 non
2901 2525 3119 2593 dicitur,
3155 2516 3215 2582 Si
3235 2527 3373 2583 Deus
3405 2546 3528 2599 pro-

1949 2620 2068 2677 pter
2096 2620 2373 2675 peceatum
2406 2611 2535 2666 illud
2565 2612 2737 2667 fuerat
2778 2616 3157 2681 comminatus,
3181 2634 3275 2672 cur
3304 2620 3528 2677 dimiSSo

1949 2709 2189 2767 peccato,
2211 2701 2354 2770 quod
2388 2712 2504 2757 erat
2545 2704 2799 2773 minatus,
2830 2706 3108 2775 implevit?
3140 2710 3240 2763 nisi
3271 2712 3391 2778 quia
3442 2730 3530 2767 re-

1946 2791 2207 2857 ctissime,
2238 2791 2282 2846 si
2327 2790 2450 2864 [εἰει
2483 2794 2682 2849 dictum
2737 2796 2917 2867 fuerit,
2965 2801 3401 2867 respondebitur,
3432 2818 3522 2859 re-

1948 2881 2259 2937 missionem
2288 2883 2433 2938 illam
2465 2888 2669 2954 peccati
2718 2887 2932 2953 iactam,
2966 2905 3033 2945 ne
3065 2890 3223 2947 homo
3252 2892 3317 2945 ad
3350 2894 3526 2961 perci-

1947 2972 2195 3042 piendam
2224 2973 2389 3028 vitam
2436 2976 2791 3046 impediretur
2831 2988 3126 3043 :eternam;
3178 2983 3535 3038 subsecutum

1947 3075 2074 3116 vero
2103 3062 2248 3117 illius
2273 3066 2709 3122 eommiuationis
2761 3069 3067 3137 exemplum
3119 3071 3439 3144 [ell‘ectunt],
3470 3085 3525 3129 ut

1949 3153 2123 3221 pietas
2148 3154 2375 3209 hominis
2412 3157 2563 3228 103
2598 3159 2649 3211 in
2696 3159 2788 3213 illa
2830 3159 3130 3217 humilitate
3177 3174 3524 3220 exerceretur

1948 3250 2108 3309 atque
2132 3244 2466 3309 probaretur.
2494 3245 2583 3302 Sic
2606 3257 2660 3301 et
2691 3257 2914 3303 mortem
2937 3252 3200 3320 corporis,
3230 3264 3280 3307 et
3308 3264 3525 3323 propter

1950 3340 2220 3398 peccatum
2257 3333 2398 3389 Deus
2446 3336 2649 3390 ltomini
2684 3337 2897 3402 inﬂixit,
2936 3349 2993 3394 et
3022 3349 3141 3409 post
3187 3351 3521 3408 peccatorum

1948 3421 2315 3477 remissionem
2347 3464 2361 3489 ,
2413 3434 2630 3495 propter
2685 3429 3042 3484 exercendam
3098 3432 3364 3500 justitiam
3416 3450 3522 3490 non

1946 3510 2163 3565 ademit.
2195 3513 2496 3569 'l‘eneamus
2524 3532 2651 3587 ergo
2682 3518 3111 3576 indeclinabilem
3145 3523 3268 3578 ﬁdei
3298 3526 3522 3582 confes-

1945 3601 2168 3658 sionem.
2209 3603 2365 3659 Soius
2386 3622 2521 3661 unus
2544 3610 2737 3678 estqui
2765 3610 2882 3665 sine
2902 3621 3121 3676 peccato
3145 3621 3299 3670 natus
3329 3627 3437 3683 est,
3467 3618 3523 3672 in

1944 3691 2288 3750 similitudine
2346 3699 2525 3752 carnis
2567 3702 2817 3768 peccati;
2867 3702 2983 3758 sine
3034 3715 3255 3772 peccato
3294 3708 3422 3762 vixit
3469 3711 3524 3764 in

1945 3793 2131 3846 carne,
2162 3786 2303 3838 inter
2328 3787 2501 3841 aliena
2535 3799 2746 3856 peccata
2775 3807 2790 3855 ;
2836 3792 2953 3845 sine
3002 3804 3224 3861 peccato
3277 3806 3522 3852 mortuus

1941 3879 2047 3934 est,
2078 3884 2297 3940 propter
2326 3885 2507 3928 nostra
2534 3887 2773 3946 peccata.
2809 3878 2922 3934 Non
2954 3880 3283 3937 declinemus
3316 3885 3368 3938 in
3389 3886 3518 3939 dex-

1944 3967 2077 4012 tram
2109 3971 2199 4014 aut
2228 3963 2496 4019 sinistram
2532 3981 2546 4019 :
2580 3968 2631 4019 in
2674 3968 2918 4023 dextram
2945 3972 3089 4026 enim
3121 3972 3413 4041 declinare,
3437 3988 3518 4031 est

1941 4064 2002 4105 se
2036 4053 2206 4121 ipsum
2238 4054 2507 4123 decipere,
2557 4058 2784 4115 dicendo
2811 4078 2870 4116 se
2920 4078 3042 4118 esse
3094 4066 3210 4119 sine
3265 4077 3514 4133 peccato;

1939 4143 1990 4202 in
2007 4143 2273 4198 sinistram
2294 4156 2491 4212 autem,
2508 4162 2602 4217 per
2620 4151 2800 4204 nescio
2815 4166 2973 4221 quam
2998 4168 3300 4221 perversam
3317 4166 3370 4209 et
3390 4172 3514 4223 pra-

1945 4245 2063 4285 vam
2085 4235 2459 4303 securitatem,
2494 4255 2552 4292 se
2582 4246 2831 4310 tanquam
2862 4243 3079 4310 impune
3099 4243 3227 4298 dare
3257 4246 3512 4313 peccatis.

1940 4320 2066 4375 Vias
2094 4324 2236 4378 enim
2267 4341 2390 4393 quae
2409 4340 2439 4381 a
2468 4328 2669 4385 dextris
2691 4339 2816 4387 sunt
2836 4333 2982 4387 novit
3008 4332 3283 4399 Dominus,
3312 4337 3403 4404 qui
3427 4355 3514 4391 so-

1937 4410 2020 4465 lus
2040 4413 2157 4467 sine
2186 4426 2404 4482 peccato
2432 4428 2536 4485 est,
2563 4428 2617 4474 et
2649 4432 2830 4476 nostra
2862 4433 3037 4493 p0tcst
3063 4424 3240 4480 delere
3264 4438 3516 4495 peccata»;

1938 4515 2205 4571 perversa:
2237 4517 2413 4560 autem
2444 4520 2708 4580 suntquae
2736 4527 2765 4564 a
2790 4512 3023 4568 sinistris
3045 4524 3170 4569 sunt
3216 4529 3338 4570 cum
3384 4533 3510 4586 pce-

1932 4594 2091 4651 catis.
2118 4596 2275 4652 Tales
2300 4600 2460 4654 etiam
2488 4602 2562 4655 illi
2615 4603 2799 4672 viginti
2827 4621 3087 4661 annorttm
3122 4608 3510 4666 adolescentuli

1936 4682 2157 4750 ﬁguram
2218 4688 2338 4742 novi
2395 4692 2575 4758 populi
2637 4696 3008 4761 prarmiserunt
3042 4737 3057 4761 ,
3139 4699 3231 4767 qui
3291 4702 3344 4755 in
3406 4710 3511 4756 ter-

1932 4786 2046 4826 ram
2125 4777 2492 4844 promissionis
2558 4782 2866 4846 intrarunt;
2934 4787 3024 4854 qui
3084 4802 3186 4843 nec
3250 4790 3302 4844 in
3370 4791 3510 4846 dea—-

1931 4871 2067 4918 tram
2106 4909 2121 4932 ,
2197 4882 2294 4923 nec
2367 4870 2420 4924 in
2491 4871 2764 4929 sinistram
2816 4877 2943 4932 dicti
2985 4890 3111 4934 sunt
3181 4881 3505 4938 declinasse.

1929 4953 2046 5009 Non
2100 4956 2243 5011 enim
2288 4969 2345 5015 et
2391 4961 2580 5032 viginti
2641 4981 2903 5021 annorum
2960 4979 3094 5025 mtas
3144 4976 3505 5041 comparanda

1929 5056 2011 5099 est
2060 5048 2383 5106 innocentia:
2448 5057 2823 5123 parvulorum;
2885 5064 3022 5130 sed,
3077 5066 3127 5119 ni
3188 5066 3370 5133 fallor,
3416 5069 3504 5121 hic

1928 5151 2184 5194 numerus
2235 5143 2517 5212 mysticum
2581 5149 2777 5221 aliquid
2823 5154 3103 5211 adumbrat
3156 5166 3212 5213 et
3268 5170 3500 5214 resonat.

1928 5228 2093 5284 Vetus
2116 5232 2259 5288 enim
2288 5235 2693 5296 Testamentum
2740 5244 2793 5298 in
2840 5248 3073 5316 quinque
3126 5249 3293 5320 Moysi
3350 5250 3498 5304 libi-ir

1923 5323 2161 5387 excellit,
2182 5324 2387 5383 Novum
2419 5341 2599 5388 autem
2623 5348 2854 5404 quatuor
2884 5336 3289 5409 Ev'angeliorum
3313 5352 3498 5416 aucto-

1924 5411 2081 5468 ritate
2108 5416 2404 5487 praefulget.
2434 5422 2535 5488 Qui
2580 5429 2785 5481 numeri
2817 5443 2912 5497 per
2956 5445 3015 5484 se
3048 5411 3381 5501 multiplicati
3431 5435 3496 5488 ad

1923 5501 2245 5559 vicenarium
2273 5512 2591 5577 perveniunt
2618 5534 2628 5567 :
2654 5528 2841 5584 quater
2870 5520 3010 5572 enim
3034 5520 3203 5589 quini.
3239 5523 3319 5576 vel
3344 5540 3497 5593 qutu-

1921 5596 2074 5658 quies
2103 5600 2369 5666 quaterni,
2405 5602 2590 5671 viginti
2619 5616 2760 5659 sunt.
2799 5607 2944 5660 Talis
2969 5610 3199 5676 pepnlus
3228 5654 3242 5675 ,
3280 5621 3338 5665 ttt
3360 5629 3499 5683 prae-

1918 5680 2047 5746 dixi,
2070 5687 2306 5742 eruditus
2326 5691 2376 5743 in
2403 5709 2564 5761 regno
2585 5697 2861 5753 caelorum.
2886 5713 2978 5764 per
3001 5701 3106 5752 duo
3130 5702 3494 5771 Testamenta,

1920 5770 2084 5827 Vetus
2112 5788 2164 5829 et
2188 5777 2411 5843 Novum,
2447 5799 2551 5837 non
2580 5785 2853 5839 declinans
2887 5789 2936 5843 in
2969 5791 3234 5858 dextram,
3265 5799 3493 5865 superba

1916 5868 2328 5934 praesumptione
2354 5869 2597 5943 iustitiae,
2627 5891 2799 5947 neque
2839 5878 2895 5933 in
2952 5881 3247 5954 sinistram,
3304 5902 3492 5943 secura
