4020 6190
555 360 690 418 1079

1630 364 1691 418 ll.
1737 365 2055 421 EUGYPPII
2098 364 2382 422 ABB.\TIS
2422 364 2740 426 AFRICANI

3670 384 3796 441 i030

547 471 837 527 dilectione
880 471 1106 539 peccati,
1136 472 1188 526 in
1222 481 1417 529 terram
1456 473 1597 527 illius
1629 476 2001 544 protniss'sinis
2045 477 2122 529 in-
2152 479 2201 536 Α
2228 486 2411 529 contra
2436 480 2762 534 voluntatem
2793 480 2967 535 fat-ere
3012 481 3117 537 dici
3140 483 3303 552 solet;
3337 487 3433 542 sed
3464 487 3647 559 utique
3674 496 3795 554 vult,

551 561 730 625 trabit,
762 561 851 615 ubi
871 561 978 628 jam
1004 571 1220 631 peccata
1254 563 1502 627 ulterius,
1530 580 1629 616 nec
1679 565 1831 617 nobis
1875 564 2124 619 donanda

545 660 815 721 optemus,
847 668 947 705 nec
988 652 1039 706 itt
1073 653 1226 705 nobis
1257 652 1522 721 punienda
1558 654 1836 710 timeamus
1869 672 1883 708 :
1915 656 1982 707 ab
2033 655 2125 709 illo

542 740 884 807 redemptore
913 741 1150 808 liberati,
1183 744 1271 811 qui
1298 759 1401 797 non
1421 745 1758 799 venundatus
1784 746 1881 801 sub
1904 754 2124 813 peccato

541 829 764 883 redemit
797 830 958 885 Israel
1002 830 1071 883 ab
1116 832 1364 887 omnilms
1412 833 1778 902 iniquitatibus
1822 835 1969 904 ejus,
2012 837 2125 890 sive

539 923 749 991 propria
774 923 1087 991 cuiusquam
1139 927 1245 976 vita
1280 926 1607 993 commissis,
1639 928 1753 980 sive
1789 928 2123 997 originaliter

539 1016 724 1069 tractis
755 1031 767 1067 :
802 1032 906 1070 non
949 1017 1091 1071 enim
1147 1033 1329 1085 parum
1377 1018 1675 1073 divinarum
1724 1019 2118 1088 Scripturarnm

538 1105 845 1159 auctoritati
869 1108 1185 1176 veritatique
1217 1118 1518 1173 cesserunt,
1547 1111 1635 1178 qui
1678 1113 1778 1166 etsi
1829 1113 2120 1167 noluerunt

536 1195 574 1249 li
605 1196 731 1250 teris
754 1200 865 1251 suis
889 1208 1073 1268 aperte
1095 1201 1419 1268 exprimere,
1470 1204 1706 1271 parvulis
1746 1203 2116 1259 remissionem

536 1289 895 1343 necessariam
924 1300 1288 1359 peccatorum,
1342 1292 1759 1362 redemptionem
1811 1303 1985 1350 tamen
2037 1296 2116 1350 eis

535 1393 670 1445 opus
701 1394 819 1434 csse
837 1381 1065 1436 confessi
1088 1394 1209 1435 sunt
1227 1402 1239 1436 :
1260 1385 1362 1437 alio
1385 1385 1581 1453 quippe
1598 1385 1787 1447 verbo,
1812 1387 1972 1439 etiam
2001 1387 2116 1455 ipso

533 1469 600 1522 de
612 1468 916 1524 Christiana
929 1472 1226 1528 eruditione
1244 1473 1582 1544 dcprompto,
1597 1476 1729 1529 nihil
1745 1476 1885 1530 aliud
1900 1478 2115 1532 omnino

531 1556 804 1617 dixerunt.
837 1564 946 1619 Nec
976 1565 1324 1621 dubitandum
1372 1578 1451 1623 est
1483 1570 1565 1625 eis
1587 1570 1677 1640 qui
1709 1569 1883 1624 divina
1916 1573 2111 1642 scripta

531 1652 760 1709 lideliter
818 1656 1017 1725 legunt,
1054 1658 1283 1714 fideliter
1329 1660 1574 1729 audiunt,
1631 1661 1860 1717 ﬁdeliter
1909 1672 2111 1734 tenent,

529 1747 668 1815 quod
694 1748 759 1801 ab
784 1748 869 1803 illa
903 1764 1085 1818 carne,
1112 1763 1233 1820 qua:
1267 1753 1415 1819 prius
1437 1754 1711 1809 voluntate
1738 1756 1941 1822 peccati
1972 1755 2106 1811 facta

2228 575 2446 632 propter
2465 567 2605 635 quod
2630 568 2777 635 facit,
2820 574 3069 639 tanquam
3125 574 3168 627 si
3221 574 3465 644 pejorare
3521 579 3786 654 [pejorare

2231 655 2381 722 nolit,
2414 665 2470 710 et
2498 658 2625 711 facit
2650 674 2769 712 cum
2801 661 2912 712 vult
2940 660 3139 726 vivere,
3184 664 3231 717 si
3262 668 3575 732 quisquam,
3608 670 3708 723 nisi
3728 673 3795 725 fe-

2229 745 2385 809 cerit,
2413 757 2638 800 mortem
2671 748 2921 802 minetur.
2956 749 3081 803 Vult
3108 766 3236 819 ergo
3267 752 3470 819 facere,
3512 758 3640 826 quia
3694 762 3797 814 vult

2226 832 2433 887 vivere.
2469 834 2536 887 Et
2564 834 2682 890 ideo
2704 851 2806 891 non
2832 852 2926 904 per
2940 838 3172 909 seipsum
3198 844 3499 912 appetendo
3530 854 3593 899 ut
3616 845 3795 903 falsum

2220 922 2385 992 juret,
2411 925 2503 980 sed
2530 936 2584 979 ut
2632 927 2821 981 falsum
2848 927 3079 997 jurando
3107 934 3265 986 vivat.
3320 933 3475 1000 Quod
3503 939 3547 991 si
3575 936 3647 991 ita
3692 952 3789 1006 est,

2223 1014 2403 1069 nescio
2436 1024 2610 1068 utrum
2642 1018 2848 1086 possint
2899 1018 3001 1072 diei
3044 1020 3140 1073 ista
3195 1035 3410 1090 peccata
3462 1027 3783 1093 nolentium.

2220 1105 2397 1172 qualia
2434 1105 2519 1161 hic
2538 1106 2790 1162 dicuntur
2809 1111 3091 1177 expianda.
3124 1112 3252 1166 Nam
3276 1115 3321 1169 si
3348 1116 3641 1188 diligenter
3665 1136 3787 1174 con-

2219 1194 2502 1259 sideretur,
2544 1198 2679 1252 forte
2709 1200 2876 1267 ipsum
2915 1215 3136 1269 peccare
3166 1220 3323 1259 nemo
3349 1208 3505 1273 velit;
3554 1210 3651 1262 sed
3676 1226 3788 1276 pro-

2221 1294 2338 1351 pter
2358 1287 2498 1341 aliud
2528 1289 2605 1354 lit,
2639 1290 2779 1358 quod
2832 1293 2938 1344 vult
2971 1294 3057 1362 qui
3093 1306 3296 1361 peccat.
3349 1300 3556 1353 Omnes
3606 1301 3792 1370 quippe

2220 1373 2486 1441 homines,
2517 1378 2606 1447 qui
2640 1381 2869 1434 scientes
2902 1381 3259 1451 faciuntquod
3286 1402 3391 1440 non
3421 1389 3568 1456 licet,
3600 1392 3791 1445 vellent

2221 1464 2436 1519 licere:
2485 1482 2654 1538 usque
2696 1470 2829 1524 adeo
2878 1472 3050 1540 ipsum
3102 1488 3326 1541 peccare
3380 1493 3537 1531 ttemo
3597 1484 3789 1549 appetit

2221 1569 2439 1627 promer
2494 1561 2595 1616 hoc
2641 1562 2837 1631 ipsum,
2893 1566 2988 1619 sed
3048 1577 3266 1633 propter
3304 1569 3431 1624 illud
3460 1573 3607 1640 quod
3639 1588 3702 1627 es
3730 1589 3787 1629 co

2218 1650 2583 1721 consequitur.
2610 1652 2736 1708 llaec
2763 1655 2807 1709 si
2839 1656 2907 1708 ita
2938 1671 2997 1710 se
3026 1655 3241 1723 habent,
3279 1675 3383 1714 non
3414 1671 3542 1715 sunt
3575 1675 3779 1726 peccata

2217 1743 2533 1809 nolentium,
2579 1744 2680 1799 nisi
2737 1747 3115 1816 nescientium,
3164 1764 3282 1821 qua:
3329 1752 3716 1811 discernuntur
3757 1773 3781 1812 tt

528 1841 614 1885 est
639 1848 764 1889 caro
796 1837 1023 1904 peccati,
1052 1838 1307 1907 deinceps
1338 1855 1431 1907 per
1477 1841 1876 1897 successionem
1930 1852 2098 1899 trans-

2214 1836 2442 1899 peccatis
2474 1835 2787 1889 volentium.

530 1933 691 1979 eunte
749 1926 799 1978 in
826 1941 1013 1981 omnes
1072 1930 1482 1999 tianscriptione
1525 1932 1823 2000 iniquitatis
1869 1942 1924 1989 et
1955 1950 2097 1990 moro

529 2016 618 2081 tis,
678 2030 803 2070 caro
861 2017 929 2071 sit
982 2029 1266 2087 propagata
1325 2021 1551 2091 peccati,
1604 2031 1826 2089 excepta
1874 2039 1974 2077 una
2029 2025 2102 2078 si-

527 2101 823 2161 milttnd'ne
872 2108 1050 2163 carnis
1096 2110 1320 2179 peccati,
1373 2126 1491 2182 qua:
1540 2121 1716 2167 tamen
1768 2127 1872 2167 non
1931 2125 2097 2178 esset,

525 2198 623 2252 nisi
672 2208 816 2253 esset
858 2212 984 2255 caro
1040 2203 1263 2269 peccati.
1328 2202 1402 2258 De
1465 2201 1639 2258 anima
1691 2220 1854 2270 vero,
1923 2215 2096 2260 tttrum

524 2296 577 2342 et
600 2286 714 2359 ipsa
742 2288 929 2344 eodem
963 2291 1120 2345 modo
1152 2302 1459 2363 propagata,
1495 2303 1642 2348 reatu
1670 2294 1758 2361 qui
1782 2295 1829 2347 ei
1860 2295 2099 2349 dimitta-

524 2382 609 2433 tur
634 2380 889 2436 obstricta
918 2384 986 2436 sit
1021 2384 1216 2453 (neque
1245 2384 1384 2438 enim
1422 2400 1701 2453 possumus
1726 2386 1906 2441 dicere
1928 2388 2093 2441 solam

513 2482 732 2525 carnem
764 2473 991 2541 parvuli,
1035 2488 1137 2526 non
1168 2475 1329 2529 etiam
1358 2476 1589 2529 animam
1627 2477 1865 2547 indigere
1918 2479 2093 2533 salva-

513 2561 649 2615 toris
679 2573 730 2615 ct
763 2564 1117 2633 redemptoris
1149 2565 1369 2634 auxilio,
1427 2567 1767 2637 alienamque
1795 2583 1915 2624 esse
1939 2569 2005 2623 ab
2033 2585 2094 2624 ea

513 2656 804 2724 gratiarum
835 2656 1042 2711 actione
1076 2672 1194 2726 qua:
1218 2658 1269 2711 in
1300 2658 1516 2728 psalmis
1541 2666 1646 2723 e~t,
1678 2657 1763 2713 ubi
1789 2658 2014 2727 legimus
2040 2668 2097 2714 et

509 2745 742 2801 dicimus
776 2764 786 2798 :
820 2748 1073 2816 Benedic,
1108 2748 1282 2803 anima
1313 2764 1451 2818 mea,
1490 2750 1737 2817 Domino,
1761 2748 1937 2803 etnoli
1959 2748 2093 2805 obli-

521 2830 649 2890 visci
681 2852 868 2892 omnes
896 2839 1275 2895 retributiones
1310 2841 1448 2909 ejus.
1484 2840 1572 2909 qui
1604 2840 1865 2910 propitius
1894 2838 1950 2892 fit
1978 2855 2095 2895 om-

511 2926 668 2981 nibus
698 2928 1071 2998 iniquitatibus
1105 2932 1230 2997 tuis,
1258 2932 1345 3001 qui
1395 2940 1549 2985 sanat
1578 2945 1765 2987 omnes
1809 2929 2094 2998 languores

510 3026 653 3083 tuos,
690 3020 776 3088 qui
830 3021 1059 3076 redemit
1102 3022 1169 3077 de
1202 3024 1544 3094 corruptione
1576 3023 1741 3078 vitam
1789 3022 1994 3094 tuam);
2025 3038 2092 3078 an

512 3111 668 3163 etiam
703 3126 805 3165 non
830 3124 1114 3185 propagata
1139 3130 1205 3170 eo
1234 3116 1349 3183 ipso
1376 3131 1481 3185 quo
1509 3129 1615 3169 cari
1641 3117 1655 3168 i
1680 3115 1879 3183 peccati
1900 3129 2089 3186 aggrac

2686 1946 2911 2003 CAPUT
2938 1946 3297 2005 CCCXLVlIl.

2208 2032 2373 2115 Denso.
2402 2038 2560 2115 quod
2580 2038 2835 2115 scriptum.
2867 2050 2959 2115 est,
2998 2038 3140 2115 ένᾳηΔ
3176 2042 3456 2095 morientur
3504 2055 3681 2113 patres
3699 2064 3782 2115 pro

2276 2104 2422 2180 filiis,
2448 2117 2495 2158 et
2524 2104 2835 2180 debeo'quod
2860 2110 2954 2171 ait,
2991 2108 3227 2163 Reddam
3249 2125 3455 2179 peccata
3502 2104 3709 2180 patrimi
3734 2119 3780 2170 in

2274 2173 2445 2240 ﬁlios;
2474 2193 2538 2229 ea:
2559 2177 2690 2230 libro
2712 2173 3068 2245 Quintianum
3105 2173 3499 2235 Deulérouomii.

2274 2283 2385 2337 Non
2410 2287 2703 2341 morientur
2730 2298 2905 2354 patres
2928 2304 3022 2358 pro
3043 2289 3188 2354 filiis,
3213 2300 3267 2346 et
3297 2292 3391 2348 lilii
3422 2309 3528 2347 non
3552 2298 3780 2350 morien-

2205 2385 2290 2431 tur
2314 2392 2413 2447 pro
2436 2379 2693 2447 patribus,
2720 2382 3080 2451 unusquisque
3110 2381 3209 2454 [in]
3226 2398 3321 2438 suo
3346 2397 3568 2452 peccato
3592 2390 3777 2443 morie

2204 2474 2309 2519 tur.
2343 2465 2482 2521 Ecce
2514 2482 2620 2521 non
2654 2469 2824 2523 solum
2860 2470 3131 2539 prophctrc
3164 2472 3267 2527 hoc
3293 2473 3566 2543 dixerunt,
3599 2494 3773 2532 verum

2204 2556 2366 2610 etiam
2399 2557 2481 2611 lex
2510 2557 2659 2622 dicit,
2699 2573 2794 2611 sua
2835 2561 2988 2626 culpa
3035 2576 3300 2630 quemque
3342 2564 3774 2628 interimendum.

2204 2660 2308 2699 non
2342 2656 2432 2700 aut
2454 2648 2619 2715 patris
2642 2648 2725 2701 sui
2748 2656 2839 2701 aut
2870 2648 2966 2702 lilii
3014 2650 3114 2703 sui.
3146 2651 3281 2715 Quid
3330 2662 3412 2706 est
3463 2669 3598 2721 ergo
3647 2657 3776 2725 quod

2200 2736 2325 2791 alibi
2358 2737 2552 2793 dicitur
2574 2738 2715 2792 Deus
2738 2738 2967 2794 reddens
3000 2738 3148 2811 [dicit
3173 2741 3330 2805 Deus,
3369 2742 3640 2814 lleddam]
3666 2760 3778 2813 pec-

2199 2838 2312 2883 cata
2334 2838 2541 2899 patrum
2563 2830 2614 2884 in
2641 2831 2775 2884 ﬁlios
2802 2831 2853 2885 in
2877 2833 3084 2885 tert'atn
3102 2841 3408 2901 etquartam
3436 2836 3780 2903 prOgeniem?

2198 2927 2278 2980 An
2328 2926 2397 2979 de
2445 2926 2566 2980 filiis
2597 2926 2831 2980 nondum
2880 2927 3019 2981 natis
3046 2928 3173 2982 illud
3203 2929 3510 2999 intelligitur
3560 2943 3779 2999 propter

2197 3018 2456 3088 originale
2480 3028 2777 3088 peccatum,
2807 3019 2945 3088 quod
2969 3018 3128 3073 etiam
3158 3036 3221 3075 es
3242 3020 3405 3075 Adam
3430 3024 3595 3075 traxit
3618 3038 3779 3091 genus

2200 3107 2533 3163 humanum?
2579 3109 2679 3163 llic
2722 3118 2900 3163 autem
2929 3110 2995 3163 de
3026 3108 3153 3163 filiis
3190 3108 3298 3178 jam
3335 3112 3472 3165 natis
3508 3126 3591 3166 θςι
3649 3114 3777 3166 facta

510 3200 681 3253 vanda
706 3202 983 3263 miscetur.
1013 3206 1118 3270 jam
1148 3203 1316 3273 ipsius
1346 3204 1547 3273 peccati
1573 3204 1888 3259 remissione
1916 3213 1971 3257 et
1997 3217 2091 3256 sua
2124 3217 2168 3279 ρ
2198 3199 2495 3267 distinctio,
2528 3211 2584 3255 ut
2614 3201 2978 3272 unusquisque
3008 3201 3059 3255 in
3101 3215 3201 3255 suo
3250 3214 3465 3271 peccato
3496 3206 3774 3260 moriatur.

510 3290 879 3360 redemptione
896 3309 1029 3361 opus
1053 3295 1263 3360 habeat,
1281 3295 1388 3350 Deo
1402 3310 1497 3363 per
1513 3309 1776 3349 summam
1796 3293 2080 3364 praescien—

511 3382 636 3436 tiam
662 3382 958 3450 judicante.
1008 3387 1099 3454 qui
1143 3386 1482 3455 parvulorum
1527 3386 1596 3439 ab
1634 3387 1736 3440 isto
1779 3394 1929 3439 reatu
1980 3399 2085 3439 non

516 3485 819 3529 mercantur
843 3476 1072 3541 absolvi,
1093 3480 1251 3531 etiam
1284 3480 1370 3546 qui
1397 3479 1629 3531 nondum
1659 3480 1789 3540 nati,
1823 3476 1951 3530 nihil
1981 3476 2082 3528 ali-

510 3566 631 3624 Cubi
658 3567 871 3636 propria
901 3583 993 3621 sua
1027 3569 1131 3621 vita
1160 3578 1406 3639 egerunt,
1441 3570 1522 3623 vel
1550 3568 1695 3631 boni,
1730 3570 1809 3620 vel
1844 3567 2002 3631 mali;
2034 3576 2089 3621 et

507 3657 777 3726 quomodo
826 3658 1005 3724 Deus,
1066 3659 1275 3713 etiamsi
1334 3675 1437 3713 non
1496 3659 1565 3715 de
1614 3659 1831 3714 traduce
1881 3658 2088 3712 animas

513 3758 680 3817 creat,
704 3766 809 3805 non
832 3751 902 3806 sit
930 3761 1107 3806 tamen
1130 3762 1315 3807 auctor
1345 3764 1523 3807 reatus
1571 3752 1830 3823 ejusdem,
1866 3760 2087 3819 propter

512 3856 664 3912 quem
697 3842 992 3912 redemptio
1021 3844 1342 3899 sacramenti
1376 3843 1673 3899 necessaria
1703 3853 1782 3897 est
1812 3850 1865 3897 et
1896 3840 2086 3894 animm

507 3930 710 4001 parvuli
740 3947 754 3985 :
786 3946 974 4000 magna
999 3932 1224 4001 quzestio
1245 3942 1344 3997 est,
1376 3932 1641 4001 aliamque
1668 3932 2085 3999 disputationem

512 4019 797 4086 desiderat,
830 4036 895 4077 eo
920 4030 1121 4086 tamen,
1148 4033 1403 4091 quantum
1426 4022 1682 4084 arbitror,
1716 4020 2087 4075 moderamine

511 4121 892 4182 temperatam,
954 4122 1011 4168 ut
1060 4114 1229 4183 magis
1284 4114 1558 4181 inquisitio
1611 4122 1765 4167 cauta
1817 4112 2084 4174 laudetur,

511 4218 667 4273 quam
694 4203 1025 4274 prmcipitata
1063 4204 1490 4273 reprehendatur
1510 4202 1761 4257 assertio.
1818 4201 1914 4257 libi
1944 4202 2087 4256 enim

511 4295 577 4350 de
608 4310 667 4351 re
693 4295 1076 4352 obscurissima
1101 4295 1424 4365 disputatur,
1458 4311 1564 4350 non
1604 4293 1980 4363 adjuvantibus
2008 4292 2089 4347 di-

511 4386 757 4441 vinarum
797 4386 1173 4443 auctoritatum
1223 4388 1386 4442 certis
1438 4386 1701 4456 clarisque
1728 4384 2085 4446 documentis,

509 4476 765 4533 cohibere
793 4492 853 4533 se
882 4478 1047 4533 debet
1079 4478 1305 4533 humana
1338 4478 1702 4547 prmsumptio,
1729 4474 1861 4529 nihil
1886 4474 2090 4529 faciens

2200 3293 2313 3347 Non
2339 3295 2483 3365 enim
2507 3294 2668 3347 trahit
2692 3294 2887 3363 aliqttid
2916 3304 3068 3348 extra
3093 3292 3177 3364 [ex
3210 3292 3405 3365 patre],
3434 3296 3524 3364 qui
3548 3298 3660 3363 jam
3689 3314 3776 3348 na-

2194 3392 2275 3437 tus
2297 3395 2431 3441 erat.
2465 3384 2677 3453 quando
2701 3393 2851 3452 pater
2880 3384 2996 3454 ejus
3021 3386 3291 3454 peccavit;
3336 3386 3430 3441 sed
3459 3402 3584 3441 eum
3616 3398 3670 3442 et
3700 3391 3767 3442 ibi

2192 3473 2339 3539 dicit,
2365 3473 2455 3529 llis
2485 3474 2572 3542 qui
2602 3475 2828 3529 oderunt
2868 3490 2977 3541 me,
3011 3476 3350 3530 manifestum
3371 3487 3454 3532 est
3492 3479 3657 3533 etiam
3702 3480 3765 3531 il-

2193 3564 2296 3616 lam
2327 3564 2688 3620 conditionem
2712 3580 2867 3633 posse
2889 3566 3104 3635 mntari,
3146 3567 3190 3621 si
3223 3567 3318 3622 lilii
3346 3579 3624 3636 parentum
3648 3585 3766 3623 suo-

2191 3666 2308 3706 rum
2340 3654 2473 3706 facta
2507 3668 2609 3707 non
2640 3653 2838 3708 fuerint
2865 3654 3078 3709 imitati.
3112 3654 3244 3710 Nam
3270 3666 3323 3712 et
3346 3656 3473 3711 illud
3500 3672 3565 3711 ex
3600 3660 3759 3711 Adam

2193 3743 2558 3810 temporaliter
2580 3743 2840 3809 redditur,
2868 3745 2989 3814 quia
3041 3760 3229 3800 omnes
3279 3757 3498 3815 prepter
3528 3749 3627 3801 loc
3655 3764 3762 3801 mo-

2192 3832 2426 3898 riuntur;
2451 3848 2556 3887 non
2576 3842 2752 3888 autem
2783 3836 2834 3888 in
2862 3844 3120 3890 aeternum
3162 3836 3245 3891 eis
3285 3837 3374 3905 qui
3426 3835 3627 3892 fuerint
3673 3855 3765 3908 per

2190 3924 2414 3992 gratiam
2442 3910 2753 3993 spiritaliter
2783 3928 3101 3995 regenerati,
3153 3928 3204 3981 in
3248 3943 3419 3998 eaque
3460 3945 3764 3998 permanse-

2193 4018 2301 4068 rint
2326 4029 2493 4085 usque
2510 4012 2568 4071 in
2592 4016 2781 4082 linem;
2805 4017 3045 4087 quamvis
3060 4028 3116 4073 et
3135 4018 3259 4073 illud
3279 4020 3649 4090 meritoquaari
3669 4036 3784 4089 pos~

2193 4108 2284 4172 sit,
2315 4107 2360 4163 si
2382 4107 2680 4162 redduntur
2726 4117 2942 4178 peccata
2994 4118 3202 4177 patrum
3232 4109 3286 4165 in
3344 4110 3508 4175 filios,
3557 4111 3640 4165 his
3692 4107 3778 4181 qui

2193 4198 2423 4255 oderunt
2442 4199 2630 4265 Deum,
2660 4214 2757 4254 cur
2779 4200 2834 4254 in
2865 4203 3077 4255 tertiam
3107 4210 3163 4256 et
3191 4211 3434 4270 quartam
3474 4204 3771 4273 generatio-

2192 4305 2315 4345 nem
2341 4288 2498 4362 ιοά,
2523 4290 2603 4346 vel
2630 4292 2984 4360 prmtermissa
3000 4296 3180 4361 prima
3199 4302 3253 4348 et
3275 4294 3534 4358 secunda,
3559 4296 3644 4349 vel
3667 4311 3768 4348 non

2190 4383 2348 4437 etiam
2379 4384 2432 4437 in
2476 4393 2698 4439 easteras
2726 4395 3076 4453 permanente
3121 4386 3392 4455 impietate
3438 4397 3495 4441 et
3524 4387 3775 4439 imitatio.

2192 4490 2259 4529 ne
2288 4475 2548 4530 malorum
2589 4483 2897 4545 parentum;
2932 4489 2998 4530 an
3031 4491 3123 4545 per
3146 4477 3288 4531 hunc
3311 4491 3621 4542 numerum,
3647 4492 3776 4546 quo-

510 4572 563 4628 in
610 4582 817 4644 partem
848 4576 1069 4632 alteram
1100 4575 1453 4641 declinando;
1487 4576 1587 4630 etsi
1631 4576 1774 4629 enim
1814 4573 2092 4644 quodlibet
2122 4595 2173 4657 ι)
2196 4566 2339 4623 niam
2366 4568 2702 4634 septenarius
2735 4567 3070 4637 intelligitur,
3114 4568 3521 4627 universitatem
3568 4571 3776 4639 signiﬁ-

512 4666 700 4720 horum
773 4667 1223 4737 quemadmodum
1282 4667 1640 4722 demonstrari
1708 4674 1764 4720 et
1836 4666 2091 4734 explicari

513 4757 683 4823 possit
713 4758 954 4826 ignorem
981 4778 995 4826 ;
1026 4760 1153 4815 illud
1195 4768 1372 4816 tamen
1394 4760 1578 4825 credo,
1600 4758 1740 4827 quod
1774 4758 1936 4814 etiam
1970 4757 2095 4811 hinc

510 4845 811 4902 divinorum
840 4850 1177 4920 eloqttiorum
1214 4852 1509 4907 clarissima
1533 4851 1823 4905 auctoritas
1851 4860 2015 4915 esset,
2045 4850 2091 4903 si

515 4938 676 4995 homo
703 4938 754 4994 id
784 4938 901 4996 sine
948 4942 1230 5012 dispendio
1276 4944 1555 5012 promissa:
1609 4942 1803 4996 salutis
1845 4942 2093 5010 ignorare

514 5046 619 5089 non
651 5039 852 5102 posset.

1003 5160 1225 5218 CAPUT
1273 5158 1604 5217 CCCXLWI.

516 5272 646 5344 ρηω
665 5278 768 5333 sint
790 5285 997 5348 peccata
1024 5275 1340 5348 nolentium;
1368 5292 1431 5330 ea:
1460 5276 1591 5330 libro
1624 5275 1977 5343 Qua‘stiouum
2025 5274 2089 5327 li-

1082 5346 1159 5401 bri
1188 5345 1554 5400 Numerorum.

582 5462 735 5532 Quod
771 5463 1080 5534 praecipitur
1107 5460 1377 5533 quomodo
1406 5460 1693 5528 expientur
1726 5470 1939 5529 peccata
1972 5476 2093 5529 qua:

516 5568 622 5609 non
648 5564 840 5623 sponte
865 5557 1296 5617 committuntur,
1340 5554 1535 5606 merito
1557 5555 1815 5618 quaeritur
1843 5569 1957 5620 qua:
1989 5554 2096 5607 sint

515 5648 628 5708 ipsa
659 5654 878 5712 peccata
917 5645 1213 5699 nolentium
1248 5660 1261 5696 :
1298 5652 1474 5697 utrum
1506 5657 1627 5712 qua:
1665 5658 1693 5696 a
1736 5643 2096 5697 nescientibus

514 5732 945 5797 eumtnittuatur,
976 5749 1044 5787 an
1074 5732 1234 5788 etiam
1266 5732 1437 5803 possit
1480 5742 1627 5787 recte
1655 5732 1761 5786 dici
1821 5742 2098 5800 peccatum

518 5837 639 5889 esse
670 5823 927 5890 nolentis,
958 5825 1100 5894 quod
1134 5825 1310 5881 facere
1343 5824 1687 5895 compellitur
1719 5841 1730 5877 :
1765 5839 1885 5877 nam
1919 5832 1969 5877 et
2001 5822 2099 5877 hoc

2197 4676 2321 4714 care
2337 4659 2523 4725 voluit,
2542 4669 2603 4714 et
2618 4660 2738 4715 ideo
2755 4676 2861 4715 non
2880 4661 3051 4728 ipsum
3074 4675 3180 4716 non
3205 4663 3378 4729 potius
3414 4665 3775 4731 septenarinm

2197 4750 2398 4819 posuit,
2430 4760 2487 4804 ut
2513 4752 2716 4806 diceret
2742 4752 2793 4805 in
2821 4751 3100 4820 septimam
3146 4751 3572 4820 generationem,
3598 4766 3662 4805 ac
3702 4752 3777 4805 sic

2196 4842 2371 4895 omnis
2399 4841 2806 4911 intelligeretur,
2835 4842 2960 4911 quia
2987 4856 3201 4897 cau~am
3234 4842 3577 4910 perfectionis
3622 4842 3775 4910 hujus

2197 4933 2406 4988 numeri
2439 4936 2540 4986 hoc
2566 4933 2727 4987 modo
2748 4932 2924 5001 potius
2951 4932 3237 4988 intimavit.
3259 4933 3381 4989 Ideo
3408 4948 3640 5003 namque
3665 4949 3773 5002 pcr-

2198 5021 2413 5076 hibetur
2441 5022 2730 5091 perfectus,
2758 5023 2882 5091 quia
2924 5036 2989 5077 ex
3021 5022 3103 5078 bis
3130 5022 3339 5077 duobus
3378 5032 3588 5077 constat
3622 5038 3637 5076 :
3672 5032 3772 5075 ter-

2198 5115 2351 5168 nario
2369 5113 2576 5169 scilicet
2596 5114 2767 5183 primo
2788 5112 2980 5182 impari
3006 5122 3138 5177 toto,
3162 5123 3219 5168 et
3237 5115 3583 5183 quaternario
3610 5116 3774 5183 primo

2198 5204 2313 5275 pari
2344 5212 2478 5258 toto.
2508 5202 2663 5259 Unde
2684 5216 2805 5259 esse
2834 5211 2890 5257 et
2927 5202 3058 5257 illud
3103 5201 3477 5271 propheticum
3513 5201 3774 5259 existimo.

2196 5295 2338 5365 quod
2367 5293 2583 5354 assidue
2605 5294 2867 5361 repetitur
2891 5309 2902 5345 :
2931 5292 2985 5346 In
3007 5293 3176 5347 tribus
3203 5301 3258 5346 et
3283 5302 3507 5360 quatuor
3537 5291 3772 5358 impieta.

2199 5388 2343 5440 tibus
2396 5400 2502 5438 non
2556 5384 2877 5439 aversabor:
2920 5396 3014 5451 per
3068 5380 3208 5450 quod
3264 5380 3437 5434 voluit
3484 5381 3774 5449 impietatcs

2198 5479 2475 5532 universas
2497 5475 2674 5546 potius
2706 5489 2865 5543 quam
2898 5484 3006 5527 tres
3031 5473 3114 5528 vel
3139 5481 3368 5543 quatuor
3400 5471 3643 5541 intelligi.

2725 5584 2953 5641 CAPUT
2986 5581 3303 5639 CCCXLIX.

2208 5682 2357 5747 Quod
2402 5680 2635 5748 exemplo
2667 5678 2872 5748 Domini
2907 5677 3199 5748 temporalis
3218 5675 3583 5748 contemnenda
3608 5671 3671 5722 sit
3705 5682 3783 5748 sa-

2276 5756 2356 5803 lus
2403 5760 2450 5804 et
2494 5741 2579 5817 qui
2625 5746 2780 5817 [qua']
2829 5748 2950 5816 ﬁliis
2977 5741 3077 5818 ,1ὀρ
3125 5741 3777 5818 resurrectio(eminentis:

2278 5832 2380 5879 lur.
2414 5819 2489 5873 vel
2508 5813 2576 5873 ἰιι
2602 5813 2904 5872 sustinentia
2924 5816 3149 5874 eiusdem
3174 5814 3294 5881 Job,
3325 5832 3383 5871 ac
3408 5816 3509 5882 fide
3541 5813 3777 5869 ΒουκεΜό
