4074 6186
460 323 587 378 1081

1650 329 2084 389 'fliESAlIRUS.
2126 331 2276 387 CAP.
2320 333 2510 391 CCCL.

3598 356 3732 413 f98'2

521 440 1003 535 ςξίῖςηισίξίεηιίςιξρέξ
1027 441 1924 535 lfuige‘pagiet‘eru,utfquidam
1946 467 2028 504 υο-
2064 452 2105 503 A
2137 463 2257 516 quae
2286 449 2339 504 iu
2367 451 2589 505 domino
2620 466 3027 520 prmcesscrunt.
3056 455 3158 511 Joh
3180 475 3307 530 ergo
3348 462 3411 517 de
3437 466 3539 520 illis
3562 475 3693 535 patri
3719 507 3723 511 .

522 512 653 564 lunt.
685 509 766 562 Ea:
789 511 920 563 libro
941 512 1003 563 de
1029 510 1209 565 Gratia
1242 509 1376 566 Novi
1407 509 1739 569 Testameuti.

519 623 742 677 Mortem
784 620 967 676 intulit
1019 622 1181 676 homo
1224 623 1327 678 sibi
1362 624 1605 695 Filioque
1655 626 1923 695 hominis;
1950 631 2031 683 vi—

445 721 555 768 tam
623 728 753 767 vero
826 714 1005 767 attulit
1071 715 1272 769 homini
1343 718 1580 772 moriens
1634 730 1687 774 et
1745 737 2029 792 resurgens

450 804 615 859 Filius
670 804 938 870 hominis,
1012 807 1358 874 opprobrium
1418 808 1690 865 hominum
1743 821 1798 867 et
1844 814 2027 885 ahjec-

446 896 523 949 tio
567 896 737 963 plebis
792 910 961 963 usque
1018 896 1084 950 ad
1140 906 1390 952 mortem.
1433 899 1543 955 lioc
1588 902 1731 956 enim
1760 904 1927 959 voluit
1973 907 2024 961 in

442 996 733 1055 conspectu
780 986 1121 1042 inimicorum
1152 990 1277 1057 pati,
1310 1005 1416 1059 quo
1442 1007 1566 1045 eum
1591 1002 1844 1063 tanquam
1874 996 2029 1052 dere-

440 1078 625 1132 lirtum
671 1088 956 1149 putarent,
1000 1088 1055 1136 ut
1103 1082 1267 1151 gratia
1319 1085 1784 1142 commendaretur
1830 1088 2024 1144 Testa-

439 1172 605 1226 menti
635 1171 789 1238 Novi,
818 1188 918 1241 qua
949 1173 1279 1228 disceremus
1314 1174 1471 1237 aliam
1499 1192 1744 1245 quzerere
1796 1178 2024 1235 felicita-

439 1271 573 1326 tem,
603 1278 720 1332 qua:
749 1280 889 1317 nunc
930 1274 1013 1317 est
1045 1266 1094 1317 in
1130 1263 1254 1329 ﬁde,
1289 1275 1473 1334 postea
1495 1283 1623 1323 vero
1671 1271 1774 1325 erit
1818 1272 1869 1325 in
1901 1286 2024 1341 spe-

436 1352 542 1408 cie.
572 1353 817 1420 Quandiu
840 1355 986 1408 enim
1023 1369 1207 1409 sumus
1237 1356 1288 1409 in
1319 1372 1568 1425 corpore,
1599 1359 1673 1413 ait
1701 1362 2015 1429 Apostolus,

435 1443 838 1513 peregrinamur
856 1459 886 1498 a
908 1444 1130 1508 Domino
1150 1461 1167 1509 ;
1204 1461 1295 1513 per
1313 1444 1472 1501 ﬁdem
1491 1449 1634 1503 enim
1657 1452 2018 1521 ambulamus,

433 1550 542 1588 non
580 1550 675 1604 per
702 1536 971 1604 speciem;
1003 1546 1056 1590 et
1097 1536 1217 1591 ideo
1250 1553 1392 1594 nunc
1441 1540 1492 1593 in
1526 1555 1645 1609 spe,
1676 1550 1806 1597 tunc
1847 1544 1900 1598 in
1935 1561 2013 1600 re.

432 1625 677 1697 Denique
720 1630 1169 1684 resurrectionem
1224 1646 1415 1697 suam,
1474 1648 1634 1700 quam
1682 1634 1833 1707 [non]
1881 1638 2020 1693 sicut

435 1726 676 1770 nostram
707 1719 760 1771 in
794 1718 1009 1787 longum
1056 1718 1259 1775 diﬁ‘erri
1291 1722 1614 1789 oportebat,
1664 1734 1721 1777 ut
1756 1726 1808 1779 in
1836 1742 2018 1781 exem-

2136 537 2233 592 bus
2262 548 2380 594 erat
2410 540 2501 609 qui
2528 542 2987 609 exclamaverunt,
3016 548 3227 604 etsalvi
3261 549 3385 605 facti
3417 565 3563 608 suut.
3592 559 3724 613 Cum

2132 631 2278 683 enim
2308 629 2470 705 dicit,
2514 634 2626 703 Ego
2680 646 2882 700 autem,
2936 638 3070 693 satis
3119 640 3354 697 iusiuuit
3398 660 3499 714 qua
3557 650 3728 704 salute

2129 720 2253 776 illos
2292 723 2471 777 salvos
2514 739 2634 778 esse
2676 726 2847 782 factos
2882 728 3011 783 velit
3057 730 3303 802 intelligi,
3354 734 3407 788 in
3460 752 3563 805 qua
3610 739 3725 808 ipse

2132 811 2312 879 utique
2360 813 2646 868 derelictus
2689 826 2805 880 cst,
2835 834 2941 872 non
2982 835 3089 889 quo
3120 820 3194 874 illi
3224 837 3254 875 a
3285 826 3459 879 salute
3518 838 3717 883 :eterua

2133 901 2332 956 fuerint
2378 904 2563 971 alieni,
2612 907 2706 962 sed
2753 910 2805 962 in
2849 912 3061 964 occulto
3114 922 3238 967 tunc
3290 927 3427 980 erat,
3480 921 3621 986 quod
3671 923 3721 975 in

2128 990 2345 1048 Christo
2373 994 2546 1049 fuerat
2577 998 2942 1054 revelmdum.
2982 1001 3038 1054 lu
3072 1002 3266 1058 Vetere
3306 1007 3501 1076 quippe
3529 1010 3722 1065 Testa-

2135 1092 2320 1139 meuto
2368 1087 2609 1141 velamen
2650 1099 2733 1144 est
2781 1092 2925 1159 quod
2974 1102 3099 1147 tunc
3145 1095 3441 1163 auferetur;
3483 1115 3602 1155 cum
3654 1105 3719 1156 ad

2127 1174 2402 1231 Christum
2427 1179 2656 1248 quisque
2684 1181 2806 1236 inde
2837 1185 3130 1247 transierit,
3154 1204 3258 1256 quo
3279 1192 3543 1247 cruciﬁxo
3574 1198 3719 1248 vela-

2129 1286 2251 1325 men
2281 1274 2440 1328 etiam
2467 1275 2648 1343 templi
2678 1276 2908 1331 scissum
2934 1286 3035 1342 est,
3066 1287 3125 1332 ut
3147 1280 3542 1347 signiﬁcaretur
3572 1287 3714 1352 quod

2127 1362 2417 1429 Apostolus
2480 1363 2549 1417 de
2595 1362 2857 1419 velamine
2911 1364 3116 1421 Veteris
3170 1367 3500 1425 Testatnenti
3552 1373 3716 1437 dixit,

2125 1454 2377 1522 quoniam
2408 1455 2458 1510 in
2488 1452 2705 1511 Christo
2736 1468 3048 1511 evacuatur.

2702 1587 2930 1642 CAPUT
2958 1586 3150 1644 CCCL.

2125 1672 2265 1740 Quid
2300 1675 2649 1729 adamandum
2695 1678 2797 1741 sit;
2835 1694 2898 1731 ea:
2943 1679 3073 1733 libro
3111 1682 3459 1747 Qua’stionum
3492 1700 3705 1741 untv.

429 1808 520 1876 plo
561 1808 738 1862 carnis
768 1810 883 1874 ejus
923 1810 1254 1865 disceremus
1299 1812 1426 1881 quid
1473 1813 1525 1866 in
1568 1823 1748 1869 nostra
1798 1829 1999 1883 Sperari

2197 1806 2459 1871 Quoniam
2514 1810 2770 1879 quidquid
2817 1828 2922 1867 non
2973 1814 3101 1868 vivit
3148 1833 3252 1870 non
3286 1819 3492 1885 metuit,
3540 1838 3709 1889 nequo

426 1899 773 1964 deberemus,
824 1900 998 1955 noluit
1052 1902 1242 1956 alienis
1294 1903 1685 1972 demonstrare,
1733 1907 1827 1961 sed
1875 1909 2004 1965 suis.

425 1987 634 2043 Alienis
652 1988 775 2044 dico
798 2005 901 2045 non
931 2000 1141 2057 natura,
1171 1992 1265 2045 sed
1294 1993 1444 2059 vitio,
1469 1995 1615 2062 quod
1640 2010 1854 2064 semper
1881 2012 2009 2052 cou-

428 2087 507 2131 tra
536 2087 780 2134 naturam
817 2089 921 2135 est.
956 2082 1196 2136 Mortuus
1235 2093 1318 2137 est
1348 2099 1476 2153 ergo
1508 2084 1560 2138 in
1591 2095 1879 2156 conspectu
1914 2087 2010 2143 ho-

424 2171 652 2236 minum,
683 2174 979 2227 resurrexit
1021 2174 1073 2227 in
1103 2185 1397 2241 conspectu
1427 2176 1653 2229 ﬁliorum
1704 2178 2001 2245 hominum,

423 2264 544 2330 quia
569 2279 715 2319 mors
756 2266 825 2320 ad
873 2267 1141 2321 hominem
1198 2268 1515 2336 pertinebat,
1559 2272 1883 2325 resurrectio
1938 2274 2003 2327 ad

420 2354 615 2410 Filium
646 2356 895 2411 hominis.
928 2358 1079 2413 Sicut
1104 2360 1245 2412 enim
1279 2360 1330 2411 in
1360 2359 1524 2414 Adam
1551 2374 1688 2414 omni
1711 2376 1737 2415 s
1769 2364 2005 2418 moriun-

421 2456 527 2511 tur,
556 2448 635 2503 sic
682 2450 736 2503 in
782 2449 997 2504 Christo
1046 2466 1237 2505 omnes
1268 2451 1693 2507 viviﬁcabuntur.
1727 2452 1793 2508 Ut
1836 2455 2004 2523 igitur

417 2541 666 2606 exemplo
706 2556 814 2596 sua:
843 2543 1020 2597 carnis
1057 2543 1432 2597 exhortaretur
1470 2544 1655 2599 ﬁdeles
1694 2560 1821 2600 suos
1862 2557 1999 2601 tem-

417 2630 653 2692 poralem
689 2645 783 2699 pro
811 2638 1011 2686 aiterna
1040 2632 1293 2687 felicitate
1334 2643 1704 2701 contemnere,
1737 2637 1997 2704 usquead

416 2731 647 2776 mortem
700 2721 912 2791 pertulit
958 2734 1341 2795 persequentes
1387 2735 1549 2795 atque
1596 2728 1905 2794 saevientes,
1946 2740 1999 2786 et

415 2810 566 2879 quasi
597 2812 738 2866 victo
757 2822 811 2867 et
833 2828 1095 2883 oppresso
1120 2815 1353 2882 superbe
1385 2816 1692 2869 illudentes.
1713 2818 1867 2883 Quod
1906 2834 2000 2872 au-

416 2910 522 2955 tem
550 2917 768 2958 carnem
798 2918 948 2959 suam
986 2906 1347 2971 resuscitavit,
1383 2914 1436 2959 et
1474 2904 1861 2973 discipulorum
1907 2922 1997 2962 as-

414 2992 655 3062 pectibus
699 3002 859 3063 atque
897 2996 1260 3050 contractibus
1305 2995 1570 3061 reddidit,
1602 2997 1789 3066 eisque
1819 2997 1999 3053 viden-

412 3081 557 3137 tibus
598 3086 834 3139 ascendit
878 3084 931 3138 in
980 3086 1199 3154 cadum,
1242 3089 1388 3153 ipsos
1434 3088 1737 3153 aediﬁcavit,
1769 3096 1825 3142 et
1868 3089 1995 3158 quid

2123 1896 2227 1950 vita
2256 1900 2550 1952 carendum
2584 1916 2653 1969 qu
2677 1918 2864 1970 squam
2910 1906 3256 1971 persuasetit,
3292 1917 3345 1961 ut
3376 1920 3516 1963 metu
3548 1914 3706 1965 etiam

2119 2002 2307 2041 carere
2349 1989 2637 2057 possimus.
2689 1992 2988 2046 Amandum
3026 2004 3110 2049 est
3164 1996 3281 2051 sine
3326 2010 3471 2053 metu
3504 2004 3704 2067 vivere,

2114 2077 2209 2131 sed
2236 2094 2441 2143 rursus,
2474 2081 2595 2150 quia
2629 2081 2733 2135 vita
2772 2094 2916 2137 metu
2960 2098 3173 2152 carens,
3217 2090 3401 2154 etiam,
3432 2092 3480 2145 si
3508 2092 3703 2147 intelli-

2110 2167 2288 2235 gentia
2315 2177 2527 2235 careat,
2561 2186 2663 2223 non
2694 2182 2774 2226 est
2803 2176 3120 2241 appetenda,
3144 2180 3428 2234 amandum
3472 2191 3553 2235 est
3584 2183 3701 2239 sine

2111 2268 2255 2312 metu
2280 2274 2399 2313 cum
2442 2261 2713 2315 intellectu
2764 2265 2965 2319 vivere.
3010 2267 3134 2321 Idne
3161 2270 3333 2323 solum
3366 2272 3697 2326 amandum?

2109 2362 2177 2401 an
2207 2364 2359 2402 amor
2396 2366 2608 2420 quoque
2638 2352 2754 2421 ipse
2778 2356 3039 2409 amandus
3065 2357 3183 2410 est?
3212 2361 3282 2412 Ita
3309 2375 3457 2426 vero,
3484 2364 3698 2430 quando

2108 2440 2226 2494 sine
2254 2439 2356 2495 hoc
2387 2442 2474 2495 illa
2512 2458 2616 2495 non
2658 2455 2935 2510 amantur;
2969 2447 3063 2502 sed
3094 2449 3137 2501 si
3185 2459 3404 2517 propter
3439 2452 3538 2504 alia
3578 2470 3695 2521 quo

2106 2536 2333 2587 amanda
2364 2544 2485 2588 sunt
2513 2550 2665 2589 amOr
2705 2547 2933 2605 amatur,
2965 2554 3069 2593 non
3104 2552 3249 2596 recte
3277 2543 3445 2597 amari
3477 2544 3692 2602 dicitur.

2105 2624 2246 2680 Nihil
2263 2628 2407 2681 enim
2429 2637 2509 2682 est
2529 2629 2669 2681 aliud
2690 2645 2892 2694 amare,
2908 2647 3063 2700 quam
3085 2643 3302 2704 prointer
3321 2651 3380 2690 se
3398 2636 3566 2709 ipsam
3584 2654 3697 2695 rem

2102 2716 2337 2785 al‘quam
2363 2731 2634 2788 appetere.
2667 2720 2800 2775 Num
2827 2723 2986 2793 igitur
3016 2734 3234 2795 propter
3258 2741 3317 2781 se
3340 2727 3512 2796 ipsum
3543 2746 3695 2785 amor

2102 2812 2430 2879 appetendos
2456 2822 2559 2879 est,
2578 2830 2722 2884 rum,
2744 2816 2955 2882 quando
2972 2815 3099 2871 deﬁt
3128 2819 3267 2888 quod
3289 2832 3597 2888 amatur,ea
3624 2825 3694 2878 sit

2105 2898 2401 2954 indubitata
2436 2904 2697 2957 miseria?
2731 2904 2950 2968 Deinde,
2985 2921 3106 2961 eum
3157 2924 3310 2963 amor
3351 2923 3526 2967 motus
3569 2917 3687 2983 qui-

2101 2992 2222 3047 dam
2252 2993 2339 3057 sit,
2368 3010 2541 3064 neque
2571 2998 2709 3049 nllus
2749 2999 2817 3051 sit
2848 3007 3023 3052 motus
3057 2999 3157 3054 nisi
3209 3003 3273 3054 ad
3307 3003 3533 3072 aliquid,
3566 3022 3688 3061 cum

2100 3084 2391 3151 quaerimus
2414 3085 2540 3152 quid
2571 3087 2855 3141 amandum
2886 3090 2978 3155 sit,
3013 3090 3139 3158 quid
3167 3091 3236 3145 sit
3266 3092 3394 3146 illud
3436 3094 3501 3147 ad
3548 3097 3689 3165 quod

412 3183 758 3243 exspectare,
790 3176 916 3247 quid
950 3177 1243 3246 praedicare
1268 3177 1565 3244 deberent,
1597 3179 1996 3235 evidentissima

2105 3173 2308 3227 moveri
2339 3185 2585 3243 oporteat
2635 3178 2947 3245 quterimus.
2979 3180 3177 3246 Quare,
3218 3183 3261 3236 si
3298 3184 3561 3238 amandus
3607 3197 3689 3241 cst

410 3263 639 3319 veritate
672 3267 1011 3321 monstravit.
1048 3269 1172 3321 Illos
1199 3277 1377 3322 autem
1406 3284 1435 3322 a
1466 3270 1657 3338 quibus
1684 3279 1829 3324 tanta
1861 3273 1998 3327 mala

410 3371 581 3427 usque
619 3358 684 3411 ad
727 3368 952 3415 mortem
986 3361 1300 3429 pertulerat,
1330 3362 1479 3431 quasi
1519 3362 1585 3416 de
1618 3362 1708 3417 illo
1746 3375 1997 3430 superato

408 3458 464 3504 et
488 3449 754 3505 exstincto
798 3452 1109 3523 gloriantes,
1146 3455 1197 3507 in
1228 3469 1291 3509 ea
1320 3454 1573 3523 opinione
1601 3454 1911 3524 dereliquit,
1944 3467 2002 3511 ut

408 3542 650 3612 quisquis
666 3558 853 3599 eorum
874 3544 1046 3600 salute
1059 3554 1260 3601 interna
1276 3547 1455 3601 salvus
1476 3546 1589 3601 ﬁeri
1610 3547 1790 3613 vellet,
1808 3548 1911 3604 hoc
1930 3551 2000 3605 de

408 3632 550 3687 illiu’s
581 3634 775 3688 mortui
800 3637 1193 3691 resurrectione
1222 3637 1501 3701 crederet,
1534 3639 1675 3709 quod
1708 3640 1761 3694 hi
1789 3641 1880 3710 qui
1911 3642 1995 3696 vi-

406 3723 598 3779 derunt
618 3765 633 3792 ,
666 3726 834 3795 signis
866 3728 1295 3783 contestantibus
1332 3730 1786 3797 przedicaverunt,
1818 3744 1868 3787 ct
1903 3748 1999 3801 pro

406 3829 473 3869 ea
507 3816 888 3885 praedicatione
930 3818 1126 3873 similia
1173 3821 1379 3888 perpeti
1431 3835 1537 3874 non
1586 3820 1986 3880 dubitaverunt.

405 3905 740 3976 Quapropter
763 3907 923 3962 etiam
952 3908 1202 3976 Jacobus,
1233 3925 1373 3965 unus
1402 3926 1465 3964 ex
1495 3911 1753 3981 apostolis
1773 3912 1913 3981 ejus,
1939 3913 1990 3968 in

405 3996 644 4065 Epistula
674 4013 791 4065 sua,
824 4014 946 4053 cum
972 4001 1352 4055 exhortaretur
1385 4001 1573 4057 ﬁdeles
1606 4003 1695 4072 qui
1723 4013 1843 4073 post
1874 4020 1994 4073 pas-

404 4086 612 4141 sionem
642 4095 701 4141 et
736 4090 1184 4145 resurrectionem
1214 4088 1415 4146 Christi
1445 4091 1620 4146 adhuc
1657 4092 1711 4147 in
1757 4093 1856 4146 ista
1887 4094 1991 4149 vita

403 4180 749 4245 tenebantur,
797 4181 1255 4252 dispensationem
1292 4184 1620 4239 Testamenti
1653 4184 1863 4240 Veteris
1889 4185 1994 4239 No-

404 4269 562 4339 vique
605 4269 977 4339 diStinguens:
1006 4273 1422 4340 Sustinentiam,
1450 4275 1645 4344 inquit,
1682 4275 1785 4332 Job
1815 4277 1987 4331 audis-

404 4359 493 4425 tis,
534 4366 591 4414 et
612 4359 770 4416 ﬁnem
796 4361 1004 4417 Domini
1030 4363 1270 4428 vidistis;
1302 4379 1369 4419 ne
1403 4364 1525 4419 ideo
1547 4367 1813 4435 patienter
1832 4369 1993 4422 susti-

403 4459 597 4503 nerent
638 4454 949 4521 temporalia
998 4454 1159 4520 mala,
1194 4464 1253 4511 ut
1296 4454 1402 4509 sibi
1450 4456 1553 4511 hoc
1595 4459 1989 4524 restitueretur,

2105 3276 2279 3327 amor,
2308 3280 2411 3319 non
2463 3266 2646 3334 utique
2692 3267 2867 3322 omnis
2902 3270 3164 3325 amandus
3191 3281 3274 3327 est
3300 3288 3314 3330 :
3342 3282 3428 3327 est
3456 3276 3596 3329 cnim
3636 3286 3689 3331 et

2105 3353 2293 3422 turpis,
2325 3368 2432 3423 quo
2469 3356 2683 3410 animus
2730 3372 2791 3412 se
2835 3357 2953 3427 ipso
2988 3360 3241 3415 inferiora
3271 3371 3536 3429 sectatur;
3568 3380 3688 3434 qua:

2102 3446 2273 3515 magis
2305 3448 2519 3515 proprie
2567 3449 2835 3517 cupiditas
2880 3449 3098 3517 dicitur,
3147 3452 3381 3507 omnium
3432 3454 3687 3510 videliCet

2102 3539 2363 3593 malorum
2396 3540 2583 3606 radix;
2611 3550 2665 3596 et
2692 3542 2817 3597 ideo
2840 3558 2945 3596 non
2975 3544 3259 3600 amandum
3291 3555 3374 3601 est
3402 3534 3545 3617 quod
3572 3565 3687 3600 ma-

2104 3633 2251 3687 nenti
2281 3640 2335 3686 ct
2376 3632 2573 3688 fruenti
2605 3635 2777 3689 amori
2808 3634 3005 3690 auferri
3042 3646 3235 3705 potest.
3269 3636 3433 3707 Cujus
3450 3654 3578 3709 ergo
3609 3643 3686 3693 rei

2101 3738 2254 3777 amor
2282 3723 2542 3777 amandus
2572 3734 2687 3789 est,
2712 3726 2813 3779 nisi
2842 3726 2959 3791 ejus
2986 3741 3107 3794 qua:
3149 3742 3252 3779 non
3298 3738 3471 3795 potest
3495 3728 3686 3784 deesse

2100 3815 2226 3868 dum
2252 3816 2494 3869 amatur?
2522 3814 2576 3869 Id
2608 3824 2691 3869 est
2743 3827 2922 3870 autem
2952 3816 3093 3886 quod
3127 3816 3259 3871 nihil
3290 3828 3371 3872 est
3408 3820 3550 3873 aliud
3594 3819 3684 3874 ha-

2096 3907 2245 3970 bere,
2278 3922 2435 3975 quam
2458 3906 2596 3960 sicut
2624 3907 2951 3961 noscendum
2979 3916 3058 3961 est
3089 3920 3268 3962 nosse.
3303 3908 3469 3963 Porro
3492 3923 3681 3964 aurum

2095 4008 2150 4053 et
2172 4012 2331 4052 omne
2355 4012 2554 4066 corpus
2585 4010 2693 4050 non
2720 3997 2824 4051 hoc
2846 4007 2930 4051 est
2962 3995 3170 4051 habere
3195 3997 3335 4065 quod
3363 4012 3543 4053 nosse.
3568 3997 3682 4053 Non

2095 4089 2276 4157 itaque
2296 4086 2583 4143 amandum
2605 4096 2713 4154 est;
2730 4096 2783 4142 et
2802 4089 3055 4157 quoniam
3079 4094 3257 4157 potest
3272 4088 3468 4157 aliquid
3493 4090 3681 4155 amari,

2094 4194 2194 4234 nec
2224 4179 2427 4244 haberi,
2455 4196 2560 4234 non
2593 4180 2766 4233 solum
2800 4194 2866 4235 ex
2898 4178 2981 4234 his
3008 4194 3126 4249 quae
3148 4178 3375 4233 amanda
3400 4195 3506 4233 non
3536 4190 3680 4248 sunt,

2095 4280 2154 4326 ut
2183 4272 2461 4341 pulchrum
2500 4270 2717 4341 aliquod
2749 4284 2965 4339 corpus,
2994 4269 3090 4325 sed
3133 4284 3321 4323 eorum
3353 4270 3511 4323 etiam
3561 4286 3680 4340 qua'

2091 4363 2320 4418 amanda
2348 4372 2496 4430 sunt,
2528 4371 2588 4417 ut
2618 4363 2771 4417 beata
2800 4361 2939 4427 vita;
2981 4368 3037 4416 et
3066 4376 3251 4416 rursus
3285 4369 3457 4430 potest
3481 4360 3679 4428 aliquid

2093 4452 2277 4508 haberi
2302 4468 2400 4508 nec
2426 4452 2617 4518 amari,
2652 4460 2709 4506 ut
2737 4452 3048 4522 compedes,
3070 4452 3189 4521 jure
3216 4452 3472 4519 quaeritur
3500 4463 3677 4506 utrmu

401 4540 543 4607 quod
568 4543 838 4611 recepisse
863 4543 966 4600 Job
1004 4544 1251 4615 legimus.
1288 4546 1419 4601 Nam
1448 4557 1504 4603 et
1540 4546 1609 4602 ab
1638 4550 1731 4604 illo
1762 4552 1988 4608 vulnere
2019 4542 2067 4601 Ι)
2095 4549 2261 4615 possit
2283 4546 2545 4615 quispiam
2572 4544 2622 4599 id
2645 4544 2785 4613 quod
2807 4545 3005 4600 habere
3018 4544 3243 4599 nihilest
3262 4543 3360 4597 nisi
3377 4557 3555 4609 nosse,
3572 4560 3675 4598 non

400 4642 560 4704 atque
590 4638 870 4705 putredine
896 4639 1075 4695 salvus
1107 4640 1302 4705 factus,
1332 4652 1386 4698 et
1413 4642 1465 4698 ei
1490 4655 1684 4699 cuncta
1711 4660 1829 4713 qua:
1858 4648 1992 4701 ami-

400 4734 545 4780 serat
588 4727 751 4796 dupla
797 4739 925 4784 sunt
968 4732 1239 4786 restituta.
1266 4732 1367 4789 Ubi
1414 4734 1578 4789 etiam
1615 4739 1988 4791 commendata

400 4826 483 4871 est
510 4820 925 4876 resurrectionis
974 4822 1145 4879 fides:
1197 4838 1318 4879 nam
1362 4824 1459 4880 ﬁlii
1491 4841 1597 4881 non
1652 4828 1707 4881 in
1736 4828 1980 4897 duplum,

400 4911 496 4966 sed
527 4912 746 4968 totidem
788 4916 1006 4981 redditi,
1036 4917 1199 4972 etiam
1246 4919 1370 4973 illos
1408 4934 1543 4990 quos
1592 4921 1847 4976 amiserat
1899 4938 1987 4977 re-

402 5012 744 5059 surrecturos
790 5005 1252 5075 signiﬁcaverunt.
1309 5008 1399 5064 Sic
1452 5010 1549 5074 ipsi
1597 5026 1834 5081 quoque,
1881 5012 1985 5070 illis

401 5093 671 5160 prioribus
694 5095 891 5163 juncti,
922 5113 951 5151 a
985 5099 1329 5155 restitutione
1357 5101 1504 5170 dupli
1542 5118 1647 5156 non
1680 5102 1983 5159 inveniren-

402 5190 489 5236 tur
517 5183 696 5238 alieni.
726 5183 797 5241 Ut
822 5201 952 5254 ergo
981 5203 1085 5241 non
1118 5188 1280 5243 talem
1330 5192 1815 5247 remunerationem
1857 5208 1979 5263 spe-

401 5284 670 5337 raremus,
715 5275 930 5343 quando
962 5278 1099 5332 mala
1150 5279 1464 5348 temporalia
1515 5290 1843 5348 pateremur,
1876 5301 1981 5338 non

396 5364 488 5419 uit.
535 5366 918 5422 Sustinentiam
966 5380 1021 5424 et
1067 5372 1223 5426 ﬁnem
1263 5372 1365 5426 Job
1390 5372 1660 5440 audistis;
1718 5375 1812 5430 sed
1866 5376 1982 5431 ait:

398 5456 781 5514 Snstinentiam
824 5460 927 5515 Job
954 5463 1198 5527 audistis,
1224 5472 1279 5518 ct
1307 5464 1464 5519 ﬁnem
1499 5464 1708 5520 Domini
1741 5466 1981 5533 vidistis;

398 5555 669 5617 tamquam
700 5552 898 5607 diceret
932 5570 945 5606 :
980 5555 1113 5609 Mala
1144 5557 1455 5623 temporalia
1496 5557 1640 5613 sicut
1680 5557 1783 5613 Job
1812 5561 1981 5613 susti-

396 5646 549 5701 nete;
578 5642 670 5695 scd
703 5658 798 5710 pro
824 5644 922 5700 hac
950 5647 1288 5715 sustinentia,
1316 5663 1420 5701 non
1447 5650 1756 5717 temporalia
1792 5648 1979 5720 [bona]

396 5740 633 5800 ιριτειιρ,
664 5750 783 5803 quae
812 5735 885 5790 illi
914 5746 1064 5791 aucta
1099 5736 1393 5806 redierunt,
1426 5738 1519 5794 sed
1547 5748 1744 5793 aeterna
1778 5738 1973 5806 potius,

2093 4652 2275 4691 amare
2303 4652 2423 4692 cum
2462 4635 2673 4701 haheat,
2708 4634 2757 4688 id
2790 4644 2889 4697 est,
2926 4634 3157 4689 noverit.
3196 4633 3302 4690 Sed
3333 4649 3454 4689 cum
3486 4635 3673 4689 videa-

2095 4743 2211 4782 mus
2251 4728 2535 4783 nonnullos
2568 4743 2675 4781 non
2715 4726 2786 4779 ob
2831 4724 2997 4791 aliud,
3037 4725 3185 4780 verbi
3235 4727 3425 4795 gratia,
3455 4726 3668 4783 discere

2092 4834 2367 4878 numeros.
2400 4817 2499 4873 nisi
2543 4829 2599 4872 ut
2636 4820 2822 4873 eadem
2873 4817 3151 4887 disciplina
3199 4818 3474 4887 pecuniosi
3514 4820 3673 4881 ﬁant,

2088 4922 2178 4967 aut
2205 4910 2508 4964 hominibus
2538 4911 2818 4980 placeant,
2866 4924 3023 4977 quam
3055 4922 3177 4963 cum
3230 4909 3561 4975 didicerint,
3599 4911 3664 4965 ad

2086 5002 2331 5058 eumdem
2383 5002 2542 5055 ﬁnem
2596 4999 2853 5066 referant,
2894 5014 3053 5070 quem
3085 5000 3189 5055 sibi
3241 5016 3362 5055 cum
3404 5001 3669 5056 discerent

2087 5104 2520 5165 proposuerant;
2570 5108 2745 5162 neque
2797 5094 2958 5146 ullam
3023 5093 3358 5161 disciplinam
3408 5093 3546 5145 aliud
3602 5102 3670 5145 sit

2087 5189 2288 5245 habere
2317 5202 2476 5256 quam
2525 5201 2713 5251 nosse;
2761 5186 2876 5241 ﬁeri
2906 5196 3081 5255 potest
3116 5197 3169 5239 ut
3221 5185 3415 5239 habeat
3444 5186 3670 5253 quisque

2088 5281 2311 5351 aliquid,
2336 5282 2480 5351 quod
2506 5279 2708 5334 habere
2732 5279 2833 5335 hoc
2860 5279 2932 5332 sit
2952 5279 3093 5347 quod
3124 5292 3313 5340 nosse;
3339 5291 3510 5343 neque
3530 5286 3669 5330 amet

2089 5384 2295 5442 tamen,
2327 5387 2632 5442 quanquam
2683 5371 2880 5425 bonum
2912 5370 3053 5440 quod
3108 5384 3213 5423 non
3261 5377 3470 5422 amatur
3514 5385 3667 5422 nemo

2092 5474 2269 5533 potest
2307 5463 2544 5533 perfecte
2576 5463 2774 5518 habere
2800 5462 2882 5515 vel
2917 5474 3094 5514 nosse.
3128 5459 3261 5524 Quis
3304 5458 3449 5512 enim
3496 5470 3666 5526 potest

2084 5568 2243 5608 nosse
2263 5562 2518 5620 quantum
2538 5553 2607 5605 sit
2629 5552 2825 5605 bonum
2847 5566 2950 5618 quo
2974 5565 3077 5602 non
3103 5548 3327 5601 fruitur?
3347 5548 3457 5602 Non
3488 5558 3666 5603 autem

2081 5647 2296 5710 fruitur,
2325 5644 2367 5698 si
2398 5660 2501 5698 non
2526 5640 2811 5697 amat.Ncc
2846 5640 3006 5694 habet
3027 5638 3185 5709 igitur
3204 5640 3346 5709 quod
3375 5640 3661 5696 amandum

2081 5749 2183 5805 cst,
2211 5740 2299 5808 qui
2325 5752 2428 5793 non
2454 5744 2614 5801 amat,
2636 5732 2842 5787 etiamsi
2871 5745 3054 5787 amare
3077 5730 3239 5802 possit
3277 5731 3428 5803 105
3448 5730 3535 5802 qui
3561 5747 3663 5786 non
