4074 6186
412 341 550 399 1033

1507 335 1568 391 D.
1611 330 1926 390 EUGYPNI
1969 327 2258 385 ABBATIS
2299 336 2616 393 AFRICWI

3552 345 3683 399 1081

412 460 592 514 habet.
622 455 792 512 Nemo
823 456 981 526 igitur
1002 455 1212 509 beatam
1255 450 1419 505 vitam
1451 452 1588 502 sicut
1619 448 1884 505 miscenda
1910 456 1994 502 est
2025 446 2065 500 Λ
2098 445 2221 499 dem
2244 449 2494 505 videmus
2522 453 2683 505 etiam
2713 451 3128 509 immanissimas
3158 454 3359 510 bestias
3381 469 3411 508 a
3437 458 3685 513 maximis

412 550 648 614 novit,ct
671 548 838 602 miser
857 557 970 612 est;
1000 544 1251 614 mioniam
1275 542 1319 595 si
1349 539 1573 593 amanda
1598 550 1679 593 est
1712 539 1868 592 sicuti
1886 548 1992 603 est,

412 639 517 694 hoc
554 648 639 693 est
678 654 794 693 eam
831 651 989 690 nosse
1021 633 1160 703 quod
1196 633 1412 686 habere.
1450 630 1580 697 Qum
1607 645 1726 684 eum
1760 629 1831 683 ita
1856 630 1991 691 sint,

411 730 537 797 quid
592 738 674 782 est
704 727 845 781 aliud
894 726 1052 778 heute
1085 724 1287 784 vivere,
1340 720 1439 774 nisi
1487 729 1747 772 aeternum
1792 716 1990 786 aliquid

409 820 782 889 cognoscendo
813 817 1044 877 habere?
1072 824 1328 883 aeternum
1360 822 1442 866 est
1478 812 1622 865 enim
1652 811 1722 863 de
1744 824 1850 879 qun
1877 808 1994 861 solo

407 918 553 965 recte
586 909 788 973 ﬁditur,
819 908 960 978 quod
1011 905 1210 959 amanti
1237 903 1434 957 auferri
1466 918 1570 956 non
1598 911 1804 970 potest,
1833 899 1993 968 idque

407 1003 578 1069 ipsum
612 1014 695 1057 est
735 1000 878 1072 quod
910 1000 1039 1055 nihil
1071 999 1139 1053 sit
1176 997 1327 1052 aliud
1376 997 1577 1051 habere
1606 1010 1763 1065 quam
1808 1007 1989 1049 nosse.

404 1096 652 1151 Omnium
671 1096 817 1151 enim
837 1108 1019 1147 rerum
1041 1090 1539 1160 praestantissimum
1556 1101 1640 1143 est
1664 1088 1806 1158 quod
1834 1098 1991 1142 mter-

403 1204 529 1243 num
560 1199 673 1251 est;
703 1197 755 1241 et
786 1193 1069 1254 propterea
1103 1182 1153 1237 id
1182 1182 1383 1235 habere
1411 1195 1514 1233 non
1548 1194 1854 1248 possumus,
1887 1179 1989 1233 nisi

402 1294 462 1333 ea
482 1294 539 1331 re
559 1292 663 1345 qua
678 1275 1074 1345 prastantiorcs
1091 1286 1295 1335 sumus,
1313 1271 1477 1333 idest,
1494 1282 1704 1336 mente;
1731 1269 1988 1340 quidquid

403 1381 581 1424 autem
609 1378 787 1422 mente
815 1366 1060 1428 habetur,
1085 1362 1361 1416 nosceudo
1384 1361 1645 1426 habetur,
1672 1363 1989 1431 nullumque

405 1463 602 1516 bonum
638 1459 873 1525 perfecte
901 1456 1143 1510 noscitur
1170 1453 1310 1523 quod
1341 1469 1448 1507 non
1482 1453 1715 1520 perfecte
1745 1466 1983 1520 amatur;

400 1568 573 1622 neque
610 1560 668 1606 ut
698 1551 813 1605 sola
848 1565 999 1605 mens
1032 1558 1207 1619 potest
1235 1563 1586 1613 cognoscere,
1620 1549 1690 1602 ita
1722 1556 1776 1601 ct
1806 1562 1989 1602 amare

397 1644 512 1699 sola
544 1652 723 1711 potest
756 1662 767 1696 :
801 1657 1036 1711 namque
1064 1657 1216 1695 amor
1255 1641 1523 1710 appetitus
1550 1648 1633 1694 est
1659 1640 1897 1708 quidam,
1931 1649 1987 1695 et

399 1732 642 1787 videmus
672 1732 835 1785 etiam
867 1731 1079 1785 emteris
1108 1729 1272 1783 animi
1309 1730 1549 1796 partibus
1580 1729 1754 1783 inesse
1781 1730 1984 1797 appeti-

2097 543 2455 611 rnluptatihus
2501 547 2791 601 absterreri
2830 548 3073 603 dolorum
3108 562 3273 609 metu.
3306 550 3446 617 quod
3474 568 3596 604 cum
3621 556 3676 608 iu

2095 651 2280 690 earum
2336 639 2778 693 consuetudinem
2820 640 3340 713 rerteritlveoerit].
3379 641 3599 695 demitte
3616 652 3673 697 et

2097 735 2388 779 mansueta“:
2435 740 2715 783 vocantur.
2766 728 3102 798 Quapropter
3126 731 3376 799 quoniam
3411 731 3551 785 ine~t
3581 731 3654 782 ho

2095 816 2223 868 mini
2278 818 2436 884 ratio,
2480 833 2600 886 quae
2654 834 2775 873 cum
2832 820 2997 873 servit
3030 819 3308 890 cupiditati
3338 820 3686 889 perversione

2096 907 2407 972 miserabili,
2435 918 2490 962 ut
2518 910 2758 963 homines
2783 926 2887 964 non
2913 913 3221 973 timeantur.
3246 912 3487 981 suggerit
3507 911 3681 965 latere

2096 1015 2252 1067 posse
2271 1003 2579 1067 commissa,
2598 1012 2652 1057 et
2671 1004 2737 1057 ad
2760 1004 2982 1072 tegenda
3006 1005 3214 1059 occulta
3234 1013 3445 1072 peccata
3462 1011 3684 1057 astutis-

2093 1094 2254 1148 simas
2279 1093 2514 1149 fallacias
2534 1106 2839 1163 comparat;
2861 1112 2925 1152 eo
2950 1096 3009 1150 lit
3031 1105 3089 1151 ut
3118 1097 3361 1150 homines
3381 1109 3517 1163 quos
3539 1109 3678 1147 non-

2091 1187 2217 1239 dum
2265 1187 2495 1241 delectat
2538 1189 2884 1255 pulchritudo
2914 1190 3142 1256 virtutis,
3168 1189 3269 1242 nisi
3300 1188 3472 1257 poenis
3500 1200 3679 1254 spec-

2092 1277 2265 1329 cando
2284 1277 2677 1342 deterreantur,
2701 1294 2818 1347 qua:
2838 1279 3120 1333 verissime
3144 1294 3239 1347 per
3260 1287 3478 1332 sanctos
3509 1287 3563 1331 et
3592 1277 3677 1330 di-

2092 1368 2245 1421 vinos
2262 1370 2406 1424 viros
2417 1369 2779 1438 prtcdicantur
2794 1370 3027 1441 (etquod
3040 1371 3215 1424 celant
3226 1369 3549 1429 hominihus,
3566 1367 3682 1421 Deo

2089 1459 2253 1511 celari
2280 1474 2387 1513 non
2416 1474 2573 1526 posse
2596 1464 2933 1514 Consentiam
2957 1456 3378 1531 [constituant]),
3401 1457 3680 1511 diflicitius

2090 1552 2377 1606 domentnr
2419 1568 2577 1621 quam
2604 1552 2748 1606 ferae.
2781 1553 2850 1607 Ut
2878 1561 3053 1605 autem
3088 1552 3338 1606 timeatur
3360 1550 3521 1613 Deus,
3546 1548 3681 1601 diti-

2090 1657 2155 1695 na
2184 1641 2519 1710 providentia
2550 1642 2663 1711 regi
2696 1642 2949 1696 universa
2982 1638 3407 1709 permadeodmn
3435 1648 3539 1701 est,
3568 1652 3676 1688 non

2090 1738 2196 1784 tam
2237 1731 2536 1784 rationibus
2584 1731 2741 1799 (quas
2784 1730 2878 1798 qui
2903 1738 3077 1798 potest
3104 1728 3262 1795 inire,
3297 1735 3472 1795 potest
3506 1725 3675 1780 etiam

398 1832 533 1889 tum,
564 1824 653 1893 qui
681 1823 727 1878 si
764 1823 928 1878 menti
962 1822 1259 1890 rationique
1286 1822 1606 1886 consentiat,
1635 1821 1689 1876 in
1730 1822 1821 1875 tali
1854 1836 1983 1890 pace
2016 1815 2061 1874 Β
2082 1835 2137 1879 et
2188 1822 2642 1891 pulchritudinem
2691 1822 2893 1876 sentire
2941 1819 3175 1889 virtutis)
3202 1834 3360 1889 quam
3390 1815 3671 1883 exemplis,

399 1915 847 1982 ettranqnillitate
864 1913 1070 1969 vacabit
1093 1922 1271 1967 mente
1284 1915 1637 1983 contemplari
1657 1914 1796 1980 quod
1825 1924 1981 1967 :eter-

399 2018 525 2056 num
572 2013 677 2057 est.
706 2004 852 2072 Ergo
896 2004 1058 2057 etiam
1108 2006 1318 2058 creteris
1366 2005 1479 2058 suis
1525 2003 1766 2073 partibus
1797 2018 1982 2059 amare

396 2094 606 2149 animus
628 2093 809 2158 debet,
830 2093 930 2148 hoc
953 2104 1059 2148 tam
1090 2080 1519 2164 magnnm,quod
1545 2106 1723 2151 mente
1754 2109 1981 2150 noscen-

395 2182 519 2237 dum
537 2182 712 2239 est.Et
726 2184 976 2252 quoniam
996 2185 1044 2239 id
1064 2184 1204 2253 qitod
1220 2197 1429 2239 amatur
1441 2186 1634 2241 efficiat
1649 2186 1889 2259 [alliciat]
1913 2202 1979 2241 ex

395 2289 452 2330 se
464 2285 731 2330 amantem
756 2290 976 2331 nece-se
993 2287 1097 2341 est,
1115 2276 1171 2331 lit
1195 2286 1250 2331 nt
1273 2278 1349 2331 sic
1370 2288 1627 2343 amatum,
1651 2278 1791 2348 quod
1821 2286 1981 2333 mter-

395 2382 521 2421 num
540 2375 642 2430 est,
657 2366 955 2421 mternitate
971 2366 1206 2421 animum
1220 2367 1419 2422 efficiat
1442 2367 1681 2440 [alliciat]
1698 2386 1710 2423 :
1726 2370 1980 2440 quocirca

394 2458 579 2513 eadem
610 2457 695 2527 [ea
734 2456 971 2530 demum]
1007 2460 1111 2513 vita
1149 2459 1300 2513 beata
1332 2475 1451 2528 qum
1478 2470 1676 2515 mterna
1706 2472 1808 2517 est.
1840 2462 1980 2530 Quid

395 2563 522 2604 vero
559 2560 820 2604 aeternum
854 2560 957 2612 est,
990 2550 1131 2618 quod
1164 2552 1465 2605 mternitate
1496 2552 1691 2606 alliciat
1719 2553 1977 2623 animmn,

394 2640 493 2695 nisi
525 2639 703 2694 Deus?
732 2644 896 2694 Amor
921 2648 1097 2694 autem
1126 2654 1307 2695 rerum
1333 2640 1978 2710 amandaruin,charitas,

394 2731 473 2787 vel
512 2732 729 2787 dilectio
768 2732 979 2798 melius,
1014 2731 1213 2786 dicitur
1244 2750 1255 2784 :
1292 2747 1456 2802 quare
1486 2734 1736 2788 omnibus
1774 2736 1980 2805 Cogita-

394 2827 596 2881 tionum
621 2826 820 2880 viribus
845 2825 1294 2881 considerandum
1318 2834 1399 2879 cst
1416 2825 1826 2881 saluberrimum
1850 2829 1978 2884 illud

395 2926 717 2981 praeceptum
751 2934 764 2968 :
796 2916 996 2987 Diliges
1045 2916 1329 2971 Dominum
1372 2917 1536 2970 Deum
1572 2928 1719 2972 tuum
1765 2920 1816 2972 in
1872 2930 1981 2974 toto

393 3011 555 3064 corde
583 3023 694 3075 ιιιο,
719 3020 768 3064 et
802 3010 853 3062 iu
887 3018 996 3063 tota
1020 3011 1194 3064 anima
1225 3020 1309 3064 tua
1340 3020 1394 3064 et
1424 3009 1475 3064 in
1507 3019 1615 3064 tota
1646 3020 1825 3065 mente
1858 3021 1976 3080 tua;

392 3109 444 3151 et
471 3098 598 3153 illud
626 3100 763 3168 quod
794 3098 871 3152 ait
897 3098 1155 3154 Dominus
1184 3100 1339 3154 Josns
1368 3114 1383 3153 :
1418 3099 1543 3154 "me
1571 3109 1655 3154 est
1680 3110 1857 3156 autem
1895 3104 1978 3158 vi-

2088 1914 2172 1969 vel
2228 1912 2553 1975 recentibus,
2600 1912 2647 1966 si
2697 1926 2800 1982 qua
2840 1920 3150 1973 occurrunt,
3191 1910 3278 1963 vel
3328 1908 3397 1963 de
3434 1908 3679 1961 historiae

2078 2004 2379 2077 [historia],
2409 2012 2466 2059 et
2508 2006 2743 2058 maxime
2787 2016 2905 2071 quae
2944 2002 3065 2071 ipsa
3117 2000 3297 2055 divina
3340 1999 3674 2068 providentia

2086 2106 2427 2166 procurante,
2456 2097 2570 2152 sive
2600 2097 2653 2151 in
2678 2096 2893 2162 Vetere,
2925 2096 3046 2150 sive
3066 2094 3120 2148 in
3154 2093 3306 2148 Novo
3328 2092 3677 2147 Testamento

2079 2189 2586 2243 excellentissimam
2652 2186 3021 2242 auctoritatem
3100 2184 3375 2253 τετεἱοιῶ
3440 2184 3676 2251 accepit.

2084 2279 2255 2336 Simul
2299 2288 2479 2334 autem
2524 2279 2787 2348 agendum
2824 2285 2919 2331 'est
2937 2284 2994 2331 et
3020 2277 3087 2331 de
3110 2276 3280 2346 prunis
3308 2285 3674 2345 peccatorum.

2084 2380 2137 2428 et
2165 2372 2233 2427 de
2270 2371 2504 2442 praamiis
2543 2380 2688 2426 recte
2717 2372 3003 2427 factorum.
3031 2368 3147 2425 Jam
3190 2382 3319 2424 vero
3343 2383 3467 2423 cum
3496 2368 3674 2435 aliqua

2085 2480 2193 2520 non
2223 2463 2479 2534 peccandi
2528 2462 2863 2519 consuetudo
2901 2462 3043 2529 quod
3077 2474 3363 2515 onerosum
3384 2458 3677 2529 puniuntur

2078 2555 2244 2611 facile
2268 2570 2391 2611 esse
2414 2556 2758 2624 persuaserit,
2788 2554 3009 2623 incipiat
3031 2553 3231 2621 gustari
3258 2551 3488 2608 dulcedo
3506 2552 3675 2618 sueta-

2080 2647 2174 2713 tis,
2203 2657 2259 2702 et
2287 2646 2651 2703 commendari
2678 2644 3024 2716 pulchritudo
3048 2647 3279 2707 virtutis,
3311 2655 3371 2698 ut
3394 2643 3676 2697 (ﬁrmitatis

2084 2739 2306 2794 libertas
2353 2754 2462 2808 pra:
2515 2739 2772 2794 servitute
2820 2738 3031 2792 timoris
3082 2736 3343 2798 emineat;
3402 2743 3527 2788 tunc
3559 2735 3674 2804 jam

2083 2829 2511 2900 persuadendum
2556 2839 2639 2884 est
2671 2828 2936 2891 fidelibus,
2993 2826 3417 2896 praecedentibus
3448 2840 3674 2892 regene-

2082 2921 2306 2978 rationis
2325 2921 2693 2983 sacramentis,
2724 2934 2844 2988 qnze
2874 2932 3093 2973 necesse
3121 2926 3205 2972 est
3239 2917 3524 2985 plurimum
3550 2930 3673 2968 mo-

2087 3020 2266 3076 veant,
2308 3011 2431 3081 quid
2482 3010 2695 3065 intersit
2740 3011 2878 3064 inter
2894 3009 3031 3063 duos
3057 3009 3321 3070 homines.
3346 3015 3587 3060 veterem
3618 3016 3675 3059 et

2080 3118 2304 3167 novum,
2358 3102 2682 3155 exteriorem
2715 3108 2770 3154 ct
2794 3099 3129 3162 interiorem,
3165 3106 3437 3151 terrenum
3462 3104 3526 3149 et
3548 3110 3670 3147 cce-

394 3199 443 3243 la
481 3199 708 3253 aeterna,
737 3199 790 3242 ut
821 3200 1148 3258 cognoscant
1182 3199 1233 3244 te
1276 3191 1447 3244 solum
1478 3205 1664 3246 rerum
1707 3190 1894 3260 Deum,
1928 3205 1981 3251 et
2004 3183 2054 3247 C
2086 3193 2297 3255 lestem,
2334 3190 2392 3245 id
2417 3202 2498 3244 est
2522 3191 2660 3243 inter
2689 3204 2809 3242 eum
2839 3189 2926 3256 qui
2957 3188 3095 3241 bona
3115 3186 3348 3240 carnalia
3380 3194 3434 3237 ct
3461 3194 3673 3251 tempo—

393 3296 550 3350 qnetn
582 3280 772 3335 misisti
805 3279 986 3335 Jesnm
1015 3280 1307 3335 Cinistum.

957 3371 1186 3428 CAPUT
1225 3370 1432 3428 CCCLI.

601 3461 679 3515 De
702 3464 978 3516 nutrienda
1016 3464 1266 3517 clmritate
1296 3505 1312 3528 ,
1337 3482 1399 3519 ex
1422 3468 1595 3521 eodem
1619 3469 1767 3522 libro.

462 3554 793 3610 Charitatcm
811 3568 942 3607 voco
965 3562 1165 3608 motum
1193 3557 1354 3609 animi
1380 3573 1486 3625 quo
1505 3572 1752 3613 amantur
1775 3572 1835 3615 ea
1861 3577 1979 3631 qua:

395 3663 502 3701 non
527 3656 652 3703 sunt
680 3662 790 3718 pne
821 3648 937 3715 ipso
964 3659 1176 3703 amante
1205 3654 1615 3720 contemnenda,
1651 3652 1700 3707 id
1730 3664 1813 3710 est
1837 3656 1978 3724 quod

393 3745 653 3790 aeternum
696 3746 800 3800 t-st,
822 3749 872 3793 et
904 3739 1044 3808 quod
1070 3754 1250 3801 amare
1274 3739 1447 3805 ipsum
1480 3751 1741 3798 :eternum
1783 3753 1977 3813 potest.

396 3826 538 3881 Deus
565 3826 722 3895 igitur
749 3838 802 3881 et
831 3830 1190 3898 animus,quo
1217 3841 1484 3897 amantur,
1511 3833 1742 3888 charitas
1767 3836 1981 3903 proprie

393 3918 587 3972 dicitur
617 3935 630 3973 :
663 3919 1038 3988 purgatissima
1075 3929 1130 3976 et
1175 3935 1566 3990 consummata,
1599 3928 1643 3981 si
1676 3926 1803 3981 nihil
1835 3928 1977 3982 aliud

394 4016 641 4076 amatur;
674 4008 811 4065 hanc
841 4022 893 4065 et
924 4012 1261 4068 dilectionem
1314 4015 1421 4070 dici
1479 4018 1651 4087 placet
1679 4036 1692 4073 :
1722 4020 1816 4074 sed
1858 4036 1979 4074 cum

395 4099 536 4155 Deus
560 4100 725 4170 magis
746 4102 985 4171 diligitur
1012 4118 1169 4171 quam
1201 4102 1432 4169 animus,
1458 4106 1529 4161 ita
1556 4118 1615 4162 ut
1644 4109 1792 4163 malit
1817 4110 1980 4165 homo

392 4189 511 4259 ejus
530 4207 653 4247 esse
674 4208 834 4262 quam
863 4211 1013 4253 suns.
1032 4204 1157 4250 tunc
1181 4211 1305 4250 vero
1326 4198 1506 4251 animo
1521 4215 1833 4271 summeque
1850 4218 1982 4256 con-

393 4281 605 4347 sulitur,
651 4293 1045 4352 consequenter
1081 4294 1135 4339 et
1181 4288 1416 4351 corpori.
1462 4290 1615 4343 nobis
1654 4290 1704 4345 id
1746 4306 1852 4345 non
1894 4308 1978 4347 cu-

394 4374 639 4425 rantibus
674 4374 853 4442 aliquo
899 4376 1138 4441 appetitu
1168 4385 1467 4445 satagente,
1500 4377 1595 4432 sed
1645 4387 1848 4435 tantum
1876 4381 1979 4453 [ta-

394 4460 540 4533 men]
558 4475 802 4532 prompta
831 4475 883 4519 et
912 4465 1087 4519 oblata
1110 4468 1469 4524 sumentihus.
1487 4471 1778 4528 Charitatis
1799 4485 1975 4529 autem

2085 3280 2237 3346 ralia,
2283 3290 2337 3335 et
2382 3295 2504 3335 eum
2547 3278 2635 3350 qui
2659 3279 2920 3346 spiritalia
2954 3286 3009 3331 et
3034 3286 3231 3330 :etcma
3263 3284 3532 3339 sectatur;
3558 3288 3673 3325 ιιιο-

2085 3369 2422 3437 nendumque
2483 3384 2551 3424 ne
2624 3370 2859 3436 peritura
2906 3367 3175 3421 {lienelicia
3230 3374 3286 3419 et
3342 3365 3668 3418 transeuntis

2081 3470 2460 3530 exspectentur
2503 3476 2534 3514 a
2588 3460 2720 3525 Deo,
2772 3459 2967 3529 quibus
3017 3457 3181 3513 etiam
3234 3457 3381 3525 pravi
3427 3456 3672 3509 homims

2082 3551 2356 3608 abundare
2408 3560 2659 3619 possunt,
2714 3551 2809 3605 sed
2868 3549 3021 3602 ﬁrma
3071 3557 3126 3602 et
3171 3547 3519 3616 sempiterna,
3566 3561 3673 3613 pro

2081 3641 2276 3711 quibus
2324 3639 2681 3709 accipiendis,
2710 3640 2889 3694 omnia
2937 3653 3058 3708 quae
3086 3639 3139 3691 in
3162 3637 3273 3691 hoc
3294 3636 3497 3689 mundo
3529 3634 3669 3688 bona

2083 3739 2356 3801 putantur,
2382 3739 2438 3785 et
2458 3731 2593 3783 mala
2618 3730 2827 3796 penitus
2848 3725 3239 3782 contemnenda
3256 3734 3401 3779 sum.
3425 3724 3519 3780 liis
3539 3739 3671 3792 pra--

2076 3822 2472 3876 stantissimum
2521 3819 2651 3874 illud
2679 3828 2731 3873 et
2756 3818 2971 3872 unicum
2988 3816 3293 3883 esemplum
3318 3815 3526 3869 Domini
3548 3828 3670 3881 pro-

2082 3921 2387 3990 ponendum
2442 3928 2548 3987 est,
2598 3919 2840 3989 quicum
2871 3930 2930 3971 se
2958 3922 3036 3969 tot
3062 3908 3335 3967 miraculis
3356 3914 3556 3961 tantam
3582 3918 3671 3959 re-

2082 4030 2198 4071 rum
2219 4022 2533 4083 potestatem
2568 4011 2765 4066 habere
2780 4014 3131 4071 monSIraret,
3155 4013 3211 4058 et
3244 4017 3304 4056 ea
3328 3998 3529 4070 rpperit
3549 4011 3670 4065 qua:

2082 4123 2269 4177 magna
2288 4107 2457 4171 bona,
2478 4116 2533 4160 et
2559 4119 2620 4161 ea
2645 4104 2900 4159 sustinuit
2928 4114 3048 4171 qum
3084 4108 3275 4164 magna
3308 4090 3454 4144 situla
3493 4090 3669 4154 impe-

2083 4201 2169 4254 riti
2225 4208 2437 4267 putant;
2488 4211 2624 4267 quos
2680 4208 2859 4249 mores
2906 4202 2961 4246 et
3010 4188 3370 4257 disciplinam,
3423 4197 3492 4236 ne
3514 4187 3673 4234 tanto

2085 4290 2259 4343 minus
2311 4291 2588 4358 quisquam
2620 4285 2831 4357 aggredi
2861 4283 3078 4346 audeat,
3107 4285 3307 4348 quanto
3338 4272 3466 4329 illud
3493 4271 3672 4339 magis

2062 4379 2334 4444 honorat,
2384 4379 2533 4432 etde
2576 4373 3049 4443 pollicitationibus
3078 4378 3239 4436 amne
3277 4361 3674 4419 inﬂationibus

2083 4471 2219 4535 eius,
2243 4477 2297 4523 et
2316 4469 2384 4524 de
2406 4468 2726 4523 imitantium
2748 4468 2860 4520 mut
2869 4467 3091 4519 titndiue
3117 4458 3505 4530 apostolorum,
3523 4470 3668 4508 mar-

394 4565 657 4606 venenum
684 4562 789 4619 est,
820 4569 944 4623 spes
971 4554 1434 4623 adipiscendorum
1463 4571 1557 4614 aut
1579 4562 1979 4621 retiuendorum
2011 4556 2061 4617 υ
2085 4573 2284 4632 tyrum,
2308 4570 2724 4628 sanctorumque
2738 4554 3395 4620 inmtmerahilium,quam
3414 4562 3530 4601 non
3560 4546 3672 4601 sint

394 4643 802 4710 temporalium;
841 4648 1223 4701 nutrimentum
1256 4659 1334 4702 est
1381 4650 1519 4718 ejus,
1548 4650 1851 4708 imminutio
1877 4669 1976 4709 cn-

395 4731 667 4799 piditatis;
715 4737 994 4804 perlectio,
1042 4738 1186 4793 nulla
1213 4739 1496 4807 cupiditas.
1553 4742 1773 4811 Signum
1804 4746 1979 4811 profe-

391 4824 513 4877 ctus
542 4821 659 4892 ejus
701 4835 784 4879 est
824 4828 1049 4881 minutio
1098 4829 1337 4895 timoris;
1370 4830 1577 4900 signum
1631 4833 1977 4902 perfectionis

389 4914 510 4982 ejus
557 4914 734 4970 nullus
785 4918 966 4984 timor,
1008 4921 1133 4988 quia
1181 4929 1235 4975 et
1258 4921 1405 4976 radix
1432 4930 1516 4978 est
1542 4925 1780 4980 omnium
1811 4927 1978 4980 malo-

392 5020 510 5060 rum
559 5006 845 5077 cupiditas,
874 5019 929 5065 et
956 5024 1321 5066 consummata
1354 5014 1572 5071 dilectio
1624 5017 1765 5071 foras
1813 5020 1977 5075 mittit

391 5100 659 5155 timorem.
715 5101 966 5169 Quisquis
1011 5104 1174 5171 igitur
1226 5119 1343 5159 eam
1386 5108 1590 5162 nutrire
1631 5108 1763 5173 vult,
1816 5109 1977 5163 instet

392 5190 695 5244 minuendis
724 5192 1126 5260 cupiditatibus.
1171 5195 1265 5250 Est
1294 5206 1472 5252 autem
1520 5200 1788 5269 cupiditas
1825 5215 1975 5256 amor

389 5282 719 5350 adipiscendi
743 5292 835 5339 aut
862 5283 1135 5340 obtinendi
1168 5288 1510 5357 temporalia;
1544 5290 1702 5360 hujus
1725 5290 1970 5346 minuen-

387 5372 473 5427 da:
518 5373 731 5429 initium
775 5384 861 5429 est
914 5375 1079 5431 Deum
1114 5378 1319 5441 timere,
1352 5381 1438 5447 qui
1468 5381 1619 5435 solus
1649 5381 1825 5437 timeri
1852 5382 1972 5437 sine

387 5478 574 5519 amore
623 5480 728 5520 non
774 5474 970 5533 potest.
1022 5467 1103 5521 Ad
1161 5468 1476 5536 sapientiam
1526 5471 1669 5526 enim
1717 5471 1972 5538 tenditur,

386 5560 442 5606 et
467 5554 597 5607 nihil
627 5556 802 5610 verius
828 5571 894 5611 eo
915 5556 1055 5626 quod
1087 5556 1288 5611 dictum
1317 5568 1400 5612 est
1425 5577 1437 5611 :
1463 5560 1670 5614 Initium
1700 5562 1975 5630 sapientiae

388 5644 551 5698 timor
603 5646 808 5701 Domini
857 5660 959 5703 est.
1014 5648 1184 5704 Nerua
1212 5662 1295 5706 est
1323 5652 1521 5721 quippe
1547 5654 1633 5721 qui
1673 5668 1778 5707 non
1810 5656 1975 5721 magis

384 5732 629 5790 datorem
652 5738 816 5809 fugiat
836 5754 994 5811 quam
1017 5752 1236 5813 appetat
1255 5745 1603 5816 voluptatem,
1643 5746 1973 5819 quandoqui—

2082 4652 2171 4705 illa
2210 4651 2541 4720 desperanda
2566 4648 2957 4705 ostendendum
2977 4652 3085 4700 est.
3118 4645 3189 4699 At
3207 4640 3298 4696 ubi
3321 4638 3523 4697 fuerint
3544 4652 3670 4692 car-

2082 4742 2279 4797 nalium
2333 4744 2663 4812 voluptatum
2714 4741 2983 4796 illecebras
3028 4744 3322 4807 superata.
3370 4732 3675 4786 cavendum

2074 4845 2162 4891 est
2215 4851 2281 4890 ne
2331 4835 2585 4904 subrepat
2635 4842 2796 4903 atque
2839 4829 3090 4887 succedat
3127 4824 3401 4895 cupiditas
3422 4822 3671 4889 placendi

2080 4925 2405 4989 hominibus.
2428 4935 2519 4979 aut
2538 4939 2635 4994 per
2650 4924 2823 4993 aliqua
2844 4922 2980 4976 Creta
2998 4918 3284 4980 mirabilia,
3304 4922 3405 4969 aut
3424 4927 3518 4982 per
3533 4912 3669 4966 dini-

2083 5016 2666 5079 cilcmcontinentiam,
2702 5014 2815 5069 sive
2842 5012 3174 5080 patientiam,
3198 5020 3288 5066 ant
3306 5026 3407 5082 per
3433 5009 3667 5076 aliquam

2083 5112 2439 5179 largitionem,
2489 5118 2581 5164 aut
2604 5109 2826 5164 nomine
2854 5104 3094 5160 scientia:
3124 5105 3205 5159 vel
3236 5103 3590 5174 eloquemim;
3614 5104 3671 5159 in

2080 5215 2148 5256 eo
2206 5216 2404 5271 genere
2456 5212 2539 5256 est
2585 5209 2640 5254 et
2694 5197 2955 5267 cupiditas
3010 5196 3251 5250 honoris.
3299 5196 3497 5249 Contra
3553 5211 3681 5265 qua:

2079 5291 2256 5347 omnia
2301 5290 2641 5360 proferantur
2656 5304 2725 5344 ea
2746 5302 2866 5357 qua:
2893 5285 3092 5354 scripta
3113 5294 3241 5339 sunt
3262 5283 3332 5339 de
3354 5284 3518 5342 laude
3542 5287 3667 5340 cha-

2080 5381 2252 5437 ritatis
2293 5389 2349 5437 et
2382 5381 2449 5437 de
2497 5380 2752 5436 inanitate
2788 5377 3081 5448 jactsutic,
3113 5376 3481 5449 doceatttrque
3512 5391 3669 5447 quam

2077 5476 2149 5532 sit
2199 5476 2505 5545 pudendum
2562 5474 2641 5528 eis
2688 5473 2901 5542 placere
2932 5470 3069 5526 velle
3092 5482 3229 5538 quos
3262 5474 3401 5527 notis
3427 5470 3669 5527 imitari:

2078 5576 2170 5620 aut
2195 5565 2336 5619 enim
2380 5566 2501 5618 boni
2528 5578 2638 5618 non
2661 5571 2809 5627 sunt,
2841 5571 2893 5615 ct
2915 5560 3043 5614 nihil
3068 5574 3326 5631 magnum
3354 5574 3437 5618 est
3458 5578 3486 5614 a
3517 5559 3670 5613 ululis

2080 5656 2285 5711 laudari
2309 5673 2321 5720 ;
2348 5665 2436 5709 aut
2456 5653 2579 5709 boni
2602 5662 2747 5717 sunt,
2770 5662 2825 5707 et
2842 5666 2935 5706 eos
2952 5662 3176 5721 oportet
3202 5655 3419 5709 imitari.
3442 5650 3549 5706 Sed
3577 5649 3670 5718 qui

2081 5747 2206 5804 boni
2237 5754 2381 5817 sunt,
2413 5745 2610 5803 virtute
2637 5744 2762 5802 boni
2785 5754 2937 5811 sunt;
2970 5745 3149 5803 virtus
3168 5753 3346 5802 autem
3375 5758 3481 5800 non
3506 5755 3668 5814 appe-
