2010 3095
143 226 215 254 1085

721 206 949 245 τιιῐῖδιυιιυδ.
971 217 1048 245 cm
1068 218 1189 246 ccctn.

1709 220 1778 247 {01‘6

141 284 176 311 tit
186 282 261 317 quod
277 282 303 308 'ru
318 280 432 308 diorum
446 279 585 306 hominum
600 281 727 313 potestate
743 276 798 300 εει.
812 273 862 308 Qui
875 283 939 311 ergo
954 278 976 305 Α
990 276 1166 307 charitatem;
1183 276 1250 303 sicut
1265 275 1335 302 enini
1352 275 1426 302 radix
1454 276 1571 303 omnium
1589 276 1717 303 malorum
1732 285 1779 303 cu-

140 330 268 357 tanitatur
290 328 378 354 bonos
389 325 490 353 nullius
501 325 620 352 hominis
634 322 734 358 appetit
743 320 871 353 laudent;
894 321 938 355 qui

140 376 242 408 malos,
255 381 307 400 non
322 374 417 407 dignus
435 376 475 399 est
489 371 575 398 laude.
590 370 618 397 Si
633 373 721 396 autem
737 367 844 402 placere
854 366 941 394 homi-

992 322 1099 357 piditas,
1114 322 1149 349 ita
1165 322 1237 349 radix
1262 322 1381 348 onmiutn
1395 322 1526 349 bonorum
1540 322 1667 349 cltaritas.
1685 320 1780 349 Totam

991 367 1201 402 magnitudinem
1223 372 1251 394 et
1262 366 1432 394 latitudinem
1447 367 1598 394 divinorum
1613 367 1781 402 eloquiorum

142 423 291 451 nibusideo
302 423 355 453 vis,
366 426 393 448 ut
408 422 447 448 eis
459 420 545 455 prosis
554 420 586 446 ad
596 418 761 452 diligendum
775 417 871 449 Deum,
884 423 937 442 non
977 419 1071 440 secura
1086 412 1207 447 possidet
1230 411 1358 444 charitas,
1376 412 1438 446 quia
1456 411 1537 438 Deum
1557 411 1766 446 proximumque

143 468 199 504 iam
216 468 277 500 hoc,
299 468 345 494 sed
360 466 431 493 aliud
446 467 536 500 cupis;
561 466 605 500 qui
621 470 709 492 autem
728 464 833 498 placere
856 463 940 495 cupit,

144 514 329 541 necessarium
343 512 431 539 adhuc
458 511 538 538 habet
554 511 689 542 timorem,
711 509 825 543 primum
848 516 881 535 ne
895 515 942 535 oc-

144 559 219 587 culte
246 558 381 593 peccando
395 558 464 584 inter
479 556 633 591 hypocritas
643 563 658 582 ε
672 555 786 583 Domino
804 560 943 588 compute-

145 610 210 637 ωτι
232 604 342 635 deinde,
363 603 387 630 si
414 602 560 630 benefactis
584 602 690 636 placere
704 600 817 634 appetit,
832 604 860 627 et
871 599 942 626 hanc

146 651 301 677 mercedem
327 655 475 682 aucupans,
489 647 585 681 perdat
595 645 666 681 quod
680 646 790 672 daturus
804 650 846 672 est
861 645 941 672 Deus.

147 693 205 722 Sed
221 694 325 721 devicta
347 693 396 720 ista
422 692 577 727 cupiditate,
603 690 721 719 cavenda
743 690 868 724 superbia
883 694 942 722 est,

146 739 259 766 difficile
273 739 343 765 enim
365 742 407 765 est
428 741 457 764 ut
472 737 596 771 dignetur
612 735 762 763 consociari
777 735 943 766 hominibus,

147 784 195 819 qui
207 784 245 812 eis
262 783 366 818 placere
378 783 434 818 j.un
451 790 502 808 non
517 781 663 811 desiderat.
680 785 707 808 et
722 780 830 814 plenum
841 787 870 807 se
886 779 943 806 vir-

147 829 251 856 tutibus
266 832 353 863 putat.
367 828 460 861 Itaque
474 826 561 854 adhuc
574 826 739 853 necessarius
754 831 795 852 est
804 825 898 857 timor,
911 832 944 851 ne

147 874 215 902 illud
226 874 306 901 etiam
318 872 387 907 quod
403 872 506 899 vldetur
522 870 633 903 habere,
648 870 785 897 auferatur
811 869 845 897 ab
859 876 902 901 eo,
917 873 944 896 et

147 920 275 948 manibus
289 927 320 947 ac
334 918 449 954 pedibus
459 918 547 952 ligatis
558 917 678 943 mittatur
691 916 718 943 iu
733 916 858 943 tenebras
868 920 944 943 exte-

991 457 1136 490 diligimus.
1148 458 1230 485 Docet
1242 458 1313 484 enim
1329 465 1378 484 ttos
1392 457 1511 485 celestis
1523 466 1591 485 unus
1606 457 1741 492 Magister,
1754 462 1782 485 et

992 503 1056 530 dicit
1064 510 1071 530 :
1079 502 1178 537 Diliges
1188 502 1327 529 Dominum
1341 502 1422 528 Deum
1435 507 1508 528 tutnn
1519 509 1552 528 ex
1565 506 1620 529 toto
1630 501 1711 529 corde
1724 507 1781 534 tuo,

992 551 1019 574 et
1033 554 1064 575 ex
1081 551 1137 574 tota
1150 547 1238 574 anima
1255 551 1345 579 tna,et
1358 554 1391 574 es
1407 551 1462 573 tota
1478 551 1568 574 mente
1583 551 1672 579 tua,et
1685 547 1782 582 diliges

994 592 1144 625 prosimnm
1172 597 1245 618 tuum
1273 596 1399 626 tanquam
1422 592 1539 625 teipsutn-
1556 601 1563 618 :
1580 593 1606 619 in
1624 592 1665 618 his
1677 592 1782 620 duobus

993 636 1134 671 praeceptis
1161 641 1215 664 tota
1230 637 1271 664 lex
1292 637 1390 671 pendet
1410 642 1437 664 et
1453 638 1599 671 prophetat.
1611 637 1639 664 Si
1651 645 1714 672 ergo
1730 645 1784 664 non

993 687 1069 710 vacat
1091 690 1186 710 omnes
1201 684 1312 718 paginas
1326 688 1433 710 sanctas
1448 684 1622 718 perscrutari,
1632 685 1722 711 onmia
1738 684 1782 711 in-

993 728 1101 755 volucra
1113 736 1265 756 sermonum
1282 728 1416 763 evolvere,
1432 729 1520 756 omnia
1532 729 1732 763 Scripturarum
1743 737 1785 758 se-

993 778 1066 800 creta
1077 779 1234 808 penetrare;
1249 779 1311 803 tene
1320 775 1480 802 charitatcm
1493 775 1536 802 ubi
1548 775 1665 810 pendent
1676 776 1783 803 omnia:

995 820 1030 847 ita
1059 820 1161 847 tenebis
1187 819 1259 855 quod
1282 820 1316 848 ibi
1339 820 1471 853 didicisti;
1498 821 1601 848 tenebis
1616 821 1697 848 etiam
1713 821 1785 855 quod

994 866 1112 893 nondum
1128 866 1256 894 didicisti.
1272 867 1300 894 Si
1323 867 1393 895 enim
1409 866 1478 894 nosti
1497 867 1670 901 charitatem,
1687 867 1787 901 aliquid

995 913 1078 946 nosti,
1089 912 1160 940 unde
1173 917 1200 940 et
1220 913 1284 941 illud
1310 913 1406 947 pendet
1421 912 1492 946 qttod
1509 912 1580 940 forte
1588 921 1640 941 non
1657 913 1743 945 nosti;
1759 918 1786 940 et

148 966 247 993 riores.
260 952 428 998 Quapropter
441 963 486 990 Dei
503 963 583 990 timor
598 969 650 988 non
666 961 751 988 solum
762 960 882 992 inchoat,
896 959 942 987 sed
960 952 983 981 Β
996 958 1022 984 in
1036 966 1070 985 eo
1093 959 1163 992 quod
1180 958 1206 985 in
1232 957 1377 990 Scripturis
1391 957 1518 993 intelligis
1532 958 1646 985 charitas
1662 962 1744 992 pater,
1759 963 1787 985 et

148 1010 231 1045 etiam
257 1009 360 1044 perlicit
383 1009 545 1043 sapientem;
572 1008 594 1035 is
604 1011 647 1034 est
674 1011 764 1033 autem
778 1006 824 1041 qui
839 1013 944 1033 summe

152 1056 234 1091 106
246 1055 334 1089 diligit
357 1054 440 1081 Deum
464 1058 490 1080 et
503 1052 654 1087 proximum
675 1056 800 1085 tanquam
815 1049 943 1084 seipsum.

149 1103 219 1135 Quae
241 1105 330 1128 autem
355 1100 380 1127 in
402 1099 453 1126 hoc
475 1098 571 1125 itinere
586 1096 702 1130 pericula
718 1094 945 1128 difficultati-smne

151 1145 308 1174 metuendae
321 1145 384 1177 sint.
400 1149 428 1172 et
442 1143 538 1179 quibus
551 1141 678 1170 remediis
691 1141 729 1169 uti
744 1145 875 1176 oporteat,
893 1139 945 1167 alia

149 1191 266 1227 qumstio
280 1195 332 1219 est.

421 1222 533 1251 CAPUT
547 1221 666 1250 CCCLll.

361 1269 454 1298 Sentio
463 1269 496 1296 le
506 1267 583 1295 laude
595 1266 741 1294 alacritatis.

191 1328 348 1356 Divinarum
358 1326 555 1360 Scripturarum
568 1322 742 1358 multiplicem
754 1321 943 1350 abundantiam

150 1373 365 1406 tutissimumque
390 1370 550 1401 doctrinam,
563 1368 622 1395 siue
646 1367 700 1394 ullo
714 1374 807 1394 errore
821 1373 945 1398 compre—

150 1417 258 1449 hendit,
269 1421 297 1444 et
309 1416 367 1443 sine
380 1415 435 1442 ullo
445 1414 535 1441 labore
550 1412 677 1444 custodit,
688 1411 766 1446 cujus
779 1419 825 1438 cur
838 1411 945 1445 plenum

150 1467 194 1491 est
206 1462 351 1494 charitate,
367 1460 472 1487 dicente
486 1458 615 1493 Apostolo
630 1466 636 1483 :
649 1456 788 1484 Plenitudo
802 1460 892 1483 autem
907 1456 947 1483 le-

152 1508 196 1543 gis
223 1507 286 1543 [est]
299 1506 431 1537 charitas;
456 1508 483 1532 et
512 1504 565 1530 alio
581 1503 641 1530 loco
657 1511 664 1529 :
680 1502 754 1529 Finis
774 1506 864 1529 autem
879 1508 947 1536 pra:-

151 1554 225 1589 cepti
236 1558 278 1580 est
292 1550 460 1583 charitas,de
469 1550 549 1577 corde
561 1552 671 1583 puro,et
683 1547 846 1575 coitscieutia
866 1546 946 1578 bima,

152 1605 182 1627 et
196 1599 250 1627 fide
275 1606 328 1626 non
342 1598 413 1625 ficta.
428 1596 495 1630 Quid
510 1594 597 1632 [Quis]
612 1600 654 1622 est
668 1599 757 1621 autem
773 1592 900 1628 ιιι-ποι)ιί
917 1593 947 1619 li-

995 1002 1022 1029 in
1037 1009 1072 1030 eo
1082 1002 1154 1037 quod
1167 1009 1221 1029 non
1236 1002 1361 1036 intelligis
1369 1002 1485 1029 charitas
1500 1004 1574 1029 latet.
1589 1003 1636 1029 l'lle
1649 1004 1738 1037 itaque
1748 1007 1787 1030 te-

996 1051 1042 1074 net
1058 1051 1085 1074 et
1098 1046 1169 1082 quod
1194 1052 1267 1080 patet
1281 1051 1309 1075 et
1320 1047 1392 1081 quod
1418 1047 1483 1075 latet
1497 1048 1524 1074 in
1537 1047 1637 1075 divinis
1651 1049 1784 1075 sermoni-

996 1091 1057 1125 bus,
1070 1093 1115 1127 qui
1141 1092 1297 1120 charitatcm
1313 1097 1385 1120 tenet
1408 1093 1435 1119 in
1463 1092 1593 1121 moribus.
1606 1093 1788 1127 Quapropter,

997 1136 1104 1170 fratres,
1115 1137 1252 1165 sectamini
1264 1137 1433 1170 charitatem,
1444 1137 1521 1166 dulce
1530 1145 1562 1165 ac
1575 1138 1685 1165 salubre
1696 1138 1788 1165 vincu-

991 1183 1051 1210 ‘lum
1062 1183 1202 1216 mentium,
1212 1182 1271 1209 sine
1281 1190 1332 1217 qua
1341 1183 1420 1210 dives
1431 1189 1531 1217 pauper
1542 1187 1593 1215 est,
1604 1187 1630 1210 et
1641 1182 1725 1217 [cum]
1733 1190 1790 1217 qua

996 1235 1096 1263 pauper
1109 1227 1184 1255 dives
1208 1232 1259 1255 est.
1283 1228 1345 1255 llaec
1360 1228 1387 1255 in
1413 1228 1618 1255 adversitatihus
1634 1228 1739 1259 tolerat,
1757 1228 1789 1255 iu

994 1272 1218 1308 prosperitatibus
1229 1273 1403 1307 temperat,in
1418 1271 1492 1300 duris
1506 1271 1674 1307 passionibns
1695 1271 1782 1304 fortis,

997 1319 1023 1346 in
1038 1318 1116 1346 bonis
1140 1318 1268 1353 operibus
1282 1318 1385 1351 hilaris,
1398 1318 1425 1345 in
1439 1318 1586 1345 tentatione
1599 1316 1743 1349 tritissima,
1760 1317 1789 1343 in

997 1365 1180 1400 hospitalitate
1201 1364 1341 1396 latissima,
1356 1364 1427 1392 inter
1437 1370 1515 1391 veros
1530 1363 1625 1390 fratres
1638 1363 1790 1395 latissima,

997 1411 1066 1438 inter
1075 1410 1157 1438 falsos
1165 1410 1371 1445 patientissima;
1379 1410 1476 1437 inAbel
1482 1416 1531 1444 per
1537 1408 1787 1443 sacrificiumgrata,

998 1456 1024 1483 in
1040 1455 1097 1483 Noe
1115 1463 1162 1490 per
1177 1455 1303 1482 diluvium
1326 1462 1433 1487 secura,
1450 1454 1476 1481 in
1497 1453 1611 1481 Abrahae
1633 1451 1788 1488 peregrina-

998 1502 1069 1528 tione
1095 1501 1262 1533 litlelissima,
1275 1501 1302 1527 in
1326 1500 1416 1535 Moyse
1429 1499 1499 1526 inter
1511 1497 1626 1533 injurias
1636 1497 1786 1529 lenissima,

998 1546 1024 1574 in
1052 1546 1133 1574 David
1160 1546 1376 1574 tribulationibus
1403 1545 1636 1577 mansuetissima;
1659 1544 1686 1571 in
1704 1544 1789 1570 tribus

998 1590 1089 1626 pueris
1114 1590 1226 1618 blandos
1249 1590 1323 1625 ignes
1339 1590 1494 1617 innocenter
1507 1593 1610 1623 spectat
1621 1610 1629 1621 ,
1643 1589 1669 1616 in
1681 1588 1788 1616 Macha-

153 1644 266 1676 nis,nisi
279 1642 404 1677 praecepti
419 1628 621 1674 adimpleiio,et
634 1639 747 1674 qniulest
762 1646 793 1673 pr
800 1639 887 1670 ccepti
900 1638 946 1665 ad-
961 1628 985 1659 ε
1001 1636 1065 1663 ιιεείς
1086 1643 1176 1663 s:evos
1192 1635 1266 1670 ignes
1284 1635 1389 1662 fortiter
1399 1635 1515 1667 tolerat;
1531 1638 1605 1662 casta
1628 1634 1654 1661 in
1667 1634 1789 1661 Susanna

153 1691 287 1726 ltnpletio,
302 1689 353 1717 nisi
377 1688 444 1723 legis
469 1686 628 1721 plenitudo?
642 1685 718 1720 Quod
733 1692 797 1718 ergo
818 1684 854 1710 ibi
867 1683 947 1716 dixit,

154 1736 299 1765 Plenitudo
320 1735 388 1769 legis
413 1731 477 1769 [est]
497 1731 624 1761 charitas,
641 1732 690 1757 hoc
703 1730 785 1757 etiam
799 1729 844 1756 hic
869 1728 947 1762 dixit,

157 1782 234 1809 Finis
256 1779 384 1815 ιιι-τοδε)ιί
407 1783 449 1806 est
461 1777 590 1805 charitas.
606 1775 660 1803 Nec
673 1774 787 1802 dubitari
802 1773 856 1800 ullo
869 1773 949 1800 modo

155 1831 246 1863 potest
260 1826 331 1861 quod
358 1824 484 1859 templum
509 1822 555 1850 Dei
577 1822 612 1849 sit
627 1821 707 1849 homo
730 1821 757 1847 in
780 1827 833 1854 qtto
847 1819 950 1846 habitat

154 1872 290 1904 charitas;
305 1870 369 1899 dicit
382 1870 454 1897 enim
469 1873 495 1898 et.
509 1868 626 1895 Joannes
639 1874 647 1893 :
664 1866 733 1892 Deus
747 1865 868 1892 charitas
896 1868 948 1891 est.

157 1919 223 1946 llaec
236 1922 327 1945 autem
341 1916 462 1943 dicentes
472 1913 604 1948 Apostoli,
618 1916 645 1939 et
660 1911 737 1938 nobis
750 1910 890 1938 charitatis
903 1917 950 1936 ex-

156 1963 310 1992 cellentiam
321 1960 549 1991 commendantes.
559 1967 611 1986 non
624 1958 715 1991 utique
725 1956 809 1989 aliud,
820 1956 870 1983 nisi
879 1954 949 1990 quod

156 2009 342 2039 consederant,
357 2011 480 2033 ructuare
498 2008 649 2039 potuerunt.
665 2002 724 2036 Ipse
738 2001 837 2036 quippe
856 2000 950 2027 Domi-

157 2062 211 2083 nus
226 2060 342 2088 pascens
356 2059 403 2079 eos
415 2051 496 2079 verbo
507 2049 612 2083 salutis,
628 2048 710 2075 verbo
722 2045 949 2080 cbaritatis,quod

156 2104 201 2127 est
215 2100 274 2134 ipse
294 2098 369 2132 panis
384 2098 461 2124 vivus
475 2096 519 2131 qui
533 2095 566 2122 de
589 2094 659 2122 cmlo
673 2093 831 2121 descendit:
844 2092 951 2118 Manda-

157 2150 230 2178 tum,
245 2143 342 2178 inquit,
359 2149 458 2169 novum
478 2140 514 2168 do
529 2139 615 2171 vobis,
629 2142 658 2165 ut
668 2145 716 2165 vos
729 2136 842 2164 invicem
858 2135 951 2169 diliga-

158 2191 215 2221 tis;
230 2194 258 2216 et
283 2189 390 2226 iter-uin,
407 2187 435 2214 In
463 2186 514 2213 hoc
536 2184 622 2212 scient
641 2189 735 2211 omnes
750 2182 812 2217 quia
827 2181 951 2216 discipuli

158 2236 215 2264 mei
227 2234 304 2267 estis,
316 2234 338 2260 si
351 2240 398 2260 vos
411 2231 522 2259 invicem
534 2229 692 2258 dilexeritis.
706 2229 752 2256 Ille
765 2228 836 2255 enim
848 2229 892 2263 qui
907 2235 951 2255 ve-

159 2281 202 2309 nit
228 2288 276 2315 per
298 2279 386 2307 crucis
412 2277 580 2308 irrisionem,
595 2275 685 2303 carnis
710 2273 839 2309 perimere
861 2280 952 2300 corru-

999 1690 1062 1718 erga
1085 1681 1190 1713 virum;
1213 1682 1240 1708 in
1264 1680 1340 1708 Anna
1357 1684 1416 1715 post
1430 1679 1569 1712 virum,in
1598 1679 1679 1706 Maria
1692 1684 1790 1713 praeter

999 1728 1101 1761 virum;
1114 1728 1196 1756 libera
1209 1728 1236 1755 in
1250 1727 1332 1755 Paulo
1342 1726 1375 1753 ad
1387 1725 1565 1760 argnendum,
1579 1724 1686 1752 humilis
1700 1725 1726 1751 in
1742 1724 1791 1752 Pe-

1001 1777 1042 1801 tt‘o
1056 1774 1089 1800 ad
1103 1773 1283 1801 obedieudum
1298 1794 1306 1805 ,
1319 1773 1432 1799 humana
1445 1772 1473 1798 in
1486 1771 1645 1799 Christianis
1660 1770 1693 1797 ad
1707 1771 1792 1797 conli-

1002 1819 1123 1851 tendum,
1137 1819 1228 1846 divina
1240 1819 1267 1846 in
1280 1818 1386 1845 Christo
1397 1817 1435 1847 ad,
1445 1816 1649 1852 ignoscendum.
1662 1816 1714 1843 Sed
1729 1816 1792 1850 quid

1000 1872 1051 1899 ego
1064 1864 1098 1891 de
1112 1864 1242 1891 cbaritate
1266 1863 1352 1897 majus
1366 1867 1411 1889 aut
1432 1862 1542 1889 uberius
1565 1868 1675 1895 possu
1689 1860 1791 1892 dicere,

1000 1917 1078 1943 quam
1088 1916 1154 1942 quas
1161 1915 1207 1943 per
1213 1915 1243 1934 os
1249 1907 1369 1941 Apostoli
1377 1906 1467 1933 laudes
1475 1906 1533 1940 ejus
1540 1906 1642 1932 intonat
1650 1904 1789 1936 Dominus,

1000 1954 1247 1989 supereminentem
1259 1953 1328 1978 viam
1340 1951 1549 1979 demonstrantis
1560 1956 1639 1984 atque
1651 1949 1766 1977 dicentis
1780 1957 1788 1976 :

1001 1998 1029 2027 Si
1052 1998 1151 2033 linguis
1167 1997 1304 2024 hominum
1330 1996 1424 2031 loquar
1434 2016 1441 2028 ,
1455 1999 1483 2023 et
1495 1995 1660 2030 angelorum,
1674 1994 1792 2022 cbarita-

1002 2048 1055 2071 tem
1068 2048 1158 2070 autem
1171 2049 1222 2069 non
1235 2041 1359 2073 habeam,
1375 2041 1463 2068 iactus
1475 2047 1534 2067 sum
1553 2044 1727 2067 atramentum
1742 2046 1790 2066 so-

1002 2095 1087 2119 nans,
1103 2092 1130 2115 et
1145 2086 1296 2122 cymbalum
1311 2085 1445 2117 tinuiens;
1462 2089 1490 2112 et
1504 2084 1527 2111 si
1550 2083 1668 2111 habuero
1680 2083 1793 2118 prophe-

1002 2133 1076 2166 tiam,
1096 2136 1123 2159 et
1133 2132 1220 2159 sciero
1243 2131 1332 2159 omnia
1345 2135 1523 2160 sacramenta,
1537 2133 1564 2156 et
1579 2135 1686 2156 omnem
1702 2129 1793 2155 scien-

1003 2178 1065 2205 tiam
1079 2185 1087 2209 ;
1102 2181 1130 2204 et
1144 2177 1166 2204 si
1190 2176 1309 2203 habuero
1335 2182 1443 2202 omnem
1461 2174 1539 2201 iidem
1552 2196 1559 2208 ,
1584 2174 1620 2201 ita
1636 2177 1665 2200 ut
1688 2179 1793 2201 montes

1002 2224 1180 2255 transferam,
1203 2222 1361 2250 charitatetn
1390 2227 1478 2248 autent
1500 2229 1551 2247 non
1581 2219 1703 2252 habeam,
1727 2219 1794 2247 nihil

1003 2270 1068 2297 mihi
1082 2269 1200 2304 prodest.
1216 2268 1338 2296 Charitas
1348 2267 1519 2301 magnanima
1534 2270 1585 2297 est,
1602 2265 1716 2300 benigna
1731 2269 1792 2297 est;

160 2310 296 2362 ptioriem,
310 2328 338 2351 et
359 2326 518 2351 vetustatem
534 2320 632 2348 vinculi
654 2320 749 2347 mortis
768 2323 866 2346 nostra:
876 2339 883 2351 ,
897 2325 953 2345 sua:
968 2310 992 2340 ο
1003 2317 1121 2343 cbaritas
1134 2323 1187 2342 non
1200 2314 1352 2346 tumulatur,
1369 2321 1421 2340 non
1443 2312 1496 2347 agit
1508 2319 1661 2346 perperam,
1677 2319 1730 2338 non
1754 2310 1795 2338 in-

158 2372 258 2400 mortis
282 2370 399 2397 novitate
422 2368 582 2398 dissolvere,
594 2366 720 2393 mandato
744 2372 813 2392 novo
829 2364 952 2392 fecitho-

160 2418 263 2446 tninem
284 2423 394 2443 novum.
411 2415 464 2442 llcs
483 2413 556 2441 enim
570 2417 647 2440 vetus
658 2417 715 2439 erat
732 2417 759 2437 ut
775 2412 854 2437 homo
866 2419 953 2438 more-

160 2467 256 2495 retur;
275 2460 347 2496 quod
364 2468 396 2487 ne
410 2466 516 2493 semper
526 2458 624 2485 valeret
650 2456 676 2484 in
692 2456 811 2488 homine,
828 2463 870 2483 res
886 2463 953 2482 nova

160 2510 236 2538 facta
255 2512 312 2540 est,
328 2512 356 2535 ut
382 2507 452 2534 Dens
476 2509 634 2533 moreretur.
657 2503 711 2532 Sed
738 2502 800 2537 quia
821 2502 848 2529 iu
873 2510 955 2529 carne

162 2560 289 2584 mortuus
303 2559 355 2586 est,
370 2561 424 2580 non
441 2553 466 2579 in
480 2551 629 2582 divinitate,
643 2557 690 2584 per
710 2549 899 2584 sempiternam
913 2547 954 2575 vi-

161 2607 220 2629 tam
233 2599 381 2627 divinitatis
394 2605 446 2624 non
468 2596 588 2631 permisit
602 2603 663 2623 esse
676 2595 870 2629 sempiternum
885 2594 955 2622 inte-

164 2647 252 2675 ritum
266 2645 365 2672 carnis.
381 2644 484 2675 Itaque,
497 2643 566 2669 sicut
578 2641 644 2668 dicit
656 2639 801 2673 Apostolus
816 2647 823 2665 :
839 2639 956 2666 Mortuus

162 2695 210 2719 cst
222 2695 331 2726 propter
343 2689 439 2716 delicta
453 2692 543 2714 nostra
552 2706 560 2719 ,
575 2691 602 2713 et
617 2684 766 2712 resurrexit
781 2689 889 2719 propter
899 2683 956 2718 jus-

162 2736 343 2764 tilicatlonem
367 2737 498 2760 nostram.
511 2730 560 2764 Qui
571 2737 635 2764 ergo
649 2734 742 2756 contra
758 2728 851 2755 mortis
866 2733 957 2755 vetns.

164 2786 252 2809 tatem
276 2779 364 2806 attulit
386 2778 447 2805 vita:
460 2777 616 2807 novitatem,
631 2775 688 2809 ipse
702 2779 794 2802 contra
810 2777 886 2801 vetus
897 2780 957 2808 pec-

164 2830 258 2854 catum
272 2824 382 2859 opponit
401 2830 499 2850 novum
512 2820 678 2849 tnandatum.
693 2819 860 2854 Quapropter
881 2819 956 2852 quis-

164 2873 230 2907 quis
244 2878 320 2899 vetns
340 2875 478 2905 peccatum
494 2868 533 2895 vis
544 2867 733 2901 exstinguere,
750 2865 878 2893 mandato
892 2871 958 2891 novo

165 2919 311 2954 exstingui:
321 2916 506 2953 cupiditatem,
517 2914 596 2943 etiam
610 2912 728 2949 plectere
743 2912 780 2951 [et
789 2910 960 2945 amplectere]

1004 2361 1100 2393 ﬂatur,
1115 2368 1166 2387 non
1195 2359 1396 2387 dehonestatur.
1415 2365 1467 2384 non
1477 2356 1572 2391 qumrit
1587 2362 1646 2390 quas
1659 2362 1707 2383 sua
1719 2360 1796 2387 sunt,

1006 2414 1058 2434 non
1071 2405 1197 2437 irritatur,
1215 2412 1266 2432 non
1283 2404 1381 2438 cogitat
1393 2402 1500 2434 malum,
1515 2409 1568 2428 non
1592 2400 1691 2436 gaudet
1714 2407 1797 2435 super

1005 2452 1154 2487 iniquitate,
1168 2449 1317 2485 congaudet
1330 2454 1420 2475 autem
1441 2448 1558 2475 veritati.
1577 2447 1672 2474 Omnia
1687 2446 1795 2478 tolerat,

1006 2498 1095 2526 omnia
1111 2497 1206 2529 credit,
1222 2496 1311 2524 omnia
1333 2500 1433 2529 sperat,
1450 2493 1539 2521 omnia
1554 2493 1666 2525 snﬂ‘ert;
1680 2493 1797 2520 charitas

1007 2551 1142 2578 nunquam
1155 2541 1236 2570 cadit.
1263 2542 1366 2575 Quanta
1393 2544 1433 2567 est
1445 2539 1509 2566 ista?
1523 2539 1617 2566 Anima
1634 2538 1795 2569 litterarum,

1008 2589 1154 2624 prophetim
1176 2588 1270 2617 virtus.
1296 2590 1524 2613 Sacrarncntornm
1552 2584 1624 2609 salus
1641 2604 1647 2615 ,
1676 2582 1796 2609 scientia:

1006 2633 1223 2663 solidamentum,
1245 2630 1304 2658 ﬁdei
1321 2631 1432 2660 fructus,
1446 2629 1545 2656 divitiae
1568 2635 1726 2662 pauperum,
1743 2627 1794 2651 vita

1002 2673 1189 2701 morientium!
1212 2672 1281 2706 Quid
1298 2678 1350 2700 tam
1373 2675 1570 2708 magnanimum
1586 2681 1664 2708 qnam
1685 2681 1732 2707 pro
1745 2681 1795 2700 tm-

1002 2718 1053 2753 piis
1064 2718 1150 2746 mori?
1164 2718 1228 2754 quid
1243 2722 1296 2745 tam
1311 2720 1451 2753 benignum
1467 2727 1544 2753 quam
1556 2723 1583 2746 et
1595 2718 1718 2746 inimicos
1733 2719 1796 2747 dili—

1001 2765 1155 2800 gereISola
1179 2770 1310 2800 estquam
1327 2766 1438 2792 felicitas
1465 2772 1512 2792 sua
1528 2773 1581 2791 non
1596 2765 1714 2796 extollit,
1730 2767 1795 2801 quia

1002 2820 1055 2840 non
1076 2811 1202 2845 inflatur;
1218 2812 1275 2839 sola
1301 2818 1341 2838 est
1370 2820 1447 2845 quam
1473 2811 1640 2838 conscientia
1657 2812 1725 2838 mala
1741 2819 1795 2839 non

1003 2858 1104 2893 pnngit,
1120 2859 1180 2893 quia
1195 2867 1247 2886 non
1261 2858 1314 2892 agit
1337 2865 1486 2891 perperam.
1500 2857 1574 2885 luler
1596 2859 1741 2893 opprobria
1751 2866 1795 2886 se-

1000 2912 1065 2932 cura
1093 2909 1145 2936 cst,
1159 2904 1228 2932 inter
1252 2904 1310 2931 odia
1328 2904 1446 2931 benefica
1462 2909 1513 2939 est,
1529 2905 1598 2933 inter
1619 2905 1673 2933 iras
1688 2905 1795 2941 placida
