4030 6554
300 458 305 461 τ
384 455 525 464 α’...-
554 457 639 464 Ἰ--ι-
656 457 753 465 ——-
766 456 811 465 -σ-
825 459 849 465 -ν
1086 459 1457 473 m
1570 465 1619 474 ...η
1761 467 2371 482 ...τ-..η---ω-ς-ν-..ς-κ...
2412 470 2554 482 -..φ-ηπ.-

338 499 390 505 τ--
407 497 613 508 -α-υ--Δ
787 499 957 511 ...ιον-
982 503 1081 513 ..-
1118 505 1188 513 ...ο

1283 746 2465 930 ΡΒᾸΕΡΑΤΙΟ

282 1242 496 1369 AD
576 1247 1356 1379 HOMILIAS
1439 1252 1569 1382 s.
1651 1202 2314 1390 JOANNIS
2399 1263 3535 1397 CHRY'SOSTOMI

958 1700 1070 1779 IN
1126 1697 1721 1782 EPISTOLAM
1786 1708 2091 1785 PAULI
2147 1711 2282 1787 AD
2340 1710 2865 1794 EPHESIOS.

370 2453 573 2515 luna
604 2452 943 2515 selectiora
979 2453 1261 2517 doctoris
1292 2454 1496 2517 nostri
1535 2457 1603 2517 in
1646 2456 1963 2534 Epistolas
1996 2458 2171 2520 Pauli
2211 2462 2662 2523 commentaria
2695 2464 2947 2525 censeri
2979 2464 3217 2528 debent
3249 2468 3545 2532 Homilies

286 2578 360 2638 in
398 2577 746 2655 Epistolam
791 2576 865 2638 ad
917 2575 1268 2654 Ephesios;
1300 2587 1435 2638 tum
1465 2576 1620 2655 quia
1666 2576 1733 2638 in
1779 2577 1879 2639 bis
1928 2595 2029 2639 res
2061 2578 2333 2641 uberius
2378 2582 2709 2659 expendit,
2741 2591 2804 2644 et
2842 2584 3113 2663 explicat
3146 2591 3543 2670 accuratius;

292 2716 436 2767 tum
478 2705 630 2785 quia
676 2704 875 2766 multa
924 2711 985 2764 et
1025 2703 1379 2783 singularia
1421 2703 1661 2781 passim
1707 2702 1970 2775 indicat,
2015 2720 2161 2783 quae
2190 2704 2439 2780 possint
2466 2710 2577 2767 aut
2610 2706 2683 2766 ad
2724 2706 2968 2769 beatam
2997 2715 3108 2771 aut
3135 2711 3216 2772 ad
3245 2713 3543 2779 miseram

298 2829 495 2891 vitam
525 2845 650 2890 non
685 2843 909 2906 parum
940 2826 1166 2887 afferre
1194 2823 1523 2887 momenti.

383 2993 642 3055 Orditur
684 3001 900 3053 autem
947 2991 1024 3053 ab
1068 2989 1320 3069 Epheso
1364 2988 1547 3063 urbe,
1582 3003 1773 3068 quam
1828 2992 1897 3049 ut
1931 2988 2101 3049 Asiae
2145 2988 2529 3065 metropolin
2566 2989 2864 3054 celebrat.
2918 2996 3244 3055 Auxerant
3277 2996 3547 3060 celebri-

293 3124 489 3179 tatem
528 3116 733 3195 primo
766 3117 827 3179 S.
860 3118 1140 3177 Joannes
1179 3112 1592 3191 evangelista,
1638 3111 1874 3173 deinde
1921 3109 2325 3184 Timotheus,
2358 3111 2471 3189 qui
2521 3112 2665 3174 istic
2703 3112 2891 3175 sedes
2937 3126 3304 3193 posuerant.
3355 3121 3544 3183 Fama

293 3257 417 3318 per
455 3238 672 3300 orbem
726 3244 871 3300 nota
903 3244 1035 3298 erat
1075 3235 1367 3314 Ephesus
1411 3252 1446 3296 a
1473 3233 1652 3296 cultu
1685 3233 1920 3309 Dianae,
1953 3250 2146 3313 quam
2195 3234 2535 3312 Ephesiam
2584 3236 2909 3311 vocabant,
2955 3247 3146 3319 atque
3193 3259 3227 3303 a
3267 3243 3550 3321 philoso-

295 3361 575 3441 phorum
615 3361 936 3441 plurimis,
977 3362 1091 3441 qui
1122 3360 1259 3423 illic
1306 3369 1692 3434 manserant,
1750 3378 1783 3421 a
1815 3360 2165 3439 Pythagora
2207 3356 2443 3431 Samio,
2487 3374 2523 3420 ει
2556 3360 2957 3436 Parmenide,
3004 3364 3286 3439 Zenone,
3324 3368 3549 3429 Demo-

294 3488 465 3547 crito
499 3506 513 3545 :
545 3483 845 3562 additque
880 3481 1398 3561 Chrysostomus,
1431 3482 1638 3543 adhuc
1668 3498 1787 3542 suo
1824 3488 2110 3560 tempore
2143 3478 2565 3559 philosophos
2596 3481 2831 3562 Ephesi
2867 3485 3231 3549 considere.

384 3653 522 3712 Jam
552 3650 862 3730 quaeritur
888 3666 1003 3729 pro
1038 3666 1212 3711 more
1241 3647 1679 3711 Antiochia-me
1710 3667 1787 3710 au
1822 3646 2375 3728 Constantinopoli
2408 3646 2637 3710 habitae
2662 3645 2907 3712 fuerint
2939 3652 3283 3716 conciones
3308 3655 3371 3717 in
3404 3658 3553 3733 Epi-

296 3773 536 3835 stolam
568 3774 646 3835 ad
676 3772 1013 3852 Ephesios.
1047 3773 1369 3849 Optimum
1392 3770 1484 3834 Cl.
1510 3773 1587 3834 V.
1614 3771 2065 3836 Tillemontius
2089 3773 2331 3852 profert
2361 3782 2806 3853 argumentum
2831 3774 2909 3835 ad
2943 3776 3338 3853 probandum
3364 3780 3549 3843 hasce

302 3897 602 3962 homilias
633 3898 987 3960 Antiochia;
1020 3898 1219 3961 dictas
1265 3895 1513 3959 fuisse:
1552 3896 1701 3975 quia
1733 3914 1961 3976 nempe
1998 3899 2065 3962 in
2100 3899 2363 3963 homilia
2398 3900 2733 3963 undecima
2771 3902 3079 3966 acerrime
3110 3905 3439 3969 invehitur
3482 3908 3550 3970 in

298 4037 442 4096 eos,
475 4021 583 4100 qui
616 4019 965 4081 Ecclesiam
1000 4020 1069 4082 in
1097 4038 1219 4101 qua
1252 4021 1365 4083 ille
1390 4033 1545 4084 tunc
1576 4021 2097 4099 coucionabatur,
2130 4022 2527 4097 scindebant,
2578 4025 2778 4104 inque
2818 4026 3104 4089 diversas
3148 4037 3354 4106 partes
3384 4030 3555 4094 divi-

302 4155 519 4204 serant
550 4149 613 4202 et
655 4142 933 4204 schisma
962 4144 1343 4219 effecerant;
1375 4145 1438 4206 id
1473 4144 1647 4224 quod
1676 4144 1753 4205 de
1792 4143 2073 4207 Ecclesia
2103 4146 2803 4225 Constantinopolitana
2840 4148 3117 4228 intelligi
3148 4166 3277 4213 non
3320 4154 3546 4232 possit.

303 4267 555 4345 Hicque
596 4268 861 4329 omnino
890 4267 1069 4347 loqui
1106 4268 1365 4330 videtur
1397 4268 1479 4329 de
1514 4267 1854 4329 schismate
1893 4270 2311 4333 Eustathiano
2348 4283 2496 4335 tunc
2547 4276 2908 4339 Antiochiaa
2954 4274 3424 4355 perseverante,
3469 4284 3549 4341 de

304 4406 438 4467 quo
465 4390 661 4451 multa
696 4390 979 4451 diximus
1014 4392 1077 4451 in
1112 4392 1357 4452 Monito
1396 4392 1471 4452 ad
1504 4391 1874 4466 Homiliam,
1907 4398 1995 4455 De
2024 4413 2152 4455 non
2181 4397 2784 4459 anathematizandis
2812 4400 2970 4460 vivis
2999 4408 3180 4479 atque
3208 4400 3544 4481 defunctis,

304 4531 451 4593 qum
481 4514 587 4575 hic
624 4514 905 4575 breviter
938 4516 1275 4592 repetenda
1298 4523 1471 4577 sunt.

388 4684 757 4747 Eustathius
784 4685 1126 4763 episcopus
1159 4679 1628 4753 Antiochenus,
1656 4678 1753 4737 vir
1788 4684 2042 4739 sanctus
2072 4686 2262 4757 atque
2284 4677 2658 4753 catholicus,
2679 4679 2957 4761 ideoque
2990 4684 3245 4746 Arianis
3272 4687 3548 4771 invisus,

302 4809 597 4887 ipsorum
636 4825 829 4887 opera
859 4807 921 4867 in
969 4805 1274 4867 exsilium
1313 4810 1490 4865 actus
1522 4801 1669 4875 fuit,
1715 4817 1884 4862 anno
1926 4799 2180 4861 circiter
2207 4800 2346 4873 330,
2384 4800 2449 4861 in
2486 4803 2756 4883 ejusque
2789 4803 2998 4865 locum
3032 4807 3421 4870 substitutus
3454 4820 3552 4872 est
3590 4756 3602 4807 ἵ

304 4936 650 5014 episcOpus
687 4934 991 4995 Arianus.
1026 4932 1344 5010 Deinceps
1383 4946 1533 4992 vero
1567 4930 1785 4991 Ariani
1830 4925 2115 5006 episcopi
2147 4926 2375 5004 .sedem
2408 4932 2778 4999 tenuerunt,
2826 4926 3259 4989 Eustathianis
3294 4929 3550 4992 interim

305 5075 600 5120 seorsum
633 5056 933 5119 collectas
972 5054 1335 5135 agentibus,
1387 5052 1592 5113 donec
1651 5051 1870 5113 Ariani
1907 5052 2162 5114 tandem
2204 5050 2563 5123 Meletium,
2597 5068 2791 5129 quem
2832 5067 2965 5112 sure
3012 5059 3199 5113 sectae
3249 5057 3552 5130 putabant

306 5200 473 5255 esse,
514 5183 897 5261 episcopum
929 5179 1426 5241 constituerunt.
1460 5181 1537 5238 At
1571 5178 1681 5239 ubi
1718 5185 2111 5254 compertum
2150 5173 2274 5237 fuit
2312 5173 2644 5235 Meletium
2677 5180 2738 5233 et
2782 5172 3177 5234 Catholicum
3205 5179 3266 5234 et
3294 5175 3552 5235 Arianis

305 5307 614 5371 infestum
668 5323 836 5379 esse,
870 5304 935 5366 in
989 5305 1293 5366 exsilium
1348 5302 1536 5381 pulso
1579 5299 1864 5373 Meletio,
1902 5298 2218 5359 Euzoium
2275 5295 2579 5357 Arianum
2629 5294 3002 5373 episcopum
3052 5295 3546 5357 constituerunt.

308 5434 490 5492 Tunc
523 5440 652 5491 tres
688 5429 756 5490 in
794 5436 1001 5506 partes
1037 5429 1329 5490 distracta
1372 5426 1592 5488 civitas
1634 5425 1780 5486 fuit.
1828 5423 2037 5484 Prima
2073 5425 2207 5482 erat
2244 5419 2829 5489 Eustathianorum,
2858 5418 3141 5478 secunda
3176 5417 3552 5479 Meletiauoe

306 5552 683 5627 rum,tertia
710 5551 1116 5613 Arianorum.
1151 5551 1309 5612 Cum
1337 5557 1550 5610 autem
1591 5546 1883 5624 posthaec
1914 5542 2169 5607 Lucifer
2205 5542 2622 5615 Calaritanus,
2656 5539 3147 5603 reclamantibus
3179 5540 3321 5601 licet
3361 5538 3555 5601 Atha-

306 5681 489 5744 nasio
521 5681 803 5760 aliisque
840 5678 1189 5758 epiSCOpiS,
1222 5678 1561 5740 Paulinum
1620 5675 2108 5739 Eustathianum
2140 5674 2520 5753 episc0pum
2559 5672 2941 5746 ordinasset,
2986 5680 3111 5732 tres
3151 5669 3340 5731 simul
3371 5667 3552 5731 fuere

305 5803 595 5885 episcopi
622 5786 1045 5875 ‘Antiocheni,
1075 5802 1400 5876 Meletius,
1436 5800 1743 5864 Paulinus
1789 5809 1851 5864 et
1891 5798 2193 5862 Euzoius.
2233 5797 2522 5876 Cumque
2555 5804 2773 5874 postea
2819 5792 3261 5856 deﬁcientibus
3291 5792 3560 5859 Ariano-

608 5925 905 6004 MPATROL.
946 5926 1062 5987 Gn.
1109 5926 1299 5988 LXII.
3156 5908 3192 5973 1
