4002 6526
583 445 616 502 7
2011 442 2400 499 PREFATIO.
3784 447 3825 499 κ

580 582 719 626 rum
755 562 1062 642 partibus,
1100 561 1321 623 nullus
1362 560 1641 623 Arianus
1670 560 2013 639 episc0pus
2043 566 2236 631 esset,
2272 556 2569 619 Meletius
2608 565 2670 618 et
2704 558 3030 631 Paulinus,
3058 558 3344 638 episcopi
3401 576 3718 636 mansero.
3752 584 3834 628 ac

579 697 1024 769 perseverante
1067 685 1434 761 schismate,
1462 686 1690 767 tamba
1740 693 1948 765 partes
1989 701 2061 746 se
2101 681 2286 752 rixis,
2332 681 2619 742 dicteriis
2668 687 2729 743 et
2779 679 3192 742 contumeliis
3243 681 3618 744 lacerabant.
3668 686 3831 747 Hac

578 813 749 894 haud
778 810 972 872 dubie
1003 809 1294 888 deplorat
1332 809 1852 890 Chrysostomus,
1890 807 2050 869 hanc
2092 822 2210 867 ceu
2248 802 2670 864 calamitatem
2711 801 3000 863 omnium
3036 800 3398 873 maximam,
3428 800 3595 863 fusis
3624 806 3823 866 etiam

579 934 874 1016 lacrymis
907 934 1347 1014 prosequitur,
1378 942 1612 997 tantam
1642 932 1757 995 ille
1787 931 2111 993 miseriam
2142 927 2569 1007 perhorrescit
2601 934 2671 988 ut
2698 932 3100 1005 prasentem.
3134 926 3317 1000 Quod
3353 936 3521 990 certe
3562 931 3833 993 nonnisi

578 1060 658 1120 de
693 1057 1091 1120 Antiochena
1122 1056 1405 1119 Ecclesia
1435 1054 1717 1133 intelligi
1744 1036 1983 1133 potest.

659 1245 854 1308 Aliud
883 1246 1070 1309 etiam
1094 1263 1211 1309 nec
1240 1245 1381 1308 leve
1415 1244 1729 1306 indicium
1761 1251 1878 1317 est,
1899 1260 2030 1323 quo
2062 1242 2368 1323 probetur
2394 1242 2749 1305 Antiochia
2779 1240 3019 1302 habitas
3047 1240 3349 1302 homilias
3375 1240 3620 1313 fuisse;
3649 1245 3825 1321 quod

580 1368 882 1431 videlicet
915 1369 1256 1431 monachos
1299 1368 1365 1429 in
1399 1367 1726 1429 montibus
1771 1383 2062 1445 asperam
2108 1375 2518 1446 sanctamque
2560 1366 2752 1427 vitam
2790 1373 3051 1443 agentes
3092 1363 3332 1441 passim
3365 1363 3613 1434 laudet;
3644 1365 3821 1442 quod

582 1494 650 1555 in
683 1492 1405 1570 ConstantinOpolitanis
1443 1491 1730 1553 homiliis
1762 1491 1871 1553 vix
1900 1490 2380 1571 deprehendas;
2427 1489 2560 1551 imo
2590 1504 2742 1550 vero
2772 1485 3116 1548 monachos
3151 1485 3706 1564 Constantinopoli
3735 1486 3835 1548 vi-

584 1618 764 1679 cinos
810 1633 976 1695 sape
1011 1616 1416 1696 graviterque
1450 1616 1819 1689 insectatur,
1854 1621 2075 1694 utpote
2106 1614 2220 1694 qui
2253 1629 2289 1674 a
2320 1611 2527 1689 prisco
2560 1610 2705 1673 vita
2743 1608 3040 1671 instituto
3080 1624 3210 1670 non
3258 1624 3480 1686 parum
3528 1606 3833 1669 deﬂexis-

585 1746 758 1813 sent;
788 1740 852 1801 in
888 1739 1115 1800 vicinis
1145 1746 1358 1800 autem
1391 1737 1944 1816 ConstantinOpoli
1979 1737 2329 1812 montibus,
2363 1736 2419 1797 si
2448 1735 2609 1797 bene
2635 1734 2924 1808 memini,
2960 1732 3301 1794 monachos
3330 1749 3474 1794 esse
3505 1748 3827 1812 nusquam

585 1864 762 1928 dicit.
794 1863 913 1924 Hic
939 1879 1089 1924 vero
1123 1861 1359 1940 passim
1394 1858 1544 1921 illos
1578 1859 1887 1922 encomiis
1911 1857 2215 1942 celebrat,
2240 1866 2301 1921 et
2337 1857 2620 1920 Homilia
2658 1856 2966 1935 vigesima
3002 1855 3202 1933 prima
3232 1854 3564 1917 lulianum
3601 1870 3831 1933 quem-

586 1988 728 2047 dam
768 1984 1203 2048 admirandum
1246 1993 1550 2048 memorat
1579 1985 1982 2057 monachum,
2016 1984 2131 2063 qui
2175 1996 2319 2045 cum
2354 1979 2419 2040 in
2466 1978 2753 2040 civitates
2796 1976 3265 2056 ingrederetur,
3303 1976 3366 2038 id
3406 1976 3579 2055 quod
3613 1993 3830 2056 perra-

589 2126 731 2171 rum
761 2114 915 2182 erat,
954 2108 1120 2170 miro
1151 2105 1439 2169 omnium
1463 2122 1784 2168 concursu
1809 2110 1870 2166 et
1903 2103 2122 2183 populi
2152 2102 2517 2184 frequentia
2539 2101 3002 2181 excipiebatur.

669 2297 1220 2360 Antiochenorum
1255 2312 1465 2358 mores
1498 2310 1728 2372 pravos
1751 2309 1919 2372 sape
1954 2290 2324 2364 insectatur,
2359 2297 2430 2353 ut
2471 2296 2532 2351 et
2574 2288 2729 2351 alibi
2771 2288 3006 2367 passim
3058 2288 3362 2361 vidimus,
3401 2288 3508 2348 illa
3547 2287 3828 2351 maxime

590 2441 735 2503 qua
758 2422 837 2483 ab
868 2399 1142 2483 ethnicis
1172 2425 1235 2479 et
1270 2414 1627 2479 idololatris
1659 2418 2131 2493 promanarant,
2164 2419 2231 2472 ut
2259 2417 2464 2471 sortes
2496 2417 2559 2471 et
2592 2408 3080 2482 incantationes,
3113 2408 3234 2471 col.
3274 2408 3371 2483 ιι8,
3408 2407 3601 2471 fatum
3635 2414 3829 2477 etiam

592 2555 652 2607 et
683 2540 1288 2621 metempsychosin,
1323 2538 1445 2600 col.
1477 2539 1598 2599 92:
1629 2537 2051 2615 dicebantque
2081 2534 2179 2595 illi
2212 2533 2426 2595 omnia
2456 2531 2629 2594 nulla
2657 2531 2793 2610 geri
2830 2532 3269 2609 providentia;
3298 2531 3406 2593 alii
3439 2550 3590 2594 vero
3618 2535 3825 2597 Deum

592 2683 734 2726 esse
766 2679 997 2740 corpus
1024 2661 1288 2739 impune
1317 2658 1714 2720 asserebant.
1750 2660 1838 2718 lle
1861 2655 2187 2717 ominibus
2213 2662 2424 2715 autem
2452 2660 2513 2715 et
2549 2653 2876 2733 prasagiis
2906 2671 3051 2732 qua
3081 2653 3235 2715 dicit
3264 2654 3453 2734 digna
3482 2664 3651 2731 sunt,
3682 2676 3834 2739 qua

594 2788 697 2848 hic
720 2784 1110 2846 referantur:
1145 2782 1369 2843 Multis
1397 2780 1772 2852 terroribus,
1806 2776 2040 2856 inquit,
2062 2776 2251 2855 plena
2279 2784 2366 2835 est
2394 2793 2602 2834 eorum
2622 2776 2852 2837 anima.
2884 2776 2955 2836 Ut
2985 2784 3166 2853 puta,
3190 2777 3291 2837 hic
3320 2784 3430 2837 aut
3459 2775 3565 2837 ille
3586 2779 3833 2855 primus

591 2908 746 2969 mihi
778 2905 1059 2965 occurrit
1100 2904 1280 2962 domo
1325 2903 1605 2975 exeunti,
1639 2902 1886 2961 omnino
1930 2900 2290 2975 contingere
2335 2907 2580 2977 oportet
2621 2896 2786 2956 mala
2834 2896 3338 2957 innumerabilia.
3382 2899 3566 2960 Nunc
3611 2921 3834 2964 servus

595 3030 1016 3091 exsecrandus
1047 3027 1201 3088 dans
1242 3028 1398 3089 mihi
1437 3027 1698 3098 calceos,
1728 3025 2003 3103 primum
2037 3020 2331 3101 porrexit
2353 3029 2597 3097 partem
2626 3018 2972 3091 sinistram,
3001 3037 3220 3097 graves
3253 3021 3699 3099 signiﬁcantur
3722 3046 3831 3087 ca-

596 3152 906 3213 lamitates
940 3158 997 3209 et
1041 3149 1449 3210 contumeliae.
1486 3149 1619 3225 Ego
1652 3147 1785 3225 ipse
1818 3147 2059 3218 exiens,
2092 3144 2353 3205 sinistro
2396 3140 2611 3219 priori
2648 3144 2929 3219 processi
2964 3139 3118 3219 pede
3148 3163 3167 3201 :
3210 3143 3321 3204 hoc
3353 3162 3593 3225 quoque
3625 3160 3713 3210 est
3742 3151 3835 3213 si-

595 3289 784 3350 gnum
816 3268 1262 3329 calamitatum.
1310 3266 1393 3324 Et
1434 3266 1557 3326 hac
1579 3264 1824 3343 quidem
1863 3261 2030 3322 domi
2060 3272 2205 3323 sunt
2222 3262 2384 3323 mala
2406 3285 2426 3324 :
2451 3266 2626 3343 foras
2649 3272 2856 3325 autem
2886 3281 3155 3344 egresso,
3187 3265 3410 3329 dexter
3440 3271 3594 3332 mihi
3613 3272 3836 3333 oculus

597 3396 839 3472 inferne
877 3390 1023 3452 salit
1059 3410 1077 3450 :
1120 3392 1234 3452 hoc
1271 3401 1359 3451 est
1410 3388 1715 3451 indicium
1757 3388 2199 3467 lacrymarum.
2256 3387 2557 3449 Mulieres
2599 3404 2859 3468 quoque,
2903 3387 3149 3467 quando
3200 3400 3424 3452 sonant
3461 3393 3703 3466 calami,
3749 3394 3838 3454 ad

600 3502 1068 3573 texturmrecta
1094 3510 1266 3590 ligna
1294 3510 1491 3585 allisi,
1523 3511 1618 3570 vel
1653 3530 1789 3571 cum
1815 3513 1966 3589 ipsa:
2000 3515 2248 3591 pectine
2271 3508 2729 3581 discriminant,
2763 3512 2877 3572 hoc
2904 3529 3024 3590 pro
3071 3513 3249 3592 signo
3291 3513 3539 3576 habent.
3588 3517 3836 3576 Rursus

590 3628 843 3708 quando
876 3628 1231 3707 subtegmen
1261 3629 1511 3708 pectine
1542 3629 1933 3702 concutiunt,
1982 3638 2040 3689 et
2080 3629 2147 3690 id
2176 3632 2423 3711 faciunt
2457 3632 2902 3702 vehementius;
2948 3633 3174 3697 deinde
3226 3638 3335 3716 qui
3375 3648 3521 3697 sunt
3562 3658 3835 3717 superne

589 3753 826 3814 calami
862 3752 935 3813 ob
979 3753 1291 3813 intensum
1329 3752 1521 3811 ictum
1559 3750 1746 3811 edunt
1781 3753 2138 3831 strepitum,
2182 3753 2353 3814 allisi
2391 3753 2473 3813 ad
2512 3765 2751 3816 rectum
2792 3766 3131 3818 structura:
3165 3760 3427 3836 lignum,
3464 3762 3576 3823 hoc
3606 3764 3836 3825 habent

590 3892 718 3953 .pro
762 3875 987 3952 signo:
1033 3880 1089 3932 et
1117 3870 1244 3933 alia
1266 3871 1750 3933 innumerabilia
1773 3871 1965 3951 digna
2006 3892 2137 3954 qua
2164 3876 2517 3941 rideantur.
2550 3880 2635 3940 Et
2679 3882 2737 3941 si
2769 3882 2988 3940 asinus
3028 3883 3492 3957 exclamaverit,
3527 3894 3583 3944 et
3607 3887 3665 3947 si
3689 3888 3836 3964 gal-

601 4000 723 4072 lus,
759 4007 816 4057 et
839 3999 896 4058 si
937 3997 1073 4076 quis
1104 3996 1575 4071 sternutaverit,
1610 4006 1663 4057 et
1707 3997 1967 4076 quodvis
1996 3998 2193 4072 aliud,
2229 4008 2520 4079 tanquam
2550 4002 2748 4064 decies
2793 4004 2963 4065 mille
2999 4006 3195 4066 vincti
3234 4007 3527 4083 vinculis,
3557 4018 3627 4069 ut
3666 4008 3836 4087 dixi,

604 4120 1019 4201 tanquamqui
1059 4127 1387 4180 teneantur
1415 4119 1482 4179 in
1508 4119 1803 4195 tenebris,
1831 4122 2037 4182 omnia
2075 4123 2303 4185 habent
2344 4135 2659 4205 suspecta,
2693 4138 2750 4188 et
2794 4139 2943 4190 sunt
2978 4131 3174 4207 magis
3218 4134 3474 4194 serviles
3519 4154 3699 4215 quam
3730 4140 3839 4198 in-

596 4263 860 4306 numera
895 4243 1233 4320 manetpia.

682 4436 751 4494 ln
790 4432 1050 4494 homilia
1096 4440 1309 4493 autem
1352 4431 1693 4511 vigesima,
1736 4434 1847 4495 ubi
1897 4435 1977 4496 de
2024 4434 2417 4498 instituenda
2464 4452 2663 4497 uxore
2706 4435 2904 4497 multa
2948 4433 3188 4513 profert
3234 4438 3529 4515 praclara
3572 4446 3631 4499 et
3670 4438 3842 4501 lectu

594 4557 1007 4634 dignissima,
1041 4556 1264 4617 luxum
1301 4567 1362 4617 et
1391 4555 1621 4618 fastum
1651 4558 2197 4620 Antiochenorum
2228 4558 2640 4620 vehementer
2672 4559 3045 4633 insectatur,
3082 4576 3357 4637 quorum
3393 4561 3656 4636 plurimi
3694 4563 3842 4628 licet

600 4680 852 4742 vilioris
889 4680 1079 4742 sortis
1108 4680 1430 4755 homines,
1463 4682 1573 4760 qui
1617 4698 1874 4761 magnas
1905 4683 2025 4743 sibi
2076 4688 2449 4762 paraverant
2485 4678 2837 4755 facultates,
2871 4696 3025 4742 auro
3075 4682 3294 4743 onusti
3341 4698 3488 4743 cum
3530 4686 3842 4747 uxoribus

602 4802 966 4884 prodibant,
998 4802 1068 4862 in
1110 4819 1304 4863 curru
1337 4801 1530 4865 mulis
1560 4802 1722 4865 albis
1746 4807 1994 4883 juncto,
2019 4804 2319 4883 gregibus
2350 4803 2737 4866 famulorum
2767 4810 2830 4865 et
2860 4804 3224 4881 agminibus
3256 4806 3697 4868 cunuchorum
3730 4809 3847 4868 sti-

609 4927 758 5003 pati.
799 4928 961 4987 'l'um
995 4926 1302 4986 acerrime
1336 4924 1662 4987 invehitur
1691 4927 1756 4987 in
1791 4942 1902 4988 eos
1923 4928 2037 5005 qui
2059 4926 2376 5003 nuptiales
2407 4925 2803 4989 carimonias
2833 4925 3212 4988 Christianis
3246 4927 3539 5005 indignas
3576 4928 3844 4989 induxe-

604 5056 780 5121 rant;
830 5047 1203 5107 saltationes
1246 5054 1307 5107 et
1358 5046 1657 5126 tripudia,
1712 5046 2071 5126 impudicas
2126 5047 2499 5121 cantilenas,
2553 5056 2614 5109 et
2661 5055 2886 5110 catera
2947 5048 3242 5121 traducit,
3296 5065 3440 5127 qua
3496 5049 3844 5124 nuptialem

607 5182 815 5234 torum
882 5171 1399 5233 dehonestarent.
1452 5171 1523 5231 In
1578 5187 1812 5233 uxores
1856 5188 2118 5251 quoque
2166 5171 2424 5234 illorum
2472 5190 2697 5252 aspere
2748 5172 3102 5247 invehitur,
3160 5190 3304 5253 qua
3354 5173 3421 5234 in
3465 5171 3732 5233 famulas
3783 5182 3848 5234 et

606 5298 869 5362 ancillas
907 5297 993 5359 ita
1037 5295 1407 5364 saviebant,
1447 5303 1516 5354 ut
1556 5293 1778 5373 ligatas
1809 5305 1871 5357 et
1911 5296 2181 5357 nudatas
2213 5314 2419 5359 coram
2462 5296 2702 5357 maritis
2731 5296 3039 5357 acerrime
3082 5295 3508 5367 verberarent,
3535 5294 3657 5355 col.
3704 5296 3845 5371 110,

608 5422 1013 5484 'l‘hessalidas
1067 5432 1382 5493 vocantes,
1451 5438 1594 5500 qua
1644 5438 1763 5481 vox
1811 5422 1982 5499 apud
2037 5421 2523 5500 AristOphanem
2587 5422 2898 5480 veneficas
2951 5426 3012 5479 et
3072 5417 3581 5496 prastigiatrices
3633 5416 3849 5496 signi-

609 5546 768 5606 ﬁcat.

687 5728 790 5790 Sic
820 5727 926 5789 ille
957 5728 1390 5790 Antiochenos
1426 5728 1713 5803 incessit,
1746 5730 1857 5808 qui
1900 5727 2433 5807 intemperantius
2469 5726 2606 5787 suis
2637 5726 2867 5803 Opibus
2905 5725 3284 5799 utebantur;
3319 5732 3452 5785 tum
3487 5723 3681 5786 etiam
3712 5741 3849 5789 non

610 5867 868 5929 paucos,
900 5851 1015 5931 qui
1045 5851 1229 5915 bonis
1259 5852 1488 5915 alienis
1524 5852 1948 5914 imminerent.
1989 5851 2078 5911 Ad
2112 5851 2236 5913 alia
2258 5866 2402 5911 vero
2425 5849 2553 5927 jam
2580 5847 2991 5911 veniendum.
3028 5850 3097 5910 In
3136 5848 3397 5911 homilia
3432 5854 3669 5926 octava,
3706 5864 3837 5911 om~
