4030 6558
210 491 237 546 9
1631 483 2019 539 ΡΒᾸΞΡΔΊΊΟ.
3372 485 3438 538 ω

206 603 372 665 nium
409 599 811 678 longissima,
846 602 910 662 in
949 601 1080 664 haec
1121 602 1328 673 verba,
1361 604 1492 682 Ego
1529 603 1779 662 vinctus
1819 601 1888 661 in
1917 599 2208 672 Domino,
2241 600 2307 660 in
2344 598 2622 662 vinculis
2656 597 2832 661 Pauli
2877 596 3242 673 laudandis,
3275 599 3441 662 cele-

205 722 478 785 brandis.
513 731 701 786 totam
749 724 1075 803 profundit
1106 727 1416 787 orationis
1459 732 1690 796 artem;
1731 724 1866 786 imo
1920 741 2049 786 non
2099 730 2320 797 artem,
2354 725 2476 786 sed
2526 723 2846 802 quidquid
2895 721 3124 784 ardens
3159 722 3439 795 animus,

205 845 513 924 quidquid
547 861 656 906 cor
680 846 1039 910 vehementi
1075 849 1456 912 concitatum
1495 861 1710 908 amore
1746 850 2057 926 suggerit,
2085 849 2434 928 imparatus
2463 849 2705 928 profert
2736 849 2804 910 in
2837 848 3144 918 medium,
3177 848 3298 910 col.
3333 853 3439 912 57:

203 968 262 1028 Si
284 970 427 1047 quis
458 972 614 1032 mihi
633 970 899 1046 dederit,
929 972 1164 1052 inquit,
1195 991 1363 1033 nunc
1386 980 1458 1031 ut
1480 969 1772 1030 suscitem
1795 979 2101 1044 mortuos,
2132 988 2263 1030 non
2291 971 2406 1032 hoc
2448 970 2758 1049 elegerim,
2792 967 2901 1029 sed
2942 978 3240 1032 catenam.
3268 972 3340 1031 Si
3369 972 3442 1032 ab

213 1093 642 1155 ecclesiasticis
685 1096 860 1156 curis
893 1114 1082 1155 essem
1120 1105 1415 1168 remotus,
1455 1102 1510 1154 et
1544 1099 1698 1151 esset
1735 1090 1889 1156 mihi
1927 1111 2156 1172 corpus
2203 1109 2425 1152 sanum
2475 1099 2534 1152 et
2577 1090 2876 1163 validum,
2917 1109 3045 1150 non
3100 1095 3444 1154 recusarim

208 1214 359 1276 hanc
382 1216 704 1293 suscipere
729 1219 1320 1295 peregrinationem,
1356 1227 1430 1279 ut
1468 1221 1669 1282 solum
1691 1220 1964 1283 viderem
1993 1223 2270 1289 catenas,
2314 1223 2389 1274 ut
2431 1231 2742 1274 carcerem
2768 1214 2836 1272 in
2868 1229 2986 1288 quo
3016 1211 3139 1289 fuit
3168 1212 3439 1269 vinctus.

201 1331 386 1409 Atqui
415 1331 550 1410 ejus
586 1333 1041 1396 miraculorum
1085 1337 1283 1396 multa
1329 1337 1546 1400 multis
1590 1341 1659 1400 in
1690 1341 1846 1403 locis
1875 1348 2026 1401 sunt
2054 1340 2260 1417 signa.
2294 1337 2404 1398 sed
2430 1355 2561 1398 non
2608 1346 2757 1397 sunt
2812 1345 2935 1396 tam
2979 1331 3442 1401 desiderabilia,

203 1468 373 1530 quam
415 1454 797 1532 stigmatum.
841 1457 926 1518 Et
970 1457 1038 1519 in
1068 1458 1421 1538 Scripturis
1449 1479 1578 1520 non
1620 1463 1714 1522 ita
1751 1481 1843 1524 me
1871 1462 2132 1525 delectat
2160 1460 2306 1522 dum
2334 1462 2492 1541 facit
2520 1460 2850 1532 miracula,
2891 1476 3076 1538 quam
3109 1455 3254 1516 dum
3288 1454 3443 1512 male

200 1569 465 1647 patitur,
497 1563 717 1650 flagris
749 1574 1014 1637 caeditur
1040 1586 1225 1658 atque
1266 1587 1587 1659 raptatur.
1624 1582 1774 1643 Vere
1809 1584 2129 1647 mirabilia
2164 1591 2314 1645 sunt
2342 1583 2519 1644 illius
2556 1584 2845 1660 corporis
2872 1580 3138 1642 sudaria
3182 1588 3239 1638 et
3268 1576 3443 1636 semi-

202 1692 456 1767 cinctio,
483 1712 610 1773 qua
649 1697 958 1776 stupenda
981 1709 1246 1778 patrant
1272 1723 1293 1763 :
1314 1714 1465 1765 sunt
1491 1705 1617 1766 hac
1643 1723 1783 1765 vere
1808 1704 2152 1777 mirabilia,
2183 1701 2292 1764 sed
2317 1721 2447 1763 non
2478 1713 2553 1763 ut
2578 1703 2693 1765 illa
2718 1702 3041 1780 (vincula).

275 1853 630 1920 Occasione
665 1858 1072 1924 vinculorum
1110 1862 1381 1944 loquens
1411 1865 1490 1927 de
1512 1872 1730 1928 sancto
1760 1864 1994 1946 Babyla
2025 1872 2326 1945 martyre,
2359 1864 2544 1944 cujus
2572 1862 2781 1925 Vitam
2817 1861 2928 1922 ille
2961 1858 3218 1936 scripsit
3249 1864 3317 1919 ut
3338 1856 3446 1916 ha-

206 1973 382 2038 betur
411 1995 609 2057 supra
647 1983 826 2046 Tom.
859 1985 1173 2060 secundo,
1208 1987 1387 2062 dicit,
1429 1987 1550 2050 col.
1589 1989 1690 2062 71,
1733 1987 1919 2050 illum
1958 1986 2242 2050 vinctum
2274 1985 2502 2061 fuisse,
2535 1987 2702 2048 sicut
2732 1987 3039 2046 Joannem
3073 1981 3442 2060 Baptistam,

204 2096 346 2173 quia
378 2116 612 2180 nempe
648 2121 863 2183 regem
900 2107 1332 2187 redargueret,
1368 2117 1429 2171 et
1460 2110 1839 2172 morientem
1874 2107 2302 2184 mandavisse,
2332 2117 2405 2169 ut
2445 2106 2699 2169 vincula
2726 2113 3114 2186 ponerentur
3161 2121 3298 2164 cum
3327 2119 3440 2160 suo

206 2233 485 2296 corpore,
520 2231 580 2284 et
610 2241 840 2305 corpus
867 2229 1244 2307 sepeliretur
1272 2231 1573 2293 vinctum.
1617 2231 1698 2291 Et
1728 2248 1894 2292 nunc
1925 2232 2038 2293 siti
2063 2240 2214 2292 sunt
2240 2232 2560 2311 compedes
2590 2249 2727 2291 cum
2759 2231 2966 2290 cinere
2991 2249 3011 2286 :
3042 2235 3285 2287 tantum
3313 2233 3447 2284 erat

203 2337 254 2399 ei
278 2337 664 2406 desiderium
691 2348 1087 2413 vinculorum
1102 2363 1377 2433 propter
1399 2353 1739 2417 Christum.
1767 2355 2034 2414 Ferrum
2061 2355 2446 2433 pertransiit
2476 2354 2688 2414 anima
2715 2353 2868 2432 ejus,
2902 2357 3021 2412 etc.

269 2511 456 2574 Hom.
493 2515 765 2591 decima,
804 2518 924 2581 col.
961 2522 1060 2594 78,
1094 2520 1269 2596 dicit,
1302 2531 1593 2602 ἀγάλματα.
1622 2539 1738 2584 seu
1762 2522 2023 2600 ﬁguras,
2062 2527 2124 2582 et
2152 2527 2389 2584 statuas
2413 2522 2512 2582 vel
2543 2519 2860 2598 imagines
2893 2518 2959 2579 in
2983 2514 3248 2579 ecclesia
3277 2531 3446 2588 esse,

207 2651 403 2715 neque
447 2639 632 2715 plura
659 2639 876 2722 adjicit
908 2642 972 2704 in
1007 2661 1095 2716 re,
1130 2661 1320 2722 quam
1358 2643 1652 2722 pluribus
1683 2660 2030 2722 expensam
2060 2641 2265 2706 fuisse
2300 2643 2551 2705 vellem.
2585 2641 2934 2703 Hiereticos
2967 2640 3202 2718 passim
3234 2637 3449 2718 exagi-

209 2770 308 2836 tat,
340 2764 755 2840 Marcionem,
788 2766 1206 2829 Manichmum
1236 2784 1352 2829 seu
1378 2768 1722 2841 Manetem,
1753 2767 2196 2840 Valentinum,
2232 2765 2556 2839 Catharos,
2592 2782 2709 2826 seu
2746 2765 3162 2838 Novatianos,
3201 2764 3446 2836 Arium,

211 2892 297 2954 uti
328 2893 485 2955 solet
521 2891 591 2954 in
631 2892 934 2955 omnibus
981 2908 1146 2969 pene
1193 2892 1596 2956 orationibus
1633 2900 1694 2956 et
1736 2890 2049 2966 homiliis,
2094 2892 2389 2970 aliosque
2436 2889 2625 2951 etiam
2672 2888 3026 2950 haereticos.

275 3060 575 3126 Gentiani
608 3061 870 3127 Herveti
902 3060 1185 3126 Latinam
1224 3062 1818 3141 interpretationem
1853 3061 2070 3124 multis
2104 3062 2169 3122 in
2209 3059 2367 3123 locis
2400 3057 2633 3138 passim
2672 3056 3148 3136 castigavimus.
