4030 6574
238 422 3470 460 w

241 449 1955 460 ________________ﬁiﬂ

1127 628 1540 721 SANCTI
1619 623 2048 718 PATRIS
2120 613 2562 716 NOSTRI

231 959 1360 1180 JOANNIS
1463 950 3475 1184 CHRYSOSTOMI,
3563 871 3645 877 ”

379 1400 1481 1591 ARCHIEPISCOPI
1545 1397 3313 1540 CONSTANTINOPOLITANI,

1597 1691 1827 1748 OPERA
1865 1687 2103 1747 OMNIA.

1727 1898 1991 1915 υ--ἀ

579 2100 686 2177 IN
758 2095 1344 2175 EPISTOLAM
1427 2093 1554 2170 AD
1617 2087 2110 2170 EPHESIOS
2173 2079 2986 2165 COMMENTARIUS
3024 2067 3130 2159 (α).

1658 2360 2048 2394 —-ce--—

759 2595 1279 2684 Qtrguntcntunt.

296 2736 543 2805 Ephesus
581 2741 664 2788 est
691 2728 902 2802 quidem
934 2726 1074 2781 Asiae
1099 2718 1429 2790 metropolis.
1455 2716 1609 2792 ‘Erat
1636 2722 1812 2769 autem

239 2829 466 2882 dedicata
525 2825 747 2889 Dianae,
799 2829 855 2874 et
903 2818 1040 2872 hanc
1092 2815 1244 2870 deam
1308 2811 1415 2865 illic
1467 2807 1713 2862 colebant
1760 2816 1816 2857 nt

242 2919 555 2972 maximam:
600 2921 854 2982 tantaque
894 2922 1080 2964 eorum
1122 2913 1240 2960 erat
1279 2899 1623 2970 superstitio,
1651 2905 1706 2951 ut
1748 2911 1816 2950 ne

238 3013 370 3066 illius
413 3009 636 3080 quidem
688 3020 882 3060 nomen
935 3003 1020 3072 qui
1071 3000 1186 3070 ejus
1212 2996 1467 3066 templum
1507 2991 1816 3047 combusse-

234 3112 330 3168 rat,
359 3101 704 3157 manifestum
749 3111 868 3151 esse
912 3093 1214 3150 voluerint:
1261 3091 1430 3142 luerat
1483 3084 1621 3140 enim
1669 3096 1814 3136 com-

233 3195 472 3248 bustum.
506 3193 677 3246 Porro
715 3190 900 3243 beatus
945 3199 1158 3256 quoque
1205 3181 1438 3237 Joannes
1490 3175 1815 3244 evangelista

230 3284 523 3353 plurimum
563 3280 688 3335 illic
726 3287 810 3334 est
856 3285 1139 3332 versatus:
1173 3288 1296 3327 nam
1332 3280 1387 3326 et
1434 3269 1540 3323 illic
1577 3267 1677 3321 fuit
1727 3281 1814 3320 re-

235 3376 435 3446 legatus
468 3382 528 3429 et
556 3372 787 3427 decessit
808 3367 904 3441 (b).
936 3367 1271 3422 Timotheum
1324 3376 1534 3431 quoque
1577 3359 1686 3414 illic
1727 3373 1816 3411 re»

233 3467 383 3537 liquit
427 3465 668 3529 Paulus,
722 3471 780 3516 ut
831 3460 962 3515 dicit
1009 3458 1074 3513 ad
1125 3457 1298 3527 ipsum
1342 3452 1622 3510 scribens:
1670 3449 1816 3504 Sicut

231 3559 404 3629 rogavi
434 3568 482 3611 te
510 3566 566 3610 ut
589 3569 817 3608 maneres
845 3550 1035 3620 Ephesi
1055 3548 1132 3621 (l.
1167 3547 1298 3601 Tim.
1323 3546 1377 3599 1.
1409 3545 1482 3612 3).
1515 3542 1579 3596 Et
1605 3540 1816 3610 plurimi

227 3667 292 3705 ex
326 3649 682 3721 philosophis,
715 3647 945 3700 maxime
969 3643 1005 3698 ii
1028 3643 1117 3714 qui
1140 3643 1190 3695 in
1219 3641 1344 3694 Asia
1370 3637 1680 3695 ﬂoruerunt.
1711 3633 1819 3688 illic

229 3753 406 3795 erant.
435 3740 567 3795 Nam
584 3739 778 3793 dicitur
795 3735 1008 3806 quidem
1031 3743 1086 3787 et
1119 3731 1241 3788 inde
1263 3731 1425 3785 fuisse
1450 3728 1778 3799 Pythagoras
1801 3743 1815 3778 :

227 3835 428 3887 Samos
455 3831 624 3895 enim,
657 3828 799 3882 unde
841 3836 991 3881 ortus
1023 3825 1112 3880 ille
1140 3832 1256 3877 erat
1279 3861 1296 3887 ,
1353 3821 1529 3875 Ionica
1577 3829 1693 3874 erat
1740 3820 1819 3871 in-

230 3927 352 3980 sula
385 3924 486 3996 (c).
518 3919 889 3977 Parmenidem
915 3933 1126 3988 quoque
1167 3926 1220 3969 et
1246 3913 1517 3969 Zenonem
1543 3923 1596 3966 et
1627 3911 1816 3965 Demo-

293 4041 370 4102 (α)
394 4038 470 4088 Ad
493 4035 728 4102 “mitias
751 4035 800 4102 in.
823 4030 1086 4102 Ειίεξιομξιω
1111 4029 1171 4102 εει
1201 4028 1441 4102 Ιὲιιιιθείοε
1473 4023 1820 4102 senescas

293 4047 370 4102 (α)
394 4047 470 4088 Ad
493 4047 728 4088 “omittas
751 4047 800 4082 tn
825 4047 864 4082 ιι
899 4047 1086 4080 tswtam
1111 4047 1171 4079 au
1203 4047 1441 4089 LHIBSIUS
1478 4047 1818 4074 eutacuiauuus

228 4105 305 4151 usi
332 4114 504 4161 sumus
527 4097 832 4150 Coislinianis
848 4047 1103 4161 €odicibus
1123 4092 1339 4161 duobus,
1363 4101 1567 4161 quorum
1592 4087 1818 4161 unus‘dl‘,

231 4147 708 4216 aﬁltverTii‘ihovtatur,
736 4165 788 4207 et
833 4170 941 4205 cum
985 4154 1161 4205 Codice
1199 4147 1478 4216 Colbertino
1511 4147 1819 4216 uttn1.___41_l2.

229 4208 561 4298 ἱξόζιῇεὲῐιιέίιέ
593 4208 936 4283 argumentum
973 4217 1179 4274 omittit,
1206 4220 1259 4263 et
1294 4225 1324 4261 a
1347 4212 1499 4274 prima
1521 4208 1720 4259 homilia
1746 4210 1822 4258 iu-

227 4295 372 4411 “?le
399 4348 454 4398 Id
480 4354 574 4411 est,
599 4353 652 4393 In
671 4341 898 4411 assiliunt
918 4339 1090 4389 missus
1111 4339 1231 4411 istuc
1255 4335 1396 4387 venit.
1420 4333 1646 4411 Joanties.
1661 4333 1706 4381 in
1730 4333 1823 4381 Pa-

400 4395 623 4458 vi'nsula'm
653 4405 905 4463 relegatus
929 4411 1006 4450 est
1043 4416 1057 4457 ;
1097 4407 1366 4463 posteaque
1403 4401 1539 4447 venit
1559 4395 1822 4458 Ephesum.

267 4423 365 4459 non
414 4423 623 4458 msutam
653 4423 727 4455 r81
777 4423 905 4453 Iasus
929 4423 1006 4450 υδι
1043 4423 1057 4457 ;
1097 4423 1366 4463 [tuatcaquc
1406 4423 1539 4447 vum.
1559 4423 1822 4458 υιιυυδυηι.

231 4423 611 4536 ἓιιι-βοδιριῐιυς
631 4423 879 4516 vergiliae
902 4466 1107 4526 carptim
1127 4473 1416 4518 recensens,
1440 4472 1537 4509 non
1561 4467 1656 4507 tam
1678 4470 1824 4506 accu-

233 4533 351 4582 rate
367 4533 533 4583 omnia
557 4537 756 4592 proteri.

301 4582 380 4656 (ε)
398 4582 770 4656 Chrysostomus
793 4588 990 4656 carptim
1010 4586 1233 4656 loquens,
1248 4589 1303 4656 et.
1321 4582 1566 4656 Ephesum
1586 4595 1829 4656 commen-

232 4644 1029 4716 dans,dicit'philosophosmttlws
1050 4644 1145 4698 illic
1166 4644 1410 4716 ﬂoruisse,
1430 4652 1483 4716 ut
1507 4644 1828 4716 Pythagoram

234 4721 325 4790 qui
342 4705 410 4768 ei:
433 4705 593 4787 insula
611 4705 808 4790 quidem
834 4713 979 4790 ὓδωρ
999 4720 1132 4790 eratis
1156 4709 1246 4757 sed
1269 4707 1437 4756 Samos
1462 4705 1621 4790 lgni‘ca
1647 4714 1760 4790 eratJ
1775 4711 1829 4752 ut

231 4766 498 4842 Ephesus;
519 4766 644 4842 imo;
653 4777 780 4842 quod
804 4787 897 4822 non
922 4773 1051 4842 addit
1074 4766 1470 4842 Chrysos't‘omns,
1486 4766 1681 4838 Epheso
1705 4767 1829 4842 adeo

232 4828 401 4891 item
419 4828 572 4890 rut'ex
599 4828 686 4887 illa'
704 4839 832 4887 urbe
865 4828 1250 4897 conspiceretur.
1274 4830 1353 4880 De
1386 4830 1580 4880 ueteris
1601 4841 1722 4890 quos
1743 4828 1828 4876 ad-

1920 2573 2134 2638 critum,
2158 2583 2212 2628 et
2241 2575 2439 2630 multos
2466 2591 2606 2630 nunc
2631 2576 2806 2631 adhuc
2828 2576 2935 2630 illic
2964 2579 3230 2634 inveneris
3263 2579 3502 2649 philoso-

1921 2663 2075 2732 phos.
2109 2662 2234 2718 Hmc
2261 2673 2436 2718 autem
2464 2681 2570 2720 non
2609 2665 2727 2720 sine
2753 2681 2913 2721 causa
2941 2667 3080 2721 dicta
3111 2678 3233 2722 sunt
3270 2685 3298 2722 a
3328 2671 3501 2730 nobis,

1921 2753 2014 2810 sed
2043 2763 2100 2808 ut
2123 2756 2465 2810 ostenderem
2492 2755 2661 2811 multo
2689 2757 2868 2811 studio
2896 2771 3032 2827 opus
3061 2757 3223 2813 fuisse
3249 2759 3413 2814 Paulo
3436 2761 3503 2813 ad

1919 2861 2014 2902 eos
2059 2847 2336 2902 scribenti.
2403 2847 2605 2913 Dicitur
2645 2857 2824 2902 autem
2875 2849 3248 2917 profundiot-cs
3295 2864 3506 2920 quoque

1919 2950 2110 2992 sensus
2133 2937 2213 2992 eis
2240 2935 2556 3000 credidisse,
2581 2947 2764 3007 utpote
2789 2939 2878 3006 qui
2901 2940 3012 3006 jam
3032 2941 3395 2996 catechumeni
3415 2957 3505 2996 es-

1920 3038 2059 3083 sent.
2093 3027 2189 3082 Est
2214 3041 2376 3098 porro
2417 3029 2641 3098 epistola
2673 3029 2830 3100 plena
2879 3029 3195 3086 sublimibus
3225 3035 3507 3088 sententiis

1917 3129 1974 3176 et
1999 3119 2359 3190 dogmatibus.
2390 3119 2588 3176 Scribit
2625 3130 2802 3175 autem
2834 3123 3114 3192 epistulam
3169 3124 3356 3179 Romae
3386 3128 3504 3180 vin-

1919 3220 2036 3266 ctus
2059 3253 2075 3279 ,
2107 3213 2246 3266 sicut
2269 3221 2324 3266 et
2352 3211 2466 3281 ipse
2490 3211 2623 3267 dicit
2652 3211 2858 3266 :Orate
2882 3230 2975 3282 pro
2996 3230 3076 3267 me
3114 3228 3168 3268 ut
3211 3218 3358 3268 detur
3384 3218 3508 3270 nti/ti

1925 3318 2082 3356 sermo
2120 3304 2174 3356 in
2211 3304 2472 3373 apertione
2495 3303 2598 3357 oris
2625 3303 2743 3367 mei,
2775 3321 2889 3358 cunt
2919 3305 3111 3374 ﬁducia
3138 3316 3312 3360 notum
3342 3311 3509 3378 facere

1921 3395 2213 3464 mysterium
2233 3395 2479 3465 evangelii
2508 3435 2523 3461 ,
2557 3412 2649 3464 pro
2674 3412 2772 3465 quo
2801 3396 3053 3467 legatione
3081 3400 3270 3468 [ungor
3316 3405 3370 3453 iu
3415 3417 3506 3454 ca-

1923 3497 2037 3540 tena
2062 3484 2275 3558 (Ephes.
2308 3488 2360 3541 6.
2413 3486 2498 3543 l9.
2537 3486 2655 3559 20).
2684 3488 2753 3543 Et
2781 3489 3068 3544 admodum
3109 3491 3234 3545 altis
3275 3501 3329 3545 et
3375 3495 3508 3547 etni-

1925 3578 2172 3633 nentibus
2223 3579 2376 3647 plena
2408 3588 2490 3634 est
2536 3580 2783 3635 sensibus
2810 3581 2852 3635 ι.
2901 3579 3032 3635 Nam
3075 3597 3194 3650 qua:
3247 3597 3507 3650 nusquam

1924 3668 2036 3724 fere
2065 3680 2147 3724 est
2176 3669 2446 3740 loquutus,
2475 3685 2538 3724 ea
2569 3671 2656 3724 hic
2703 3671 2925 3739 profert,
2969 3681 3027 3725 ut
3070 3671 3282 3742 quando
3327 3673 3457 3728 dicit
3487 3693 3501 3728 :

1931 3763 1999 3818 Ut
2025 3764 2305 3818 innotescat
2334 3781 2470 3817 nunc
2497 3764 2864 3834 principatibus
2889 3776 2934 3819 et
2965 3766 3286 3835 potestatibus
3313 3767 3368 3820 iu
3411 3782 3509 3822 cas-

1925 3855 2130 3912 lestibus
2157 3871 2247 3925 per
2275 3855 2558 3909 Ecclesium
2578 3856 2720 3909 varia
2741 3865 2787 3910 et
2813 3856 3060 3924 mutiplea:
3105 3855 3201 3909 Dei
3225 3857 3508 3926 sapientia;

1925 3958 1980 4004 et
2007 3963 2213 4015 rursus,
2243 3946 2664 4002 Conresuscitavit
2686 3957 2733 4002 et
2763 3950 3031 4002 consedere
3051 3949 3168 4018 fecit
3198 3964 3290 4002 nos
3328 3951 3382 4002 in
3409 3966 3511 4005 caa-

1927 4041 2176 4106 lestibus;
2205 4050 2280 4104 et,
2314 4039 2465 4107 Quod
2500 4041 2617 4096 aliis
2653 4039 3059 4112 generationibus
3083 4056 3182 4093 non
3212 4041 3308 4111 fuit
3332 4043 3511 4112 cogni-

1929 4143 2054 4198 tum,
2084 4149 2218 4187 nunc
2259 4133 2532 4187 revelatum
2557 4133 2656 4202 fuit
2685 4133 2934 4204 apostolis
2957 4133 3149 4187 sanctis
3174 4142 3222 4187 et
3251 4135 3512 4202 prophetis

1926 4224 1980 4276 in
2008 4223 2244 4293 Spiritu,
2271 4235 2440 4295 gentes
2479 4241 2584 4279 esse
2607 4225 2909 4287 coheredes,
2953 4235 2999 4280 et
3039 4227 3425 4295 concorporales
3467 4237 3514 4280 et

1931 4317 2317 4386 comparticipes
2337 4317 2445 4385 ejus
2473 4317 2762 4372 hereditatis
2790 4318 2844 4372 in
2868 4317 3065 4372 Christo
3091 4317 3305 4388 (Ep/tes.
3333 4321 3386 4375 5.
3419 4321 3512 4377 10.

1930 4417 1974 4461 ει
1996 4407 2052 4460 2.
2081 4407 2135 4462 6.
2165 4419 2211 4462 et
2242 4411 2294 4464 5.
2326 4410 2378 4465 5.
2407 4407 2487 4479 6).

1928 4521 2001 4593 dit
2025 4519 2493 4593 pbilosophislmul‘ta
2527 4520 2624 4593 dici
2649 4526 2870 4593 possent,
2896 4521 2982 4593 sed
3001 4521 3248 4593 adeantur
3259 4522 3517 4593 Diogenes

1934 4582 2160 4654 laertius.
2195 4582 2247 4632 et
2290 4583 2390 4630 alii.
2427 4582 2506 4633 De
2528 4583 2815 4646 quibusdam
2837 4591 2977 4632 certe
2995 4618 3009 4642 ,
3046 4591 3102 4633 ut
3123 4585 3187 4633 de
3210 4582 3517 4645 Democrito,

1929 4643 2163 4705 dlSplllal‘l
2189 4651 2366 4706 potest.
2478 4705 2485 4706 ί
2639 4704 2651 4706 _
2919 4703 2944 4706 η
3266 4705 3269 4706 ν

1997 4703 2106 4776 ίιιιι
2127 4703 2413 4776 Qdisliniano
2447 4705 2604 4776 altero
2639 4704 2857 4776 legitur;
2889 4703 3395 4776 IllaautemtIpistola
3417 4722 3513 4776 non

1931 4767 2074 4837 modo
2093 4766 2446 4838 sublimioribus
2468 4766 2768 4832 dogmatibus
2784 4767 2924 4832 plena
2934 4773 3022 4827 est,
3035 4767 3122 4818 sed
3138 4767 3285 4818 etiam
3305 4770 3520 4820 sensibus

1931 4829 2242 4880 eminentibus
2262 4829 2490 4878 abundat.

234 4959 3524 4988 Μ

1683 5024 2029 5086 HOMILIA
2072 5024 2099 5084 Ι

233 5190 376 5247 Cn.
408 5191 435 5244 1
486 5204 540 5242 v.
574 5187 625 5240 1.
663 5181 1143 5252 Paulus,npostolus
1166 5178 1291 5232 Jesu
1315 5173 1498 5230 Christi
1535 5189 1622 5240 per
1656 5171 1835 5224 volun-

1941 5168 2014 5222 cit
2042 5208 2053 5220 .
2083 5167 2321 5221 Mulieres
2349 5167 2470 5219 viris
2498 5168 2602 5220 suis
2641 5168 2740 5220 sint
2766 5167 3023 5232 subdita;
3060 5176 3116 5222 et
3141 5184 3342 5236 rursus,
3379 5169 3527 5236 Filii,

315 5291 478 5335 tatem
526 5278 667 5343 Dei,
716 5277 903 5329 sanctis
933 5273 1016 5343 qui
1035 5281 1158 5352 sunt
1188 5267 1418 5338 Ephesi,
1447 5275 1491 5319 et
1528 5262 1757 5332 ﬁdelibus
1789 5261 1841 5314 in
1943 5260 2138 5313 obedite
2187 5257 2475 5328 parentibus
2523 5259 2736 5321 vestris;
2794 5267 2884 5322 et,
2938 5257 3085 5312 Serui
3113 5300 3126 5322 ,
3176 5259 3370 5314 obedite
3424 5261 3522 5314 do-

316 5371 529 5426 Christo
557 5367 688 5421 Jesu
718 5381 739 5422 :
764 5364 821 5419 2.
870 5351 1039 5436 gratia
1063 5360 1196 5414 vobis
1240 5369 1286 5412 et
1336 5372 1439 5429 pax
1461 5372 1494 5408 a
1544 5353 1653 5408 Deo
1688 5351 1842 5405 Patre

317 5474 503 5518 nostra
532 5471 583 5514 et
611 5458 831 5512 Domino
869 5455 996 5509 Jesu
1022 5451 1242 5507 Christo.

317 5559 378 5612 1.
424 5556 568 5610 Ecce
599 5552 761 5616 illud,
799 5567 908 5621 per,
935 5549 1081 5604 dedit
1123 5546 1290 5602 Patri.
1329 5545 1464 5612 Quid
1505 5542 1672 5614 ergo"
1697 5541 1844 5596 dice-

240 5663 452 5704 nittsne
478 5661 602 5700 eum
635 5644 934 5697 minorem?
974 5640 1207 5696 Minime.
1253 5637 1477 5703 Sanctis,
1525 5635 1724 5704 inquit,
1765 5633 1849 5699 qui

237 5750 376 5794 sunt
408 5737 624 5804 Ephesi,
648 5746 695 5789 et
724 5734 956 5802 ﬁdelibus
984 5734 1033 5785 in
1065 5731 1263 5786 Christo
1287 5727 1432 5782 Iesu.
1467 5727 1603 5781 Ecce
1638 5733 1850 5778 sanctos

237 5843 418 5888 vocat
449 5831 597 5882 viros
626 5829 718 5898 qui
760 5827 958 5880 habent
988 5835 1041 5879 et
1068 5825 1204 5878 lilios
1240 5833 1294 5876 et
1323 5836 1514 5875 uxores
1543 5829 1595 5872 et
1624 5830 1808 5870 servos
1837 5831 1850 5865 :

243 5938 309 5984 et
375 5923 479 5979 hoc
529 5931 746 5979 constat
801 5937 865 5976 ex
921 5921 1026 5975 ﬁne
1075 5917 1355 5988 epistulae,
1403 5924 1458 5969 ut
1497 5909 1710 5984 quando
1769 5906 1852 5962 di-

1948 5354 2097 5408 minis
2127 5352 2353 5419 (Ephes.
2399 5352 2453 5406 5.
2491 5350 2579 5403 ἓξ.
2608 5360 2652 5404 et
2679 5349 2732 5404 6.
2764 5351 2817 5404 1.
2845 5350 2880 5405 5
2913 5355 2950 5420 ).
3007 5351 3314 5420 Cogitemus
3351 5367 3526 5421 quan-

1949 5458 2001 5501 ta
2053 5460 2150 5500 nos
2202 5454 2351 5499 tenet
2397 5444 2680 5508 socordia,
2730 5453 2784 5496 et
2836 5458 2994 5512 quam
3042 5459 3160 5497 rara
3223 5443 3293 5497 sit
3335 5443 3526 5510 virtus,

1952 5549 2008 5593 et
2037 5545 2269 5608 quantus
2311 5545 2439 5590 tunc
2479 5546 2623 5588 esset
2664 5545 2951 5604 proventus
2987 5535 3247 5588 bonorum
3294 5536 3530 5591 virorum

1955 5640 2012 5684 et
2038 5629 2235 5683 virtute
2272 5626 2652 5696 prteditorum,
2691 5634 2752 5679 ut
2801 5626 2960 5680 etiam
3002 5625 3256 5679 mundani
3296 5643 3389 5680 seu
3428 5644 3536 5682 ste-

1960 5721 2172 5775 culares
2218 5728 2344 5772 tunc
2396 5718 2563 5772 sancti
2619 5719 2923 5772 dicerentur
2969 5726 3023 5772 et
3093 5717 3298 5772 ﬁdeles.
3362 5719 3542 5773 Gratia

1964 5814 2100 5867 vobis
2124 5821 2170 5865 et
2196 5827 2300 5882 pan:
2336 5827 2368 5862 a
2399 5809 2504 5864 Deo
2534 5809 2682 5863 Patre
2721 5819 2890 5863 nostra
2917 5819 2963 5862 et
2994 5809 3214 5863 Domino
3237 5809 3361 5864 Jesn
3391 5810 3540 5865 Chri-

1974 5917 2072 5961 sto.
2123 5903 2362 5960 Gratiam
2397 5902 2566 5971 dixit,
2607 5911 2659 5957 et
2703 5903 2915 5958 Patrem
2964 5901 3134 5958 Deum
3178 5904 3433 5959 vocavit:
3483 5905 3548 5958 ιι.
