4002 6518
543 410 598 463 li
1248 409 1305 466 8.
1345 407 1621 474 JOANNIS
1655 403 2130 463 CHRYSOSTOMI
2169 403 2487 460 AllClllEl’.
2528 405 3058 473 CONSTANTINOP.
3749 414 3827 468 εἰ

541 524 641 578 lius
673 520 820 574 enim
843 519 1027 591 gratia:
1069 519 1170 576 hoc
1196 528 1280 574 est
1318 519 1593 576 indicium.
1621 518 1942 586 Quomodo?
1986 517 2127 574 Audi

541 631 668 671 cum
695 613 820 668 alibi
850 613 1116 668 dicentem
1150 630 1164 668 :
1199 612 1454 678 Quoniam
1494 622 1665 666 autem
1699 613 1816 667 estis
1844 612 1944 681 ﬁlii
1987 609 2129 675 Dei,

537 708 682 762 misit
707 707 846 761 Deus
881 706 1133 773 Spiritum
1158 702 1284 758 Filii
1308 705 1387 758 sui
1406 705 1460 759 in
1486 705 1644 761 corda
1668 714 1833 758 vestra
1856 745 1872 770 ,
1900 703 2132 757 clamanp

534 817 658 866 rem,
689 800 828 853 Abba
866 798 1020 851 I’ater
1045 795 1188 869 (Gal.
1216 797 1272 852 4.
1300 795 1379 869 6).
1432 795 1502 851 Et
1547 796 1757 852 Domini
1801 798 1962 851 nostri
2004 794 2133 850 Iesu

541 889 749 944 Christi.
776 890 1000 958 Propter
1023 904 1123 944 nos
1149 889 1294 944 enim
1333 889 1575 944 Christus
1610 887 1781 943 factus
1809 897 1928 953 est,
1977 895 2033 942 et
2075 888 2131 942 in

539 997 702 1036 carne
729 981 876 1034 visus
904 989 1004 1034 est.
1031 981 1084 1034 5.
1116 978 1421 1034 Benedictus
1461 978 1620 1045 Deus,
1653 979 1859 1049 inquit,
1886 988 1934 1032 et
1973 977 2131 1032 Pater

540 1071 748 1125 Domini
778 1072 936 1125 nostri
974 1071 1100 1125 Jesu
1126 1070 1335 1125 Christi.
1364 1071 1504 1126 Ecce
1527 1111 1542 1136 ,
1577 1071 1714 1124 Deus
1743 1069 1857 1138 ejus
1887 1070 1978 1140 qui
2008 1084 2131 1123 car-

509 1138 670 1218 :nem
705 1163 962 1233 suscepit.
991 1161 1213 1230 Quodsi
1245 1176 1349 1216 non
1384 1161 1499 1226 vis,
1549 1169 1604 1214 at
1629 1160 1723 1215 Dei
1758 1138 1920 1214 Verbi
1948 1158 2127 1214 Pater.

540 1256 641 1322 Qui
687 1255 936 1309 benedixit
981 1270 1074 1307 nos
1120 1253 1175 1306 in
1217 1253 1355 1308 omni
1394 1251 1735 1306 benedictione
1778 1249 2032 1319 spirituali
2077 1249 2131 1304 in

540 1347 818 1403 cwlestibus
855 1347 909 1400 in
937 1345 1161 1400 Christo.
1191 1343 1468 1398 Judaicam
1509 1341 1596 1398 hic
1637 1341 1941 1396 subindicat
1969 1341 2132 1396 bene-

539 1440 828 1493 dictionem
863 1455 877 1491 :
911 1453 1033 1491 nam
1071 1445 1189 1491 erat
1237 1435 1456 1506 quidem
1495 1433 1832 1501 benedictio,
1880 1434 1976 1488 sed
2021 1448 2129 1488 non

544 1530 859 1601 spiritualis.
892 1528 1029 1596 Quid
1059 1529 1201 1583 enim
1228 1527 1398 1582 dicit?
1429 1527 1700 1581 Benedicat
1739 1535 1787 1580 te
1823 1525 1960 1580 Deus
1981 1567 1996 1594 ,
2027 1524 2130 1580 Be-

541 1623 735 1676 nedicet
776 1626 927 1693 {cetus
955 1623 1084 1675 uteri
1112 1622 1186 1674 tui
1208 1620 1400 1691 (Num.
1427 1620 1479 1676 6.
1509 1619 1664 1675 Deut.
1689 1621 1742 1675 Ἰ.
1777 1617 1892 1692 15),
1925 1619 2131 1674 benedi-

535 1722 617 1769 πίει
644 1714 906 1766 introitum
933 1723 1075 1766 tuum
1102 1721 1151 1766 et
1170 1713 1358 1765 exitum
1379 1722 1539 1766 tuum.
1569 1711 1668 1767 Hic
1686 1722 1864 1767 autem
1886 1726 1992 1766 non
2020 1710 2127 1776 sic;

543 1804 639 1860 sed
669 1805 834 1875 quid?
881 1803 947 1859 In
977 1806 1116 1859 omni
1149 1805 1491 1859 benedictione
1516 1805 1791 1876 spirituali.
1819 1804 1958 1873 Quid
1987 1805 2130 1860 enim

544 1899 720 1954 adhuc
754 1897 847 1952 tibi
879 1897 1074 1953 deest?
1105 1897 1300 1952 Factus
1324 1911 1384 1951 es
1411 1897 1747 1961 immortalis,
1777 1895 1951 1952 {actus
1975 1912 2033 1952 es
2068 1897 2133 1950 li-

544 1989 662 2055 ber,
691 1988 861 2043 factus
883 2004 944 2043 es
996 1987 1158 2054 ﬁlius,
1185 1986 1355 2041 factus
1398 2001 1458 2041 es
1490 1988 1686 2055 justus,
1719 1985 1890 2041 laetus
1922 2002 1984 2042 es
2028 1986 2134 2042 ira-

546 2092 647 2148 ter,
672 2081 840 2136 lactus
869 2095 928 2135 es
951 2081 1178 2134 coheres
1204 2097 1218 2133 :
1245 2077 1403 2133 simul
1434 2093 1646 2148 regnas,
1677 2078 1835 2132 simul
1865 2077 2133 2148 gloriﬁca-

546 2176 658 2230 ris:
692 2175 868 2229 omnia
910 2174 1006 2228 tibi
1057 2172 1222 2244 gratis
1245 2171 1483 2226 donavit.
1533 2171 1799 2237 Quomodo
1833 2187 1934 2224 non
1979 2172 2132 2225 etiam

544 2281 660 2318 cum
687 2265 820 2335 ipso,
845 2263 1037 2333 inquit,
1067 2262 1238 2316 omnia
1275 2261 1417 2315 nobis
1443 2259 1650 2314 donabit
1680 2259 1867 2332 (Rom.
1899 2261 1954 2316 8.
1997 2259 2133 2332 52)?

548 2356 802 2410 l'rimitize
830 2365 930 2409 tua:
972 2353 1262 2408 adorantur
1299 2353 1367 2407 ab
1393 2352 1632 2423 angelis,
1661 2367 1691 2406 a
1720 2351 2037 2408 Cberubinis
2079 2361 2135 2407 et

549 2448 864 2518 Seraphinis
893 2465 906 2500 :
940 2446 1066 2517 quid
1093 2446 1269 2501 adhuc
1299 2444 1493 2501 deest?
1520 2443 1587 2499 In
1627 2446 1765 2500 omni
1793 2444 2136 2500 benedictione

545 2540 820 2610 spirituali.
856 2538 995 2593 Nihil
1022 2548 1106 2593 est
1135 2538 1221 2591 hic
1244 2537 1480 2592 carnale.
1516 2536 1805 2607 Propterea
1831 2539 2008 2593 omnia
2045 2537 2134 2592 illa

548 2633 747 2686 exemit
773 2630 988 2693 dicens,
1021 2628 1086 2682 lu
1127 2628 1317 2682 mundo
1357 2644 1646 2697 pressuram
1672 2627 1912 2683 habebitis
1937 2626 2130 2698 (Joan.

550 2724 640 2778 16.
675 2724 790 2794 55),
839 2734 894 2776 ut
924 2723 1013 2791 qui
1045 2735 1144 2776 nos
1169 2720 1236 2774 ad
1280 2720 1396 2774 hmo
1438 2719 1670 2774 duxerit.
1699 2719 1834 2774 Nam
1878 2719 2018 2775 sicut
2045 2721 2134 2790 qui

551 2814 815 2868 habebant
841 2812 1096 2877 carnalia,
1129 2810 1426 2881 spiritualia
1481 2810 1669 2865 audire
1708 2826 1813 2864 non
1842 2821 2088 2881 poterant
2117 2830 2131 2866 :

550 2907 624 2961 ita
645 2905 735 2975 qui
763 2913 1122 2974 assequuntur
1147 2902 1470 2972 spiritualia,
1499 2916 1562 2956 ea
1590 2917 1698 2957 non
1735 2913 1958 2972 possunt
1985 2918 2135 2959 asso-

549 2997 673 3066 qui,
719 2995 822 3050 nisi
864 2995 1010 3064 prius
1052 2993 1334 3048 discedant
1375 3007 1408 3046 a
1454 2993 1784 3048 carnalibus.
1836 2994 1972 3062 Quid
2017 3003 2134 3063 est,

552 3087 858 3142 benedictio
908 3085 1201 3157 spiritualis
1232 3086 1287 3140 in
1331 3085 1822 3140 caelestibus?Non
1869 3087 1924 3141 in
1972 3097 2135 3155 terra,

551 3178 765 3248 inquit,
807 3177 946 3232 sicut
982 3175 1123 3247 apud
1171 3175 1387 3231 Judzeos
1424 3193 1438 3229 :
1489 3174 1636 3230 Bona
1679 3187 1826 3232 terra:
1872 3180 2139 3234 comedetis

555 3269 707 3339 (lsai.
739 3271 790 3324 1.
823 3269 911 3338 19)
937 3285 950 3321 :
983 3266 1048 3322 In
1072 3277 1258 3322 terram
1278 3268 1518 3338 ﬂuentem
1542 3267 1691 3323 melle
1713 3280 1762 3322 et
1782 3269 1912 3323 lacte
1935 3268 2135 3334 (Exod.

552 3365 641 3418 55.
671 3364 726 3432 5)
759 3381 772 3417 :
803 3361 1070 3416 Benedicet
1117 3359 1258 3414 Deus
1298 3370 1486 3414 terram
1536 3371 1675 3414 tuam
1706 3359 1894 3430 (Psal.
1924 3362 2012 3416 84.
2047 3364 2134 3418 15.

554 3458 710 3511 Deut.
760 3457 848 3511 15,
880 3456 960 3524 4).
1006 3453 1101 3507 llic
1139 3463 1320 3507 autem
1348 3452 1481 3506 nihil
1513 3452 1652 3518 tale;
1689 3453 1784 3508 sed
1832 3454 1998 3524 quid?
2040 3455 2140 3521 Qui

556 3550 724 3620 diligit
753 3564 850 3612 me,
884 3545 1129 3599 mandata
1171 3560 1282 3597 mea
1323 3543 1558 3609 servabit,
1588 3553 1636 3598 et
1678 3561 1768 3615 ego
1796 3555 1842 3598 et
1874 3545 2029 3600 Pater
2071 3548 2140 3601 ad

553 3660 670 3696 eum
691 3642 963 3704 veniemus,
982 3647 1030 3691 et
1051 3637 1363 3692 mansionem
1383 3637 1523 3707 apud
1544 3653 1658 3691 eum
1685 3639 1928 3707 faciemus
1954 3640 2136 3712 (Joan.

553 3736 648 3788 M.
675 3733 790 3799 25).
833 3730 932 3797 Qui
961 3729 1105 3782 audit
1132 3729 1240 3782 hcec
1265 3744 1375 3781 mea
1400 3727 1567 3794 verba,
1601 3737 1647 3782 et
1675 3744 1735 3782 ea
1764 3732 1975 3799 fecerit,
2011 3733 2139 3786 assi-

555 3827 815 3881 milabitur
859 3824 966 3877 viro
1009 3821 1279 3891 prudenti,
1328 3821 1414 3890 qui
1441 3821 1710 3889 wdi/icavit
1759 3821 1964 3876 domum
1995 3840 2138 3878 suam

555 3935 713 3988 supra
748 3927 963 3986 petram,
995 3923 1040 3966 et
1064 3913 1310 3983 [laverunt
1331 3911 1462 3964 venti
1484 3949 1502 3978 ,
1544 3921 1590 3966 et
1616 3921 1855 3965 venerunt
1882 3913 2028 3982 ﬂuvii
2049 3955 2065 3980 ,
2095 3924 2141 3969 et

553 4015 850 4080 irruperunt
897 4009 950 4060 in
979 4006 1183 4059 domum
1217 4003 1390 4068 illam,
1416 4011 1462 4056 et
1490 4019 1592 4056 non
1643 4003 1822 4056 cecidit
1853 4018 1873 4058 :
1923 4006 2140 4073 fundata

557 4105 692 4158 enim
734 4108 842 4154 erat
886 4113 1044 4166 supra
1086 4096 1287 4164 [iratam
1323 4102 1517 4164 petram
1545 4092 1757 4163 (Matth.
1811 4094 1862 4146 7.
1903 4093 1993 4148 9-4.
2023 4095 2136 4166 25).

554 4193 712 4249 Petra
740 4198 919 4245 autem
963 4201 1209 4258 quaenam
1262 4193 1376 4249 est,
1426 4183 1529 4238 nisi
1578 4199 1666 4238 res
1713 4183 1975 4251 czelestcs,
2020 4201 2140 4256 qua:

553 4293 685 4339 sunt
711 4280 1022 4352 superiores
1042 4279 1229 4348 quavis
1255 4275 1600 4330 mutatione?
1629 4275 1730 4343 Qui
1756 4279 1899 4331 enim
1944 4281 2140 4348 confes-

556 4394 642 4432 sus
667 4392 745 4429 me
775 4372 948 4446 fuerit,
981 4369 1172 4437 inquit,
1204 4383 1377 4421 coram
1420 4367 1735 4433 hominibus,
1777 4369 2052 4435 conﬁtebor
2091 4379 2139 4424 et

553 4488 645 4541 ego
667 4483 781 4522 eum
805 4480 976 4519 coram
1006 4461 1166 4515 Patre
1194 4475 1304 4514 meo
1327 4458 1412 4529 qui
1434 4469 1506 4513 est
1528 4462 1581 4512 in
1627 4458 1786 4512 cretis.
1817 4459 1886 4513 Et
1912 4460 2141 4529 quicum-

553 4579 651 4632 que
676 4577 754 4614 me
782 4556 1032 4628 negaverit
1055 4596 1071 4622 ,
1106 4569 1195 4624 ego
1225 4569 1416 4621 quoque
1445 4567 1558 4604 eum
1579 4551 1770 4619 negabo
1799 4551 2017 4622 (Matth.
2044 4551 2134 4609 10.

557 4655 648 4711 52.
685 4651 799 4724 55).
827 4652 892 4706 lit
922 4663 1109 4704 rursus
1133 4664 1146 4700 :
1179 4645 1323 4700 Beati
1349 4645 1538 4699 mundo
1559 4646 1729 4711 corde,
1757 4647 1997 4716 quoniam
2039 4647 2139 4716 ipsi

555 4749 720 4802 Deum
752 4743 988 4800 videbunt
1022 4739 1236 4810 (Matth.
1267 4739 1322 4794 5.
1354 4739 1447 4809 8);
1478 4747 1535 4792 et
1559 4737 1784 4803 iterum,
1835 4737 1981 4794 Beati
2008 4756 2139 4808 pau-

552 4857 695 4911 peres
720 4838 936 4908 spiritu,
987 4833 1226 4904 quoniam
1255 4833 1482 4901 ipsorum
1528 4839 1603 4884 est
1643 4847 1853 4902 regnum
1900 4833 2138 4887 ctelorum

550 4931 712 5001 (Ibid.
745 4947 791 4983 v.
825 4925 913 4997 5);
946 4933 1002 4980 et
1034 4936 1244 4990 rursus,
1267 4920 1412 4975 Beati
1433 4923 1520 4991 qui
1565 4925 1996 4993 persequutionem
2045 4943 2137 4994 pa-

555 5028 745 5079 tiuntur
788 5029 991 5092 propter
1021 5017 1314 5088 justitiam,
1351 5015 1591 5086 quoniam
1621 5033 1804 5072 merces
1846 5028 2008 5071 vestra
2051 5036 2135 5072 co-

468 5122 479 5133 '
551 5121 696 5189 piosa
733 5126 805 5171 est
845 5115 898 5168 in
924 5112 1061 5169 caelis
1091 5109 1254 5183 (Ibid.
1285 5125 1336 5163 v.
1361 5106 1474 5180 10).
1503 5107 1665 5163 Vides
1709 5109 1902 5178 ubique
1948 5110 2131 5176 caelos,

549 5225 812 5280 nusquam
841 5219 1069 5268 terram,
1103 5217 1277 5272 neque
1316 5216 1436 5271 qua:
1475 5210 1599 5254 sunt
1626 5199 1678 5254 in
1723 5209 1882 5255 terra.
1917 5201 1986 5255 Et
2011 5218 2132 5256 rur-

545 5319 641 5359 sus
671 5320 684 5356 :
713 5298 908 5354 Nostra
936 5294 1247 5350 conversatio
1291 5301 1366 5347 est
1393 5293 1448 5345 in
1473 5291 1636 5358 cazlis,
1667 5292 1802 5345 unde
1831 5294 1983 5346 etiam
2012 5293 2132 5349 Sal-

547 5406 772 5448 vatorem
815 5397 1164 5459 exspectamus
1208 5383 1488 5440 Dominum
1535 5383 1715 5437 Iesum
1757 5383 2025 5456 (Philipp.
2074 5388 2128 5442 5.

545 5487 639 5540 ‘20.
673 5484 787 5555 l9).
823 5483 892 5536 Et
917 5492 1122 5543 rursus,
1157 5475 1274 5531 Non
1306 5485 1519 5530 terrena
1562 5476 1854 5545 sapientes,
1886 5478 1980 5532 sed
2011 5494 2130 5548 qua:

545 5587 674 5631 sunt
700 5575 754 5629 in
777 5573 943 5628 czelis.
977 5570 1046 5624 In
1073 5569 1276 5623 Christo
1297 5565 1446 5621 Iesu.
1474 5565 1589 5622 Hoc
1613 5577 1715 5633 est,
1741 5582 1836 5636 per
1857 5567 2126 5625 Christum

548 5669 755 5731 Jesum,
786 5680 892 5719 non
921 5677 1013 5732 per
1041 5660 1260 5732 Moysen
1288 5667 1404 5714 erat
1444 5659 1559 5713 haec
1596 5659 1914 5714 benedictio.
1954 5662 2128 5728 Quare

546 5777 653 5816 non
683 5757 856 5814 solum
885 5754 1160 5825 qualitate,
1205 5751 1300 5806 sed
1328 5749 1490 5806 etiam
1520 5749 1873 5806 intercessore
1903 5751 2124 5807 excelli-

546 5868 689 5911 mus.
723 5852 873 5910 Sicut
897 5848 1058 5906 etiam
1088 5845 1216 5904 dicit
1240 5844 1295 5902 in
1320 5843 1561 5915 Epistola
1601 5843 1667 5900 ad
1696 5843 1948 5903 llcbrteos
1996 5863 2010 5899 :
2055 5844 2123 5900 Et

2245 519 2448 592 Moyses
2471 521 2673 591 quidem
2699 521 2866 591 ﬁdelis
2889 523 2943 576 in
2973 533 3078 578 tota
3121 523 3272 580 doma
3292 541 3404 592 sua,
3430 526 3560 582 sicut
3589 531 3827 586 minister

2237 613 2290 667 in
2314 614 2653 668 testimonium
2680 632 2854 670 eorum
2881 632 2994 686 quae
3017 629 3161 672 erant
3187 618 3401 674 dicenda
3425 637 3444 676 .'
3471 623 3698 680 Christus
3724 645 3827 680 au-

2239 715 2336 760 tem
2362 715 2622 776 tamquam
2649 708 2787 775 ﬁlius
2826 725 2981 778 super
3006 711 3211 764 domum
3238 729 3400 778 suam,
3447 717 3595 787 cujus
3637 719 3826 774 domus

2237 812 2412 852 sumus
2437 813 2529 852 nos
2549 796 2737 867 (Hebr.
2769 800 2822 854 5.
2849 800 2904 856 5.
2933 799 3013 872 6).
3044 802 3100 857 4.
3133 801 3280 858 Sicut
3316 806 3464 876 elegit
3493 823 3585 862 nos
3611 810 3666 862 in
3706 811 3826 881 ipso

2236 898 2356 942 ante
2392 890 2568 944 mundi
2607 891 3042 960 constitutionem,
3075 903 3135 948 ut
3184 912 3402 952 essemus
3428 901 3592 955 sancti
3631 911 3678 956 et
3720 905 3826 957 im-

2235 981 2480 1035 maculati
2497 982 2552 1036 in
2581 993 2853 1054 conspectu
2876 986 3006 1056 ejus.
3035 985 3149 1043 Hoc
3167 998 3251 1043 est
3276 999 3456 1045 autem
3482 992 3623 1063 quod
3648 993 3777 1049 dicit
3802 1013 3820 1049 :

2237 1073 2341 1130 Per
2365 1090 2526 1145 quem
2553 1090 2654 1131 nos
2678 1075 2986 1144 benedixit,
3018 1094 3115 1150 per
3143 1095 3264 1136 eum
3303 1083 3464 1138 etiam
3492 1086 3669 1156 elegit.
3697 1087 3826 1157 Ipse

2235 1181 2366 1238 ergo
2388 1166 2543 1223 nobis
2574 1167 2684 1222 illic
2710 1169 2888 1225 omnia
2911 1169 3133 1228 donabit
3163 1191 3178 1228 :
3208 1173 3324 1244 ipse
3344 1185 3428 1230 est
3445 1175 3638 1243 ludes,
3661 1188 3713 1234 et
3733 1180 3823 1236 di-

2235 1266 2324 1313 cet
2345 1276 2358 1312 :
2379 1256 2566 1325 Venite,
2586 1259 2834 1314 benedicti
2843 1259 3018 1315 Patris
3031 1263 3148 1331 mei,
3167 1265 3417 1333 possidete
3431 1279 3664 1338 paratum
3679 1271 3824 1327 vobis

2232 1367 2444 1422 regnum
2465 1368 2498 1406 a
2525 1353 2882 1410 constitutione
2919 1354 3100 1408 mundi
3139 1354 3350 1428 (Matth.
3383 1359 3437 1414 1.
3468 1359 3559 1416 25.
3587 1361 3730 1433 54);
3762 1372 3823 1420 et

2235 1456 2442 1510 rursus,
2493 1442 2592 1499 Ubi
2619 1460 2732 1500 sum
2758 1461 2885 1517 ego,
2925 1447 3038 1502 volo
3067 1456 3120 1501 ut
3158 1447 3213 1503 hi
3252 1466 3448 1521 quoque
3487 1454 3589 1508 sint
3632 1454 3817 1528 (Joan.

2235 1535 2323 1589 ιτ.
2349 1534 2466 1607 es).

2304 1626 2359 1681 2.
2392 1627 2461 1682 Et
2485 1627 2540 1683 in
2563 1629 2812 1686 omnibus
2837 1629 2951 1688 fere
2975 1632 3216 1704 epistolis
3262 1634 3446 1692 studet
3492 1637 3596 1694 hoc
3635 1649 3822 1696 osten-

2234 1720 2398 1786 dere,
2425 1720 2570 1791 quod
2603 1732 2785 1778 nostra
2812 1737 2922 1780 non
2950 1725 3059 1780 sint
3086 1727 3358 1796 recentia,
3401 1728 3500 1785 sed
3534 1729 3645 1800 jam
3686 1733 3816 1789 olim

2234 1813 2512 1870 ell'ormata
2541 1817 2650 1872 sint
2674 1826 2729 1872 et
2747 1832 3038 1888 expressa;
3080 1834 3254 1891 neque
3273 1835 3340 1875 ex
3363 1837 3428 1877 eo
3465 1823 3608 1893 quod
3647 1825 3817 1883 Deum

2238 1907 2573 1976 ptenituerit,
2603 1907 2700 1964 sed
2720 1924 2808 1964 res
2853 1910 2926 1964 ita
2965 1909 3164 1966 fuerint
3207 1911 3530 1982 dispensata:
3573 1925 3628 1971 et
3676 1931 3816 1987 pra:-

2235 1999 2536 2054 destinatze.
2566 1999 2680 2057 lloc
2705 2010 2996 2057 autemest
3041 2004 3223 2058 multae
3267 2005 3637 2075 providentia}.
3676 2008 3818 2078 Quid

2235 2098 2320 2145 est
2343 2131 2358 2155 ,
2385 2089 2554 2162 Elegit
2584 2092 2635 2144 in
2667 2093 2778 2162 ipso
2799 2093 2825 2146 1’
2858 2092 2960 2147 Per
2987 2093 3146 2148 iidem
3172 2095 3223 2148 in
3251 2094 3424 2166 ipsum
3452 2096 3692 2154 Christus
3716 2100 3820 2156 hoc

2235 2182 2492 2252 praeclare
2516 2184 2682 2252 gessit
2705 2184 3012 2254 priusquam
3055 2184 3180 2240 lacti
3219 2200 3497 2255 essemus,
3543 2190 3650 2245 imo
3690 2206 3819 2248 vero

2238 2273 2544 2343 priusquam
2587 2275 2910 2330 constitutus
2949 2284 3092 2330 esset
3129 2276 3380 2332 mundus.
3432 2278 3596 2336 Recte
3639 2290 3822 2338 autem

2235 2368 2669 2423 constitutionem
2710 2368 2995 2438 appellavit
3039 2377 3306 2431 καταϐολὴν
3340 2412 3357 2437 ,
3405 2370 3456 2426 id
3498 2382 3618 2436 est,
3673 2373 3821 2442 deje-

2235 2459 2491 2525 ctionem,
2514 2468 2782 2530 tau'iquam
2803 2475 2832 2513 a
2859 2475 3046 2530 magna
3066 2460 3243 2532 aliqua
3261 2462 3536 2520 altitudine
3553 2464 3816 2534 dejectum

2238 2552 2408 2620 ipsum
2434 2551 2741 2606 ostendens.
2772 2551 2956 2622 Magna
2985 2552 3129 2610 enim
3158 2563 3242 2608 est
3263 2594 3280 2620 ,
3311 2564 3366 2609 et
3401 2571 3518 2624 qua:
3556 2556 3659 2611 dici
3704 2574 3812 2611 non

2238 2653 2432 2715 potest,
2459 2644 2552 2699 Dei
2579 2644 2842 2709 altitudo,
2888 2658 2998 2699 non
3042 2645 3202 2713 loco,
3243 2647 3339 2702 sed
3383 2647 3523 2718 quod
3571 2650 3820 2720 superius

2238 2745 2420 2792 evecta
2451 2737 2522 2790 sit
2549 2737 2666 2806 cjus
2693 2747 2917 2804 natura;
2965 2745 3022 2792 et
3063 2753 3316 2807 magnum
3360 2750 3444 2794 cst
3478 2740 3823 2797 interstitium

2240 2829 2378 2883 inter
2403 2844 2516 2883 rem
2544 2838 2778 2883 creatam
2810 2837 2865 2883 et
2889 2839 3211 2884 creatorem.
3262 2832 3596 2888 Erubescant
3645 2833 3821 2890 hare-

2241 2920 2328 2974 tici
2360 2919 2438 2988 (a)
2471 2922 2586 2973 htec
2610 2917 2912 2973 audientes.
2937 2918 3076 2985 Quid
3114 2934 3294 2978 autem
3343 2922 3546 2992 elegit?
3587 2921 3656 2978 Ut
3689 2939 3824 2978 esse-

2240 3029 2351 3066 mus
2375 3011 2538 3066 sancti
2563 3021 2609 3065 et
2632 3013 2942 3066 immaculati
2980 3014 3034 3067 in
3066 3025 3335 3084 conspectu
3382 3018 3517 3086 ejus.
3570 3016 3649 3073 Ne
3691 3034 3824 3089 ergo

2239 3104 2462 3160 audiens
2488 3106 2628 3174 quod
2655 3105 2909 3175 elegerit,
2952 3106 3110 3162 ﬁdem
3139 3109 3307 3163 solam
3337 3109 3584 3167 sufﬁcere
3627 3122 3780 3183 putes
3803 3153 3823 3180 ,

2241 3200 2402 3254 vitam
2446 3199 2607 3254 etiam
2664 3200 2813 3255 addit
2845 3219 2860 3257 :
2889 3201 3225 3272 Propterea,
3274 3206 3477 3276 inquit,
3519 3224 3617 3264 nos
3662 3211 3827 3280 elegit

2241 3293 2400 3346 etiam
2427 3292 2492 3346 ad
2521 3292 2623 3348 hoc
2643 3331 2658 3357 ,
2691 3304 2748 3347 ut
2775 3308 3018 3349 essemus
3043 3297 3215 3352 sancti
3245 3307 3300 3353 ct
3327 3299 3668 3354 immaculati.
3693 3301 3825 3357 Ele-

2241 3387 2316 3456 git
2359 3387 2521 3440 etiam
2566 3385 2858 3455 aliquando
2906 3386 3142 3443 Judzeos.
3188 3389 3516 3457 Quomodo?
3563 3391 3820 3459 Gentem,

2242 3480 2444 3549 inquit,
2495 3479 2631 3533 hanc
2677 3479 2837 3549 elegit
2880 3495 2944 3534 ex
2985 3481 3234 3550 gentibus
3262 3485 3279 3552 (
3305 3482 3456 3538 Deut.
3484 3485 3537 3540 7.
3577 3484 3630 3539 6.
3655 3497 3699 3539 et
3732 3488 3822 3541 14.

2241 3572 2276 3624 9.
2297 3575 2338 3639 ).
2367 3569 2421 3626 Si
2450 3581 2628 3625 autem
2668 3571 2914 3626 homines
2940 3573 3202 3644 eligentes
3229 3591 3348 3644 qua:
3372 3585 3496 3631 sunt
3531 3577 3724 3648 optima
3767 3588 3827 3634 et

2245 3663 2598 3733 pulcherrima
2622 3665 2863 3733 eligunt,
2893 3666 3059 3722 multo
3088 3668 3258 3737 magis
3287 3668 3447 3724 Deus.

2315 3755 2493 3809 Sancti
2515 3756 2721 3824 quinam
2743 3771 2854 3810 vere
2872 3757 2993 3810 sint.
3017 3786 3088 3796 —
3111 3757 3324 3814 Electos
3344 3774 3555 3829 quoque
3577 3773 3713 3825 esse,
3736 3771 3825 3816 est

2246 3857 2300 3900 et
2327 3848 2416 3902 ltei
2443 3846 2785 3916 benignitatis
2812 3861 2876 3901 ac
2899 3848 3198 3902 clementia:
3241 3858 3295 3903 ct
3333 3849 3569 3919 ipsorum
3608 3851 3825 3904 virtutis

2244 3939 2542 3993 indicium:
2581 3938 2801 3993 omnino
2847 3938 2987 3994 enim
3043 3938 3294 4009 probatos
3351 3939 3547 4010 elegit,
3603 3941 3826 4010 ipseque

2248 4049 2345 4088 nos
2377 4033 2499 4086 fecit
2528 4042 2774 4096 sanctos;
2807 4030 2901 4086 sed
2925 4040 3134 4101 oportet
3171 4047 3386 4086 manere
3425 4040 3653 4086 sanctos.
3681 4032 3824 4086 San-

2243 4137 2362 4182 ctus
2389 4134 2474 4181 est
2501 4125 2592 4195 qui
2617 4133 2702 4180 est
2721 4127 2990 4195 particeps
3017 4124 3160 4192 lidei,
3189 4124 3281 4195 qui
3308 4133 3394 4180 est
3419 4124 3820 4192 immaculatus,

2242 4219 2335 4289 qui
2361 4218 2525 4272 vitam
2554 4216 2714 4272 habet
2738 4218 2789 4272 in
2817 4233 2975 4287 quam
2997 4217 3143 4271 nulla
3165 4215 3306 4271 cadit
3328 4216 3693 4287 reprehensio.
3712 4215 3827 4273 Sed

2243 4328 2349 4366 non
2380 4320 2585 4365 tantum
2616 4309 2809 4378 quterit
2849 4309 3184 4363 sanctitatem
3209 4349 3223 4374 ,
3276 4317 3330 4363 et
3373 4319 3432 4363 ut
3478 4309 3608 4364 nulli
3652 4309 3828 4364 simus

2243 4403 2434 4457 attines
2461 4399 2892 4470 reprehensioni,
2925 4400 3019 4455 sed
3052 4409 3110 4454 ut
3136 4415 3318 4454 coram
3344 4399 3461 4470 ipso
3485 4401 3620 4456 tales
3657 4415 3830 4471 appa-

2242 4509 2476 4550 reamus.
2506 4492 2643 4548 Sunt
2667 4492 2811 4546 enim
2836 4491 3006 4546 sancti
3031 4501 3085 4546 et
3109 4490 3433 4546 immaculati
3454 4531 3469 4556 ,
3496 4490 3591 4546 sed
3619 4492 3706 4562 qui
3743 4491 3828 4548 sic

2241 4588 2617 4642 existimantur
2642 4585 2711 4640 ab
2736 4584 3072 4650 hominibus,
3116 4583 3205 4654 qui
3236 4592 3361 4638 sunt
3395 4583 3599 4639 similes
3637 4584 3828 4655 sepul-

2241 4681 2351 4737 cris
2377 4678 2672 4743 dealbatis,
2713 4678 2860 4734 velut
2886 4676 2978 4746 qui
3024 4675 3192 4746 pelles
3227 4675 3424 4730 habent
3466 4675 3665 4730 ovium.
3711 4676 3825 4731 Sed

2243 4788 2349 4827 non
2391 4769 2586 4841 quaerit
2639 4768 2807 4835 tales,
2866 4784 3052 4824 verum
3100 4769 3289 4838 quales
3330 4768 3461 4823 dicit
3520 4767 3776 4838 propheta
3803 4809 3824 4834 ,

2244 4864 2310 4918 Iit
2339 4863 2618 4919 secundum
2646 4863 2918 4933 puritatem
2940 4878 3184 4915 manuum
3220 4878 3447 4915 mearum
3493 4859 3676 4933 (Psal.
3726 4862 3822 4916 17.

2239 4955 2368 5028 ‘25).
2422 4953 2763 5024 Quamnam?
2806 4952 3011 5020 Quzerit
3059 4953 3398 5008 sanctitatem
3455 4967 3574 5024 quze
3624 4962 3708 5007 est
3763 4952 3823 5008 in

2241 5055 2532 5116 conspectu
2562 5044 2840 5100 oculorum
2869 5044 2985 5113 ejus
3007 5086 3022 5110 ,
3069 5058 3228 5114 quam
3277 5043 3372 5099 Dei
3421 5043 3568 5099 videt
3605 5044 3822 5100 oculus.

2245 5141 2445 5195 llorum
2481 5138 2734 5210 przeclara
2761 5145 2910 5211 gesta
2935 5136 3109 5203 dixit,
3148 5145 3204 5192 et
3245 5151 3432 5192 rursus
3479 5136 3544 5190 ad
3592 5136 3823 5205 gratiam

2239 5233 2482 5290 ascendit
2506 5242 2560 5288 ct
2589 5233 2665 5286 ait
2691 5249 2705 5285 :
2737 5230 2805 5284 In
2833 5231 3045 5284 caritate
3064 5271 3079 5297 ,
3106 5230 3161 5286 5.
3189 5230 3277 5300 qui
3298 5229 3672 5299 prcedestinavit
3706 5245 3820 5281 nos.

2239 5329 2354 5384 Non
2386 5328 2528 5382 enim
2552 5324 2961 5380 litalaboribus
3001 5333 3056 5377 et
3101 5325 3294 5394 gestis,
3333 5322 3428 5377 sed
3478 5337 3507 5376 a
3553 5323 3821 5387 caritate;

2240 5436 2412 5492 neque
2445 5434 2474 5472 a
2503 5418 2728 5472 caritate
2755 5416 2965 5481 solum,
2992 5415 3086 5470 sed
3114 5415 3274 5470 etiam
3302 5427 3332 5468 a
3378 5423 3559 5470 nostra
3597 5413 3818 5467 virtute.

2238 5510 2369 5564 Nam
2395 5509 2438 5564 si
2471 5525 2498 5563 a
2530 5508 2754 5564 caritate
2779 5506 2915 5573 sola,
2940 5515 3214 5576 oporteret
3234 5520 3421 5562 omnes
3447 5519 3566 5560 esse
3595 5504 3772 5559 salvos
3799 5519 3817 5556 :

2234 5607 2277 5658 si
2305 5614 2482 5659 autem
2518 5617 2703 5657 rursus
2733 5615 2761 5654 a
2787 5610 2968 5655 nostra
2998 5600 3112 5655 sola
3134 5598 3354 5668 virtute,
3378 5611 3818 5669 supervacaneus

2235 5696 2423 5752 fuisset
2450 5695 2565 5766 ejus
2595 5692 2876 5758 adventus,
2904 5699 2960 5746 et
2983 5705 3335 5764 quaecumque
3377 5689 3512 5746 facta
3551 5697 3677 5744 sunt
3719 5701 3815 5758 per

2297 5853 2367 5916 (a)
2394 5850 2673 5902 itanichteos
2691 5848 2768 5899 hic
2791 5853 2960 5899 notare
2979 5845 3190 5899 videtur.
