4030 6506
268 364 327 419 ιι
1234 359 1301 422 IN
1336 336 1555 417 ειηετ.
1594 360 1690 415 AD
1720 362 1808 418 ει)

1912 360 1960 418 3.
2002 364 2154 421 CAP.
2197 368 2239 422 Ι.
2282 369 2512 430 HOMIL.
2556 374 2600 428 Ι.
3429 385 3494 439 19

263 482 430 549 φησὶ,
471 478 569 532 καὶ
608 478 811 546 Πατὴρ
836 477 942 532 τοῦ
988 475 1205 545 Κυρίου
1248 476 1414 547 ἡμῶν
1466 477 1658 546 Ἰησοῦ
1692 480 1827 543 Χρι-

260 563 435 616 στοῦ.
499 562 626 615 Ἰδοὺ
653 602 668 627 ,
717 561 847 624 Θεὸς
885 560 980 613 τοῦ
1012 559 1404 631 σαρκωθέντος.
1430 562 1493 615 Εἰ
1518 562 1575 615 δέ
1604 560 1678 633 μὴ
1707 561 1829 631 βού-

257 644 364 708 λει,
395 642 475 715 [5]
499 643 632 696 ἀλλὰ
652 643 747 696 τοῦ
779 642 914 696 Θεοῦ
933 643 1104 711 Λόγου
1131 643 1343 715 Πατήρ.
1386 646 1451 697 '0
1487 646 1830 714 εὐλογήσας

256 727 417 797 ἡμᾶς
450 728 519 780 ὲν
547 726 716 795 πάσῃ
750 728 993 796 εὐλογίᾳ
1013 725 1389 796 πνευματικῇ
1415 728 1485 781 ἐν
1509 729 1633 793 τοῖς
1652 729 1830 782 ἐπου-

252 811 490 879 ρανίοις
513 810 583 863 ἐν
618 808 869 878 Χριστῷ.
906 810 1016 881 Τὴν
1056 810 1355 883 ἰουδαῖκὴν
1386 811 1623 866 ἐνταῦθα
1661 811 1829 866 αίνίτ-

255 911 409 947 τεται
432 910 446 923 ⁸
475 893 693 962 εὐλογία
721 893 820 965 μὲν
842 894 951 965 γὰρ
981 888 1049 965 ἧν
1074 894 1327 965 κάκείνη,
1350 895 1465 948 ἀλλ’
1496 894 1558 947 ού
1587 910 1829 964 πνευμα-

255 978 406 1047 τική.
436 977 502 1030 Τί
526 976 634 1048 γὰρ
675 975 891 1045 έλεγεν;
922 976 1267 1046 Εὐλογησαι
1296 994 1370 1032 σε
1391 981 1424 1031 ό
1446 978 1610 1043 Θεός·
1636 979 1829 1031 Εὐλο-

258 1062 432 1130 γήονει
464 1060 538 1113 τὰ
554 1060 777 1130 ἔκγονα
796 1057 903 1127 τῆς
942 1062 1177 1126 κοιλίας
1204 1076 1342 1123 σου,
1377 1062 1475 1115 καί
1507 1061 1829 1131 εὐλογήσει

256 1143 375 1211 τὴν
395 1142 641 1197 εῑσοδόν
674 1159 790 1197 σου
828 1143 927 1197 καί
966 1143 1082 1211 τὴν
1109 1144 1325 1209 ἔξοδόν
1356 1160 1495 1200 σου.
1566 1144 1829 1197 Ἐνταῦθα

256 1226 314 1279 δὲ
350 1226 447 1295 οὐχ
464 1224 656 1290 οὕτως,
687 1224 823 1279 ἀλλὰ
840 1225 934 1291 τίς
977 1227 1080 1281 Ἐν
1104 1227 1269 1295 πάσῃ
1297 1229 1545 1297 εὐλογίᾳ
1567 1242 1829 1298 πνευμα-

254 1308 411 1376 τικῇ.
444 1309 511 1360 Τί
543 1308 653 1377 γὰρ
680 1307 762 1361 ἔτι
793 1324 875 1361 σοι
905 1307 1111 1376 λείπει;
1148 1309 1380 1378 Γέγονας
1417 1309 1706 1373 ἀθάνατος,
1730 1309 1827 1378 γέ-

254 1408 420 1461 γονας
468 1391 786 1461 ἐλεύθερος,
836 1391 1062 1461 γέγονας
1107 1392 1259 1459 υἱὸς,
1302 1393 1533 1462 γέγονας
1584 1394 1828 1461 δίκαιος,

253 1477 485 1544 γέγονας
512 1475 737 1542 ἁδελφὸς
760 1516 774 1541 ,
808 1476 1038 1544 γέγονας
1060 1476 1523 1549 συγκληρονόμος,
1558 1495 1620 1530 συ
1629 1478 1828 1547 μϐασι-

252 1558 455 1623 λεύεις,
477 1556 775 1629 συνδοξΚῃ
795 1574 808 1587 ⁸
840 1559 1019 1611 πάντα
1045 1575 1126 1611 σοι
1153 1559 1496 1630 κεχάρισται.
1533 1559 1665 1626 Πῶς
1689 1560 1829 1630 οὐχι

251 1641 355 1694 καὶ
404 1640 528 1694 σὺν
572 1638 750 1704 αὐτῷ,
786 1641 940 1710 φησὶ.
972 1642 1046 1695 τὰ
1079 1640 1275 1695 πάντα
1306 1642 1451 1711 ημῖν
1478 1644 1825 1711 χαρίσεται;

259 1722 333 1776 Ἦ
357 1724 575 1793 ἀπαρχή
603 1739 696 1775 σου
725 1724 832 1776 ὑπὸ
861 1724 1110 1793 ἀγγέλων
1150 1728 1555 1797 προσκυνεῖται,
1585 1728 1689 1781 ὑπὸ
1715 1725 1849 1779 τῶν.

250 1808 570 1877 Χερουϐὶμ,
618 1805 724 1859 ὑπὸ
764 1807 872 1861 τῶν
920 1809 1200 1879 Σεραφίμ⁸
1252 1809 1307 1863 τί
1346 1810 1426 1864 ἔτι
1468 1810 1673 1876 λείπει;
1723 1812 1826 1865 Ἐν

248 1889 421 1957 πάσῃ
438 1890 683 1959 εὐλογίᾳ
703 1891 1093 1961 πνευματικῇ.
1114 1895 1277 1949 Οὐδὲν
1291 1895 1551 1966 σαρκικδν
1568 1895 1821 1952 ἐνταῦθα.

247 1974 349 2026 Διὰ
375 1972 537 2026 τοῦτο
565 1974 741 2028 πάντα
768 1974 968 2039 ἐξεῖλεν
989 1977 1173 2031 ἐκεῖνα
1197 1978 1388 2045 εἰπὼν,
1414 1978 1633 2047 Θλῒψιν
1656 1979 1823 2044 ἕξετε

251 2056 320 2110 ἓν
347 2055 452 2123 τῷ,
476 2059 704 2126 κόσμῳ,
739 2058 874 2129 πρὸς
926 2059 1100 2115 ταῦτα
1149 2062 1299 2131 ἡμᾶς
1331 2062 1573 2131 ἀγαγών.
1611 2063 1823 2135 Ὥσπερ

247 2139 355 2210 γὰρ
388 2142 437 2193 οἱ
462 2139 533 2193 τὰ
559 2140 794 2211 σαρκικὰ
820 2140 1053 2211 ἔχοντες,
1092 2142 1200 2197 τῶν
1233 2146 1623 2216 πνευματικῶν
1651 2147 1821 2201 ἀκοῦ-

248 2239 336 2276 σαι
360 2224 463 2276 οὐκ
478 2223 745 2293 ἠδύναντο
760 2240 773 2253 ⁸
799 2224 972 2289 οὕτως
1001 2226 1052 2278 οἱ
1083 2227 1191 2281 τῶν
1214 2229 1600 2299 πνευματικῶν
1619 2231 1823 2301 τυγχά-

242 2322 449 2368 νοντες,
474 2307 535 2358 ού
551 2306 803 2361 δύνανται
829 2307 1008 2360 αὐτῶν
1033 2309 1436 2380 ἐπιτυγχάνειν,
1475 2312 1543 2365 ἂν
1576 2312 1650 2383 μὴ
1682 2314 1820 2384 πρό-

243 2405 401 2459 τερον
426 2389 541 2442 τῶν
582 2390 859 2461 σαρκικῶν
913 2392 1212 2447 ἀποστῶσι.
1268 2395 1333 2447 Τί
1382 2397 1551 2461 ἐστιν,
1587 2397 1821 2465 Εύλογία

245 2473 593 2544 πνευματικὴ
625 2474 684 2527 ἐν
703 2476 815 2538 τοῖς
833 2476 1174 2547 ἐπουρανίοις
1198 2495 1212 2544 ;
1240 2479 1353 2531 Οὐκ
1372 2480 1429 2531 ἐν
1457 2482 1524 2549 τῇ
1552 2481 1817 2551 γῇ,φησῖ,

240 2558 497 2627 καθάπερ
533 2559 685 2629 παρὰ
721 2560 1019 2625 Ἰουδαίοις,
1060 2562 1137 2616 Τὰ
1167 2564 1357 2634 ἀγαθὰ
1403 2563 1512 2633 τῆς
1547 2565 1661 2634 γῆς
1708 2570 1819 2635 φά-

245 2646 439 2709 γεσθε·
460 2644 569 2707 Εἰς
594 2641 711 2711 γῆν
719 2644 991 2712 ῥέουσαν
1008 2658 1034 2686 ιι
1058 2645 1199 2715 μέλι
1218 2647 1316 2701 καὶ
1342 2647 1517 2718 γάλα·
1550 2649 1820 2718 Εὐλογή-

246 2741 340 2778 σει
358 2729 389 2778 ό
420 2726 569 2792 Θεὸς
587 2728 702 2794 τὴν
719 2726 833 2797 γῆν
853 2744 989 2784 σου.
1026 2729 1291 2784 Ἐνταῦθα
1305 2732 1362 2785 δέ
1387 2734 1537 2787 οὐδὲν
1557 2734 1811 2798 τοιοῦτον,

247 2808 381 2862 ἀλλά
426 2812 481 2861 τί
498 2827 514 2875 ;
566 2810 631 2863 '0
662 2811 909 2879 ἀγαπῶν
939 2830 1038 2881 με,
1069 2814 1176 2879 τὰς
1208 2814 1465 2882 ἐντολάς
1488 2836 1608 2887 μου
1637 2819 1819 2887 τηρήο

244 2907 359 2954 σει,
384 2892 479 2946 καί
500 2893 616 2964 ἐγὼ
649 2896 746 2948 καὶ
774 2897 806 2948 ό
832 2897 1030 2965 Πατὴρ
1047 2899 1418 2967 ἐλευσόμεθα
1440 2901 1589 2969 πρὸς
1608 2903 1816 2969 αὐτὸν,

241 2976 336 3029 καὶ
358 2975 567 3044 μονὴν
605 2981 743 3046 παρ’
764 2980 923 3046 αὐτῷ
947 2983 1300 3051 ποιήσομεν.
1350 2983 1403 3038 '0
1438 2985 1677 3039 ἀκούων
1692 3004 1811 3055 μου

240 3059 379 3124 τοὺς
403 3062 634 3128 λόγους
677 3063 950 3130 τούτους,
991 3066 1088 3119 καὶ
1130 3067 1317 3120 ποιῶν
1344 3068 1583 3135 αὐτοὺς,
1613 3072 1819 3139 όμοιω-

237 3142 487 3208 θήσεται
526 3144 697 3212 ἀνδρὶ
747 3148 1046 3216 φρονίμῳ,
1087 3149 1257 3216 ὅστις
1306 3152 1653 3221 ᾠκοδόμησε
1700 3153 1817 3221 τὴν

236 3228 431 3279 οὶκίαν
465 3227 653 3281 αὐτοῦ
702 3228 800 3282 ἐπὶ
837 3230 953 3298 τὴν
1001 3230 1246 3300 πέτραν,
1281 3234 1381 3287 καὶ
1412 3234 1723 3290 ἔπνευσαν
1762 3238 1817 3290 οὶ

235 3308 464 3377 ἄνεμοι,
503 3310 598 3363 καί
633 3307 817 3379 ἦλθον
855 3317 909 3368 οί
951 3315 1223 3384 ποταμοὶ,
1256 3317 1354 3370 καὶ
1391 3318 1816 3388 προσέρρηξαν

236 3389 308 3459 τῇ
329 3392 499 3458 οὶκία
534 3393 756 3462 ἐκείνῃ,
785 3395 884 3448 καὶ
912 3398 1023 3451 οὐκ
1045 3399 1228 3453 ἔπεσε
1247 3416 1260 3428 ⁸
1290 3402 1674 3470 τεθεμελίωτο
1704 3402 1815 3471 γὰρ

233 3474 331 3528 ἐπὶ
368 3477 489 3543 τὴν
516 3478 758 3547 πέτραν.
799 3478 863 3532 Ἦ
894 3480 951 3534 δέ
987 3482 1165 3554 πέτρα
1198 3485 1326 3538 ποία
1352 3486 1521 3549 ἐστὶν,
1546 3486 1662 3539 ἀλλ’
1689 3487 1812 3557 ἢτὰ

234 3560 465 3630 οὐράνια
506 3563 828 3633 πράγματα,
857 3564 927 3617 τὰ
972 3566 1151 3638 πάσης
1196 3568 1499 3641 μεταϐολῆς
1527 3570 1808 3642 ἀνώτερα;

238 3643 453 3710 Ὅστις
485 3645 595 3717 γὰρ
628 3645 708 3702 ἂν
735 3649 1085 3717 ὁμολογήσῃ
1108 3668 1186 3720 με
1207 3692 1222 3718 ,
1255 3654 1441 3722 φησὶν,
1469 3654 1812 3723 ἔμπροσθεν

235 3724 356 3779 τῶν
374 3727 1082 3799 ἀνθρώπων,όμολογήσω
1094 3733 1253 3802 κάγὼ
1267 3736 1453 3790 αὐτὸν
1469 3733 1815 3806 ἔμπροσθεν’

234 3811 342 3864 τοῦ
370 3814 601 3878 Πατρός
622 3831 741 3880 μου
765 3812 869 3867 τοῦ
884 3815 954 3867 ἐν
972 3816 1095 3881 τοῖς
1118 3818 1397 3885 οὐρανοῖς
1420 3835 1434 3849 ⁸
1457 3820 1573 3882 καὶ,
1600 3822 1809 3885 Ὅστις

229 3893 648 3960 ἀπηρνήσεταί
692 3914 788 3965 με,
845 3897 1184 3968 ἀρνήσομαι
1236 3903 1424 3955 αὐτὸν
1473 3902 1664 3972 κάγώ’
1712 3904 1809 3957 καὶ

229 3977 415 4039 πάλιν,
446 3978 738 4046 Μακάριοι
768 3982 822 4034 οί
853 3982 1101 4049 καθαροὶ
1138 3980 1215 4052 τῇ
1247 3984 1486 4053 καρδίᾳ,
1516 3985 1607 4039 ὅτι
1635 3986 1807 4040 αὐτοὶ

227 4064 337 4111 τόν
364 4059 517 4113 Θεὸν
539 4060 791 4128 ὄψονται
810 4079 826 4096 ⁸
853 4065 948 4117 καὶ
969 4064 1150 4130 πάλιν,
1176 4066 1465 4135 Μακάριοι
1493 4072 1547 4122 οἱ
1577 4069 1805 4137 πτωχοί

229 4140 308 4206 τῷ
344 4143 664 4212 πνεύματι,
705 4145 793 4198 ὅτι
831 4144 1031 4200 αὐτῶν
1074 4148 1246 4202 ἐστιν
1274 4150 1313 4216 η
1350 4150 1641 4214 ,βασιλεία
1686 4151 1807 4205 τῶν

228 4225 508 4293 οὐρανῶν
530 4242 545 4256 ⁸
572 4229 666 4280 καὶ
705 4228 887 4293 πάλιν,
914 4230 1207 4298 Μακάριοί
1236 4231 1376 4286 ἐστε
1414 4236 1468 4287 οὶ
1493 4233 1806 4305 δεδιωγμέ-

227 4325 318 4363 νοι
339 4310 554 4363 ἕνεκεν
578 4310 992 4379 δικαιοσύνης,
1019 4313 1107 4367 ὅτι
1133 4317 1165 4369 ὁ
1182 4317 1399 4383 μισθὸς
1417 4316 1585 4385 ὐμῶν
1610 4320 1805 4387 πολὺς

224 4391 295 4446 ἐν
325 4392 455 4459 τοῖς
486 4394 785 4462 οὐρανοῖς.
830 4395 996 4468 Ὁρᾷς
1027 4398 1301 4467 πανταχοῦ
1351 4400 1479 4464 τοὺς
1514 4402 1800 4473 οὐρανοὺς,

226 4476 465 4547 οὐδαμοῦ
500 4477 625 4546 γῆν,
665 4478 785 4531 οὐδὲ
824 4479 893 4531 τὰ
921 4482 979 4533 ἐν
1003 4482 1069 4551 τῇ
1106 4483 1175 4552 γῇ
1203 4498 1219 4546 ;
1261 4482 1370 4535 Kal
1399 4483 1581 4552 πάλιν,
1614 4486 1802 4556 Ἠμῶν

226 4559 289 4610 τὸ
324 4560 661 4629 πολίτευμα
696 4560 767 4614 ἐν
819 4563 1096 4630 οὐρανοῖς
1139 4563 1395 4634 ὑπάρχει
1418 4607 1433 4629 ,
1486 4567 1555 4632 ἐξ
1587 4564 1660 4623 οὗ
1703 4567 1803 4623 καί

222 4643 469 4711 Σωτῆρα
500 4643 950 4714 ἀπεκδεχόμεθα
980 4648 1203 4715 Κύριον
1250 4648 1486 4717 Ἰησοῦν
1509 4667 1523 4681 ⁸
1568 4650 1662 4703 καὶ
1694 4652 1801 4705 πά-

223 4723 324 4791 λιν,
355 4726 449 4797 Μὴ
475 4725 545 4779 τά
577 4728 797 4793 ἐπίγεια
824 4729 1166 4801 φρονοῦντες,
1208 4730 1343 4785 ἀλλὰ
1372 4731 1441 4785 τά
1481 4734 1540 4784 ἐν
1570 4737 1683 4797 τοῖς
1712 4735 1803 4787 ού·-

224 4812 428 4879 ρανοίς.
472 4810 570 4863 Ἐν
596 4811 825 4879 Χριστῷ
868 4813 1091 4882 Ἰησοῦ.
1132 4814 1412 4882 Τουτέστι,
1445 4816 1534 4871 διὰ
1559 4818 1798 4888 Χριστοῦ

228 4892 437 4964 Ἰησοῦ,
458 4894 520 4947 ού
540 4894 629 4948 διὰ
650 4896 930 4961 Μωῦσέως
947 4893 1017 4970 ἦν
1047 4896 1186 4970 αῦτη
1222 4900 1254 4968 ἡ
1287 4899 1525 4968 εὐλογία.
1550 4901 1710 4954 Ὥστε
1736 4905 1796 4956 ού

220 4978 385 5047 μόνον
414 4980 482 5048 τῇ
511 4979 780 5050 ποιότητι,
807 4980 940 5035 ἀλλὰ
967 4981 1062 5035 καὶ
1099 4982 1177 5052 τῷ
1226 4982 1422 5055 μεσίτῃ
1466 4984 1797 5056 διαφέρομεν

216 5064 399 5131 ἡμεῖς,
432 5062 627 5133 ὥσπερ
663 5064 758 5118 xal
798 5067 939 5135 ἐντῇ
969 5066 1108 5137 πρὸς
1161 5066 1447 5139 Ἐϐραίους
1472 5068 1626 5139 φησί’
1684 5071 1795 5125 Καί

214 5144 481 5212 Μωῦσῆς
506 5146 627 5215 μὲν
656 5146 872 5213 πιστὸς
902 5148 973 5202 ἐν
1019 5148 1141 5215 ὅλῳ
1173 5148 1254 5216 τῷ
1285 5151 1428 5219 οῖκφ
1468 5152 1679 5217 αὑτοῦ,
1710 5154 1793 5220 ὠς

215 5229 493 5295 θεράπων
548 5231 637 5295 είς
685 5232 1011 5299 μαρτύριον
1073 5230 1194 5286 τῶν
1252 5236 1786 5303 λαληθησομένων,

210 5312 471 5377 Χριστὸς
492 5311 561 5364 δὲ
583 5312 664 5378 ὡς
689 5312 819 5379 Υἱὸς
838 5314 937 5367 ἐπὶ
953 5316 1061 5369 τόν
1077 5312 1248 5370 οἷκον
1272 5317 1481 5382 αὐτοῦ,
1515 5315 1589 5374 οὗ
1622 5316 1790 5386 οἶκός

212 5394 403 5463 ἐσμεν
440 5396 633 5463 ἡμεῖς.
671 5398 875 5464 Καθὼς
902 5399 1003 5453 καὶ
1032 5400 1355 5465 ἐξελέξατο
1385 5401 1563 5471 ἡμᾶς,
1596 5404 1784 5473 φησὶν,

211 5478 282 5529 ἐν
340 5477 507 5544 αὐτῷ
545 5478 625 5550 [4]
652 5481 765 5547 πρὸ
797 5482 1136 5549 καταϐολῆς
1171 5484 1422 5553 κόσμου,
1454 5482 1607 5541 εἶναι
1630 5484 1788 5556 ἡμᾶς

210 5562 423 5630 ἁγίους
473 5563 574 5616 καὶ
632 5563 909 5632 ἀμώμους
945 5566 1315 5621 κατενώπιον
1354 5570 1562 5624 αὐτοῦ.
1637 5572 1700 5623 Ὃ
1732 5570 1789 5624 δὲ

211 5645 383 5715 λέγει,
408 5646 655 5700 τοιοῦτόν
678 5648 816 5700 ἐστι·
854 5649 929 5702 Δι’
952 5645 1012 5704 οῦ
1036 5652 1331 5722 εὐλόγησεν
1356 5654 1522 5723 ἡμᾶς,
1555 5654 1642 5706 διὰ
1665 5653 1787 5706 τού-

211 5746 304 5782 του
362 5732 455 5783 καὶ
495 5730 803 5796 ἐξελέξατο.
847 5734 1017 5796 Αὐτὸς
1058 5735 1236 5789 τοίνυν
1280 5739 1412 5806 ἡμῖν
1463 5740 1577 5792 ἐκεῖ
1624 5739 1784 5792 δώσει

287 5949 485 6002 |C0dex
517 5963 647 6001 unus
671 5949 887 6013 φάγεσθε·
918 5952 1059 6001 δώσω
1082 5952 1188 6015 υμῖν
1209 5958 1293 6015 γῆν
1316 5955 1516 6019 ῥέουσαν

1935 481 2117 534 ἐκεῖνα
2143 484 2341 548 πάντα,
2370 486 2530 551 αὐτός
2546 488 2693 541 ἐστιν
2723 490 2752 542 6
2780 489 2990 561 κριτὴς,
3015 490 3108 545 καὶ
3128 492 3263 563 ἐρεῖ⁸
3294 495 3492 560 Δεῦτε,

1932 565 1986 617 οί
2007 566 2397 635 εὐλογημένοι
2423 570 2530 623 τοῦ
2567 572 2799 638 Πατρός
2822 590 2962 641 μου,
2998 577 3497 645 κληρονομήσατε

1932 647 2043 714 τὴν
2077 650 2529 720 ἡτοιμασμένην
2556 654 2697 722 ὑμῖν
2720 656 3047 719 ,βασιλείαν
3084 658 3202 712 ἀπὸ
3247 664 3487 714 καταϐοο

1925 732 2043 800 λῆς
2090 735 2357 803 κόσμου’
2414 737 2507 790 καὶ
2545 738 2728 806 πάλιν,
2772 740 2959 794 Ὅπου
2999 743 3118 811 ειμι
3169 742 3304 813 ἐγὼ,
3342 744 3496 798 θέλω

1926 815 2027 868 ἵνα
2053 816 2151 869 καὶ
2172 813 2337 873 οὗτοι
2356 814 2488 873 ὦσι.

1998 945 2061 1015 β’.
2079 944 2187 999 Kal
2203 948 2259 1000 ἐν
2274 946 2475 1010 πάσαις
2488 948 2673 1017 σχεδὸν
2681 952 2800 1013 ταῖς
2816 950 3151 1013 Ἐπιστολαῖς
3159 952 3497 1006 τοῦτοσπουρ

1924 1028 2076 1093 δάζει
2103 1029 2398 1097 δεικνύναι,
2428 1033 2511 1085 ὅτι
2547 1032 2609 1085 οὐ
2639 1032 2879 1104 νεώτερα
2923 1035 2991 1088 τὰ
3026 1037 3148 1089 καθ’
3175 1038 3343 1107 ἡμᾶς,
3380 1038 3495 1092 ἀλλ’

1926 1112 2132 1167 άνωθεν
2171 1112 2314 1167 οὕτω
2352 1114 2650 1181 τετύπωτο,
2692 1116 2800 1169 οὐδ’
2845 1118 2910 1171 ἐκ
2951 1119 3337 1189 μεταμελείας.
3380 1122 3501 1175 ἀλλ’

1926 1195 2098 1261 οὕτως
2120 1198 2436 1269 ᾠκονόμητο
2461 1200 2556 1252 xal
2584 1199 2908 1271 προώριστο.
2933 1202 3042 1256 Kal
3066 1202 3225 1256 τοῦτο
3252 1204 3307 1256 δὲ
3334 1206 3495 1275 κηδε-

1931 1280 2119 1349 μονίας
2147 1280 2369 1351 πολλῆς.
2400 1281 2465 1333 Τί
2488 1284 2657 1346 ἐστιν,
2700 1283 2804 1336 Ἐν
2829 1283 2990 1349 αὐτῷ
3014 1284 3367 1350 ἐξελέξατο;
3396 1287 3495 1342 Διὰ

1926 1365 2024 1435 τῆς
2045 1366 2126 1428 εἰς
2151 1365 2315 1417 αὐτὸν
2331 1366 2569 1429 πίστεως
2596 1369 2623 1420 ό
2650 1367 2902 1438 Χριστὸς,
2930 1370 3085 1435 φησὶ,
3104 1368 3261 1422 τοῦτο
3282 1370 3497 1440 κατώρ-

1927 1446 2088 1512 θωσε,
2126 1450 2256 1517 πρὶν
2288 1449 2320 1519 ἢ
2361 1449 2615 1517 γενέσθαι
2644 1452 2813 1521 ἡμᾶς,
2851 1450 3049 1522 μᾶλλον
3078 1452 3134 1504 δὲ
3166 1453 3296 1522 πρὶν
3326 1453 3359 1521 ἢ
3402 1454 3496 1506 τὸν

1924 1532 2127 1602 κόσμον
2165 1532 2590 1603 καταϐληθῆναι.
2629 1535 2739 1586 Καὶ
2763 1534 2942 1597 καλῶς
2973 1535 3280 1605 καταϐολὴν
3320 1533 3493 1596 εἶπεν,

1924 1615 1999 1678 ὡς
2032 1616 2141 1670 άπό
2181 1633 2325 1679 τινος
2352 1616 2520 1686 ὕψους
2562 1617 3036 1687 καταϐεϐλημένον
3064 1618 3302 1688 μεγάλου
3334 1620 3498 1674 αὑτὸν

1922 1698 2156 1764 δεικνύς.
2185 1700 2296 1754 Kal
2325 1701 2432 1770 γάρ
2463 1701 2605 1771 μέγα
2626 1702 2721 1755 καὶ
2744 1702 2951 1771 ἄφατον
2980 1702 3039 1755 τὸ
3061 1701 3193 1772 ῦψος
3214 1702 3309 1756 τοῦ
3332 1702 3493 1771 Θεοῦ,

1921 1782 1982 1835 οὐ
2028 1783 2107 1853 τῷ
2136 1784 2306 1855 τόπῳ,
2353 1785 2489 1839 ἀλλὰ
2522 1785 2601 1856 τῷ
2642 1787 3087 1858 ἀνακεχωρηκότι
3120 1788 3221 1855 τῆς
3256 1786 3491 1856 φύσεως,

1922 1867 2184 1953 καὶᾼπολὺ
2210 1868 2272 1953 7:6
2310 1870 2475 1940 μέσον
2520 1871 2819 1941 κτίσματος
2867 1872 2961 1925 καὶ
3007 1871 3250 1925 κτίστου.
3288 1874 3493 1953 Αἰσχυ-

1921 1949 2200 2005 νέσθωσαν
2227 1952 2276 2005 οί
2315 1954 2581 2024 αἱρετικοὶ
2620 1953 2793 2008 ταῦτα
2838 1953 3148 2017 ἀκούοντες.
3189 1954 3256 2007 Τί
3292 1949 3350 2007 δέ
3403 1954 3495 2019 εξ·-

1920 2031 2168 2100 ελέξατο;
2212 2035 2394 2090 ’Ὥστε
2440 2032 2593 2091 εἶναι
2638 2036 2797 2107 ημᾶς
2837 2040 3047 2106 ἁγίους
3073 2038 3170 2091 καὶ
3217 2036 3496 2106 ἀμώμους

1919 2117 2287 2172 κατενώπιον
2328 2120 2536 2174 αὐτοῦ.
2590 2120 2708 2173 Ἵνα
2742 2120 2922 2173 τοίνυν
2969 2123 3065 2192 μὴ,
3109 2121 3374 2185 ἀκούσας,
3410 2121 3495 2174 ὅτι

1933 2200 2305 2265 Ἐξελέξατο,
2343 2203 2443 2272 τὴν
2476 2203 2658 2256 πίστιν
2685 2205 2875 2274 ἀρκεῖν
2909 2205 3139 2276 νομίσῃς
3176 2205 3358 2272 μόνον,
3399 2206 3493 2258 καὶ

1918 2282 2011 2336 τὸν
2040 2284 2154 2353 βίον
2178 2287 2501 2357 προστίθησι
2527 2300 2540 2316 ⁸
2572 2286 2671 2340 Διὰ
2696 2288 2853 2340 τοῦτο
2881 2287 3180 2353 ἐξελέξατο,
3215 2288 3369 2359 φησὶ,
3398 2290 3497 2341 καὶ

1918 2368 2009 2420 ἐπὶ
2045 2368 2239 2437 τούτῳ,
2272 2369 2359 2422 ἵνα
2394 2370 2540 2436 ἅγιοι
2568 2365 2718 2439 ὦμεν
2756 2375 2851 2423 καὶ
2889 2372 3131 2442 ἄμωμοι.
3180 2371 3493 2438 Ἰιλξελέξατο

1919 2451 2014 2503 καὶ
2062 2451 2348 2516 Ἰουδαίους
2390 2454 2541 2508 ποτέ.
2587 2454 2740 2519 Πῶς;
2782 2454 2970 2519 Ἔθνος
3020 2457 3198 2520 τοῦτο,
3235 2457 3401 2527 φησὶν
3428 2456 3494 2517 δ,

1918 2532 2200 2599 ἐξελέξατο
2239 2535 2302 2587 ἐκ
2335 2534 2444 2588 τῶν
2491 2534 2682 2590 ἐθνῶν.
2722 2537 2785 2589 Εἰ
2838 2537 2895 2591 δὲ
2942 2537 3220 2609 ἄνθρωποι
3265 2538 3488 2606 ἐκλεγό-

1922 2633 2093 2685 μενοι,
2144 2617 2214 2671 τὰ
2266 2618 2529 2673 κάλλιστα
2573 2618 2910 2688 ἐκλέγονται,
2968 2621 3151 2692 πολλῷ
3207 2622 3410 2691 μᾶλλον
3461 2623 3499 2679 ὰ

1917 2698 2071 2764 Θεός.

1988 2818 2099 2871 Kal
2125 2819 2187 2871 τὸ
2214 2820 2502 2891 ἐκλεγῆναι
2533 2822 2613 2887 δέ,
2634 2822 2730 2875 καὶ
2750 2822 2850 2892 τῆς
2876 2822 2973 2877 τοῦ
3008 2823 3142 2877 Θεοῦ
3178 2824 3489 2894 φιλανθρω-

1917 2901 2048 2965 πίας
2073 2904 2371 2975 τεκμήριον
2398 2904 2494 2958 καὶ
2521 2904 2622 2973 τῆς
2643 2905 2822 2958 αὐτῶν
2853 2907 3058 2975 ἀρετῆς
3082 2924 3098 2940 ο
3129 2907 3346 2970 πάντως
3380 2906 3497 2979 γάρ

1917 2986 2116 3050 αὐτοὺς
2165 2987 2423 3059 δοκίμους
2468 2989 2785 3054 ἐξελέξατο·
2829 2989 3086 3061 ἐποίησεν
3132 2992 3281 3062 ἡμᾶς
3326 2991 3501 3054 αὐτὸς

1916 3069 2127 3137 ἁγίους,
2156 3070 2293 3125 ἀλλὰ
2320 3071 2401 3125 δεῖ
2448 3076 2626 3143 μεῖναι
2656 3072 2867 3141 ἁγίους.
2916 3073 3106 3142 Ἀγιός
3138 3075 3287 3126 ἐστιν
3326 3074 3355 3126 6
3385 3074 3501 3143 τῆς.

1915 3154 2151 3219 πίστεως
2186 3154 2446 3226 μετέχων·
2479 3156 2729 3227 ἄμωμος,
2760 3155 2789 3207 6
2825 3155 3188 3226 ἀνεπίληπτον
3215 3155 3327 3226 βίον
3355 3172 3487 3226 μετ-

1919 3236 2032 3291 ιών.
2080 3237 2221 3290 Ἀλλ’
2248 3238 2511 3308 άγιότητα
2554 3238 2649 3291 καὶ
2685 3238 2744 3290 τὸ
2772 3238 3139 3308 ἀνεπίληπτον
3172 3241 3270 3310 οὐχ
3301 3239 3501 3303 ἁπλῶς,

1914 3318 2180 3392 ἐπιζητεῖ,
2205 3320 2339 3375 ἀλλά
2358 3321 2419 3374 τὸ
2442 3322 2671 3375 ἐνώπιον
2692 3320 2855 3375 αὐτοῦ
2878 3322 3153 3385 τοιούτους
3175 3323 3489 3392 φαίνεσθαι.

1912 3405 2036 3458 Εἰσὶ
2075 3405 2184 3476 γὰρ
2234 3405 2380 3475 ἅγιοι
2422 3406 2517 3459 καὶ
2544 3406 2787 3477 ἄμωμοι,
2828 3405 2945 3459 ἀλλ’
2984 3405 3294 3479 ἀνθρώποις
3339 3406 3504 3460 οὕτω.

1911 3488 2277 3559 νομιζόμενοι,
2341 3491 2390 3542 οἱ
2433 3489 2627 3558 τάφοις
2671 3489 2912 3554 ἐοικότες
2963 3492 3404 3561 κεκονιασμένοις
3432 3501 3481 3552 ο,

1910 3572 2095 3638 καθὼς
2127 3574 2177 3627 οἱ
2203 3573 2303 3637 τὰς
2330 3573 2493 3646 δοράς
2521 3573 2629 3626 τῶν
2663 3574 2952 3644 προϐάτων
2976 3573 3210 3644 ἔχοντες.
3255 3574 3394 3627 Ἀλλ’
3419 3575 3501 3627 οὐν

1907 3658 2182 3720 τοιούτους
2215 3657 2388 3729 ζητεῖ,
2423 3656 2539 3710 ἀλλ’
2583 3658 2726 3721 οἴους
2774 3658 2803 3710 6
2843 3659 3140 3728 Προφήτης
3186 3657 3481 3728 φησίιΚαί

1908 3743 2060 3795 κατὰ
2106 3740 2223 3809 τὴν
2260 3742 2634 3810 καθαρότητα
2680 3740 2800 3794 τῶν
2840 3740 3055 3810 χειρῶν
3090 3757 3229 3809 μου.
3276 3741 3476 3806 Ποίαν;

1909 3826 2019 3897 Τὴν
2047 3825 2279 3879 ἐνώπιον
2306 3825 2417 3881 τῶν
2450 3825 2744 3897 ὀφθαλμῶν
2777 3825 2943 3879 αὐτοῦ
2969 3825 3279 3896 ἁγιωσύνην
3305 3824 3477 3895 ζητεῖ,

1907 3911 1975 3982 ἢν
1998 3912 2026 3964 ὁ
2051 3909 2144 3962 τοῦ
2172 3908 2307 3963 Θεοῦ
2328 3909 2605 3980 ὀφθαλμὸς
2656 3912 2778 3980 ὁρᾷ.
2837 3905 2972 3962 Εἶπε
3002 3910 3097 3963 καὶ
3147 3909 3354 3963 τούτων
3409 3911 3481 3963 τὰ

1907 3993 2328 4065 κατορθώματα,
2368 3995 2463 4048 καὶ
2504 3994 2666 4049 πάλιν
2713 3994 2806 4047 ἐπὶ
2832 3994 2931 4066 τὴν
2960 3994 3119 4066 χάριν
3152 3995 3347 4059 ἄνεισι,
3383 3994 3478 4047 καί

1906 4095 2073 4147 φησιν
2095 4095 2108 4109 ⁸
2152 4080 2254 4133 Ἐν
2282 4077 2508 4147 ἀγάπῃ,
2552 4079 2880 4145 προορίσας
2920 4076 3096 4144 ἡμᾶς.
3128 4077 3201 4130 Ού
3238 4077 3347 4148 γὰρ
3370 4077 3478 4129 ἀπὸ

1906 4164 2086 4217 πόνων
2123 4162 2245 4216 οὐδὲ
2282 4161 2724 4233 κατορθωμάτων
2760 4161 2920 4214 τοῦτο
2947 4161 3180 4228 γίνεται,
3214 4159 3328 4213 ἀλλ’
3366 4160 3477 4215 ἀπὸ

1904 4248 2146 4317 ἀγάπης,
2181 4244 2305 4300 οὔτε
2329 4246 2437 4299 ἀπὸ
2478 4246 2697 4315 ἀγάπης
2732 4246 2908 4315 μόνον,
2943 4244 3078 4298 ἀλλὰ
3112 4244 3204 4296 καὶ
3232 4243 3347 4297 άπδς
3376 4246 3487 4313 τῆς,

1902 4331 2179 4403 ἡμετέρας
2214 4329 2435 4400 ἀρετῆς.
2492 4330 2554 4381 Εἰ
2600 4329 2708 4399 γὰρ
2756 4328 2819 4398 δὴ
2867 4328 2976 4381 ἀπὸ
3010 4328 3230 4399 ἀγάπης
3279 4326 3491 4397 μόνης,

1904 4416 2073 4486 ἐχρῆν
2119 4414 2365 4477 ἅπαντας
2410 4412 2684 4483 σωθῆναν
2715 4413 2764 4465 εἰ
2813 4412 2869 4464 δέ
2913 4411 3021 4465 67:6
3056 4411 3157 4477 τῆς
3196 4411 3473 4483 ἡμετέρας

1902 4497 2103 4567 ἀρετῆς
2134 4496 2294 4549 πάλιν
2327 4495 2517 4566 μόνης,
2543 4512 2609 4548 πε
2620 4496 2771 4566 ριττὴ
2804 4496 2835 4564 ἠ
2861 4494 3133 4563 παρουσία
3159 4492 3347 4561 αὑτοῦ,
3375 4493 3472 4548 καὶ

1903 4582 2080 4637 πάντα
2105 4580 2173 4633 τά
2192 4578 2630 4648 οίκονομηθέντα.
2673 4577 2811 4631 Ἀλλ’
2837 4577 2961 4631 οὔτε
2991 4578 3097 4631 ἀπὸ
3124 4578 3346 4649 ἀγάπης
3376 4578 3483 4649 μόοη

1901 4682 2021 4736 νης,
2039 4662 2161 4717 οὔτε
2177 4661 2258 4735 [5]
2287 4662 2394 4717 ἀπὸ
2412 4662 2510 4732 τῆς
2524 4661 2799 4734 ἡμετέρας
2824 4660 3174 4732 ἀρετῆςκὰλγ
3204 4660 3260 4727 ἐξ
3290 4665 3469 4733 ἀμφο-

1900 4749 2091 4820 τέρων.
2145 4746 2457 4813 Ἐξελέξατο
2486 4744 2597 4815 γὰρ
2624 4747 2795 4816 ἡμᾶς,
2842 4744 3004 4813 φησίν
3030 4762 3043 4773 ⁸
3085 4745 3114 4795 ὁ
3157 4744 3213 4797 δέ
3247 4744 3470 4813 ἐκλεγό-

1904 4849 2063 4902 μενος
2084 4825 2224 4885 οἶδεν
2245 4832 2381 4899 ὅπερ
2409 4829 2712 4897 ἐκλέγεται.
2754 4831 2856 4883 Ἔν
2889 4828 3111 4897 ἀγάπῃ,
3138 4829 3292 4899 φησὶ,
3331 4844 3469 4896 προ-

1898 4919 2110 4987 ορίσας
2134 4914 2310 4985 ἡμᾶς.
2343 4914 2545 4968 Οὐδένα
2580 4914 2686 4985 γὰρ
2710 4912 2737 4952 ά
2771 4912 2838 4966 ἂν
2869 4912 3068 4965 ἔσωσεν
3091 4914 3124 4983 ἡ
3148 4912 3338 4984 ἁρετὴ,
3370 4912 3469 4982 τῆς

1898 5002 2119 5072 ἀγάπης
2148 5000 2223 5069 μὴ
2254 4997 2443 5069 ούσης.
2476 4997 2609 5049 Εἰπὲ
2633 4997 2742 5068 γάρ
2777 5014 2889 5067 μοι,
2913 4995 2964 5048 τί
2992 4996 3200 5058 Παῦλος
3234 4996 3299 5048 ἂν
3324 4995 3470 5065 ὠφε-

1895 5087 2053 5159 λήθη,
2084 5085 2137 5139 τί
2169 5085 2226 5139 δέ
2254 5085 2320 5141 ἂν
2362 5081 2693 5147 ἐπεδείξατο,
2736 5082 2784 5132 εἰ
2818 5080 2893 5151 μὴ
2932 5081 3024 5132 καὶ
3057 5079 3263 5134 ἄνωθεν
3304 5079 3482 5133 αὑτὸν.

1896 5170 2145 5233 ἐκάλεσε,
2167 5167 2261 5221 καὶ
2280 5167 2571 5237 ἀγαπήσας
2603 5166 2819 5217 εἵλκυσε
2844 5164 2979 5235 πρὸς
3004 5163 3191 5216 ἐαυτόν
3212 5181 3225 5229 ;
3256 5162 3465 5225 ’Ἄλλως

1893 5255 1972 5317 δὲ,
2023 5251 2214 5305 καὶτὸ
2250 5249 2518 5303 τοσούτων
2560 5248 2811 5313 ἀξιῶσαι,
2861 5248 3083 5316 ἀγάπης
3131 5244 3219 5316 ἦν,
3262 5247 3322 5297 ού
3362 5246 3464 5313 τῆς

1893 5337 2168 5409 ἡμετέρας
2209 5335 2430 5405 ἀρετῆς.
2480 5334 2553 5386 T6
2605 5332 2714 5402 γὰρ
2747 5332 3036 5402 ἐναρέτους
3076 5328 3325 5397 γενέσθαι
3366 5328 3473 5409 καὶ

1895 5408 2184 5476 πιστεῦσαι
2222 5420 2323 5481 xal
2346 5417 2686 5489 προσελθεῖν,
2736 5418 2832 5471 καὶ
2864 5415 3021 5468 τοῦτο
3057 5415 3155 5485 μὲν
3188 5411 3352 5466 αὑτοῦ
3391 5408 3473 5481 ἦν

1890 5505 1987 5559 τοῦ
2038 5505 2391 5564 καλέσαντος.
2426 5500 2566 5570 πλὴν
2607 5498 2744 5553 ἀλλὰ
2797 5500 2893 5553 καὶ
2944 5496 3210 5567 ἡμέτερον
3232 5512 3244 5525 ·
3295 5495 3356 5548 τὸ
3401 5495 3460 5549 δὲ

1892 5590 2285 5662 προσελθόντας
2310 5586 2578 5641 τοσούτων
2609 5583 2841 5649 ἀξιῶσαι
2871 5581 3065 5651 τιμῶν,
3092 5578 3233 5634 ὥστε
3255 5579 3458 5643 εὐθέως

1952 5770 1980 5807 b
2004 5762 2333 5817 Coislinianus
2354 5777 2481 5813 unus
2503 5763 2638 5810 ποῖον
2663 5762 2787 5815 ἔθνος
2810 5777 2852 5807 τ.
2881 5776 2927 5821 φ.

1954 5835 1975 5891 ⁴ῗ
2005 5826 2394 5891 Κεκονιαμένοιςτ
2420 5825 2472 5871 V.
2504 5824 2671 5871 Matth.
2698 5823 2775 5891 2:3,
2794 5822 2853 5869 27
2917 5821 3025 5891 Ᾱρῐ.
3050 5820 3137 5891 25,
3325 5881 3372 5891 u
3389 5882 3398 5891 ν

1950 5889 1975 5928 d
2003 5881 2326 5939 Coiéliniimus
2372 5901 2524 5940 muns,
2568 5884 2822 5944 προορίσας
2877 5886 3016 5943 ἡμᾶς.
3048 5885 3231 5937 Καὶ-ως·
3291 5881 3458 5929 οὐδένα

1895 5954 2001 6015 γάρ,
2031 5958 2149 6011 elc.,
2168 5963 2275 6013 quae
2300 5947 2445 5999 lectio
2471 5960 2565 5996 nun
2592 5945 2883 6010 spernenda.
