4002 6522
515 384 584 449 43
1165 393 1225 448 S.
1259 387 1545 446 JOANN‘S'
1574 380 2061 443 CHRYSOSTOIII
2096 382 2411 439 ARCHIEP.
2448 386 2987 447 CONSTANTINOP.
3670 398 3742 453 Η

515 510 623 563 ἀπὺ
661 510 859 581 ἔχθρας
902 510 980 574 είς
1021 509 1291 563 υἱοθεσίαν
1334 510 1583 577 ἀγαγεῖν,
1629 503 2075 577 ὑπερϐαλλούσης

513 599 681 661 ὅντως
709 600 946 669 ἀγάπης.
992 599 1086 650 Ἐν
1123 597 1346 667 ἀγάπῃ,
1371 600 1523 667 φησὶ,
1556 596 1883 663 προορίσας
1920 590 2079 661 ἡμᾶς

514 689 597 752 εἰς
617 688 923 740 υἱοθεσίαν
941 684 1037 737 διὰ
1074 684 1267 752 Ἰησοῦ
1298 683 1556 752 Χριστοῦ
1578 686 1665 748 εἰς
1685 683 1891 735 αὐτόν.
1922 680 2084 750 Ὀρᾷς

516 777 633 838 πῶς
652 776 802 828 οὐδὲν
823 775 949 827 ἄνευ
972 772 1235 843 Χριστοῦς
1260 773 1377 835 πῶς
1396 772 1550 824 οὐδὲν
1571 772 1697 825 ἄνευ
1721 770 1813 823 τοῦ
1836 769 2049 838 Πατρός
2067 782 2084 832 ;

528 860 762 925 Ἐκεῖνος
810 862 1129 933 προώρισεν,
1167 853 1324 921 οὗτος
1368 860 1710 929 προσήγαγε.
1763 857 1875 909 Καὶ
1912 857 2085 909 ταῦτα

512 956 727 1020 τίθησιν
760 951 1001 1020 ἐπαίρων
1044 949 1114 1002 τὰ
1145 948 1510 1017 γεγενημένα,
1540 946 1795 1016 καθάπερ
1840 946 1937 998 καὶ
1965 945 2087 997 ἐτέ-

521 1040 648 1109 ρωθί
682 1052 846 1107 φησιν
870 1053 884 1068 ο
942 1039 1025 1089 Οὐ
1065 1038 1261 1105 μόνον
1294 1034 1383 1097 δὲ,
1411 1036 1573 1090 ἀλλὰ
1605 1036 1705 1087 καί
1735 1034 2087 1104 καυχώμεθα

516 1127 611 1179 διὰ
632 1127 737 1180 τοῦ
756 1128 978 1197 Κυρίου
1009 1125 1179 1195 ἡμῶν
1212 1125 1408 1191 Ἰησοῦ
1431 1125 1709 1192 Χρίστοῦ.
1737 1125 1967 1193 Μεγάλα
1990 1126 2091 1196 μὲν

516 1214 623 1285 γὰρ
652 1214 717 1267 τά
759 1215 1003 1275 δοθέντα,
1041 1213 1221 1284 πολλῷ
1257 1214 1314 1266 δὲ
1365 1212 1587 1284 μείζονα
1633 1212 1843 1281 γίνεται
1880 1212 1958 1282 τῷ
2001 1212 2091 1265 διά

513 1303 607 1357 τοῦ
638 1303 875 1374 Χριστοῦ
906 1303 1167 1372 δοθῆναι·
1201 1303 1283 1356 ὅτι
1311 1303 1410 1354 οὐκ
1440 1301 1653 1369 ἔπεμψέ
1680 1316 1803 1354 τινα
1828 1299 1940 1353 τῶν
1969 1296 2091 1352 δού-

515 1386 621 1445 λων
650 1394 785 1464 πρὸς
824 1394 947 1455 τοὺς
988 1392 1228 1455 δούλους,
1281 1391 1397 1444 ἀλλ’
1436 1390 1601 1442 αὐτὸν
1650 1389 1743 1442 τὸν
1782 1388 2086 1457 Μονογενῆ.

514 1483 677 1534 Κατὰ
706 1480 821 1545 τὴν
844 1476 1148 1542 εὐδοκίαν,
1175 1478 1331 1549 φησὶ,
1366 1478 1475 1532 τοῦ
1512 1476 1846 1547 θελήματος
1878 1475 2088 1531 αὐτοῦ.

516 1564 826 1631 Τουτέστιν,
867 1568 954 1621 διά
1006 1565 1071 1620 τό
1104 1566 1351 1639 σφοδρῶς
1406 1566 1653 1636 θελῆσαι.
1707 1564 1775 1617 Ἦ
1826 1563 2095 1634 ἐπιθυμία

513 1656 703 1721 αὐτοῦ,
749 1654 824 1720 ὼς
854 1656 920 1708 ἄν
963 1670 1050 1718 τις
1091 1653 1257 1719 εἴποι,
1297 1651 1438 1722 αὕτη
1482 1650 1636 1706 ἐστί’
1674 1651 1949 1721 πανταχοῦ
1984 1650 2094 1720 γὰρ

516 1747 731 1801 εὐδοκία
760 1747 819 1798 τὸ
847 1742 1061 1815 θέλημά
1086 1744 1202 1813 ἐστι
1233 1742 1297 1795 τὸ
1325 1739 1760 1813 προηγούμενον.
1798 1740 1955 1792 Ἐστι
1984 1738 2095 1810 γὰρ

515 1840 610 1891 καὶ
635 1838 766 1892 ἀλλο
798 1835 1043 1906 θέλημαο
1070 1828 1203 1898 οἷον,
1238 1831 1449 1901 θέλημα
1482 1831 1720 1903 πρῶτον,
1753 1829 1817 1883 τὸ
1852 1828 1929 1901 μὴ
1958 1830 2094 1882 ἀπο-

515 1922 703 1980 λέσθαι
734 1922 1125 1995 ἡμαρτηκότας
1150 1934 1164 1949 '
1206 1920 1421 1991 θέλημα
1458 1918 1733 1991 δεύτερον,
1766 1916 1829 1971 τὸ
1861 1916 2092 1987 γενομέ-

516 2026 637 2076 νους
668 2012 873 2071 κακοὺς
916 2007 1239 2062 ἀπολέσθαι.
1280 2007 1352 2061 Οὐ
1383 2005 1495 2076 γάρ
1536 2005 1602 2075 δὴ
1638 2003 1856 2075 ἀνάγκη
1896 2004 2096 2067 αὐτοὺς

516 2099 756 2164 κολάζει,
776 2096 913 2150 ἀλλά
942 2095 1173 2166 θέλημα.
1201 2092 1456 2147 Τοιοῦτον
1483 2094 1577 2146 καὶ
1605 2093 1700 2145 ἐπὶ
1717 2091 1929 2145 Παύλου
1951 2090 2100 2143 ἐστιν

519 2189 667 2252 ίδεῖν,
731 2184 842 2241 οἷον
886 2184 963 2250 ὡς
1009 2186 1140 2238 ὅταν
1181 2183 1358 2254 λέγῃ·
1397 2182 1560 2236 Θέλω
1601 2180 1834 2246 πάντας
1880 2177 2100 2247 ἀνθρώ-

516 2289 673 2343 πους
717 2272 875 2329 εἶναι
942 2273 1024 2338 ὠς
1070 2271 1171 2325 καί
1210 2270 1511 2340 ἐμαυτόνο
1556 2268 1653 2322 καὶ
1696 2268 1885 2331 πάλιν,
1936 2266 2099 2321 Θέλω

517 2363 808 2433 νεωτέρας
860 2361 1091 2433 ταμεῖν,
1146 2357 1544 2427 τεκνογονεῖν.
1598 2356 1862 2410 Εὑδοκίαν
1900 2351 1994 2411 οῦν
2037 2355 2099 2408 τὸ

517 2453 737 2517 πρῶτον
775 2450 993 2521 θέλημά
1040 2465 1196 2520 φησι,
1243 2446 1304 2500 τὸ
1336 2446 1565 2518 σφοδρὸν
1604 2444 1840 2515 θέλημα,
1869 2444 1932 2497 τὸ
1960 2443 2099 2514 μετά

518 2538 815 2611 ἐπιθυμίας
838 2539 1073 2608 θέλημα,
1099 2535 1165 2590 τὸ
1187 2537 1395 2606 πεῖσμα
1416 2548 1432 2566 ⁸
1456 2535 1517 2589 οὐ
1541 2532 1652 2606 γάρ
1680 2533 2097 2606 παραιτήσομαι

519 2630 614 2683 καὶ
636 2627 923 2699 κοινοτέρῳ
941 2626 1087 2690 λέξει
1109 2624 1418 2696 χρήσασθαι
1452 2622 1754 2694 σαφηνείας
1776 2621 1965 2675 ἕνεκεν
1989 2620 2098 2673 τῶν

517 2717 931 2788 ἀφελεστέρων·
966 2714 1109 2767 οὕτω
1134 2713 1244 2784 γάρ
1276 2712 1372 2766 καὶ
1404 2714 1565 2783 ἡμεῖς
1592 2711 1692 2782 τὴν
1723 2710 1975 2764 ἐπίτασιν
2001 2707 2097 2761 τοῦ

521 2805 826 2875 θελήματος
859 2802 1170 2871 δηλοῦντες,
1205 2799 1365 2853 Κατά
1399 2799 1461 2852 τὸ
1500 2801 1708 2869 πεῖσμα
1729 2801 1762 2869 ἡ
1772 2798 1909 2868 μῶν,
1942 2797 2098 2865 λέγο-

524 2910 641 2961 μεν.
683 2894 749 2945 ‘O
776 2888 868 2945 οὖν
893 2891 1064 2958 λέγει,
1096 2888 1254 2942 τοῦτό
1279 2890 1397 2941 ἐστι
1418 2902 1433 2917 '
1463 2888 1677 2958 Σφόδρα
1704 2888 1941 2957 ἐφίεται,
1966 2886 2102 2955 σφό-

519 2973 623 3051 δρα
655 2978 914 3049 ἐπιθυμεῖ
941 2978 1041 3046 τῆς
1077 2976 1355 3047 σωτηρίας
1383 2976 1483 3046 τῆς
1519 2975 1823 3048 ἡμετέρας.

591 3094 752 3157 Τίνος
786 3088 881 3147 οὖν
931 3093 1118 3146 ἕνεκεν
1163 3086 1338 3155 οὕτως
1366 3092 1514 3161 ἡμᾶς
1543 3092 1757 3161 ἀγαπᾷ,
1798 3091 1893 3145 καὶ
1936 3091 2101 3145 πόθεν

521 3182 665 3235 οὕτω
714 3180 893 3250 φιλεῖ;
940 3179 1074 3233 Ἀπὸ
1109 3178 1448 3248 ἀγαθότητος
1496 3180 1663 3251 μόνης
1688 3197 1702 3213 ο
1736 3183 1770 3251 ἡ
1799 3180 1908 3251 γὰρ
1941 3180 2103 3251 χάρις

523 3267 861 3337 ἀγαθότητός
909 3267 1048 3322 ἐστι.
1092 3268 1191 3320 Διά
1222 3266 1379 3319 τοῦτό
1428 3284 1614 3337 φησιν,
1652 3270 1756 3334 Είς
1788 3270 2103 3322 υἱοθεσίαν

524 3357 683 3428 ἡμᾶς
708 3355 1023 3424 προώρισε,
1067 3354 1257 3418 θέλων,
1288 3356 1380 3408 καὶ
1416 3356 1621 3427 σφόδρα
1652 3355 1813 3409 τοῦτο
1847 3356 2104 3428 βουλόμε-

527 3464 639 3508 νος,
669 3446 757 3498 ἵνα
777 3446 812 3515 ἡ
834 3442 936 3513 τῆς
961 3443 1183 3516 χάριτος
1203 3442 1370 3496 αὑτοῦ
1398 3443 1527 3508 δόξα
1553 3443 1759 3515 δειχθῇ.
1797 3444 1962 3498 Κατὰ
1990 3446 2104 3514 τὴν

527 3532 812 3586 εὐδοκίαν
845 3531 953 3585 τοῦ
982 3529 1319 3601 θελήματος
1340 3530 1551 3596 αὐτοῦ,
1594 3534 1778 3603 φησιν,
1815 3535 1902 3599 είς
1932 3532 2102 3589 ἔπαι-

528 3637 639 3674 νον
669 3619 853 3688 δόξης
887 3618 996 3688 τῆς
1034 3619 1273 3689 χάριτος
1312 3620 1522 3688 αὐτοῦ,
1550 3621 1629 3674 ὲν.
1657 3612 1700 3693 ᾖ
1740 3621 2106 3690 ἐχαρίτωσεν

528 3709 687 3778 ἡμᾶς
713 3710 781 3762 ἐν
836 3706 915 3773 τῷ
938 3708 1321 3778 ἠγαπημένῳ.
1350 3709 1466 3763 ’Ἰνα
1492 3712 1525 3780 ἡ
1555 3710 1657 3780 τῆς
1692 3712 1913 3781 χάριτος
1939 3711 2105 3764 αὑτοῦ

528 3798 657 3863 δόξα
706 3796 915 3867 δειχθῇ,
962 3797 1150 3866 φησὶν,
1200 3790 1326 3869 ὲνῇ
1374 3796 1708 3868 ἐχαρίτωσεν
1742 3800 1890 3869 ἡμᾶς
1927 3800 1986 3853 ἐν
2028 3800 2107 3869 τῷ

529 3883 888 3955 ἠγαπημένῳ·

603 4001 672 4061 γ’.
691 3992 900 4047 Οὐκοῦν
914 3993 1053 4056 είείς
1070 3990 1228 4045 τοῦτο
1242 3992 1596 4065 ἐχαρίτωσεν,
1620 3994 1700 4057 είς
1719 3994 1939 4047 ἔπαινον
1949 3994 2107 4065 δόξης

534 4082 615 4155 εδ]
646 4082 743 4152 τῆς
765 4081 985 4152 χάριτος
1003 4081 1188 4144 αὑτοῦ,
1212 4084 1305 4134 καὶ
1328 4081 1413 4133 ἵνα
1437 4080 1590 4155 δείξῃ
1611 4082 1710 4154 τὴν
1732 4083 1893 4155 χάριν
1915 4084 2105 4152 αὐτοῦ,

540 4170 811 4241 μείνωμεν
828 4170 887 4221 ἐν
898 4168 1059 4239 αὐτῇ.
1076 4170 1118 4219 Ε
1126 4170 1179 4235 ὶς
1197 4168 1454 4223 ἔπαινον
1468 4168 1673 4238 δόξης.
1700 4171 1765 4223 Τί
1780 4173 1895 4225 ἐστι
1915 4172 2075 4226 τοῦτο
2091 4192 2106 4239 ;

536 4258 623 4310 ἵνα
678 4272 764 4321 τις
817 4256 980 4309 αὐτὸν
1018 4255 1318 4327 ἐπαινέσῃς
1368 4257 1457 4310 ἵνα
1505 4274 1590 4321 τις
1637 4257 1870 4329 δοξάσῃ,
1922 4261 2105 4331 ἡμεῖς.

536 4344 779 4413 ἄγγελοι,
829 4342 1183 4414 ἀρχάγγελοι,
1236 4343 1374 4398 ἀλλά
1415 4344 1628 4416 πᾶσαή
1666 4346 1875 4414 κτίσις;
1905 4348 2017 4402 Καὶ
2056 4350 2109 4403 τί

536 4432 727 4497 τοῦτο;
756 4433 919 4485 Οὐδέν
948 4448 962 4463 ”
992 4432 1240 4496 ἀνενδεὲς
1266 4431 1374 4502 γάρ
1402 4432 1461 4485 τὸ
1488 4432 1663 4487 Θεῖον.
1686 4434 1844 4496 Τίνος
1866 4432 1958 4490 οὖν
1994 4436 2106 4490 ἐνε-

538 4536 632 4573 κεν
662 4519 909 4591 βούλεται
928 4519 1273 4574 ἐπαινεῖσθαι
1294 4520 1388 4574 καὶ
1408 4520 1728 4585 δοξάζεσθαι
1757 4524 1888 4593 παρ’
1918 4525 2108 4596 ήμῶν;

540 4604 703 4661 Ὥστε
727 4607 824 4675 τὴν
853 4607 990 4677 πρὸς
1019 4607 1179 4660 αὐτὸν
1206 4608 1426 4680 ἀγάπην
1447 4608 1785 4682 θερμοτέραν
1801 4613 1932 4682 ἡμῖν
1950 4616 2109 4682 ἐγγε-

538 4696 745 4749 νέσθαι.
775 4696 999 4758 Οὐδενὸς
1034 4696 1142 4766 γάρ
1174 4697 1383 4765 ἐφίεται
1413 4697 1523 4751 τῶν
1555 4701 1685 4770 παρ’
1714 4700 1894 4771 ἡμῶν,
1929 4703 2043 4756 ἀλλ’
2076 4704 2112 4774 ἢ

537 4784 636 4854 τῆς
687 4783 959 4854 σωτηρίας
1008 4783 1199 4852 μόνης,
1248 4784 1310 4837 ού
1344 4784 1642 4850 διακονίας,
1693 4788 1754 4839 ού
1788 4787 1967 4859 δόξης,
2012 4791 2112 4847 οὐκ

539 4873 698 4926 ἄλλου
745 4872 980 4935 οὐδενὸς,
1014 4872 1110 4924 καὶ
1144 4873 1325 4927 πάντα
1362 4873 1451 4926 διὰ
1497 4874 1658 4929 τοῦτο
1690 4878 1854 4931 ποιεῖ.
1904 4879 1966 4931 '0
2002 4878 2112 4949 γάρ

539 4962 776 5038 ἐπαινῶν
807 4962 900 5015 καὶ
928 4961 1225 5033 θαυμάζων
1253 4962 1351 5034 τὴν
1378 4965 1458 5030 είς
1498 4965 1662 5018 αὑτὸν
1695 4966 1857 5037 χάριν
1884 4984 2113 5038 γεγενη-

543 5033 733 5121 μῖἐνην,
777 5049 1283 5121 προσεκτικώτερος
1334 5050 1489 5105 ἔσται
1529 5054 1623 5105 καὶ
1671 5054 2111 5126 σπουδαιότερος.

540 5126 654 5204 Ἠς
682 5140 1047 5207 ἐχαρίτωσεν
1079 5140 1254 5209 ἡμᾶς,
1284 5142 1469 5213 φησίν.
1510 5146 1625 5197 Οὐκ
1650 5139 1824 5208 εἶπεν,
1850 5140 1963 5209 *Ης
1984 5147 2115 5216 ἐχα-

544 5226 748 5296 ρίσατο,
784 5226 922 5295 ἀλλ’,
961 5228 1353 5297 Ἑχαρίτωσεν
1378 5229 1570 5300 ἡμᾶς·
1605 5232 1881 5285 τουτέστιν
1914 5234 1975 5285 οὐ
2014 5234 2113 5304 μό-

539 5331 629 5365 νον
653 5315 1069 5385 ἁμαρτημάτων
1110 5317 1442 5387 ἀπήλλαξεν,
1484 5320 1621 5372 ἀλλά
1648 5320 1742 5372 καὶ
1775 5322 2114 5391 ἐπεράστους

542 5401 786 5470 ἐποίησε.
817 5477 821 5480 ξ
858 5402 1125 5474 Καθάπερ
1192 5404 1258 5457 ἂν
1314 5406 1366 5458 εί
1430 5422 1514 5467 τις
1579 5405 1756 5459 λαϐὼν
1820 5407 2115 5478 ⁵ψωραλέον

540 5489 682 5554 τινὰ,
714 5490 811 5542 καὶ
853 5490 1027 5561 λοιμῷ
1074 5494 1168 5547 καὶ
1204 5494 1342 5565 νόσῳ
1372 5494 1789 5566 διεφθαρμένον,
1826 5499 1919 5549 καὶ
1966 5500 2115 5570 γήρᾳ

542 5578 635 5629 καὶ
664 5577 831 5650 πενίᾳ
861 5579 959 5632 καὶ
987 5580 1151 5650 λιμῷ,
1191 5581 1397 5645 εὐθέως
1427 5583 1702 5654 εὔμορφον
1728 5583 1994 5655 νεώτερον
2022 5589 2114 5657 ἐρ-

542 5665 789 5728 γάσαιτο,
817 5666 1023 5729 πάντας
1036 5667 1356 5738 ἀνθρώπους
1386 5669 1622 5723 νικῶντα
1643 5670 1719 5741 τῷ
1748 5672 1955 5737 κάλλει,
1987 5691 2113 5743 σφο-

542 5746 673 5821 δράν
696 5765 720 5792 ιι
749 5754 847 5822 μὲν
872 5754 972 5825 τὴν
994 5755 1167 5824 αὐγὴν
1198 5756 1425 5824 ἀφιέντα
1451 5757 1557 5811 ἀπὸ
1586 5758 1691 5815 τῶν
1721 5761 1985 5831 παρειῶν,
2019 5766 2109 5817 καὶ

606 5959 634 5993 Α
658 5948 807 6005 ﬂore]
838 5995 847 6013 ,
882 5958 1079 6020 σφόδρῖρ.

2182 503 2282 567 τὰς
2321 512 2691 579 μαρμαρυγὰς
2728 513 2821 566 τοῦ
2856 516 3005 585 ἡλίου
3034 513 3451 587 ἀποκρύπτοντα
3486 522 3603 584 ταῖς
3633 523 3744 578 τῶν

2182 594 2471 666 ὀφθαλμῶν
2512 598 2709 669 βολαῖς,
2741 598 2859 657 εἶτα
2883 606 2940 657 ὲν
2964 604 3111 676 αὐτῷ
3147 611 3505 679 καταστήσειε
3531 611 3609 680 τῷ
3642 613 3746 682 τῆς

2183 684 2398 753 ἡλικίας
2420 685 2590 753 ἄνθει,
2628 688 2722 742 καί
2753 692 2891 759 μετά
2924 692 3081 746 τοῦτο
3125 692 3415 765 ἁλουργίδα
3458 698 3749 769 περιϐάλοι

2184 773 2280 826 καὶ
2308 773 2545 845 διάδημα
2585 778 2680 830 καῖ
2726 780 2902 832 πάντα
2932 780 3025 834 τὸν
3058 782 3263 851 κόσμον
3293 784 3384 837 τὸν
3424 783 3705 854 βασιλικόν
3729 802 3746 817 ·

2183 863 2356 926 οὕτως
2406 865 2674 937 ὲξήσκησε
2718 868 2817 938 τὴν
2853 869 3029 940 ψυχὴν
3056 871 3239 942 ἡμῶν,
3285 875 3381 927 καὶ
3428 875 3601 946 καλὴν
3653 878 3753 930 καί

2184 951 2439 1023 ποθεινὴν
2469 954 2564 1005 καὶ
2593 954 2894 1027 ἐπέραστον
2921 957 3197 1030 ἐποίησεν.
3252 961 3610 1030 Ἐπιθυμοῦσι
3639 963 3754 1035 γάρ

2185 1039 2408 1108 ἄγγελοι
2428 1042 2749 1113 παρακύψαι
2767 1045 2903 1116 πρὸς
2927 1047 3026 1118 τὴν
3045 1048 3302 1120 τοιαύτην
3318 1049 3519 1122 ψυχὴν,
3542 1053 3754 1122 ἀρχάγ-

2186 1128 2358 1195 γελοι,
2410 1131 2581 1184 πᾶσαι
2630 1131 2689 1184 αἱ
2728 1132 2884 1186 ἄλλαι
2923 1133 3200 1206 δυνάμεως.
3246 1137 3432 1201 Οὕτως
3474 1140 3622 1209 ἡμᾶς
3658 1140 3754 1192 καὶ

2189 1217 2513 1287 ἐπιχάριτας
2554 1218 2801 1289 ἐποίησε,
2838 1222 2933 1274 καὶ
2965 1222 3146 1293 ἐαυτῷ
3176 1223 3479 1287 ποθεινούς.
3519 1225 3754 1279 Ἐπιθυ-

2183 1306 2371 1377 μήσει
2396 1310 2527 1381 γὰρ,
2561 1312 2747 1382 φησὶν,
2776 1311 3130 1379 όβασιλεὺς
3167 1314 3272 1369 τοῦ
3310 1314 3579 1381 κάλλους
3613 1333 3755 1372 σου.

2191 1398 2333 1469 Ὅρα
2352 1399 2461 1470 γάρ
2488 1394 2576 1453 οἶα
2605 1401 2712 1470 πρὸ
2738 1401 2929 1454 τούτου
2960 1402 3228 1472 ἐπιδλαϐἧ
3255 1401 3635 1473 φθεγγόμενοι,
3667 1400 3765 1460 οἷα.

2189 1488 2606 1558 κεχαριτωμένα
2628 1490 2848 1561 ῥήματα
2868 1489 3217 1559 φθεγγόμεθα
3236 1490 3348 1545 νῦν.
3373 1492 3568 1545 Οὐκέτι
3594 1494 3765 1547 πλοῦ-

2190 1593 2283 1630 τον
2316 1576 2687 1648 θαυμάζομεν,
2721 1579 2904 1632 οὐκέτι
2932 1578 3001 1631 τά
3028 1579 3284 1643 ἐνταῦθα,
3318 1579 3456 1634 ἀλλά
3493 1582 3562 1634 τά
3589 1584 3765 1652 οὐράς

2192 1685 2281 1722 νια
2316 1669 2411 1722 καὶ
2447 1668 2517 1722 τὰ
2548 1670 2606 1723 ἐν
2637 1672 2749 1733 τοῖς
2792 1668 3061 1741 οὐρανοῖς.
3097 1670 3231 1740 Οὐχὶ
3262 1670 3451 1741 χαρίεν
3478 1672 3653 1724 ἐκεῖνο
3696 1673 3769 1725 τὸ

2192 1753 2405 1812 παιδίον
2431 1752 2571 1812 εἷναί
2598 1774 2799 1829 φαμεν,
2830 1761 2965 1831 ὅπερ
2998 1759 3062 1813 ἃν
3097 1760 3235 1830 μετὰ
3260 1760 3362 1830 τῆς
3386 1760 3480 1813 τοῦ
3509 1759 3767 1831 σώματος

2193 1845 2343 1919 ὥρας
2371 1847 2467 1899 καὶ
2509 1847 2709 1918 πολλὴν
2761 1846 2873 1917 ἔχει
2917 1848 3018 1917 τὴν
3062 1848 3121 1901 ὲν
3148 1850 3261 1911 τοῖς
3303 1850 3512 1920 ῥήμασι
3562 1850 3762 1921 χάριν;

2194 1935 2437 1989 Τοιοῦτοί
2469 1936 2605 1990 είσιν
2630 1938 2678 1989 οί
2712 1938 2913 1990 πιστοί.
2950 1939 3092 2007 Ὅρα
3113 1933 3202 1992 οἷα
3235 1937 3558 2007 φθέγγονται
3586 1941 3635 1993 οί
3666 1958 3762 2010 με-

2183 2024 2485 2096 μυημένοι.
2521 2022 2587 2078 Τί
2623 2025 2733 2097 γάρ
2759 2026 3108 2099 χαριέστερον
3143 2027 3351 2081 ἐκείνου
3376 2027 3469 2082 τοῦ
3498 2028 3769 2100 στόματος

2196 2116 2390 2185 γένοιτ’
2420 2116 2508 2179 ἂν,
2552 2115 2646 2169 τοῦ
2685 2115 2756 2168 τά
2792 2115 3079 2186 θαυμαστά
3108 2117 3325 2189 ῥήματα
3352 2118 3624 2187 ἀφιέντος,
3669 2122 3771 2173 καὶ

2199 2203 2411 2275 καθαρᾷ
2430 2203 2627 2275 καρδίᾳ
2659 2203 2756 2257 καὶ
2780 2204 3041 2276 καθαροῖς
3072 2204 3275 2276 χείλεσι
3315 2206 3767 2278 μεταλαμϐάνον-

2196 2308 2287 2355 τος
2302 2292 2581 2363 τραπέζης
2599 2292 2870 2362 μυστικῆς
2885 2288 3137 2363 τοιαύτης
3152 2291 3291 2361 μετά
3305 2293 3508 2365 πολλῆς
3523 2297 3621 2365 τῆς
3632 2296 3772 2367 λαμ-

2198 2383 2467 2453 πρότητος
2486 2381 2697 2451 καὶτῆς
2724 2381 3035 2451 παρρησίας
3055 2399 3071 2449 ;
3094 2381 3146 2435 τί
3168 2383 3517 2455 χαριέστερον
3534 2384 3642 2439 τῶν
3666 2388 3770 2458 ρηυ

2201 2473 2406 2543 μάτων,
2426 2472 2492 2525 δι’
2520 2463 2597 2526 ὧν
2614 2470 3034 2541 ἀποτασσόμεθα
3051 2468 3130 2541 τῷ
3160 2470 3421 2544 διαδόλῳς
3443 2474 3509 2527 δι’
3533 2467 3608 2529 ὧν
3633 2492 3763 2528 συν-

2194 2561 2507 2632 τασσόμεθα
2521 2560 2599 2633 τῷ
2618 2560 2839 2633 Χριστῷ
2855 2578 2870 2627 ;
2890 2564 2990 2630 τῆς
3000 2562 3293 2631 ὁμολογίας
3312 2565 3523 2635 ἐκείνης
3540 2568 3635 2636 τῆς
3651 2566 3765 2635 πρὸ

2195 2653 2290 2706 τοῦ
2308 2650 2564 2723 λουτροῢς
2594 2650 2695 2721 τῆς
2724 2651 2861 2722 μετά
2879 2651 2941 2705 τὸ
2966 2651 3218 2722 λουτρόνς
3262 2652 3628 2726 Ἑννοήσωμεν
3646 2656 3766 2709 ὅσοι

2195 2741 2581 2812 διεφθείραμεν
2603 2741 2663 2793 τὸ
2688 2741 2990 2812 βάπτισμα,
3009 2743 3104 2797 καὶ
3126 2744 3490 2815 στενάξωμεν,
3504 2746 3592 2801 ἵνα
3608 2746 3769 2816 δυνη-

2199 2834 2382 2906 θῶμεν
2414 2832 2546 2885 αὐτδ
2566 2831 2726 2887 πάλιν
2753 2833 3063 2889 ἀναλαϐεῖν.
3091 2833 3194 2887 Διά
3225 2834 3329 2889 τοῦ
3357 2835 3770 2905 ἡταπημένου,

2198 2930 2382 2998 φησιν,
2438 2927 2508 2978 ἐν
2556 2917 2604 2991 ᾧ
2642 2925 2864 2993 ἔχομεν
2912 2924 3030 2992 τὴν
3074 2925 3484 2993 ἀπολύτρωσιν
3520 2926 3619 2981 διὰ
3661 2923 3772 2981 τοῦ

2198 3015 2442 3085 αἵματος
2477 3012 2683 3066 αὐτοῦ.
2722 3010 2879 3079 Πῶς;
2908 3012 2982 3065 υύ
3022 3012 3181 3081 μόνον
3209 3014 3289 3066 ὅτι
3318 3012 3409 3065 τὸν
3439 3012 3568 3065 Υίδν
3600 3013 3769 3067 ἔδωκε

2198 3101 2530 3172 θαυμαστὸν,
2555 3098 2670 3153 ἀλλ’
2696 3101 2778 3154 ὅτι
2807 3101 2900 3153 καὶ
2923 3099 3097 3170 τούτῳ
3121 3099 3197 3170 τῷ
3225 3100 3430 3169 τρόπῳ,
3460 3098 3604 3154 ὥστε
3636 3118 3774 3168 σφα-

2198 3191 2363 3261 γῆναι
2391 3191 2420 3230 δ
2446 3191 2608 3244 αὑτὸν
2636 3188 2727 3243 τὸν
2764 3188 3145 3257 ἀγαπώμενον.
3182 3189 3357 3258 Πολλὴ
3389 3190 3422 3257 ἠ
3455 3187 3725 3261 ὑπερϐολή
3752 3207 3767 3221 ·

2198 3282 2290 3335 τὸν
2320 3277 2681 3348 ἀγαπώμενον
2707 3277 2845 3349 ὑπὲρ
2872 3277 2978 3330 τῶν
3010 3277 3351 3347 μισουμένων
3381 3277 3601 3332 ἔδωκεν.
3633 3280 3772 3350 Ὅρα

2201 3368 2372 3421 πόσου
2420 3367 2568 3436 ἡμᾶς
2610 3367 2855 3436 τιμᾶται.
2899 3365 2981 3425 Εί,
3021 3364 3109 3417 ὅτε
3140 3363 3301 3417 αὐτὸν
3341 3363 3635 3435 ἐμισοῦμεν
3676 3368 3777 3420 καὶ

2202 3457 2387 3527 ἐχθροὶ
2411 3451 2574 3526 ἦμεν,
2601 3454 2696 3508 καὶ
2715 3451 3079 3522 ἀγαπώμενον
3104 3451 3184 3524 [7]
3224 3452 3390 3506 ἔδωκε
3416 3468 3429 3482 ⁸
3461 3453 3510 3505 τί
3533 3455 3593 3507 οὐ
3619 3456 3776 3525 ποιή-

2204 3560 2288 3599 σει
2312 3544 2517 3605 λοιπὸν,
2547 3544 2677 3596 ὅταν
2700 3542 2875 3612 τούτῳ
2912 3540 3338 3611 καταλλαγῶμεν
3372 3542 3458 3596 διά
3484 3543 3584 3612 τῆς
3614 3544 3777 3615 χάρι-

2202 3650 2327 3698 τος;
2394 3632 2513 3699 Τὴν
2578 3628 2818 3699 ἄφεσιν,
2880 3630 3034 3701 φησὶ,
3086 3624 3202 3683 τῶν
3266 3632 3772 3697 παραπτωμάτων.

2210 3721 2447 3775 Ἀνωθεν
2498 3720 2646 3773 κάτω
2692 3719 2936 3773 κάτεισι’
2985 3719 3249 3790 πρότερον
3293 3721 3563 3774 υἱοθεσίαν
3605 3720 3776 3773 είπὼν

2205 3813 2302 3866 καὶ
2338 3810 2606 3881 ἀγιασμδν
2646 3810 2741 3863 καὶ
2770 3807 3055 3879 ἀμώμους,
3101 3808 3199 3862 καὶ
3234 3809 3357 3862 τότε
3388 3810 3450 3862 τὸ
3482 3811 3670 3873 πάθος,
3708 3810 3771 3862 οὐ

2208 3900 2399 3972 μειῶν,
2429 3898 2548 3951 οὐδὲ
2588 3899 2697 3951 ἀπὸ
2743 3898 2852 3950 τῶν
2904 3896 3153 3967 μεγάλων
3186 3898 3279 3949 ἐπὶ
3313 3897 3381 3949 τά
3428 3897 3596 3968 μικρά
3639 3914 3772 3951 κατ-

2208 3989 2356 4058 άγων
2383 3989 2473 4041 τὸν
2500 3988 2675 4056 λόγον,
2695 3986 2812 4040 ἀλλ’
2842 3986 2951 4039 ἀπὸ
2976 3985 3084 4039 τῶν
3107 3985 3317 4056 μικρῶν
3347 3985 3438 4038 ἐπὶ
3465 3985 3536 4038 τά
3564 3984 3775 4055 μεγάλα

2207 4077 2392 4131 ἀνιών.
2432 4076 2596 4129 Οὐδὲν
2626 4076 2733 4144 γὰρ
2761 4072 2904 4127 οὕτω
2942 4074 3102 4144 μέγα,
3128 4073 3204 4136 ὡς
3225 4072 3284 4125 τὸ
3313 4066 3453 4142 αἷμα
3481 4072 3777 4143 ἐκχυθῆναι

2209 4166 2302 4220 τοῦ
2348 4163 2483 4218 Θεοῦ
2513 4175 2536 4204 ο
2575 4162 2715 4235 ὑπὲρ
2744 4162 2905 4232 ἡμῶν
2931 4179 2946 4194 ο
2981 4161 3074 4214 καὶ
3108 4159 3205 4230 τῆς
3235 4161 3507 4226 υἱοθεσίας
3549 4160 3640 4214 καὶ
3666 4162 3784 4215 τῶν
3868 4206 3873 4207 κ

2210 4256 2386 4311 ἄλλων
2417 4253 2633 4324 δωρεῶν
2668 4251 2827 4306 τοῦτο
2860 4252 3064 4322 μεῖζον,
3110 4250 3170 4304 τὸ
3202 4250 3335 4322 μηδὲ
3377 4251 3471 4306 τοῦ
3501 4251 3629 4307 Υίοῦ
3662 4254 3779 4321 φεί-

2213 4344 2431 4400 σασθαι.
2468 4341 2628 4410 Μέγα
2656 4342 2764 4414 γάρ
2792 4341 2853 4394 τδ
2882 4340 3149 4410 ἀφεθῆναι
3192 4340 3302 4394 τῶν
3340 4341 3774 4414 ἁμαρτημάτων,

2211 4434 2350 4490 ἀλλά
2378 4435 2440 4487 τὸ
2466 4431 2675 4503 μεῖζον,
2706 4431 2766 4485 τὸ
2800 4430 2890 4484 διά
2920 4430 3015 4484 τοῦ
3049 4429 3277 4499 αἵματος
3296 4429 3391 4484 τοῦ
3423 4431 3772 4485 Δεσποτικοῦ.

2213 4522 2335 4578 Ὀτι
2364 4521 2473 4594 γὰρ
2498 4521 2658 4575 τοῦτο
2679 4518 2859 4590 πολλῷ
2891 4517 3072 4589 μεῖξον
3098 4517 3372 4578 ἁπάντων,
3406 4518 3509 4590 ὅρα
3539 4520 3657 4581 πῶς
3686 4521 3782 4572 καὶ

2214 4613 2446 4669 ἐνταῦθα
2464 4612 2725 4683 ἀνεὸόησε
2743 4609 2920 4678 λέγων
2940 4623 2956 4641 ⁸
2973 4608 3136 4662 Κατὰ
3155 4609 3262 4660 τὸν
3281 4609 3546 4663 πλοῦτον
3562 4608 3667 4677 τῆς
3684 4610 3785 4676 χά.

2206 4702 2590 4775 ριτοςαύτοῦ,
2606 4696 2678 4773 ἦς
2694 4700 3227 4769 ἐπερίσσευσεν-είς
3240 4696 3415 4767 ἡμᾶς.
3428 4699 3660 4761 Πλοῦτος
3682 4702 3784 4769 μὲν

2215 4793 2322 4862 γὰρ
2366 4790 2636 4857 κάκεῖνος,
2675 4786 2855 4857 πολλῷ
2886 4787 2944 4840 δὲ
2986 4786 3147 4838 πλέον
3179 4781 3351 4849 οὗτος.
3396 4778 3499 4851 Ἦς
3540 4786 3783 4854 ἐπερίσ-

2215 4897 2426 4942 σευσε,
2459 4879 2652 4949 φησὶν,
2694 4879 2782 4943 είς
2811 4873 2991 4945 ἡμᾶς.
3025 4875 3134 4927 Καὶ
3163 4873 3412 4936 πλοῦτος,
3444 4872 3557 4937 καὶ,
3605 4871 3780 4926 Ἔπε-

2208 4972 2531 5040 ρίσσευσε,
2578 4966 2850 5029 τουτέστι,
2899 4963 3123 5032 ἀφάτως
3156 4962 3409 5033 ἐξεχύθη.
3446 4964 3560 5016 Οὐκ
3607 4962 3784 5015 ἔνεστι

2215 5060 2356 5130 λόγῳ
2389 5057 2760 5129 παραστῆσαι,
2805 5049 2880 5109 ὧν
2907 5052 2995 5108 διὰ
3041 5052 3148 5105 τῶν
3182 5052 3360 5121 έργων
3389 5050 3781 5121 ἐπειράθημεν.

2214 5146 2453 5209 Πλοῦτος
2504 5144 2614 5214 γάρ
2674 5143 2813 5205 ἐστι,
2870 5140 3101 5203 πλοῦτος
3138 5138 3496 5209 περισσεύων,
3552 5138 3783 5203 πλοῦτος

2215 5236 2314 5288 ούκ
2342 5231 2664 5304 ἀνθρώπων,
2707 5230 2844 5284 ἀλλά
2883 5227 3039 5293 Θεοῦ,
3075 5227 3215 5281 ὥστε
3256 5226 3593 5298 πανταχόθεν
3631 5228 3783 5298 ἀμήο

2214 5338 2376 5392 χανον
2400 5321 2560 5373 αὐτὸν
2590 5317 2865 5389 λεχθῆναι.
2897 5316 3121 5378 Δεικνὺς
3144 5315 3201 5369 δὲ
3226 5315 3342 5377 πῶς
3364 5316 3443 5377 είς
3464 5314 3783 5387 περισσείαν

2215 5410 2435 5469 ἔδωκεν,
2498 5409 2601 5461 Ἐν
2648 5408 2820 5473 πάσῃ
2866 5405 3052 5472 σοφίᾳ
3108 5404 3208 5456 καί
3257 5402 3568 5472 φρονήσει,
3623 5403 3783 5471 φησὶ,

2216 5497 2512 5567 γνωρίσας
2538 5493 2683 5563 ἡμῖν
2714 5493 2781 5546 τὸ
2812 5490 3153 5560 μυστήριον
3181 5490 3289 5544 τοῦ
3314 5490 3645 5558 θελήματος
3671 5491 3787 5542 αὐ-

2212 5586 2353 5640 τοῦ.
2401 5584 2669 5645 τουτέστι,
2717 5582 2914 5650 σοφοὺς
2953 5583 3045 5632 καὶ
3090 5580 3387 5651 φρονίμους
3423 5580 3652 5650 ποιήσας
3682 5579 3787 5650 τὴν

2214 5673 2382 5737 ὅντως
2411 5673 2622 5742 σοφίαν,
2655 5671 2754 5741 τὴν
2781 5670 2946 5731 ὅντως
2980 5669 3256 5739 φρόνησιν.

2278 5845 2305 5883 b
2332 5840 2537 5903 Quidam
2559 5854 2697 5897 mss.,
2725 5843 2912 5903 σφάξαι,
2933 5842 3080 5903 male.

2234 5932 2243 5969 γ
2280 5910 2297 5931 "
2324 5901 2443 5969 iAliii,
2470 5903 2554 5969 τοῦ
2571 5902 2705 5969 ΔΥίοῦ.
2748 5898 2868 5969 [infra
2897 5901 3045 5969 Savil.
3076 5910 3127 5969 el;
3151 5903 3499 5969 Margi._male,
3526 5906 3588 5963 μή
3612 5904 3697 5966 γάρ
3722 5898 3784 5951 τὸ

2228 5966 2357 6021 ἁθςθ.
2382 5965 2721 6019 ιὀἰειιιιίιιιιυε.
2750 5968 2866 6025 μέγα
2886 5966 2993 6027 γάρ,
3020 5972 3071 6013 ει
3089 5967 3159 6014 sic
3182 5965 3298 6027 legit
3326 5966 3590 6026 interpres.
