4030 6536
288 399 357 452 15
1002 405 1006 409 ⁴
1209 402 1278 461 1Ν
1317 404 1529 463 EPIST.
1575 409 1664 463 AD
1704 407 1837 465 EPH

1942 449 1947 463 .
1989 409 2139 469 CAP.
2186 414 2228 472 1.
2271 418 2502 474 ιιοιηι.
2545 421 2587 474 1.
3484 435 3554 487 ιι

278 518 763 586 dispensationem.
799 516 906 573 Sed
931 533 1103 589 neque
1126 527 1154 573 a
1178 520 1289 575 sola
1317 522 1539 577 caritate
1567 564 1579 588 ,
1627 539 1798 592 neque
1834 534 1863 577 a

278 622 464 663 nostra
516 612 749 674 virtute,
796 612 889 665 sed
926 628 991 667 ex
1037 612 1295 683 utrisque.
1344 612 1509 686 Elegit
1552 616 1695 669 enim
1738 633 1861 681 nos,

278 706 454 774 inquit
490 723 503 758 :
532 706 620 774 qui
652 714 829 758 autem
857 706 1038 776 eligit,
1066 709 1167 761 scit
1189 708 1317 777 quid
1337 709 1516 779 eligat.
1546 708 1611 763 In
1631 710 1861 773 caritate,

273 797 471 865 inquit,
507 797 880 867 prwdestinavit
907 816 1016 853 nos.
1051 799 1262 855 Nullum
1292 802 1435 855 enim
1463 802 1670 855 salvum
1697 803 1861 857 fecis-

270 898 355 941 set
383 888 575 955 virtus,
611 889 709 942 nisi
740 900 883 944 esset
912 891 1127 945 caritas.
1175 891 1342 958 Nam,
1391 893 1478 948 dic
1522 894 1683 959 mihi,
1732 894 1860 964 quid

272 981 567 1047 profuisset
598 976 782 1047 Paulo,
814 993 866 1035 et
893 981 1018 1051 quid
1049 982 1315 1038 ellecisset
1338 1025 1352 1048 ,
1386 985 1484 1039 nisi
1518 986 1688 1055 ipsum
1733 1001 1859 1040 evo-

267 1086 448 1127 casset
474 1089 506 1127 e
530 1074 757 1142 superis,
787 1083 841 1128 et
865 1073 1118 1129 dilectum
1135 1075 1201 1131 ad
1228 1093 1285 1131 se
1308 1079 1599 1135 traxisset?
1621 1079 1856 1149 alioquin

266 1174 477 1231 autem,
509 1165 650 1235 quod
676 1178 780 1220 tam
813 1167 993 1221 multis
1017 1165 1264 1238 dignatus
1302 1168 1402 1233 sit,
1443 1170 1679 1224 caritatis
1719 1170 1855 1237 fuit,

266 1272 374 1309 non
408 1268 610 1311 nostra:
639 1257 870 1311 virtutis.
906 1254 1035 1311 Nam
1066 1258 1227 1313 fuisse
1243 1260 1413 1315 bonos
1432 1271 1485 1315 et
1507 1261 1700 1315 virtute
1723 1278 1858 1329 praea-

264 1351 410 1406 ditos
455 1360 513 1406 et
550 1352 851 1406 credidisse
897 1361 952 1406 et
995 1354 1329 1419 accessisse,
1381 1353 1479 1407 fuit
1507 1352 1608 1409 hoc
1635 1353 1854 1425 quidem

262 1443 385 1510 ejus
413 1442 509 1512 qui
539 1443 784 1507 vocavit,
818 1443 909 1499 sed
935 1455 1175 1499 nostrum
1201 1459 1412 1515 quoque
1445 1463 1458 1499 :
1490 1447 1631 1516 quod
1672 1457 1851 1502 autem

262 1552 387 1589 cum
417 1537 835 1592 acccssissemus
860 1549 964 1592 tam
981 1539 1163 1593 multis
1183 1539 1429 1611 dignatus
1450 1540 1519 1594 sit
1535 1540 1850 1607 honoribus,

262 1639 320 1679 ut
366 1627 651 1682 confestim
688 1644 751 1683 ex
804 1629 1077 1685 inimicitia
1108 1631 1329 1686 duceret
1363 1631 1430 1686 ad
1474 1632 1704 1687 ﬁliorum
1751 1632 1851 1687 ad-

260 1720 575 1785 optionem,
603 1731 686 1775 est
737 1738 795 1777 re
822 1738 944 1777 vera
972 1725 1341 1794 exsuperantis
1366 1726 1622 1780 caritatis.
1658 1727 1760 1794 Qui
1798 1727 1853 1781 in

258 1813 498 1878 caritate,
530 1813 720 1883 inquit,
754 1816 1129 1884 prtedestinavit
1161 1832 1252 1869 nos
1278 1814 1332 1870 in
1360 1817 1684 1888 adoptionem
1709 1819 1851 1888 ﬁlio-

256 1921 371 1956 rum
419 1922 515 1973 per
556 1902 733 1959 Iesum
780 1906 1034 1961 Christum
1080 1909 1133 1962 in
1176 1908 1361 1978 ipsum.
1397 1908 1555 1965 Vides
1580 1910 1850 1981 quomodo

258 1997 389 2049 nihil
423 1999 544 2051 sine
574 1998 826 2052 Christo?
854 2001 1123 2069 quomodo
1167 2001 1297 2055 nilnl
1342 2001 1459 2057 sine
1508 2002 1705 2058 Patre?
1754 2004 1848 2059 llle

256 2089 696 2157 pnedestiuavit,
732 2092 817 2145 hic
844 2092 1082 2147 adduxit.
1119 2094 1183 2148 Et
1228 2093 1343 2149 haec
1386 2096 1534 2164 ponit
1583 2098 1847 2151 extollens

253 2198 371 2250 qua:
403 2182 546 2235 facta
577 2195 734 2249 sunt,
766 2185 899 2238 sicut
927 2185 1089 2239 etiam
1132 2186 1262 2241 dicit
1305 2187 1433 2242 alibi
1465 2205 1477 2241 :
1514 2186 1635 2242 Non
1681 2190 1845 2244 solum

251 2285 439 2333 autent.
475 2274 568 2328 sed
592 2277 740 2328 etiam
768 2276 1047 2344 gloriamur
1077 2296 1166 2347 per
1193 2278 1469 2334 Dominum
1495 2292 1722 2336 nostrum
1747 2281 1843 2338 Je-

252 2383 362 2420 sum
392 2364 658 2420 Christum
700 2366 891 2436 (Rom.
940 2370 995 2424 5.
1046 2372 1171 2442 il).
1218 2372 1347 2426 Nam
1396 2389 1585 2445 magna
1626 2375 1841 2445 quidem

253 2470 371 2513 sunt
396 2475 524 2529 qua:
552 2459 677 2514 data
705 2471 857 2527 sunt,
890 2464 1055 2517 multo
1081 2475 1256 2520 autem
1291 2466 1425 2519 fiunt
1451 2466 1672 2536 majora,
1700 2470 1841 2539 quod

253 2551 367 2604 ιι.ιι;ι
397 2553 511 2605 sint
543 2569 642 2622 per
669 2552 973 2619 Christum;
1008 2557 1144 2623 quod
1177 2574 1279 2611 noo
1306 2561 1608 2629 quempiam
1638 2577 1703 2615 ex
1728 2576 1842 2616 sero

253 2644 330 2696 vis
353 2643 565 2698 miserit
590 2644 660 2699 ad
690 2660 900 2712 servos,
928 2646 1023 2702 sed
1052 2648 1225 2717 ipsum
1256 2648 1615 2720 Unigeuituin.
1645 2652 1842 2707 Secun-

260 2748 369 2787 dum
413 2739 759 2807 prapositum,
810 2739 1001 2807 inquit,
1034 2740 1307 2796 voluntatis
1334 2759 1464 2806 suae;
1490 2744 1543 2799 id
1576 2755 1678 2813 est,
1710 2762 1837 2816 pro-

262 2836 427 2894 pterea
456 2829 606 2899 quod
640 2830 794 2885 valde
823 2833 968 2887 velit.
1010 2832 1125 2889 Hoc
1148 2843 1250 2898 est,
1284 2847 1340 2889 ut
1368 2837 1439 2891 ita
1475 2839 1647 2894 dicam
1673 2878 1689 2905 ,
1721 2840 1837 2909 ejus

260 2919 598 2974 desiderium.
634 2920 842 2991 Ubique
891 2924 1033 2978 enim
1078 2927 1439 2997 sbaoxmuioc
1485 2931 1627 2985 enim
1681 2947 1839 2985 voca-

220 3074 223 3075 7
254 3012 422 3065 bulum
458 3013 552 3067 hic
598 3026 821 3083 usurpat
850 3012 1085 3089 Paulus)
1117 3003 1198 3072 est
1228 3022 1473 3075 voluntas
1507 3025 1756 3094 princeps
1784 3034 1837 3079 et

252 3121 360 3173 qme
384 3107 651 3175 prazcedit
673 3126 684 3160 :
707 3119 789 3163 cst
814 3110 955 3163 enim
982 3112 1141 3165 etiam
1167 3112 1267 3166 alia
1298 3115 1545 3170 voluntas
1577 3132 1590 3169 :
1625 3126 1833 3187 utputa,

249 3201 490 3255 voluntas
517 3202 690 3270 prima
737 3212 839 3269 est,
873 3214 931 3257 ut
958 3220 1065 3258 non
1097 3217 1318 3275 pereant
1360 3209 1449 3277 qui
1498 3224 1784 3278 peccarunt
1814 3227 1828 3266 :

247 3294 490 3349 voluntas
535 3296 768 3350 secunda
800 3306 901 3363 est,
936 3308 990 3350 ut
1014 3299 1102 3367 qui
1134 3298 1254 3354 facti
1283 3310 1407 3354 sunt
1435 3303 1557 3355 mali
1584 3312 1827 3372 pereant.

245 3382 354 3441 Non
396 3389 549 3443 enim
602 3405 698 3445 eos
742 3392 963 3460 castigat
990 3392 1280 3447 necessitas
1302 3435 1317 3459 ,
1348 3394 1440 3448 sed
1474 3396 1740 3451 voluntas.
1775 3396 1829 3451 id

246 3479 396 3532 etiam
431 3479 622 3535 videre
672 3481 800 3536 licet
850 3482 901 3535 in
930 3482 1115 3547 Paulo,
1143 3493 1200 3538 ut
1241 3486 1455 3554 quando
1497 3487 1644 3553 dicit,
1703 3486 1829 3542 Volo

244 3586 408 3623 omnes
452 3571 691 3625 homines
738 3588 844 3625 esse
887 3573 1016 3626 sicut
1044 3574 1289 3645 meipsum
1315 3592 1336 3640 ,°
1359 3585 1413 3629 et
1442 3592 1626 3630 rursus
1652 3620 1665 3639 ,
1705 3577 1829 3632 Volo

238 3664 461 3732 juniores
501 3664 710 3728 nubere,
766 3665 901 3733 ﬁlios
952 3667 1260 3736 procreare(
1295 3668 1345 3721 1.
1396 3665 1512 3721 Cor.
1555 3668 1608 3723 7.
1658 3668 1720 3726 7;
1774 3671 1825 3724 1.

245 3752 374 3807 Tim.
406 3756 461 3809 5.
498 3755 624 3826 Η).
652 3759 882 3809 etiam“,
908 3772 1035 3827 ergo
1063 3759 1286 3827 primam
1312 3758 1439 3813 dicit
1466 3761 1824 3828 voluntatem,

245 3847 382 3900 illam
412 3862 536 3916 quae
564 3856 650 3902 est
692 3847 982 3903 vehemens
1009 3857 1064 3903 et
1083 3850 1353 3905 desiderio
1386 3850 1571 3921 juncta
1602 3868 1828 3923 persna-

242 3941 442 3993 sionem
480 3957 494 3991 :
530 3954 643 3993 non
694 3938 837 3993 enim
887 3940 1145 3995 recusabo
1186 3940 1417 3996 dictione
1464 3942 1541 3997 uti
1588 3958 1827 3999 commu-

243 4030 409 4093 niore,
444 4038 503 4083 ut
535 4029 955 4098 simplicioribus
984 4046 1071 4085 res
1100 4032 1167 4085 sit
1194 4032 1477 4087 dilucidior
1505 4050 1520 4089 :
1548 4035 1625 4090 sic
1647 4036 1787 4090 enim
1807 4079 1822 4102 ,

242 4137 335 4177 nos
359 4122 613 4184 dicimus,
649 4131 774 4177 κατὰ
797 4133 852 4176 τὸ
878 4139 1052 4185 πεῖσμα
1082 4125 1238 4191 ἡμῶν,
1269 4125 1320 4179 id
1367 4135 1448 4180 est
1472 4168 1487 4191 ,
1530 4130 1823 4185 secundum

245 4213 649 4280 persuasionem
692 4222 952 4267 nostram.
1001 4212 1112 4268 Hoc
1156 4230 1283 4284 ergo
1335 4217 1434 4271 sibi
1483 4219 1638 4274 vult:
1670 4220 1825 4277 valde

243 4306 402 4374 cupit,
434 4305 593 4361 valde
620 4306 890 4361 desiderat
916 4314 1148 4362 nostram
1174 4308 1422 4362 salutem.

310 4398 491 4452 Gratia
510 4409 638 4452 esto
664 4399 1107 4454 bonitate.—Cur
1145 4400 1223 4455 sic
1249 4416 1348 4455 nos
1389 4402 1573 4457 amat?
1613 4418 1708 4459 cur
1746 4406 1826 4463 sic

243 4506 338 4545 nos
355 4492 574 4561 diligit?
601 4493 645 4545 A
674 4492 786 4546 sola
820 4491 1055 4547 bonitate
1083 4510 1097 4546 :
1123 4492 1293 4561 gratia
1320 4492 1461 4548 enim
1488 4504 1569 4549 est
1593 4512 1623 4549 a
1667 4496 1822 4551 boni-

244 4591 364 4637 tate.
395 4582 688 4652 Pr0pterea
715 4581 883 4647 dicit,
930 4580 1318 4637 Prwdestinavit
1358 4601 1449 4638 nos
1488 4586 1541 4639 in
1587 4588 1825 4655 adoptio-

242 4691 349 4727 nem
379 4676 629 4743 ﬁliorum,
666 4675 883 4739 volens,
917 4684 970 4729 et
996 4674 1282 4730 admodum
1310 4678 1497 4732 volens
1516 4720 1529 4741 ,
1560 4688 1617 4733 ut
1646 4692 1825 4736 osten-

240 4766 395 4821 datur
416 4766 588 4836 gloria
614 4765 728 4834 ejus
752 4765 959 4835 gratiae.
990 4764 1282 4820 Secundum
1311 4770 1624 4837 propositum
1647 4772 1825 4825 volun-

239 4861 351 4913 tatis
378 4875 506 4925 sum,
541 4859 731 4927 inquit,
764 4859 816 4912 ϐ.
848 4859 901 4911 in
929 4859 1130 4911 laudem
1158 4860 1336 4929 glorite
1359 4861 1537 4929 gratia?
1582 4878 1687 4916 sua:
1711 4905 1724 4929 ,
1770 4867 1824 4920 in

237 4970 333 5021 qua
374 4953 687 5023 grati/icavit
725 4968 817 5005 nos
861 4954 915 5006 in
961 4952 1164 5006 dilecto.
1217 4951 1286 5009 Ut
1333 4956 1681 5020 ostendatur,
1736 4957 1822 5010 iu-

238 5048 369 5115 quit,
397 5043 576 5116 gloria
604 5044 721 5115 ejus
748 5044 965 5115 gratiae,
999 5044 1052 5099 in
1079 5059 1181 5114 qua
1229 5060 1328 5101 nos
1370 5057 1552 5117 gratos
1599 5046 1725 5102 fecit
1769 5049 1820 5103 in

239 5138 453 5191 ddecto.

304 5232 359 5285 3.
394 5230 538 5297 Ergo
567 5227 610 5282 si
638 5226 704 5281 ad
740 5226 841 5281 hoc
869 5235 1049 5296 gratos
1080 5226 1236 5291 fecit,
1288 5228 1340 5281 in
1382 5227 1589 5283 laudem
1638 5230 1821 5299 gloria:

240 5324 420 5390 gratia:
445 5322 563 5391 ejus
586 5360 602 5387 ,
633 5330 686 5375 et
719 5330 774 5373 ut
798 5320 1106 5375 ostenderet
1145 5320 1262 5389 ejus
1303 5321 1559 5390 gratiam;
1605 5338 1820 5375 manea-

240 5433 354 5469 mus
381 5416 435 5469 in
468 5416 605 5482 ipsa.
639 5416 719 5467 Ad
750 5414 952 5468 laudem
982 5414 1179 5483 glorite.
1209 5414 1345 5480 Quid
1377 5414 1477 5467 sibi
1508 5415 1619 5467 vult
1648 5412 1821 5466 illud?

240 5520 292 5559 ut
313 5507 440 5577 quis
461 5508 635 5575 ipsum
672 5505 895 5559 laudet?
933 5517 985 5558 ιιι
1031 5505 1150 5573 quis
1199 5505 1369 5574 ipsum
1422 5506 1717 5574 glorilieet?
1765 5514 1825 5559 ut

240 5614 354 5663 nos,
386 5598 602 5668 angeli,
637 5596 986 5665 archangeli?
1011 5598 1103 5651 sed
1135 5607 1187 5650 et
1215 5596 1389 5650 omnis
1429 5597 1711 5650 creatura?
1760 5597 1823 5649 Et

239 5693 362 5761 quid
395 5692 538 5746 hoc?
566 5689 713 5745 Nihil
745 5705 758 5739 ε
790 5690 929 5742 Deus
972 5689 1111 5742 enim
1164 5689 1309 5741 nullo
1358 5698 1498 5758 eget.
1542 5687 1650 5742 Cur
1694 5705 1823 5757 ergo

243 5787 347 5839 vult
368 5801 397 5837 a
431 5784 586 5838 nobis
612 5780 819 5835 laudari
847 5790 901 5832 et
931 5778 1251 5848 glorificari?
1295 5778 1361 5834 Ut
1390 5780 1441 5832 in
1469 5780 1638 5848 ipsum
1688 5782 1825 5833 cari.

247 5886 328 5926 tas
348 5888 413 5931 :il
443 5876 494 5930 in
524 5874 684 5929 nobis
711 5870 1024 5927 ferventior.
1058 5871 1135 5925 Ex
1156 5872 1353 5927 nostris
1372 5874 1509 5927 enim
1528 5871 1656 5925 nihil
1682 5870 1821 5927 aliud

1974 527 2121 595 cupit
2143 544 2300 598 quam
2334 543 2568 587 nostram
2601 538 2827 592 salutem
2858 555 2871 591 :
2904 554 3009 594 non
3040 540 3415 607 ministerium.
3445 562 3557 601 non

1968 616 2213 687 gloriam,
2240 638 2342 678 non
2375 624 2573 694 aliquid
2602 629 2764 695 aliud,
2794 640 2845 685 et
2873 643 3088 701 propter
3118 634 3221 690 hoc
3271 636 3395 691 facit
3435 652 3554 694 om-

1970 709 2078 766 nia.
2111 711 2240 767 Nam
2270 716 2359 785 qui
2403 717 2583 772 laudat
2634 728 2687 775 et
2737 723 3031 781 admiratur
3075 741 3192 782 eam
3238 746 3357 799 qua:
3398 732 3450 787 in
3484 744 3545 786 se
3622 773 3628 799 ς

1968 800 2105 857 facta
2137 814 2217 859 est
2254 808 2784 876 gratiampattentior
2810 812 2912 869 erit
2950 826 3004 871 et
3050 816 3377 888 diligentior.
3431 824 3549 890 Qua

1964 895 2270 964 gratiﬁcavit
2299 914 2412 965 nos,
2442 900 2632 971 inquit.
2664 902 2779 959 Non
2807 905 2959 972 dixit,
2984 914 3038 970 ἧς
3058 914 3333 983 ιχαρισατο,
3364 914 3414 969 id
3443 926 3545 982 est,
3607 940 3612 945 θ

1964 1000 2122 1055 quam
2152 986 2318 1058 gratis
2346 990 2598 1059 donavit,
2627 994 2720 1050 sed
2759 1002 3068 1068 δχαρίτοκιν,
3100 1000 3153 1055 id
3198 1012 3311 1071 est,
3362 1016 3551 1075 gratos

1964 1074 2090 1131 fecit
2124 1095 2137 1130 :
2173 1079 2273 1135 hoc
2304 1092 2405 1146 est,
2438 1099 2542 1137 non
2569 1087 2739 1141 solum
2771 1088 3021 1145 liberavit
3045 1108 3074 1145 a
3124 1074 3396 1163 peccatis,
3446 1100 3541 1153 sed

1963 1169 2123 1223 etiam
2157 1169 2279 1227 fecit
2316 1176 2591 1233 amabiles.
2634 1178 3091 1246 Quemadmodum
3144 1190 3288 1242 enim
3336 1190 3380 1244 si
3425 1195 3543 1261 quis

1961 1261 2262 1319 scabiosum
2290 1274 2343 1321 et
2370 1278 2519 1338 peste
2542 1286 2605 1325 ac
2635 1273 2823 1328 morbo
2862 1277 3123 1348 senioque
3151 1290 3206 1333 et
3231 1294 3547 1350 paupertate

1960 1368 2022 1408 ac
2050 1354 2192 1410 fame
2217 1358 2517 1415 confectum
2543 1374 2596 1418 et
2626 1366 2909 1434 perditum,
2939 1371 3118 1424 statim
3143 1369 3438 1428 formosum
3464 1376 3543 1430 fe.

1957 1445 2094 1501 cerit
2118 1447 2392 1519 juvenem,
2420 1469 2609 1510 omnes
2638 1456 2882 1513 homines
2904 1461 3299 1530 pulchritudine
3320 1466 3542 1523 vincen-

1959 1546 2086 1605 tem,
2119 1555 2149 1593 e
2177 1542 2326 1611 genis
2347 1544 2560 1614 quidem
2587 1550 2924 1617 splendorem
2973 1553 3129 1609 valde
3164 1557 3494 1613 emittentem
3514 1600 3531 1626 ,

1957 1639 2010 1682 et
2036 1632 2342 1689 micantium
2368 1637 2642 1693 oculorum
2668 1641 3106 1710 ejaculationibus
3135 1649 3264 1704 solis
3300 1650 3539 1721 fulgores

1954 1725 2348 1794 occultantem;
2378 1728 2573 1786 deinde
2610 1746 2733 1787 eum
2779 1738 3117 1793 constituerit
3155 1741 3207 1795 in
3249 1742 3365 1812 ipso
3403 1744 3538 1801 ﬂore

1952 1817 2146 1881 aetatis,
2179 1828 2233 1873 et
2262 1828 2444 1889 postea
2476 1838 2597 1878 eum
2629 1840 2861 1895 purpura
2907 1829 3140 1886 induerit
3178 1841 3234 1887 et
3281 1834 3532 1892 diadema

1953 1904 2288 1977 imposuerit,
2319 1920 2373 1966 et
2402 1915 2547 1967 omni
2576 1916 2725 1985 regio
2768 1930 2958 1973 ornatu
2988 1918 3257 1977 decorarit
3286 1941 3301 1976 :
3332 1925 3402 1979 ita
3432 1942 3531 1981 no-

1951 2006 2115 2052 stram
2149 2000 2397 2057 instruxit
2424 2014 2478 2059 et
2506 2006 2716 2060 ornavit
2743 2011 2994 2077 animam,
3030 2012 3410 2085 pulchramque
3450 2017 3532 2073 fc-

1951 2091 2043 2158 cit,
2075 2092 2484 2151 desiderabilem
2515 2106 2570 2152 et
2597 2100 2901 2155 amabilem.
2935 2102 3169 2173 Cupiunt
3195 2107 3336 2160 enim
3358 2110 3530 2178 angeli

1951 2183 2111 2239 talem
2136 2187 2377 2255 aSpicere
2396 2188 2650 2257 animam,
2679 2191 2990 2263 archangeli
3015 2211 3228 2267 quoque
3251 2208 3305 2252 et
3342 2214 3534 2256 omnes

1948 2277 2065 2333 alia:
2088 2277 2347 2335 Virtutes.
2382 2280 2455 2336 ita
2483 2298 2581 2339 nos
2606 2285 2765 2339 etiam
2809 2285 2933 2341 fecit
2981 2290 3431 2359 gratiosissimus,
3475 2302 3534 2348 et

1948 2368 2048 2424 sibi
2075 2370 2477 2429 desiderabiles.
2504 2373 2832 2446 Concupiscet
2857 2380 3019 2447 enim,
3052 2380 3243 2452 inquit,
3277 2384 3387 2438 Rex
3407 2398 3528 2455 spe-

1947 2462 2074 2515 ciem
2112 2472 2250 2517 tuam
2278 2464 2296 2535 (
2320 2462 2468 2519 Psal.
2496 2468 2584 2522 44.
2616 2460 2705 2522 κη
2723 2470 2763 2538 ).
2815 2469 2948 2525 Vide
2986 2474 3127 2526 enim
3168 2490 3328 2543 quam
3369 2479 3527 2532 noxia

1944 2562 2100 2607 antea
2130 2554 2427 2623 loquentes,
2457 2567 2652 2626 quanta
2682 2559 2833 2627 plena
2864 2563 3031 2631 gratia
3054 2578 3195 2619 nunc
3224 2562 3523 2636 loquamur.

1943 2644 2060 2699 Non
2089 2647 2316 2716 amplius
2343 2647 2672 2704 admiramur
2691 2651 2937 2718 divitias,
2986 2669 3091 2709 non
3132 2658 3363 2728 amplius
3405 2676 3525 2730 qua:

1944 2737 2032 2793 hic
2072 2746 2233 2804 sunt,
2281 2740 2375 2795 sed
2401 2742 2632 2797 czelestia
2660 2754 2713 2797 et
2737 2760 2856 2810 qua:
2883 2758 3007 2800 sunt
3038 2748 3088 2801 in
3129 2750 3295 2803 ctelis.
3334 2750 3526 2808 Nonne

1944 2844 2169 2899 puerum
2196 2830 2342 2885 illum
2374 2831 2601 2886 dicimus
2628 2849 2749 2889 esse
2779 2836 2967 2889 scitum
2991 2845 3044 2891 et
3071 2840 3360 2905 gratiosum
3381 2878 3397 2905 ,
3432 2842 3524 2910 qui

1940 2937 2063 2978 cum
2095 2922 2354 2993 elegantia
2385 2934 2438 2979 et
2468 2923 2663 2980 decore
2689 2928 2966 2997 corporis,
3001 2930 3223 2984 multam
3256 2934 3415 2987 etiam
3466 2936 3517 2988 in

1941 3016 2120 3071 verbis
2149 3015 2311 3071 habet
2330 3019 2597 3088 gratiam?
2626 3019 2783 3074 Tales
2808 3030 2933 3075 sunt
2958 3021 3164 3077 ﬁdeles.
3192 3023 3322 3079 Vide
3345 3028 3523 3096 qualia

1941 3107 2232 3178 loquuntur
2259 3110 2347 3179 qui
2376 3118 2500 3163 sunt
2530 3110 2721 3164 initiati
2748 3112 3037 3183 mysteriis.
3082 3115 3217 3181 Quid
3246 3116 3408 3172 fuerit
3433 3118 3525 3171 illo

1938 3214 2034 3255 ore
2062 3201 2381 3270 gratiosius,
2414 3202 2556 3272 quod
2593 3202 2757 3258 verba
2802 3206 3000 3260 emittit
3036 3207 3368 3263 admirabilia
3398 3249 3415 3276 ,
3466 3223 3524 3267 et

1937 3292 2137 3346 mundo
2179 3292 2343 3348 corde
2389 3302 2443 3348 et
2495 3295 2707 3350 mundis
2762 3296 2918 3352 labiis
2962 3300 3225 3367 ejusmodi
3281 3306 3522 3373 mystica:

1937 3398 2137 3439 mensae
2164 3395 2248 3439 est
2273 3387 2561 3457 particeps,
2586 3403 2706 3443 cum
2725 3390 2892 3443 multo
2918 3392 3204 3460 splendore
3219 3405 3272 3449 et
3291 3396 3477 3452 ﬁducia
3497 3394 3527 3451 7

1936 3476 2062 3545 quid
2090 3477 2268 3532 verbis
2292 3477 2398 3531 illis
2417 3479 2719 3548 gratiosius,
2747 3494 2843 3549 per
2860 3497 2980 3552 quae
3004 3483 3219 3540 diabolo
3242 3487 3513 3541 abrenun-

1936 3569 2167 3622 tiamus?
2218 3585 2313 3639 per
2339 3586 2458 3640 quae
2487 3571 2540 3624 in
2567 3569 2761 3626 Christi
2813 3573 3041 3628 militum
3090 3590 3368 3631 numerum
3414 3582 3511 3633 ad-

1935 3660 2263 3714 scribimur?
2291 3660 2630 3717 confessione
2662 3663 2749 3717 illa
2777 3678 2896 3732 qna-
2929 3663 2987 3718 fit
3030 3676 3154 3721 ante
3201 3667 3472 3723 lavacrum
3494 3711 3509 3735 ,

1933 3758 1989 3807 et
2014 3752 2104 3806 illa
2129 3766 2248 3822 qua:
2273 3762 2394 3822 post
2440 3753 2757 3809 lavacrum?
2802 3756 3106 3826 Cogitemus
3149 3774 3305 3830 quam
3359 3764 3516 3819 multi

1932 3845 2195 3915 baptisma
2222 3846 2584 3915 corrupimus,
2623 3855 2677 3903 et
2705 3863 3008 3918 gemamus,
3048 3862 3105 3905 ut
3145 3852 3197 3905 id
3243 3855 3514 3923 possimus

1934 3939 2195 4008 recipere.
2231 3936 2297 3992 In
2324 3939 2525 4005 dilecto,
2559 3939 2747 4010 inquit,
2777 3942 2828 3995 7.
2852 3941 2905 3993 in
2931 3958 3030 4010 quo
3057 3942 3294 3998 habemus
3313 3948 3515 4000 redem-

1934 4032 2153 4101 ptionem
2184 4047 2274 4100 per
2293 4031 2590 4101 sanguinem
2614 4032 2795 4100 ipsius.
2825 4031 3144 4098 Quomodo?
3182 4035 3297 4090 Non
3336 4038 3511 4091 solum

1931 4130 2014 4178 est
2041 4121 2353 4177 admirabile
2378 4122 2519 4193 quod
2549 4122 2745 4179 Filium
2775 4123 3020 4190 dederit,
3054 4127 3148 4182 sed
3178 4128 3319 4198 quod
3349 4132 3511 4185 etiam

1930 4226 1997 4268 co
2024 4212 2183 4267 modo
2208 4211 2434 4277 dederit,
2461 4222 2519 4267 ut
2545 4213 2662 4283 ipse
2691 4214 2919 4270 dilectus
2946 4226 3207 4273 mactatus
3235 4220 3322 4273 sit.
3348 4220 3510 4277 Multa

1930 4318 2015 4363 est
2042 4307 2331 4380 hyperbole
2362 4324 2374 4361 :
2410 4307 2661 4362 dilectum
2687 4308 2831 4363 dedit
2856 4325 2955 4380 pro
2991 4311 3055 4364 iis
3098 4313 3186 4381 qui
3240 4312 3510 4368 habeban-

1930 4409 2016 4455 tur
2044 4401 2186 4455 odio.
2218 4399 2349 4455 Vide
2379 4400 2562 4470 quanti
2584 4416 2683 4456 nos
2711 4402 2959 4457 aestimet.
2991 4402 3069 4471 Si,
3100 4405 3311 4473 quando
3332 4405 3511 4474 ipsum

1932 4491 2256 4547 habebamus
2283 4492 2406 4547 odio
2436 4500 2491 4546 et
2516 4507 2729 4547 eramus
2756 4494 2953 4548 inimici
2980 4538 2994 4561 ,
3037 4495 3185 4551 dedit
3216 4511 3370 4552 suum
3425 4501 3517 4554 di-

1931 4583 2148 4647 lectum,
2179 4582 2302 4652 quid
2339 4598 2444 4637 non
2471 4582 2725 4652 deinceps
2767 4584 2960 4652 faciet,
2988 4601 3107 4640 cum
3159 4587 3415 4643 fuerimus
3457 4591 3517 4638 et

1930 4674 2257 4730 reconciliati
2288 4685 2381 4741 per
2408 4674 2672 4744 gratiam?
2701 4675 3082 4739 Remissionem,
3110 4678 3299 4749 inquit,
3329 4696 3511 4748 pecco.

1929 4771 2113 4818 torum.
2146 4766 2190 4818 A
2218 4765 2465 4834 supernis
2491 4764 2772 4820 descendit
2791 4766 2856 4820 ad
2889 4768 3139 4822 inferiora
3168 4788 3182 4824 :
3215 4784 3335 4823 cum
3358 4771 3511 4841 prius

1928 4859 2123 4912 dixerit
2164 4857 2392 4911 ﬁliorum
2438 4858 2784 4928 adoptionem
2833 4868 2887 4915 et
2930 4861 3409 4918 sanctilicationem
3451 4874 3509 4921 et

1930 4950 2320 5016 ilnmacnlatos,
2356 4959 2481 5004 tunc
2529 4964 2743 5020 quoque
2785 4950 2975 5006 vitium
3018 4952 3186 5017 dicit;
3241 4970 3347 5010 non
3403 4959 3507 5011 mi.

1929 5058 2120 5107 nuens,
2149 5057 2320 5111 neque
2344 5059 2373 5094 ει
2405 5041 2610 5110 magnis
2634 5041 2700 5096 ad
2722 5057 2883 5112 parva
2898 5041 3171 5101 deducens
3185 5047 3507 5116 orationem,

1928 5133 2021 5189 sed
2066 5150 2095 5188 a
2138 5134 2315 5203 parvis
2359 5133 2655 5187 ascendens
2694 5134 2760 5188 ad
2799 5150 3008 5204 magna.
3056 5135 3196 5192 Nihil
3236 5150 3318 5193 est
3364 5146 3505 5194 enim

1928 5240 2079 5295 teque
2108 5240 2358 5294 magnum
2390 5233 2547 5293 atque
2569 5224 2661 5278 Dei
2687 5226 2998 5295 sanguinem
3045 5242 3143 5297 pro
3188 5228 3340 5283 nobis
3390 5246 3509 5284 esse

1928 5317 2191 5381 effusum;
2224 5326 2277 5371 et
2305 5316 2535 5371 filiorum
2567 5317 2853 5385 adoptione
2884 5328 2940 5372 ct
2967 5319 3084 5374 aliis
3112 5321 3266 5375 donis
3293 5322 3395 5375 hoc
3426 5331 3512 5375 est

1929 5410 2135 5480 majus,
2177 5409 2317 5479 quod
2345 5425 2410 5464 ne
2430 5409 2568 5463 Filio
2591 5410 2801 5479 quidem
2838 5413 3155 5481 pepercerit.
3196 5413 3379 5481 Magna
3420 5430 3507 5469 res

1928 5512 2011 5558 est
2038 5502 2261 5555 remissa
2291 5515 2411 5555 esse
2440 5512 2684 5570 peccata,
2735 5501 2831 5556 sed
2880 5503 3051 5571 majus
3094 5513 3175 5555 est
3217 5503 3355 5569 quod
3411 5520 3505 5574 per

1928 5593 2240 5662 sanguinem
2273 5593 2628 5647 Dominicum.
2660 5593 2788 5648 Nam
2817 5596 2959 5663 quod
2988 5595 3088 5647 hoc
3115 5594 3183 5647 sit
3212 5594 3367 5665 longe
3388 5612 3507 5651 ma-

1924 5686 2012 5755 jus
2036 5685 2305 5750 omnibus,
2334 5684 2456 5739 vide
2486 5687 2754 5754 quomodo
2802 5685 2886 5738 hic
2923 5699 3132 5753 quoque
3158 5688 3498 5753 exclamavit,

1931 5780 2115 5834 dicens
2150 5797 2163 5833 :
2194 5778 2484 5833 Secundum
2513 5781 2712 5831 divitias
2747 5778 2922 5848 gratiae
2951 5779 3059 5847 ejus
3080 5821 3094 5845 ,
3128 5779 3183 5836 8.
3212 5797 3325 5852 qua:
3349 5796 3503 5850 supe—

1935 5870 2233 5925 rabundavit
2266 5872 2318 5925 in
2344 5870 2506 5935 nobis.
2534 5868 2663 5923 liam
2704 5870 2807 5925 illa:
2850 5885 3062 5941 quoque
3104 5884 3228 5928 sunt
3269 5873 3506 5942 divitiae,
