4030 6592
506 388 575 443 ιδ
1254 380 1271 398 ν
1305 386 1363 440 s.
1391 379 1668 439 JOANNIS
1695 377 2167 436 cnnvsosrom
2206 378 2521 440 ARCHIEP.
2558 386 3092 447 CONSTANTINOP.
3696 395 3764 454 te

498 508 594 565 sed
620 508 706 562 lite
732 504 904 560 multo
926 503 1116 574 magis.
1148 502 1274 568 Quia
1300 498 1755 571 superabundavit,
1786 498 1976 568 inquit,
2020 497 2076 550 in

499 601 664 655 nobis.
689 600 755 655 Et
780 599 981 654 divitia:
1001 606 1148 661 sunt,
1168 604 1224 651 et
1244 594 1764 666 superabundantes,
1795 593 1847 648 id
1874 600 1977 657 est,
2005 590 2078 646 af-

501 695 648 750 fatim
670 693 870 749 eﬂ'usie.
888 690 1078 747 Verbis
1104 686 1328 758 exprimi
1357 703 1463 743 non
1491 695 1715 758 possunt
1739 699 1957 754 ea,qu:e
1979 697 2077 738 nos

500 801 561 840 re
588 784 793 855 experti
832 796 1035 837 sumus.
1068 778 1277 834 Divitiae
1305 778 1448 833 enim
1474 784 1619 839 sunt.
1660 776 1859 830 divitiae
1886 788 2077 843 super-

501 878 848 940 sbundantes,
879 874 1078 929 divitiae
1104 888 1210 929 non
1233 872 1531 936 hominum,
1550 870 1644 925 sed
1665 869 1779 934 Dei,
1796 883 1914 940 quae
1934 866 2079 922 nullo

499 971 661 1026 modo
716 969 889 1026 verbis
951 967 1173 1037 eXprimi
1226 966 1448 1036 possint.
1504 963 1798 1019 Ostendere
1856 970 2031 1017 autem
2058 1001 2078 1029 ,

500 1063 683 1117 volens
729 1059 996 1132 quomodo
1051 1058 1547 1129 superabundanter
1598 1056 1787 1120 dedit,
1816 1053 1886 1109 In
1939 1052 2077 1107 omni

496 1154 746 1225 sapientia
772 1163 820 1207 et
842 1152 1132 1222 prudentia,
1162 1152 1353 1222 inquit,
1384 1149 1439 1205 9.
1466 1158 1520 1202 nt
1549 1157 1722 1203 notum
1746 1151 1931 1219 faceret
1976 1162 2073 1199 no-

498 1248 573 1301 bis
594 1258 963 1301 sacramentum
976 1245 1246 1300 voluntatis
1266 1260 1392 1299 suta.
1413 1243 1523 1299 Hoc
1539 1253 1641 1308 est,
1663 1257 1785 1297 cum
1808 1240 2075 1309 sapientes

498 1338 714 1393 fecisset
738 1346 793 1392 et
823 1336 1114 1406 prudentes
1145 1337 1196 1390 in
1228 1350 1289 1391 ea
1313 1350 1434 1406 quae
1453 1350 1577 1389 vere
1602 1343 1685 1389 est
1710 1332 1992 1403 sapientia,
2021 1331 2074 1385 in

498 1444 562 1485 ea
589 1443 709 1499 quae
731 1443 859 1483 vere
880 1436 963 1481 est
990 1425 1290 1496 prudentia.

570 1519 626 1575 4.
684 1518 883 1588 Ραρωέ
934 1526 1130 1587 quanta
1184 1515 1461 1570 amicitia!
1523 1514 1688 1570 Nobis
1738 1516 1880 1569 enim
1945 1511 2074 1568 dicit

497 1622 595 1663 sua
635 1610 909 1680 mysteria.
965 1607 1247 1663 Voluntatis
1289 1622 1428 1674 suae,
1478 1607 1686 1677 inquit;
1734 1622 1796 1661 ac
1843 1606 1889 1662 si
1937 1605 2076 1660 dice-

496 1712 620 1769 ret,
664 1708 788 1757 nota
835 1700 989 1756 nobis
1038 1700 1163 1756 fecit
1198 1716 1317 1771 qua:
1356 1708 1482 1754 sunt
1524 1700 1579 1754 in
1608 1714 1706 1755 suo
1734 1698 1937 1755 corde:
1972 1698 2074 1753 hoc

497 1796 640 1851 enim
678 1804 762 1850 est
787 1794 1097 1865 mysterium
1126 1793 1266 1863 quod
1296 1792 1508 1863 plenum
1550 1804 1634 1848 est
1675 1792 1821 1846 omni
1862 1792 2075 1861 sapien-

497 1888 568 1941 tia
594 1896 651 1942 et
676 1886 975 1956 prudentia.
1007 1885 1145 1953 Quid
1172 1886 1316 1941 enim
1346 1900 1442 1955 par
1485 1885 1634 1940 dices
1680 1883 1804 1940 huic
1855 1883 2074 1953 sapien-

496 1978 626 2033 tiae?
675 1978 767 2048 qui
812 1978 1009 2032 nullius
1054 1987 1208 2032 erant
1256 1977 1449 2047 pretii,
1496 1991 1589 2032 eos
1634 1976 1836 2031 invenit
1860 1985 1915 2029 ut
1945 1990 2074 2045 pro-

501 2071 720 2127 veheret
764 2070 831 2124 ad
882 2070 1119 2126 divitias.
1178 2070 1315 2138 Quid
1364 2080 1539 2141 potest
1587 2070 1904 2141 atqniparari
1951 2069 2074 2125 huic

496 2164 680 2220 solerti
702 2163 975 2219 facilitati?
1000 2164 1090 2235 qui
1111 2174 1225 2219 erat
1253 2164 1518 2231 inimicus,
1545 2164 1637 2235 qui
1657 2178 1875 2229 exosus,
1906 2162 1954 2218 is
1982 2179 2073 2219 re-

494 2265 657 2326 pente
685 2270 898 2311 sursum
922 2256 1183 2311 ascendit.
1216 2255 1326 2311 Nec
1354 2258 1455 2312 hoc
1482 2256 1656 2311 solum
1674 2297 1689 2320 ,
1719 2255 1814 2311 sed
1834 2256 1993 2310 etiam
2021 2256 2074 2310 in

494 2350 598 2403 hoc
623 2357 891 2417 tempore;
922 2347 1080 2418 idque
1102 2357 1219 2403 erat
1246 2347 1521 2417 sapientiae
1538 2388 1556 2413 ,
1583 2354 1640 2403 et
1661 2347 1802 2417 quod
1826 2362 1920 2417 per
1948 2361 2075 2402 cru-

492 2455 632 2497 cem.
663 2441 877 2496 Prolixa
915 2441 1002 2496 hic
1039 2457 1100 2497 se
1143 2440 1299 2496 olfert
1335 2441 1508 2496 oratio
1544 2440 1613 2495 ad
1641 2440 2030 2496 ostendendum
2054 2456 2097 2506 ,‘

490 2533 761 2603 quomodo
790 2534 891 2589 hoc
918 2543 1036 2589 erat
1063 2534 1370 2605 sapientiae,
1403 2544 1458 2588 et
1483 2533 1752 2602 quomodo
1800 2548 1899 2588 nos
1940 2532 2072 2587 elle-

489 2624 566 2678 cit
616 2625 903 2694 sapientes.
951 2624 1247 2680 Secundum
1276 2624 1641 2694 beneplacitum
1671 2640 1841 2688 suum,
1870 2625 2067 2694 inquit,

489 2716 627 2785 quod
658 2717 918 2787 proposuit
947 2718 1001 2771 in
1043 2717 1174 2786 ipso.
1203 2716 1316 2772 Hoc
1361 2724 1473 2782 est,
1519 2715 1620 2771 hoc
1657 2716 1924 2786 cupiebat,
1969 2717 2073 2772 hoc

488 2806 840 2876 parturiehal,
870 2815 930 2862 ut
981 2808 1053 2863 ita
1102 2818 1283 2877 posset
1331 2809 1486 2862 nobis
1534 2807 1684 2862 effari
1732 2808 2067 2879 mysterium.

488 2899 806 2965 Quodnam?
830 2900 984 2969 Quod
1007 2899 1279 2955 hominem
1301 2901 1427 2956 velit
1447 2901 1587 2970 apud
1607 2917 1832 2969 superos
1855 2901 2067 2958 sedere.

489 2992 602 3047 Hoc
629 3003 805 3047 autem
846 2992 1041 3048 factum
1072 3002 1190 3060 est,
1222 2994 1310 3049 10.
1351 2993 1415 3047 In
1454 2995 1879 3064 dispensationem
1907 2996 2072 3067 pleni-

487 3086 676 3139 tudinis
717 3095 1031 3156 temporum,
1070 3086 1356 3140 instaurare
1393 3091 1563 3140 omnia
1600 3087 1655 3141 in
1692 3087 1912 3155 Christo,
1955 3102 2071 3157 qua:

484 3178 538 3231 in
576 3178 744 3242 stetis,
777 3188 823 3232 et
851 3193 963 3249 qua:
998 3178 1051 3231 in
1078 3187 1213 3231 terra
1247 3189 1364 3232 sunt
1403 3179 1457 3231 in
1496 3179 1626 3247 ipso.
1656 3178 1906 3234 Abscissa
1949 3177 2067 3233 fue-

484 3276 643 3334 rant,
685 3269 887 3339 inquit,
933 3269 1170 3325 carlestia
1196 3285 1227 3324 a
1256 3270 1630 3336 terrestribus,
1665 3286 1769 3325 non
1802 3269 2069 3329 habebant

484 3376 650 3417 unum
687 3371 866 3429 caput.
901 3360 1032 3415 Nam
1068 3360 1210 3430 quod
1237 3361 1427 3416 attinet
1455 3361 1671 3431 quidem
1706 3361 1773 3417 ad
1802 3363 2063 3418 rationem

482 3454 791 3516 creationis.
824 3470 961 3509 unus
987 3466 1101 3510 erat
1128 3455 1303 3520 Deus;
1335 3455 1475 3525 quod
1502 3465 1680 3511 autem
1707 3456 1772 3510 ad
1802 3457 2064 3512 rationem

480 3546 893 3615 coniunctionis,
921 3562 1025 3601 non
1050 3546 1175 3602 item
1198 3564 1211 3601 :
1237 3562 1358 3601 nam
1381 3563 1565 3602 errore
1584 3549 1827 3617 gentium
1847 3548 2060 3617 dill‘uso,

479 3636 702 3693 abscissi
729 3648 883 3692 erant
910 3638 978 3692 ab
1012 3638 1129 3709 ejus
1163 3638 1489 3695 obedientia.
1517 3638 1585 3694 In
1612 3640 2056 3711 dispensationem,

478 3729 679 3796 inquit,
708 3729 1038 3797 plenitudinis
1078 3740 1378 3801 temporum.
1420 3731 1808 3788 Plenitudinem
1856 3742 2061 3803 tempo-

479 3834 596 3874 rum
646 3821 815 3889 ipsam
858 3820 1149 3890 appellavit
1191 3822 1668 3892 dispensationem.
1722 3824 1855 3881 Vide
1896 3840 2057 3896 quam

477 3921 728 3968 accurate
754 3913 1023 3983 loquatur.
1055 3913 1124 3969 Et
1147 3929 1269 3969 cum
1299 3915 1626 3972 ostendisset
1648 3917 1865 3988 quidem
1896 3932 1926 3972 a
1952 3918 2057 3972 Pa-

477 4013 559 4057 tre
586 4004 933 4073 principium,
967 4006 1298 4075 propositum
1318 4047 1334 4071 ,
1366 4007 1681 4074 consilium,
1714 4008 1945 4078 primum
1976 4010 2059 4064 in-

474 4094 852 4160 citamentum;
883 4110 1002 4150 eam
1039 4105 1218 4151 autem
1239 4138 1255 4165 ,
1295 4112 1415 4168 quae
1441 4113 1535 4170 per
1559 4113 1723 4169 opera
1755 4099 1816 4155 lit
1837 4141 1853 4167 ,
1885 4100 2056 4155 adim-

476 4185 763 4255 pletionem
816 4201 909 4256 per
946 4187 1270 4243 Christum:
1325 4205 1587 4260 nusquam
1637 4206 1760 4247 enm
1817 4193 2057 4248 nominat

476 4277 801 4332 ministrum.
827 4278 940 4333 Nos
958 4280 1130 4351 elegit,
1162 4280 1349 4351 inquit,
1379 4282 1433 4335 in
1453 4282 1587 4352 ipso,
1617 4299 1729 4337 cum
1750 4299 1842 4338 nos
1862 4286 2052 4354 prcede-

472 4372 705 4427 stinasset
747 4371 816 4424 ad
850 4372 1074 4437 ﬁliorum
1115 4372 1438 4442 adoptionem
1467 4391 1557 4444 per
1596 4374 1849 4430 Christum
1875 4375 2054 4432 Iesum

472 4464 527 4515 in
574 4464 684 4531 ipso
708 4504 723 4526 ,
769 4473 816 4516 et
852 4463 921 4516 ad
949 4465 1153 4518 laudem
1180 4466 1358 4535 gloria:
1392 4468 1570 4537 gratia:
1612 4468 1773 4536 ipsius
1804 4484 1824 4523 :
1852 4470 1907 4523 in
1953 4486 2052 4540 quo

474 4552 712 4606 habemus
738 4553 1130 4622 redemptionem
1162 4571 1251 4625 per
1276 4558 1574 4628 sanguinem
1598 4562 1727 4630 ejus,
1758 4576 1910 4631 quam
1933 4577 2053 4630 pro-

475 4646 642 4714 posuit
662 4646 714 4699 in
730 4645 1156 4718 dispensationem
1175 4649 1504 4719 plenitudinis
1526 4662 1826 4721 temporum,
1852 4656 2051 4709 instau-

472 4753 585 4791 rare
612 4738 782 4791 omnia
823 4740 876 4792 in
913 4738 1131 4795 Christo.
1160 4740 1229 4797 Et
1258 4758 1513 4814 nusquam
1545 4761 1667 4800 eum
1705 4746 1840 4803 dixit
1890 4748 2049 4802 mini-

470 4838 663 4884 strum.
696 4830 750 4885 Si
780 4839 956 4886 autem
984 4842 1039 4887 et
1074 4833 1129 4888 in
1157 4845 1213 4888 et
1241 4851 1329 4903 per
1354 4843 1478 4889 sunt
1517 4837 1765 4902 ministri,
1797 4838 1918 4896 vide
1941 4855 2053 4909 quo

472 4936 563 4978 res
601 4921 788 4978 redeat
816 4923 912 4991 (tt).
949 4922 1081 4980 Nam
1121 4926 1174 4981 in
1204 4927 1465 4998 principio
1487 4929 1729 4999 epistola:
1756 4930 1910 4998 dixit,
1944 4931 2049 4987 Per

531 5055 606 5126 (ρ)
630 5055 683 5105 Id
702 5062 871 5126 autem
893 5057 1420 5126 dicit__Chrvsostomns,
1446 5065 1556 5126 quia
1582 5063 1743 5113 Ariani
1766 5073 1817 5114 et
1838 5067 1917 5116 alii
1940 5068 2042 5115 hae-

464 5119 608 5169 retici
630 5124 713 5181 qui
735 5119 962 5168 dicebant
984 5119 1224 5171 Christum
1262 5138 1365 5172 rem
1393 5119 1580 5183 faciam,
1608 5137 1659 5175 et
1684 5129 1919 5177 minorem
1948 5130 2041 5177 Pa-

460 5190 544 5249 tre
566 5189 715 5249 atqme
738 5183 1005 5249 ministrum
1033 5184 1139 5243 ejus
1159 5199 1298 5249 esse,
1328 5189 1604 5247 pugnabant
1637 5191 1808 5249 etiam,
1838 5190 1969 5247 illud,
1994 5191 2046 5241 in

458 5241 671 5322 Chr-int),
688 5250 740 5322 el:
758 5256 842 5303 per
863 5241 1121 5322 t‘ltristunt,
1136 5260 1251 5322 (pne
1269 5241 1558 5322 frequenter
1579 5241 1836 5322 occurrunt
1854 5254 1898 5299 in
1910 5241 2045 5301 Novo

456 5304 774 5369 Testamento
794 5340 808 5358 .
832 5307 1105 5369 significare
1144 5304 1382 5359 Christum
1430 5304 1545 5361 esse
1591 5313 1890 5369 ministrum;
1917 5329 2043 5369 uitus

466 5366 572 5481 "IIS:
594 5368 812 5427 putribus
832 5367 1047 5419 eunl'utat
1069 5371 1115 5417 iu
1150 5370 1369 5421 Humiliis
1389 5374 1453 5421 de
1479 5366 1965 5437 lncomprehcnsibili
1988 5384 2042 5429 et.

466 5443 530 5479 ai
567 5446 602 5479 I.

463 5443 579 5479 anm
592 5466 602 5478 .

2186 500 2490 555 voluntatem
2537 502 2727 559 Patris.
2768 506 2944 574 Pater,
2987 508 3177 579 inquit,
3218 510 3428 578 voluit;
3470 510 3637 578 Filius
3678 525 3763 569 est

2184 602 2457 661 operatus.
2499 593 2604 650 Sed
2633 612 2732 651 nec
2768 600 3019 667 quoniam
3052 600 3209 655 Pater
3238 602 3403 656 voluit
3427 645 3442 671 ,
3479 603 3649 659 Filius
3677 615 3762 660 est

2183 690 2332 736 extra
2362 685 2726 753 operationem
2753 705 2769 753 ;
2798 705 2993 760 neque,
3036 693 3289 761 quoniam
3318 693 3487 749 Filius
3509 705 3592 750 est
3625 712 3760 766 ope-

2182 783 2352 841 ratus,
2374 777 2646 834 voluntatc
2672 781 2907 849 privatus
2926 793 3009 839 est
3036 783 3231 849 Pater;
3269 784 3363 841 sed
3384 786 3558 842 Patris
3586 798 3640 843 et
3666 787 3761 843 Fi-

2185 865 2242 919 lii
2262 870 2562 924 communia
2594 880 2718 926 sunt
2741 874 2917 927 omnia
2952 892 2965 928 :
3000 892 3121 930 nam
3149 876 3333 932 Omnia
3355 897 3467 934 mea
3505 890 3591 934 tua
3616 891 3760 947 sunt,

2184 958 2387 1029 inquit,
2436 971 2485 1014 et
2527 971 2615 1015 tua
2651 980 2761 1017 mea
2801 975 2919 1019 sunt
2962 966 3161 1038 (Joan.
3195 969 3282 1024 17.
3316 971 3383 1025 10
3404 972 3448 1042 ).
3483 971 3766 1029 Plenitudo

2183 1062 2360 1109 autem
2388 1064 2683 1126 temporum
2710 1067 2824 1113 erat
2849 1059 2963 1129 ejus
2993 1060 3270 1117 adventus.
3299 1064 3431 1130 Quia
3462 1064 3620 1136 igitur
3648 1081 3766 1120 om-

2185 1145 2271 1199 nia
2303 1144 2524 1215 l'ecerat,
2547 1159 2598 1202 et
2627 1166 2720 1219 per
2747 1151 2987 1221 angelos,
3020 1161 3076 1207 et
3111 1169 3206 1223 per
3244 1155 3553 1226 prophetas,
3580 1169 3634 1212 et
3663 1174 3766 1229 per

2184 1237 2353 1308 legem
2379 1281 2393 1303 ,
2444 1250 2499 1294 et
2550 1242 2678 1296 nihil
2721 1243 3071 1313 proficiebat;
3112 1255 3167 1301 et
3194 1248 3490 1317 periculum
3535 1263 3653 1305 erat
3697 1266 3767 1307 ne

2185 1337 2388 1385 temere
2410 1329 2578 1386 factus
2597 1342 2740 1388 esset
2767 1333 2945 1399 homo,
2966 1349 3034 1391 ne
3054 1345 3257 1392 temere
3279 1346 3423 1393 esset
3448 1340 3763 1409 productus,

2184 1420 2292 1475 imo
2331 1437 2459 1477 vero
2490 1423 2544 1477 in
2586 1439 2734 1479 suam
2764 1427 3056 1497 perniciem
3081 1469 3097 1494 ,
3127 1431 3473 1499 pereuntibus
3511 1434 3765 1489 omnibus

2182 1521 2237 1566 et
2264 1515 2431 1583 magis
2459 1531 2619 1585 quam
2646 1516 2698 1570 in
2726 1516 2948 1585 diluvio,
2981 1520 3119 1576 hanc
3135 1520 3587 1592 dispensationem
3616 1524 3767 1581 inve-

2185 1603 2278 1668 nit,
2309 1620 2429 1674 quae
2458 1604 2515 1659 iit
2544 1622 2641 1676 per
2659 1609 2905 1678 gratiam,
2934 1626 3003 1667 ne
3030 1621 3232 1668 temere
3257 1622 3312 1668 et
3335 1614 3527 1670 frustm
3549 1627 3768 1674 creatus

2183 1703 2345 1750 esset.
2379 1695 2527 1751 Hanc
2566 1707 2867 1769 temporum
2896 1701 3282 1772 plenitudinem
3307 1703 3438 1760 dicit
3462 1716 3517 1762 et
3543 1708 3765 1778 sapien-

2186 1786 2332 1841 tiam.
2373 1788 2583 1856 Quare?
2612 1790 2767 1857 Quia,
2798 1792 3011 1862 quando
3054 1795 3285 1851 maxime
3327 1806 3479 1851 erant
3508 1799 3758 1868 perituri,

2184 1887 2312 1933 tunc
2354 1880 2485 1933 salvi
2529 1879 2762 1936 fuerunt.
2792 1888 3341 1958 Ἀνακεφαλαιὼσασοαι.
3388 1888 3578 1959 inquit.
3624 1889 3765 1957 Quid

2182 1979 2265 2025 est
2285 1974 2788 2044 ἀνακεφαλαιώσασθαι
2815 1974 2838 2028 ?
2867 1975 3220 2047 Conjungere.
3252 1978 3518 2035 Caeterum
3546 1980 3766 2036 studea-

2184 2077 2303 2118 mus
2344 2079 2503 2134 quam
2549 2066 2795 2136 proxime
2840 2068 3103 2123 accedere
3146 2068 3213 2123 ad
3257 2068 3427 2141 ipsam
3458 2073 3761 2129 veritatem.

2183 2152 2312 2207 Nam
2345 2169 2375 2208 a
2405 2155 2559 2211 nobis
2582 2156 2822 2226 quidem,
2856 2159 3097 2213 utetiam
3131 2159 3181 2214 in
3223 2176 3373 2217 more
3401 2173 3483 2217 est
3505 2164 3762 2233 positum,

2182 2244 2377 2301 dicitur
2399 2249 2816 2320 ἀνακιφαλαὶωσις,
2841 2265 2961 2321 qua:
2988 2251 3190 2320 prolixe
3209 2253 3349 2308 dicta
3378 2256 3572 2309 suntin
3600 2256 3767 2312 hreve

2183 2341 2538 2406 contrahere,
2585 2353 2640 2398 et
2669 2344 2847 2398 omnia
2879 2360 2999 2414 qua:
3027 2345 3237 2415 prolixe
3280 2346 3422 2402 dicta
3458 2357 3584 2402 sunt
3612 2365 3765 2404 com-

2183 2436 2439 2506 pendiose
2481 2435 2683 2491 dicere.
2733 2437 2865 2492 Nam
2896 2437 2999 2493 hoc
3041 2454 3253 2509 quoque
3296 2440 3365 2493 ita
3409 2441 3612 2496 habet:
3645 2458 3765 2512 qme

2183 2528 2325 2582 enim
2364 2528 2522 2599 longo
2557 2538 2800 2600 tempore
2828 2530 3273 2600 dispensabantur
3302 2535 3354 2587 in
3385 2534 3500 2604 ipso
3534 2538 3763 2608 ἀνωφε-

2182 2629 2438 2687 λαιώσατο,
2464 2623 2565 2677 hoc
2585 2634 2687 2688 est,
2716 2623 2768 2677 in
2800 2638 3062 2678 summam
3091 2625 3315 2697 redegit.
3347 2628 3581 2683 Verbum
3613 2631 3759 2685 enim

2181 2729 2583 2782 consummans,
2615 2725 2669 2771 et
2709 2716 2761 2771 in
2788 2717 2994 2787 justitia
3023 2718 3363 2787 abbrevians,
3404 2731 3456 2776 et
3488 2723 3576 2777 illa
3610 2739 3763 2779 com-

2182 2806 2505 2875 prehendit,
2537 2816 2593 2863 et
2618 2808 2720 2862 alia
2748 2808 2970 2864 addidit.
3001 2811 3113 2866 Hoc
3136 2820 3254 2880 est,
3281 2815 3681 2886 ἀναιεφαλαίωσις
3708 2824 3764 2873 et

2181 2897 2423 2953 reductio
2452 2900 2503 2953 in
2538 2914 2823 2955 summam.
2854 2900 2950 2956 Est
2976 2909 3032 2956 et
3067 2901 3209 2957 aliud
3236 2903 3377 2972 quod
3408 2905 3759 2974 signiﬁcatur.

2180 2988 2458 3055 Quodnam
2487 2988 2589 3045 hoc
2616 2991 2640 3043 ?
2682 2988 2859 3046 Unum
2885 2992 3132 3047 omnibus
3159 2994 3333 3063 posuit
3357 3005 3535 3064 caput,
3566 3012 3760 3068 nempe

2178 3079 2447 3135 Christum
2471 3081 2761 3136 secundum
2780 3097 3018 3151 carnem,
3041 3094 3097 3140 et
3115 3085 3317 3154 angelis
3341 3097 3393 3142 et
3416 3086 3755 3145 hominibus:

2179 3171 2281 3227 hoc
2310 3182 2411 3239 est,
2444 3182 2499 3229 et
2526 3174 2728 3244 angelis
2760 3190 2923 3230 unum
2953 3175 3101 3231 dedit
3130 3177 3470 3248 principium,
3500 3191 3555 3234 et
3585 3179 3759 3235 homi-

2177 3265 2376 3321 nibus:
2407 3266 2492 3323 his
2528 3267 2742 3337 quidem
2785 3268 2838 3323 id
2883 3269 3024 3339 quod
3067 3278 3151 3325 est
3179 3271 3470 3327 secundum
3513 3288 3753 3343 carnem,

2176 3359 2282 3414 illis
2318 3370 2495 3413 autem
2532 3360 2704 3414 Deum
2733 3359 2964 3416 Verbum
2988 3362 3027 3414 ί.
3060 3361 3131 3418 Ut
3173 3363 3219 3417 si
3266 3361 3413 3418 dicas
3462 3364 3528 3420 de
3570 3365 3753 3435 domo,

2175 3466 2295 3521 qua;
2334 3450 2526 3520 partim
2572 3451 2786 3521 quidem
2816 3461 2900 3508 est
2942 3453 3178 3508 marcida
3215 3469 3279 3509 ac
3316 3455 3529 3521 debilis,
3561 3459 3754 3527 partim

2173 3553 2349 3597 autem
2381 3543 2552 3597 valida
2582 3552 2638 3600 et
2664 3544 2834 3610 fortis,
2866 3545 3092 3599 Domum
3122 3546 3486 3615 reaedilicavit,
3520 3548 3624 3603 hoc
3649 3558 3751 3618 est,

2173 3634 2448 3690 fortiorem
2493 3634 2650 3701 fecit,
2689 3634 2967 3690 fortiorem
3011 3636 3265 3706 imposuit
3303 3638 3470 3693 basim
3502 3656 3516 3693 :
3562 3640 3635 3697 ita
3666 3641 3753 3697 hic

2172 3743 2384 3798 quoque
2412 3743 2603 3783 omnes
2634 3728 2726 3783 uni
2754 3728 2982 3799 subjecit
3009 3729 3189 3800 capiti.
3221 3730 3295 3785 Ita
3326 3732 3468 3787 enim
3500 3733 3594 3788 ﬁet
3628 3749 3749 3789 unt-

2172 3830 2274 3888 tas,
2300 3822 2370 3875 ita
2400 3830 2648 3876 accurata
2670 3832 2723 3877 et
2745 3823 2977 3892 perfecta
3005 3821 3166 3878 fuerit
3184 3824 3513 3895 conjunctio,
3536 3827 3751 3897 quando

2169 3914 2347 3969 omnia
2372 3914 2582 3969 redacta
2607 3913 2803 3981 fuerint
2823 3915 2923 3969 sub
2943 3930 3106 3970 unum
3128 3926 3306 3987 caput,
3332 3932 3562 3989 superne
3581 3919 3751 3988 quod-

2167 4009 2290 4065 dam
2316 4009 2672 4064 necessarium
2691 4008 2938 4065 habentia
2956 4010 3246 4065 vinculum.
3272 4010 3446 4067 Tanto
3460 4027 3589 4083 ergo
3604 4013 3749 4070 dono

2167 4101 2391 4171 dignati,
2423 4109 2568 4156 tanto
2593 4101 2818 4168 honore,
2850 4110 2992 4155 tanta
3013 4100 3362 4172 benignitate,
3392 4118 3459 4157 ne
3482 4103 3748 4161 dedecore

2167 4195 2461 4250 afficiamus
2485 4210 2605 4250 eum
2635 4194 2724 4264 qui
2754 4209 2851 4249 nos
2880 4193 3060 4250 allecit
3082 4195 3361 4260 beneficio,
3390 4210 3460 4251 ne
3486 4194 3746 4253 faciamus

2167 4296 2224 4343 ut
2266 4297 2410 4341 tanta
2450 4286 2521 4342 sit
2556 4286 2713 4342 nobis
2758 4287 2930 4342 inanis
2959 4288 3126 4359 gratia
3148 4328 3163 4355 ,
3192 4289 3354 4343 vitam
3395 4290 3744 4347 ostendamus

2164 4379 2458 4449 angelicam
2479 4387 2534 4435 et
2551 4378 2842 4450 angelicam
2872 4379 3148 4447 virtutem,
3176 4389 3231 4435 et
3253 4380 3377 4435 vita:
3402 4381 3622 4451 agenda:
3650 4398 3742 4438 ra-

2166 4475 2398 4541 tionem;
2430 4490 2668 4546 rogoque
2693 4483 2747 4530 et
2770 4489 2954 4546 quaeso
2973 4516 2989 4541 ,
3018 4490 3086 4530 ne
3113 4475 3231 4531 hzec
3255 4477 3432 4531 omnia
3456 4477 3563 4532 sint
3587 4478 3745 4534 nobis

2163 4567 2219 4623 in
2239 4567 2496 4637 judicium
2522 4577 2576 4622 et
2601 4565 3101 4623 condemnationem
3125 4609 3140 4634 ,
3169 4568 3264 4624 sed
3298 4568 3366 4623 ad
3393 4570 3743 4625 fruendorunn

2162 4660 2420 4715 bonorum
2448 4660 2849 4729 perceptionem
2874 4677 2887 4713 :
2918 4676 3037 4728 qua:
3059 4660 3257 4715 utinam
3280 4675 3378 4717 nos
3396 4675 3584 4716 omnes
3605 4676 3739 4716 con-

2159 4767 2460 4823 sequamur,
2506 4752 2674 4823 gratia
2709 4760 2765 4807 et
2788 4752 3113 4823 benignitate
3144 4752 3349 4807 Domini
3396 4753 3565 4809 nostri
3610 4753 3740 4809 Jesu

2158 4843 2379 4910 Christi,
2411 4858 2533 4899 cum
2557 4859 2665 4916 quo
2694 4843 2837 4899 Patri
2863 4854 2918 4901 et
2942 4843 3163 4915 Spiritui
3193 4854 3379 4901 sancto
3398 4845 3599 4917 gloria,
3633 4845 3736 4900 im-

2157 4938 2362 5009 perium
2382 4979 2399 5005 ,
2429 4946 2534 4993 etc.

2220 5119 2236 5147 ¹
2273 5114 2435 5164 Quies
2461 5125 2603 5167 unus,
2626 5111 2712 5160 hoc
2736 5118 2823 5169 est,
2847 5112 3053 5162 alterunt
3084 5112 3278 5173 angelis,
3302 5112 3507 5162 alterum
3533 5106 3735 5160 hornini-

2157 5176 2242 5227 bus
2266 5173 2556 5238 principium
2579 5173 2712 5223 dedit
2743 5187 2761 5223 :
2791 5173 2865 5223 his
2885 5175 3079 5238 quidem
3115 5174 3174 5238 id
3201 5176 3328 5236 quod
3365 5182 3435 5238 est
3467 5174 3736 5227 semirutum

2153 5235 2377 5302 carnem.
2417 5235 2515 5286 illis
2557 5244 2717 5285 autem
2749 5235 3012 5302 secundum
3054 5235 3300 5302 spiritum,
3320 5236 3534 5288 Verbum
3556 5244 3735 5288 Deum.

2153 5303 2271 5361 Quae
2295 5299 2441 5350 lectio
2456 5312 2548 5348 non
2564 5297 2853 5360 spernenda.
