4030 6520
486 322 553 377 "
1169 314 1227 371 S.
1266 310 1551 368 JOANNIS
1586 307 2077 365 CHRYSOSTOMI
2115 303 2434 362 ARCHIEP.
2477 300 3023 361 CONSTANTINOP.
3653 292 3715 347 $8

518 428 3708 464 _________________________________.__________.___________..__

1985 524 2042 577 ο]

2142 522 2232 575 ιιΑ
2268 521 2345 578 B'.
2510 512 2513 515 ’
3807 498 3815 503 λ

489 647 594 703 Ἕν
616 640 665 717 ᾧ
696 649 793 702 καὶ
828 643 1247 713 ἐκληρώθημεν
1275 640 1728 709 προορισθέντες
1746 637 1896 692 κατὰ
1911 636 2047 706 πρό-

550 722 722 773 θεσιν
740 717 843 771 τοῦ
868 718 939 769 td
968 712 1164 766 πάντα
1182 710 1571 773 ἐνεργοῦντος
1596 711 1744 764 κατά
1765 709 1879 773 τὴν
1895 710 2046 773 ,ϐου-

550 709 722 773 θεσιν
740 717 843 771 τοῦ
868 718 939 769 td
965 709 1164 766 πάντα
1182 710 1571 780 ἐνεργοῦντος
1596 711 1744 764 κατά
1765 709 1879 777 τὴν
1895 710 2046 773 ,ϐου-

549 789 672 856 λὴν
714 786 819 841 τοῦ
878 783 1210 856 θελῄματος
1266 781 1475 856 αυτοῦ,
1511 782 1682 856 είς-τὸ
1709 776 2048 856 εἷναιᾼὴμᾶς

549 848 637 923 εἰς
659 858 823 910 Euan
837 871 910 923 ον
929 848 1038 921 τῆς
1072 852 1491 923 δόξης-αὺτοῦ,
1513 852 1655 916 τοὺς
1677 848 2049 923 προηλπικό-

547 915 657 994 τάς
713 928 784 980 ἐν
833 922 915 997 τῷ
946 915 1181 997 Χριστῷ
1349 915 1409 997 Δᾧ
1434 923 1532 997 καί
1556 915 2049 997 ὑμεῖς’ᾀκούσαν-

549 989 647 1063 τες
678 999 786 1050 τὸν
808 989 1002 1063 λόγον
1016 991 1126 1061 τῆς
1147 992 1453 1063 ἀληθείας,
1473 990 1539 1044 τὸ
1567 989 1920 1063 εὐαγγέλιον
1937 989 2047 1063 τῆς

548 1057 845 1134 σωτηρίας
894 1057 1208 1137 ὖμῶνςέν
1232 1057 1304 1137 ,ᾧ
1349 1062 1446 1115 καὶ
1468 1057 2048 1137 *πιστεύσαντεςέσς

546 1130 914 1227 ξραγίιζθῃτε
933 1130 1036 1227 ’τῶ
1056 1205 1067 1219 ‘
1082 1133 1386 1227 μζειὲμαζι
1420 1130 1532 1227 τῆς
1569 1130 1928 1227 ἐπαγγελίας
1952 1130 2047 1208 ,τῷ

547 1201 716 1276 ἆγίῴ,
748 1201 969 1258 ὄΐέστιν
996 1202 1269 1271 ἀρραϐὼν
1292 1201 1403 1270 τῆς
1425 1202 1828 1269 κληρονομίας
1854 1201 2045 1267 ἡμῶν,

547 1280 636 1343 είς
694 1276 1117 1352 ἀπολύτρωσιν
1163 1270 1275 1352 τῇς
1306 1270 1759 1340 περιποιήσεως,
1782 1270 1870 1337 είς
1890 1268 2051 1322 ἔπαιε

545 1362 659 1402 νον
681 1346 787 1416 τῆς
817 1344 1003 1411 δόξης
1027 1344 1234 1396 αὑτοῦ.

546 1511 620 1562 α’.
658 1500 944 1573 Πανταχοῦ
973 1501 1073 1571 τὴν
1096 1501 1303 1570 ἄφατον
1331 1496 1428 1552 τοῦ
1461 1497 1595 1551 Θεοῦ
1638 1495 2049 1568 φιλανθρωπίαν

478 1588 810 1643 ἐσπούδασεν
833 1589 862 1640 6
891 1583 1103 1648 Παῦλος
1123 1583 1221 1655 τὴν
1242 1584 1372 1652 περὶ
1405 1583 1555 1652 ἡμᾶς
1578 1581 1777 1645 δεῖξαι,
1801 1578 1875 1642 ὡς
1899 1579 2051 1650 αύτῷ

476 1673 723 1727 δυνατόν.
747 1671 871 1724 Ὅτι
903 1670 1013 1741 γάρ
1047 1666 1187 1739 μετὰ
1218 1666 1501 1735 ἀκριϐείας
1521 1665 1618 1735 οὐχ
1643 1662 1754 1720 οἷόν
1774 1684 1853 1731 τε,
1887 1666 2053 1720 ἀκου-

479 1773 573 1811 σον
624 1754 676 1807 τί
727 1770 891 1823 φησιν
931 1753 1130 1815 αὐτός’
1162 1752 1231 1804 ’Ὠ
1259 1748 1455 1815 ,βάθος
1506 1750 1780 1803 πλούτου
1820 1748 1918 1802 καὶ
1942 1763 2050 1802 σο-

476 1839 619 1908 φίας
671 1837 769 1890 καὶ
817 1835 1094 1905 γνώσεως
1122 1833 1315 1887 Θεοῦί
1368 1831 1449 1899 ὡς
1502 1830 1947 1899 ἀνεξερεύνητα
1974 1831 2051 1885 τὰ

476 1921 731 1990 κρίματα
756 1919 962 1979 αὐτοῦ,
990 1918 1085 1972 καὶ
1119 1915 1646 1985 ἀνεξιχνίαστοιαὶ
1670 1915 1798 1969 όδοὶ
1826 1914 2051 1969 αὐτοῦ]

475 2005 616 2075 πλὴν
651 2004 765 2058 ἀλλ’
788 2003 861 2064 ώς.
910 1996 1023 2055 οἷόν
1064 2000 1125 2054 τέ
1156 2002 1276 2053 ἐστι
1332 1998 1595 2051 δείκνυσι.
1627 1998 1693 2050 Τί
1722 1994 1813 2052 οὖν
1850 2000 1998 2052 ἐστιν
2022 1998 2053 2051 6

474 2089 644 2156 λέγει,
719 2088 824 2141 Ἑν
854 2079 903 2152 ᾧ
932 2084 1033 2139 καὶ
1081 2081 1504 2152 ἐκληρώθημεν
1550 2082 2049 2150 προορισθέντες;

474 2168 663 2235 Εἵπεν,
690 2169 1051 2234 Ἐξελέξατο
1074 2168 1257 2236 ἡμᾶς,
1276 2166 1531 2237 ἀνωτέρω
1550 2183 1563 2196 ο
1592 2166 1825 2220 ἐνταῦθά
1850 2183 2013 2237 φησιν
2030 2182 2045 2198 ’

486 2252 959 2322 Ἐκληρώθημεν.
1000 2250 1140 2304 Ἀλλ’
1202 2249 1389 2321 ἐπειδὴ
1431 2251 1461 2303 6
1499 2249 1699 2319 κλῆρος
1759 2250 2050 2321 συντυχίας

473 2339 709 2409 πρᾶγμά
755 2340 925 2400 ἐστιν,
959 2335 1021 2389 οὐ
1070 2332 1446 2404 προαιρέσεως
1496 2332 1617 2385 οὐδὲ
1661 2332 1866 2403 ἀρετῆς
1900 2347 1914 2361 ⁸
1950 2333 2049 2401 ἀγ-

473 2424 621 2486 νοίας
661 2421 771 2493 γὰρ
799 2422 896 2474 καὶ
920 2420 1208 2488 ἑπιτυχίας
1239 2418 1443 2489 ἔχεται,
1480 2419 1574 2470 καὶ
1601 2418 1729 2478 τοὺς
1758 2418 2049 2489 ἐναρέτους

472 2506 736 2567 πολλάκις
773 2503 957 2573 ἀφεὶς,
989 2503 1118 2564 τοὺς
1146 2500 1361 2563 οὐδενὸς
1400 2499 1584 2563 ἀξίους
1614 2501 1795 2568 λόγου,
1827 2500 2047 2566 τούτους

472 2593 552 2653 είς
608 2588 771 2659 μέσον
830 2585 1156 2658 παρήγαγεν
1189 2601 1202 2614 ·
1238 2585 1341 2655 ὅρα
1387 2583 1505 2643 πῶς
1537 2584 1668 2637 αὐτὸ
1714 2584 2042 2654 διορθοῦται.

469 2670 963 2742 Προορισθέντες,
989 2668 1148 2738 φησὶ,
1178 2668 1329 2722 κατὰ
1358 2668 1648 2731 πρόθεσιν
1669 2666 1775 2719 τοῦ
1806 2667 1879 2720 τὰ
1905 2666 2047 2720 πάν-

468 2773 543 2811 τα
572 2755 984 2824 ἐνεργοῦντος.
1017 2750 1330 2804 Τουτέστιν’
1368 2751 1479 2821 Οὐχ
1508 2748 1692 2811 ἁπλῶς
1732 2749 2047 2821 ἐκληρώθη-

472 2856 577 2911 μεν
633 2838 822 2909 ῶσπερ
872 2836 997 2890 οὐδέ
1060 2834 1246 2896 ἁπλῶς
1284 2832 1612 2903 ἐξελέγημεν
1646 2847 1659 2861 ·
1694 2831 1823 2895 Θεὸς
1880 2834 1988 2904 γὰρ
2016 2836 2046 2886 6

469 2920 836 2991 ἐκλεξάμενος
866 2937 880 2952 ο
911 2918 1033 2972 οὐδὲ
1091 2916 1278 2980 ἁπλῶς
1314 2916 1709 2985 ἐκληρώθημεν
1741 2932 1754 2946 ο
1784 2915 1915 2977 θεὸς
1935 2916 2045 2987 γὰρ

468 3006 499 3058 6
536 3004 964 3075 κληρωσάμενος
990 3017 1005 3033 ·
1041 3000 1179 3055 ἀλλὰ
1210 3000 1349 3053 κατά
1369 2997 1643 3070 πρόθεσιν.
1670 2997 1841 3051 Τοῦτο
1867 2999 1961 3051 καὶ⁹
1986 3001 2044 3053 ἐν

468 3090 535 3159 τῇ
579 3088 714 3158 πρὸς
753 3085 1057 3156 Ῥωμαίους
1112 3084 1398 3152 Ἐπιστολῇ
1449 3082 1676 3151 γράφων
1708 3081 1875 3150 φησί·
1916 3081 2045 3149 Τοῖς

470 3170 622 3225 κατὰ
647 3172 936 3238 πρόθεσιν
965 3168 1210 3235 κλητοῖς
1239 3162 1440 3221 οὖσιν.
1460 3164 1580 3231 Οὒς
1604 3164 1880 3231 ἐκάλεσε,
1908 3167 2046 3219 τού-

468 3272 615 3319 τους
643 3254 742 3306 καὶ
769 3253 1123 3307 ἐδικαίωσεν
1162 3268 1175 3281 °
1201 3250 1310 3316 οὓς
1346 3249 1415 3302 δὲ
1435 3248 1767 3314 ἐδικαίωσε,
1795 3249 2046 3315 τούτους

468 3337 570 3391 καὶ
592 3337 869 3401 ἐδόξασε.
897 3336 1169 3407 Πρότερον
1193 3332 1386 3395 εἰπὼν,
1429 3332 1555 3396 Τοῖς
1585 3332 1735 3386 κατὰ
1756 3333 2046 3399 πρόθεσιν

467 3420 719 3488 κλητοῖς
744 3416 945 3484 οὖσιν,
979 3418 1116 3489 ὁμοῦ
1142 3420 1237 3472 καὶ
1257 3417 1317 3470 τὸ
1345 3416 1622 3487 ἐξαίρετον
1641 3426 1660 3446 ⁸
1681 3416 1743 3468 τὸ
1765 3414 1898 3486 πρὸς
1920 3415 2044 3479 τοὺς

468 3505 659 3565 ἄλλους
696 3504 931 3575 δηλῶσαι
970 3502 1310 3572 βουλόμενος,
1344 3504 1438 3554 καὶ
1462 3499 1662 3571 κλῆρον
1699 3495 1872 3563 εἶπεν,
1903 3498 2043 3551 ὥστε

466 3588 530 3641 τὸ
557 3587 906 3654 αὐτεξούσιον
939 3587 1012 3657 μὴ
1035 3585 1350 3654 ἀφελέσθαι.
1374 3584 1553 3655 Ὅπερ
1576 3583 1695 3635 ἐστὶ
1722 3582 1901 3637 τοίνυν
1940 3599 2044 3652 μα-

468 3672 795 3744 καριότητος
829 3670 1029 3741 μᾶλλον
1052 3669 1185 3723 αὐτὸ
1208 3668 1444 3738 τίθησιν.
1494 3666 1553 3719 ’0
1577 3665 1687 3736 γάρ
1716 3665 1915 3737 κλῆρος
1943 3666 2043 3719 οὐκ

467 3754 671 3825 ἀρετῆς
708 3753 820 3825 [10]
865 3755 1044 3815 ἐστιν,
1092 3750 1229 3804 ἀλλὰ
1255 3791 1269 3815 ,
1319 3750 1395 3813 ώς
1431 3749 1496 3802 ἄν
1531 3766 1615 3812 τις
1639 3749 1801 3812 είποι,
1840 3766 2043 3802 συντυ-

467 3838 613 3909 χίας.
663 3838 750 3900 Ὠς
798 3836 864 3890 ἂν
922 3837 971 3889 εί
1031 3836 1214 3903 ἔλεγε·
1271 3833 1490 3903 Κλήρου
1557 3832 1852 3901 γενομένου
1892 3833 2042 3901 ἡμᾶς

467 3919 763 3986 ἐξελέξατο.
794 3920 866 3973 Τὸ
891 3919 946 3972 δὲ
969 3918 1107 3983 ὅλον,
1149 3917 1257 3971 ἀπὸ
1283 3917 1382 3985 τῆς
1418 3915 1794 3986 προαιρέσεως
1831 3933 2043 3986 προορι-

468 4005 717 4069 σθέντας,
773 4005 1070 4068 τουτέστιν,
1119 4002 1297 4073 ἐαυτῷ
1326 4002 1686 4071 ἐκλεξάμενος
1714 4000 1989 4072 ἀφώρισεν
2023 4018 2039 4033 ο

466 4083 601 4153 οἷον,
653 4088 800 4159 ἐώρα
838 4089 984 4158 ἡμᾶς
1036 4087 1166 4157 πρὶν
1212 4085 1529 4157 ἢγενὲσθαι
1564 4084 2036 4156 κεκληρωμένους.

466 4170 766 4240 Θαυμαστὴ
813 4169 920 4241 γὰρ
965 4170 997 4240 η
1039 4168 1131 4221 τοῦ
1178 4164 1314 4220 Θεοῦ
1360 4168 1705 4238 πρόγνωσις,
1742 4168 1836 4221 καὶ
1865 4169 2040 4222 πάντα

468 4254 639 4307 εἰδυῖα
667 4252 797 4325 πρὶν
824 4253 1092 4322 γενέσεως
1132 4251 1332 4306 αὐτῶν.
1370 4253 1442 4305 Σὺ
1471 4252 1527 4304 δὲ
1549 4252 1645 4305 θέα
1680 4251 1797 4315 πῶς
1831 4269 2038 4307 παντα-

466 4337 565 4407 χοῦ
588 4337 821 4408 σπουδὴν
842 4339 1076 4388 ποιεῖται
1092 4335 1367 4399 δεῖξαι,ὄτι
1397 4334 1497 4387 οὐκ
1525 4337 1587 4388 ἐκ
1611 4335 2036 4406 μετανοίας,ἁλλ’

465 4421 671 4475 ἀνωθεν
682 4420 751 4473 τά
764 4420 1067 4490 πράγματα
1082 4418 1224 4471 οὕτω
1234 4417 1531 4482 τετύπωτο,
1548 4418 1688 4471 ὥστε
1715 4419 1878 4488 μηδὲν
1892 4420 1921 4470 ύ
1931 4422 2037 4490 μᾶς

468 4502 612 4572 ἔχειν
634 4501 743 4555 τῶν
759 4502 1024 4555 Ἰουδαίων
1055 4502 1275 4555 ἔλαττον
1299 4500 1442 4553 κατά
1468 4499 1743 4567 τοῦτο,καὶ
1768 4501 1856 4555 διὰ
1880 4502 2038 4556 τοῦτο

468 4586 645 4639 πάντα
684 4586 822 4656 ὑπὲρ
853 4585 1042 4638 τούτου
1086 4588 1249 4639 ποιεῖ.
1284 4584 1410 4647 Πῶς
1455 4579 1547 4637 οῦν
1599 4601 1763 4654 φησιν
1807 4585 1973 4648 αὐτὸς
2008 4589 2036 4640 6

469 4669 720 4740 Χριστὸς,
743 4671 864 4722 Οὐκ
886 4668 1261 4734 ἀπεστάλην,
1285 4670 1336 4720 εὶ
1357 4667 1441 4735 μὴ
1463 4668 1550 4731 εὶς
1584 4665 1657 4718 τὰ
1680 4668 1947 4735 πρόϐατα
1967 4670 2038 4723 τὰ

468 4752 826 4807 ἀπολωλότα
889 4752 1065 4804 οἵκου
1100 4749 1339 4818 Ἰσραήλ
1357 4767 1376 4815 ;
1404 4751 1498 4803 καὶ
1526 4748 1689 4802 πάλιν
1718 4752 1830 4813 τοῖς
1864 4752 2038 4822 μαθη-

468 4838 588 4898 ταῖς
613 4834 816 4903 ἐλεγεν,
845 4837 949 4901 Εὶς
978 4834 1123 4888 ὁδὸν
1151 4831 1342 4887 ἐθνῶν
1352 4831 1438 4901 μὴ
1467 4832 1765 4900 ἀπέλθητε
1784 4874 1798 4899 ,
1831 4834 1929 4890 καὶ
1951 4838 2037 4903 εὶς

468 4920 651 4973 πόλιν
695 4916 1072 4987 Σαμαρειτῶν
1124 4917 1211 4985 μὴ
1278 4914 1625 4981 εὶσέλθητε;
1656 4918 1750 4969 καὶ
1794 4918 1955 4981 αὐτὸς
1979 4919 2036 4971 δὲ

467 5001 632 5055 πάλιν
664 5003 692 5054 6
720 5001 932 5064 Παῦλος
974 5000 1183 5069 ἔλεγεν,
1226 4998 1384 5067 Ὑμῖν
1399 4994 1478 5068 ἦν
1505 4998 1835 5067 ἀναγκαῖον
1882 4998 2037 5068 πρῶ-

467 5101 575 5138 τον
611 5083 953 5152 λαληθῆναι
997 5084 1103 5138 τὸν
1152 5082 1341 5151 λόγον
1374 5080 1481 5135 τοῦ
1513 5082 1660 5135 Θεοῦ
1688 5098 1700 5110 ’
1736 5084 1941 5151 ἐπειδὴ
1968 5084 2037 5138 δὲ

468 5168 800 5224 ἀπωθεῖσθε
829 5168 1033 5232 αὑτὸν,
1085 5166 1185 5219 καὶ
1238 5167 1347 5219 οὐκ
1369 5164 1580 5230 ἀξίους
1632 5167 1861 5234 κρίνετε
1897 5167 2034 5221 ἐαυ-

469 5253 611 5318 τοὺς
632 5249 745 5319 τῆς
795 5253 1041 5305 αἰωνίου
1077 5248 1248 5316 ζωῆς,
1282 5246 1411 5300 ίδοὺ
1445 5250 1819 5317 στρεφόμεθα
1847 5252 1935 5317 εὶς
1963 5253 2036 5306 τὰ

466 5338 610 5403 ἔθνη
626 5351 644 5399 ;
660 5335 756 5387 Διά
769 5337 874 5404 γὰρ
886 5333 1044 5387 τοῦτο
1071 5332 1241 5386 ταῦτα
1251 5332 1492 5399 λέγεται,
1511 5333 1597 5384 ἵνα
1624 5333 1696 5402 μὴ
1711 5333 1785 5397 ὼς
1803 5335 1866 5386 ἐκ
1888 5353 2034 5406 παρ-

470 5420 636 5489 έργου
679 5417 876 5491 νομίσῃ
892 5435 974 5481 τις
998 5416 1155 5470 τοῦτο
1177 5415 1525 5485 γεγενῆσθαι.
1548 5417 1707 5469 Κατὰ
1723 5422 2031 5486 πρόθεσιν,

466 5501 622 5571 φησὶ,
640 5503 746 5556 τοῦ
769 5504 840 5557 τὰ
855 5502 1051 5555 πάντα
1071 5500 1459 5569 ἐνεργοῦντος
1478 5498 1627 5552 κατὰ
1655 5499 1767 5567 τὴν
1793 5503 2036 5571 ,ϐουλὴν

465 5583 572 5636 τοῦ
613 5585 942 5654 θελήματος
960 5583 1164 5638 αὐτοῦ.
1197 5582 1513 5643 Τουτέστιν,
1542 5581 1692 5634 οὐδὲν
1739 5584 1874 5653 μετὰ
1905 5585 2033 5638 ταῦ-

466 5678 533 5718 τα
558 5665 851 5739 ἐνήργησε,
884 5669 1061 5722 πάντα
1088 5665 1291 5723 ἀνωθεν
1320 5664 1685 5729 διατυπώσας.
1716 5666 1899 5731 Οὕτως
1930 5671 2026 5723 αύ-

531 5898 557 5927 ι
578 5884 780 5938 Coislin.
803 5900 945 5948 unus,
970 5884 1120 5943 οὖσιν,
1144 5885 1269 5933 ὥστε
1291 5882 1343 5933 τὸ
1370 5881 1616 5945 ἐξαίρετον.

2146 635 2238 699 τὸς
2269 635 2466 703 ἐπάγει
2500 632 2561 686 τὸ
2586 632 2737 694 τέλος
2772 630 2913 683 κατά
2938 628 3035 699 τὴν
3071 626 3265 698 βουλὴν
3294 624 3388 681 τοῦ
3418 626 3721 697 θελήματος

2150 717 2338 773 αὑτοῦ.
2365 719 2529 770 Ὥστε
2573 718 2672 769 οὐκ
2711 712 2897 784 ἐπειδὴ
2933 712 3170 765 Ἰουδαῖοι
3197 712 3256 765 ού
3292 714 3601 782 προσεῖχον,
3629 711 3722 766 διὰ

2145 800 2306 854 τοῦτο
2347 801 2415 854 τά
2466 799 2593 869 ἔθνη
2633 797 2921 865 ἐκάλεσεν,
2946 796 3067 848 ούδέ
3093 795 3483 863 ἀναγκασθεὶς,
3511 794 3631 849 οὐδέ
3660 793 3723 860 ἐξ

2148 883 2369 936 ἐκείνων
2409 882 2692 953 ὁρμηθείς.
2723 881 2826 945 Είς
2868 878 2934 932 τὸ
2983 874 3139 931 εἶναι
3196 876 3387 947 ἡμᾶς,
3410 878 3608 949 φησὶν,
3636 880 3726 943 εις

2147 965 2401 1019 ἔπαινον
2422 966 2529 1033 τῆς
2552 962 2738 1030 δόξης
2771 961 2978 1027 αὑτοῦ,
3002 960 3145 1025 τοὺς
3175 961 3625 1029 προηλπικότας
3653 960 3725 1013 ἐν

2147 1048 2227 1114 τῷ
2249 1047 2481 1117 Χριστῷ
2523 1065 2536 1078 ·
2558 1047 2627 1100 ἐν
2648 1041 2696 1113 ᾦ
2734 1045 2834 1100 καὶ
2868 1044 3037 1114 ὑμεῖς
3068 1044 3441 1111 ἀκούσαντες
3485 1044 3593 1097 τὸν
3617 1045 3722 1097 λό-

2146 1150 2259 1204 γον
2293 1131 2404 1201 τῆς
2443 1133 2750 1199 ἀληθείας,
2800 1129 2866 1184 τὸ
2910 1129 3262 1200 εὐαγγέλιον
3301 1127 3407 1197 τῆς
3427 1130 3726 1198 σωτηρίας

2146 1215 2315 1285 ὑμῶν
2339 1231 2351 1244 ·
2396 1215 2672 1279 τουτέστι,
2711 1214 2778 1267 δι’
2800 1207 2881 1268 οὗ.
2922 1214 3066 1283 Ὅρα
3092 1212 3367 1282 πανταχοῦ
3391 1214 3561 1265 αίτιον
3581 1212 3724 1267 πάν-

2147 1316 2256 1352 των
2293 1300 2587 1369 γενόμενον
2642 1297 2734 1351 τὸν
2783 1296 3035 1369 Χριστὸν,
3089 1298 3182 1350 καὶ
3238 1296 3473 1367 οὐδαμοῦ
3523 1296 3587 1349 τὸ
3626 1295 3725 1350 τοῦ

2150 1380 2429 1452 ὑπουργοῦ
2488 1381 2680 1451 ὄνομα,
2718 1379 2839 1433 οὐδὲ
2868 1380 2929 1434 τὸ
2949 1380 3043 1433 τοῦ
3075 1381 3321 1434 διακόνου
3351 1397 3366 1413 ο
3406 1379 3595 1451 ὥσπερ
3628 1382 3728 1434 καὶ⁵

2148 1462 2381 1536 ἀλλαχοῦ
2420 1481 2582 1535 φησιν
2618 1462 2890 1535 Ἑϐραίοις
2917 1464 3143 1534 γράφων
3167 1502 3182 1527 ,
3214 1464 3297 1516 ὅτι
3323 1460 3516 1517 Πάλαι
3541 1464 3728 1530 λαλή-

2152 1564 2272 1614 σας
2296 1546 2422 1613 τοῖς
2444 1546 2745 1615 πατράσιν
2767 1545 2938 1616 ἡμῶν
2961 1547 3032 1600 ἐν
3063 1545 3189 1612 τοῖς
3226 1546 3558 1616 προφήταις
3574 1586 3589 1610 ,
3628 1545 3726 1599 ἐπ’

2148 1630 2425 1700 ἐσχάτων
2477 1631 2598 1684 τῶν
2645 1627 2883 1699 ἡμερῶν
2936 1628 3245 1696 ἐλάλησεν
3284 1630 3431 1698 ἡμῖν
3470 1630 3539 1683 ἐν
3590 1627 3723 1694 Υίῷ.

2149 1714 2430 1779 Τουτέστι,
2448 1714 2513 1768 δι’
2538 1712 2684 1766 Υίοῦ.
2714 1712 2823 1767 Τὸν
2849 1712 3053 1781 λόγον,
3083 1713 3235 1781 φησὶ,
3267 1712 3379 1779 τῆς
3400 1713 3687 1780 ἀληθείας
3706 1728 3721 1743 ·

2150 1799 2343 1852 οὐκέτι
2371 1798 2463 1851 τὸν
2491 1796 2582 1851 τοῦ
2610 1796 2801 1863 τύπου,
2829 1796 2951 1850 ούδέ
2971 1796 3061 1849 τὸν
3083 1796 3184 1864 τῆς
3214 1796 3441 1860 εἰκόνος.

2226 1967 2297 2021 Τὸ
2325 1966 2684 2036 εὐαγγέλιον
2706 1965 2817 2033 τῆς
2838 1965 3138 2035 σωτηρίας
3172 1961 3361 2033 ἡμῶν.
3392 1964 3506 2017 Καὶ
3542 1962 3725 2027 καλῶς

2150 2049 2470 2118 εὐαγγέλιον
2512 2047 2645 2101 αὐτὸ
2697 2048 2971 2118 σωτηρίας
3012 2047 3187 2110 καλεῖ,
3212 2046 3275 2099 16
3339 2043 3437 2115 μὲν
3460 2045 3597 2116 πρὸς
3628 2046 3724 2099 τὸν

2149 2134 2313 2204 νόμον
2375 2131 2768 2201 αἰνιττόμενος,
2804 2131 2865 2183 16
2924 2130 2981 2183 δέ
3007 2129 3144 2201 πρὸς
3170 2130 3270 2200 τὴν
3306 2128 3608 2199 μέλλουσαν
3629 2129 3723 2181 κό-

2148 2216 2321 2269 λασιν.
2359 2214 2522 2268 Οὐδὲν
2558 2214 2666 2285 γὰρ
2695 2212 2820 2267 ἄλλο
2849 2212 2966 2264 ἐστί
2997 2211 3057 2265 16
3086 2212 3367 2283 κήρυγμα,
3397 2210 3516 2264 ἀλλ’
3554 2212 3586 2282 ἤ
3617 2228 3723 2262 σω-

2147 2299 2345 2371 τηρίας
2379 2298 2715 2364 εὐαγγέλιον,
2755 2296 2836 2348 ὅτι
2869 2294 2997 2358 τοὺς
3026 2294 3213 2360 ἀξίους
3269 2293 3606 2347 ἀπόλλυσθαι
3632 2293 3720 2345 οὑ⁴

2148 2382 2266 2435 κέτι
2290 2380 2602 2434 ἀπόλλυσιν.
2648 2379 2751 2431 Ἐν
2777 2372 2825 2444 ᾧ
2851 2377 2951 2431 καὶ
2977 2377 3413 2441 πιστεύσαντες
3432 2377 3723 2446 ἐσφραγί-

2145 2470 2333 2533 σθητε
2354 2466 2423 2518 ἐν
2459 2461 2536 2529 τῷ
2571 2464 2869 2533 Πνεύματι
2909 2461 3021 2530 τῆς
3055 2461 3420 2531 ἐπαγγελίας
3444 2458 3524 2525 τῷ
3549 2461 3721 2529 ἁγίῳ,

2146 2550 2214 2615 ὅς
2235 2550 2404 2602 ἐστιν
2427 2548 2699 2615 ἀρραϐὼν
2730 2544 2842 2613 τῆς
2884 2545 3283 2614 κληρονομίας
3328 2542 3517 2613 ἡμῶν.
3551 2544 3723 2596 Πάλιν

2146 2633 2348 2703 πολλῆς
2383 2631 2644 2703 προνοίας
2692 2630 2893 2699 δεῖγμα
2932 2629 2993 2681 16
3048 2627 3487 2698 σφραγισθῆναι,
3542 2627 3605 2679 οὐ
3659 2626 3723 2679 τὸ

2144 2715 2528 2789 ἀφορισθῆναι,
2553 2714 2672 2767 ούδέ
2727 2713 2787 2767 16
2831 2712 3180 2784 κληρωθῆναι
3228 2711 3407 2781 μόνον,
3449 2708 3587 2763 ἀλλὰ
3626 2711 3721 2762 καὶ

2144 2800 2206 2853 16
2238 2796 2660 2869 σφραγισθῆναι.
2700 2795 2967 2865 Καθάπερ
2998 2794 3104 2866 γὰρ
3132 2793 3186 2846 εί
3206 2810 3289 2856 τις
3308 2794 3432 2856 τοὺς
3454 2791 3723 2864 λαχόντας

2145 2883 2294 2952 αύτῷ
2334 2882 2528 2952 δήλους
2571 2880 2872 2951 ποιήσειεν,
2918 2877 3061 2931 οὓτω
3103 2877 3244 2931 καὶὸ
3273 2878 3404 2941 Θεὸς
3439 2878 3722 2947 ἀφώρισεν

2144 2969 2221 3030 εἰς
2252 2966 2313 3018 16
2346 2962 2655 3029 πιστεῦσαι,
2714 2963 3050 3032 ἐσφράγισεν
3096 2963 3176 3025 είς
3219 2961 3278 3014 16
3308 2959 3720 3033 κληρονομῆσαι

2143 3051 2212 3103 τὰ
2248 3047 2531 3118 μέλλοντα.

2214 3212 2279 3283 β’.
2321 3213 2484 3284 Ὁρᾷς
2514 3210 2651 3275 πῶς,
2688 3210 2969 3282 προῖόντος
2988 3207 3083 3262 τοῦ
3129 3209 3340 3280 χρόνου,
3372 3208 3721 3280 θαυμαστοὺς

2144 3298 2341 3360 αὐτοὺς
2362 3300 2507 3350 ποιεῖ
2535 3312 2549 3361 ;
2582 3296 2725 3358 Ἕως
2764 3294 2861 3365 μὲν
2892 3294 2999 3364 γὰρ
3030 3290 3172 3365 ἦσαν
3200 3295 3258 3346 ἐν
3292 3297 3358 3365 τῇ
3384 3292 3716 3364 προγνώσει,

2141 3382 2315 3435 οὐδενὶ
2352 3376 2491 3452 ἦσαν
2522 3378 2667 3450 δῆλοι
2701 3395 2716 3409 ο
2750 3377 3019 3448 ἐπειδὴδὲ
3050 3377 3525 3449 ἐσφραγίσθησαν,
3563 3377 3717 3449 δῆλοι

2141 3463 2570 3535 γεγόνασιν,ἀλλ’
2602 3464 2699 3533 οὐχ
2720 3462 2795 3525 ώς
2826 3463 3017 3532 ἡμεῖς’
3048 3460 3260 3514 ἔσονται
3290 3461 3399 3532 γὰρ
3427 3460 3541 3533 [ii]
3575 3462 3717 3533 πλὴν

2140 3550 2336 3617 ὀλίγων
2385 3547 2553 3618 δῆλοι.
2592 3544 3066 3616 Ἐσφραγίσθησαν
3116 3545 3209 3598 καὶ
3243 3545 3290 3596 οἱ
3339 3544 3717 3616 Ἰσραηλῖται,

2140 3632 2277 3686 ἀλλά
2323 3631 2594 3704 περιτομῇ
2623 3669 2638 3695 ,
2673 3629 2927 3700 καθάπερ
2955 3629 3050 3681 καὶ
3072 3628 3142 3680 τὰ
3172 3627 3497 3699 βοσκήματα
3528 3629 3623 3682 καὶ
3647 3628 3719 3681 τὰ

2139 3716 2309 3781 ἄλογα
2346 3730 2359 3743 ·
2399 3712 2847 3785 ἐσφραγίσθημεν
2897 3712 2988 3763 καὶ
3045 3712 3227 3781 ἡμεῖς,
3291 3711 3406 3764 ἀλλ’
3437 3710 3512 3774 ώς
3561 3711 3667 3763 υἱοὶ
3697 3752 3714 3774 ,

2141 3798 2441 3866 Πνεύματι.
2475 3797 2540 3848 Τί
2591 3796 2730 3857 ἐστι,
2783 3795 3083 3863 Πνεύματι
3131 3794 3717 3863 ἐπαγγελίας;Ἤτοι

2138 3882 2219 3933 ὅτι
2261 3880 2404 3933 κατά
2445 3879 2778 3947 ἐπαγγελίαν
2820 3878 2951 3931 αὐτὸ
2980 3878 3264 3947 ἐλάθομεν.
3298 3878 3403 3931 Δύο
3430 3880 3535 3948 γάρ
3575 3881 3717 3931 εἰσιν

2139 3963 2496 4031 ἐπαγγελίαι,
2549 3962 2647 4032 μία
2712 3960 2810 4031 μὲν
2860 3960 2950 4014 διὰ
3005 3961 3115 4014 τῶν
3192 3962 3512 4032 προφητῶν,
3551 3962 3717 4030 ἑτέρα

2138 4045 2195 4099 δὲ
2248 4046 2360 4098 ἀπὸ
2412 4044 2506 4098 τοῦ
2558 4044 2691 4097 Υἱοῦ
2720 4059 2735 4074 ⁸
2761 4043 2849 4096 διὰ
2876 4042 2986 4096 τῶν
3033 4044 3327 4114 προφητῶν
3359 4058 3372 4075 ·
3402 4044 3565 4097 ἄκουε
3620 4044 3716 4096 τοῦ

2149 4127 2302 4201 Ἰωὴλ
2346 4127 2611 4196 λέγοντος·
2647 4127 2867 4197 Ἐκχεῶ
2909 4127 3027 4180 ἀπὸ
3066 4129 3173 4182 τοῦ
3213 4127 3557 4196 Πνεύματός
3592 4145 3716 4196 μου

2137 4214 2236 4267 ἐπὶ
2283 4212 2487 4268 πᾶσαν
2531 4211 2746 4280 σάρκα,
2768 4211 2866 4264 καὶ
2912 4212 3441 4279 προφητεύσουσιν
3496 4215 3551 4265 οί
3592 4212 3715 4266 υἱοί

2139 4295 2306 4366 ὑμῶν
2342 4296 2441 4349 καὶ
2477 4298 2537 4349 αὶ
2589 4292 2906 4364 θυγατέρες
2954 4294 3140 4363 ὑμῶν,
3176 4296 3274 4348 καὶ
3313 4297 3367 4349 οί
3402 4296 3713 4349 νεανίσκοι

2138 4379 2304 4450 ὑμῶν
2332 4380 2573 4449 ὁράσεις
2617 4380 2870 4447 ὄψονται
2893 4417 2908 4443 ,
2939 4378 3040 4430 καί
3059 4382 3112 4432 οἱ
3135 4382 3520 4447 πρεσϐύτεροι
3544 4380 3714 4448 ὑμῶν

2138 4465 2393 4518 ἐνύπνια
2444 4461 3039 4526 ἐνυπνιασθήσονται
3072 4480 3086 4493 ·
3122 4462 3284 4516 ἄκουε
3332 4462 3387 4515 δὲ
3427 4463 3587 4517 πάλιν
3613 4463 3712 4516 τοῦ

2138 4546 2375 4616 Χριστοῦ
2420 4545 2703 4613 λέγοντος⁶
2731 4544 2843 4597 Καὶ
2902 4544 3177 4611 λήψεσθε
3241 4545 3496 4615 δύναμιν
3532 4547 3711 4598 ἐπελ-

2139 4633 2349 4696 θόντος
2387 4628 2493 4681 τοῦ
2529 4628 2702 4697 ἁγίου
2740 4628 3089 4694 Πνεύματος
3112 4628 3204 4697 ἐφ’
3228 4627 3402 4697 ὑμᾶς,
3434 4630 3533 4682 καὶ
3568 4630 3709 4683 ἕσε·

2136 4713 2247 4766 σθέ
2275 4729 2374 4780 μοι
2396 4709 2691 4779 μάρτυρες
2706 4709 2777 4762 ἐν
2791 4727 2853 4762 τε
2866 4710 3284 4780 Ἰερουσαλὴμ,
3309 4712 3407 4765 καὶ
3438 4712 3508 4764 ἐν
3536 4713 3708 4780 πάσῃ

2136 4796 2209 4863 τῇ
2261 4794 2518 4859 Ἰουδαίᾳ
2553 4792 2651 4845 καὶ
2676 4793 2990 4861 Σαμαρείᾳ,
3031 4794 3129 4846 καὶ
3154 4794 3270 4860 ἕως
3306 4795 3570 4863 ἐσχάτου
3594 4796 3709 4863 τῆς

2136 4878 2270 4949 γῆς.
2308 4877 2501 4931 Καίτοι
2537 4876 2665 4939 ἔδει,
2698 4876 2885 4946 φησὶν,
2917 4877 3079 4929 αὑτὸν
3135 4878 3210 4939 ὼς
3253 4878 3385 4930 Θεὸν
3420 4879 3709 4947 πιστευθῆ-

2138 4982 2223 5017 ναι
2247 4980 2262 4994 ο
2300 4961 2413 5015 ἀλλ’
2452 4962 2552 5013 οὐκ
2617 4959 2724 5013 ἀπὸ
2771 4958 2962 5011 τούτου
3008 4959 3394 5031 διισχυρίζεται
3421 5003 3435 5027 ,
3476 4962 3593 5015 ἀλλ’
3629 4964 3706 5025 ώς

2137 5047 2265 5117 περὶ
2300 5042 2587 5115 ἀνθρώπου
2615 5041 2879 5108 ἐξετάζει,
2910 5043 3100 5113 ὥσπερ
3128 5045 3184 5096 ἐν
3210 5047 3273 5113 τῇ
3308 5046 3444 5115 πρὸς
3485 5046 3705 5117 Ἐὅραι-

2134 5146 2247 5193 ους,
2297 5128 2470 5195 λέγων
2500 5142 2513 5156 ·
2548 5127 2681 5179 Ἵνα
2731 5124 2828 5178 διὰ
2869 5126 2978 5179 δύο
3020 5126 3376 5195 πραγμάτων
3419 5128 3704 5196 ἀμεταθέ-

2136 5230 2270 5273 των,
2300 5211 2370 5263 ὲν
2404 5205 2491 5275 οἷς
2530 5209 2827 5263 ἀδύνατον
2863 5210 3210 5276 ψεύσασθαι
3243 5211 3394 5263 Θεὸν
3436 5214 3703 5280 ἰσχυραν

2135 5296 2519 5363 παράκλησιν
2547 5292 2792 5361 ἔχωμεν.
2834 5292 2991 5344 Οὕτω
3018 5294 3112 5344 καὶ
3143 5293 3377 5347 ἐνταῦθα
3400 5298 3701 5366 τεκμήριον

2135 5381 2367 5431 ποιεῖται
2411 5376 2511 5444 τῆς
2541 5376 2649 5428 τῶν
2682 5374 2984 5445 μελλόντων
3017 5376 3350 5444 ἐπαγγελίας
3379 5378 3446 5431 τὰ
3484 5379 3583 5449 ἤδη
3610 5380 3701 5432 δε-

2134 5462 2351 5531 δομένα.
2383 5460 2483 5512 Διά
2511 5459 2668 5512 τοῦτο
2707 5458 2802 5511 καὶ
2840 5458 3137 5529 ἀρραϐῶνα
3168 5460 3359 5514 καλεῖ·
3396 5466 3424 5515 ὁ
3453 5467 3564 5535 γὰρ
3598 5466 3701 5537 ἀρ-

2138 5545 2316 5615 (λαϐὼν
2380 5542 2543 5613 μέρος
2586 5541 2701 5593 ἐστὶ
2729 5541 2822 5594 τοῦ
2870 5542 3089 5605 παντός.
3131 5544 3421 5615 Ἦγόρασε,
3459 5546 3528 5599 τὰ
3560 5548 3692 5617 παρ’

2135 5628 2313 5697 ἡμῶν,
2342 5627 2442 5695 τὴν
2480 5626 2756 5694 σωτηρίαν
2784 5624 3192 5695 τὴνήμετέραν,
3220 5630 3312 5681 καὶ
3334 5629 3531 5682 ἔδωκεν
3563 5634 3699 5701 ἡμῖν

2137 5708 2434 5780 ἀρραϐῶνα
2449 5708 2604 5769 τέως.
2632 5707 2730 5759 Διὰ
2777 5707 2828 5760 τί
2869 5703 2961 5760 οὖν
3005 5708 3079 5776 μὴ
3102 5710 3162 5761 τὸ
3186 5710 3306 5763 ὅλον
3339 5711 3539 5775 εὐθέως
3564 5714 3699 5769 ἐδω-

2138 5812 2231 5847 κεν
2255 5810 2270 5856 ;
2313 5790 2525 5860 Ἐπειδὴ
2559 5790 2695 5860 μηδὲ
2722 5792 2882 5859 ἡμεῖς
2911 5791 2969 5843 τὸ
2998 5792 3119 5845 ὅλον
3136 5794 3530 5865 εὶργασάμεθα.
3552 5800 3698 5852 Ἐπι-

2142 5876 2442 5944 στεύσαμεν
2483 5891 2495 5903 ·
2528 5874 2685 5927 τοῦτο
2717 5874 2861 5943 ἀρχή
2887 5890 2899 5901 ·
2933 5874 3098 5927 ἔδωκε
3123 5877 3214 5930 καὶ
3256 5880 3414 5944 αὑτὸς
3437 5881 3696 5953 ἀρραϐῶ-
