4030 6500
327 444 388 494 17
1284 450 1349 505 ΙΝ
1381 450 1591 506 EPIST.
1626 453 1717 506 AD
1756 453 1999 510 EPHES.
2039 455 2192 512 CAP.
2236 458 2277 512 Ι.
2319 459 2551 519 HOMIL.
2596 463 2661 519 ll.
3521 486 3585 533 l8

1769 663 2115 726 HOMILIA
2158 668 2238 728 υ.
3484 634 3579 647 ””

314 796 448 852 ειν.
484 800 504 851 1
578 816 633 852 v.
680 802 768 856 11.
799 801 866 855 In
902 819 1001 870 quo
1027 802 1177 855 etiam
1223 818 1316 857 nos
1353 812 1485 857 sorte
1507 806 1668 857 vocati
1692 821 1898 872 sumus,

387 893 734 962 pradatinati
759 896 1035 949 secundum
1061 896 1378 964 propositum
1403 898 1534 966 ejus,
1558 896 1646 965 qui
1663 907 1900 968 operatur

386 985 561 1038 omnia
605 988 881 1040 secundum
923 988 1193 1041 consilium
1232 991 1505 1043 voluntatis
1546 1006 1669 1053 sum,
1723 989 1809 1044 l2.
1842 1000 1897 1043 ut

383 1078 543 1130 simus
562 1078 615 1130 in
642 1079 843 1131 laudent
864 1079 1041 1149 gloria:
1076 1080 1186 1150 ejus
1204 1120 1219 1145 ,
1247 1096 1339 1135 nos
1359 1121 1373 1146 ,
1408 1081 1493 1149 qui
1519 1090 1633 1134 ante
1672 1081 1896 1149 speravi-

382 1185 496 1221 mus
522 1170 575 1222 in
624 1168 825 1224 Christo
854 1186 872 1222 :
916 1171 1003 1225 15.
1048 1171 1102 1224 in
1143 1187 1242 1240 quo
1281 1181 1330 1225 et
1363 1188 1450 1225 vos
1478 1188 1591 1225 cum
1629 1172 1898 1226 audissetis

378 1261 583 1315 uerbum
608 1264 858 1327 ueritatis,
896 1264 1209 1334 evangelium
1234 1264 1414 1318 salutis
1457 1273 1632 1318 vestra:
1652 1303 1669 1327 ,
1718 1265 1769 1318 in
1799 1281 1897 1332 quo

381 1364 430 1407 et
479 1355 738 1408 credentes
764 1355 951 1425 signati
992 1356 1111 1410 estis
1137 1354 1337 1425 Spiritu
1383 1356 1731 1426 promissionis
1778 1373 1896 1409 san.

381 1455 482 1498 cto.
545 1445 634 1499 14.
695 1446 781 1512 qui
833 1455 905 1499 est
962 1447 1145 1515 pignus
1202 1446 1495 1500 hereditatis
1556 1456 1771 1511 nostra},
1840 1447 1895 1499 in

378 1538 781 1606 redemptionem
808 1538 1176 1605 acquisitionis,
1212 1538 1265 1590 in
1295 1536 1492 1591 laudem
1514 1538 1690 1607 gloria’
1712 1536 1888 1605 ipsius.

386 1630 439 1683 1.
471 1628 682 1697 Ubique
728 1629 924 1685 Paulus
969 1629 1292 1684 inelfabilem
1321 1630 1413 1684 Dei
1444 1630 1496 1683 in
1520 1644 1618 1684 nos
1647 1629 1891 1698 benigni-

310 1732 476 1776 tatem
504 1722 703 1776 studuit
724 1722 1033 1789 ostendere,
1065 1722 1236 1792 quoad
1265 1722 1379 1793 ejus
1402 1722 1517 1777 ﬁeri
1546 1722 1735 1793 potuit.
1758 1721 1889 1775 Nam

308 1812 452 1882 quod
499 1822 749 1875 accurate
793 1828 897 1868 non
929 1815 1131 1883 possit,
1166 1814 1289 1868 audi
1318 1814 1444 1884 quid
1486 1815 1600 1886 ipse
1627 1813 1770 1868 dicat
1802 1832 1814 1867 ε
1846 1814 1890 1867 0

303 1904 525 1959 altitudo
554 1906 845 1959 divitiarum
873 1916 921 1961 et
958 1907 1221 1975 sapientia:
1264 1916 1311 1960 et
1340 1896 1561 1961 scientia:
1587 1905 1683 1960 Dei
1702 1907 1723 1961 .'
1740 1922 1889 1976 quam

305 1998 654 2050 inmutabilia
678 2010 796 2052 sunt
810 1998 1012 2068 judicia
1035 2001 1165 2069 ejus,
1196 2008 1242 2054 et
1262 1998 1629 2067 investigabiles
1649 2000 1742 2052 vite
1779 2000 1888 2068 ejus

306 2088 325 2138 l
356 2089 510 2141 Rom.
546 2090 634 2143 11.
681 2089 817 2159 35)!
861 2100 1229 2146 verumtamen
1270 2090 1505 2146 ostendit
1560 2091 1731 2159 quoad
1773 2091 1888 2160 ejus

306 2178 417 2232 ﬁeri
466 2187 665 2247 potest.
710 2180 847 2248 Quid
903 2196 1030 2251 ergo
1066 2180 1216 2243 dicit,
1262 2180 1330 2234 In
1374 2198 1472 2251 quo
1526 2192 1573 2235 et
1618 2198 1708 2235 nos
1756 2192 1887 2235 sorte

300 2274 463 2327 vocati
512 2290 688 2328 sumus
740 2275 1124 2343 prwdestinati?
1155 2274 1295 2329 Dixit
1321 2274 1566 2343 superius
1599 2291 1610 2326 :
1644 2273 1755 2329 Nos
1780 2273 1884 2328 ele-

301 2368 422 2437 git:
454 2368 543 2421 hic
595 2366 753 2432 dicit,
809 2366 962 2423 Sorte
1018 2368 1179 2422 vocati
1236 2385 1427 2422 sumus.
1480 2366 1583 2422 Sed
1632 2368 1882 2437 quoniam

299 2472 420 2511 sors
444 2470 529 2512 est
549 2472 731 2522 casus,
757 2474 860 2513 non
892 2458 1044 2513 liberi
1075 2459 1279 2513 arbitrii
1303 2473 1402 2513 nec
1423 2458 1667 2523 virtutis;
1699 2458 1883 2512 adhae-

300 2559 382 2603 ret
424 2551 569 2607 enim
626 2552 945 2621 ignoratioui
996 2559 1052 2606 et
1099 2551 1321 2606 fortuito
1348 2552 1526 2615 casui,
1556 2560 1611 2607 et
1652 2567 1795 2621 saepe
1819 2552 1883 2607 iis

298 2645 516 2698 omissis
536 2646 625 2713 qui
657 2654 784 2698 sunt
806 2645 1002 2699 virtute
1033 2645 1238 2714 praediti
1260 2687 1274 2705 ,
1302 2660 1397 2699 eos
1428 2646 1477 2698 in
1502 2645 1730 2699 medium
1763 2660 1884 2712 pro-

301 2739 445 2791 ducit
475 2739 567 2805 qui
619 2738 819 2807 indigni
848 2750 969 2792 sunt
1009 2754 1238 2808 quorum
1270 2739 1377 2793 ulla
1425 2738 1682 2792 habeatur
1710 2737 1877 2803 ratio;

302 2829 421 2883 vide
443 2830 716 2898 quomodo
738 2831 787 2883 id
808 2831 1057 2900 corrigat.
1088 2829 1458 2895 Praedestiuati,
1486 2829 1673 2898 inquit,
1703 2846 1883 2884 secun-

299 2921 418 2973 dum
438 2924 755 2991 propositum
775 2924 884 2991 ejus
909 2924 993 2991 qui
1014 2933 1252 2988 operatur
1272 2923 1460 2977 omnia.
1492 2921 1602 2976 Hoc
1623 2932 1740 2987 est,
1774 2937 1878 2977 non

298 3012 515 3067 fortuito
538 3024 595 3069 et
622 3025 767 3070 sorte
793 3017 960 3069 vocati
1004 3015 1084 3069 vel
1114 3015 1267 3069 electi
1308 3030 1525 3080 sumus;
1560 3016 1700 3069 Deus
1736 3016 1879 3071 enim

296 3112 377 3157 est
419 3103 510 3173 qui
554 3105 745 3174 elegit;
772 3120 947 3174 neque
991 3104 1209 3161 fortuito
1241 3106 1306 3160 ad
1336 3107 1470 3161 hanc
1505 3115 1703 3160 sortem
1729 3107 1880 3161 veni-

295 3212 451 3261 mus;
489 3198 635 3252 Deus
680 3198 820 3252 enim
845 3208 929 3253 est
952 3199 1040 3267 qui
1070 3198 1136 3253 ad
1162 3209 1360 3255 sortem
1402 3200 1646 3266 vocavit;
1670 3199 1761 3255 sed
1787 3214 1878 3255 se-

293 3287 528 3341 cundum
556 3290 910 3357 propositum.
939 3289 1050 3343 lloc
1086 3290 1243 3343 etiam
1291 3290 1343 3342 in
1372 3289 1607 3359 Epistula
1658 3290 1722 3345 ad
1768 3291 1878 3345 Ro-

297 3393 485 3431 manos
511 3379 756 3433 scribens
779 3377 909 3432 dicit
939 3397 950 3431 :
987 3380 1087 3443 Qui
1132 3380 1410 3433 secundum
1439 3382 1750 3450 propositum
1793 3396 1879 3434 uo-

290 3469 391 3521 cati
426 3478 545 3523 sunt
574 3469 756 3523 sancti.
791 3467 929 3534 Quos
955 3472 1145 3523 vocavit
1166 3512 1179 3532 ,
1219 3486 1302 3524 eos
1329 3481 1375 3524 et
1397 3472 1728 3541 justiﬁcavit;
1754 3489 1879 3541 quos

289 3571 458 3614 autem
469 3560 803 3630 justiﬁcavit,
833 3577 917 3616 eos
933 3572 979 3614 et
1002 3562 1303 3632 gloriﬁcavit
1334 3562 1518 3636 (Rom.
1542 3563 1594 3619 8.
1627 3563 1719 3619 28.
1747 3562 1874 3633 50).

291 3652 428 3706 Cum
470 3652 618 3721 prius
660 3651 917 3717 dixisset,
972 3651 1049 3705 lis
1097 3654 1183 3723 qui
1232 3655 1507 3709 secundum
1564 3655 1877 3726 propositum

293 3744 457 3797 vocati
482 3752 617 3809 sunt,
660 3744 818 3798 simul
851 3744 1015 3802 etiam
1058 3747 1245 3802 volens
1270 3746 1555 3803 ostendere
1585 3756 1776 3817 quanta
1808 3747 1877 3802 sit

292 3851 485 3889 eorum
514 3840 856 3907 praestantia,
916 3838 1352 3894 siconl’erantur
1400 3854 1522 3893 cum
1560 3839 1699 3905 aliis,
1743 3839 1877 3893 dixit

288 3927 451 3981 etiam
479 3938 717 3993 sortem;
744 3931 811 3983 ita
861 3940 917 3983 ut
943 3929 1171 3984 liberum
1201 3944 1305 3983 non
1339 3930 1549 3983 tolleret
1572 3928 1871 3983 arbitrium.

289 4019 446 4084 Quod
478 4018 639 4089 igitur
655 4021 824 4089 magis
844 4019 909 4073 ad
945 4018 1323 4074 beatitudinem
1352 4019 1599 4089 pertinet,
1646 4018 1747 4073 hoc
1776 4034 1873 4088 po-

294 4112 395 4163 nit.
424 4109 558 4164 Sors
590 4111 733 4164 enim
778 4126 885 4165 non
913 4120 994 4165 est
1030 4110 1263 4176 virtutis,
1293 4110 1410 4177 sed,
1458 4120 1515 4164 ut
1562 4112 1630 4164 ita
1670 4111 1868 4179 dicam,

290 4215 473 4255 casus.
505 4202 584 4255 Ac
612 4201 656 4255 si
679 4201 798 4269 quis
826 4201 1051 4266 diceret,
1080 4201 1237 4256 Sorte
1266 4201 1401 4256 facta
1432 4217 1530 4257 nos
1558 4203 1733 4274 elegit.
1767 4205 1873 4259 To—

295 4304 406 4346 tum
432 4300 617 4348 autem
643 4295 722 4348 sic
748 4293 1010 4363 intelligas
1029 4334 1044 4357 ,
1074 4294 1141 4346 ab
1167 4293 1333 4348 animi
1366 4295 1602 4349 instituto
1629 4307 1683 4350 et
1705 4297 1873 4351 libero

291 4384 519 4438 arbitrio
560 4384 992 4452 praedestinatos,
1020 4384 1122 4439 hoc
1146 4393 1229 4439 est
1248 4425 1263 4449 ,
1290 4384 1391 4439 sibi
1417 4385 1616 4440 electos
1640 4386 1873 4442 destina-

292 4479 368 4529 vit
411 4490 480 4529 ac
514 4476 726 4543 posuit:
761 4484 964 4544 utputa,
1019 4475 1149 4529 vidit
1175 4490 1274 4529 nos
1300 4475 1605 4544 priusquam
1633 4491 1873 4532 essemus

290 4579 437 4623 sorte
462 4567 637 4621 vocati
668 4586 680 4619 :
713 4577 795 4621 est
828 4568 973 4622 enim
1020 4566 1329 4622 admiranda
1379 4566 1472 4622 Dei
1505 4569 1831 4637 praescientia
1853 4610 1868 4634 ,

290 4677 411 4731 quae
435 4662 617 4715 omnia
639 4662 786 4715 novit
809 4662 1111 4731 priusquam
1136 4676 1199 4716 ea
1222 4661 1430 4718 tierent.
1456 4661 1536 4717 Tu
1555 4674 1731 4717 autem
1756 4663 1872 4719 vide

289 4752 565 4823 quomodo
594 4752 788 4818 ubique
817 4754 967 4821 ponit
1010 4751 1244 4807 studium
1268 4794 1284 4820 ,
1339 4762 1394 4807 ut
1419 4754 1702 4818 ostendat,
1730 4755 1869 4824 quod

292 4861 396 4897 non
418 4860 484 4898 ex
518 4843 850 4911 paenitentia,
883 4842 977 4898 sed
998 4858 1067 4898 ex
1090 4843 1157 4897 ab
1182 4846 1291 4899 alto
1314 4846 1477 4914 petito
1500 4845 1758 4916 principio
1789 4862 1874 4901 res

289 4951 478 4989 (tlltllcs
504 4935 575 4988 ita
596 4934 706 4989 sint
730 4933 1041 5000 eﬂ'ormatae,
1068 4945 1124 4990 ut
1144 4936 1196 4991 in
1219 4935 1320 4991 hoc
1341 4938 1468 4991 nihil
1490 4940 1656 4993 simus
1677 4938 1873 4993 iudicis

289 5030 561 5093 minores,
594 5035 649 5081 et
678 5026 799 5082 ideo
825 5042 923 5096 pro
947 5028 1049 5082 hoc
1069 5027 1195 5084 facit
1219 5030 1417 5086 omnia.
1444 5030 1720 5098 Quomodo
1744 5045 1873 5101 ergo

284 5119 416 5173 dicit
434 5118 555 5187 ipse
579 5118 825 5173 Christus
845 5159 860 5185 ,
889 5134 949 5175 se
976 5135 1083 5174 non
1110 5135 1230 5176 esse
1260 5122 1505 5184 missum,
1530 5122 1647 5177 Nisi
1672 5127 1739 5176 ad
1760 5139 1872 5178 oves

284 5225 398 5279 qua
426 5210 684 5281 perierant
708 5210 885 5264 domus
908 5208 1071 5265 Israel
1092 5210 1305 5281 (Matth.
1338 5214 1425 5267 15.
1453 5213 1586 5282 24)?
1614 5223 1669 5269 et
1688 5230 1871 5269 rursus

285 5302 501 5358 dicebat
527 5302 836 5373 discipulis,
864 5302 932 5358 In
965 5305 1099 5358 viam
1126 5306 1350 5375 gentium
1376 5322 1438 5359 ne
1462 5306 1708 5371 abieritis,
1740 5317 1787 5361 et
1812 5309 1870 5362 in

280 5395 535 5448 civitatem
565 5393 1008 5449 Samaritanorum
1052 5413 1114 5450 ne
1159 5397 1352 5451 intretis
1382 5398 1402 5463 (
1427 5396 1616 5453 Matth.
1645 5399 1733 5453 10.
1759 5400 1871 5470 5)?

281 5496 336 5536 et
367 5486 483 5553 ipse
510 5500 728 5555 quoque
757 5485 950 5541 Paulus
972 5487 1200 5551 dicebat,
1238 5486 1385 5542 Vobis
1412 5499 1520 5542 erat
1541 5505 1735 5543 necesse
1764 5490 1871 5559 pri-

278 5594 418 5629 mum
444 5578 586 5647 loqui
610 5577 812 5632 uerbum
840 5578 934 5631 Dei
962 5594 981 5631 :
1009 5580 1248 5648 quoniam
1277 5590 1441 5633 autem
1471 5582 1635 5647 ipsum
1671 5581 1871 5649 repelli—

276 5670 343 5721 tis
365 5709 383 5734 ,
406 5680 453 5721 et
474 5685 561 5722 uos
584 5686 687 5723 non
711 5669 958 5739 judicatis
1001 5671 1180 5741 dignos
1222 5672 1321 5723 vita
1360 5680 1550 5725 wterna
1566 5712 1585 5739 ,
1613 5687 1725 5725 ecce
1745 5689 1868 5726 con-

274 5763 521 5815 vertimur
559 5763 630 5815 ad
672 5773 845 5833 gentes
890 5763 1039 5828 (Act.
1072 5764 1155 5818 15.
1203 5762 1345 5832 46)ἳ
1388 5762 1688 5834 Propterea
1725 5765 1867 5819 enim

276 5852 394 5907 haec
419 5853 692 5919 dicuntur,
720 5869 788 5909 ne
827 5855 948 5923 quis
976 5854 1244 5909 existimet
1271 5854 1383 5910 lucc
1410 5840 1573 5911 fuiSse
1607 5866 1807 5911 remota
1838 5874 1868 5911 a

278 5958 377 5997 suo
411 5945 675 5999 instituto.
709 5945 999 6000 Secundum
1032 5947 1381 6015 propositum,
1413 5948 1599 6017 inquit,
1634 5950 1743 6016 ejus
1782 5951 1866 6019 qui

2006 817 2245 877 operatur
2291 812 2463 864 omnia
2493 815 2771 868 secundum
2818 821 3083 875 consilium
3130 824 3403 882 voluntatis
3455 845 3584 887 sure.

2006 897 2119 953 Hoc
2141 908 2244 966 est,
2267 900 2404 990 nihil
2436 916 2617 971 postea
2646 920 2897 978 operatus
2918 923 3016 979 est,
3050 917 3246 986 quippe
3272 921 3361 990 qui
3403 925 3582 981 omnia

2004 1003 2213 1043 sursum
2244 989 2587 1062 disposuerit.
2619 996 2691 1050 lta
2726 1000 2837 1068 ipse
2861 1002 3017 1058 linem
3042 1006 3263 1075 imponit
3288 1013 3583 1070 secundum

2004 1083 2284 1138 consilium
2316 1085 2600 1142 voluntatis
2627 1105 2756 1144 sum.
2800 1093 3157 1159 Quamobrem
3198 1117 3302 1156 non
3327 1108 3580 1174 quoniam

2002 1186 2106 1226 non
2133 1175 2477 1231 attendebant
2527 1179 2717 1245 Judaei,
2764 1194 3044 1252 propterea
3093 1194 3305 1247 vocavit
3353 1206 3581 1266 gentes,

2001 1281 2173 1335 neque
2199 1278 2452 1336 coactus,
2494 1288 2667 1342 neque
2709 1290 2771 1329 ex
2823 1278 2923 1333 illis
2949 1280 3228 1350 impulsus.
3272 1285 3340 1341 Ut
3391 1291 3585 1357 simus,

2001 1356 2190 1427 inquit,
2214 1376 2306 1413 nos
2327 1366 2379 1414 in
2421 1363 2624 1417 laudem
2652 1367 2827 1435 gloria:
2857 1373 2968 1439 ejus
2989 1413 3004 1436 ,
3034 1389 3124 1427 nos
3148 1376 3235 1445 qui
3260 1388 3375 1433 ante
3401 1356 3579 1449 sperae

1998 1450 2161 1504 vimus
2187 1451 2239 1505 in
2262 1451 2461 1507 Christo
2494 1457 2586 1520 ;in
2623 1474 2721 1527 quo
2750 1470 2795 1513 et
2823 1476 2909 1514 vos
2938 1480 3051 1516 cum
3080 1468 3347 1524 audissetis
3377 1473 3579 1529 verbum

1997 1543 2253 1608 veritatis,
2308 1547 2622 1618 evangelium
2669 1552 2849 1607 salutis
2901 1565 3079 1611 vestrae
3109 1574 3129 1612 :
3180 1564 3278 1617 hoc
3323 1572 3439 1629 est,
3486 1576 3607 1636 per

1994 1648 2175 1702 quem.
2215 1634 2343 1690 Vide
2370 1637 2639 1713 Christum
2664 1643 2861 1712 ubique
2882 1660 2999 1700 esse
3023 1660 3292 1707 auctorem
3315 1634 3575 1717 omnium.

1992 1734 2048 1779 et
2076 1740 2334 1797 nusquam
2366 1744 2486 1785 esse
2514 1747 2706 1788 nomen
2730 1735 3064 1805 administri,
3107 1757 3279 1813 neque
3322 1746 3572 1804 ministri.

1994 1816 2142 1872 Sicut
2168 1821 2327 1876 etiam
2357 1821 2485 1879 dicit
2510 1825 2632 1880 alibi
2656 1829 2894 1885 scribens
2911 1831 2974 1885 ad
3000 1832 3252 1889 Hebraeos
3284 1856 3297 1893 :
3331 1840 3430 1906 Qui
3454 1840 3572 1896 olim

1994 1910 2227 1981 loquutus
2256 1916 2483 1984 patribus
2507 1920 2691 1974 nostris
2725 1922 2776 1975 in
2816 1925 3073 1993 praphetis
3092 1970 3107 1992 ,
3140 1930 3421 1988 novissimis
3451 1945 3572 1989 tem-

1992 2002 2196 2071 poribus
2219 2005 2452 2075 loquutus
2471 2019 2540 2063 est
2566 2012 2704 2065 nobis
2730 2013 2781 2065 in
2815 2013 2952 2069 Filio
2980 2016 3166 2084 (Ilebr.
3194 2021 3313 2076 1.1.
3344 2022 3400 2093 2)
3425 2043 3439 2092 ;
3474 2027 3574 2082 hoc

1992 2100 2095 2155 est,
2129 2109 2226 2163 per
2270 2095 2482 2152 Filium.
2532 2098 2749 2154 Verbum
2777 2103 2905 2159 dicit
2932 2107 3175 2175 veritatis,
3208 2125 3313 2165 non
3343 2115 3571 2185 amplius

1992 2186 2216 2240 verbum
2254 2186 2457 2257 ﬁgurte,
2500 2206 2601 2246 nec
2635 2193 2896 2263 imaginis.

2061 2277 2394 2350 Evangelium
2434 2284 2611 2337 salutis
2652 2301 2742 2338 cur
2792 2289 2865 2341 ita
2918 2289 3214 2345 dictum.—-
3239 2292 3570 2367 Evangelium

1987 2369 2167 2423 salutis
2189 2382 2393 2427 nostrte.
2427 2374 2494 2427 Et
2518 2385 2663 2430 recte
2686 2377 2855 2445 ipsum
2880 2392 3033 2436 vocat
3053 2388 3381 2455 evangelium
3421 2390 3568 2443 salu-

1988 2460 2090 2529 tis,
2124 2463 2314 2530 partim
2350 2466 2563 2533 quidem
2584 2467 2649 2520 ad
2680 2468 2874 2538 legem,
2907 2474 3098 2541 partim
3127 2486 3303 2532 autem
3332 2478 3397 2533 ad
3422 2480 3568 2534 futu-

1987 2566 2099 2604 ram
2127 2553 2454 2621 punitionem
2470 2556 2868 2625 signiﬁcandam
2888 2563 3212 2622 subobscure
3234 2567 3568 2638 loquens.Ni-

1987 2640 2059 2695 hil
2109 2653 2192 2698 est
2245 2646 2384 2700 enim
2436 2647 2577 2702 aliud
2638 2651 2975 2719 praedicatio,
3022 2672 3184 2726 quam
3233 2663 3563 2731 evangelium

1987 2734 2172 2789 salutis
2196 2776 2211 2799 ,
2238 2736 2377 2807 quod
2403 2754 2506 2792 non
2538 2742 2766 2808 amplius
2796 2744 2972 2812 perdit
2997 2762 3090 2801 eos
3114 2750 3200 2816 qui
3248 2751 3392 2821 «ligni
3441 2764 3565 2810 sunt

1984 2828 2072 2896 qui
2092 2839 2347 2897 pereant.
2371 2829 2439 2883 In
2483 2833 2618 2901 quod
2656 2844 2703 2887 et
2733 2837 2985 2892 credentes
3012 2841 3197 2911 signati
3223 2846 3336 2898 estis
3364 2844 3565 2914 Spiritu

1984 2919 2333 2987 promissionis
2385 2933 2591 2988 sancto,
2643 2927 2727 2992 qui
2774 2938 2845 2981 est
2899 2930 3080 2999 pignus
3130 2933 3419 2990 hereditatis
3466 2955 3562 2991 no—

1983 3021 2120 3066 strte.
2178 3012 2381 3068 Rursus
2426 3031 2673 3086 magnum
2732 3029 2815 3073 est
2860 3020 3115 3079 indicium
3169 3040 3311 3081 cura:
3336 3038 3391 3083 et
3441 3046 3564 3100 pro-

1983 3104 2267 3174 videntiae,
2310 3108 2453 3177 quod
2495 3110 2602 3165 sint
2659 3112 2882 3181 signati,
2925 3129 3030 3170 non
3082 3120 3348 3186 separati;
3402 3130 3563 3191 atque

1983 3197 2126 3266 quod
2157 3208 2262 3252 non’
2285 3200 2455 3255 solum
2484 3202 2593 3256 sint
2618 3213 2763 3259 sorte
2792 3206 2996 3273 vocati,
3029 3208 3122 3263 sed
3164 3213 3321 3264 etiam
3347 3212 3558 3281 signati.

1983 3288 2437 3356 Quemadmodum
2467 3294 2607 3348 enim
2635 3296 2677 3349 si
2707 3296 2826 3365 quis
2851 3312 2945 3352 eos
2971 3298 3059 3368 qui
3082 3309 3229 3354 sorte
3257 3301 3563 3372 obtigerunt

1982 3381 2292 3437 manifestos
2320 3383 2539 3447 fecerit.
2569 3386 2638 3439 ita
2684 3387 2843 3441 etiam
2895 3388 3035 3443 Deus
3074 3404 3168 3444 eos
3206 3392 3468 3461 separavit
3497 3408 3560 3448 ac

1982 3476 2211 3530 secrevit
2239 3474 2304 3528 ad
2331 3476 2654 3532 credendum
2689 3495 2703 3532 :
2731 3479 2966 3549 signavit
2998 3480 3065 3535 ad
3100 3481 3201 3538 hoc
3239 3495 3297 3537 ut
3327 3484 3433 3539 sint
3460 3483 3559 3540 he-

1982 3564 2138 3620 redes
2164 3565 2482 3622 futurorum.

2052 3658 2108 3712 2.
2146 3659 2301 3714 Vides
2348 3661 2618 3731 quomodo
2657 3662 2980 3735 procedente
3024 3675 3265 3736 tempore
3312 3684 3406 3724 eos
3436 3669 3560 3735 facit

1980 3751 2340 3807 admirabiles.
2374 3752 2505 3808 Nam
2532 3755 2783 3824 quamdiu
2826 3756 3042 3813 fuerunt
3089 3760 3142 3813 in
3198 3761 3554 3830 praescientia,

1982 3844 2110 3898 nulli
2172 3844 2385 3900 fuerunt
2443 3847 3053 3921 manifestizpostquam
3108 3862 3287 3908 autem
3346 3854 3562 3917 fuerunt

1981 3937 2190 4006 signati,
2227 3938 2436 3992 fuerunt
2473 3939 2758 4005 manifesti,
2788 3941 2882 3997 sed
2915 3958 3017 3998 non
3065 3944 3201 4001 sicut
3246 3962 3342 4004 vos
3366 3970 3378 4005 :
3405 3960 3562 4007 erunt

1980 4031 2122 4084 enim
2157 4030 2420 4087 manifesti
2452 4044 2645 4103 praeter
2670 4050 2887 4101 paucos.
2922 4036 3125 4110 Signati
3154 4041 3368 4098 fuerunt
3396 4045 3557 4100 etiam

1982 4121 2255 4192 lsraelitte,
2293 4123 2385 4180 sed
2416 4123 2844 4191 circumcisione,
2876 4130 3013 4185 sicut
3052 4147 3246 4201 pecora
3276 4144 3330 4189 et
3361 4135 3511 4189 bruta
3540 4154 3554 4189 :

1978 4232 2079 4270 nos
2121 4233 2333 4288 quoque
2377 4234 2560 4273 sumus
2604 4221 2816 4291 signati,
2865 4222 2958 4277 sed
3008 4224 3141 4281 sicut
3175 4224 3287 4289 lilii,
3334 4226 3554 4295 Spiritu.

1980 4306 2117 4372 Quid
2147 4316 2247 4370 est,
2282 4307 2483 4378 Spiritu
2512 4312 2898 4380 promissionis?
2936 4314 3039 4366 Aut
3064 4315 3295 4396 quodoex
3325 4318 3556 4385 promis-

1981 4399 2132 4453 sione
2159 4398 2331 4467 ipsum
2360 4402 2744 4470 acceperimus.
2778 4403 2905 4458 Dure
2933 4405 3075 4460 enim
3105 4418 3230 4460 sunt
3256 4409 3559 4476 promissio-

1980 4502 2096 4551 nes,
2145 4504 2248 4543 una
2288 4490 2503 4559 quidem
2552 4507 2649 4562 per
2691 4493 3002 4563 prephetas,
3047 4497 3212 4552 altera
3252 4509 3428 4554 autem
3462 4516 3558 4571 per

1980 4577 2168 4632 Filium
2195 4597 2208 4633 :
2233 4594 2329 4648 per
2347 4582 2661 4651 prophetas;
2679 4585 2800 4639 audi
2831 4584 3034 4641 Joelem
3056 4588 3343 4657 dicentem,
3363 4588 3554 4659 Emm-

1979 4670 2097 4723 dant
2123 4686 2184 4724 ea:
2213 4670 2410 4740 Spiritu
2439 4689 2549 4727 meo
2573 4690 2724 4742 super
2762 4692 2959 4730 onmem
2986 4694 3188 4733 carnem
3212 4721 3227 4745 ,
3257 4691 3304 4733 et
3334 4683 3557 4751 prop/te-

1983 4762 2160 4815 tabunt
2188 4763 2283 4830 ﬁlii
2320 4765 2467 4817 vestri
2495 4773 2543 4818 et
2573 4766 2696 4833 ﬁlice
2728 4776 2927 4838 vestrm,
2950 4779 2998 4822 et
3025 4769 3365 4825 adolescentes
3409 4776 3559 4829 vestri

1977 4853 2210 4906 uidebunt
2254 4854 2486 4922 uisiones,
2524 4866 2570 4910 et
2594 4858 2810 4912 seniores
2849 4860 3001 4913 uestri
3024 4864 3219 4915 somnia
3236 4865 3558 4919 somniabunt

1978 4942 2118 5011 (Joel
2165 4944 2218 5000 2.
2246 4944 2360 5015 28);
2401 4946 2522 5001 audi
2547 4956 2725 5004 autem
2751 4964 2936 5005 rursus
2960 4950 3226 5007 Christum
3266 4954 3551 5021 dicentem,

1980 5030 2045 5086 Et
2072 5034 2321 5103 accipietis
2351 5036 2581 5090 virtutem
2618 5041 3008 5109 supervenientis
3031 5044 3189 5097 sancti
3215 5043 3442 5114 Spiritus
3469 5064 3555 5100 suo

1979 5140 2068 5194 per
2094 5140 2197 5192 vos,
2224 5134 2273 5180 et
2300 5126 2437 5180 eritis
2454 5126 2577 5180 mihi
2603 5136 2748 5183 testes
2772 5129 2825 5182 in
2847 5130 3137 5186 Jerusalem
3161 5142 3207 5186 et
3234 5145 3339 5188 tota
3365 5136 3552 5190 Judtca

1978 5225 2024 5270 et
2065 5216 2301 5271 Samaria
2339 5226 2385 5272 et
2425 5235 2582 5290 usque
2624 5220 2693 5273 ad
2731 5231 3007 5275 extremum
3043 5237 3190 5277 terra:
3218 5225 3353 5294 (Act.
3392 5229 3444 5281 1.
3474 5228 3551 5297 8).

1977 5311 2136 5378 Atqui
2156 5312 2435 5380 oportebat
2456 5314 2628 5380 ipsum
2646 5321 2912 5384 tamquam
2935 5316 3099 5370 Deum
3123 5333 3242 5372 esse
3257 5319 3554 5375 creditum:

1978 5399 2072 5453 sed
2105 5399 2170 5453 de
2200 5401 2299 5454 hoc
2322 5417 2427 5455 non
2456 5403 2654 5458 acriter
2673 5405 2966 5471 contendit,
2999 5406 3091 5461 sed
3122 5408 3390 5462 examinat
3421 5420 3557 5464 tani-

1976 5506 2134 5559 quam
2152 5490 2219 5546 de
2240 5490 2476 5561 homine,
2497 5496 2633 5549 sicut
2651 5495 2703 5549 in
2729 5496 2961 5566 Epistula
2983 5497 3047 5551 ad
3072 5498 3324 5553 llebrmos
3344 5500 3550 5569 dicens,

1981 5579 2048 5635 Ut
2092 5598 2179 5651 per
2217 5582 2348 5636 duas
2376 5570 2455 5637 res
2498 5585 2795 5651 immobiles,
2836 5588 2890 5639 in
2930 5588 3108 5656 quibus
3147 5589 3454 5658 impossibile
3480 5603 3553 5648 est

1976 5672 2181 5726 mentiri
2221 5672 2404 5739 Deum,
2435 5675 2765 5743 fortissimum
2793 5676 3030 5730 solatiunt
3058 5679 3328 5736 habeamus
3353 5684 3373 5752 (
3390 5683 3549 5739 Ilebr.

1976 5763 2029 5819 6.
2056 5765 2167 5835 18).
2201 5765 2273 5821 ita
2304 5767 2461 5822 etiam
2490 5766 2577 5823 hic
2602 5783 2666 5823 ex
2692 5769 2756 5822 iis
2784 5784 2902 5838 quae
2926 5769 3049 5826 data
3079 5783 3202 5827 sunt
3224 5775 3369 5830 ducit
3392 5791 3551 5847 argu-

1975 5870 2215 5913 mentum
2258 5859 2629 5927 promissionis
2671 5857 2996 5918 futurorum.
3047 5863 3340 5934 Propterea
3383 5868 3543 5923 etiam

1974 5950 2187 6003 arrham
2238 5950 2611 6005 vocatzarrlta
2660 5952 2803 6007 enim
2853 5962 2936 6009 est
2976 5970 3100 6026 pars
3145 5957 3327 6013 totius.
3380 5955 3550 6025 Emit,
