4030 6526
484 465 553 522 19
1205 453 1261 507 S.
1301 445 1578 506 JOANNIS
1612 434 2082 500 CHRYSOSTOMI
2125 431 2440 488 ARlllllEP.
2479 426 3008 486 COSSTANTINOP.
3683 413 3752 465 â€˜20

481 585 624 656 quod
664 584 730 638 ad
774 597 871 637 nos
916 578 1127 650 quidem
1172 570 1384 634 attinet,
1431 577 1667 623 nostram
1709 560 1957 618 salutem.
2003 563 2061 608 et

483 675 697 732 interim
744 671 902 728 nobis
933 645 1095 722 'dedit
1132 662 1369 717 arrham.
1418 659 1530 713 Cur
1558 669 1686 723 ergo
1728 666 1834 706 non
1880 645 2060 702 statim

483 778 653 824 totum
700 764 880 819 dedit?
919 760 1180 828 Quoniam
1230 767 1404 822 neque
1449 765 1548 806 nos
1599 757 1769 800 totum
1816 740 2057 797 fecimus.

485 859 816 915 Credidimus
841 872 853 906 :
878 853 979 907 hoc
1018 859 1102 906 est
1129 845 1480 919 principium;
1518 837 1666 895 dedit
1693 835 1809 905 ipse
1846 844 2061 903 quoque

483 953 711 1008 arrham.
742 947 964 1022 Quando
993 944 1148 998 fidem
1175 957 1267 1011 per
1294 951 1453 1008 opera
1487 930 1904 991 ostenderimus,
1935 936 2061 979 tunc

481 1043 627 1097 addit
669 1018 858 1094 totum.
893 1037 1003 1090 lmo
1044 1049 1172 1089 vero
1214 1029 1358 1084 aliud
1385 1039 1598 1098 quoque
1632 1020 1780 1075 dedit
1807 1018 2060 1087 pretium,

479 1133 759 1202 proprium
801 1126 1136 1196 sanguinem,
1165 1134 1219 1177 et
1260 1133 1443 1174 rursus
1483 1113 1625 1169 aliud
1655 1119 1737 1166 est
1767 1106 2056 1180 pollicitus.

479 1225 706 1281 Perinde
736 1239 798 1279 ac
827 1224 872 1278 si
898 1219 1147 1292 gentibus
1170 1216 1364 1270 bellum
1393 1218 1536 1265 esset
1562 1207 1818 1260 adversus
1846 1209 2055 1271 gentes,

477 1320 609 1373 dant
651 1315 869 1371 obsides
895 1291 1004 1368 :rita
1056 1309 1202 1366 Dt'us
1238 1305 1384 1359 dedit
1432 1300 1621 1355 Filium
1669 1310 1825 1350 suum
1870 1291 2058 1361 pignus

478 1412 626 1483 pacis
665 1419 720 1465 et
759 1407 1043 1467 foederum,
1073 1409 1128 1456 et
1169 1395 1426 1467 Spiritum
1472 1397 1714 1447 sanctum
1757 1384 1844 1456 qui
1885 1391 1966 1436 est
1991 1395 2059 1435 ex

480 1509 634 1575 ipso:
661 1518 782 1558 nam
810 1499 898 1570 qui
939 1511 1068 1551 vere
1095 1503 1218 1547 sunt
1257 1489 1486 1558 Spiritus
1532 1481 1840 1554 participes,
1884 1475 2060 1529 sciunt

477 1615 600 1654 eum
625 1611 745 1652 esse
789 1591 1000 1647 arrham
1033 1580 1364 1642 hereditatis.
1393 1578 1534 1632 Talis
1564 1583 1679 1629 erat
1724 1571 1938 1631 Paulus,
1967 1565 2058 1636 qui

479 1691 570 1745 hic
615 1693 852 1759 gustarat
895 1697 954 1736 ea
988 1694 1105 1749 quae
1147 1675 1254 1730 illic
1299 1677 1539 1727 suntzet
1581 1666 1700 1720 ideo
1743 1660 1967 1732 urgebat
2005 1666 2060 1711 et

479 1753 804 1852 parturiebat
831 1785 892 1829 ut
919 1789 1036 1840 qua:
1063 1769 1146 1822 hic
1174 1773 1300 1821 sunt
1335 1763 1649 1819 dimitteret.
1678 1765 1732 1811 et
1771 1753 2015 1825 gemebat
2042 1767 2055 1802 :

479 1873 598 1927 aliis
641 1870 783 1925 enim
830 1864 1044 1919 videbat
1087 1859 1278 1923 oculis,
1324 1865 1384 1910 ut
1426 1854 1515 1923 qui
1562 1858 1794 1906 mentem
1845 1858 2058 1900 omnem

479 1967 603 2020 illuc
629 1959 1004 2017 transtulisset.
1029 1955 1225 2008 Rerum
1245 1963 1424 2005 nones
1445 1943 1711 2015 particeps
1735 1959 1749 1994 :
1778 1949 2057 2008 propterea

479 2059 640 2112 etiam
689 2069 721 2106 a
768 2050 944 2105 verbis
973 2045 1194 2102 excidis.
1245 2042 1301 2098 Si
1327 2041 1570 2095 essemus
1599 2045 1786 2088 omnes
1832 2028 2061 2102 Spiritus

479 2147 791 2219 participes,
835 2153 893 2196 ut
919 2139 1206 2210 participes
1233 2147 1353 2187 esse
1383 2133 1679 2199 oporteret,
1708 2133 1761 2178 et
1785 2121 1947 2176 melos
1972 2119 2057 2171 vi-

479 2213 728 2296 deremus
755 2245 807 2291 et
834 2235 954 2303 quis
982 2232 1087 2284 illic
1113 2229 1184 2282 sit
1209 2234 1401 2280 status.
1432 2219 1726 2289 Cuiusnam
1758 2213 1835 2267 rei
1866 2220 1949 2267 est
1976 2225 2062 2263 ar-

480 2331 614 2386 rha?
636 2301 1061 2394 Redemptionis,
1093 2313 1456 2388 acquisitionis
1484 2329 1496 2363 :
1522 2324 1653 2380 pura
1681 2305 1822 2361 enim
1853 2312 1978 2356 tunc
2007 2301 2064 2354 lit

479 2422 798 2489 redemptio.
821 2416 950 2472 Nam
980 2426 1122 2466 nunc
1143 2408 1357 2479 quidem
1381 2414 1435 2459 et
1461 2403 1514 2457 in
1541 2397 1737 2454 mundo
1760 2408 2066 2462 versamur,

480 2528 533 2571 et
559 2515 726 2569 multa
757 2510 988 2564 humana
1021 2503 1173 2558 nobis
1198 2497 1470 2561 accidunt,
1503 2502 1559 2547 et
1586 2501 1770 2545 smnus
1802 2501 1923 2539 cum
1957 2485 2056 2536 im-

484 2607 779 2677 piiszpura
834 2606 1012 2651 autem
1063 2603 1189 2647 tunc
1236 2598 1321 2643 est
1345 2581 1666 2652 redemptio,
1695 2574 1909 2648 quando
1960 2584 2062 2627 nec

479 2675 604 2753 sunt
647 2699 883 2763 peccata,
927 2701 1026 2741 nec
1066 2685 1313 2737 humana:
1347 2675 1678 2734 affectiones,
1726 2681 1900 2737 neque
1929 2677 2059 2735 pro-

483 2790 682 2844 miscue
713 2798 897 2840 smnus
917 2794 1039 2834 cum
1072 2773 1341 2830 omnibus.
1392 2769 1542 2823 Nunc
1562 2774 1738 2818 autem
1768 2770 1850 2816 est
1878 2757 2057 2814 arrha.

483 2884 610 2937 Nam
642 2891 696 2934 et
721 2890 861 2932 nunc
887 2873 954 2927 ab
981 2870 1108 2939 ipsis
1133 2867 1407 2927 absumus,
1434 2868 1490 2916 et
1516 2853 1851 2912 conversatio
1880 2850 2062 2905 nostra

484 2992 589 3029 non
616 2982 698 3028 est
712 2983 872 3040 super
889 2975 1108 3026 terram,
1132 2969 1186 3013 et
1203 2970 1342 3011 nunc
1359 2966 1542 3008 sumus
1557 2957 1707 3003 extra
1731 2942 2017 3014 praesentia
2041 2957 2056 2993 :

482 3082 607 3122 nam
641 3077 780 3117 nunc
806 3070 1020 3129 quoque
1052 3065 1237 3106 sumus
1264 3046 1506 3100 advenae.
1548 3039 1615 3093 In
1648 3035 1851 3091 laudem
1889 3033 2065 3105 gloriw

485 3159 662 3228 ipsius.
691 3154 803 3209 Hoc
824 3123 980 3221 ponit
1004 3143 1234 3200 assidue.
1265 3138 1506 3207 Quanam
1527 3132 1594 3187 de
1612 3129 1806 3186 causa?
1833 3126 1901 3184 Ut
1923 3123 2064 3196 quod

487 3215 613 3305 satis
638 3247 708 3301 sit
732 3244 798 3298 ad
828 3215 1124 3296 iaciendam
1155 3233 1311 3287 fidem
1344 3223 1699 3281 auditoribus.
1728 3218 1860 3274 Nam
1891 3215 2064 3287 siqui-

488 3344 607 3398 dem
637 3348 820 3394 nostra
849 3347 1009 3390 causa
1047 3330 1161 3383 haec
1185 3327 1407 3386 faceret,
1441 3320 1631 3384 inquit,
1665 3330 1753 3370 res
1791 3328 1894 3367 non
1925 3320 2068 3366 esset

488 3435 600 3488 sine
622 3429 782 3484 dubio
814 3444 827 3481 :
855 3425 898 3479 si
924 3433 1099 3476 autem
1119 3424 1338 3488 pr0pter
1366 3426 1448 3476 se,
1476 3417 1531 3464 et
1557 3416 1613 3461 ut
1639 3420 1789 3460 suam
1820 3401 2068 3457 ostendat

489 3527 804 3587 bonitatem,
863 3528 1131 3586 tamquam
1181 3506 1450 3579 quoddam
1503 3497 1867 3556 testimonium
1919 3493 2070 3565 ponit

489 3631 698 3674 causam
722 3611 860 3684 quod
884 3610 998 3664 lucc
1025 3621 1129 3659 non
1157 3602 1311 3655 aliter
1333 3596 1467 3651 facta
1497 3594 1606 3649 sint
1634 3609 1646 3644 :
1670 3604 1790 3661 qua:
1816 3589 1868 3642 in
1899 3587 2068 3640 lsrae-

489 3711 596 3764 litis
622 3707 864 3762 videmus
903 3701 1212 3769 frequenter
1238 3691 1343 3747 dici
1372 3707 1385 3743 :
1422 3686 1527 3741 Fac
1553 3684 1696 3739 nobis
1727 3689 1932 3752 propter
1971 3695 2067 3731 no-

490 3816 602 3854 men
631 3808 770 3851 tuum
798 3790 969 3867 (Psal.
1001 3767 1125 3844 i08.
1147 3783 1270 3854 2!);
1300 3790 1594 3847 rursusque
1619 3774 1759 3828 Deus
1781 3772 1892 3841 ipse
1922 3767 2070 3822 dice-

491 3895 599 3957 bat,
631 3891 786 3944 Facio
805 3858 1019 3956 propter
1045 3894 1123 3933 me
1145 3875 1302 3947 (Isai.
1325 3871 1416 3928 48.
1442 3870 1563 3940 ii);
1595 3874 1650 3922 et
1683 3864 1911 3933 Moyses,
1963 3858 2069 3911 Fac

493 3988 635 4042 nobis
673 3991 878 4054 propter
910 3952 1093 4032 nomen
1137 3982 1301 4033 tuum,
1345 3961 1554 4021 etiamsi
1605 3967 1823 4029 propter
1865 3952 2067 4008 nullum

493 4048 916 4138 alterumalloc
963 4069 1108 4125 enim
1154 4062 1416 4120 certiores
1472 4052 1649 4110 reddit
1702 4048 1973 4104 auditores
2021 4054 2075 4099 et

493 4175 669 4245 erigit,
698 4179 756 4225 ut
774 4167 864 4240 qui
885 4160 1169 4222 didicerint
1196 4153 1337 4226 quod
1365 4156 1583 4220 propter
1611 4157 1762 4198 suam
1785 4140 2074 4194 bonitatem

496 4231 674 4325 omnia
701 4268 772 4320 sit
793 4231 1036 4315 facturus
1072 4268 1189 4322 qua:
1217 4242 1499 4320 promittit.
1545 4237 1650 4292 Sed
1688 4235 1813 4288 dum
1843 4231 1958 4284 hazc
1985 4243 2079 4282 au-

497 4363 693 4424 dimus,
723 4371 792 4412 ne
818 4353 986 4408 simus
1021 4345 1156 4416 pigri
1184 4350 1238 4396 et
1268 4334 1427 4392 otiosi
1453 4351 1466 4388 :
1495 4345 1618 4385 nam
1646 4325 1748 4382 etsi
1776 4331 1994 4394 propter
2019 4333 2078 4374 se

497 4453 643 4519 facit,
673 4410 766 4505 sed
794 4456 974 4500 tamen
999 4410 1161 4493 etiam
1190 4438 1371 4486 nostra
1399 4442 1429 4480 a
1457 4421 1612 4478 nobis
1639 4416 1822 4486 exigit.
1851 4412 1982 4467 Nam
2009 4410 2070 4476 si,

631 4506 726 4614 'qui
750 4556 827 4593 me
852 4533 1139 4608 glori/icant
1168 4520 1482 4597 gloriï¬cabo,
1517 4512 1710 4583 inquit,
1738 4517 1784 4561 et
1821 4506 1908 4576 qui
1933 4518 2076 4574 sper-

498 4592 624 4693 á¿–á¾·á¼‡Î¹
643 4592 1089 4705 1spei-neutrali.
1136 4592 1258 4687 Î’á½³Ï‚.
1305 4613 1360 4666 2.
1407 4608 1540 4673 '50),
1594 4601 1890 4672 cogitemus
1937 4592 2080 4664 quod

500 4687 927 4797 nostrarquoque
953 4733 982 4772 a
1020 4687 1177 4769 nobis
1215 4708 1413 4775 exigat.
1460 4700 1604 4755 Laus
1634 4705 1716 4750 est
1758 4701 1935 4745 autem
1963 4687 2080 4756 ejus

500 4823 710 4897 glorias,
751 4817 931 4874 salvos
968 4809 1148 4865 facere
1184 4801 1451 4862 inimicos,
1493 4791 1589 4848 sed
1623 4803 1741 4851 eos,
1792 4784 1884 4855 qui
1931 4789 2081 4852 post-

1336 4892 1348 4897 -
1387 4890 1399 4897 _
1643 4891 1655 4897 _
1739 4876 1886 4897 ad,
1930 4875 1972 4897 Î‘,
2016 4872 2079 4897 ,Î”

500 4872 663 4989 quam
702 4908 829 4966 facti
867 4910 994 4962 sunt
1029 4897 1208 4962 amici,
1245 4890 1402 4947 amici
1444 4891 1682 4941 manent.
1737 4876 1891 4946 Quod
1929 4875 1973 4929 si
2014 4872 2083 4928 ad

1224 4987 1232 4989 â€œ
1267 4985 1278 4989 â´
1645 4980 1683 4989 Î½Î‡
1726 4969 1917 4989 Ï----Î¹-.
1950 4963 2081 4989 Î©....Î¹

502 4963 712 5082 priores
749 4996 1012 5057 redierint
1036 4985 1365 5048 inimicitias,
1411 4989 1614 5035 temere
1633 4980 1690 5029 et
1726 4969 1923 5025 frustra
1950 4963 2086 5018 fiunt

501 5115 590 5155 om
597 5111 706 5151 ma.

573 5211 631 5265 5.
656 5205 772 5262 Non
797 5209 880 5257 est
899 5197 1042 5253 enim
1065 5193 1292 5246 alterum
1317 5184 1590 5239 lavacrum
1610 5216 1625 5242 ,
1653 5185 1828 5242 neque
1854 5165 2084 5223 secunda

506 5297 892 5362 reconciliatio.
919 5289 1014 5346 sed
1036 5283 1290 5343 terribilis
1319 5274 1565 5349 quzedam
1585 5263 1917 5338 exspectatio
1939 5260 2085 5331 judi-

557 5400 612 5463 i,
658 5404 716 5450 et
754 5384 1021 5447 aemulatio
1064 5378 1202 5450 ignis
1238 5370 1449 5430 exesuri
1484 5360 1843 5422 adversarios.
1884 5354 2016 5410 Nam
2042 5352 2088 5406 si

505 5505 629 5548 cum
656 5503 721 5544 eo
750 5495 964 5552 semper
1004 5481 1252 5546 gerentes
1295 5460 1634 5524 inimicitias,
1677 5453 1886 5509 veniam
1917 5449 2088 5516 impe-

507 5592 710 5640 tremus
732 5617 749 5641 ,
778 5589 886 5629 non
910 5563 1240 5625 cessabimus
1268 5557 1318 5612 ei
1346 5567 1467 5610 esse
1492 5545 1717 5613 inimici,
1745 5550 1802 5599 et
1832 5533 2091 5608 voluptati

507 5764 730 5840 iustitiae
754 5757 846 5832 qui
875 5753 1122 5811 accessit.
1151 5747 1246 5802 Vis
1274 5742 1518 5810 accipere
1552 5733 1757 5790 radium
1789 5737 1911 5782 tuos
1953 5736 2086 5792 ape-

513 5817 528 5840 Î™
539 5817 591 5821 â€™á¼¡
607 5817 618 5818 á½·
629 5817 636 5818 â€™
650 5817 659 5818 á½·
773 5817 791 5832 Î¹

513 5862 742 5920 rientem
759 5851 978 5911 oculos?
998 5847 1106 5904 Fac
1123 5858 1216 5900 eos
1236 5835 1509 5910 pulchros,
1528 5840 1710 5891 sanos,
1736 5817 2091 5893 perspicaces.

513 5887 742 5920 nunc":
759 5887 945 5911 Î½Î¹Î¹Î¹Î¹Î¹Ï…á¿
963 5887 974 5903 Î´
1000 5887 1024 5904 Î¹
1044 5887 1106 5900 ..Î½
1124 5887 1216 5900 Î½Ï…..
1239 5887 1415 5910 ,Î¼Î·Î½á½µ
1438 5887 1448 5888 Î³
1496 5887 1508 5898 ,
1697 5887 1706 5891 Î½
1739 5887 1752 5893 _
1865 5887 1873 5888 á½·

512 5949 760 6012 Ostendit
799 5944 898 6003 tibi
943 5943 1117 5999 lucem
1148 5947 1348 5992 veram:
1378 5928 1421 5985 si
1450 5939 1568 5980 eam
1612 5917 1818 5990 fugiens
1844 5910 1910 5967 ad
1939 5917 2089 5966 tene-
2126 5979 2180 5986 Î”*
2208 5894 2301 5954 sed
2335 5887 2537 5947 laboris
2578 5892 2839 5938 amorem.

2169 550 2293 604 bras
2336 547 2629 602 accurreris
2653 588 2668 610 ,
2720 559 2964 614 quasnam
3011 540 3116 596 erit
3151 537 3454 601 excusatio,
3495 546 3745 605 quanam

2166 639 2363 694 venia?
2409 636 2562 691 Nulla
2601 635 2829 704 amplius
2863 651 2876 686 :
2909 633 3010 686 hoc
3051 640 3134 686 est
3175 629 3319 684 enim
3365 629 3577 697 signum
3631 622 3747 678 odii

2167 731 2469 788 ineï¬‚â€˜abilis.
2519 727 2652 784 Nam
2697 726 2912 798 quando
2954 725 3121 779 Deum
3166 722 3382 794 quidem
3428 717 3748 783 nesciebas,

2164 826 2306 897 quod
2329 826 2375 880 ei
2414 838 2562 879 esses
2587 821 2833 876 inimicus
2853 860 2869 885 ,
2901 827 3190 885 utcumque
3231 815 3405 884 aliqua
3435 811 3532 866 tibi
3564 808 3742 864 danda

2165 927 2280 973 erat
2324 917 2476 970 venia
2514 932 2529 969 :
2563 925 2843 984 postquam
2885 919 3063 965 autem
3110 907 3492 976 benignitatem
3537 913 3593 959 et
3637 901 3749 956 mel

2164 1008 2412 1079 gustasti,
2435 1005 2482 1062 si
2511 1006 2576 1060 iis
2605 1003 2843 1066 dimissis
2869 1000 2935 1055 ad
2967 1011 3113 1054 tuum
3145 996 3431 1053 revertaris
3456 995 3742 1056 vomitum,

2165 1101 2295 1155 nihil
2325 1099 2468 1154 aliud
2498 1113 2653 1169 quam
2687 1109 2872 1165 magna
2901 1092 3108 1163 profers
3133 1091 3280 1161 signa
3309 1089 3413 1144 odii
3440 1097 3493 1144 et
3516 1097 3751 1142 contem-

2164 1205 2305 1264 ptus.
2330 1193 2467 1258 Non,
2495 1192 2682 1261 inquit.
2703 1189 2794 1244 sed
2812 1186 3180 1243 necessitatem
3203 1181 3330 1236 mihi
3349 1179 3502 1235 affert
3520 1188 3708 1233 natura
3730 1219 3744 1233 .

2163 1295 2324 1356 atque
2351 1284 2617 1340 Christum
2651 1280 2863 1351 quidem
2891 1277 3054 1348 diligo
3077 1317 3093 1342 ,
3135 1289 3298 1346 cogor
3323 1280 3500 1327 autem
3531 1287 3560 1324 a
3594 1281 3750 1324 natu,

2162 1391 2243 1430 ra.
2290 1376 2345 1431 Si
2383 1375 2756 1430 necessitatem
2801 1381 2857 1427 et
2887 1370 2994 1424 vim
3041 1366 3346 1430 sustineas,
3395 1363 3487 1418 tibi
3532 1361 3750 1417 dabitur

2162 1470 2314 1522 venia
2347 1484 2360 1520 :
2393 1467 2437 1522 si
2462 1475 2639 1521 autem
2666 1464 2735 1518 ob
2764 1460 3065 1518 socordiam
3100 1456 3248 1512 cadis
3272 1465 3326 1512 et
3347 1452 3745 1526 negligentiam,

2162 1573 2399 1614 minime.

2236 1650 2451 1705 Peccata
2494 1666 2595 1703 non
2638 1648 2768 1718 [iant
2811 1661 2875 1700 ea:
2912 1638 3444 1709 necessitate.â€”Age
3483 1651 3613 1706 ergo
3639 1634 3742 1690 hoc

2163 1742 2336 1811 ipsum
2377 1742 2782 1802 examinemus,
2821 1744 3110 1807 peccatane
3149 1733 3277 1786 fiant
3313 1745 3379 1785 ex
3422 1727 3746 1784 necessitate

2163 1843 2218 1887 et
2256 1833 2540 1897 violentia,
2586 1847 2653 1884 an
2699 1845 2763 1883 ex
2805 1827 2964 1881 multa
3012 1823 3257 1880 socordia
3302 1830 3356 1877 et
3392 1818 3740 1889 negligentia.

2165 1923 2286 1977 Non
2329 1923 2523 1978 occides
2554 1920 2572 1994 (
2598 1919 2767 1974 Exod.
2793 1918 2884 1973 20.
2915 1917 2982 1972 13
3005 1917 3023 1985 )
3044 1955 3059 1980 ,
3092 1912 3281 1984 inquit.
3325 1911 3583 1978 Quaenam
3613 1924 3742 1979 ergo

2163 2015 2489 2069 necessitas?
2551 2027 2792 2083 quaenam
2840 2009 2922 2062 vis
2971 2022 3037 2062 eo
3086 2004 3290 2075 adigit?
3344 2002 3435 2056 Vis
3485 2009 3568 2056 est
3616 2015 3745 2069 ergo

2161 2105 2427 2160 occidere.
2462 2104 2592 2172 Quis
2639 2102 2780 2156 enim
2838 2115 2932 2153 sua
2987 2105 3178 2167 sponte
3211 2094 3431 2163 elegerit
3482 2091 3743 2161 intingere

2165 2211 2345 2252 ensem
2402 2198 2453 2249 in
2510 2203 2723 2265 gutture
2778 2188 3039 2260 proximi,
3105 2194 3160 2241 et
3221 2192 3501 2240 cruentare
3552 2181 3742 2236 dexte-

2165 2288 2321 2344 tam?
2352 2286 2539 2342 Nemo.
2589 2284 2750 2338 Vides
2790 2280 2930 2351 quod
2960 2287 3181 2340 contra,
3229 2288 3449 2346 peccare
3489 2281 3575 2328 est
3626 2286 3741 2326 ma-

2161 2379 2246 2446 gis
2296 2377 2586 2432 necessitas
2623 2383 2678 2430 ct
2718 2369 3016 2426 violentia?
3056 2366 3250 2422 lndidit
3290 2365 3432 2420 enim
3461 2363 3606 2417 Deus
3652 2377 3744 2416 na-

2164 2481 2297 2526 tura:
2337 2479 2532 2522 nostra:
2555 2465 2818 2535 quoddam
2861 2461 3178 2515 amatorium
3202 2499 3218 2523 ,
3246 2465 3303 2511 ut
3340 2455 3475 2510 alter
3513 2453 3742 2508 altermn

2164 2562 2392 2618 invicem
2440 2561 2723 2630 diligamus
2767 2575 2780 2610 :
2823 2555 2986 2608 Omne
3042 2551 3221 2615 enim,
3291 2547 3499 2616 inquit,
3549 2543 3746 2597 animal

2164 2656 2333 2726 diligit
2360 2654 2526 2708 simile
2552 2651 2681 2716 sibi,
2730 2659 2777 2702 et
2817 2650 2965 2700 homo
3007 2660 3158 2698 suum
3201 2640 3488 2711 proximum
3536 2635 3742 2706 (Eccli.

2166 2751 2254 2806 l5.
2283 2746 2409 2816 19).
2439 2744 2598 2799 Vides
2632 2741 2772 2814 quod
2816 2739 2883 2794 ad
2926 2738 3173 2791 virtutem
3205 2733 3406 2788 semina
3455 2727 3746 2782 habeamus

2164 2857 2194 2895 a
2241 2838 2474 2896 natura?
2519 2837 2717 2892 Vitium
2765 2842 2942 2889 autem
2988 2840 3071 2885 est
3119 2835 3311 2898 praeter
3357 2831 3654 2878 naturam:
3702 2823 3744 2873 si

2166 2933 2290 2988 vitia
2317 2932 2483 3002 magis
2505 2929 2846 2985 dominantur
2869 2966 2884 2991 ,
2914 2925 3014 2977 hoc
3041 2929 3125 2976 est
3151 2923 3521 2989 argumentum
3550 2923 3748 2968 nostra:

2166 3026 2411 3098 segnitiei
2464 3038 2668 3094 magna;
2715 3030 2769 3076 et
2811 3017 3052 3089 ignaviae.
3099 3011 3235 3081 Quid
3285 3007 3454 3064 vero?
3498 3019 3746 3076 quasnam

2169 3120 2457 3176 necessitas
2495 3132 2593 3172 nos
2622 3114 2768 3170 ducit
2808 3111 2876 3166 ad
2918 3103 3284 3164 adulterium?
3315 3101 3470 3157 Certe
3493 3140 3508 3165 ,
3536 3098 3745 3167 inquit,

2168 3211 2412 3284 tyrannis
2435 3207 2685 3264 libidinis.
2717 3205 2926 3272 Quare,
2956 3200 3042 3255 die
3064 3239 3080 3260 .
3108 3195 3333 3268 quaeso?
3363 3206 3471 3246 non
3501 3191 3630 3245 licet
3653 3188 3746 3242 tihi

2169 3313 2256 3357 tua
2305 3302 2378 3356 uti
2429 3314 2634 3362 uxore,
2680 3306 2734 3351 et
2778 3293 3051 3348 libidinem
3099 3285 3334 3343 sedare?
3383 3281 3490 3338 Sed
3530 3280 3746 3350 capior,

2169 3397 2377 3467 inquit,
2423 3392 2649 3465 quodam
2687 3403 2870 3443 amore
2901 3382 3088 3439 uxoris
3115 3376 3366 3450 proximi.
3394 3376 3510 3431 Non
3538 3383 3624 3428 est
3649 3371 3751 3424 hoc

2170 3489 2354 3556 utique
2384 3481 2720 3540 necessitatis
2746 3498 2761 3536 :
2792 3494 2898 3533 non
2925 3485 3007 3531 est
3031 3473 3174 3529 enim
3201 3485 3353 3524 amor
3377 3465 3748 3522 necessitatis:

2172 3593 2329 3635 nemo
2349 3583 2492 3631 amat
2511 3570 2849 3633 necessitate,
2878 3565 2970 3622 sed
2993 3571 3185 3633 sponte
3204 3570 3258 3615 et
3275 3559 3441 3615 libera
3465 3553 3746 3611 electione.

2172 3676 2346 3744 Atque
2372 3669 2439 3726 ad
2463 3669 2662 3724 coitum
2690 3662 2904 3734 quidem
2931 3659 3156 3714 fortasse
3179 3651 3406 3723 impellit
3430 3646 3753 3710 necessitas;

2174 3777 2233 3822 ut
2258 3767 2395 3820 hanc
2421 3771 2600 3818 autem
2631 3766 2723 3814 aut
2751 3755 2893 3812 illam
2922 3766 3071 3807 ames
3091 3791 3107 3816 ,
3135 3763 3240 3803 non
3267 3755 3351 3801 est
3378 3742 3714 3798 necessitatis
3739 3759 3750 3792 :

2177 3875 2348 3931 neque
2374 3872 2436 3912 ea
2459 3869 2544 3911 res
2572 3861 2656 3909 est
2679 3847 3004 3906 desiderium
3030 3842 3202 3900 coitus
3222 3881 3236 3904 ,
3265 3837 3360 3893 sed
3388 3837 3558 3890 inanis
3586 3833 3754 3903 gloria

2175 3966 2230 4010 et
2272 3949 2589 4009 contumelia
2617 3989 2632 4012 ,
2677 3955 2732 3999 et
2776 3956 2896 4012 quas
2951 3937 3166 3992 modum
3213 3929 3480 3988 excedunt
3525 3926 3753 3981 delician

2176 4048 2308 4103 Nam
2337 4054 2511 4099 utrum
2540 4037 2708 4106 magis
2737 4043 2820 4089 est
2851 4027 3044 4086 rationi
3074 4032 3495 4081 consentaneum
3517 4059 3532 4083 ,
3565 4029 3745 4071 eamut

2179 4139 2377 4193 habere
2419 4148 2538 4203 quas
2582 4136 2667 4184 est
2714 4125 3018 4194 desponsa,
3067 4131 3186 4186 qure
3226 4121 3311 4168 est
3355 4108 3496 4164 socia
3529 4107 3744 4160 filiorum

2180 4222 2601 4300 procreationis,
2635 4235 2701 4272 an
2743 4231 2861 4270 eam
2892 4226 3010 4281 qua:
3037 4222 3142 4262 non
3180 4216 3263 4260 est
3299 4195 3554 4272 cognita?
3587 4199 3756 4252 nesci-

2181 4324 2250 4376 tis
2293 4317 2434 4390 quod
2484 4308 2900 4370 consuetudines
2953 4301 3164 4372 pariunt
3211 4287 3511 4350 amicitias?
3559 4289 3754 4357 Quam.

2181 4415 2368 4470 obrcm
2414 4424 2520 4464 non
2551 4415 2635 4461 est
2663 4412 2890 4458 naturae.
2937 4395 3057 4450 Noli
3096 4401 3350 4446 accusare
3376 4383 3758 4452 concupiscen-

2183 4509 2310 4564 tiam
2339 4525 2353 4561 :
2385 4504 2504 4559 data
2547 4511 2629 4556 est
2668 4504 2884 4569 propter
2928 4484 3327 4544 matrimonium
3349 4522 3363 4544 ,
3413 4476 3652 4534 exhibita
3683 4479 3760 4528 est

2185 4601 2250 4654 ad
2277 4597 2568 4653 liberorum
2587 4565 3011 4660 procreationem
3033 4619 3049 4644 ,
3075 4590 3179 4629 non
3205 4579 3421 4643 propter
3445 4565 3765 4624 adulteriqu

2187 4704 2359 4760 neque
2384 4692 2603 4757 propter
2624 4688 2889 4747 stuprum.
2920 4670 3106 4725 Sciunt
3130 4664 3291 4719 etiam
3318 4661 3462 4729 leges
3488 4659 3766 4726 ignoscere

2187 4780 2422 4855 peccatis
2448 4789 2567 4846 quae
2609 4745 2741 4825 liunit
2768 4781 2834 4821 ex
2860 4760 3181 4818 necessitate
3211 4771 3226 4808 :
3259 4753 3366 4806 imo
3406 4763 3538 4804 vero
3563 4745 3767 4800 Î¹Î¹Î¹Î¹Î™Î¹Î¹Î¹Î¹Î¹

2189 4837 2272 4932 est
2299 4837 2576 4944 peccaium
2615 4860 2756 4934 quod
2786 4859 2878 4913 fiat
2916 4871 2982 4910 ex
3013 4849 3338 4907 necessitate
3356 4883 3373 4910 ,
3403 4841 3500 4897 sed
3528 4837 3709 4896 omnia
3739 4855 3771 4890 ÎµÎ¹

2189 4938 2536 5026 Ï‚Î¿Î·á½·Î¹Î¹Î¹Î·Î¸Î¹á½¶Ï‚Î¹.
2586 4957 2702 5013 Non
2732 4953 2873 5008 enim
2902 4949 3042 5003 Deus
3070 4945 3149 4998 sic
3177 4939 3466 4995 fabricatus
3507 4941 3591 4987 est
3616 4938 3772 4984 natu-

2192 5080 2306 5122 ram
2327 5103 2343 5127 ,
2367 5070 2425 5115 ut
2444 5067 2665 5113 necesse
2693 5048 2885 5103 habeat
2911 5053 3135 5113 peccare
3164 5052 3178 5089 :
3207 5029 3403 5101 alioqui
3429 5027 3474 5082 si
3500 5027 3572 5081 ita
3605 5032 3774 5082 esset.

2193 5173 2301 5213 non
2331 5159 2477 5208 esset
2511 5159 2690 5220 poena.
2745 5141 2818 5194 De
2846 5138 2914 5192 iis
2943 5133 3085 5190 enim
3114 5141 3233 5198 qua:
3264 5124 3312 5177 vi
3344 5122 3478 5176 fiunt
3501 5126 3556 5172 et
3580 5127 3780 5170 neces-

2194 5253 2386 5311 sitate,
2439 5257 2506 5297 ne
2544 5252 2643 5293 nos
2677 5232 2890 5305 quidem
2937 5223 3198 5294 exigimus
3240 5215 3544 5274 rationem;
3577 5205 3779 5261 nedum

2363 5297 2453 5406 qui
2479 5340 2562 5388 est
2589 5297 2722 5383 adeo
2748 5323 2987 5378 clemens
3011 5358 3026 5383 ,
3073 5311 3337 5380 benignus
3366 5315 3419 5360 et
3446 5303 3641 5356 bonus.
3671 5297 3783 5406 Î¾Ï‰

2197 5431 2354 5506 quid,
2388 5424 2550 5482 furari
2581 5431 2663 5477 est
2706 5407 3080 5471 necessitatis?
3125 5404 3333 5465 Etiam,
3379 5393 3628 5464 inquies;
3677 5387 3785 5440 hoc

2876 5503 2895 5506 â€™
3343 5497 3470 5506 Î·Îº---
3498 5481 3648 5506 -ï¬‚'--s
3681 5491 3772 5506 na,

2200 5481 2354 5583 cnim,
2373 5519 2498 5574 facit
2541 5517 2844 5584 paupertas.
2875 5503 2989 5559 lmo
3018 5510 3147 5552 vero
3189 5497 3473 5563 paupertas
3497 5481 3652 5538 affert
3681 5491 3786 5531 ne-

2201 5618 2504 5676 cessitatem
2543 5582 2844 5676 operandi,
2890 5609 2994 5650 non
3037 5584 3270 5645 furandi.
3319 5582 3610 5649 Paupertas
3653 5583 3788 5636 ergo

2201 5712 2332 5768 facit
2370 5660 2698 5762 contrarium
2730 5711 2743 5748 :
2773 5686 2934 5746 furari
2987 5682 3131 5739 enim
3156 5684 3241 5733 est
3287 5672 3381 5727 otii
3430 5678 3484 5723 et
3525 5660 3785 5722 desidiae;

2201 5808 2485 5877 paupertas
2511 5800 2688 5848 autem
2715 5800 2822 5840 non
2849 5780 2988 5836 solet
3009 5785 3196 5845 parere
3222 5767 3388 5822 otium
3414 5768 3468 5816 et
3491 5753 3751 5848 desidiam
3772 5789 3789 5812 .

2897 5872 2922 5877 -
3204 5860 3218 5877 .
3259 5867 3457 5877 suum,
3499 5857 3574 5877 Î·,
3605 5856 3788 5877 (nam-

2889 5872 3066 5939 Quare
3092 5860 3221 5921 illud
3248 5867 3459 5928 quoque
3497 5857 3579 5904 cst
3605 5856 3788 5914 segm-
