4002 6546
250 464 309 517 19
1085 461 1096 474 '
1200 456 1273 512 IN
1310 453 1525 511 EPIST.
1568 451 1660 507 AD
1690 446 1932 507 EPHES.
1965 450 2121 508 CAP.
2163 453 2183 507 l
2224 453 2452 510 HOMIL.
2491 453 2554 509 Il.
3411 451 3484 506 20

240 594 323 633 να.
353 578 531 629 Ὅταν
551 576 658 646 τὴν
695 576 883 629 πίστιν
914 574 1003 627 διά
1033 573 1141 626 τῶν
1178 572 1355 644 ἔργων
1380 572 1665 641 δείξωμεν,
1695 571 1816 621 τότε

239 670 297 722 τὸ
324 670 434 720 πᾶν
475 665 836 736 προστίθησι.
872 663 1090 718 Μᾶλλον
1125 662 1183 715 δὲ
1219 664 1315 715 καὶ
1356 662 1521 731 ἀλλην
1548 661 1713 714 ἔδωκε
1728 674 1817 711 τι-

243 757 360 827 μὴν,
377 754 437 807 τὸ
469 754 608 807 ῐδιον
636 747 800 822 αἷμα,
826 752 922 806 καὶ
950 751 1112 805 πάλιν
1144 749 1311 820 ἄλλην
1339 749 1626 818 ὑπέσχετο.
1664 745 1815 799 Καθ-

242 844 375 911 άπερ
412 843 463 893 εί
529 840 779 910 πόλεμος
829 840 953 911 εἴη,
979 836 1160 891 ἔθνεσι
1216 837 1354 906 πρὸς
1413 836 1542 906 ἔθνη
1572 833 1816 887 διδόασιν

239 932 472 1001 ὁμήρους
497 944 513 955 ·
537 927 690 981 οὕτω
747 926 841 980 καὶ
870 929 899 979 6
930 925 1064 988 Θεὸς
1112 924 1281 978 ἔδωκε
1335 922 1424 976 τὸν
1466 920 1597 974 Υίὸν
1626 918 1813 984 αὑτοῦ,

238 1018 328 1085 τῆς
359 1017 588 1085 εἰρήνης
615 1014 715 1068 καὶ
741 1014 852 1067 τῶν
873 1012 1117 1066 σπονδῶν
1141 1013 1419 1082 ἐνέχυρον,
1443 1011 1536 1062 καὶ
1556 1009 1617 1062 τὸ
1646 1006 1815 1060 Πνεῦ-

245 1119 312 1171 μα
340 1104 399 1155 τὸ
440 1102 613 1170 ἅγιον
661 1102 723 1154 τὸ
759 1099 819 1165 ἐξ
842 1098 1010 1154 αὐτοῦ
1039 1114 1054 1127 ·
1088 1101 1136 1152 οἰ
1170 1099 1278 1169 γὰρ
1304 1098 1475 1160 ὅντως
1499 1095 1817 1165 Πνεύματος

244 1190 584 1259 μετέχοντες,
624 1188 805 1242 ίσασιν
851 1188 933 1240 ὃτι
982 1184 1241 1256 ἀρῤαϐὼν
1298 1184 1396 1255 τῆς
1454 1182 1817 1254 κληρονομίας

241 1278 384 1347 ἡμῶν
441 1280 590 1333 ἐστι.
625 1277 883 1341 Τοιοῦτος
926 1278 957 1329 6
1002 1274 1215 1340 Παῦλος
1266 1271 1370 1347 ἦν,
1416 1272 1668 1328 ἐντεῦθεν
1713 1271 1815 1342 ήδη

241 1364 340 1419 τῶν
380 1366 500 1418 ἐκεῖ
548 1366 887 1435 γεγευμένος
917 1379 930 1393 ⁶
975 1363 1057 1416 διὸ
1080 1362 1184 1416 καὶ
1224 1360 1484 1430 ἠπείγετο
1522 1361 1618 1413 καὶ
1657 1358 1816 1411 ὦδινε

242 1454 303 1505 τὰ
330 1454 513 1507 ἐνθάδε
549 1455 797 1523 ἀφεῖναι,
835 1454 929 1506 καὶ
957 1452 1173 1504 ἔστενεν
1206 1465 1219 1478 ·
1251 1449 1459 1519 ἐτέροις
1484 1445 1815 1517 γάρόφθαλ-

249 1547 354 1615 μοῖς
376 1546 554 1615 ἐώρα,
582 1544 770 1598 πάντα
790 1543 882 1595 τὸν
910 1540 1037 1594 νοῦν
1060 1542 1403 1611 μεταστήσας
1428 1539 1566 1590 ἐκεῖ.
1590 1537 1664 1589 Οὐ
1687 1552 1816 1606 μετ-

246 1634 374 1703 ἔχεις
410 1632 529 1685 τῶν
590 1631 945 1704 πραγμάτων
980 1643 995 1658 ·
1054 1628 1144 1682 διά
1171 1626 1334 1681 τοῦτο
1365 1626 1459 1680 καὶ
1495 1625 1604 1677 τῶν
1635 1622 1810 1694 ῥημά-

248 1738 342 1773 των
368 1721 685 1783 ἐκπίπτεις.
719 1718 783 1772 El
802 1718 1129 1788 μετείχομεν
1160 1716 1362 1778 πάντες
1380 1712 1717 1782 Πνεύματος,
1738 1710 1815 1776 ὼς

257 1809 473 1877 μετέχειν
500 1808 652 1872 ἔδει,
689 1804 943 1868 καὶτοὺς
978 1802 1244 1874 οὐρανοὺς
1286 1798 1548 1870 ἐωρῶμεν
1591 1798 1686 1851 καὶ
1715 1796 1814 1867 τὴν

254 1900 355 1950 ἐκεῖ
375 1895 745 1950 κατάστασιν.
790 1889 1077 1964 Ἀρῤαϐὼν
1091 1890 1147 1943 δέ
1176 1889 1325 1951 τίνος
1354 1888 1473 1941 ἐστί
1500 1903 1515 1951 ;
1543 1886 1655 1956 Τῆς
1676 1885 1813 1939 ἀπο·

250 1984 555 2055 λυτρώσεως
580 2022 597 2046 ,
632 1982 737 2051 τῆς
754 1980 1160 2050 περιποιήσεως
1190 1992 1205 2007 ·
1235 1976 1270 2046 ή
1300 1976 1409 2046 γὰρ
1436 1973 1653 2045 καθαρά
1673 1973 1814 2026 ἀπο-

250 2071 501 2142 λύτρωσις
544 2069 676 2123 τότε
714 2069 952 2136 γίνεται.
994 2064 1110 2118 Νῦν
1148 2063 1249 2134 μέν
1278 2063 1386 2133 γάρ
1416 2062 1512 2115 καὶ
1535 2063 1593 2113 ἐν
1622 2059 1814 2130 κόσμῳ

249 2156 696 2230 άναστρεφόμεθα
719 2195 735 2220 ,
772 2155 867 2209 καὶ
899 2152 1073 2207 πολλά
1097 2152 1232 2221 ήμίν
1253 2149 1570 2220 ἀνθρώπινα
1611 2147 1815 2218 συμπί-

252 2267 381 2313 πτει,
413 2250 506 2301 καὶ
540 2246 688 2318 μετά
719 2244 937 2299 ἀσεϐῶν
958 2244 1125 2312 ἐσμεν
1156 2256 1173 2271 ·
1200 2242 1233 2311 ή
1264 2239 1322 2292 δέ
1358 2238 1571 2309 καθαρά
1613 2236 1816 2290 ἀπολύ-

250 2353 460 2408 τρωσις,
502 2336 635 2388 ὅταν
696 2334 837 2403 μήτε
888 2331 1262 2400 ἁμαρτήματα
1287 2323 1345 2398 ᾗ,
1378 2326 1515 2396 μήτε
1534 2324 1680 2395 πάθη
1718 2326 1813 2378 ἀν-

251 2427 504 2496 θρὼπινα,
526 2426 668 2495 μήτε
695 2418 902 2491 ἀναμὶξ
928 2417 1066 2489 μετά
1080 2417 1297 2470 πάντων
1330 2408 1501 2485 ὦμεν,
1531 2415 1653 2467 τότε
1673 2413 1811 2469 ἐστί.

251 2512 425 2566 Νῦνδὲ
456 2508 737 2582 ἀρραϐών.
772 2508 885 2560 Καὶ
936 2505 1046 2576 γὰρ
1105 2506 1201 2557 καὶ
1232 2501 1328 2556 νῦν
1367 2502 1545 2555 αὐτῶν
1573 2501 1815 2570 ἀπέστη-

256 2618 347 2669 μεν
378 2617 392 2630 ·
412 2600 473 2652 ού
500 2600 607 2669 γάρ
638 2600 761 2649 ἐστι
793 2594 857 2647 τὸ
896 2593 1201 2663 πολίτευμα
1229 2590 1391 2663 ήμῶν
1418 2589 1513 2643 ἐπὶ
1538 2589 1637 2660 τῆς
1663 2589 1768 2660 γῆς
1795 2601 1808 2616 ⁸

261 2689 351 2740 καὶ
373 2686 463 2739 νῦν
481 2687 629 2748 ἐκτός
656 2686 829 2755 ἐσμεν
856 2681 968 2734 τῶν
1003 2679 1236 2733 ἐνταῦθα
1263 2696 1277 2709 ·
1310 2677 1566 2749 πάροικοι
1585 2676 1694 2746 γάρ
1720 2676 1813 2729 ἐσσ-

273 2792 366 2847 μεν
400 2778 493 2829 καὶ⁵
516 2775 625 2829 νῦν.
652 2777 755 2839 Εἰς
787 2772 1046 2826 ἔπαινον
1087 2768 1199 2838 τῆς
1222 2768 1407 2836 δόξης
1441 2765 1649 2821 αὑτοῦ.
1687 2765 1815 2817 Συν-

273 2864 406 2933 εχῶς
455 2864 601 2917 τοῦτο
623 2863 819 2931 τίθησι.
854 2859 921 2913 Τί
956 2859 1197 2929 δήποτε,
1236 2857 1357 2909 Ὀτι
1396 2854 1579 2908 ἰκανὸν
1610 2853 1813 2923 πληρο-

271 2954 493 3023 φορῆσαι
519 2952 636 3015 τοὺς
663 2949 987 3011 ἀκούοντας.
1016 2945 1130 3017 [12]
1157 2945 1220 2998 Εἰ
1252 2944 1352 3016 μὲν
1380 2943 1488 3014 γὰρ
1513 2941 1669 3013 ήμῶν
1696 2941 1815 2995 avg-

261 3058 370 3105 κεν,
398 3041 539 3110 φησί,
566 3039 739 3093 ταῦτα
773 3036 972 3100 ἐποίει,
1004 3035 1106 3087 οὐκ
1131 3032 1197 3086 ἂν
1224 3029 1292 3103 ἦν
1321 3029 1695 3101 ἀναμφίϐολον
1723 3045 1738 3061 ·
1764 3028 1813 3081 εἰ

252 3130 306 3183 δὲ
328 3129 393 3182 δι’
426 3130 610 3191 αὑτὸν,
640 3129 738 3179 καὶ
758 3124 903 3178 ὥστε
928 3122 1029 3194 τὴν
1048 3118 1408 3190 ἀγαθωσύνην
1427 3117 1591 3173 αὑτοῦ
1621 3116 1814 3182 δεῖξαι,

249 3218 430 3288 ὥσπερ
482 3216 605 3269 τινὰ
670 3212 1014 3285 μαρτυρίαν,
1048 3209 1224 3262 αἰτίαν
1266 3206 1452 3278 τίθησι
1489 3203 1586 3258 τοῦ
1624 3204 1701 3276 μὴ
1747 3203 1816 3259 ἂν

247 3304 415 3369 ἄλλως
450 3303 627 3359 ταῦτα
658 3301 915 3370 γενέσθαι
949 3312 965 3328 ·
995 3297 1137 3369 ἅπερ
1171 3296 1264 3350 καὶ
1289 3294 1511 3348 ἐπὶτῶν
1547 3291 1817 3365 Ἰσραηλι-

246 3394 347 3447 τῶν
370 3393 481 3447 ἀνω
504 3392 604 3445 καὶ
634 3392 793 3445 κάτω
810 3388 1027 3459 ὁρῶμεν
1048 3384 1318 3455 λεγόμενα
1349 3397 1363 3410 ⁸
1383 3383 1654 3450 Ποίησον
1674 3380 1818 3450 ἡμῖν

245 3481 334 3534 διὰ
384 3482 448 3534 τὸ
477 3477 675 3549 ὄνομά
703 3493 822 3531 σου
849 3493 864 3508 ·
893 3475 989 3528 καὶ
1014 3472 1178 3527 πάλιν
1207 3470 1372 3533 αὐτὸς
1397 3471 1427 3522 6
1458 3470 1590 3532 Θεὸς
1621 3468 1774 3537 ἔλεγε
1798 3484 1812 3498 ⁸

240 3569 389 3623 Ποιῶ
432 3570 649 3623 ἕνεκεν
693 3565 841 3635 ἐμοῦ
869 3580 883 3593 ⁸
918 3563 1013 3617 καὶ
1033 3564 1062 3615 ὁ
1085 3561 1344 3632 Μωῦσῆς,
1373 3560 1645 3628 Ποίησον
1674 3558 1817 3628 ἡμῖν

241 3659 331 3711 διὰ
373 3657 437 3711 τὸ
490 3654 692 3724 ὄνομά
731 3668 850 3706 σου
873 3692 888 3717 ,
917 3652 968 3703 εἰ
998 3649 1094 3701 καὶ
1127 3647 1354 3720 μηδενὸς
1382 3646 1571 3699 ἐνεκεν
1601 3645 1814 3717 ἐτέρου.

241 3746 587 3816 Πληροφορεῖ
637 3741 749 3810 γάρ
784 3738 943 3792 τοῦτο
981 3737 1106 3799 τοὺς
1142 3733 1442 3797 ἀκούοντας
1482 3732 1579 3786 καὶ
1605 3733 1814 3803 ἀνίησι,

246 3836 510 3907 μαθόντας
571 3832 657 3883 ὅτι
713 3828 803 3881 διά
839 3826 938 3897 τὴν
978 3823 1185 3879 οἰκείαν
1230 3821 1546 3894 ἀγαθότητα
1597 3821 1817 3885 πάντως

241 3929 473 3995 ποιήσει,
528 3920 684 3989 ἆπερ
716 3912 1134 3982 ἐπαγγέλλεται.
1165 3910 1327 3963 Ἀλλά
1361 3909 1435 3981 μὴ
1483 3908 1817 3982 ρᾳθυμῶμεν

237 4014 527 4073 ἀκούοντες
567 4022 585 4037 ο
622 4008 672 4059 εἰ
708 4004 819 4073 γὰρ
847 4003 942 4054 καὶ
972 3999 1037 4053 δι’
1070 3998 1263 4052 ἐαυτὸν
1303 3999 1484 4061 ποιεῖ,
1519 3997 1635 4051 ἀλλ’
1668 3998 1817 4067 ὅμως

238 4104 329 4159 καὶ
374 4102 446 4154 τὰ
496 4096 637 4168 παρ’
662 4092 824 4164 ήμῶν
847 4091 1089 4145 ἀπαιτεῖ.
1119 4088 1184 4141 Εἰ
1201 4086 1331 4156 γὰρ,
1356 4085 1508 4151 Τοὺς
1535 4084 1817 4150 δοξάζον-

237 4192 339 4256 τὰς
386 4206 469 4259 με
512 4182 783 4249 δοξάσω,
825 4179 980 4249 φησὶ,
1029 4176 1129 4230 καί
1159 4178 1214 4230 οί
1244 4173 1710 4240 ἐξουθενοῦντές
1740 4190 1820 4244 με

233 4272 832 4345 ἐξουθενηθήσονται
865 4282 878 4295 ⁸
916 4266 1285 4335 ἐννοήσωμεν,
1316 4263 1399 4316 ὅτι
1455 4261 1551 4315 καὶ
1592 4261 1664 4314 τὰ
1686 4261 1819 4333 παρ’

236 4368 390 4441 ήμῶν
433 4361 714 4432 ἐπιζητεῖ.
748 4355 1009 4441 Ἐπαινός
1059 4354 1178 4405 ἐστι
1215 4351 1316 4421 τῆς
1350 4349 1515 4422 δόξης
1547 4349 1716 4404 αὑτοῦ
1754 4349 1818 4404 τὸ

236 4437 356 4520 τοὺς
390 4449 631 4521 ἐχθροὺς
666 4443 871 4507 σῶσαι,
894 4440 1009 4494 ἀλλ’
1043 4438 1286 4502 ἐκείνους
1314 4439 1441 4502 τοὺς
1472 4437 1613 4509 μετά
1640 4437 1701 4490 τὸ
1725 4454 1820 4506 γε..

235 4543 425 4597 vim;
500 4536 686 4606 φίλους
745 4529 1030 4601 μείναντας
1061 4526 1248 4596 φίλους
1272 4542 1287 4556 ⁸
1316 4525 1411 4591 ὡς,
1446 4528 1496 4578 εί
1527 4524 1690 4579 πάλιν
1726 4526 1820 4579 ἐπὶ

236 4635 331 4705 τὴν
387 4626 673 4700 προτέραν
715 4618 918 4690 ἔχθραν
945 4614 1309 4681 ἐπανέλθοιεν,
1344 4615 1521 4668 πάντα
1561 4614 1685 4686 εἰκῆ
1723 4614 1820 4668 καὶ

322 4739 440 4774 την.

238 4725 624 4879 μιὰζ’ῗῖζτερον
656 4800 768 4870 γάρ
797 4799 899 4851 οὐκ
931 4795 1047 4849 ἐστι
1072 4793 1318 4864 λουτρὸν,
1348 4792 1470 4846 οὐδὲ
1504 4793 1819 4866 καταλλαγὴ

229 4900 403 4955 πάλιν
429 4893 695 4961 δευτέρα,
720 4885 857 4940 ἀλλὰ
887 4883 1096 4954 φοϐερά
1122 4899 1205 4947 τις
1228 4882 1423 4952 ἐκδοχὴ
1453 4882 1710 4952 κρίσεως,
1723 4884 1820 4936 καὶ

227 4988 408 5059 πυρὸς
444 4982 611 5052 ζῆλος
640 4977 843 5030 ἐσθίειν
876 4973 1160 5044 μέλλοντος
1188 4972 1317 5034 τοὺς
1350 4971 1726 5036 ὑπεναντίους.
1756 4973 1820 5027 Εἰ

224 5058 341 5149 τάξ)
353 5072 686 5145 μέλλοιμεν,
708 5066 796 5119 ἀεὶ
811 5062 1187 5133 ἐχθραίνοντες
1207 5058 1669 5129 αὒτῷ,ἀξιοῦσθαι
1686 5061 1819 5133 παρ’

226 5148 403 5219 αὑτοῦ
495 5153 852 5225 συγγνώμης,
921 5152 982 5204 οὑ
1055 5149 1380 5220 παυσόμεθα
1440 5148 1819 5219 ἐχθραίνοντες

226 5257 325 5308 καὶ
371 5247 754 5322 θρυπτόμενοι
799 5241 895 5296 καὶ
935 5239 1152 5311 χείρους
1198 5239 1496 5310 γινόμενοι,
1528 5239 1623 5293 καὶ
1649 5258 1821 5314 πεπη-

228 5342 487 5414 ρωμένοι
559 5333 655 5387 τοῦ
730 5330 883 5401 ἡλίου
938 5330 1037 5400 τῆς
1115 5327 1460 5398 δικαιοσύνης
1519 5346 1823 5401 παραγενο-

230 5432 432 5502 μένου,
487 5422 676 5478 Βούλει
726 5419 913 5472 λαϐεῖν
964 5416 1065 5488 τὴν
1110 5418 1305 5470 ἀκτῖνα
1347 5416 1674 5486 ἀνοίγουσάν
1726 5435 1821 5473 σου

233 5523 358 5582 τοὺς
413 5512 775 5583 ὁφθαλμούςς
822 5509 1038 5571 Καλοὺς
1078 5508 1277 5572 αὐτοὺς
1330 5506 1584 5579 ἔργασαι,
1625 5509 1818 5577 ὑγιεῖς,

235 5605 584 5676 ,ξυδερκεῖᾳ
620 5597 833 5662 Ἔδειξέ
866 5612 950 5650 σοι
978 5596 1039 5649 τὸ
1062 5596 1179 5665 φῶς
1201 5595 1264 5648 τὸ
1292 5595 1543 5665 ἀληθινόν
1572 5612 1586 5626 ·
1620 5597 1687 5650 ἂν
1724 5598 1826 5652 πά-

232 5702 312 5748 “,
344 5691 494 5748 αὐτὸ
523 5687 717 5759 φυγὼν
741 5726 757 5750 ,
801 5684 879 5755 τῷ
918 5683 1099 5738 σκότει
1138 5684 1523 5756 προσδράμῃς,
1555 5684 1641 5750 τίς
1668 5684 1825 5741 ἔσται

233 5779 541 5848 ιπολογία,
574 5776 706 5829 ποία
737 5772 1037 5844 συγγνώμη
1063 5791 1078 5841 ;
1107 5772 1347 5842 Οὐδεμία
1366 5772 1552 5826 λοιπόν
1585 5790 1598 5805 ⁸
1636 5774 1826 5844 μίσους

228 5872 346 5941 γάρ
378 5870 540 5920 ἐστιν
569 5864 815 5936 ἀρρήτου
846 5860 1006 5915 τοῦτο
1038 5860 1423 5930 σημεῖον.Ὅτε
1455 5862 1554 5931 μὲν
1584 5862 1700 5935 γάρ
1725 5863 1828 5916 οὐκ

227 5960 393 6028 ᾕδεις
449 5955 544 6008 τὸν
589 5952 723 6005 Θεὸν
745 5989 763 6016 ,
798 5948 1099 6020 ἐχθραίνων
1127 5947 1297 6019 αὐτῷ,
1327 5949 1679 6021 ὁπωσδήποτε
1706 5969 1828 6006 τινα

230 6042 589 6112 συγγνώμην
627 6033 774 6109 εἶχες
797 6050 814 6068 ⁸
844 6034 1107 6107 ἐπειδὴδὲ
1137 6035 1347 6107 ἐγεύσω
1391 6037 1488 6109 τῆς
1515 6040 1823 6110 χρηστότη-

1920 585 2013 630 τος
2043 571 2138 625 καὶ
2164 572 2260 625 τοῦ
2299 572 2531 641 μέλιτος,
2559 574 2624 629 ἂν
2655 571 2818 625 πάλιν
2846 570 3027 641 ἀφεὶς,
3054 570 3149 624 ἐπὶ
3169 570 3260 625 τὸν
3288 573 3479 644 ἔμετον

1922 656 2080 731 ἔλθῃς
2135 660 2227 714 τὸν
2278 659 2497 725 σαυτοῦ,
2526 659 2675 713 οὐδὲν
2707 660 2890 730 ἕτερον
2920 659 3034 713 ἀλλ’
3062 660 3096 730 ἢ
3130 661 3364 732 μεγάλου
3392 665 3483 736 μίσ-

1925 764 2053 811 σους
2082 749 2179 801 καὶ
2210 748 2669 820 καταφρονήσεως
2700 748 2954 819 ἐκφέρεις
2999 753 3221 821 σημεῖα.
3254 750 3350 817 Οὒ,
3379 770 3484 825 φη-

1875 850 1879 854 ’
1924 835 2031 901 σὶν,
2062 834 2176 888 ἀλλ’
2213 835 2318 889 ὑπὸ
2346 836 2446 905 τῆς
2475 835 2689 904 φύσεως
2732 836 3114 908 ἀναγκάζομαι
3147 854 3160 866 ⁸
3193 839 3333 909 φιλῶ
3384 842 3486 911 μὲν

1923 922 2019 980 οὖν
2048 927 2140 981 τὸν
2175 928 2430 999 Χριστὸν,
2463 928 2843 999 ἀναγκάζομαι
2892 930 2950 983 δὲ
2981 932 3085 984 ὑπὸ
3111 932 3210 1001 τῆς
3249 932 3483 1001 φύσεως.

1924 1016 1986 1069 El
2013 1016 2256 1086 ἀνάγκην
2309 1018 2403 1070 καὶ
2448 1016 2569 1085 βίαν
2603 1015 2913 1087 ὑπομένεις,
2949 1017 3090 1084 ἔξεις
3120 1021 3483 1094 συγγνώμην·

1924 1106 1972 1157 εἰ
2001 1104 2059 1157 δὲ
2090 1104 2197 1157 ἀπὸ
2220 1102 2488 1175 ῥᾳθυμίας
2518 1104 2899 1170 καταπίπτεις,
2931 1106 3134 1162 ούκέτι.

1994 1191 2130 1263 Φέρε
2169 1188 2283 1257 οὖν,
2316 1192 2447 1245 αὐτὸ
2472 1192 2536 1263 δὴ
2576 1192 2732 1247 τοῦτο
2772 1192 3133 1265 ἐξετάσωμεν,
3176 1197 3398 1268 πότερον
3425 1198 3488 1265 ἐξ

1923 1279 2170 1350 ἀνάγκης
2202 1280 2297 1333 καὶ
2344 1279 2467 1349 βίας
2510 1280 2581 1333 τὰ
2621 1281 2996 1353 ἁμαρτήματα
3041 1283 3336 1354 γίνεται,ἢ
3378 1287 3489 1341 ἀπὸ

1926 1368 2198 1440 ῥᾳθυμίας
2255 1370 2347 1422 κα)⁵
2399 1369 2693 1440 ὀλιγωρίας
2732 1370 2956 1440 πολλῆς.
3016 1372 3097 1425 Οὐ
3144 1375 3487 1441 φονεύσεις,

1923 1457 2077 1526 φησί,
2134 1454 2273 1509 Ποία
2299 1456 2457 1509 τοῦτο
2497 1457 2735 1527 ἀνάγκη,
2774 1456 2899 1511 ποία
2930 1457 3055 1528 βίας
3104 1459 3203 1512 Βία
3245 1461 3343 1530 μὲν
3392 1460 3488 1516 οὖν

1923 1545 2038 1597 ἐστι
2062 1543 2125 1597 τὸ
2154 1543 2418 1614 φονεύειν.
2448 1544 2544 1609 Τίς
2582 1544 2692 1615 γὰρ
2718 1543 2784 1598 ἂν
2831 1544 2987 1615 ἡμῶν
3015 1545 3189 1599 ἕλοιτο
3228 1546 3487 1616 βαπτίσαι

1922 1631 2075 1699 ξίφος
2103 1632 2182 1695 εἰς
2215 1632 2309 1683 τὸν
2350 1632 2545 1702 λαιμὸν
2582 1631 2678 1685 τοῦ
2719 1631 2964 1702 πλησίον,
2997 1633 3091 1685 καὶ
3117 1632 3345 1702 αἱμάξαι
3391 1634 3489 1706 τὴν

1922 1718 2136 1784 δεξιάν;
2172 1719 2306 1772 Οὐδὲ
2345 1716 2445 1783 εἷς.
2494 1721 2657 1791 Ὁρᾷς
2694 1721 2774 1773 ὅτι
2812 1720 3144 1785 τούναντίον,
3181 1719 3395 1790 ἀνάγκη
3427 1721 3490 1776 τὸ

1922 1807 2263 1878 ἁμαρτάνειν
2307 1807 2507 1877 μᾶλλόν
2556 1809 2673 1860 ἐστι
2720 1807 2817 1861 καὶ
2860 1806 2984 1877 βία;
3027 1806 3283 1877 Ἐνέθηκε
3312 1806 3421 1879 γάρ
3459 1809 3490 1860 6

1924 1896 2056 1960 Θεὸς
2079 1897 2301 1968 φίλτρον
2338 1900 2406 1969 τῇ
2443 1896 2604 1967 φύσει
2646 1899 2712 1968 τῇ
2746 1896 3011 1968 ἡμετέρᾳ,
3051 1895 3191 1949 ὥστε
3226 1896 3487 1968 ἀλλήλους

1924 1985 2145 2055 ἀγαπᾷν
2170 2003 2184 2017 ⁸
2233 1986 2362 2039 Πᾶν
2392 1985 2520 2055 γάρ,
2552 1986 2707 2055 φησὶ,
2760 1984 2906 2046 ζῶον
2949 1983 3149 2054 ἁγαπᾷ
3179 1985 3249 2039 τὸ
3282 1984 3489 2054 ὅμοιον

1922 2072 2131 2135 αὐτοῦ,
2162 2072 2260 2125 καὶ
2286 2070 2594 2140 ἄνθρωπος
2625 2073 2733 2126 τὸν
2764 2072 3033 2139 πλησίον
3062 2072 3268 2127 αὐτοῦ.
3324 2071 3490 2144 Ὁρᾷς

1921 2160 2005 2213 ὅτι
2033 2158 2169 2231 πρὸς
2201 2159 2302 2227 τήν
2324 2159 2525 2231 ἀρετὴν
2561 2158 2756 2231 ἔχομεν
2797 2160 2905 2213 ἀπὸ
2931 2160 3033 2230 τῆς
3072 2160 3288 2228 φύσεως
3321 2159 3489 2231 σπέρ-

1924 2263 2107 2317 ματα;
2143 2246 2223 2299 Τὰ
2249 2246 2306 2299 δὲ
2347 2248 2446 2317 τῆς
2483 2247 2685 2311 κακίας
2744 2246 2895 2317 παρὰ
2925 2247 3086 2317 φύσιν
3114 2248 3292 2300 ἐστίν·
3335 2248 3385 2300 εί
3428 2246 3487 2301 δὲ
3562 2253 3567 2259 ’

1920 2334 2093 2387 ταῦτα
2144 2334 2344 2405 μᾶλλον
2393 2337 2621 2405 κρατεῖ,
2668 2336 2769 2406 τῆς
2800 2335 3003 2406 πολλῆς
3063 2335 3219 2407 ἡμῶν
3260 2334 3488 2400 νωθείας

1919 2420 2080 2475 τοῦτο
2092 2422 2409 2493 τεκμήριον.
2422 2422 2488 2475 Τί
2508 2422 2564 2476 δὲ
2580 2421 2641 2475 τὸ
2660 2422 2930 2492 μοιχεύειν
2951 2438 2966 2487 ;
2997 2421 3125 2474 ποία
3144 2420 3257 2492 [15]
3273 2421 3486 2491 ἀνάγκη

1921 2510 2017 2562 ἐπὶ
2043 2508 2201 2562 τοῦτο
2227 2509 2350 2577 ἄγει
2370 2526 2384 2571 ;
2406 2508 2536 2573 Ναὶ,
2571 2509 2754 2578 φησὶν,
2787 2508 2943 2579 ήτῆς
2973 2507 3268 2578 ἐπιθυμίας
3291 2524 3490 2578 τυραν-

1921 2597 2023 2661 νίς.
2043 2596 2143 2649 Διά
2174 2597 2247 2659 τί,
2274 2597 2395 2650 εἰπέ
2428 2612 2520 2666 μοι
2541 2613 2555 2661 ;
2588 2595 2649 2648 ού
2669 2594 2777 2665 γὰρ
2797 2593 2973 2647 ἔνεστι
2998 2597 3065 2665 τῇ
3087 2594 3262 2665 οἰκείᾳ
3287 2592 3492 2666 κεχρῆ-

1924 2687 2046 2739 σθαι
2074 2685 2315 2753 γυναικὶ,
2354 2685 2445 2738 καὶ
2476 2682 2683 2737 παῦσαι
2703 2684 2802 2752 τὴν
2829 2682 3157 2752 τυραννίδας
3195 2681 3330 2734 Ἀλλ’
3349 2682 3491 2752 ἔρως

1926 2773 1994 2845 μέ
2033 2790 2117 2836 τις
2152 2772 2422 2843 λαμϐάνει
2452 2770 2554 2842 τῆς
2590 2769 2683 2823 τοῦ
2716 2770 2969 2842 πλησίον,
3017 2770 3173 2839 φησὶ,
3210 2767 3486 2836 γυναικὸς.

1922 2862 2118 2915 Ούκέτι
2150 2860 2310 2915 τοῦτο
2329 2858 2575 2928 ἀνάγκης
2592 2873 2605 2887 ⁸
2638 2856 2777 2928 ἔρως
2796 2856 2905 2927 γὰρ
2919 2855 3019 2908 οὐκ
3046 2855 3193 2907 ἐστιν
3210 2853 3453 2923 ἀνάγκης
3471 2867 3489 2884 ⁹

1922 2949 2095 3012 οὐδεὶς
2127 2948 2340 3019 ἀνάγκη
2368 2946 2532 3016 φιλεῖ,
2556 2944 2692 2998 ἀλλά
2729 2944 3047 3015 προαιρέσει
3073 2945 3167 2996 καὶ
3198 2940 3393 2994 ἐκοντί.
3417 2940 3492 2994 Τὸ

1926 3038 2023 3109 μὲν
2043 3032 2135 3090 οὗν
2159 3033 2452 3107 μίγνυσθαι
2480 3032 2692 3103 ἀνάγκη
2721 3032 2852 3095 ἴσως
2871 3048 2884 3062 ⁸
2916 3030 2977 3084 τὸ
2997 3030 3054 3084 δὲ
3078 3029 3233 3100 τήνδε
3265 3028 3435 3098 φιλεῖν
3455 3027 3493 3099 ἢ

1921 3127 2102 3198 τήνδε,
2140 3127 2241 3180 οὑκ
2274 3120 2552 3196 ἀνάγκης·
2589 3122 2711 3177 ούδέ
2743 3120 3009 3192 ἐπιθυμία
3043 3120 3239 3192 μίξεως
3260 3118 3320 3172 τὸ
3354 3117 3496 3188 πρᾶ-

1923 3216 2043 3287 γμά
2067 3217 2238 3280 ἐστιν,
2268 3213 2405 3267 ἀλλά
2440 3211 2719 3278 κενοδοξία
2761 3210 2857 3263 καὶ
2886 3207 3044 3279 ὕϐρις
3083 3208 3178 3262 καὶ
3208 3208 3351 3278 πέρα
3393 3204 3491 3259 τοῦ

1927 3306 2126 3377 μέτρου
2140 3303 2341 3375 τρυφή.
2368 3302 2527 3356 Ποῖον
2544 3300 2675 3372 γὰρ,
2703 3298 2824 3353 είπέ
2854 3315 2967 3369 μοι,
2994 3296 3137 3351 κατὰ
3156 3294 3313 3364 λόγον
3337 3293 3492 3359 ἐστί;

1921 3394 2022 3466 τὴν
2042 3392 2530 3463 κατεγγυηθεῖσαν,
2552 3388 2651 3462 τήν
2674 3389 2931 3443 κοινωνὸν
2942 3382 3109 3441 οὖσαν
3124 3384 3490 3447 παιδοποιίας.

1922 3482 2127 3552 ταύτην
2159 3481 2325 3551 ἔχειν,
2356 3480 2392 3550 ἢ
2422 3480 2522 3549 τὴν
2555 3478 2656 3531 ούκ
2693 3477 3074 3548 ἐγνωσμένην;
3116 3476 3217 3528 οὐκ
3247 3474 3381 3534 ῐστε.
3407 3474 3491 3526 ὅτι

1924 3572 1981 3627 al
2028 3570 2310 3641 συνήθειαι
2348 3568 2446 3631 τὰς
2488 3566 2674 3636 φιλίας
2723 3565 3029 3628 τίκτουσιν;
3076 3565 3238 3617 Ὥστε
3287 3563 3347 3615 οὐ
3391 3561 3493 3631 τῆς

1925 3659 2141 3729 φύσεώς
2170 3661 2307 3712 ἐστι.
2341 3655 2435 3727 Μὴ
2462 3654 2621 3709 αίτιῶ
2662 3653 2761 3725 τὴν
2801 3653 3123 3721 ἐπιθυμίαν·
3170 3653 3203 3723 ἡ
3233 3646 3341 3721 γὰρ
3373 3650 3492 3702 ἐπι-

1925 3748 2093 3819 θυμία
2123 3745 2213 3801 διὰ
2238 3746 2418 3816 γάμον
2447 3742 2625 3813 ἐδόθη,
2655 3741 2745 3796 διά
2779 3740 3123 3795 παιδοποιίαν
3152 3734 3489 3808 παρεσχέθη,

1924 3836 1984 3889 ού
2016 3834 2107 3888 διά
2137 3835 2388 3905 μοιχείαν
2414 3831 2535 3885 οὐδὲ
2562 3828 2885 3900 διαφθοράν.
2915 3828 3096 3881 Ἴσασι
3136 3824 3233 3879 καὶ
3263 3825 3311 3877 οί
3337 3822 3491 3893 νόμοι

1923 3926 2035 3987 τοῖς
2062 3922 2120 3989 ἐξ
2159 3922 2406 3991 ἀνάγκης
2427 3917 2828 3987 συγγινώσκειν
2860 3915 3221 3986 ἁμαρτήμασι
3244 3926 3258 3940 ⁸
3290 3910 3491 3982 μᾶλλον

1923 4012 1981 4066 δὲ
2001 4010 2152 4065 οὐδέν
2172 4012 2319 4063 ἐστιν
2344 4007 2650 4080 ἁμάρτημα
2666 4004 2729 4071 ἐξ
2754 4004 2999 4073 ἀνάγκης
3018 4002 3320 4072 γινόμενον,
3352 3998 3492 4054 ἀλλά

1924 4100 2103 4154 πάντα
2127 4098 2235 4152 ἀπὸ
2268 4096 2501 4168 ὕϐρεως.
2534 4094 2610 4148 Ού
2645 4094 2753 4164 γὰρ
2784 4091 2958 4154 οὕτως
2984 4092 3013 4145 6
3038 4089 3171 4152 Θεὸς
3195 4086 3295 4160 τὴν
3327 4085 3491 4156 φύσιν

1925 4188 2395 4259 ἐδημιούργησεν,
2442 4184 2519 4266 ᾡς
2592 4182 2839 4266 ἀνάγκην
2909 4179 3087 4266 ἐχειν,
3122 4175 3487 4249 ἁμαρτάνειν·

1925 4276 2050 4330 ἐπεὶ
2073 4275 2121 4327 εί
2142 4273 2301 4327 τοῦτο
2314 4261 2637 4343 ἦν,κόλασις
2654 4270 2755 4323 οὐκ
2769 4263 2857 4340 ἦν.
2882 4265 3004 4318 Τῶν
3031 4264 3140 4334 γάρ
3161 4262 3301 4316 κατά
3324 4261 3492 4330 ἀνάγ-

1925 4381 2029 4434 κην
2066 4362 2163 4417 καὶ⁵
2196 4359 2319 4431 βίαν
2365 4358 2490 4412 οὺδέ
2522 4359 2686 4430 ἡμεῖς
2725 4353 3063 4424 ἀπαιτοῦμεν
3109 4351 3295 4420 λόγον,
3331 4349 3489 4421 μήτι-

1925 4467 1990 4520 γε
2015 4450 2045 4503 6
2073 4449 2208 4513 Θεὸς
2240 4448 2271 4500 ὸ
2300 4446 2445 4500 οὕτω
2495 4443 2879 4515 φιλάνθρωπος
2916 4440 3014 4494 καὶ
3059 4438 3279 4507 ἀγαθός.
3331 4436 3493 4492 Ἀλλά

1892 4554 1895 4555 ⁷
1925 4538 2017 4605 τί,
2055 4537 2117 4590 τὸ
2150 4535 2401 4590 κλέπτειν
2438 4532 2685 4602 ἀνάγκης
2713 4528 2865 4595 ἐστί;
2895 4527 3027 4593 Ναὶ,
3062 4526 3227 4597 φησίν
3250 4541 3266 4556 ·
3296 4525 3332 4598 ή
3381 4525 3494 4596 γὰρ

1926 4626 2087 4681 πενία
2102 4624 2261 4679 τοῦτο
2272 4622 2436 4677 ποιεῖ.
2466 4621 2532 4674 Ἦ
2558 4618 2719 4674 πενία
2750 4615 3080 4690 ἐργάζεσθαι
3108 4613 3306 4687 μᾶλλον
3327 4614 3493 4684 ἀναγ-

1926 4716 2120 4782 κάζει,
2174 4715 2235 4768 ού
2277 4712 2553 4767 κλέπτειν.
2613 4709 2682 4763 Ἥ
2738 4708 2901 4761 πενία
2957 4705 3138 4759 τοίνυν
3184 4701 3493 4757 τούναντίον

1926 4807 2101 4858 ποιεί·
2132 4802 2194 4857 τὸ
2216 4802 2326 4873 γὰρ
2351 4801 2627 4863 κλέπτειν,
2650 4796 2847 4870 ἀργίας
2871 4793 3038 4856 ἐστὶν,
3065 4794 3100 4862 ή
3128 4791 3184 4845 δὲ
3213 4789 3371 4844 πενία
3393 4789 3492 4841 οὐκ

1925 4894 2147 4965 ἀργίαν,
2180 4889 2319 4945 ἀλλά
2348 4887 2667 4960 φιλοπονίαν
2690 4897 2716 4926 ⁸
2746 4884 2947 4937 τίκτειν
2967 4880 3176 4935 εἴωθεν.
3199 4879 3362 4931 Ὥστε
3397 4876 3492 4965 καλ

1925 4964 2085 5038 τοῦτο
2118 4978 2391 5053 ῥᾳθυμίας
2424 4975 2564 5030 ἐστί.
2600 4974 2713 5029 Καὶ
2743 4969 2845 5026 ὦδε
2882 4969 3098 5042 μάθῃς·
3129 4965 3346 5053 τίγάρ,
3370 4964 3491 5019 εἰπέ

1932 5089 2043 5143 μοι,
2088 5051 2507 5136 δυσκολώτερον,
2540 5061 2595 5114 τί
2648 5060 2707 5114 δέ
2754 5058 3103 5129 ἀηδέστερον,
3142 5052 3239 5116 τάς
3290 5051 3490 5113 νύκτας

1927 5139 2308 5232 ἀγρυπνοῦντα
2336 5152 2628 5225 περιιέναι,
2658 5149 2755 5204 καὶ
2795 5147 3008 5218 τοίχους
3039 5143 3362 5216 διορύττειν,
3394 5139 3490 5193 καὶ

1927 5252 1986 5306 ἐν
2006 5230 2202 5303 σκότει
2250 5244 2508 5317 βαδίζειν,
2551 5240 2649 5295 καὶ
2675 5240 2774 5311 τὴν
2800 5236 2978 5308 ψυχὴν
3019 5235 3165 5307 ἐχειν
3207 5234 3266 5285 ἐν
3308 5230 3487 5317 χερσὶ,

1928 5338 2024 5393 καὶ
2074 5336 2212 5407 πρὸς
2254 5315 2425 5403 φόνον
2474 5327 2910 5402 παρατετάχθαι,
2964 5325 3061 5379 καὶ
3093 5322 3340 5391 τρέμειν,
3393 5315 3489 5369 καὶ

1928 5406 2247 5496 τεθνηκέναι
2274 5420 2352 5492 τῷ
2384 5419 2517 5485 δέει,
2558 5418 2594 5489 ἢ
2634 5415 2815 5478 πόνοις
2855 5413 3146 5496 προσέχειν
3183 5406 3487 5496 καθημερι-

1929 5490 2188 5576 νοῖςξκαὶ
2226 5490 2526 5578 ἀσφαλείας
2562 5501 2859 5559 ἀπολαύειν
2907 5498 3044 5571 μετά
3080 5492 3297 5558 ἀδείας.;
3318 5490 3491 5578 Τοῦτο

1931 5600 2181 5656 εὔκολον·
2231 5598 2328 5652 καὶ
2376 5596 2459 5649 ὅτι
2503 5591 2664 5647 τοῦτο
2710 5588 2953 5652 εὔκολον,
2983 5583 3034 5637 οἱ
3065 5579 3281 5642 πλείους
3330 5576 3489 5633 τοῦτο

1932 5688 2280 5759 πράττουσιν,
2314 5683 2349 5756 ἢ
2379 5682 2574 5737 ἐκεῖνο.

1994 5932 2023 5962 ι
2042 5920 2197 5979 Edlti,
2219 5915 2558 5979 φιλοπτωχὶαν.
2579 5912 2733 5979 Βςειε
2769 5912 3035 5979 auguratu?
3058 5907 3137 5979 εει
3174 5897 3394 5979 Δδειξξιὶἓε
3408 5897 3488 5979 IT

1936 5962 2611 6044 genag'thi'ésgéwﬁfoﬁqviav.
2631 5972 2749 6023 Nam
2768 5962 2883 6021 ms}.
2917 5966 2988 6019 sic
3011 5966 3210 6025 habent,
3243 5966 3296 6011 et
3326 5962 3490 6010 sicsa-

1937 6040 2043 6095 iies
2059 6040 2344 6094 desiderare
2369 6040 2577 6091 videtur.
