4002 6578
556 434 620 485 ‘2!
1250 432 1311 489 S.
1351 434 1636 491 JOANNIS
1673 434 2157 492 CHRYSOSTOM!
2194 434 2513 495 ARCﬂlEP.
2553 435 3097 496 CONSTANTINOP.

614 547 680 599 δ’.
697 545 855 618 Ὁρᾷς
886 549 966 600 ὅτι
997 547 1136 601 κατὰ
1151 547 1312 615 φύσιν
1346 550 1443 619 μὲν
1459 552 1492 620 ὴ
1510 551 1697 622 ἀρετὴ,
1717 552 1869 623 παρὰ
1890 544 2050 619 φύσιν
2064 549 2122 603 δέ

543 629 580 699 ή
604 630 792 694 κακία,
825 630 1077 702 καθάπερ
1106 634 1137 701 ἡ
1164 631 1318 695 νόσος
1344 635 1490 705 καὶὴ
1518 634 1709 702 ὑγεία;
1736 635 1800 687 Τί
1828 634 1885 687 δέ
1914 635 1974 686 τὸ
1990 632 2121 701 ψεύ-

539 711 728 767 δεσθαι
764 713 859 767 καὶ
881 715 1176 783 ἐπιορκεῖν,
1200 713 1360 767 ποίαν
1392 714 1458 768 ἂν
1488 714 1602 785 ἔχοι
1642 717 1926 787 ἀνάγκην;
1957 716 2121 769 0666-

545 796 695 867 μίαν,
725 794 845 848 οὑδέ
896 794 1038 864 βίαν,
1072 795 1186 863 ἀλλ’
1221 798 1441 861 ἑκόντες
1479 799 1573 851 ἐπὶ
1619 799 1778 853 τοῦτο
1822 798 2115 871 ἐρχόμεθα.

555 877 979 948 Ἀπιστούμεθα,
1016 879 1202 949 φησίν.
1248 880 1671 952 ’Δπιστούμεθα,
1702 883 1890 954 ἐπειδὴ
1935 882 2121 951 βουλό-

545 960 685 1031 μεθα
706 978 719 991 ·
744 960 872 1029 ἐξῆν
897 960 1009 1031 γὰρ
1042 962 1151 1015 άπὸ
1184 962 1277 1015 τοῦ
1299 963 1503 1033 τρόπου
1534 965 1883 1020 πιστεύεσθαι
1918 965 2118 1036 μᾶλλον

541 1043 707 1111 ἡμᾶς,
746 1042 780 1114 ἢ
826 1043 935 1096 ἀπὸ
967 1044 1074 1098 τῶν
1105 1046 1303 1115 ὅρκων.
1336 1046 1436 1098 Διὰ
1460 1046 1514 1099 τί
1542 1047 1669 1117 γὰρ,
1710 1048 1832 1100 είπέ
1864 1065 1974 1117 μοι,
2004 1050 2118 1111 τοῖς

542 1126 644 1194 μὲν
664 1127 787 1180 οὑδέ
818 1126 1081 1198 ὀμνύουσι
1106 1130 1455 1199 πιστεύομεν,
1484 1132 1607 1194 τοὺς
1638 1131 1694 1183 δὲ
1716 1132 1812 1185 καὶ
1831 1132 1999 1203 χωρὶς
2020 1132 2114 1203 ὄρ·-

538 1224 650 1260 κων
682 1211 906 1273 πιστοὺς
940 1210 1256 1281 ἠγούμεθα;
1319 1213 1482 1284 Ὁρᾷς
1530 1214 1615 1267 ὅτι
1666 1204 1906 1284 οὐδαμοῦ
1950 1216 2113 1285 χρεία

537 1291 752 1361 ὅρκων;
790 1294 886 1345 Ἂν
914 1294 942 1346 6
982 1293 1130 1347 δεῖνα
1184 1294 1337 1368 εἴπῃ,
1370 1296 1524 1365 φησὶ,
1567 1297 1662 1349 καὶ
1715 1297 1885 1368 χωρὶς
1930 1298 2112 1367 ὅρκων

538 1374 814 1429 πιστεύωο
858 1378 939 1430 σοὶ
974 1377 1032 1429 δὲ
1075 1376 1194 1430 οὐδὲ
1235 1378 1355 1448 μεθ’
1386 1381 1584 1449 ὅρκων.
1619 1381 1761 1450 Ἀρα
1811 1381 2059 1451 περιττὸν
2084 1384 2114 1437 6

535 1456 718 1529 ὅρκος,
745 1458 838 1513 καλ⁸
861 1458 1019 1512 τοῦτο
1051 1460 1249 1530 μᾶλλον
1274 1462 1548 1525 ἀπιστίας,
1585 1462 1617 1531 ἥ
1650 1463 1886 1525 πίστεως
1906 1465 2112 1535 τεκμή-

539 1560 677 1613 ριον.
713 1541 827 1613 [141
852 1542 923 1595 Τὸ
953 1543 1060 1613 γάρ
1091 1544 1312 1597 εὑκολον
1356 1541 1496 1599 εἶναι
1528 1546 1663 1617 πρὸς
1688 1546 1748 1599 τὸ
1776 1547 1973 1617 ὀμόσαι
2008 1547 2109 1601 οὑκ

534 1626 731 1697 ἀφίησι
759 1626 916 1691 δόξαν
944 1628 1230 1691 εὐλαϐείας
1250 1628 1417 1699 ἔχειν.
1454 1630 1617 1682 Ὥστε
1661 1631 1689 1682 6
1720 1630 1956 1700 μάλιστα
1981 1648 2105 1684 συν-

536 1710 677 1778 εχῶς
702 1710 779 1780 τῷ
804 1711 950 1781 ὅρκῳ
979 1712 1337 1782 κεχρημένος,
1369 1706 1524 1776 οὗτος
1553 1714 1791 1785 οὐδαμοῦ
1812 1715 1906 1768 τοῦ
1940 1716 2104 1787 ὅρκου

535 1794 636 1863 τὴν
683 1793 871 1863 χρείαν
920 1793 1031 1864 ἔχει
1061 1795 1369 1863 ἀναγκαίαν
1395 1812 1409 1827 ·
1443 1798 1470 1849 6
1498 1796 1556 1849 66
1611 1797 1863 1867 μηδαμοῦ
1896 1816 2106 1870 κεχρη-

536 1876 720 1947 μένος,
747 1877 908 1940 αὑτὸς
927 1878 1091 1932 αὑτοῦ
1111 1879 1209 1948 τῆς
1226 1880 1413 1951 χρείας
1432 1879 1716 1935 ἀπολαύει.
1742 1882 1915 1952 Χρεία
1938 1884 2103 1953 ὅρκου

533 1960 673 2030 πρὸς
698 1960 757 2013 τὸ
784 1960 1136 2015 πιστεύεσθαι
1155 1962 1340 2015 λοιπόν
1362 1979 1376 2028 ;
1408 1963 1677 2033 Οὐδαμῶς
1693 1982 1708 1996 ο
1732 1964 1947 2035 ὁρῶμεν
1972 1965 2103 2037 γὰρ,

532 2043 619 2097 ὅτι
673 2045 723 2096 οί
768 2044 842 2115 μὴ
887 2044 1219 2114 ὀμνύοντες,
1259 2040 1408 2099 οὑτοι
1473 2046 1675 2114 μᾶλλον
1736 2048 2101 2105 πιστεύονται.

547 2126 710 2180 Ἀλλὰ
746 2128 835 2194 τίς
886 2128 947 2182 τὸ
996 2128 1260 2200 ὑϐριστὴν
1314 2127 1453 2182 εἶναι
1497 2128 1743 2201 ἀνάγκης
1777 2131 1921 2197 ἐστί;
1973 2132 2103 2195 Ναὶ,

414 2246 426 2258 .
534 2212 719 2282 φησίν·
738 2211 768 2262 6
790 2212 899 2282 γὰρ
920 2211 1089 2282 θυμὸς
1108 2212 1314 2280 ἐξάγει,
1334 2212 1429 2266 καὶ
1454 2212 1660 2281 φλέγει,
1685 2215 1778 2268 καὶ
1797 2216 1895 2268 οὑκ
1912 2216 2104 2288 ἀφίησι

533 2293 633 2361 τὴν
658 2292 831 2364 ψυχὴν
868 2295 1116 2364 ἠρεμεῖν.
1167 2296 1242 2347 O6
1288 2295 1380 2349 τοῦ
1414 2295 1586 2366 θυμοῦ
1620 2299 1789 2361 ἐστιν,
1825 2298 2099 2370 ἄνθρωπε,

533 2375 669 2429 ἀλλὰ
696 2377 795 2447 τῆς
826 2378 1189 2450 μικροψυχίας
1214 2391 1239 2418 ε
1265 2379 1326 2432 τὸ
1356 2379 1631 2450 ὑϐρίζειν·
1663 2382 1710 2433 εἰ
1742 2380 1798 2433 δὲ
1824 2381 1996 2453 θυμοῦ
2013 2378 2101 2453 ἦν,

534 2459 735 2525 πάντες
758 2461 1033 2532 ἄνθρωποι
1057 2460 1425 2534 ὀργιζόμενοι,
1450 2465 1549 2516 οὑκ
1576 2464 1642 2517 ἂν
1674 2464 1936 2518 διέλειπον
1948 2466 2104 2537 ὑϐρί-

534 2541 737 2606 ζοντες.
766 2544 949 2615 Θυμὸν
985 2545 1203 2617 ἔχομεν,
1233 2547 1329 2617 οὐχ
1356 2548 1443 2599 ἵνα
1470 2547 1782 2619 ὑϐρίξωμεν
1806 2550 1931 2611 τοὺς
1964 2549 2103 2620 πλησ-

536 2625 671 2692 σίον,
717 2625 831 2680 ἀλλ’
876 2627 963 2682 ῖνα
1018 2629 1146 2692 τοὺς
1193 2629 1610 2700 ἁμαρτάνοντας
1661 2632 2101 2702 ἐπιστρέψωμεν,

534 2710 622 2763 ινα
652 2708 1071 2780 διανιστώμεθα,
1110 2711 1195 2764 ἵνα
1240 2711 1314 2782 μὴ
1349 2713 1540 2772 νωθεῖς
1590 2706 1759 2783 ὦμεν.
1805 2714 2016 2784 Ὥσπερ
2049 2732 2103 2769 τι

528 2792 754 2864 κέντρον
783 2794 1025 2861 ἔγκειται
1057 2796 1190 2864 ἡμῖν
1228 2798 1256 2849 6
1283 2796 1475 2865 θυμὸς,
1512 2796 1597 2848 ῐνα
1635 2797 1775 2849 κατά
1801 2797 1895 2849 τοῦ
1922 2799 2104 2851 διαϐό-

529 2874 623 2928 λου
662 2874 951 2946 βρύχωμεν
978 2878 1105 2939 τοὺς
1142 2877 1382 2942 ὀδόντας,
1426 2880 1514 2931 ἵνα
1544 2879 1763 2948 σφοδροὶ
1791 2873 1940 2948 ὦμεν
1964 2881 2103 2952 πρὸς

528 2958 715 3021 αὑτὸν,
740 2959 837 3027 οὑχ
874 2959 960 3011 ἵνα
979 2960 1100 3012 κατ’
1127 2959 1371 3029 ἀλλήλων
1402 2959 1637 3031 στῶμεν.
1669 2962 1848 3013 Ὅπλα
1882 2961 2098 3032 ἔχομεν,

527 3039 626 3109 οὑχ
656 3040 743 3092 ἵνα
771 3042 921 3110 ἡμᾶς
950 3042 1149 3104 αὑτοὺς
1187 3042 1538 3112 πολεμῶμεν,
1576 3044 1692 3095 ἀλλ’
1724 3044 1810 3097 ἵνα
1837 3044 1980 3096 κατὰ
2003 3044 2098 3099 τοῦ

526 3122 789 3192 πολεμίου
815 3124 1077 3195 χρώμεθα
1100 3128 1164 3196 τῇ
1206 3127 1528 3198 παντευχίᾳ.
1574 3128 1820 3200 Ὀργίλος
1851 3124 1936 3192 εἷ;
1969 3129 2102 3182 Ἐσο

529 3204 667 3259 κατὰ
697 3205 802 3259 τῶν
835 3208 1251 3278 ἁμαρτημάτων
1292 3209 1399 3263 τῶν
1432 3211 1628 3263 σαυτοῦ
1660 3210 1933 3275 τοιοῦτος,
1983 3212 2101 3265 ἐπί-

529 3287 730 3359 πληττε
747 3292 809 3359 τῇ
826 3289 991 3362 ψυχῇ,
1021 3291 1248 3359 μάστιζε
1273 3293 1334 3346 τὸ
1353 3294 1612 3357 συνειδὸς,
1637 3294 1864 3366 σφοδρὸς
1880 3295 2101 3366 ἐσοκρι-

527 3371 627 3443 τὴς
655 3374 750 3427 καὶ
782 3376 977 3444 πικρὸς
1006 3374 1266 3445 δικαστὴς
1304 3378 1417 3438 τοῖς
1464 3376 1685 3442 οἰκείοις
1716 3378 2098 3449 ἁμαρτήμασι.
2130 3407 2139 3417 ο

530 3454 704 3510 Τοῦτο
717 3456 816 3526 τῆς
838 3457 1005 3527 ὀργῆς
1027 3458 1087 3511 τὸ
1108 3457 1296 3527 κέρδος
1318 3474 1334 3488 ·
1368 3458 1454 3511 διὰ
1472 3459 1629 3513 τοῦτο
1658 3462 1789 3530 ἡμῖν
1818 3462 1985 3531 αὑτὴν
2019 3465 2100 3517 ἐν·

530 3536 768 3608 έθηκενό
783 3539 933 3603 Θεός.
966 3539 1104 3593 Ἀλλ’
1123 3542 1154 3611 ἡ
1183 3541 1406 3611 ἁρπαγὴ
1424 3543 1485 3607 ἐξ
1511 3543 1757 3613 ἀνάγκης
1777 3545 1922 3597 ἐστίν
1946 3562 1961 3610 ;
1986 3530 2101 3599 Ὀὑ-

526 3618 739 3689 δαμῶς’
772 3622 898 3675 ποία
918 3622 1025 3693 γάρ
1054 3624 1266 3695 ἀνάγκη
1286 3624 1348 3677 τὸ
1366 3625 1655 3695 ἁρπάζειν,
1680 3629 1802 3685 εἰπέ
1822 3645 1910 3697 μοι
1930 3645 1945 3694 ;
1970 3630 2098 3683 ποία

528 3700 620 3775 βία
638 3705 854 3769 ;Πενία,
869 3707 1021 3777 φησὶ,
1042 3710 1203 3771 ποιεῖ,
1224 3708 1389 3761 καὶτὸ
1406 3709 1522 3771 δέος
1538 3710 1644 3762 τῶν
1657 3711 1986 3778 ἀναγκαίων.
2000 3713 2097 3765 Διά

527 3784 684 3839 τοῦτο
708 3788 805 3857 μὲν
848 3784 939 3842 οὖν
973 3791 1072 3842 οὑκ
1100 3792 1335 3859 ὀφείλεις
1371 3792 1667 3862 ἁρπάζειν·
1703 3794 1763 3846 06
1792 3793 1901 3865 γάρ
1929 3796 2099 3863 ἀσφα-

527 3867 625 3938 λὴς
652 3872 681 3922 6
702 3870 940 3933 τοιοῦτος
977 3872 1223 3936 πλοῦτος.
1254 3875 1324 3926 Σὺ
1365 3874 1420 3930 δέ
1452 3877 1649 3929 ταυτὸν
1680 3880 1877 3940 ποιεῖς,
1907 3876 2096 3948 ὥσπερ

528 3950 594 4005 ἂν
627 3952 782 4017 εἴτις
806 3954 1120 4024 ἐρωτηθεὶς,
1151 3957 1204 4009 τί
1227 3957 1428 4027 δήποτε
1463 3961 1540 4024 εἰς
1563 3959 1746 4030 ἄμμον
1774 3960 1843 4014 τά
1872 3946 2096 4030 θεμέλια

526 4034 626 4104 τῆς
658 4036 832 4100 οἰκίας
868 4038 1219 4104 καταϐάλλοι,
1264 4040 1431 4105 εἴποι,
1459 4042 1542 4095 ὄτι
1580 4043 1679 4097 Διὰ
1712 4043 1803 4096 τὸν
1842 4045 2052 4114 κρυμὸν
2077 4082 2092 4107 ,

526 4116 614 4169 διὰ
643 4117 732 4171 τὸν
760 4119 931 4175 ὑετόν.
960 4122 1057 4175 Διά
1078 4123 1236 4176 τοῦτο
1265 4124 1362 4194 μὲν
1383 4120 1475 4176 οὖν
1497 4127 1576 4188 είς
1597 4126 1781 4197 ἄμμον
1808 4126 1908 4179 οὑκ
1928 4128 2094 4197 ἐχρῆν

528 4201 887 4257 καταϐάλλειν
909 4220 924 4234 ⁸
958 4207 1290 4278 ἀναστρέφει
1315 4209 1421 4279 γάρ
1439 4210 1579 4263 αὑτὰ
1606 4210 1814 4279 ταχέως
1834 4212 1929 4263 καὶ
1942 4211 2095 4275 ὑετὸς

527 4285 623 4337 καὶ
651 4286 938 4357 πνεύματα
972 4290 1066 4343 καὶ
1088 4290 1307 4361 ἄνεμος.
1339 4293 1502 4346 Ὥστε
1533 4297 1581 4347 εί
1606 4294 1857 4349 πλουτεῖν
1891 4294 2091 4358 θέλεις,

530 4369 607 4438 μὴ
638 4370 970 4428 πλεονέκτει.
999 4374 1062 4426 Εἰ
1093 4374 1253 4428 παισὶ
1276 4375 1458 4445 βούλει
1484 4378 1818 4449 παραδοῦναι
1840 4378 2089 4443 πλοῦτον,

589 4534 624 4601 ξε
636 4523 762 4601 666:
796 4539 928 4588 sape
954 4526 1552 4601 Idiximugnpupoqmziuy
1573 4532 1698 4593 apud
1724 4529 2097 4601 'ecclgsiastlgos

528 4591 800 4694 agriami-es
838 4591 1019 4650 passim
1062 4591 1340 4661 signiﬁcat-'8
1374 4591 1694 4644 'siinultaiem
1735 4600 1788 4644 et
1826 4592 2096 4649 dissensio-

3724 440 3803 494 22

2221 548 2429 604 δίκαιον
2475 550 2693 619 κτῆσαι,
2731 553 2786 604 εἷ
2814 553 2874 619 γέ
2923 554 3005 617 τίς
3045 555 3162 607 ἐστι
3191 552 3461 617 τοιοῦτος’
3496 544 3650 615 οὗτος
3688 571 3803 621 γαρ

2226 632 2399 703 μένει,
2424 635 2518 687 καὶ
2543 634 2757 703 βέϐαιος
2778 636 3041 704 ἕστηκενο
3069 640 3098 690 6
3128 638 3185 689 δὲ
3220 638 3295 709 μὴ
3317 636 3559 700 τοιοῦτος
3585 637 3804 706 ταχέως

2221 717 2517 769 ἀπόλλυται
2548 719 2643 771 καὶ
2685 718 3083 790 διαφθείρεται.
3132 721 3390 775 Πλουτείν
3439 719 3634 781 θέλεις,
3668 720 3802 771 εἰπέ

2222 817 2334 871 μοι,
2372 803 2466 865 καὶ
2498 800 2567 853 :6
2595 801 2704 852 τῶν
2743 801 2918 856 ἄλλων
2961 802 3294 872 λαμϐάνεις;
3344 802 3455 857 Καὶ
3501 802 3605 873 μὴν
3632 801 3803 855 τοῦτο

2217 883 2320 937 οὑκ
2364 882 2478 941 ἔστι
2506 883 2754 950 πλοῦτος,
2788 884 2923 937 ἀλλὰ
2952 886 3012 938 τὸ
3043 886 3111 939 :6
3143 887 3249 939 [δια
3276 887 3557 955 κατέχειν·
3589 886 3617 937 6
3638 885 3693 937 δὲ
3723 884 3799 937 τὰ

2216 965 2476 1034 ἀλλότρια
2505 965 2663 1035 ἔχων,
2699 967 2798 1019 οὑκ
2840 968 2906 1020 ἂν
2952 970 3037 1037 εἴη
3079 968 3361 1031 πλούσιος’
3394 968 3516 1020 ἐπεὶ
3553 967 3696 1020 οὑτω
3726 984 3797 1035 γε

2218 1048 2285 1101 ἂν
2322 1049 2419 1101 καὶ
2440 1049 2490 1101 οί
2518 1048 2589 1101 :6
2628 1049 2829 1119 σηρικὰ
2858 1050 3183 1116 πωλοῦντες,
3212 1051 3401 1121 ἱμάτια
3422 1049 3553 1120 παρ’
3582 1051 3798 1119 ἐτέρων

2214 1131 2602 1203 λαμϐάνοντες,
2624 1134 2720 1185 καὶ
2746 1134 3114 1204 εὐπορώτεροι
3140 1134 3235 1186 καὶ
3256 1133 3640 1202 πλουσιώτεροι
3660 1134 3800 1185 πάνυ

2214 1233 2323 1269 των
2352 1215 2595 1283 λέγοιντο
2642 1215 2707 1269 ἄν
2727 1232 2741 1244 ο
2775 1215 2950 1268 καίτοι
2984 1233 3046 1283 γε
3079 1216 3258 1270 αὑτῶν
3303 1217 3421 1271 ἐστι
3462 1216 3600 1279 τέως
3623 1255 3637 1276 .
3670 1216 3794 1269 ἀλλ’

2213 1298 2364 1368 ὅμως
2401 1298 2597 1361 αὑτοὺς
2640 1297 2701 1349 06
2747 1297 3020 1369 καλοῦμεν
3075 1298 3385 1361 πλουσίους.
3434 1299 3501 1350 Τί
3548 1298 3790 1368 δήποτε;

2214 1382 2337 1434 ’Ὁτι
2363 1380 2431 1434 τά
2463 1380 2719 1449 ἀλλότρια
2747 1380 2983 1451 ἔχουσιν.
3015 1380 3077 1434 Et
3107 1381 3218 1451 γὰρ
3246 1382 3341 1434 καὶ
3368 1381 3439 1434 :6
3467 1382 3657 1452 ἱμάτια
3687 1383 3795 1434 a6-

2208 1463 2319 1517 τῶν
2351 1465 2626 1532 τυγχάνει,
2662 1463 2776 1515 ἀλλ’
2816 1464 3013 1535 ἡτιμὴ
3061 1465 3161 1516 οὐκ
3191 1465 3401 1517 αὐτῶν·
3438 1466 3487 1517 εί
3526 1464 3581 1517 δὲ
3610 1466 3707 1517 καὶ
3753 1468 3789 1535 ἠ

2206 1546 2341 1617 τιμὴ
2370 1545 2571 1607 αὐτῶν,
2604 1546 2724 1599 ἀλλ’
2754 1539 2910 1609 οὗτος
2958 1546 3189 1610 πλοῦτος
3220 1547 3321 1599 οὑκ
3354 1546 3493 1599 ἐστι.
3529 1546 3592 1600 El
3629 1547 3686 1600 δέ
3715 1549 3787 1603 :6

2211 1630 2513 1700 συμϐόλαια
2536 1630 2786 1701 διδόμενα
2809 1632 2870 1684 o6
2893 1633 3038 1684 ποιεῖ
3056 1630 3367 1695 πλουσίους,
3391 1629 3556 1683 διὰτὸ
3572 1632 3787 1699 ταχέως

2208 1714 2355 1784 ἡμᾶς
2395 1713 2575 1767 αὑτῶν
2618 1713 2971 1781 ἀφίστασθαι,
3001 1715 3073 1765 :6
3119 1713 3180 1781 ἐξ
3212 1714 3467 1784 ἁρπαγῆς
3493 1714 3610 1777 πῶς
3639 1716 3790 1767 ποιεῖ

2208 1795 2526 1863 πλουσίους;
2561 1794 2675 1867 [15]
2705 1797 2768 1849 El
2807 1797 2865 1850 δὲ
2893 1796 2987 1851 καὶ
3019 1797 3156 1859 ὅλως
3198 1797 3485 1867 ἐπιθυμεῖς
3530 1796 3785 1852 πλουτεῖν

2204 1878 2291 1949 (οὑ
2312 1878 2420 1948 γὰρ
2448 1878 2689 1949 ἀνάγκης
2709 1879 2771 1933 τὸ
2792 1878 3065 1949 πρᾶγμα)·
3095 1879 3239 1943 τίνος
3267 1877 3572 1935 ἀπολαῦσαι
3595 1878 3788 1949 βουλό-

2208 1977 2370 2030 μενος
2405 1960 2679 2025 πλείονος;
2711 1957 2821 2031 ἆρα
2858 1961 3005 2032 ζωῆς
3040 1961 3417 2033 μακροτέρας;
3448 1962 3557 2014 Καὶ
3592 1962 3700 2031 μὴν
3728 1962 3784 2014 οἱ

2204 2042 2435 2097 τοιοῦτοι
2463 2044 2671 2113 ταχέως
2703 2044 3061 2116 ὀλιγοχρόνιοι
3087 2044 3348 2113 γίνονται.
3382 2043 3646 2107 Πολλάκις
3666 2046 3787 2115 γάρ

2205 2125 2361 2195 δίκην
2398 2125 2603 2179 διδόασι
2635 2127 2733 2196 τῆς
2765 2126 3026 2197 ἁρπαγῆς
3070 2128 3164 2181 καὶ
3200 2126 3302 2196 τῆς
3335 2125 3650 2192 πλεονεξίας
3683 2128 3786 2179 τὸν

2205 2207 2383 2278 ἄωρον
2412 2207 2640 2262 θάνατον
2666 2209 2762 2262 καὶ
2792 2210 2853 2262 τὸ
2873 2211 2979 2262 τῶν
3005 2212 3298 2281 κτημάτων
3334 2211 3409 2279 μὴ
3440 2209 3779 2275 ἀπολαῦσαι,

2203 2291 2338 2345 ἀλλά
2372 2292 2588 2362 μικρὸν,
2633 2293 2725 2345 καὶ
2767 2292 2864 2363 τὴν
2905 2292 3129 2361 γέενναν
3178 2292 3434 2347 ἀπελθεῖν
3481 2291 3780 2357 λαϐόνταςο

2205 2372 2462 2438 πολλάκις
2499 2374 2555 2428 66
2578 2376 2672 2428 καὶ
2695 2376 2802 2428 άπὸ
2830 2375 2928 2445 τῆς
2963 2376 3171 2446 τρυφῆς
3210 2377 3305 2431 καὶ
3330 2375 3437 2429 ἀπὸ
3463 2374 3571 2427 τῶν
3598 2375 3783 2429 πόνων

2204 2456 2299 2510 καὶ
2329 2457 2437 2510 ἀπὸ
2464 2456 2572 2512 τῶν
2601 2458 2897 2528 φροντίδων
2923 2458 3110 2521 νόσους
3143 2459 3394 2521 τεκόντες
3418 2458 3445 2497 δ
3470 2457 3777 2511 ἀπώλοντο.

2218 2540 2558 2611 Ἦϐουλόμην
2593 2541 2785 2612 μαθεῖν
2805 2541 2950 2605 τίνος
2980 2541 3168 2594 ἕνεκεν
3196 2543 3223 2593 6
3263 2539 3490 2603 πλοῦτος
3522 2539 3781 2593 διεσπού-

2203 2622 2397 2678 δασται
2429 2627 2543 2689 τοῖς
2587 2624 2915 2696 ἀνθρώποις.
2957 2625 3152 2677 Καίτοι
3184 2627 3212 2677 ὀ
3248 2624 3382 2687 Θεὸς
3408 2624 3491 2676 διὰ
3518 2622 3673 2676 τοῦτο
3698 2626 3771 2695 τῇ

2205 2707 2366 2778 φύσει
2408 2708 2606 2781 μέτρον
2639 2708 2733 2761 καὶ
2765 2708 2912 2779 ὃριον
2953 2706 3168 2777 ἔθηκεν,
3210 2708 3296 2761 ἵνα
3338 2706 3602 2778 μηδεμίαν
3632 2705 3777 2776 ἔχων

2206 2807 2305 2859 μεν
2335 2790 2581 2861 ἀνάγκην
2628 2790 2722 2844 τοῦ
2774 2792 2866 2844 τὸν
2908 2790 3135 2843 πλοῦτον
3186 2789 3485 2860 ἐπιζητεῖν,
3533 2785 3642 2841 οἷον
3688 2791 3779 2843 ἐνὶ

2206 2875 2405 2945 ίματίῳ
2431 2876 2463 2947 ἢ
2506 2877 2603 2930 καὶ
2625 2875 2862 2947 δευτέρῳ
2891 2874 3317 2946 περιϐάλλεσθαι
3362 2875 3423 2928 τὸ
3455 2873 3615 2944 σῶμα
3646 2874 3778 2926 ἐκέ-

2202 2958 2379 3020 λευσε,
2407 2960 2503 3011 καὶ
2526 2957 2781 3028 περιττοῦ
2808 2959 2867 3011 06
2887 2959 3045 3030 χρεία
3073 2958 3211 3030 πρὸς
3231 2958 3331 3027 τὴν
3354 2957 3586 3027 σκέπην.
3614 2957 3657 3009 Τ
3663 2957 3779 3020 ίνος

2202 3041 2389 3093 ἕνεκεν
2420 3042 2490 3094 :6
2525 3041 2692 3113 μυρία
2720 3042 2931 3112 ἱμάτια,
2963 3042 3056 3094 καὶ
3079 3043 3149 3094 :6
3175 3040 3525 3113 σητόϐρωτα;
3557 3042 3776 3110 Μέτρον

2197 3123 2506 3194 ὡρισμένον
2535 3124 2654 3179 ἐστὶ
2681 3123 2781 3192 τῆς
2809 3124 3071 3194 γαστρὸς,
3106 3124 3202 3179 καὶ⁴
3229 3123 3372 3193 πέρα
3394 3123 3585 3176 τούτου
3617 3123 3777 3176 δοθὲν

2201 3206 2259 3272 ἐξ
2285 3207 2530 3278 ἀνάγκης
2563 3206 2835 3277 διέφθειρε
2860 3206 2921 3258 τὸ
2955 3207 3065 3260 πᾶν
3101 3206 3239 3272 ζῶον
3264 3221 3278 3236 ⁸
3313 3206 3457 3269 τίνος
3495 3206 3680 3259 ἐνεκεν
3708 3209 3775 3259 αἱ

2199 3288 2394 3356 ἀγέλαι
2428 3290 2521 3342 καὶ
2550 3289 2619 3343 :6
2646 3290 2992 3359 ποίμνιακαὶ
3013 3289 3070 3343 αἱ
3094 3288 3202 3343 τῶν
3222 3288 3402 3360 κρεῶν
3427 3290 3776 3358 κατακοπαίς

2197 3373 2343 3437 Μιᾶς
2377 3372 2574 3443 στέγης
2610 3372 2884 3445 χρῄζομεν
2908 3388 2921 3401 ⁸
2961 3372 3109 3436 τίνος
3142 3372 3325 3428 ἕνεκεν
3364 3372 3415 3426 οἱ
3450 3372 3730 3443 περίϐολοι
3758 3414 3777 3436 ,

2198 3456 2295 3509 καὶ
2319 3456 2387 3510 τά
2404 3456 2675 3527 πολυτελῆ
2702 3455 3020 3526 οἰκημάτων
3044 3472 3058 3520 ;
3106 3455 3194 3510 ἵνα
3223 3455 3398 3523 γῦπες
3442 3459 3535 3511 καὶ
3570 3456 3779 3511 κολοιοὶ

2198 3538 2515 3603 κατοικῶσι,
2551 3539 2677 3602 τοὺς
2704 3539 2944 3610 πένητας
2974 3538 3268 3604 ἀποδύεις;
3311 3539 3421 3593 Καὶ
3466 3541 3640 3608 πόσης
3666 3539 3777 3595 οὑκ

2196 3621 2323 3688 ἄξια
2356 3622 2529 3674 ταῦτα
2572 3622 2833 3691 γεέννης;
2880 3621 3072 3674 Πολλοὶ
3127 3620 3391 3685 πολλάκις
3423 3623 3503 3684 εἰς
3528 3624 3729 3687 τόπους
3754 3664 3773 3688 ,

2198 3705 2295 3766 οὓς
2332 3706 2453 3759 οὑδέ
2498 3701 2659 3770 εἶδον,
2708 3705 2853 3759 κίοσι
2898 3706 2994 3758 καὶ
3037 3704 3207 3768 λίθοις
3257 3706 3573 3777 πολυτίμοις
3618 3708 3775 3761 οἰκο-

2195 3787 2487 3859 δομήματα
2542 3788 2984 3858 ἐξαστράπτοντα
3044 3789 3476 3860 κατεργάζονται
3528 3788 3601 3860 (τί
3654 3789 3773 3860 γάρ

2195 3871 2295 3924 οὑκ
2336 3869 2836 3941 ἐμηχανήσαντος)
2887 3870 2981 3929 καὶ
3030 3872 3151 3924 οὑδέ
3203 3871 3358 3925 αὑτοὶ
3405 3871 3719 3925 ἀπέλαυσαν
3753 3914 3773 3939 ,

2195 3954 2317 4007 οὐδὲ
2349 3954 2499 4007 ἄλλοι
2535 3954 2711 4018 τινές·
2739 3956 2771 4024 ή
2808 3953 2915 4023 γάρ
2945 3955 3149 4025 ἐρημία
3171 3955 3272 4009 οὑκ
3304 3956 3526 4027 ἀφίησιν
3566 3957 3777 4021 αὑτοὺς

2195 4035 2490 4091 ἀπελθεῖν·
2538 4039 2633 4089 καὶ
2682 4037 2804 4090 οὑδέ
2856 4037 3029 4101 οὑτως
3082 4038 3427 4107 ἀφίστανται.
3481 4040 3642 4112 Ὀρᾷς
3681 4040 3774 4096 ὅτι

2194 4120 2316 4172 0666
2345 4119 2729 4191 χρηματισμοῦ
2750 4120 2938 4174 ἕνεκεν
2957 4121 3128 4175 ταῦτα
3153 4122 3396 4190 γίνεται;
3435 4121 3594 4174 Ἀλλά
3623 4122 3771 4175 πάν-

2194 4219 2305 4255 των
2333 4202 2536 4256 τούτων
2580 4202 2736 4256 ἄνοια
2763 4204 2857 4257 καὶ
2890 4203 3085 4273 ἀλογία
3126 4205 3220 4259 καὶ
3264 4204 3538 4270 κενοδοξία
3572 4205 3722 4260 αἰτία
3750 4224 3771 4240 ο

2194 4286 2282 4355 ἢν,
2322 4286 2646 4357 παρακαλῶ,
2680 4285 2961 4357 φύγωμεν,
3008 4288 3095 4340 ἵνα
3127 4287 3195 4340 τά
3219 4288 3355 4341 ἄλλα
3386 4293 3574 4357 φυγεῖν
3599 4287 3772 4360 δυνη-

2190 4368 2373 4439 θῶμεν
2406 4368 2550 4421 κακά
2576 4409 2591 4433 ,
2627 4370 2721 4423 καὶ
2774 4370 2881 4423 τῶν
2932 4371 3356 4441 ἐπηγγελμένων
3403 4371 3620 4439 ἀγαθῶν
3649 4376 3771 4437 τοῖς

2190 4452 2478 4521 ἀγαπῶσιν
2501 4454 2664 4508 αὑτὸν
2688 4457 2890 4525 τυχεῖν,
2928 4457 2986 4508 ὲν
3015 4456 3237 4528 Χριστῷ
3270 4456 3447 4527 Ἰησοῦ
3472 4454 3545 4529 τῷ
3569 4454 3771 4533 Κυρίῳ

2191 4538 2225 4608 ἡ
2232 4536 2372 4607 μῶν.

2254 4661 2282 4701 δ
2308 4658 2423 4721 Alii,
2443 4662 2600 4717 νόσοις
2620 4662 2963 4725 περιπεσόντες.
