4030 6502
255 366 317 420 21
1165 348 1256 430 'tN
1286 338 1510 430 me.
1554 372 1647 427 an
1690 368 1833 426 erit:

1976 368 2128 424 CAP.
2172 369 2210 424 l.
2257 368 2485 427 llOMIL.
2529 369 2595 425 ll.
3471 376 3544 431 9.2

255 497 345 553 tiei
374 502 431 552 et
454 494 741 551 socordia}.
769 494 933 563 idque
959 494 1037 548 sic
1063 491 1345 547 didiceris:
1378 489 1506 560 Quid
1537 488 1701 552 enim,
1732 484 1840 550 dic,

252 604 474 661 qumso,
516 596 599 643 est
643 586 946 653 difﬁcilius,
1001 584 1128 655 quid
1169 582 1549 653 injucundius,
1591 588 1847 633 noctesuc

252 683 407 737 obire
427 680 741 751 vigilantem
762 689 816 734 et
836 693 1019 733 muros
1045 676 1325 747 perfodere
1344 674 1463 730 etin
1486 670 1721 727 tenebris
1741 684 1846 722 am-

250 774 464 840 bulare,
486 781 551 828 et
573 772 806 827 animam
836 771 1036 825 habere
1067 770 1120 823 in
1144 768 1413 831 manibus,
1443 775 1497 820 et
1524 763 1843 820 instructum

249 882 372 922 esse
396 867 465 920 ad
484 864 693 920 caedem
716 902 732 930 ,
764 872 819 917 et
844 860 1077 916 tremere
1099 868 1153 916 et
1178 854 1313 914 mori
1344 866 1491 912 metu
1515 870 1533 922 ς
1565 869 1632 908 an
1660 850 1843 922 quoti-

249 960 426 1014 dianis
470 971 692 1027 operam
735 955 866 1010 dare
912 953 1214 1016 laboribus,
1260 960 1314 1006 et
1344 949 1396 1003 in
1426 958 1540 1001 tuto
1569 960 1689 1002 esse
1723 957 1844 998 Cum

248 1052 582 1109 securitate?
630 1051 743 1106 Hoc
781 1057 864 1104 est
916 1048 1069 1102 facile
1101 1064 1113 1098 :
1146 1055 1201 1101 et
1238 1044 1361 1117 quia
1391 1041 1495 1096 hoc
1538 1050 1622 1096 est
1648 1037 1805 1093 facile
1827 1078 1842 1103 ,

249 1147 438 1216 plures
468 1144 572 1199 hoc
594 1144 830 1208 faciunt,
861 1144 1020 1211 quam
1052 1138 1203 1194 illud.

319 1239 378 1293 4.
406 1236 581 1291 Virtus
609 1245 681 1289 est
706 1234 981 1289 secundum
1011 1242 1269 1294 naturam,
1293 1229 1471 1283 vitium
1488 1236 1665 1281 contra
1686 1234 1844 1278 natu-

247 1328 755 1385 ramJuramentum
782 1336 856 1381 est
881 1338 1329 1394 supervacaneum.
1362 1320 1552 1375 COMra
1571 1317 1842 1373 avaritiam

249 1431 299 1477 et
320 1420 565 1491 rapiendi
584 1420 929 1488 cupiditatem.
957 1446 1029 1457 -—-
1059 1416 1222 1471 Vides
1252 1414 1391 1485 quod
1421 1412 1714 1469 secundum
1748 1427 1843 1465 na—

252 1524 431 1568 turam
485 1511 702 1582 quidem
760 1510 832 1565 sit
883 1510 1092 1573 virtus,
1139 1516 1336 1577 prtetcr
1379 1516 1624 1561 naturam
1661 1514 1840 1559 autem

251 1604 448 1658 vitium
468 1645 481 1667 ,
512 1602 651 1657 sicut
693 1602 911 1655 meritus
930 1608 986 1654 et
1012 1596 1257 1654 sanitas?
1284 1597 1423 1664 Quid
1450 1612 1581 1677 vero
1625 1596 1842 1651 mentiri

249 1707 307 1751 et
334 1696 600 1766 pejerare,
615 1708 900 1763 quumnam
927 1692 1158 1746 habeant
1175 1690 1586 1767 necessitatem?
1606 1688 1838 1755 Nullam,

251 1803 357 1843 nec
389 1788 525 1851 vim;
554 1787 648 1841 sed
680 1785 927 1841 lubenter
954 1784 1021 1838 ad
1050 1784 1101 1838 id
1128 1783 1399 1838 venimus.
1431 1781 1616 1846 Nobis,
1645 1780 1839 1850 inquit,

252 1878 391 1934 ﬁdes
416 1894 523 1933 non
554 1877 799 1933 habetur.
823 1876 981 1932 Fides
1022 1891 1129 1930 non
1159 1874 1386 1930 habetur
1408 1912 1423 1941 ,
1457 1873 1709 1944 quoniam
1748 1885 1845 1927 vo—

250 1971 434 2025 lumus
464 1989 478 2024 :
512 1971 709 2026 licebat
751 1971 895 2027 enim
922 1969 1081 2025 nobis
1121 1969 1292 2040 magis
1337 1969 1505 2024 iidem
1537 1967 1722 2023 haberi
1766 1980 1838 2023 ex

248 2065 494 2119 muribus
513 2109 527 2129 ,
575 2082 734 2135 quant
775 2080 840 2119 ex
866 2064 1212 2134 juratneulis.
1232 2063 1365 2119 Nam
1394 2078 1522 2129 cur,
1551 2062 1637 2117 die
1664 2059 1793 2116 mihi
1819 2099 1835 2127 ,

191 2188 199 2203 ι
246 2157 371 2213 aliis
418 2173 486 2213 ne
523 2158 829 2227 jurantibus
874 2156 1094 2227 quidem
1143 2158 1451 2222 credimus;
1485 2156 1621 2209 alios
1658 2155 1836 2209 autem

246 2252 411 2306 etiam
442 2251 701 2321 injuratos
751 2249 857 2305 ﬁde
900 2249 1092 2319 dignos
1139 2248 1465 2303 censemus?
1498 2248 1657 2303 Vides
1688 2244 1839 2317 quod

244 2354 587 2413 nequaquam
635 2348 771 2412 opus
813 2342 883 2397 sit
926 2341 1286 2412 iuramentis?
1329 2338 1387 2397 Si
1437 2340 1524 2396 hic
1578 2350 1670 2395 aut
1707 2342 1835 2407 ille,

245 2436 451 2507 inquit,
502 2436 732 2501 dixerit,
779 2436 943 2492 credo
989 2436 1152 2490 etiam
1184 2434 1449 2505 iujurato;
1482 2435 1573 2489 tibi
1618 2444 1832 2500 autem,

248 2542 351 2582 nec
400 2526 447 2582 si
491 2528 776 2596 juravcris.
813 2528 906 2583 Est
931 2542 1064 2598 ergo
1111 2527 1476 2597 juramentmn
1518 2542 1837 2597 supervaca-

243 2634 445 2684 neum;
491 2630 544 2674 et
572 2618 674 2673 hoc
700 2630 780 2674 est
819 2620 987 2690 magis
1016 2629 1390 2690 argumentum
1442 2619 1834 2675 incredulitatis

242 2726 405 2781 quam
438 2711 583 2765 ﬁdei.
614 2713 912 2767 Proclivem
952 2703 1095 2769 enim
1125 2727 1246 2768 esse
1273 2713 1339 2767 ad
1372 2712 1659 2783 juraudum
1679 2755 1693 2779 ,
1725 2728 1831 2767 non

242 2807 373 2862 sinit
399 2816 458 2861 ut
485 2806 625 2861 bona
656 2808 989 2876 caucipiatur
1035 2807 1219 2876 Opinio
1265 2806 1498 2877 pietatis.
1526 2807 1702 2875 Quare
1740 2808 1829 2877 qui

244 2899 484 2954 maxime
528 2898 884 2969 jurejurando
936 2899 1151 2954 assidue
1195 2899 1391 2964 utitur,
1450 2899 1494 2953 is
1540 2899 1832 2967 juramenti

243 3004 401 3045 usum
443 3004 779 3059 nequaquam
825 2987 988 3045 habet
1034 2990 1398 3044 necessarium
1451 3007 1465 3043 :
1512 2990 1604 3060 qui
1650 3000 1829 3044 autem

242 3082 469 3138 minime
494 3083 683 3149 utitur,
712 3082 758 3137 is
780 3081 897 3151 ejus
925 3098 1024 3137 usu
1047 3081 1263 3136 fruitur.
1291 3081 1677 3138 Juramentonc
1695 3096 1831 3152 opus

239 3183 325 3230 est
369 3184 428 3228 ut
470 3174 764 3229 credatur?
787 3174 1004 3240 Minime
1035 3192 1048 3229 :
1083 3174 1329 3229 videmus
1372 3175 1514 3229 enim
1565 3174 1710 3244 quod
1740 3176 1830 3245 qui

239 3280 349 3319 non
387 3264 573 3336 jurant
594 3307 610 3330 ,
641 3265 706 3320 iis
732 3266 967 3321 maxime
1008 3266 1265 3322 creditur.
1310 3266 1416 3323 Sed
1449 3266 1613 3337 quid?
1642 3277 1830 3322 contu-

238 3358 524 3413 meliosum
542 3369 661 3412 esse
684 3366 767 3413 est
792 3357 1171 3413 necessitatis?
1196 3358 1374 3423 Certe,
1407 3357 1577 3427 inquit
1605 3373 1621 3417 :
1651 3368 1833 3414 movet

238 3450 386 3505 enim
420 3449 497 3504 ira
528 3459 583 3504 et
610 3450 935 3515 inﬂammat,
964 3465 1063 3505 nec
1094 3449 1223 3504 sinit
1272 3460 1329 3504 ut
1353 3450 1572 3520 quietus
1600 3458 1656 3505 et
1683 3458 1831 3505 tran-

236 3544 440 3615 quillus
470 3544 542 3599 sit
560 3544 792 3601 animus.
811 3544 1153 3600 Contumelia
1184 3545 1421 3609 afﬁcere,
1443 3559 1476 3597 ο
1496 3544 1688 3611 homo,
1720 3558 1826 3597 non

238 3646 323 3691 est
354 3638 448 3691 ira:
472 3677 487 3700 ,
516 3637 609 3692 sed
638 3636 926 3691 simultatis
958 3652 974 3689 :
1007 3636 1050 3690 si
1081 3645 1260 3691 autem
1301 3643 1445 3690 esset
1481 3635 1573 3689 ira:
1595 3675 1610 3701 ,
1639 3648 1828 3689 omnes

240 3727 490 3783 homines
540 3728 834 3783 irascentes
866 3743 973 3781 non
1030 3727 1447 3782 intermitterent
1504 3726 1826 3781 contumelia

238 3810 481 3876 afﬁcere.
507 3820 644 3874 Iram
670 3820 931 3875 habemus
952 3862 965 3884 ,
992 3832 1096 3873 non
1120 3828 1188 3872 ut
1209 3820 1482 3888 proximos
1502 3818 1827 3873 contumelia

238 3911 543 3967 afﬁciamus
568 3953 584 3976 ,
611 3912 707 3967 sed
734 3921 791 3967 ut
820 3926 915 3968 eos
944 3913 1033 3982 qui
1065 3918 1288 3982 peccant
1326 3920 1702 3967 convertamus
1726 3951 1742 3976 ,
1774 3918 1832 3966 ut

238 4019 338 4059 nos
362 4005 682 4072 excitemus,
714 4020 783 4059 ne
810 4005 977 4060 simus
1003 4004 1176 4075 ignavi
1206 4013 1259 4060 et
1276 4003 1519 4060 hebetes.
1549 4003 1628 4057 Ira
1673 4003 1829 4058 nobis

240 4098 381 4153 inest
410 4108 684 4168 tamquam
726 4097 941 4169 quidam
969 4099 1249 4165 stinmlus,
1278 4107 1338 4152 ut
1361 4098 1618 4153 adversus
1640 4096 1829 4152 diabo-

240 4191 348 4246 lum
375 4191 629 4248 dentibus
659 4192 983 4248 strideamus
1006 4235 1021 4260 ,
1039 4203 1097 4247 ut
1124 4193 1174 4247 in
1206 4208 1327 4247 cum
1351 4192 1521 4248 simus
1541 4193 1829 4248 vehemen-

238 4290 355 4339 tes:
383 4301 492 4338 nou
521 4294 579 4339 ut
606 4284 745 4340 alter
772 4285 823 4339 in
852 4285 1076 4340 alterum
1104 4295 1334 4341 stemus.
1360 4285 1522 4341 Arma
1547 4286 1827 4351 habemus,

238 4392 346 4430 non
376 4385 434 4430 ut
462 4393 562 4431 nos
610 4378 755 4447 ipsos
787 4377 929 4432 bello
967 4377 1320 4444 impclamus,
1349 4377 1445 4431 sed
1474 4388 1530 4431 ut
1572 4376 1830 4432 adversus

243 4467 452 4521 hostem
485 4479 697 4522 utamur
726 4478 1014 4523 armatura.
1048 4468 1191 4523 Esne
1214 4468 1545 4523 iracundus?
1574 4468 1662 4523 Sis
1711 4469 1831 4523 talis

241 4558 500 4614 adversus
530 4570 615 4613 tua
648 4570 863 4628 peccata
888 4602 903 4627 ,
938 4561 1153 4628 increpa
1175 4560 1436 4624 animum,
1470 4560 1675 4629 ﬂagella
1702 4574 1831 4614 con-

241 4652 524 4705 scientiam
560 4667 575 4707 :
604 4652 679 4705 sis
700 4652 992 4707 vehemens
1032 4651 1234 4721 judex,
1278 4662 1332 4707 et
1372 4651 1602 4707 acerbus
1631 4652 1833 4707 arbiter

237 4742 296 4796 in
324 4750 412 4796 tua
439 4752 681 4813 peccata.
707 4743 818 4798 lloc
841 4753 924 4799 est
954 4745 1161 4799 lucrum
1203 4744 1296 4798 ira:
1322 4761 1334 4797 :
1362 4752 1644 4813 prepterea
1690 4742 1830 4798 Deus

236 4849 359 4889 eam
403 4835 563 4890 nobis
618 4833 832 4889 indidit.
872 4836 943 4889 At
989 4836 1172 4905 rapina
1222 4843 1307 4890 est
1348 4850 1414 4890 ex
1461 4834 1829 4890 necessitate?

236 4927 635 4998 Nequaquam:
676 4928 806 4999 quid
851 4929 994 4983 enim
1049 4938 1170 4994 est,
1227 4929 1314 4982 dic
1355 4944 1575 4999 ([03:50,
1609 4943 1830 4983 necesse

235 5021 478 5091 rapere?
505 5036 755 5092 quaenam
781 5023 862 5076 vis
890 5030 941 5076 te
972 5020 1242 5089 impellit?
1273 5021 1588 5089 Paupertas,
1630 5019 1820 5089 inquit,

235 5122 297 5169 et
319 5113 480 5167 timor
509 5112 577 5168 de
604 5112 766 5167 rebus
796 5112 1135 5168 necessariis.
1161 5112 1241 5166 Tu
1280 5120 1565 5181 propterea
1609 5111 1823 5181 quidem

234 5214 388 5259 certe
414 5219 522 5258 non
550 5205 717 5260 debes
744 5219 949 5272 rapere
982 5221 995 5257 :
1025 5219 1131 5259 non
1177 5212 1304 5257 suttt
1335 5187 1481 5257 enim
1511 5203 1734 5257 stabiles
1772 5213 1827 5256 ct

234 5295 405 5350 urina:
447 5296 716 5366 ejusmodi
760 5294 980 5349 divitim.
1001 5294 1079 5349 Tu
1107 5306 1284 5351 autem
1312 5294 1452 5349 idem
1474 5295 1636 5357 facis,
1663 5303 1823 5365 atque

231 5387 280 5440 si
310 5387 429 5458 quis
459 5397 680 5458 rogatus
704 5403 800 5443 cur
832 5388 885 5443 iu
913 5401 1075 5442 arena
1119 5386 1312 5444 domus
1338 5385 1687 5443 fundamenta
1744 5386 1829 5455 ja-

1952 484 2080 550 ciat,
2111 483 2290 549 dicat,
2318 484 2544 555 Propter
2570 484 2739 556 frigus
2772 496 2826 542 et
2862 497 3084 558 propter
3114 488 3367 560 pluviam.
3406 491 3541 548 Pro.

1954 585 2073 643 pter
2103 576 2203 630 hoc
2231 576 2448 645 quidem
2478 580 2625 633 eerie
2651 594 2757 633 non
2780 580 3063 649 oportebat
3088 582 3435 639 fundamenta
3458 587 3543 655 ja-

1951 684 2078 723 cere
2106 669 2158 722 in
2189 685 2354 725 arena
2386 687 2399 723 :
2429 686 2493 726 ea
2523 671 2670 727 enim
2697 672 2806 728 cito
2830 684 3081 730 evertunt
3117 686 3171 731 et
3197 678 3448 746 procella:
3486 684 3543 732 et

1951 762 2117 817 venti.
2138 761 2321 829 Quare
2367 762 2414 818 si
2463 763 2547 818 vis
2585 778 2711 820 esse
2734 763 2924 829 dives,
2950 782 3028 822 ne
3059 767 3134 822 sis
3183 779 3545 835 avarus,.ncc

1953 851 2105 922 plura
2149 852 2381 908 habendi
2410 854 2659 925 cupidus.
2682 853 2737 911 Si
2764 855 2849 911 vis
2870 857 3003 913 ﬁliis
3035 859 3247 917 tradere
3281 860 3501 916 divitias
3520 894 3539 927 δ

1952 945 2165 1014 posside
2187 945 2390 1015 justas,
2416 947 2461 1002 si
2489 947 2611 1003 ulla:
2636 948 2749 1003 sint
2772 949 2909 1009 tales
2942 967 2956 1004 :
2992 966 3072 1006 ea:
3094 953 3237 1007 enim
3268 965 3491 1009 manent
3523 991 3541 1017 ,

1950 1026 2201 1108 stantque
2253 1039 2421 1094 ﬁrmae
2448 1054 2513 1095 ac
2555 1040 2814 1108 stabiles;
2868 1056 2989 1112 qua:
3037 1053 3218 1099 autem
3265 1062 3369 1100 non
3412 1050 3542 1101 sunt
3583 1029 3591 1035 ’

1950 1130 2214 1200 ejusmodi
2242 1171 2257 1199 ,
2289 1132 2397 1199 cito
2444 1143 2671 1203 pereunt
2699 1144 2755 1190 et
2792 1135 3085 1191 intereunt.
3114 1137 3211 1192 Dic
3258 1137 3387 1193 mihi
3412 1178 3428 1204 ,
3458 1140 3541 1192 vis

1948 1236 2068 1277 esse
2092 1222 2242 1277 dives
2264 1264 2277 1287 ,
2306 1230 2360 1278 et
2388 1240 2507 1294 qua:
2523 1226 2904 1281 suntaliorum
2932 1228 3220 1298 accipere?
3243 1230 3404 1301 Atqui
3430 1229 3540 1284 hoc

1950 1333 2057 1375 non
2087 1329 2171 1374 est
2215 1320 2444 1387 divitiae,
2479 1320 2576 1377 sed
2624 1321 2902 1391 possidere
2924 1338 3051 1394 quae
3099 1334 3223 1378 sunt
3272 1324 3484 1394 propria
3519 1332 3537 1377 ἐ

1950 1411 2040 1481 qui
2070 1422 2247 1467 autem
2278 1411 2441 1468 habet
2470 1414 2644 1470 aliena
2666 1456 2681 1481 ,
2718 1431 2831 1471 non
2878 1414 3038 1470 fuerit
3080 1416 3251 1472 dives.
3281 1416 3414 1471 Nam
3454 1417 3539 1475 sit:

1952 1500 2112 1558 etiam
2142 1507 2233 1574 qui
2264 1504 2502 1561 vendunt
2532 1506 2727 1573 serica,
2754 1516 2815 1562 et
2838 1507 3163 1562 vestimenta
3184 1508 3261 1562 ab
3293 1507 3415 1563 aliis
3432 1523 3538 1563 θοι

1949 1599 2557 1668 cipiunt,opulentiores
2574 1609 2629 1655 et
2648 1599 2876 1656 ditiores
2898 1599 3007 1655 dici
3037 1609 3291 1670 poterunt
3313 1620 3327 1656 :
3356 1616 3534 1672 quam.

1953 1691 2030 1746 vis
2048 1690 2117 1745 ad
2134 1700 2343 1761 tempus
2356 1706 2545 1747 eorum
2566 1691 2818 1748 sintzsed
2842 1700 3021 1747 tamen
3032 1706 3133 1747 eos
3158 1706 3263 1747 non
3294 1692 3536 1762 appellas

1949 1798 2070 1838 mus
2092 1784 2304 1838 divites.
2331 1783 2693 1850 Quamobrem
2714 1785 2739 1837 ἐ
2764 1784 3028 1851 Quoniam
3058 1785 3258 1839 habent
3272 1800 3393 1855 qua:
3410 1789 3538 1839 sunt

1948 1874 2142 1930 aliena.
2192 1873 2325 1928 Nam
2353 1875 2455 1929 etsi
2502 1890 2692 1931 eorum
2734 1884 2861 1930 sunt
2894 1874 3252 1941 vestimenta,
3295 1890 3404 1931 non
3451 1882 3537 1932 est

1947 1976 2128 2023 tamen
2158 1982 2345 2023 eorum
2372 1969 2602 2038 pretium
2637 1986 2651 2023 :
2680 1968 2823 2039 quod
2843 1969 2888 2024 si
2918 1970 3076 2023 etiam
3102 1970 3382 2027 siteorum
3406 1986 3532 2040 pne-

1946 2060 2113 2125 tium,
2146 2070 2252 2114 non
2272 2071 2409 2114 sunt
2454 2059 2538 2115 ha:
2581 2059 2810 2116 divitiae.
2838 2060 2904 2117 Si
2950 2070 3130 2117 autem
3160 2076 3293 2133 qua:
3337 2062 3536 2117 dantur

1946 2159 2129 2205 mutua
2164 2165 2269 2207 non
2294 2150 2503 2206 faciunt
2548 2151 2747 2206 divites
2771 2192 2788 2219 ,
2822 2164 2898 2207 eo
2927 2153 3069 2222 quod
3096 2160 3196 2209 nos
3222 2153 3330 2209 cito
3359 2153 3427 2209 ab
3446 2154 3535 2209 eis

1945 2241 2261 2298 recedamus
2292 2258 2306 2296 :
2334 2258 2454 2314 quae
2478 2252 2606 2299 sunt
2629 2258 2697 2299 ex
2714 2245 2901 2315 rapina
2922 2247 3193 2315 quomodo
3210 2246 3424 2303 rt'aciunt
3445 2229 3536 2302 di-

1947 2333 2085 2389 vites
2104 2333 2133 2387 ?
2161 2334 2220 2389 Si
2247 2345 2429 2390 autem
2458 2336 2538 2390 vis
2563 2336 2783 2391 omnino
2814 2351 2938 2392 esse
2966 2338 3159 2404 dives;
3189 2354 3363 2410 neque
3387 2340 3533 2395 enim

1943 2441 2004 2480 ea
2037 2441 2124 2483 res
2146 2436 2232 2483 est
2257 2428 2593 2484 necessitatis
2620 2445 2886 2500 :quanam
2912 2447 2973 2486 re
3003 2432 3083 2486 vis
3110 2431 3212 2486 frui
3226 2432 3535 2503 ampliore?

1943 2518 2123 2574 vitane
2158 2520 2391 2590 longiori
2429 2520 2452 2574 ?
2494 2523 2655 2591 Atqui
2702 2522 2792 2593 qui
2843 2523 2978 2578 tales
3022 2533 3187 2591 sunt,
3232 2540 3358 2579 mox
3399 2527 3535 2580 ﬁunt

1943 2612 2066 2667 vita:
2097 2612 2296 2666 brevis.
2331 2613 2489 2683 Stepe
2515 2614 2660 2669 enim
2682 2614 2825 2668 dant
2872 2629 3061 2683 ptenas
3087 2615 3292 2683 rapina:
3317 2624 3373 2670 et
3399 2632 3530 2670 ava-

1943 2705 2116 2771 ritim,
2168 2705 2312 2775 quod
2358 2716 2532 2759 morte
2584 2706 2867 2760 immatura
2914 2707 3339 2772 moriantur,et
3381 2707 3525 2776 quod

1941 2800 2374 2869 possessionibus
2406 2815 2511 2852 non
2532 2798 2788 2855 Iruautur
2815 2799 2915 2854 nisi
2946 2810 3131 2869 parum
3156 2840 3174 2865 ,
3205 2810 3259 2855 et
3278 2799 3531 2870 gehenna

1938 2899 2158 2960 accepta
2200 2890 2508 2945 excedant:
2536 2905 2685 2960 smpe
2714 2890 2880 2945 etiam
2922 2904 2990 2945 ex
3018 2889 3227 2946 deliciis
3264 2899 3320 2945 et
3342 2905 3420 2945 ex
3447 2890 3529 2945 la-
3560 2954 3563 2957 _

1937 2980 2158 3037 boribus
2181 2990 2237 3036 et
2256 2997 2322 3036 ex
2349 2980 2805 3037 sollicitudinibus
2822 2981 3027 3037 morbis
3051 2982 3526 3053 partisperieruut.
3555 2997 3561 3005 ·

1940 3073 2144 3130 Vellem
2173 3075 2312 3130 scire
2340 3089 2570 3144 quanam
2610 3072 2681 3129 de
2724 3088 2887 3129 causa
2916 3073 3151 3129 studium
3184 3083 3391 3143 ponunt
3432 3074 3529 3128 Ιιοι

1938 3167 2112 3223 mines
2139 3167 2193 3223 in
2231 3167 2453 3224 divitiis.
2485 3168 2648 3238 Atqui
2675 3168 2819 3224 Deus
2864 3178 3146 3238 propterea
3176 3176 3382 3223 natura:
3413 3183 3529 3223 mo-

1936 3261 2063 3318 dum
2094 3265 2272 3334 posuit
2297 3273 2349 3316 et
2376 3262 2689 3326 terminum,
2710 3276 2789 3318 .ne
2819 3260 2981 3316 ullam
3008 3259 3301 3315 habeamus
3332 3275 3526 3316 ncces-

1936 3354 2151 3411 sitatem
2199 3355 2510 3425 requirendi
2560 3353 3046 3423 di\a'tias:ncmpe
3092 3361 3244 3407 veste
3292 3368 3393 3406 una
3434 3361 3528 3407 aut

1936 3450 2104 3503 altera
2118 3443 2289 3516 :jussit
2314 3461 2513 3517 corpus
2534 3446 2712 3510 indui,
2742 3458 2843 3503 nec
2864 3460 2959 3509 eo,
2986 3443 3131 3514 quod
3162 3454 3241 3501 est
3267 3458 3527 3514 superva-

1935 3552 2182 3603 caneum,
2209 3553 2347 3609 opus
2371 3546 2455 3593 est
2493 3538 2562 3593 ad
2598 3546 2998 3607 tegumentum.
3031 3535 3299 3603 Quorsum
3346 3543 3526 3588 vestes

1935 3629 2381 3695 innumerabiles,
2428 3638 2484 3684 et
2514 3644 2634 3698 quze
2687 3627 2989 3683 exeduntur
3039 3642 3071 3681 a
3116 3624 3314 3683 tineis?
3343 3625 3525 3681 Ventri

1934 3731 2115 3777 certus
2160 3720 2352 3775 modus
2400 3730 2484 3775 est
2530 3721 2892 3781 constitutus,
2925 3727 2981 3774 et
3018 3717 3162 3787 quod
3214 3717 3349 3781 ultra
3396 3732 3525 3773 eum

1935 3814 2099 3870 fuerit
2123 3798 2304 3869 datum
2331 3852 2346 3877 ,
2380 3811 2687 3868 necessario
2728 3810 2902 3881 perdit
2925 3818 2981 3865 et
3020 3809 3318 3878 corrumpit
3363 3820 3525 3864 omne

1935 3905 2131 3959 animal
2162 3923 2176 3958 :
2208 3918 2464 3974 quorsum
2493 3916 2683 3973 greges
2705 3910 2759 3957 et
2787 3915 2917 3956 oves
2942 3941 2958 3967 ,
2986 3907 3043 3955 et
3068 3900 3308 3955 carnium
3354 3898 3525 3959 disse‘

1935 3999 2182 4055 etiones?
2212 3996 2340 4053 'Uuo
2358 4006 2515 4052 tecto
2543 4011 2680 4065 opus
2705 3993 2964 4050 habemus
2982 4010 2996 4048 :
3014 4007 3241 4063 quanam
3269 3990 3340 4045 de
3363 3998 3525 4047 causa

1936 4101 2063 4147 sunt
2077 4090 2311 4147 ambitus
2321 4101 2376 4145 et
2389 4087 2719 4152 ambulacra,
2733 4094 3153 4156 sumptuosaque
3167 4090 3223 4140 et
3246 4082 3525 4153 magniﬁca

1934 4185 2161 4240 mdiﬁcia
2187 4185 2210 4239 ’ἒ
2241 4194 2297 4238 ut
2326 4184 2567 4237 vultures
2596 4188 2652 4234 et
2693 4177 2897 4249 graculi
2928 4176 3207 4241 habitent,
3256 4188 3526 4247 pauperes

1936 4275 2134 4335 exuis‘l
2177 4278 2441 4345 Quantam
2471 4283 2749 4329 merentur
2773 4271 2891 4327 haec
2914 4268 3217 4340 gehennam
3241 4267 3265 4320 ἲ
3290 4267 3357 4321 Et
3379 4278 3527 4334 saepe

1928 4373 2090 4427 inulti
2120 4371 2172 4426 iu
2201 4370 2334 4425 locis
2360 4384 2482 4438 qua:
2511 4382 2580 4421 ne
2598 4364 2847 4421 viderunt
2874 4361 3121 4432 quidem,
3147 4360 3390 4427 efﬁciunt
3426 4373 3528 4412 co-

1937 4466 2180 4528 lumnas,
2211 4472 2265 4517 et
2293 4460 2500 4531 lapides
2550 4457 2707 4514 valde
2752 4456 3052 4527 pretiosos,
3097 4464 3154 4509 et
3186 4453 3528 4523 fulgurautia

1935 4555 2159 4612 mditicia
2192 4553 2343 4625 (quid
2363 4552 2504 4609 enim
2534 4566 2642 4606 non
2672 4559 2801 4605 sunt
2830 4545 3185 4617 machinati?)
3213 4554 3389 4600 etnec
3416 4544 3517 4614 ipsi

1937 4650 2153 4722 quidem
2183 4648 2266 4703 his
2298 4648 2377 4702 nsi
2406 4657 2552 4712 stmt,
2582 4660 2682 4700 nec
2711 4643 2802 4699 ulli
2831 4640 2925 4696 alii
2952 4658 2965 4694 :
2988 4639 3221 4695 solitudo
3250 4637 3395 4692 enim
3418 4652 3524 4689 non

1938 4744 2067 4799 sinit
2092 4757 2188 4797 eos
2235 4730 2426 4803 abire;
2466 4749 2521 4792 et
2568 4752 2636 4792 ne
2682 4736 2762 4791 sic
2803 4732 3020 4805 quidem
3052 4730 3338 4786 desistunt.
3368 4727 3549 4782 Vides-

1938 4834 2081 4904 quod
2115 4830 2215 4888 nec
2264 4831 2377 4887 haec
2410 4828 2625 4901 quidem
2673 4836 2732 4883 ut
2777 4827 2843 4882 iis
2890 4832 3110 4881 utantur
3153 4820 3395 4877 faciant?
3421 4814 3531 4876 Sed

1930 4929 2130 4983 horum
2183 4925 2422 4983 omnium
2469 4936 2629 4977 causa
2658 4927 2743 4976 est
2786 4917 3053 4980 amentia,
3082 4925 3137 4971 et
3178 4913 3404 4969 rationis
3432 4911 3529 4966 dc-

1928 5022 2127 5085 :l'ectus,
2151 5028 2208 5074 et
2225 5017 2394 5095 gloria
2424 5015 2601 5069 inanis
2636 5031 2648 5067 :
2677 5028 2837 5081 quam
2876 5026 3006 5081 rogo
3030 5024 3126 5063 vos
3155 5018 3211 5069 ut
3238 5006 3529 5077 fugiamus,

1938 5123 1997 5167 ut
2026 5112 2132 5165 alia
2181 5092 2396 5181 quoque
2425 5106 2565 5165 mala
2617 5105 2885 5176 possimus
2916 5102 3100 5173 fugere
3121 5141 3136 5166 ,
3188 5110 3239 5154 et
3272 5092 3531 5166 consequi

1936 5207 2076 5263 bona
2104 5202 2366 5274 promissa
2399 5200 2464 5256 iis
2487 5199 2576 5271 qui
2594 5197 2767 5269 ipsum
2797 5195 3049 5266 diligunt,
3080 5192 3133 5248 in
3159 5188 3375 5247 Christo
3395 5186 3524 5243 Jesu

1932 5293 2164 5352 Domino
2193 5302 2404 5349 nostro.

1621 5630 2183 5660 ψ-

567 5842 846 5908 ΡΑτειοι..
890 5846 1007 5908 Gn.
1055 5845 1245 5909 LXII.
