4030 6500
468 402 473 406 ’
499 388 575 447 23
1208 392 1265 447 S.
1304 388 1420 447 JO.\
1429 384 1578 447 NNIS
1614 384 2083 447 Cllll‘YSOSTOlfl

2214 381 2440 447 cnice.
2472 384 3009 453 ‘coxsmmuor.
3712 376 3786 437 914

914 507 3469 527 ‘__'—u__d.——_——.——————————_—_———'_‘~_L_.Ai.

1901 590 2249 653 HOMILIA
2297 594 2406 655 Ill.

502 747 635 802 Car.
666 748 715 803 1.
747 763 797 802 v.
824 748 911 802 l5.
939 744 1219 815 Propterea
1242 753 1291 799 et
1313 758 1406 815 ego
1430 742 1642 797 audiens
1670 739 1823 809 fidem
1842 746 2084 798 vestram,

576 855 695 906 qua
730 848 802 893 est
846 838 897 891 in
935 836 1135 891 Christo
1178 834 1305 890 Jesu
1331 876 1347 903 ,
1388 845 1434 889 et
1462 834 1779 888 dilectionem
1822 830 1878 883 in
1919 843 2091 881 omnes

574 940 793 994 sanctos,
829 929 916 985 16.
940 945 1043 986 non
1072 943 1210 983 cesso
1235 926 1430 998 gratias
1469 940 1628 997 agens
1655 938 1748 991 pro
1778 920 1916 975 vobis
1934 961 1949 982 .
1981 934 2091 972 me-

565 1021 790 1074 moriam
831 1021 982 1075 vestri
1026 1020 1221 1092 faciens
1265 1020 1321 1073 in
1362 1017 1671 1073 orationibus
1710 1017 1833 1069 meis
1854 1055 1870 1080 ,
1914 1013 2005 1068 17.
2035 1020 2090 1065 ut

576 1111 715 1166 Deus
746 1111 952 1165 Domini
978 1112 1139 1165 nostri
1161 1111 1289 1165 .lesu
1315 1110 1505 1165 Christi
1531 1149 1546 1173 ,
1575 1107 1735 1161 Pater
1774 1106 1951 1177 gloria:
1970 1144 1984 1169 ,
2007 1104 2089 1157 det

576 1205 714 1261 vobis
733 1207 969 1275 spiritum
995 1206 1259 1275 sapientia:
1282 1213 1331 1259 et
1352 1201 1672 1258 reuelationis
1697 1201 1749 1253 in
1775 1198 2086 1269 agnitionem

575 1298 720 1367 ejus,
750 1298 837 1352 18.
866 1298 1180 1351 illuminatos
1201 1296 1375 1350 oculos
1412 1292 1581 1349 cordis
1624 1291 1810 1357 vestri,
1835 1297 1891 1341 ut
1918 1287 2090 1362 sciatis

576 1406 693 1461 quae
733 1391 798 1444 sit
838 1407 952 1459 spes
974 1391 1250 1445 vocationis
1278 1390 1427 1460 ejus,
1458 1398 1507 1443 et
1546 1402 1662 1458 qua:
1700 1385 1887 1439 divitia:
1909 1382 2089 1454 gloria:

580 1482 876 1537 hereditatis
897 1484 1007 1552 ejus
1033 1483 1085 1535 in
1115 1481 1305 1537 sanctis
1329 1522 1345 1545 ,
1381 1479 1467 1535 19.
1497 1488 1544 1533 et
1567 1493 1680 1549 qua:
1706 1478 1769 1532 sit
1806 1474 2091 1544 superemi.

524 1611 528 1615 ‹
570 1591 704 1630 nens
750 1576 1049 1647 magnitudo
1074 1576 1271 1630 virtutis
1314 1576 1424 1644 ejus
1461 1576 1515 1628 in
1562 1589 1687 1638 nos,
1713 1571 1799 1641 qui
1837 1568 2089 1624 credimus

577 1670 853 1724 secundum
878 1670 1222 1739 operationem
1273 1666 1514 1737 potentia:
1560 1665 1757 1721 virtutis
1799 1664 1946 1734 ejus,
1998 1660 2091 1717 3.0.

566 1779 730 1832 quam
776 1772 1017 1831 operatus
1058 1770 1131 1817 est
1178 1761 1233 1815 in
1273 1759 1513 1826 Christo,
1561 1759 1812 1813 suscitans
1873 1755 2022 1809 illum
2066 1769 2098 1807 a

585 1856 818 1909 mortuis.

570 1949 626 2002 1.
642 1946 891 2002 Nihilfuit
904 1947 1046 2019 quod
1064 1956 1243 2017 posset
1255 1945 1570 2016 :equiparari
1588 1941 2096 2011 visceribusaposto-

512 2043 660 2097 licis:
694 2042 827 2097 nihil
849 2042 947 2097 fuit
962 2042 1134 2096 simile
1153 2040 1609 2096 commiserationi
1631 2046 1685 2093 et
1706 2033 2099 2091 benevolentiae

512 2134 656 2189 beati
683 2133 854 2199 Pauli,
872 2133 963 2204 qui
988 2147 1176 2188 onmcs
1197 2147 1320 2187 suas
1346 2131 1598 2186 fundebat
1622 2143 1811 2199 preces
1840 2142 1943 2198 pro
1962 2126 2097 2181 civi-

514 2227 715 2283 tatibus
742 2235 798 2283 et
818 2226 1045 2298 populis.
1065 2226 1133 2282 Et
1157 2226 1223 2280 ad
1240 2238 1430 2280 omnes
1451 2222 1770 2286 hocscribit,
1788 2219 1895 2275 Deo
1908 2218 2100 2290 gratias

518 2338 617 2391 ago
660 2337 753 2391 pro
777 2320 917 2375 vobis
940 2359 957 2387 ,
992 2320 1288 2374 memoriam
1308 2319 1459 2372 vestri
1497 2316 1690 2387 faciens
1716 2315 1769 2367 in
1787 2310 2099 2367 orationibus

515 2413 661 2466 meis.
684 2411 928 2482 Cogitate
951 2426 1111 2481 quam
1134 2410 1332 2465 multos
1361 2408 1605 2463 habuerit
1647 2406 1703 2461 in
1730 2414 1911 2461 mente
1930 2446 1945 2470 ,
1967 2418 2102 2473 quo-

514 2518 633 2557 rum
663 2513 780 2557 erat
805 2503 972 2557 etiam
1003 2500 1223 2555 difﬁcile
1248 2498 1593 2558 meminisse;
1617 2511 1779 2567 quam
1808 2495 2099 2550 multorum

516 2593 850 2649 meminisset
879 2594 932 2648 in
975 2593 1308 2648 orationibus
1358 2605 1459 2661 pro
1486 2590 1736 2645 omnibus
1779 2588 1890 2644 Deo
1936 2601 2102 2658 agens

516 2685 735 2751 gratias,
764 2692 1033 2754 tamquam
1065 2682 1181 2753 ipse
1201 2682 1447 2737 maximis
1476 2680 1782 2735 afﬁceretur
1801 2678 2100 2735 beneﬁciis.

519 2778 823 2849 Propterea,
852 2777 1051 2848 inquit;
1085 2776 1190 2832 hoc
1220 2784 1323 2840 est,
1353 2783 1572 2846 propter
1597 2772 1855 2837 futurum,
1879 2780 1934 2826 et
1962 2770 2103 2825 bona

520 2873 751 2944 reposita
779 2872 843 2927 iis
858 2872 945 2941 qui
978 2878 1123 2925 recte
1146 2868 1372 2924 credunt
1392 2876 1446 2923 et
1472 2867 1671 2921 vivunt.
1697 2867 1871 2935 Atque
1892 2878 2103 2934 tnquum

519 2967 735 3036 quidem
762 2974 843 3020 est
872 2974 926 3021 et
948 2964 1153 3035 justum
1183 2963 1383 3032 gratias
1422 2976 1583 3032 agere
1612 2960 1755 3026 Deo,
1781 2967 1837 3015 et
1866 2974 1963 3030 pro
1991 2974 2108 3013 om-

522 3058 679 3112 nibus
705 3072 825 3126 qum
871 3055 941 3111 ab
985 3056 1102 3125 ipso
1144 3054 1339 3109 collata
1371 3062 1496 3108 sunt
1540 3052 1775 3107 humano
1803 3052 2021 3122 generi,
2051 3059 2105 3105 et

521 3159 679 3205 antea
722 3159 777 3205 ct
804 3160 986 3219 postea
1015 3166 1028 3203 :
1056 3164 1268 3219 :cquum
1299 3158 1479 3204 autem
1510 3156 1565 3203 et
1589 3147 1790 3217 justum
1816 3154 1903 3202 est
1938 3145 2104 3201 etiam

524 3244 725 3314 gratias
753 3257 912 3312 agere
942 3258 1039 3312 pro
1084 3242 1191 3297 ﬁde
1217 3256 1403 3297 eorum
1434 3240 1527 3312 qui
1555 3239 1804 3296 credunt.
1836 3237 2064 3293 Audiens
2086 3279 2102 3304 ,

524 3344 712 3413 inquit,
742 3344 895 3412 fidem
918 3352 1133 3396 vestram
1156 3381 1172 3407 ,
1196 3356 1309 3411 qua
1328 3349 1401 3393 est
1424 3340 1477 3393 in
1519 3338 1719 3394 Christo
1754 3334 1883 3392 Iesu
1906 3376 1923 3403 ,
1948 3344 1998 3390 et
2021 3335 2107 3389 di-

452 3426 465 3437 ’
525 3438 789 3490 lectionem
814 3436 866 3489 in
893 3450 1067 3489 ornnes
1100 3441 1323 3487 sanctos.
1348 3431 1559 3504 Ubique
1581 3430 1859 3501 conjungit
1886 3436 1943 3483 et
1978 3442 2110 3483 con-

523 3527 752 3597 glutinat
780 3526 941 3581 tidem
986 3536 1041 3580 et
1060 3525 1409 3581 dilectionem
1431 3561 1454 3591 ,
1488 3523 1663 3593 bigam
1690 3521 1977 3593 quamdam
2007 3521 2107 3575 ad-

530 3618 1023 3675 mirabilemth
1075 3619 1249 3673 solum
1283 3617 1414 3671 dicit
1466 3615 1777 3686 indigenas,
1809 3612 1904 3669 sed
1946 3612 2112 3667 etiam

532 3728 739 3767 omnes.
769 3711 893 3766 Non
912 3728 1051 3766 cesso
1070 3711 1269 3781 gratias
1294 3727 1450 3781 agens
1475 3726 1566 3780 pro
1605 3708 1742 3762 vobis
1767 3749 1781 3773 ,
1806 3708 2110 3761 mentionem

448 3826 453 3827 ί
524 3806 677 3858 vestri
705 3806 897 3876 faciens
920 3805 972 3856 in
996 3802 1306 3857 orationibus
1344 3804 1487 3857 meis.
1516 3800 1654 3870 Quid
1683 3801 1819 3871 petis
1838 3809 1891 3855 et
1916 3799 2114 3869 rogas?

534 3896 602 3950 Ut
630 3895 767 3949 Deus
798 3895 1003 3948 Domini
1033 3895 1194 3947 nostri
1217 3893 1342 3947 Iesu
1370 3892 1579 3958 Christi,
1606 3892 1763 3945 Pater
1782 3891 1962 3961 glorite
1984 3931 2000 3954 ,
2028 3889 2114 3944 det

527 3987 668 4041 vobis
705 3986 1230 4055 spiritumsapientite
1268 3995 1314 4038 et
1354 3984 1693 4039 revelationis.
1720 3983 1847 4038 Vult
1884 3998 1979 4038 eos
2006 3981 2115 4037 duo

526 4081 742 4135 discere
764 4121 780 4146 ,
834 4090 893 4134 ut
938 4079 1145 4135 discere
1172 4086 1423 4148 oportet,
1455 4086 1511 4133 et
1535 4085 1755 4147 propter
1794 4091 1916 4147 qua:
1941 4077 2116 4132 vocati

533 4187 693 4240 sunt,
724 4184 778 4229 et
822 4172 1095 4245 quomodo
1144 4172 1355 4226 liberati
1403 4180 1529 4226 sum
1576 4186 1605 4225 a
1658 4170 1948 4240 prioribus.
1984 4169 2122 4225 Dicit

532 4277 713 4323 autem
761 4269 874 4336 ipse
923 4282 984 4321 ea
1025 4282 1146 4323 esse
1175 4268 1312 4320 'tria.
1344 4265 1628 4334 Quomodo
1654 4280 1784 4334 ergo
1815 4273 1940 4319 sunt
1971 4264 2120 4319 tria?

534 4360 611 4417 De
636 4360 829 4415 futuris
854 4360 899 4415 si
921 4360 1208 4415 discamus.
1235 4357 1367 4413 Nam
1394 4374 1424 4412 a
1452 4358 1606 4413 bouis
1625 4357 1843 4429 quidem
1869 4356 2121 4427 repositis

523 4456 767 4510 sciemus
815 4454 932 4524 ejus
971 4452 1266 4509 iuell‘abiles
1308 4462 1362 4509 et
1394 4468 1527 4523 qua:
1576 4462 1819 4507 naturam
1862 4459 2121 4520 superant

535 4548 798 4604 divitias:
843 4560 907 4600 ex
949 4562 1016 4601 eo
1070 4556 1253 4602 autem
1285 4545 1428 4617 quod
1469 4545 1853 4613 didicerimus,
1894 4545 2114 4615 quinam

535 4654 654 4693 cum
686 4650 928 4694 essemus
953 4639 1222 4709 quomodo
1241 4639 1590 4705 credidimus,
1611 4638 1728 4709 ejus
1746 4638 2037 4708 potentiam
2062 4646 2123 4693 et

536 4732 927 4796 auctoritatem,
952 4746 1021 4785 eo
1038 4732 1179 4801 quod
1207 4732 1536 4787 converterit
1564 4746 1659 4787 eos
1687 4732 1775 4802 qui
1798 4741 1951 4787 tanto
1984 4741 2120 4787 tem-

537 4842 667 4897 pore
694 4825 903 4880 fuerant
945 4825 1183 4881 alienati.
1207 4825 1338 4880 Nam
1370 4825 1521 4893 Quod
1562 4836 1635 4880 est
1676 4824 1774 4879 Dei
1812 4827 2073 4894 inﬁrmum
2097 4867 2114 4893 ,

536 4930 608 4975 est
635 4920 816 4990 fartim
851 4920 1136 4974 hominibus
1160 4918 1235 4992 (l.
1261 4918 1380 4975 Cor.
1401 4920 1452 4973 1.
1479 4918 1594 4989 23).
1624 4919 1703 4974 Ex
1748 4918 1933 4974 eadem
1974 4920 2119 4975 enim

538 5014 774 5083 potentia
796 5056 811 5081 ,
843 5026 943 5085 qua
973 5013 1246 5069 Christum
1298 5013 1611 5079 suscitavit,
1644 5027 1743 5067 nos
1788 5027 2008 5083 quoque
2052 5012 2120 5067 ad

533 5124 597 5165 se
632 5109 809 5163 traxit.
834 5106 1016 5177 Neque
1041 5121 1210 5177 usque
1238 5106 1307 5162 ad
1333 5105 1781 5163 resurrectionem
1812 5108 1985 5161 solum
2035 5116 2118 5163 est

536 5200 918 5271 ejuS'potentia
944 5240 960 5265 ,
991 5198 1085 5253 sed
1115 5200 1272 5269 longe
1297 5200 1545 5269 amplius.
1576 5197 1642 5253 Et
1684 5202 1857 5253 sedere
1893 5199 2010 5268 fecit
2049 5200 2119 5253 ad

536 5294 798 5347 dexteram
825 5308 988 5353 suam.
1015 5292 1104 5346 811.
1131 5307 1284 5361 super
1304 5308 1502 5345 omnem
1540 5293 1883 5362 principatum
1905 5302 1950 5345 et
1975 5302 2115 5363 potes

538 5397 715 5441 statem
736 5398 782 5441 et
805 5386 1036 5440 virtutem
1056 5397 1101 5439 et
1127 5386 1521 5439 dominationem
1542 5394 1588 5438 et
1617 5402 1763 5439 omne
1786 5402 1964 5439 nomen
1986 5386 2120 5457 quod

536 5481 871 5545 nominatur;
900 5478 989 5532 22.
1013 5488 1058 5531 et
1098 5480 1269 5531 omnia
1297 5478 1507 5545 subjecit
1539 5478 1627 5532 sub
1656 5478 1863 5547 pedibus
1889 5479 2001 5548 ejus
2024 5520 2041 5545 ,
2072 5487 2119 5532 et

604 5680 620 5710 ¹
644 5675 959 5746 Coislinianus
981 5690 1109 5746 unus
1130 5676 1208 5746 hic
1219 5675 1439 5746 quaedam
1458 5675 1677 5746 adjicit...
1695 5676 1852 5746 bigam
1865 5677 2127 5746 guarndam

538 5738 897 5790 admirabilem.
948 5738 1064 5788 Vide
1094 5740 1222 5787 enim
1245 5751 1263 5788 :
1292 5738 1379 5787 sub
1402 5738 1660 5787 exordium
1707 5738 1920 5798 epistolae
1962 5740 2122 5797 dixit,

538 5803 729 5853 Sanctis
750 5800 833 5865 “qui
846 5798 1187 5865 smt‘presi;
1211 5812 1345 5865 nunc
1365 5808 1523 5865 autem
1547 5801 1726 5863 profert
1752 5800 2053 5851 dilectionem
2076 5803 2126 5851 in

539 5876 700 5916 ontnes
711 5861 918 5922 saisctos,
930 5861 1000 5913 sic
1022 5861 1193 5915 iocans
1217 5876 1309 5913 non
1328 5861 1580 5927 indigenas
1604 5861 1805 5924 tantum,
1832 5864 1917 5914 sed
1940 5877 2123 5916 omnes.

2202 738 2370 805 ipsum
2400 741 2540 795 dedit
2586 754 2741 813 caput
2764 761 2923 815 supra
2966 760 3166 803 omnem
3212 742 3492 808 Ecclesiam
3516 794 3533 821 ,
3555 746 3649 812 93.
3670 769 3800 824 quae

2200 840 2273 885 est
2300 847 2486 901 corpus
2508 835 2669 905 ipsius
2694 846 2741 891 et
2763 839 3026 905 plenitudo
3050 842 3161 911 ejus
3185 882 3201 907 ,
3226 845 3313 914 qui
3334 846 3503 899 omnia
3527 846 3583 901 in
3622 850 3796 901 omni-

2199 925 2291 979 bus
2330 926 2661 998 adimpletur.
2703 929 3016 1001 Magnorum
3076 950 3265 990 revera
3316 940 3697 1009 mysteriorum
3738 948 3798 992 et

2200 1032 2517 1075 arcanorum
2555 1036 2655 1076 nos
2695 1022 2821 1078 fecit
2866 1026 3152 1097 participes
3180 1045 3193 1081 :
3226 1043 3325 1083 nec
3354 1044 3417 1085 ea
3463 1032 3623 1086 aliter
3665 1033 3797 1086 licet

2200 1108 2416 1177 dicere,
2468 1126 2626 1182 quam
2673 1114 2743 1169 ab
2774 1114 2839 1168 iis
2876 1117 2965 1187 qui
2994 1118 3174 1172 sancti
3210 1118 3444 1189 Spiritus
3470 1130 3598 1175 sunt
3624 1123 3797 1191 parti-

2201 1203 2379 1272 cipes,
2430 1212 2486 1259 et
2524 1205 2687 1260 multa
2726 1206 2978 1264 fruuntur
3028 1210 3221 1280 gratia.
3250 1212 3543 1282 Propterea
3592 1215 3795 1268 Paulus

2201 1304 2415 1365 quoque
2439 1296 2517 1352 sic
2543 1308 2794 1368 precatur
2818 1318 2832 1354 :
2866 1300 3022 1355 Pater
3049 1303 3228 1373 gloria
3247 1346 3262 1370 ,
3288 1304 3458 1374 inquit
3483 1324 3497 1359 :
3533 1307 3637 1361 hoc
3662 1317 3743 1361 est
3765 1346 3785 1370 .

2202 1385 2291 1454 qui
2331 1400 2521 1457 magna
2554 1388 2709 1445 nobis
2736 1390 2885 1445 dedit
2914 1392 3076 1448 bona.
3105 1394 3187 1449 Ab
3230 1395 3295 1449 iis
3333 1396 3475 1450 enim
3514 1411 3637 1467 qua:
3664 1408 3797 1452 sunt

2201 1474 2443 1544 subjecta
2486 1492 2608 1533 eum
2637 1492 2853 1550 semper
2878 1492 3036 1537 vocat
3059 1524 3073 1547 .
3106 1493 3163 1537 ut
3184 1485 3397 1555 quando
3428 1487 3558 1541 dicit
3579 1529 3595 1552 ,
3635 1486 3797 1541 Pater

2205 1566 2583 1622 miserationum
2605 1579 2651 1624 et
2678 1570 2814 1626 Deus
2838 1571 2991 1626 totius
3006 1575 3367 1630 consolationis
3390 1576 3469 1645 (Ξ.
3489 1577 3608 1632 Cor.
3629 1579 3681 1632 1.
3700 1578 3755 1647 5)
3775 1596 3794 1645 ;

2203 1666 2259 1712 et
2287 1674 2472 1715 rursus
2498 1661 2788 1731 propheta,
2830 1662 3078 1719 Dominus
3124 1666 3371 1735 fortitudo
3396 1684 3507 1722 mea
3547 1678 3596 1722 et
3633 1671 3796 1724 auxi-

2204 1751 2330 1805 liunt
2368 1768 2537 1807 meum
2586 1748 2760 1826 (Paul.
2797 1756 2885 1810 17.
2912 1755 2966 1809 2.
2993 1756 3072 1826 5).
3120 1755 3278 1812 Pater
3320 1759 3518 1829 glorior.
3566 1760 3641 1815 Ea
3692 1775 3796 1815 suo

2205 1844 2422 1901 nomine
2448 1862 2555 1901 non
2583 1856 2761 1917 potest
2787 1849 3060 1917 explicare
3084 1864 3153 1906 ac
3185 1850 3427 1921 proferre
3449 1893 3465 1915 ,
3495 1862 3550 1906 et
3589 1852 3795 1922 ubique

2207 1939 2442 2009 appellat
2456 1939 2681 2010 gloriam
2703 1982 2721 2007 ,
2754 1941 2898 2013 quod
2928 1942 3146 2013 quidem
3178 1951 3264 1999 est
3289 1943 3429 2013 apud
3461 1959 3560 1999 nos
3590 1959 3793 1999 nomen

2204 2040 2261 2086 et
2286 2033 2574 2102 appellatio
2614 2033 2791 2088 omnis
2816 2034 3143 2103 splendoris.
3174 2036 3314 2090 Ecce
3356 2036 3514 2089 l‘ater
3556 2035 3745 2106 gloria:
3772 2076 3794 2101 ,

2207 2128 2416 2198 inquit,
2438 2127 2639 2183 Christi
2668 2138 2849 2184 autem
2881 2128 3041 2185 Deus.
3071 2129 3209 2196 Quid
3236 2144 3402 2200 ergo,
3433 2140 3589 2185 estne
3620 2128 3795 2183 Filius

2207 2221 2383 2275 minor
2408 2219 2621 2290 gloria?
2647 2219 2753 2276 Sed
2783 2236 2965 2286 nemo,
2990 2238 3057 2277 ne
3084 2223 3127 2277 si
3160 2222 3390 2277 insaniat
3418 2222 3659 2292 quidem,
3692 2221 3797 2277 hoc

2205 2313 2425 2368 dixerit.
2455 2312 2551 2367 Det
2580 2313 2751 2379 vobis,
2783 2313 2885 2369 hoc
2920 2324 3006 2370 est
3031 2355 3046 2380 ,
3078 2323 3313 2369 mentem
3346 2324 3579 2370 vestram
3620 2317 3799 2370 extol-

2206 2404 2319 2461 lere
2343 2414 2399 2460 et
2424 2406 2661 2476 exigere.
2688 2406 2813 2462 llaec
2859 2408 3009 2462 enim
3060 2423 3166 2463 non
3199 2407 3325 2463 licet
3352 2408 3509 2464 aliter
3556 2408 3795 2463 discere.

2206 2496 2455 2551 Animalis
2484 2498 2617 2551 enim
2665 2498 2817 2552 homo
2839 2516 2939 2553 non
2972 2500 3184 2570 percipit
3225 2517 3339 2568 qua:
3380 2510 3498 2555 sunt
3542 2502 3798 2570 spiritus:

2205 2599 2324 2643 sunt
2368 2590 2503 2643 enim
2541 2590 2587 2644 ei
2632 2592 2851 2645 stultitia
2885 2592 2963 2662 (1.
2987 2592 3105 2647 Cor.
3133 2592 3327 2663 2.14).
3356 2593 3503 2664 Opus
3548 2605 3633 2650 est
3664 2610 3799 2665 ergo

2206 2681 2468 2752 spirituali
2510 2685 2797 2754 sapientia,
2831 2694 2892 2739 ut
2933 2686 3228 2753 Spiritualia
3284 2687 3688 2759 intelligamus,
3740 2700 3799 2744 ut

2204 2773 2486 2829 videmnus
2533 2790 2654 2845 qua:
2706 2784 2833 2830 sunt
2884 2778 3141 2833 occulta:
3183 2778 3299 2849 ipse
3347 2779 3568 2849 spiritus
3614 2783 3797 2835 omnia

2208 2868 2381 2936 aperit
2408 2876 2463 2922 ct
2507 2867 2715 2923 revelat
2746 2868 2821 2940 (l.
2846 2868 2967 2924 Cor.
2995 2869 3049 2923 2.
3074 2870 3165 2939 10)
3194 2887 3208 2925 :
3241 2871 3334 2927 Dei
3366 2880 3449 2926 est
3479 2882 3802 2928 narraturus

2209 2960 2484 3030 mysteria.
2514 2958 2891 3030 Mysteriorum
2920 2969 3098 3015 autem
3132 2962 3225 3017 Dei
3253 2963 3619 3034 cognitionem
3648 2965 3802 3019 solus

2211 3052 2361 3106 novit
2386 3051 2615 3121 Spiritus
2640 3093 2657 3118 ,
2704 3053 2792 3122 qui
2823 3053 2984 3107 etiam
3029 3062 3300 3109 scrutatur
3338 3055 3455 3125 ejus
3483 3055 3749 3126 profunda
3780 3074 3799 3111 :

2212 3158 2319 3198 non
2342 3143 2585 3216 angelus,
2619 3159 2725 3198 non
2754 3144 3127 3216 archangelus,
3159 3161 3263 3201 non
3293 3148 3400 3202 ulla
3422 3148 3525 3202 alia
3552 3158 3804 3219 potestas

2212 3248 2391 3298 creata
2422 3236 2665 3300 dederit;
2699 3236 2799 3291 hoc
2827 3244 2927 3302 est,
2964 3237 3115 3292 vobis
3157 3239 3424 3293 charisma
3456 3240 3715 3310 praebeat.
3742 3240 3801 3295 Si

2213 3340 2392 3387 autem
2424 3330 2527 3385 hoc
2550 3312 2636 3385 est
2680 3330 3023 3385 revelationis
3050 3371 3066 3396 ,
3099 3329 3369 3401 superﬂua
3397 3339 3482 3386 est
3528 3331 3802 3386 rationum

2215 3423 2474 3479 inventio.
2502 3421 2636 3478 Nam
2667 3423 2756 3494 qui
2787 3422 2959 3478 Deum
2987 3423 3177 3478 didicit
3201 3432 3257 3478 et
3284 3424 3455 3479 Deum
3482 3426 3656 3490 novit,
3693 3441 3804 3480 non

2214 3514 2443 3584 amplius
2487 3514 2555 3569 de
2603 3514 2714 3568 ullo
2739 3513 3175 3570 dubitabitmon
3223 3514 3409 3583 dicet,
3452 3514 3566 3571 Hoc
3621 3524 3809 3585 potest

2216 3605 2353 3672 ﬁeri,
2383 3604 2483 3660 hoc
2510 3620 2618 3660 non
2646 3614 2847 3676 potest,
2882 3616 2936 3660 et
2961 3605 3236 3676 quomodo
3261 3605 3366 3662 hoc
3396 3607 3593 3661 factum
3623 3608 3716 3662 sit.
3748 3608 3807 3663 Si

2218 3695 2387 3751 Deum
2416 3695 2761 3751 didicerimus
2783 3706 2839 3749 ut
2868 3695 3008 3751 scire
3032 3706 3276 3767 oportet,
3306 3696 3351 3751 si
3378 3696 3729 3752 didicerimus
3771 3712 3806 3750 a

2216 3802 2325 3860 quo
2362 3787 2571 3843 discere
2614 3797 2863 3858 oportet,
2921 3803 3113 3858 notnpe
3154 3788 3221 3844 ab
3270 3789 3386 3859 ipso
3415 3786 3651 3858 Spiritu,
3701 3803 3807 3842 non

2219 3882 2451 3953 amplius
2502 3882 2571 3936 de
2626 3881 2733 3935 ulla
2781 3896 2840 3935 re
2886 3879 3269 3936 dubitabimus.
3295 3880 3589 3950 Pr0pterea
3634 3880 3807 3944 dicit,

2221 3973 2290 4027 In
2318 3972 2579 4046 agnitione
2612 3976 2720 4043 ejus
2759 3973 3077 4027 illuminates
3105 3971 3280 4027 oculos
3309 3973 3478 4027 cordis
3506 3973 3678 4027 vestri.
3708 3972 3811 4040 Qui

2222 4066 2472 4123 didicerit
2499 4065 2625 4138 quid
2651 4066 2721 4121 sit
2754 4066 2915 4130 Deus,
2945 4080 3053 4120 non
3073 4064 3340 4120 dubitabit
3378 4064 3447 4120 de
3491 4065 3813 4135 promissio-

2224 4160 2384 4216 nihus
2416 4178 2430 4215 :
2461 4175 2568 4215 non
2608 4159 2675 4216 de
2722 4158 2788 4215 iis
2813 4175 2931 4230 quae
2958 4160 3069 4229 jam
3101 4158 3239 4215 facta
3272 4167 3398 4215 sunt
3426 4158 3531 4214 erit
3553 4158 3809 4214 incredu-

2225 4253 2329 4308 lus.
2354 4255 2527 4323 Atque
2567 4262 2713 4324 optat
2742 4253 2957 4324 quidem
2998 4255 3079 4309 eis
3110 4253 3223 4308 dari
3253 4254 3499 4323 spiritum
3531 4254 3814 4323 sapientiae

2224 4355 2281 4402 et
2341 4346 2729 4411 revelationis;
2780 4356 3035 4401 caeterum
3085 4347 3200 4415 ipse
3267 4360 3479 4417 quoque
3526 4344 3816 4400 conﬁrmat

2226 4440 2524 4496 rationibus
2548 4456 2899 4512 quzccumque
2922 4450 3098 4510 potest
3120 4456 3186 4495 ex
3218 4439 3283 4495 iis
3307 4455 3426 4510 quae
3443 4439 3555 4509 jam
3577 4438 3814 4494 fuerunt.

2227 4532 2359 4588 Nam
2407 4534 2658 4603 quoniam
2691 4542 2811 4599 erat
2853 4532 3095 4589 dicturus
3140 4532 3243 4587 alia
3300 4531 3515 4602 quidem
3544 4546 3664 4600 qua:
3705 4532 3816 4601 jam

2227 4625 2362 4681 facta
2390 4625 2623 4691 fuerant,
2653 4626 2758 4680 alia
2785 4636 2964 4680 autem
2991 4640 3109 4695 qua:
3140 4623 3382 4680 nondum
3429 4623 3771 4693 contigerant
3800 4638 3815 4675 :

2226 4734 2293 4774 ex
2323 4720 2387 4773 iis
2414 4734 2534 4790 quae
2562 4718 2699 4773 facta
2730 4727 2855 4773 sunt
2879 4760 2893 4784 ,
2920 4717 3083 4773 ﬁdem
3111 4717 3237 4772 facit
3277 4718 3342 4772 iis
3387 4732 3507 4787 «pun
3536 4715 3677 4770 facta
3711 4730 3817 4770 non

2227 4821 2351 4867 sunt
2369 4810 2696 4881 :cujusmodi
2717 4820 2798 4866 est
2814 4810 2915 4867 hoc
2935 4828 2947 4864 :
2965 4809 3252 4876 Utsciatis,
3268 4810 3460 4880 inquit,
3483 4824 3596 4880 qua:
3614 4808 3681 4861 sit
3707 4824 3819 4877 spes

2227 4906 2503 4960 vocationis
2526 4905 2656 4974 eius.
2686 4905 2778 4959 Est
2803 4904 2980 4959 adhuc
3013 4946 3028 4971 ,
3060 4905 3265 4975 inquit,
3294 4904 3504 4959 occulta
3529 4942 3545 4969 ,
3574 4901 3671 4958 sed
3711 4916 3819 4956 non

2230 5000 2499 5057 ﬁdelibus.
2546 4998 2615 5054 Et
2659 5014 2773 5070 qua:
2823 5000 3015 5054 divitiae
3057 5000 3235 5071 glorise
3270 4999 3560 5053 hereditatis
3605 4999 3720 5069 ejus
3767 5000 3820 5052 in

2228 5093 2435 5149 sanctis.
2465 5092 2579 5147 Hoc
2610 5105 2824 5163 quoque
2840 5099 2924 5146 est
2943 5090 3119 5145 adhuc
3151 5104 3257 5145 non
3288 5088 3653 5144 manifestum.
3681 5090 3819 5155 Quid

2231 5196 2315 5243 est
2341 5196 2520 5242 autem
2550 5185 2937 5241 manifestum?
2985 5182 3142 5252 Quod
3195 5181 3525 5239 credidimus
3552 5195 3677 5237 eum
3724 5196 3820 5234 sua

2228 5284 2427 5338 virtute
2470 5279 2742 5336 Christum
2787 5277 3114 5332 suscitasse:
3152 5285 3236 5330 est
3278 5275 3420 5329 enim
3452 5272 3609 5342 longe
3648 5272 3808 5326 admi-

2230 5376 2450 5431 rabilius
2495 5373 2829 5444 persuasisse
2876 5370 3107 5435 animis,
3135 5382 3297 5438 quam
3346 5367 3635 5420 suscitasse
3676 5379 3791 5420 mor

2231 5479 2401 5526 tuum.
2433 5468 2503 5524 Et
2532 5465 2843 5539 quomodo?
2880 5464 2993 5536 Ego
3042 5462 3259 5518 tentabo
3290 5461 3392 5515 hoc
3422 5458 3572 5514 vobis
3600 5472 3821 5528 persua-

2230 5564 2359 5619 dere
2388 5580 2400 5616 :
2434 5560 2557 5618 audi
2589 5560 2751 5618 enim.
2770 5558 3014 5614 Christus
3044 5556 3180 5612 dixit
3207 5563 3442 5621 mortuo,
3469 5551 3688 5615 Lazare,
3707 5552 3821 5605 veni

2236 5661 2375 5727 foras
2401 5656 2582 5725 (Joan.
2612 5656 2698 5711 11.
2730 5654 2822 5725 45)
2842 5695 2855 5719 ,
2887 5661 2943 5709 et
2967 5651 3149 5707 statim
3180 5649 3384 5705 obcdiit
3417 5665 3429 5701 :
3462 5647 3653 5702 Petrus
3679 5645 3821 5699 dixit

2235 5751 2496 5814 Tabithar,
2532 5749 2699 5819 Surge
2722 5748 2856 5821 (Act.
2881 5746 2935 5802 9.
2963 5745 3086 5815 40),
3114 5754 3299 5805 etnon
3322 5740 3670 5797 contradixit.
3700 5739 3816 5809 Ipse

2233 5848 2373 5905 dicet
2403 5848 2560 5903 indie
2587 5848 2799 5910 ultimo,
2817 5852 3075 5897 ctomncs
3106 5846 3409 5908 resurgeut,
3437 5844 3490 5891 et
3517 5850 3637 5891 cum
3666 5842 3811 5890 tanta
