4002 6512
471 332 548 407 Ἠ)
1198 350 1255 404 S.
1295 344 1579 404 JOANNIS
1611 332 2109 402 CHRYSOSTOMI
2146 338 2462 399 ARCIIIEP.
2508 338 3057 398 CONSTANTINOP.
3562 386 3576 397 .
3645 344 3722 400 26

548 469 615 540 β’.
656 468 777 521 Ἐπὶ
804 467 862 521 δὲ
892 466 985 520 τοῦ
1008 465 1315 531 πιστεῦσαι,
1348 466 1447 535 οὐχ
1477 464 1646 529 οὕτως
1668 481 1681 495 ·
1715 464 1851 518 ἀλλά
1889 461 2040 525 πῶς;

477 558 677 611 ’Δκουε
716 556 879 609 αὐτοῦ
936 554 1098 608 πάλιν
1142 553 1391 622 λέγοντος
1416 571 1430 584 ·
1459 554 1726 617 Ποσάκις
1769 552 2043 620 ἠθέλησα

472 642 945 711 ἐπισυναγαγεῖν
980 642 1053 695 τὰ
1099 640 1281 695 τέκνα
1319 640 1507 710 ὑμῶν,
1550 641 1645 695 καὶ
1686 642 1797 693 οὐκ
1833 636 2046 707 ἠθελή-

472 731 655 785 σατε]
714 731 877 800 Ὁρᾷς
925 729 1007 781 ὅτι
1047 727 1207 780 τοῦτο
1247 727 1687 798 δυσκολώτερονς
1726 727 1889 779 Ὥστε
1938 724 2047 779 ἀπὸ

472 818 664 871 τούτου
699 819 759 869 τὸ
787 817 893 868 πᾶν
928 814 1349 878 κατασκευάζει.
1380 813 1568 881 Πολλιξύ
1599 814 1708 883 γάρ
1756 815 1872 866 ἐστι
1898 812 2045 879 λογι-

475 908 633 977 σμοῖς
675 902 1037 973 ἀνθρωπίνοις
1066 901 1469 972 δυσκολώτερον
1509 901 1827 972 προαίρεσιν
1863 901 2042 953 πεῖσαι

472 984 568 1065 τοῦ
602 986 763 1057 φύσιν
802 984 1161 1055 ἐργάσασθαι.
1203 984 1278 1037 Τὸ
1328 984 1385 1037 δέ
1432 984 1625 1048 αῐτιον,
1656 982 1841 1049 ἐπειδὴ
1882 982 2044 1045 αὐτὸς

472 1073 614 1127 οὑτω
640 1072 888 1142 βούλεται
926 1071 1148 1136 ἑκόντας
1189 1071 1336 1141 ἡμᾶς
1368 1069 1620 1139 γενέσθαι
1653 1068 1910 1136 ἀγαθούς.
1939 1068 2071 1121 Οῦι

470 1176 578 1223 τως
626 1160 850 1221 εἰκότως
898 1154 1057 1212 εἰπε·
1115 1158 1186 1211 Τὸ
1233 1156 1615 1226 ὑπερϐάλλον
1641 1155 1888 1225 μέγεθος
1932 1156 2042 1223 τῆς

470 1244 777 1323 δυνάμεως
832 1245 1021 1300 αὐτοῦ
1070 1247 1159 1310 εἰς
1209 1243 1366 1314 ἡμᾶς
1420 1244 1563 1311 τοὺς
1624 1245 2035 1311 πιστεύοντας.

471 1328 602 1381 ’Ὀτε
638 1328 747 1398 γὰρ
797 1330 1070 1399 προφῆται
1119 1324 1272 1381 οὐδὲν
1306 1328 1531 1399 ῆνυσαν,
1560 1327 1649 1381 ὅτε
1685 1327 1905 1395 ἄγγελοι
1946 1327 2041 1381 καὶ

469 1413 824 1484 ἀρχάγγελοι,
845 1416 935 1469 ὅτε
969 1416 1121 1468 πᾶσα
1160 1414 1336 1477 κτίσις
1426 1414 1617 1485 ὁρατὴ,
1651 1415 1746 1467 καὶ
1785 1406 2037 1487 ἀόρατος,

468 1503 638 1574 ὁρατὴ
674 1503 773 1573 μὲν
810 1500 890 1566 εἰς
942 1502 1106 1572 μέσον
1136 1502 1492 1573 προκειμένη,
1537 1502 1631 1556 καί
1660 1503 1735 1574 μὴ
1780 1503 2038 1574 ίσχύουσα

468 1590 911 1660 χειραγωγῆσαι,
957 1589 1188 1659 ἀόρατος
1224 1589 1281 1642 δὲ
1331 1590 1535 1660 πολλὴ,
1570 1590 1889 1662 ᾠκονόμησε
1938 1592 2038 1663 τὴν

469 1676 635 1730 αὐτοῦ
668 1677 965 1747 παρουσίαν
994 1678 1135 1740 τότε,
1164 1675 1379 1740 δεικνὺς
1430 1678 1693 1742 ὃτιθείας
1730 1679 1926 1753 ἔχρῃζε
1975 1681 2038 1734 τδ

468 1767 701 1834 πρᾶγμα
726 1764 1024 1835 δυνάμεως.
1056 1764 1331 1818 Πλοῦτον
1353 1764 1557 1831 δόξης.
1586 1767 1861 1831 Τουτέστι,
1893 1767 2036 1837 ἄφα·

466 1867 557 1903 τον
583 1851 759 1914 δόξαν.
789 1852 945 1915 Ποῖος
971 1852 1080 1921 γάρ
1106 1852 1265 1918 λόγος
1296 1852 1396 1922 τὴν
1424 1852 1582 1916 δόξαν
1612 1853 1830 1925 ἐκείνην
1859 1873 2037 1926 παρα·

468 1938 661 2010 στῆσαι
676 1938 983 2009 δυνήσεται,
1003 1936 1071 2011 ἧς
1086 1942 1135 1993 οἱ
1152 1940 1296 2008 ἅγιοι
1311 1941 1431 1993 τότε
1458 1942 1773 2011 μεθέξουσιν
1791 1959 1805 2006 ;
1824 1944 2031 2009 Οὐδείς·

464 2028 600 2082 ἀλλὰ
632 2027 853 2098 χάριτος
879 2027 1048 2091 δντως
1081 2028 1163 2081 δεῖ
1199 2024 1337 2100 πρὸς
1368 2030 1430 2082 τὸ
1456 2030 1555 2098 τὴν
1579 2031 1817 2086 διάνοιαν
1845 2028 2035 2103 μαθεῖν

464 2114 558 2168 καὶ
578 2114 713 2178 ὅλως
743 2116 935 2172 ἀκτῖνα
960 2114 1164 2185 μικρὰν
1184 2114 1316 2185 γοῦν
1335 2133 1457 2171 τινα
1480 2116 1753 2185 δέξασθαι.
1773 2119 1907 2173 Τινά
1933 2121 2033 2189 μὲν

456 2202 571 2273 -γάρ
611 2202 809 2272 ᾔδεσαν
857 2201 953 2256 καὶ
994 2202 1298 2274 πρότερον,
1333 2200 1585 2258 ἐϐούλετο
1620 2200 1676 2258 δέ
1725 2207 1820 2261 νῦν
1870 2190 2053 2262 πλέον’

462 2290 659 2353 αὐτοὺς
698 2289 898 2359 μαθεῖν
934 2289 1031 2342 καὶ
1092 2292 1425 2362 σαφέστερον
1463 2293 1685 2360 γνῶναι.
1712 2286 1890 2366 ”Ὂρᾷς
1931 2296 2031 2350 ὅσα

462 2377 784 2447 εἰργάσατο;
837 2378 1063 2448 ’Ἡγειρε
1120 2374 1212 2432 τδν
1263 2374 1526 2449 Χριστόν·
1578 2382 1773 2452 μικρὸν
1832 2383 2028 2449 τοῦτο;

474 2466 614 2518 Ἀλλ’
635 2467 735 2536 δρα
766 2468 859 2520 καὶ
888 2467 1071 2519 πάλιν·
1113 2467 1394 2521 Ἐκάθισεν
1422 2469 1479 2521 ἐν
1510 2469 1655 2540 δεξιᾷ
1681 2470 1848 2525 αὐτοῦ
1866 2488 1882 2504 ·
1920 2472 2029 2544 ἄρα

459 2550 543 2615 τίς
570 2547 727 2622 λόγος
751 2554 908 2607 τοῦτο
929 2554 1277 2624 παραστῆσαι
1306 2553 1597 2627 δυνήσεται
1621 2576 1635 2619 ;
1663 2554 1768 2613 Τδν
1800 2561 1908 2614 ἀπὸ
1928 2563 2029 2633 τῆς

459 2641 585 2713 γῆς,
611 2641 703 2695 τὸν
748 2641 855 2695 τῶν
890 2641 1088 2711 ἰχθύων
1125 2642 1486 2713 ἀφωνότερον,
1508 2646 1600 2699 τὸν
1632 2648 1884 2716 παίγνιον
1920 2650 2028 2705 τῶν

458 2729 727 2807 δαιμόνων
779 2728 1098 2799 γενόμενον,
1152 2730 1230 2793 εἰς
1284 2730 1417 2799 ὕψος
1473 2733 1674 2797 εὐθέως
1730 2737 2023 2807 ἀνήγαγεν.

456 2804 670 2878 ’Ὄντως
700 2816 1034 2884 ὑπερϐάλλον
1076 2815 1303 2886 μέγεθος
1332 2819 1431 2888 τῆς
1465 2818 1747 2890 δυνάμεως
1777 2804 1963 2878 αὐτοῦ.

532 2904 645 2957 Καὶ
676 2904 771 2956 θέα
803 2904 905 2956 ποῦ
938 2904 1237 2972 ἀνήγαγεν·
1279 2905 1367 2957 Ἐν
1405 2908 1517 2969 τοῖς
1550 2908 1893 2979 ἐπουρανίοις
1920 2913 2026 2967 πά-

460 3008 559 3062 σης
607 2991 830 3057 κτιστῆς
862 2990 1075 3059 φύσεως
1122 2989 1393 3061 ἀνώτερον
1430 2994 1716 3064 ἐποίησεν,
1774 2998 2028 3070 ὑπεράνω

457 3078 638 3149 πάσης
682 3077 860 3149 ἀρχῆς
907 3079 1001 3131 καὶ
1036 3076 1306 3143 ἐξουσίας.
1348 3079 1640 3149 Ὑπεράνω
1682 3083 1885 3154 πάσης
1926 3088 2027 3157 ἀρ-

457 3167 594 3236 χῆς,
627 3167 815 3235 φησίν.
858 3166 1067 3227 Ὄντως
1105 3161 1417 3238 πνεύματος
1456 3162 1630 3240 χρεία,
1665 3170 1902 3236 διανοίας
1938 3192 2027 3228 σο-

456 3254 564 3324 φῆς
614 3255 672 3306 ἐν
707 3255 771 3323 τῇ
820 3251 1114 3321 ἐπιγνώσει
1166 3254 1373 3308 αὐτοῦ·
1414 3254 1584 3319 ὅντως
1631 3248 2025 3329 ἀποκαλύψεως

455 3341 631 3410 χρεία.
698 3339 981 3410 Ἐννόησον
1041 3341 1167 3393 ὅσον
1213 3341 1362 3394 ἐστὶν
1412 3342 1698 3414 ἀνθρώπου
1746 3348 1840 3400 καὶ
1886 3349 2025 3402 Θεοῦ

456 3426 671 3493 φύσεως
711 3426 773 3478 τὸ
810 3426 1006 3495 μέσον·
1041 3425 1150 3479 ἀπὸ
1191 3427 1397 3499 ταύτης
1456 3434 1557 3502 τῆς
1606 3432 1882 3499 εὐτελείας
1945 3438 2026 3502 εἰς

455 3514 671 3584 ἐκείνην
716 3514 876 3568 αὐτὸν
908 3516 1152 3586 ἀνήγαγε
1182 3514 1281 3587 τὴν
1322 3518 1488 3587 τιμήν
1510 3522 1527 3549 δ
1562 3520 1660 3591 οὐχ
1684 3522 1780 3576 ἕνα
1820 3522 2027 3597 βαθμὸν

456 3601 696 3672 ὑπερέϐη
728 3602 821 3655 καὶ
840 3601 1094 3672 δεύτερον
1128 3603 1223 3655 καὶ
1249 3604 1451 3676 τρίτον.
1480 3606 1653 3660 Βαϐαί
1673 3609 1686 3662 ί
1710 3611 1807 3681 οὐχ
1838 3613 2027 3678 ἁπλῶς

455 3684 629 3755 εἶπεν,
660 3691 828 3758 Ἀνω,
850 3689 992 3757 ἀλλ’,
1020 3691 1034 3711 '
1048 3691 1345 3762 Υπεράνω.
1368 3694 1488 3748 Τῶν
1504 3694 2028 3772 γὰράνωδυνάμεων

453 3778 725 3851 ἀνώτερός
752 3782 909 3832 ἐστιν
939 3783 967 3833 ό
1009 3780 1163 3845 Θεὸς.
1199 3783 1363 3837 Ὥστε
1402 3788 1521 3839 ἐκεῖ
1553 3787 1720 3842 αὐτδν
1761 3779 2025 3861 ἀνήγαγε,

454 3868 545 3919 τὸν
582 3868 641 3930 ἐξ
672 3867 848 3938 ήμῶν,
878 3868 987 3921 ἀπὸ
1020 3871 1119 3938 τῆς
1152 3871 1386 3942 ἐσχάτης
1420 3873 1625 3946 νύσσης
1662 3877 1742 3940 είς
1784 3869 1899 3951 [19]
1928 3882 2026 3951 τὴν

453 3955 689 4025 ἐσχάτην
741 3955 946 4025 ἢγαγεν
985 3956 1179 4027 ἀρχὴν,
1227 3959 1345 4027 μεθ’
1378 3960 1445 4029 ἢν
1500 3962 1602 4016 οὐκ
1659 3963 1806 4018 ἔστιν
1863 3964 2025 4039 ἑτέρα

454 4042 610 4112 τιμή.
644 4041 853 4108 Πὰσης
884 4042 1097 4112 ἀρχῆς,
1130 4044 1294 4115 φησίν
1314 4061 1328 4076 ·
1367 4048 1427 4099 οὐ
1454 4051 1557 4120 τῆς
1586 4050 1707 4120 μὲν,
1731 4052 1829 4125 τῆς
1849 4055 1906 4108 δὲ
1940 4046 2024 4123 οὒ,

454 4128 611 4195 ἀλλά,
644 4128 855 4197 Πὰσης
889 4129 1082 4199 ἀρχῆς
1113 4132 1209 4185 καί
1242 4132 1529 4202 ἐξουσίας
1577 4140 1677 4192 καί
1717 4140 2026 4211 δυνάμεως

454 4218 555 4271 καί
604 4220 974 4287 κιιριότητος,
1010 4218 1109 4273 καὶ
1146 4220 1373 4286 παντὸς
1410 4224 1701 4295 ὀνόματος
1749 4230 2027 4301 ὀνομαζο-

449 4305 659 4373 μένου,
688 4305 808 4359 είτί
841 4308 989 4360 ἐστιν
1021 4307 1079 4360 ἐν
1125 4306 1203 4378 τῷ
1232 4308 1468 4380 οὐρανῷ,
1495 4314 1710 4368 πάντων
1753 4317 2026 4392 ἀνώτερος

454 4392 670 4481 γέγονε.
697 4392 867 4446 Τοῦτο
897 4393 1025 4465 περὶ
1050 4392 1145 4447 τοῦ
1171 4389 1238 4449 ἐκ
1273 4398 1483 4467 νεκρῶν
1513 4401 1855 4473 ἐγερθέντος·
1887 4389 2024 4481 ὅπερ

454 4480 603 4545 ἀξιον
632 4480 929 4551 θαυμάσαι.
963 4482 1098 4552 Περὶ
1126 4484 1233 4554 γὰρ
1262 4484 1357 4537 τοῦ
1386 4485 1523 4540 Θεοῦ
1551 4490 1721 4558 Λόγου
1751 4480 2021 4566 οὐδαμῶς.

455 4567 636 4638 Ὅπερ
686 4566 796 4638 γάρ
840 4570 947 4621 είσι
990 4568 1251 4634 κώνωπες
1303 4572 1440 4643 πρὸς
1488 4575 1828 4646 ἀνθρώπους,
1866 4583 2024 4638 τοῦτο

453 4656 605 4709 πᾶσα
636 4656 669 4725 ή
703 4655 880 4725 κτίσις
905 4654 1042 4726 πρὸς
1077 4656 1168 4709 τὸν
1201 4655 1352 4713 Θεόν.
1393 4661 1503 4713 Καὶ
1538 4664 1592 4715 τί
1638 4663 1799 4733 λέγω,
1834 4668 2022 4725 κώνωε

452 4759 589 4809 mg;
629 4743 678 4794 εἰ
715 4741 913 4805 πάντες
950 4743 1223 4814 ἄνθρωποι
1252 4744 1330 4808 ὡς
1376 4746 1550 4812 σίελος
1580 4738 2018 4825 λογισθήσονται,

454 4830 551 4884 καὶ
585 4829 661 4892 ώς
693 4831 832 4901 ῥοπή
866 4829 1032 4899 ζυγοῦ
1085 4832 1463 4903 ἐλογίσθησαν,
1505 4835 1596 4899 θές
1627 4838 1725 4903 τὰς
1757 4842 2021 4912 ἀοράτους

451 4915 704 4993 δυνάμεις
728 4916 803 4979 ῶς
826 4916 1114 4978 κώνωπας.
1141 4920 1216 4972 υύ
1248 4921 1427 4974 τοίνυν
1460 4924 1591 4994 περὶ
1627 4926 1721 4979 τοῦ
1752 4928 1887 4983 Θεοῦ
1914 4933 2019 4985 Λό-

452 5020 550 5073 γου
578 5004 752 5069 οὕτως
781 5001 955 5071 εἶπεν,
977 5007 1110 5062 ἀλλά
1141 5010 1380 5078 περὶτοῦ
1410 5011 1469 5075 ἐξ
1496 5015 1670 5083 ήμῶν·
1692 5017 1851 5071 τοῦτο
1868 5022 2020 5090 μέγα

451 5090 621 5156 ὅντως
642 5094 739 5181 καὶ⁸
767 5092 1098 5164 θαυμαστόν.
1138 5096 1269 5148 ’Λπδ
1305 5097 1412 5169 γὰρ
1434 5100 1544 5151 τῶν
1572 5106 1899 5160 κατωτάτων
1921 5111 2019 5181 τῆς

452 5182 557 5251 γῆς
587 5181 750 5235 αὐτὸν
783 5183 1075 5252 ἀνήγαγεν.
1101 5181 1163 5236 El
1204 5183 1382 5238 πάντα
1412 5188 1479 5240 τὰ
1511 5188 1643 5257 ἔθνη
1677 5188 1752 5255 ώς
1780 5196 2015 5263 σταγών,

453 5263 533 5331 είς
565 5268 847 5340 ἄνθρωπος
877 5271 1043 5323 πόσον
1070 5272 1175 5342 ἄρα
1212 5273 1377 5343 μέρος
1409 5276 1507 5345 τῆς
1538 5276 1827 5345 σταγόνος;
1862 5283 2018 5337 Ἀλλά

452 5356 644 5411 τοῦτον
667 5358 883 5412 πάντων
932 5358 1202 5430 ἀνώτερον
1230 5363 1503 5433 ἐποίησεν,
1529 5366 1591 5417 οὐ
1621 5368 1795 5438 ’μόνον
1832 5372 1890 5423 ἐν
1942 5373 2018 5443 τῷ

454 5445 611 5498 αἰῶνι
640 5446 835 5517 τούτῳ,
878 5447 1016 5500 ἀλλὰ
1042 5450 1142 5502 καὶ
1179 5451 1237 5506 ἐν
1278 5451 1359 5521 τῷ
1409 5451 1671 5523 μέλλοντι.
1709 5458 1852 5528 ’Λρα
1900 5461 2022 5514 ἐστὶ

452 5531 735 5601 δυνάμεών
764 5548 924 5586 τινων
956 5535 1193 5605 ὀνόματα
1231 5534 1601 5610 ήμῖν·ἇσημα,
1643 5544 1736 5596 καὶ
1776 5544 1836 5598 οὑ
1873 5563 2017 5615 γνω-

455 5618 736 5691 ριζόμενα.
772 5620 879 5674 Καὶ
922 5621 1116 5675 πάντα
1142 5625 1600 5689 ’ὑπέταξεν-ὑπὸ
1647 5630 1788 5697 τοὺς
1827 5633 2019 5702 πόδας

453 5707 660 5762 αὑτοῦ.
690 5710 802 5781 Οὐχ
834 5708 1016 5775 ἀτελῶς
1046 5713 1314 5783 ἀνώτερον
1344 5716 1616 5786 ὴοίησεν,
1646 5718 1720 5781 ὡς
1749 5724 2014 5791 προτιμᾶυ

456 5795 582 5849 σθαι
623 5795 826 5861 αὐτῶν,
866 5794 985 5851 οὐδέ
1030 5799 1167 5853 κατὰ
1217 5801 1520 5873 σύγκρισιν,
1565 5803 1679 5857 ἀλλ’
1714 5800 1791 5870 ὡς
1820 5806 2019 5862 δούλων

456 5885 850 5958 προκαθῆσθαι.
887 5887 1087 5956 Βαϐαἰ,
1115 5890 1316 5961 φρικτά
1368 5892 1537 5955 δντως
1584 5891 1653 5945 τά
1678 5894 2013 5965 νπράγματαί

2151 460 2437 532 ἀνθρώπου
2468 462 2655 529 γέγονε
2687 461 2849 529 δούλη
2890 462 3039 511 πᾶσα
3075 458 3108 527 ἡ
3149 456 3336 527 κτιστὴ
3371 456 3595 526 δύναμις
3628 457 3723 511 διὰ

2152 547 2241 600 τὸν
2284 548 2592 601 ἐνοικοῦντα
2624 546 2758 600 Θεὸν
2802 546 2991 613 Λόγον.
3032 546 3187 596 Ἔστι
3225 543 3333 612 γάρ
3370 560 3489 597 τινα
3530 543 3722 597 ἐπάνω

2148 629 2284 688 εἶναι
2321 636 2421 688 οὐκ
2449 635 2640 704 ἔχοντα
2681 632 3076 697 ὑπακούοντας,
3104 631 3241 686 ἀλλά
3264 631 3679 702 προτιμώμενον
3701 648 3717 661 ·

2147 721 2382 776 ἐνταῦθα
2396 721 2453 773 δὲ
2474 721 2574 792 οὐχ
2597 720 2789 785 οὑτως,
2818 720 2954 774 ἀλλὰ
2976 720 3153 774 πάντα
3176 718 3438 782 ὑπέταξεν
3464 718 3569 771 ὑπὸ
3588 720 3723 783 τοὺς

2146 808 2314 873 πόδας
2344 807 2543 862 αὐτοῦ·
2586 809 2681 861 καὶ
2727 809 2826 877 οὐχ
2861 807 3047 869 ἁπλῶς
3099 804 3400 873 ὑπέταξεν,
3436 805 3569 860 ἀλλά
3616 806 3723 877 τὴν

2144 895 2382 967 ἐσχάτην
2408 880 2710 965 ὑποταγὴν,
2737 897 2834 949 καὶ
2872 892 2988 965 μεθ’
3011 894 3079 964 ἢν
3113 894 3275 963 ἐτέρα
3306 894 3407 946 οὐκ
3450 893 3583 947 ἐστι.
3614 895 3723 948 Διά

2145 983 2302 1035 τοῦτο
2331 978 2502 1035 εἶπεν·
2538 982 2685 1035 Ὑπὸ
2722 981 2865 1047 τοὺς
2917 981 3125 1046 πόδας.
3162 979 3271 1033 Καί
3301 980 3489 1034 αὑτὸν
3528 980 3722 1034 ἔδωκε

2148 1068 2424 1139 κεφαλὴν
2455 1068 2609 1137 ὑπὲρ
2647 1068 2842 1121 πάντα
2873 1066 2948 1136 τῇ
2991 1066 3336 1133 Ἐκκλησίῃ.
3384 1066 3576 1132 Βαϐαἰ,
3606 1067 3719 1121 ποῦ

2144 1158 2308 1212 πάλιν
2335 1156 2458 1211 -καὶ
2506 1156 2605 1227 τὴν
2670 1155 2994 1226 Ἐκκλησίαν
3041 1154 3352 1223 ἀνήγαγενί
3387 1154 3596 1224 Ὠσπερ
3623 1155 3722 1209 διὰ

2141 1246 2283 1319 ⁸τινος
2309 1244 2483 1298 ἕλκων
2512 1244 2783 1315 μηχανῆς,
2807 1243 2886 1305 είς
2913 1242 3045 1310 me;
3070 1239 3237 1309 αὐτήν
3264 1240 3507 1309 ἀνήγαγε
3545 1242 3717 1311 μέγα,

2142 1332 2236 1385 καὶ
2286 1330 2457 1403 αὐτὴν
2514 1331 2766 1384 ἐκάθισεν
2810 1332 2891 1393 είς
2928 1326 3132 1381 ἐκεῖνον
3159 1328 3252 1381 τὸν
3296 1327 3505 1397 θρόνον.
3539 1329 3717 1383 Ἔνθα

2140 1418 2246 1489 γὰρ
2285 1422 2318 1490 ή
2351 1418 2582 1489 κεφαλὴ,
2615 1419 2736 1472 ἐκεῖ
2771 1417 2866 1471 καὶ
2894 1415 2953 1469 τὸ
2982 1415 3173 1485 σῶμα·
3208 1414 3381 1468 οὐδενί
3408 1414 3515 1486 γὰρ
3558 1418 3715 1486 μέσῳ

2136 1508 2430 1579 διείργεται
2461 1508 2495 1579 ἡ
2525 1498 2754 1578 κεφαλὴ,
2782 1507 2879 1559 καὶ
2897 1504 2959 1557 τὸ
2987 1504 3174 1575 σῶμα·
3204 1505 3253 1557 εἰ
3285 1506 3392 1574 γὰρ
3420 1502 3710 1575 διείργετο,

2137 1596 2236 1649 οὐκ
2261 1596 2327 1648 ἂν
2364 1596 2448 1666 εἴη
2477 1594 2655 1665 σῶμα,
2684 1595 2783 1647 οὐκ
2814 1594 2880 1647 ἂν
2908 1593 2992 1663 εἴη
3023 1592 3254 1666 κεφαλή.
3293 1592 3459 1659 ’Υπὲρ
3486 1590 3709 1655 πάντα,

2139 1682 2290 1752 φησί.
2306 1682 2372 1734 Τί
2390 1682 2559 1747 ἐστιν,
2585 1681 2756 1748 Ὑπὲρ
2775 1680 3007 1743 πάντα;
3034 1680 3103 1731 Ἦ
3119 1676 3208 1733 τὸν
3223 1674 3351 1732 δντα
3369 1680 3506 1748 ὑπὲρ
3529 1678 3713 1731 πάντα

2137 1769 2205 1821 τά
2229 1768 2481 1840 δρώμενα
2509 1769 2604 1821 καὶ
2627 1768 2695 1821 τὰ
2717 1766 2981 1837 νοούμενα
3005 1766 3238 1838 Χριστόν
3258 1781 3271 1794 ·
3302 1765 3335 1835 ἢ
3367 1765 3504 1836 ὑπὲρ
3529 1766 3715 1817 πάντα

2136 1855 2207 1909 τά
2225 1857 2406 1922 ἀγαθά
2421 1856 2581 1910 τοῦτο
2608 1855 2896 1926 πεποίηκε,
2909 1855 2972 1907 τὸ
2986 1855 3075 1908 τὸν
3097 1854 3222 1907 Υἰδν
3239 1852 3420 1907 δοῦναι
3438 1870 3497 1905 κε
3506 1852 3705 1921 φαλήν.

2136 1944 2252 1997 Οὐκ
2284 1943 2534 2013 ἄγγελον,
2566 1944 2665 1997 οὐκ
2691 1942 3050 2014 ἀρχάγγελον,
3088 1942 3186 1995 οὐκ
3207 1940 3363 1995 ἀλλον
3393 1939 3581 1992 οὐδένα
3602 1941 3713 2006 ἀφ-

2136 2031 2269 2097 ῆκεν
2298 2030 2593 2101 ἀνώτερον.
2621 2031 2696 2083 Οὐ
2724 2028 2897 2099 ταύτῃ
2923 2028 2979 2081 δέ
3011 2028 3169 2097 μόνον
3200 2027 3346 2097 ἡμᾶς
3375 2024 3621 2095 ἐτίμησε,
3644 2027 3709 2078 τὸ

2136 2116 2197 2181 ἐξ
2221 2118 2380 2187 ἡμῶν
2433 2115 2747 2184 ἀναγαγὼν,
2793 2114 2913 2169 ἀλλ’
2959 2116 3042 2167 ὅτι
3076 2114 3171 2167 καὶ
3217 2112 3278 2165 τὺ
3328 2112 3502 2165 κοινὸν
3546 2113 3709 2179 γένος

2136 2204 2283 2257 ἅπαν
2323 2202 2518 2273 ἐκείνῳ
2569 2202 2800 2255 ἔπεσθαι
2845 2201 3290 2267 παρεσκεύασεν,
3325 2200 3533 2253 ἐκείνου
3584 2199 3709 2268 ἐχε-

2136 2290 2282 2354 σθαι,
2297 2290 2491 2361 ἐκείνῳ
2516 2288 2848 2344 ἀκολουθεῖν.
2871 2290 3031 2354 "Et";
3057 2288 3185 2341 ἐστί
3210 2289 3278 2341 τό
3303 2286 3474 2357 σῶμα
3494 2287 3698 2340 αὐτοῦ.

2135 2382 2253 2435 Ἵνα
2284 2381 2392 2453 γὰρ
2450 2381 2557 2451 μὴ,
2616 2381 2857 2443 ἀκούσας
2888 2379 3151 2449 κεφαλὴν,
3183 2366 3282 2448 τὴν
3319 2378 3495 2448 ἀρχὴν
3544 2366 3708 2447 μόνον

2132 2469 2381 2541 νομίσῃς,
2406 2468 2542 2523 άλλά
2576 2469 2671 2522 καὶ
2699 2467 2797 2540 τὴν
2828 2467 3177 2538 βεϐαιότητα,
3213 2466 3336 2537 μηδ’
3364 2466 3439 2528 ὡς
3467 2464 3709 2536 ἄρχοντα

2135 2550 2315 2629 μόνον,
2343 2557 2459 2611 ἀλλ’
2482 2558 2563 2621 ὡς
2584 2557 2833 2628 σώματος
2859 2556 2976 2627 ἴδῃς
3003 2554 3265 2625 κεφαλὴν,
3293 2554 3363 2609 Τὸ
3386 2554 3704 2623 πλήρωμα,

2132 2647 2320 2718 φησὶν,
2363 2647 2472 2701 τοῦ
2500 2648 2573 2701 τὰ
2611 2646 2807 2700 πάντα
2832 2646 2906 2698 ἐν
2948 2641 3100 2698 πᾶσι
3125 2642 3568 2712 πληρουμένου.
3612 2644 3706 2706 Ὠς

2129 2735 2229 2787 οὐκ
2261 2733 2556 2806 ἀρκοῦντος
2586 2734 2777 2786 τούτου
2801 2726 2969 2797 δεῖξαι
3000 2732 3099 2803 τήν
3130 2730 3451 2799 συγγένειαν
3480 2731 3573 2783 καὶ
3600 2730 3707 2801 τὴν

2129 2821 2429 2893 ἐγγύτητα,
2461 2820 2514 2873 τί
2544 2837 2712 2891 (mm;
2762 2820 2833 2873 Τὸ
2870 2817 3157 2886 πλήρωμα
3210 2817 3316 2871 τοῦ
3364 2816 3619 2885 Χριστοῦ
3659 2818 3703 2885 ἡ

2142 2907 2488 2975 Ἐκκλησία.
2526 2909 2638 2961 Καὶ
2673 2906 2782 2976 γὰρ
2817 2905 3091 2975 πλήρωμα
3120 2905 3362 2973 κεφαλῆς
3396 2904 3576 2973 σῶμα,
3596 2906 3706 2957 ’καὶ

2129 2995 2403 3065 πλήρωμα
2456 2993 2710 3064 σώματος
2753 2991 2865 3064 [9.0]
2909 2992 3138 3061 κεφαλή.
3175 2992 3317 3064 Ὅρα
3358 2991 3498 3063 πόσῃ
3548 2992 3705 3056 τάξει

2128 3082 2393 3153 κέχρηται
2438 3082 2672 3147 Παῦλος,
2727 3080 2845 3145 πῶς
2884 3079 3096 3143 οὐδενὸς
3147 3078 3388 3147 φείδεται
3432 3081 3702 3149 ῥήματος,

2126 3168 2268 3221 ὥστε
2318 3172 2665 3240 παραστῆσαι
2713 3168 2808 3222 τοῦ
2859 3167 2994 3221 Θεοῦ
3040 3167 3138 3243 τὴν
3166 3165 3342 3230 δόξαν.
3377 3158 3700 3234 numam.

2129 3256 2292 3325 φησί·
2332 3256 2631 3321 τουτέστιν,
2659 3250 2772 3308 οἷον
2809 3254 3018 3324 κεφαλὴ
3063 3253 3363 3323 πληροῦται
3411 3254 3562 3325 παρὰ
3602 3255 3703 3307 τοῦ

2130 3345 2401 3415 σώματος’
2424 3343 2515 3399 διὰ
2538 3342 2647 3415 γὰρ
2676 3343 2893 3396 πάντων
2916 3339 3097 3412 μερῶν
3116 3341 3177 3392 τὸ
3198 3339 3357 3411 σῶμα
3379 3341 3700 3411 συνέστηκε,

2128 3432 2225 3487 καὶ
2285 3432 2404 3495 ἐνὸς
2459 3432 2693 3485 ἐκάστου
2729 3430 2939 3501 χρῄζει.
2990 3430 3134 3496 Ὅρα
3182 3428 3300 3491 πῶς
3344 3429 3507 3481 αὐτὸν
3542 3432 3701 3500 κοινῇ

2128 3521 2346 3574 πάντων
2372 3518 2644 3589 χρῄζοντα
2667 3520 2899 3585 εἰσάγει.
2930 3516 3030 3568 Ἂν
3060 3516 3170 3585 γὰρ
3205 3514 3280 3583 μὴ
3311 3507 3459 3585 ὦμεν
3490 3514 3699 3578 πολλοὶ,

2127 3609 2223 3661 καὶ
2248 3609 2277 3661 δ
2321 3608 2421 3677 μὲν
2452 3605 2595 3677 χεὶρ,
2629 3607 2659 3659 ὁ
2704 3604 2762 3657 δὲ
2798 3602 2951 3669 ποῦς,
3002 3603 3033 3655 ό
3063 3603 3120 3655 δέ
3156 3601 3284 3654 ἄλλο
3314 3619 3367 3655 τι
3417 3602 3602 3673 μέρος,
3634 3604 3701 3656 οὐ

2128 3694 2427 3765 πληροῦται
2449 3694 2571 3748 ὅλον
2603 3693 2665 3747 τὸ
2693 3692 2873 3763 σῶμα.
2910 3691 3008 3744 Διὰ
3035 3690 3253 3743 πάντων
3269 3685 3363 3742 οὖν
3397 3688 3695 3758 πληροῦται

2126 3784 2187 3836 τὸ
2213 3783 2372 3853 σῶμα
2394 3781 2580 3835 αὐτοῦ.
2628 3772 2761 3834 Τότε
2789 3777 3090 3849 πληροῦται
3120 3780 3154 3848 ή
3188 3777 3423 3848 κεφαλὴ,
3462 3778 3582 3830 τότε
3609 3778 3699 3829 τέ-

2126 3872 2269 3925 λειον
2312 3870 2474 3942 σῶμα
2510 3871 2743 3939 γίνεται,
2765 3869 2893 3921 ὅταν
2912 3866 3048 3938 όμοῦ
3073 3868 3274 3930 πάντες
3308 3860 3460 3937 ὦμεν
3488 3879 3703 3935 συνημο

2130 3961 2283 4032 μ’ένοι
2312 3960 2410 4013 καὶ
2444 3956 2962 4032 συγκεκολλημένσι.

2195 4046 2266 4116 γ’.
2300 4042 2452 4110 Εἶδες
2468 4044 2698 4099 πλοῦτον
2722 4042 2883 4113 δόξης
2909 4029 3274 4113 κληρονομίας
3300 4060 3316 4107 ;
3348 4039 3488 4104 εἶδες
3521 4042 3695 4111 ὑπερ-

2128 4134 2321 4190 ϐάλλον
2343 4134 2572 4205 μέγεθος
2586 4131 2867 4201 δυνάμεως
2892 4131 2971 4193 είς
2998 4132 3126 4193 τοὺς
3153 4129 3501 4191 πιστεύοντας
3520 4146 3535 4191 ;
3553 4125 3698 4193 εἶδες

2126 4222 2318 4276 ἐλπίδα
2369 4222 2616 4292 κλήσεως
2644 4237 2661 4287 ;
2694 4217 3042 4287 Αίδεσθῶμεν
3094 4216 3255 4287 ἡμῶν
3301 4216 3397 4287 τὴν
3427 4216 3693 4286 κεφαλήν.

2128 4310 2467 4380 ἐννοήσωμεν
2512 4308 2657 4369 τίνος
2704 4305 2871 4375 ἐσμὲν
2923 4304 3082 4373 σῶμα
3128 4303 3399 4374 κεφαλῆς,
3448 4297 3696 4377 ᾗπάντα

2128 4399 2509 4454 ὑποτέτακται.
2542 4396 2654 4449 Καὶ
2681 4396 2788 4448 τῶν
2826 4392 3072 4463 ἀγγέλων
3102 4394 3243 4447 κατά
3288 4394 3444 4446 τοῦτο
3470 4394 3531 4446 τό
3562 4393 3696 4444 ὑπό-

2124 4487 2322 4557 δειγμα
2363 4484 2607 4551 βελτίους
2647 4484 2794 4554 ἡμᾶς
2834 4477 2974 4535 εἰναι
3005 4482 3133 4551 χρὴ,
3164 4481 3258 4533 καὶ
3288 4479 3697 4551 τῶν-ἀρχαγγέ-

2123 4574 2230 4627 λων
2277 4574 2527 4644 μείζους,
2562 4571 2636 4634 ώς
2676 4570 2890 4622 πάντων
2942 4568 3119 4621 αὐτῶν
3168 4569 3689 4639 προτετιμημένους.

2099 4663 2248 4717 ,Οὐκ
2284 4658 2556 4730 ἀγγέλων
2606 4657 2930 4711 ἐςὲελάϐετο
2967 4657 2999 4709 ό
3043 4656 3208 4721 Θεὸς,
3244 4653 3423 4716 καθὼς
3463 4656 3697 4726 γράφων

2134 4748 2404 4819 Ἑϐραίοις
2436 4745 2622 4816 φησὶν,
2660 4744 2820 4798 ἀλλὰ
2871 4743 3214 4812 σπέρματος
3260 4742 3538 4810 Ἀϐραάμ·
3592 4743 3695 4796 οὐκ

2121 4838 2298 4911 ἀρχῆς
2348 4835 2467 4888 οὐδὲ
2520 4833 2767 4900 ἐξουσίας
2813 4828 2933 4884 οὐδὲ
2978 4830 3297 4901 κυριότητος
3354 4830 3475 4883 οὐδὲ
3524 4830 3695 4900 ἄλλης

2122 4928 2377 4994 οὐδεμιᾶς
2437 4923 2717 4994 δυνάμεως
2749 4938 2764 4953 ·
2810 4920 2946 4974 ἀλλά
3024 4920 3123 4988 τὴν
3187 4920 3462 4989 ἡμετέραν
3530 4918 3697 4988 φύσιν

2121 5013 2372 5079 ἀνέλαϐε,
2395 5012 2491 5065 καὶ
2543 5010 2792 5064 ἐκάθισεν
2828 5008 2956 5062 ἄνω.
2994 5007 3105 5060 Καὶ
3134 5005 3187 5058 τί
3208 5006 3370 5074 λέγω,
3398 5006 3649 5060 ἐκάθισεν
3676 5027 3691 5073 ;
3737 4998 3743 5059 ξ

2125 5102 2341 5172 ἰμάτιον
2379 5098 2546 5153 αὐτοῦ
2605 5097 2882 5165 ἐποίησεν,
2944 5095 3037 5148 καὶ
3089 5093 3188 5164 οὐχ
3213 5093 3421 5158 ἁπλῶς,
3446 5094 3559 5147 ἀλλ’
3586 5097 3694 5149 ὑπὸ

2120 5192 2248 5254 τούς
2292 5189 2459 5251 πόδας
2513 5185 2682 5241 αὐτοῦ
2732 5185 2910 5237 πάντα
2961 5180 3220 5246 ὑπέταξε.
3264 5182 3471 5245 Πόσους
3512 5184 3691 5253 βούλει

2121 5279 2294 5331 θεῖναι
2324 5276 2621 5339 θανάτους;
2657 5272 2831 5333 πόσας
2858 5272 3038 5340 ψυχάς
3074 5286 3089 5333 ;
3128 5269 3353 5342 μυρίους
3370 5272 3465 5323 καὶ
3489 5272 3691 5326 πολλα-

2122 5364 2418 5429 πλασίους;
2461 5362 2599 5415 Ἀλλ’
2642 5360 2800 5414 οὐδὲν
2860 5359 2975 5412 ίσον
3004 5357 3178 5427 ἐρεῖς.
3213 5356 3317 5410 Δύο
3350 5358 3458 5430 γὰρ
3486 5360 3557 5413 τὰ
3592 5363 3693 5429 μέ..

2119 5470 2283 5522 γιστα
2304 5450 2630 5520 πεποίηκεν,
2661 5447 2825 5510 αὐτός
2851 5464 2911 5500 τε
2940 5444 3270 5515 είςέσχατον
3306 5448 3689 5517 ταπεινότητος

2118 5539 2271 5612 ἦλθε,
2300 5538 2396 5592 καί
2437 5538 2529 5589 τὸν
2579 5536 2869 5605 ἄνθρωπον
2904 5536 2985 5598 εἰς
3033 5533 3175 5603 μέγα
3210 5532 3541 5606 ὑψηλότητος
3596 5537 3690 5588 ἀν-

2120 5631 2317 5697 ήγαγε.
2344 5620 2512 5678 Εἶπεν
2530 5624 2704 5676 ἐκεῖνο
2722 5634 2747 5661 ι
2767 5622 3005 5692 πρῶτον,
3027 5622 3108 5675 ὅτι
3135 5622 3331 5676 ἐαυτὸν
3357 5624 3687 5677 ἐταπείνωσε

2120 5714 2372 5767 τοσοῦτον
2407 5727 2421 5741 ·
2455 5712 2605 5781 λέγει
2626 5708 2696 5764 ντδ
2723 5709 2916 5763 τούτου
2944 5707 3278 5779 ὑψηλότερον
3304 5709 3419 5773 νῦν,
3450 5709 3512 5762 τὸ
3544 5713 3685 5781 μέγα

2182 5859 2206 5888 ι
2231 5844 2367 5913 Idem
2387 5842 2539 5913 page:
2565 5842 2759 5913 Cofslip.
2782 5845 2855 5913 gt_
2866 5852 3019 5913 φατε.
3042 5838 3215 5913 Sitti]...
3240 5841 3485 5913 ἀνῄγαγεν.
3516 5839 3659 5889 ’1:sz

2124 5927 2197 5961 ισε
2234 5909 2323 5969 γὰρ
2353 5906 2511 5966 αὐτὸν,
2533 5905 2693 5963 φησὶν,
2715 5904 2762 5951 ἐν
2782 5903 2906 5966 δεξιᾷ
2935 5903 3097 5951 αὐτοῦ.
3127 5903 3270 5950 Εἶπεν
3294 5903 3461 5951 ἐκεῖνο.

2758 6004 2787 6019 Ι
