4030 6526
273 473 348 528 ,5
1206 456 1271 517 tu
1310 456 1523 514 EPIST.
1569 458 1661 515 so
1701 456 1950 523 erutas.
1990 457 2145 514 car.
2190 457 2228 512 ι.
2275 459 2502 519 nontL.
2545 461 2632 521 ιιι.
3481 464 3567 527 σέας

274 579 580 644 celeritate,
601 584 659 632 ut
689 572 978 646 quiadbuc
1001 580 1184 630 nsunt
1206 612 1222 632 .
1266 589 1373 628 non
1404 572 1513 627 sint
1537 571 1860 643 praeventuri

274 692 375 733 eos
414 675 503 745 qui
526 672 880 735 dormierunt,
912 667 1048 723 adeo
1079 676 1134 725 ut
1161 666 1342 725 outnia
1360 666 1569 734 ﬂantis
1591 673 1863 729 momento

274 779 329 831 ct
359 768 413 821 in
442 768 557 819 ictu-
570 763 734 818 oeuli.

347 859 396 915 2.
435 858 491 923 ιιι
526 853 805 927 credendo.
835 860 1147 910 autemnon
1181 849 1250 910 ita
1290 849 1383 913 iis;
1420 849 1515 905 sed
1554 848 1862 918 quiomodo?

272 951 413 1007 Audi
441 930 561 1005 eum
589 960 777 1015 rursus
801 945 1066 1001 dicentem
1100 960 1112 995 :
1146 941 1355 1005 Quoties
1392 934 1529 1003 uolui
1557 955 1862 1010 congregare

271 1045 410 1115 [ilics
439 1050 647 1104 vestros,
669 1046 715 1097 et
740 1034 972 1093 not-cistis
997 1032 1148 1104 (huc.
1178 1033 1267 1093 ιδ.
1296 1029 1408 1101 54),
1438 1030 1596 1085 Vides
1620 1029 1869 1088 necesse

269 1131 578 1190 difﬁcilius?
597 1128 956 1196 Quamobrem
977 1139 1049 1182 ex
1077 1123 1178 1181 hoc
1205 1122 1392 1193 probat
1412 1121 1738 1179 universum.
1763 1120 1869 1181 Est

270 1226 419 1278 enim
451 1222 618 1278 multo
636 1217 912 1275 difﬁcilius
941 1214 1187 1269 humanis
1211 1212 1504 1268 rationibus
1532 1210 1859 1282 persuadere

272 1318 447 1370 libero
470 1313 712 1381 arbitrio,
740 1324 900 1380 qttam
926 1306 1137 1377 operari
1168 1314 1433 1361 natumut.
1460 1302 1635 1358 Causa
1661 1312 1744 1357 est
1766 1317 1868 1357 att-

271 1384 380 1467 tem
406 1449 422 1469 ,
454 1404 704 1475 quoniam
737 1403 850 1471 ipse
888 1401 967 1455 sic
1008 1398 1118 1457 vult
1153 1412 1250 1463 nos
1289 1404 1475 1454 nostra
1509 1404 1699 1464 sponte
1741 1394 1865 1461 fieri.

272 1501 465 1557 bonos.
493 1497 583 1553 Sic
610 1492 995 1567 meritotlixit,
1015 1489 1405 1559 Superemipens
1432 1486 1738 1556 magnitudo.
1757 1485 1865 1547 virm

272 1593 394 1646 tutis
422 1595 532 1660 ejus
566 1590 619 1642 in
647 1604 745 1641 nos
782 1586 867 1658 qui
911 1582 1236 1647 credidimus.
1275 1579 1498 1648 Quando
1539 1578 1681 1635 enim
1726 1592 1855 1647 pro-

271 1685 451 1755 phetae
478 1680 607 1739 nihil
639 1676 1004 1749 profecerunt,
1026 1674 1240 1745 quando
1261 1673 1434 1743 angeli
1455 1681 1509 1729 et
1526 1670 1854 1741 archangeli,

268 1773 484 1845 quando
513 1770 689 1828 omnis
717 1777 959 1825 creatura
987 1764 1328 1835 aspectabilis
1346 1804 1362 1831 ,
1391 1773 1445 1819 et
1483 1778 1588 1817 non
1614 1771 1858 1833 aspectas

270 1868 396 1923 hilis
418 1883 436 1923 :
461 1862 801 1933 aspectabilis
828 1859 1041 1931 quidem
1071 1858 1123 1912 in
1150 1856 1328 1912 medio
1354 1856 1647 1927 proposita,
1670 1863 1723 1912 et
1748 1870 1858 1913 non

264 1959 457 2027 valens
492 1956 793 2019 deducere,
840 1951 1003 2005 multa
1047 1958 1224 2011 autem
1266 1947 1659 2019 inaspectabilis
1685 1963 1700 2002 :
1729 1954 1859 2012 time

264 2066 429 2114 somn
445 2045 774 2117 dispensavit
797 2042 1107 2107 aduentum,
1138 2039 1425 2099 ostendens
1454 2055 1563 2095 rem
1591 2054 1751 2108 egere
1774 2038 1856 2092 di-

263 2143 391 2212 uina
421 2140 639 2199 virtute.
666 2135 883 2193 Divitias
906 2134 1104 2205 gloria.
1136 2131 1248 2198 Hoc
1273 2141 1377 2199 esl,
1407 2130 1634 2201 gloriam
1661 2129 1852 2187 ineffa-
1884 2200 1885 2203 η

264 2235 452 2303 bilem.
496 2232 627 2287 Nam
672 2243 914 2300 quaenam
960 2226 1135 2282 oratio
1173 2223 1367 2294 peterit
1406 2223 1555 2289 illam
1582 2223 1856 2289 explicare

261 2327 522 2396 gloriam,
553 2322 706 2393 cujus
745 2320 916 2387 sancti
947 2329 1072 2378 tunc
1105 2324 1267 2371 erunt
1303 2313 1629 2385 participes?
1656 2311 1851 2379 Nulla;

261 2420 355 2476 sed
387 2435 450 2473 re
476 2432 602 2473 vera
627 2429 763 2487 opus
787 2412 953 2484 gratia
977 2452 992 2476 ,
1024 2418 1082 2475 ut
1125 2422 1275 2465 mens
1312 2407 1481 2464 discat
1506 2448 1522 2473 ,
1554 2415 1611 2462 et
1633 2406 1853 2465 omnino

264 2526 489 2581 parvum
531 2508 717 2576 utique
758 2504 964 2560 radium
1002 2500 1253 2570 excipiat.
1285 2499 1476 2569 Aliqua
1513 2498 1672 2553 etiam
1701 2498 1853 2568 prius

260 2601 476 2674 «pridem
520 2603 780 2655 noverant
804 2635 826 2665 ,1
848 2593 1062 2649 volebat
1089 2602 1269 2653 autem
1305 2604 1401 2646 eos
1438 2605 1580 2647 nunc
1621 2590 1853 2659 amplius

260 2694 473 2764 discere
498 2699 550 2744 et
583 2702 743 2750 nosse
767 2684 1023 2756 apertius.
1053 2682 1216 2739 Vides
1244 2696 1402 2752 quam
1434 2681 1596 2735 multa
1625 2681 1696 2737 sit
1723 2695 1854 2750 cpe-

261 2783 445 2844 mtns?
474 2779 747 2837 Christum
776 2774 1056 2841 suscitavit
1080 2791 1095 2829 :
1122 2775 1294 2839 hocne
1323 2772 1578 2843 parvum?
1603 2770 1710 2826 Sed
1734 2786 1853 2836 rur-

257 2849 349 2931 sus
391 2874 538 2931 vide.
586 2870 788 2928 Sedere
839 2867 964 2929 fecit
1008 2865 1075 2921 ad
1120 2864 1397 2930 dexteram
1441 2878 1595 2919 suam
1627 2880 1642 2919 :
1673 2862 1852 2929 ullane

258 2969 431 3037 oratio
478 2965 584 3021 hoc
629 2962 822 3033 poterit
859 2958 1161 3030 explicare?
1194 2958 1325 3019 Eum
1363 2956 1452 3027 qui
1485 2955 1587 3011 fuit
1611 2972 1642 3011 e
1673 2965 1847 3023 terra,

256 3076 379 3115 eum
411 3057 505 3128 qui
534 3064 620 3112 est
646 3052 816 3124 magis
845 3060 1023 3107 mutus
1048 3064 1206 3120 quam
1237 3050 1434 3119 pisces,
1460 3048 1549 3118 qui
1576 3047 1747 3107 factus
1766 3058 1851 3104 est

256 3152 549 3215 hnlibrium
577 3147 904 3212 dmmonum,
933 3144 986 3200 in
1013 3143 1182 3201 altum
1204 3142 1382 3203 statim
1404 3141 1614 3213 extulit.
1639 3140 1863 3210 licuerat,

256 3218 338 3315 est
361 3240 777 3313 supereminens
797 3234 1107 3307 magnitudo
1132 3233 1253 3305 ejus
1277 3232 1509 3295 virtutis.

328 3338 499 3403 Quam
512 3335 615 3389 alte
636 3332 772 3391 Deus
788 3330 1036 3387 hominem
1059 3326 1526 3400 astatoria—Vitio
1538 3336 1718 3383 autem
1740 3340 1859 3398 quo.

254 3430 511 3485 extulerit
541 3445 557 3481 :
588 3427 639 3483 in
682 3423 988 3487 etelestibus
1033 3436 1156 3479 eum
1186 3419 1311 3483 fecit
1339 3421 1671 3491 superiorem
1701 3421 1845 3479 omni

254 3532 435 3596 creata
456 3528 828 3587 natura,supra
841 3530 1053 3575 omnem
1071 3513 1424 3584 principatum
1441 3522 1492 3569 et
1507 3522 1844 3583 potestatem:

256 3617 434 3683 Supra
451 3627 672 3676 omnem,
696 3608 885 3679 inquit,
901 3606 1259 3679 principatum.
1282 3604 1487 3661 Revera
1506 3604 1695 3674 spiritu
1711 3619 1859 3675 opus.

246 3715 359 3770 est,
390 3713 447 3759 et
471 3700 698 3772 sapienti
724 3708 905 3756 mente
932 3699 985 3755 in
1015 3697 1284 3769 agnitione
1311 3696 1461 3765 ejus;
1496 3712 1681 3757 revera
1711 3712 1858 3768 Opus.

256 3809 335 3856 est
354 3795 704 3853 ret-elatione.
732 3792 917 3865 Cogita
937 3800 1191 3860 quantum
1208 3790 1433 3863 intersit
1456 3789 1593 3846 inter
1612 3788 1846 3845 hominis

255 3902 313 3963 et
341 3891 436 3946 Dei
462 3898 708 3944 naturam
732 3906 750 3941 :
770 3896 825 3942 et
844 3885 916 3940 ab
952 3884 1053 3945 hac
1091 3884 1295 3941 vilitate
1323 3891 1379 3939 et
1405 3882 1704 3953 abjcctione
1722 3897 1845 3938 eum

252 3984 321 4038 ad
370 3983 523 4037 illum
567 3979 828 4034 honorem
853 3975 1104 4041 sustulit;
1134 3989 1239 4032 non
1262 3989 1427 4029 unum
1455 3982 1547 4028 aut
1572 3974 1797 4047 alterum
1824 4013 1842 4041 ,

255 4084 349 4129 aut
387 4075 607 4129 tertium
646 4069 869 4142 gradum
914 4067 1264 4125 transcendit.
1305 4065 1496 4135 Paptel
1524 4064 1637 4120 Nec
1669 4065 1844 4121 solum

254 4166 410 4233 dixit,
434 4164 630 4233 Supra,
657 4162 777 4227 sed,
805 4163 979 4231 Longe
1005 4174 1183 4229 supra.
1226 4156 1485 4227 Supernis
1517 4157 1661 4213 enim
1690 4165 1844 4226 pote.

253 4256 485 4321 statibus
506 4254 647 4310 Deus
671 4261 753 4308 est
776 4251 1042 4319 superior.
1067 4249 1241 4319 Ipsum
1274 4248 1449 4318 itaque
1479 4247 1605 4303 illnc
1627 4248 1847 4317 extulit,

254 4356 314 4415 et
346 4346 438 4416 qui
483 4354 601 4399 erat
638 4358 704 4400 ex
748 4341 1091 4417 nobis,eum
1131 4338 1200 4393 ab
1244 4338 1497 4393 extmmis
1538 4339 1845 4407 carceribus

257 4451 428 4507 usque
451 4434 519 4490 ad
546 4434 789 4489 ultimum
818 4430 970 4487 duxit
995 4428 1368 4501 principatum,
1400 4437 1523 4498 post
1545 4443 1704 4498 quem
1734 4443 1847 4493 non

253 4542 341 4601 qsl.
378 4531 554 4585 honor
596 4530 753 4584 alius.
800 4527 1046 4593 Omnem,
1084 4524 1286 4596 inquit,
1328 4525 1666 4594 principatum
1688 4564 1704 4589 ,
1733 4539 1857 4589 non.

257 4626 398 4678 inme
422 4622 643 4693 quidem
667 4662 683 4689 ,
713 4620 861 4679 illum
898 4629 1080 4673 autem
1122 4631 1277 4689 non,
1295 4609 1390 4671 sed
1409 4656 1427 4681 ,
1456 4614 1670 4681 Omnem
1697 4615 1843 4687 prin.

251 4717 477 4788 tipatam
506 4722 552 4767 et
583 4720 874 4780 potestatem
900 4718 949 4764 et
976 4708 1392 4774 dominationem,
1422 4716 1471 4761 et
1495 4722 1641 4767 omne
1661 4723 1842 4762 nomen

247 4808 388 4875 quod
418 4807 730 4868 nominatur,
762 4803 808 4857 si
835 4802 975 4872 quod
1003 4810 1085 4856 est
1116 4800 1167 4853 in
1199 4798 1334 4853 cmlo
1354 4839 1370 4864 ,
1400 4798 1650 4854 omnibus
1675 4798 1844 4861 evasit

248 4900 518 4968 superior.
544 4897 658 4951 [ioc
676 4897 747 4958 de
764 4910 830 4951 eo
850 4895 939 4966 qui
965 4902 1046 4949 est
1072 4893 1336 4955 excitatus
1357 4906 1390 4946 a
1413 4890 1639 4946 mortuis
1661 4906 1676 4943 :
1699 4890 1839 4960 quod

245 4988 468 5058 quidem
508 4988 727 5057 dignantur
753 4994 837 5040 est
861 4985 1235 5051 admiratione.
1267 4981 1399 5037 Nam
1428 4980 1497 5035 de
1529 4981 1638 5036 Deo
1666 4980 1842 5037 Verbo

245 5094 613 5151 nequaquam.
642 5076 774 5132 Nam
799 5075 945 5147 quod
970 5082 1093 5129 sunt
1122 5074 1325 5129 culices
1352 5072 1420 5127 ad
1449 5072 1712 5135 homines,
1740 5072 1843 5129 hoc

246 5182 334 5227 est
360 5171 542 5227 omnis
564 5178 807 5225 creatura
838 5167 905 5223 ad
939 5167 1128 5222 Deum.
1159 5166 1227 5220 Et
1258 5163 1385 5234 quid
1419 5163 1572 5231 dico,
1599 5163 1840 5219 culices?

244 5267 297 5322 si
322 5279 515 5321 omnes
537 5261 786 5318 homines
809 5260 1200 5331 reputabuntur
1224 5265 1283 5312 ιιι
1313 5256 1500 5321 saliva,
1528 5264 1584 5312 et
1610 5254 1839 5326 reputati

243 5365 459 5421 suntut
483 5361 816 5409 momentum
854 5360 1069 5407 statera:
1100 5348 1269 5420 (Isai.
1298 5348 1391 5404 40.
1427 5348 1527 5419 15)
1559 5369 1573 5404 :
1600 5361 1693 5403 eas
1720 5362 1841 5417 quae

244 5450 346 5509 sub
376 5458 656 5519 aspectum
686 5461 793 5502 non
820 5445 1020 5501 cadunt
1059 5451 1350 5514 potestates
1394 5456 1533 5512 pone
1568 5451 1838 5512 tamquam

242 5541 469 5595 culices.
500 5538 621 5593 Non
648 5537 808 5607 igitur
830 5536 898 5591 de
924 5536 1036 5592 Deo
1063 5533 1240 5590 Verbo
1265 5535 1344 5591 sic
1372 5531 1526 5600 dixit,
1559 5532 1652 5588 sed
1677 5532 1747 5589 de
1773 5546 1840 5587 co

242 5631 464 5704 quidem
504 5630 597 5700 qui
640 5627 741 5682 fuit
782 5642 848 5682 ex
882 5625 1038 5683 nobis
1067 5645 1082 5680 :
1114 5624 1218 5681 hoc
1245 5632 1329 5683 est
1356 5638 1482 5679 vere
1512 5637 1759 5694 magnum
1786 5631 1840 5679 et

239 5721 585 5781 admirabile.
615 5720 702 5774 Ab
730 5712 929 5775 inﬁmis
951 5717 1097 5774 enim
1124 5723 1284 5773 terrm
1318 5715 1560 5786 partibus
1591 5730 1717 5773 eum
1741 5730 1838 5771 ex-

245 5814 385 5867 tulit.
429 5810 487 5867 Si
529 5825 723 5865 omnes
760 5818 946 5877 gentes
978 5817 1246 5878 tamquam
1284 5807 1423 5861 stilla
1446 5848 1463 5875 ,
1501 5821 1640 5862 unus
1675 5804 1839 5862 homo

242 5910 407 5972 quoia
433 5910 516 5960 est
542 5915 669 5974 pars
693 5899 884 5971 stitlgn?
904 5897 1155 5965 Sedequ
1180 5897 1308 5958 fecit
1330 5895 1575 5968 omnibus
1599 5896 1838 5969 superio-

1971 587 2110 636 rem,
2142 588 2247 630 non
2275 576 2450 631 solum
2481 578 2533 632 in
2560 578 2662 635 hoc
2686 581 2883 638 sarculo
2905 624 2918 645 ,
2946 581 3247 643 sedvetiam,
3276 586 3327 639 in
3354 581 3575 657 totum,

1967 662 2105 721 Sunt
2129 678 2257 735 ergo
2286 677 2607 737 potestatum
2636 674 2985 744 quarnmdtuu
3014 676 3229 731 nomina
3264 676 3419 732 nobis
3447 691 3555 737 non

1967 755 2208 825 signata,
2260 774 2435 829 neque
2477 770 2623 818 nota.
2666 762 2733 818 Et
2775 767 2946 820 omnia
2974 769 3186 838 subjecit
3224 770 3316 828 sub
3344 770 3583 838 ptulil‘ms~

1966 848 2098 916 ejus.
2129 848 2247 905 Non
2273 851 2445 907 solum
2478 852 2603 908 fecit
2635 857 2969 925 superiorem
2991 869 3050 915 ut
3075 860 3154 917 eis
3183 859 3388 919 honore
3418 880 3554 932 prta.

1966 934 2215 1002 ferretur.
2235 954 2418 1011 neque
2445 957 2539 1011 per
2567 950 3046 1016 comparationem,
3077 950 3171 1008 sed
3199 960 3258 1009 ut
3284 961 3584 1024 tatnqnant._

1964 1030 2135 1087 servis
2164 1041 2435 1099 praeesset.
2464 1033 2644 1105 Papae,
2672 1053 2764 1103 res
2788 1038 2943 1108 plane
2965 1051 3091 1101 sunt
3118 1044 3426 1114 stupendazl
3455 1045 3557 1103 lto-

1965 1121 2126 1179 minis
2154 1122 2291 1181 facta
2316 1134 2407 1183 est
2429 1141 2584 1185 serva
2616 1132 2797 1188 omnis.
2820 1142 3060 1203 potestas
3088 1146 3266 1193 creata
3287 1179 3303 1204 ,
3336 1148 3575 1209 propter.

1967 1210 2133 1269 Deum
2166 1213 2393 1273 Verbum
2424 1218 2514 1288 qui
2553 1219 2832 1279 inhabitat.
2866 1224 3049 1285 Potest
3074 1227 3217 1285 enim
3245 1244 3366 1289 esse
3392 1240 3450 1287 ut
3483 1232 3549 1287 sit

1962 1302 2156 1373 aliquis
2180 1321 2364 1375 supra,
2396 1324 2502 1364 non
2534 1309 2736 1371 habens
2764 1315 2854 1385 qui
2879 1316 3113 1385 obediat,
3142 1320 3235 1376 sed
3265 1331 3321 1375 ut
3348 1321 3575 1379 honore.

1962 1395 2318 1464 prazl'cratur:
2352 1400 2440 1461 hic
2465 1413 2644 1464 autem
2684 1421 2790 1462 non
2829 1408 2943 1477 sic,
2971 1410 3067 1467 sed
3105 1413 3284 1468 omnia
3325 1414 3553 1484 subjecit

1962 1489 2067 1545 sub
2096 1492 2323 1560 pedibus
2348 1497 2503 1564 ejus;
2536 1507 2591 1556 et
2629 1514 2737 1556 non
2767 1501 2940 1559 solum
2966 1504 3212 1575 subjecit,
3241 1506 3337 1565 sed
3364 1508 3548 1563 ultima

1961 1584 2329 1654 subiectione,
2361 1600 2417 1645 et
2460 1601 2580 1662 post
2622 1610 2783 1665 quam
2826 1612 2933 1653 non
2970 1607 3056 1654 est
3096 1599 3219 1654 alia.
3260 1600 3562 1670 Propterea,

1960 1674 2124 1742 dixit,
2155 1679 2265 1735 Sal)
2288 1683 2517 1749 pedibus.
2554 1685 2623 1741 Et
2650 1687 2817 1756 imum
2846 1689 2985 1743 dedit
3021 1701 3172 1760 caput
3201 1709 3353 1762 super
3377 1695 3574 1749 omnim

1960 1762 2222 1824 Ecclesiaz.
2256 1770 2432 1841 Papm,
2461 1789 2567 1843 quo
2596 1790 2787 1841 rursus
2813 1779 3027 1834 sustulit
3056 1780 3385 1837 Eccmsiami
3414 1795 3549 1838 tam-

1959 1871 2117 1927 quam
2150 1875 2245 1929 per
2269 1864 2553 1932 quamdam
2586 1866 2801 1925 trahens
2830 1870 3131 1930 machinam
3151 1913 3168 1938 ,
3196 1887 3314 1927 eam
3346 1873 3403 1928 in
3428 1890 3548 1933 ma-

1957 1961 2115 2017 gnam
2146 1952 2362 2007 sustulit
2386 1954 2718 2013 altitudinem
2742 2000 2761 2025 ,
2789 1968 2847 2015 et
2871 1975 2989 2015 eam
3030 1962 3218 2019 sedere
3254 1964 3462 2021 curavit
3492 1966 3569 2035 in.

1960 2037 2047 2101 illa
2075 2038 2222 2096 sede.
2258 2041 2356 2099 Ubi
2387 2045 2530 2106 enim
2568 2056 2653 2102 est
2688 2057 2848 2118 caput
2871 2091 2887 2115 ,
2918 2051 3026 2106 illic
3051 2060 3106 2108 et
3133 2067 3331 2124 corpus
3356 2071 3369 2108 :
3400 2055 3571 2118 nullo...

1959 2130 2079 2191 loco
2107 2132 2423 2191 intermedio
2456 2150 2705 2195 arcentur
2741 2151 2900 2212 caput
2938 2151 2992 2198 et
3020 2159 3215 2214 corpus
3246 2162 3260 2199 :
3290 2146 3341 2205 si
3365 2156 3551 2205 autem

1957 2220 2288 2295 arcerentur,
2311 2243 2506 2300 corpus
2527 2246 2633 2293 non
2659 2233 2839 2303 fuerit,
2864 2251 2970 2290 non
2993 2236 3153 2299 fuerit
3172 2247 3353 2308 mput.
3377 2239 3553 2311 Super,

1956 2318 2147 2383 cautio,
2181 2319 2370 2390 inquit.
2401 2323 2536 2390 Quid
2567 2334 2671 2390 est,
2704 2326 2876 2395 Super
2903 2329 3115 2387 omnia?
3142 2329 3249 2385 Ant
3273 2330 3546 2393 Christum

1955 2407 2106 2476 dicit,
2135 2411 2225 2479 qui
2254 2420 2336 2467 est
2363 2426 2526 2483 super
2553 2416 2731 2475 omnia
2759 2433 2878 2487 qum
2907 2428 3201 2479 cernuntur
3227 2429 3283 2481 et
3310 2438 3435 2492 (tum:
3458 2424 3543 2481 in-

1958 2499 2300 2575 telliguntur;
2339 2514 2431 2562 aut
2472 2520 2639 2576 supra
2665 2509 2842 2569 omnia
2879 2508 3019 2565 bona
3061 2509 3163 2567 hoc
3204 2512 3363 2577 fecit,
3400 2516 3543 2586 quod

1957 2589 2148 2646 Filium
2188 2593 2394 2651 dederit
2433 2606 2610 2666 caput.
2653 2597 2769 2659 Non
2808 2601 3079 2670 angelum,
3109 2617 3217 2659 non
3246 2605 3543 2676 archange-

1957 2681 2066 2737 lum
2090 2722 2105 2747 ,
2132 2698 2236 2739 non
2268 2685 2432 2741 ullum
2462 2687 2627 2749 alium
2656 2689 2862 2747 dimisit
2897 2694 3254 2763 superiorem.
3288 2696 3406 2753 Non
3443 2697 3566 2755 hac.

1953 2772 2126 2831 solum
2167 2774 2376 2835 ratione
2414 2792 2514 2841 nos
2555 2779 2879 2851 honoravit,
2909 2783 3050 2853 quod
3086 2800 3213 2847 eum
3238 2790 3327 2857 qui
3368 2796 3487 2845 erat
3512 2804 3549 2845 θ

1955 2865 2110 2922 nobis
2140 2866 2192 2921 in
2232 2868 2396 2935 altum
2432 2872 2718 2937 extuderit,
2762 2872 2856 2928 sed
2895 2876 3039 2944 quod
3076 2878 3237 2935 etiam
3270 2877 3458 2936 fecerit
3484 2890 3549 2939 ut

1956 2964 2123 3014 totum
2152 2972 2437 3021 commune
2461 2975 2629 3031 genus
2655 2963 2804 3019 illum
2838 2978 3175 3036 sequeretur,
3206 2970 3281 3026 illi
3305 2970 3545 3029 adhere-

1954 3058 2072 3116 ret,
2102 3049 2253 3110 illum
2279 3061 2671 3121 assectaretur.
2696 3054 2824 3121 Qua
2849 3066 2923 3113 est
2949 3074 3134 3129 corpus
3158 3060 3339 3132 ipsius.
3370 3062 3542 3131 Nam;

1955 3155 2024 3195 ne
2060 3141 2244 3203 audito
2278 3143 2454 3212 capite
2476 3184 2492 3211 ,
2522 3144 2626 3201 hoc
2662 3147 2836 3203 solum
2864 3149 3142 3206 existimes
3169 3151 3378 3209 initium
3402 3194 3418 3220 ,
3449 3156 3565 3224 sed-

1951 3229 2113 3295 etiam
2143 3231 2446 3290 ﬁrmitatem
2474 3243 2530 3291 et
2557 3235 2901 3295 stabilitatem
2929 3280 2944 3304 ,
2978 3254 3084 3294 non
3135 3250 3405 3312 tamquam
3455 3259 3544 3305 sor.

1951 3320 2061 3379 lum
2093 3322 2387 3393 principem
2407 3364 2422 3389 ,
2454 3325 2549 3387 sed
2591 3335 2858 3398 tamquam
2889 3330 3134 3398 corporis
3163 3341 3326 3402 caput
3360 3334 3547 3391 consi-

1951 3411 2128 3473 deres.
2171 3412 2484 3483 Plenitudo,
2520 3416 2733 3488 inquit,
2761 3419 2871 3489 ejus
2908 3420 2996 3491 qui
3035 3422 3207 3479 onmia
3232 3423 3286 3477 in
3316 3423 3545 3483 omnibus

1951 3506 2278 3577 adimpletur.
2321 3506 2617 3578 Tamquam
2660 3509 2763 3569 hoc
2810 3525 2916 3569 non
2958 3511 3229 3573 sutilem-et
3256 3514 3324 3571 ad
3358 3526 3545 3572 osten-

1951 3597 2180 3655 dendam
2210 3601 2584 3669 cognationem
2617 3610 2672 3658 et
2702 3605 3151 3674 propinquitatem
3175 3648 3191 3671 ,
3222 3608 3350 3681 quid
3378 3609 3545 3671 dicit?

1952 3689 2234 3751 Plenitudo
2254 3690 2454 3752 Christi
2478 3694 2741 3751 Ecclesia.
2770 3696 3057 3755 Plenitudo
3080 3699 3225 3756 enim
3249 3702 3441 3771 capitis
3459 3711 3545 3759 est
3630 3726 3641 3781 ς

1950 3798 2175 3853 corpus,
2224 3785 2503 3855 plenitudo
2545 3787 2789 3857 corporis
2831 3800 3010 3858 caput.
3044 3789 3179 3847 Vide
3218 3808 3329 3863 quo
3353 3794 3544 3851 ordine
3642 3799 3660 3826 '

1951 3890 2078 3931 usus
2112 3876 2201 3933 sit.
2223 3877 2423 3933 Paulus
2445 3918 2463 3945 ,
2489 3885 2543 3934 et
2579 3878 2852 3948 quomodo
2879 3881 3012 3937 nulli
3049 3882 3214 3939 verbo
3238 3894 3421 3953 pareat
3442 3926 3458 3949 ,
3485 3894 3544 3941 ut

1950 3964 2046 4031 Dei
2085 3967 2341 4029 ostendat
2375 3968 2623 4038 Simiam.
2668 3968 2979 4039 Plenitudo,
3019 3972 3189 4044 inquit
3212 3990 3228 4041 ;
3251 3975 3384 4033 illud
3416 3986 3555 4050 est,

1951 4068 2139 4129 utpote
2176 4071 2338 4129 caput
2373 4061 2623 4131 impletur
2648 4077 2932 4133 a.eorpor:e
2964 4082 2976 4118 :
3008 4079 3133 4123 nam
3175 4081 3372 4137 wrpus
3408 4084 3540 4124 con-

1947 4149 2088 4209 sistit
2116 4165 2211 4219 per
2235 4151 2475 4209 membra
2505 4152 2708 4220 omnia,
2736 4161 2795 4209 et
2820 4155 3044 4225 singulis
3068 4171 3203 4227 opus
3231 4156 3415 4217 habet.
3450 4159 3540 4222 Vi-

1946 4239 2019 4317 de:
2044 4240 2314 4313 quomodo
2343 4241 2491 4312 illum
2520 4242 2771 4303 omnibus
2809 4259 2945 4315 opus
2980 4245 3267 4307 habentem
3296 4248 3538 4321 inducat.

1947 4333 2157 4389 Etenim
2184 4333 2230 4387 si
2261 4348 2367 4388 non
2394 4334 2565 4391 simus
2589 4336 2779 4403 multi,
2807 4345 2997 4393 etnon
3038 4339 3109 4401 sit
3143 4339 3282 4398 alius
3307 4356 3497 4398 manus
3515 4382 3534 4409 ,

1946 4426 2085 4493 alius
2112 4440 2242 4481 vero
2270 4440 2364 4494 pes
2385 4468 2401 4493 ,
2429 4427 2569 4487 alius
2598 4427 2774 4499 aliqua
2801 4428 2906 4491 alia
2947 4445 3106 4499 pars,
3142 4446 3251 4488 non
3287 4431 3549 4504 impletur,

1949 4524 2117 4577 totum
2143 4531 2359 4585 corpus.
2392 4516 2494 4575 Ber
2518 4518 2697 4577 omnia
2734 4534 2867 4590 ergo
2895 4520 3147 4591 impletur
3172 4522 3291 4590 eius
3318 4538 3545 4596 corpus.

1946 4606 2097 4671 Tunc
2117 4606 2367 4677 impletur
2385 4616 2564 4678 caput,
2592 4617 2717 4667 tunc
2740 4610 3029 4680 perlectum
3052 4612 3114 4667 lit
3133 4628 3350 4686 corpus,
3366 4631 3538 4686 quan-

1945 4697 2017 4754 do
2042 4711 2229 4763 omnes
2257 4697 2420 4754 simul
2444 4697 2704 4755 fuerimus
2730 4701 3001 4771 conjuncti
3029 4712 3085 4758 et
3110 4706 3480 4775 conglutinati.

2016 4793 2072 4848 3.
2109 4792 2291 4859 Vidisti
2320 4794 2533 4861 divitias
2551 4795 2736 4865 gloria:
2762 4796 3115 4861 hereditatis?
3139 4799 3315 4857 vidisti
3344 4814 3535 4872 super.-

1943 4886 2268 4943 eminentem
2295 4886 2712 4957 magnitudinem
2735 4887 2945 4953 virtutis
2970 4889 3023 4950 in
3044 4904 3140 4947 eos
3160 4889 3252 4960 qui
3270 4891 3532 4955 credunt?

1944 4978 2125 5047 vidisti
2150 4992 2303 5049 spem
2328 4979 2663 5038 vocationis?
2692 4979 3056 5043 Revereamur
3083 4992 3323 5039 nostrum
3350 4992 3532 5056 caput,

1942 5071 2241 5144 cogitemus
2280 5071 2439 5141 cujus
2482 5072 2675 5141 capitis
2716 5088 2902 5130 sumus
2946 5088 3144 5145 corpus
3168 5105 3195 5143 ,ι
3224 5075 3317 5133 cui
3351 5077 3529 5133 musis

1942 5171 2069 5219 sunt
2092 5162 2350 5232 subjecta.
2377 5162 2492 5219 lloc
2511 5163 2761 5234 exemplo
2782 5179 2881 5220 nos
2904 5165 3066 5221 etiam
3093 5167 3295 5238 angelis
3320 5176 3534 5238 oportet

1943 5268 2065 5311 esse
2094 5253 2369 5320 meliores,
2395 5260 2451 5311 et
2475 5253 2812 5325 archangelis
2837 5256 3094 5325 majores,
3120 5267 3179 5312 ut
3204 5258 3292 5327 qui
3319 5258 3383 5313 iis
3406 5273 3528 5314 om-

1942 5346 2099 5403 nibus
2124 5346 2293 5404 simus
2316 5345 2523 5403 honore
2549 5347 2843 5418 praepositi.
2871 5347 2997 5404 Non
3021 5349 3228 5421 angelos
3245 5351 3530 5420 appro/ten:

1942 5439 2018 5496 dit
2050 5438 2251 5511 (Hebr.
2280 5437 2373 5495 21.
2402 5438 2478 5510 6)
2503 5439 2644 5495 Deus
2666 5479 2683 5505 ,
2723 5441 2862 5501 sicut
2898 5439 3030 5497 dicit
3056 5441 3301 5496 scribens
3323 5440 3392 5496 ad
3420 5441 3529 5498 lle.

1942 5530 2119 5587 bracas
2141 5570 2158 5597 ,
2186 5528 2274 5587 sed
2298 5544 2466 5586 semen
2504 5529 2723 5585 Abraha-
2747 5546 2766 5585 :
2794 5544 2904 5586 non
2933 5530 3286 5602 principatum
3305 5570 3325 5603 ,
3350 5545 3547 5603 neque.

1943 5629 2283 5692 potestatem,
2310 5634 2484 5693 neque
2511 5619 2955 5688 dominationem,
2982 5634 3157 5690 neque
3178 5620 3341 5683 ullam
3364 5621 3543 5685 aliam.

1942 5712 2224 5777 virtutem;
2253 5709 2619 5767 sednostram
2656 5719 2905 5769 naturam
2938 5709 3328 5780 apprehendit,
3349 5720 3405 5768 et
3429 5727 3540 5770 so-.

1943 5818 2037 5875 pra
2075 5802 2267 5861 sedere
2301 5801 2481 5873 jussit.
2508 5803 2578 5861 Et
2601 5802 2728 5873 quid
2755 5803 2911 5870 dico,
2934 5803 3127 5861 sedere
3147 5803 3347 5876 jussit?
3370 5819 3529 5862 suum

1946 5896 2072 5956 fecit
2099 5894 2475 5955 vestimentum
2495 5933 2512 5966 ,
2553 5907 2654 5954 nec
2690 5893 2744 5954 id
2773 5893 2950 5955 solum
2968 5935 2987 5968 ,
3015 5894 3111 5955 sed
3149 5894 3267 5969 ejus
3301 5895 3529 5971 pedibus
