4030 6552
447 479 516 533 27
1166 469 1224 526 S.
1262 463 1539 524 JOANNIS
1575 457 2045 521 ClillYSOS’l'OMl
2086 454 2406 515 ARClllEP.
2446 458 2978 517 CONSTANTI‘NOP.
3676 462 3749 521 is

450 588 684 662 subjecit
722 587 925 644 omnia.
963 584 1133 652 Quam
1175 583 1369 636 multas
1392 580 1473 635 vis
1500 587 1702 633 mortes
1728 590 1961 647 ponere,
1990 583 2047 629 et

451 697 613 754 quam
661 681 855 735 multas
900 677 1140 739 animas,
1169 671 1421 727 deciesne
1466 670 1647 737 mille,
1675 678 1729 724 et
1770 668 1853 722 his
1889 667 2046 735 longe

455 772 682 843 plures?
709 770 814 827 Sed
858 767 992 823 nihil
1032 764 1181 821 dices
1207 763 1350 835 quod
1394 764 1460 818 sil
1500 763 1553 818 ei
1585 760 2046 832 teqttiparandum.

457 868 575 921 Duo
598 866 741 921 enim
776 862 900 918 fecit
929 860 1161 914 maxima
1198 876 1211 912 :
1244 867 1298 913 et
1340 858 1455 927 ipse
1491 856 1558 911 ad
1603 870 1866 910 summam
1900 852 2050 907 venit

458 955 834 1017 humilitatem,
863 960 917 1007 et
946 950 1217 1005 hominem
1248 948 1463 1005 sustulit
1496 946 1562 1002 ad
1594 960 1838 1016 magnam
1867 943 2049 998 altitu-

456 1050 660 1104 dinem.
690 1046 834 1101 Dixit
865 1043 993 1099 illud
1026 1043 1280 1114 primum,
1307 1039 1449 1111 quod
1478 1054 1538 1094 se
1566 1037 1702 1093 adeo
1730 1035 2050 1091 humiliave-

458 1140 531 1195 rit
558 1156 573 1197 :
598 1136 727 1193 dicit
754 1137 855 1190 hoc
879 1135 1083 1189 ﬁrmius
1106 1143 1160 1189 et
1184 1131 1432 1196 solidius,
1456 1129 1506 1185 id
1529 1128 1670 1200 quod
1691 1135 1775 1183 est
1799 1140 2051 1197 magnum

460 1241 517 1288 et
558 1245 767 1286 summa
812 1244 1014 1284 rerum.
1048 1226 1206 1297 Atqui
1246 1225 1290 1278 si
1335 1224 1485 1279 nullo
1527 1222 1729 1293 dignati
1772 1233 2052 1283 essemus,

462 1323 798 1385 suffecisset;
830 1320 915 1375 vel
942 1320 1103 1374 etiam
1138 1319 1239 1372 hoc
1263 1317 1306 1370 si
1335 1315 1536 1386 dignati
1565 1327 1829 1379 essemus,
1851 1310 2055 1379 absque

464 1430 553 1480 eo,
576 1412 718 1485 quod
746 1421 890 1467 esset
913 1418 1193 1475 mactatus,
1226 1408 1524 1463 sntl‘ecisset
1549 1424 1569 1461 τ
1591 1420 1711 1461 cum
1736 1413 1914 1459 autem
1941 1403 2056 1457 haec

466 1507 575 1561 duo
600 1494 733 1569 sint,
764 1517 920 1575 quam
949 1502 1160 1558 dicendi
1189 1500 1492 1557 facultatem
1526 1515 1632 1554 non
1669 1497 1856 1553 vicerit
1882 1504 1937 1551 et
1961 1509 2056 1550 su-

468 1597 779 1668 peraverit?
816 1595 933 1651 Non
973 1610 1167 1664 magna
1202 1608 1290 1649 res
1333 1601 1418 1648 est
1458 1590 1816 1655 resurrectio,
1844 1586 2059 1659 quando

472 1689 593 1745 hate
620 1698 828 1759 reputo.
860 1688 935 1743 De
974 1686 1077 1741 hoc
1115 1685 1278 1752 dicit,
1320 1683 1459 1738 Deus
1496 1682 1706 1737 Domini
1742 1680 1901 1735 nostri
1934 1678 2065 1732 Iesu

472 1781 680 1850 Christi,
710 1798 815 1837 non
845 1781 912 1837 de
941 1783 1051 1836 Deo
1072 1780 1271 1837 Verbo.
1304 1779 1665 1859 Rcvereamur
1688 1775 2061 1848 propinquita-

472 1883 583 1932 tem
626 1874 991 1945 cognationis,
1034 1874 1317 1928 timeamus
1334 1886 1405 1927 ne
1425 1871 1547 1941 quis
1602 1868 1949 1924 abscindatur
1996 1865 2064 1921 ab

474 1967 586 2023 hoc
606 1981 852 2036 corpore,
885 1980 951 2021 ne
977 1965 1096 2035 quis
1126 1962 1358 2027 excidat,
1388 1977 1456 2016 ne
1484 1960 1605 2031 quis
1631 1966 1887 2029 appareat
1922 1956 2064 2010 indi-

476 2072 635 2128 gnus.
664 2055 727 2111 Si
747 2055 1009 2125 quispiam
1041 2052 1284 2108 diadema
1326 2060 1513 2106 nostro
1539 2048 1853 2118 imposuerit
1881 2048 2062 2115 capiti,

479 2151 525 2205 si
552 2162 808 2206 coronam
834 2162 1074 2212 auream,
1101 2161 1279 2200 annon
1308 2144 1485 2199 omnia
1512 2142 1816 2205 fecerimus,
1840 2149 1896 2194 ut
1921 2138 2068 2208 digni

478 2242 758 2297 videamur
799 2239 1051 2295 inanimis
1094 2236 1406 2307 lapidibus?
1438 2234 1591 2290 Nunc
1624 2242 1803 2288 autem
1842 2245 1949 2286 non
1986 2237 2070 2284 est

482 2344 670 2391 nostro
691 2334 852 2403 capiti
882 2331 1188 2402 impositum
1215 2328 1483 2393 diadema,
1515 2326 1609 2383 sed
1639 2333 1797 2395 caput
1825 2330 2071 2378 nostrum

481 2429 654 2481 factus
679 2435 763 2481 est
790 2423 1037 2480 Christus
1061 2463 1075 2487 ,
1103 2421 1247 2491 quod
1281 2429 1364 2474 est
1399 2418 1572 2487 majus
1596 2458 1611 2482 ,
1640 2426 1696 2471 et
1728 2416 1843 2486 ejus
1869 2413 2069 2469 nullam

483 2518 742 2573 habemus
765 2517 1045 2571 rationem.
1066 2513 1170 2569 Sed
1191 2511 1366 2583 angeli
1386 2510 1600 2581 quidem
1624 2509 1796 2578 ipsum
1819 2520 2072 2561 reveren-

484 2617 573 2662 tur
595 2615 649 2663 et
673 2604 979 2674 archangeli
1009 2613 1064 2659 et
1092 2617 1280 2657 omnes
1311 2600 1416 2656 illae
1441 2600 1678 2655 Virtutes
1706 2615 1720 2652 :
1746 2611 1846 2651 nos
1868 2604 2068 2661 autem,

486 2714 609 2753 cum
646 2698 811 2754 etiam
837 2696 953 2766 ejus
979 2709 1175 2763 corpus
1209 2694 1379 2747 simus
1402 2732 1417 2756 ,
1454 2705 1629 2760 neque
1670 2697 1891 2760 propter
1931 2688 2032 2742 hoc
2054 2726 2070 2754 ,

413 2778 445 2859 λ
486 2806 662 2861 neque
708 2798 926 2859 propter
973 2786 1102 2841 illud
1147 2783 1555 2841 revercbimur?
1592 2792 1647 2837 et
1684 2794 1931 2852 quamam
1974 2779 2076 2832 erit

488 2895 614 2951 spes
642 2889 839 2934 nostra:
868 2878 1056 2932 salutis
1075 2876 1101 2930 ’ἓ

562 2971 730 3042 Regni
767 2971 1006 3025 rectorum
1053 2967 1258 3021 amissio
1304 2967 1447 3036 pejor
1491 2964 1739 3035 geltemm.
1782 2992 1852 3004 -—
1891 2959 2075 3030 Cogita

493 3060 743 3115 thronum
766 3060 992 3128 regium,
1012 3059 1190 3128 cogita
1214 3071 1483 3111 summum
1505 3055 1763 3109 honorem
1790 3070 1803 3104 :
1829 3052 1932 3107 hoc
1958 3066 2077 3118 nos,

492 3153 546 3206 si
563 3152 787 3206 velimus
807 3192 821 3214 ,
852 3151 1020 3220 magis
1042 3163 1141 3203 nos
1170 3148 1366 3217 poterit
1392 3156 1597 3201 terrere
1623 3158 1783 3214 quam
1809 3142 2082 3213 gehenna.

493 3243 635 3300 Nam
671 3244 715 3296 si
762 3256 873 3296 non
910 3249 1053 3295 esset
1094 3240 1375 3310 gehenna,
1423 3245 1573 3291 tanto
1619 3236 1821 3289 honore
1861 3233 2082 3288 affectos

380 3311 421 3402 ’ξ
494 3337 743 3391 inventos
772 3348 892 3388 esse
930 3331 1174 3402 indignos
1201 3340 1255 3384 et
1285 3329 1456 3383 malos
1480 3370 1495 3395 ,
1527 3342 1684 3398 qnam
1722 3342 1827 3380 non
1858 3324 2083 3379 haberet

493 3441 710 3497 Wnam
734 3467 748 3493 ι
778 3424 918 3495 quod
961 3438 1067 3477 non
1112 3420 1471 3492 supplicium?
1496 3418 1680 3489 Cogita
1725 3431 1889 3487 prope
1921 3430 2081 3487 quem

407 3523 423 3585 ’ῗ
495 3517 685 3573 sedeat
713 3525 861 3570 tuum
896 3524 1095 3585 caput;
1126 3514 1228 3569 hoc
1268 3513 1442 3568 solum
1472 3510 1538 3566 ad
1566 3510 1874 3566 universum
1916 3509 2082 3564 sull'e-

416 3582 436 3671 :
497 3608 673 3673 cerit;
716 3607 783 3662 ad
827 3582 981 3677 cujus
1012 3604 1197 3661 sedeat
1226 3604 1526 3660 dexteram.
1556 3600 1664 3658 Sed
1707 3600 1836 3656 illud
1868 3599 2083 3670 quidem

496 3715 659 3770 super
689 3715 904 3756 omnem
937 3699 1288 3770 principatum
1312 3739 1326 3762 ,
1360 3705 1677 3768 potestatem
1707 3704 1763 3750 et
1792 3695 2040 3750 virtutem
2066 3710 2082 3760 ;

498 3793 618 3864 ejus
645 3801 823 3848 autem
853 3805 1048 3860 corpus
1085 3790 1429 3846 conculcatur
1465 3788 1626 3844 etiam
1654 3802 1685 3841 a
1711 3786 2086 3842 daemonibus?

498 3884 608 3941 Sed
637 3884 778 3939 absit
806 3903 820 3938 :
850 3884 895 3939 si
921 3898 1049 3939 vero
1075 3884 1173 3948 sit,
1208 3884 1309 3937 hoc
1349 3898 1455 3937 non
1506 3882 1669 3937 fuerit
1710 3881 1939 3951 amplius
1966 3895 2087 3935 cor-

502 3991 622 4047 pus.
652 3977 823 4048 Caput
848 3985 995 4031 tuum
1026 3985 1349 4031 venerantur
1375 3975 1515 4030 servi
1545 3975 1703 4045 frugi,
1732 3983 1786 4029 et
1812 3973 1903 4045 qui
1932 3975 2088 4030 bona:

502 4076 627 4122 sunt
647 4067 1091 4131 existimationis;
1118 4074 1172 4122 et
1191 4080 1385 4135 corpus
1410 4066 1629 4135 subjicis
1651 4067 1715 4120 iis
1737 4066 1827 4136 qui
1851 4065 2088 4122 offende-

502 4160 665 4214 runt?
692 4152 799 4230 quo
825 4174 932 4214 non
967 4160 1160 4229 dignus
1197 4159 1304 4214 eris
1330 4159 1650 4229 supplicio?
1676 4158 1731 4214 Si
1769 4159 1888 4228 quis
1924 4159 2088 4228 pedes

502 4250 673 4320 regis:
695 4250 895 4319 pedicis
933 4250 1116 4323 alliget
1140 4259 1195 4306 et
1225 4252 1275 4304 in
1310 4250 1596 4320 compedes
1636 4250 1876 4319 injiciat,
1907 4264 2085 4314 annon

490 4342 609 4403 erit
634 4341 900 4397 obnoxius
937 4351 1179 4399 extremo
1219 4341 1519 4411 supplicio?
1557 4341 1636 4395 Tu
1683 4350 1853 4394 totum
1893 4355 2088 4410 corpus

502 4432 693 4502 obiicis
717 4431 846 4489 feris
870 4433 1211 4500 immanibus,
1237 4442 1291 4487 et
1316 4446 1421 4487 non
1449 4431 1676 4487 horres?
1701 4431 1807 4488 Sed
1835 4433 2088 4502 quoniam

503 4525 681 4593 agitur
705 4524 777 4579 de
802 4539 1028 4595 corpore
1054 4525 1286 4589 Domini,
1310 4539 1409 4595 age
1435 4524 1577 4578 illius
1596 4525 1755 4578 etiam
1785 4524 2091 4579 memineri-

513 4630 637 4670 mus
657 4656 672 4681 ,
703 4618 846 4686 quod
891 4618 941 4670 in
972 4631 1185 4671 crucem
1216 4617 1315 4672 fuit
1346 4626 1521 4672 actum
1543 4658 1557 4681 ,
1587 4618 1726 4687 quod
1763 4617 1929 4672 clavis
1953 4631 2085 4673 con-

508 4709 696 4773 lisum,
732 4717 789 4763 et
822 4709 1171 4764 sacriﬁcatur.
1190 4711 1245 4765 Si
1286 4725 1347 4764 es
1383 4710 1581 4765 Christi
1602 4726 1815 4779 corpus,
1848 4711 1928 4765 fcr
1963 4727 2089 4767 cru-

506 4815 656 4866 cem;
703 4816 826 4856 nam
868 4802 960 4858 ille
997 4818 1209 4872 quoque
1253 4804 1418 4857 tulit:
1457 4801 1537 4856 fer
1590 4810 1779 4873 sputa,
1812 4802 1894 4858 fer
1946 4803 2090 4859 cola-

505 4892 677 4962 phos,
736 4891 817 4946 fer
866 4892 1067 4949 clavos.
1118 4893 1248 4947 Tale
1287 4901 1403 4947 erat
1464 4892 1595 4947 illud
1636 4907 1853 4962 corpus.
1884 4893 2093 4964 Corpus

506 4981 642 5037 illud
684 4982 1028 5050 impeccabile
1068 4991 1183 5037 erat
1214 5000 1226 5035 :
1258 4981 1531 5036 Peccatum
1585 4999 1688 5035 non
1717 4983 1855 5051 fecit,
1899 5000 1987 5037 nec
2019 4994 2091 5039 est

506 5074 739 5128 inretitus
768 5074 915 5127 dotus
945 5074 999 5128 in
1038 5090 1127 5128 ore
1160 5076 1271 5144 ejus
1298 5072 1460 5143 (Isai.
1492 5074 1581 5130 53.
1615 5073 1683 5144 9)
1714 5092 1731 5128 εκ
1761 5089 1950 5129 manus
1978 5076 2094 5145 ejus

507 5164 689 5218 omnia
717 5164 945 5234 agebant
972 5164 1039 5219 ad
1068 5164 1503 5220 benefaciendum
1535 5164 1599 5220 iis
1623 5165 1712 5235 qui
1738 5164 1964 5234 egebant
1990 5182 2003 5218 :
2032 5180 2093 5221 os

508 5255 627 5324 ejus
666 5255 799 5309 nihil
838 5255 1016 5310 emisit
1055 5256 1195 5325 quod
1235 5270 1341 5309 non
1367 5256 1584 5311 deceret
1615 5273 1628 5308 :
1657 5255 1890 5323 audivit,
1922 5255 2094 5311 Habes

509 5345 817 5400 «lanionia»:
845 5345 1039 5416 (Joau.
1075 5348 1128 5399 7.
1166 5346 1297 5415 20),
1337 5356 1391 5402 et
1430 5346 1561 5401 nihil
1604 5347 1834 5402 dicebat.
1864 5348 1995 5415 Quia
2024 5347 2094 5403 de

509 5454 737 5509 corpore
764 5455 794 5493 a
827 5440 980 5495 nobis
1021 5439 1224 5509 agitur,
1257 5438 1580 5509 quicumque
1620 5439 1866 5509 corporis
1907 5454 2092 5495 sumus

508 5532 825 5602 participes,
858 5531 1179 5601 quicumque
1207 5538 1482 5599 gustamus
1510 5530 1821 5600 sanguinem
1843 5571 1856 5594 ,
1887 5531 2091 5600 cogite-

512 5638 633 5678 mus
666 5623 807 5692 quod
850 5623 992 5678 illius
1035 5622 1320 5692 participes
1359 5621 1557 5688 simus,
1592 5622 1683 5691 qui
1721 5622 1854 5676 nihil
1892 5622 1959 5677 ab
1998 5623 2091 5677 illo

508 5711 711 5779 dill'crt,
734 5713 826 5783 qui
863 5728 1024 5783 supra
1054 5713 1227 5777 sedet,
1259 5713 1349 5783 qui
1374 5712 1629 5768 adoratur
1653 5714 1721 5769 ab
1749 5714 1973 5785 angelis,
1999 5715 2087 5785 qui

507 5802 708 5858 assidet
734 5819 901 5875 prope
926 5804 1076 5860 illam
1104 5805 1469 5876 incorruptam
1496 5804 1759 5860 Virtutem
1787 5820 1803 5860 :
1827 5806 1965 5860 hunc
1991 5821 2087 5875 gu-

507 5901 727 5952 stamus.
762 5894 860 5953 llei
901 5893 1033 5953 mihi
1068 5910 1233 5968 quam
1275 5898 1459 5955 multa:
1487 5897 1587 5955 viae
1627 5898 1780 5956 nobis
1812 5906 1992 5973 patent
2021 5897 2087 5953 ad

2156 573 2420 629 salutem!
2454 574 2563 630 Nos
2599 590 2794 646 corpus
2818 592 2974 633 suum
3006 577 3148 644 fecit,
3182 592 3338 634 suum
3366 594 3561 650 corpus
3592 583 3750 637 nobis

2155 667 2431 737 impertiit,
2461 676 2517 723 et
2544 667 2676 722 nihil
2706 668 2900 725 herum
2930 686 3031 725 nos
3056 672 3247 725 avertit
3274 687 3304 726 a
3331 673 3506 728 malis.
3529 673 3576 730 Ο
3596 683 3749 730 tene-

2154 757 2280 812 bras
2303 799 2321 825 ,
2346 772 2380 813 ο
2422 758 2745 828 profundum
2783 760 3033 831 abyssnm
3060 803 3075 828 ,
3104 776 3137 816 ο
3165 771 3442 832 stuporem
3473 773 3529 820 et
3556 779 3751 820 sensus

2156 851 2485 917 egestatem!
2669 867 2871 905 sursum
2910 861 3026 906 sunt
3044 893 3061 917 ,
3095 854 3299 924 inquit,
3327 856 3520 927 sapite,
3551 856 3639 911 ubi
3675 867 3749 911 est

2155 938 2388 994 Christus
2415 940 2483 994 ad
2511 924 2771 996 dexteram
2808 942 2903 998 Dei
2929 944 3106 998 sedens
3135 945 3366 1017 (Coloss.
3388 924 3448 1002 ‘5.
3477 947 3532 1001 2.
3563 949 3588 1002 l
3611 947 3668 1018 );
3697 958 3753 1003 et

2157 1037 2278 1101 post
2313 1029 2429 1087 haec
2467 1032 2680 1102 quidam
2712 1033 2781 1091 de
2818 1036 3058 1104 pecuniis
3098 1045 3223 1092 sunt
3256 1038 3503 1105 solliciti,
3534 1039 3623 1094 alii
3663 1055 3752 1095 ca—

2157 1116 2471 1191 piunturab
2497 1124 2661 1179 animi
2699 1126 3210 1196 perturbationibus.

2228 1214 2284 1267 4.
2315 1214 2431 1269 Νοη
2464 1215 2659 1271 videtis
2685 1217 2826 1287 quod
2860 1218 2910 1273 in
2941 1229 3127 1273 nostro
3155 1234 3369 1291 quoque
3396 1236 3625 1291 corpore
3652 1222 3751 1277 at»

2159 1306 2473 1362 scinduntur
2500 1317 2556 1363 et
2586 1321 2929 1380 amputantur
2954 1327 3304 1383 qmreumque
3340 1324 3465 1369 sunt
3493 1330 3751 1385 snperva~

2161 1411 2326 1452 cauea
2352 1408 2407 1453 et
2437 1400 2749 1457 inutilia?et
2769 1402 2976 1457 nullum
2997 1404 3203 1459 lucrum
3231 1406 3474 1460 attulerit
3496 1406 3547 1459 id
3564 1421 3752 1474 corpo-

2162 1490 2245 1557 ri,
2268 1493 2486 1563 quando
2509 1493 2670 1550 fuerit
2702 1496 3025 1560 mutilatum,
3050 1498 3265 1568 quando
3282 1508 3456 1555 morte
3474 1499 3751 1567 alIectum,

2163 1585 2378 1654 quando
2414 1586 2768 1655 putrefactum
2789 1630 2806 1656 ,
2833 1590 3047 1660 quando
3080 1593 3240 1646 etiam
3280 1593 3582 1663 corruperit
3622 1592 3755 1647 reli—

2163 1678 2364 1746 quum?
2403 1677 2482 1733 Ne
2521 1693 2655 1749 ergo
2691 1679 3029 1736 conﬁdamus
3052 1724 3066 1749 ,
3100 1684 3240 1753 quod
3282 1684 3455 1739 semel
3498 1684 3755 1741 fuerimus

2164 1767 2428 1837 corporis.
2475 1768 2533 1825 Si
2576 1780 2759 1826 autem
2801 1772 2907 1828 hoc
2948 1788 3146 1844 corpus
3191 1790 3314 1829 cum
3357 1775 3428 1831 sit
3472 1778 3752 1841 naturale,

2168 1870 2347 1918 tamen
2377 1863 2709 1921 abscinditur
2739 1884 2753 1920 :
2785 1867 2830 1922 si
2859 1883 2965 1923 non
2997 1877 3209 1924 maneat
3241 1869 3434 1925 stabile
3457 1879 3510 1926 et
3542 1869 3761 1925 ﬁrmum

2168 1954 2333 2010 animi
2377 1957 2709 2025 institutum,
2737 1940 2863 2030 quid
2890 1976 2999 2016 non
3037 1976 3199 2032 grave
3239 1963 3503 2032 patietur?
3531 1963 3757 2032 Quando

2173 2061 2277 2100 non
2308 2046 2466 2103 fuerit
2495 2062 2691 2119 corpus
2729 2050 2889 2121 hujus
2927 2053 3165 2109 alimenti
3210 2054 3511 2125 particeps,
3543 2056 3764 2126 quando

2172 2138 2431 2195 obstructi
2471 2141 2671 2198 fuerint
2708 2144 2860 2213 pori,
2888 2153 3014 2201 tunc
3040 2157 3215 2201 morte
3243 2146 3474 2203 afﬁcitur
3500 2166 3514 2202 :
3546 2148 3765 2218 quando

2172 2229 2403 2285 obturati
2432 2242 2640 2289 meatus
2664 2242 2718 2289 et
2744 2235 2938 2291 ﬁstulte
2961 2278 2976 2302 ,
3007 2246 3132 2292 tunc
3163 2237 3222 2292 ﬁt
3258 2254 3525 2294 mancum.
3558 2239 3632 2293 Ita
3662 2256 3761 2295 nos

2174 2336 2385 2390 quoque
2405 2325 2617 2393 quando
2636 2341 2796 2382 aures
2812 2328 3260 2395 obturaverimus,
3281 2346 3473 2385 manca
3489 2346 3558 2390 ac
3573 2332 3765 2386 mutila

2175 2422 2355 2467 nostra
2396 2412 2454 2468 ﬁt
2492 2416 2667 2470 anima
2712 2435 2725 2471 :
2767 2420 2986 2489 quando
3024 2434 3128 2474 non
3179 2421 3434 2475 fuerimus
3475 2422 3763 2491 participes

2175 2507 2411 2562 alimenti
2457 2509 2786 2579 Spiritualis,
2818 2512 3034 2582 quando
3059 2521 3433 2583 corruptorum
3476 2513 3767 2568 humerum

2178 2599 2471 2667 pravitates
2512 2614 2703 2656 noxam
2735 2602 2890 2658 nobis
2924 2602 3231 2670 attulerint,
3262 2603 3378 2660 haec
3405 2605 3583 2660 omnia
3620 2621 3766 2661 mor-

2178 2691 2303 2746 bum
2346 2692 2600 2762 pariunt,
2627 2694 2873 2751 morbum
2907 2710 3120 2766 gravem
3143 2738 3160 2762 ,
3192 2696 3440 2751 morbum
3468 2697 3557 2767 qui
3588 2697 3769 2753 tabem

2178 2781 2331 2835 allert
2356 2793 2408 2836 et
2438 2785 2899 2854 consumptionem
2933 2802 2946 2837 :
2977 2786 3121 2841 etde
3144 2792 3342 2841 caetero
3370 2787 3460 2840 illo
3486 2789 3606 2857 igne
3631 2802 3766 2856 Opus

2182 2871 2440 2937 habebit,
2483 2885 2573 2927 aut
2619 2890 2752 2944 opus
2796 2875 3016 2931 habebit
3053 2888 3107 2931 ut
3144 2877 3433 2932 dividatur.
3475 2878 3589 2932 Non
3622 2879 3769 2933 enim

2182 2964 2381 3017 patitur
2408 2963 2652 3021 Christus
2693 2980 2816 3021 cum
2859 2967 2950 3021 tali
2994 2982 3222 3037 corpore
3260 2968 3462 3037 ingredi
3497 2969 3549 3022 in
3592 2968 3769 3022 thala-

2183 3070 2351 3110 mum.
2393 3056 2449 3110 Si
2490 3071 2614 3111 eum
2660 3058 2880 3112 abduxit
2919 3067 2972 3113 ct
3009 3059 3212 3128 expulit
3247 3061 3339 3129 qui
3373 3059 3587 3114 sordida
3624 3068 3772 3114 veste

2184 3155 2301 3201 erat
2330 3147 2545 3200 indutus
2570 3164 2584 3213 ;
2612 3147 2663 3202 ei
2689 3149 2778 3217 qui
2805 3150 3017 3219 corpori
3054 3149 3243 3203 sordes
3280 3150 3615 3215 adhibuerit,
3644 3150 3775 3220 quid

2184 3254 2291 3293 non
2331 3239 2517 3304 faciet,
2533 3240 2806 3310 quomodo
2832 3257 2941 3296 non
2971 3257 3093 3296 eum
3122 3242 3366 3297 afﬁciet?

2257 3330 2447 3386 Christi
2487 3348 2669 3401 corpus
2711 3334 2963 3403 quomodo
3005 3334 3341 3401 sumendum,
3371 3333 3552 3404 quibus
3595 3334 3774 3389 diebus

2186 3423 2331 3476 adid
2359 3424 2709 3477 accedebatur.
2744 3455 2812 3465 —
2840 3424 3034 3480 Multos
3072 3426 3229 3480 video
3271 3427 3362 3497 qui
3403 3425 3603 3481 Christi
3645 3441 3771 3483 cor-

2188 3514 2334 3584 poris
2382 3524 2507 3569 Sunt
2554 3516 2840 3585 participes
2893 3516 3286 3572 inconsiderate
3330 3526 3383 3573 et
3438 3526 3674 3583 temere,
3722 3526 3777 3572 ct

2188 3604 2358 3675 magis
2402 3621 2468 3660 ex
2508 3606 2900 3662 consuetudine
2939 3617 2993 3662 et
3032 3623 3098 3663 ex
3144 3610 3477 3678 praescripto,
3518 3625 3678 3680 quam
3709 3625 3777 3664 ex

2188 3697 2509 3767 cogitatione
2538 3707 2593 3752 et
2618 3699 3072 3754 consideratione.
3122 3702 3176 3757 Si
3225 3701 3537 3768 advenerit,
3570 3702 3775 3771 inquit,

2192 3796 2401 3858 tempus
2443 3799 2644 3845 sancta:
2685 3790 3158 3861 Quadragcs‘imze,
3184 3794 3589 3864 qualiscumque
3616 3793 3779 3848 fuerit

2190 3880 2474 3950 quispiam,
2515 3881 2574 3935 ﬁt
2602 3882 2872 3951 particeps
2896 3884 3458 3949 sacramentorum,si
3496 3885 3780 3940 advenerit

2191 3971 2307 4027 dies
2329 3970 2748 4042 Epipltaniorum
2776 3973 2873 4043 (a).
2899 3975 3060 4044 Atqui
3094 3976 3223 4031 illud
3255 3986 3465 4046 tempus
3485 3976 3779 4032 accedendi

2191 4078 2298 4117 non
2325 4072 2409 4118 est
2439 4080 2455 4119 :
2486 4079 2594 4119 non
2626 4064 2923 4135 Epiphania
2942 4108 2958 4134 ,
3002 4081 3176 4137 neque
3207 4067 3623 4139 Quadragesima
3657 4068 3784 4122 facit

2192 4155 2381 4226 dignos
2422 4157 2513 4226 qui
2553 4157 2844 4224 accedant,
2877 4159 2974 4215 sed
3001 4161 3195 4215 animae
3224 4161 3507 4216 sinceritas
3541 4172 3597 4217 et
3636 4162 3783 4233 puri-

2196 4257 2296 4301 tas.
2335 4246 2470 4302 Cum
2517 4263 2578 4303 ea
2602 4263 2817 4317 seraper
2844 4251 3064 4315 accede,
3092 4253 3294 4321 absque
3322 4254 3432 4322 ipsa
3467 4271 3781 4324 numquam.

2196 4338 2404 4402 Quoties
2444 4339 2597 4405 enim,
2640 4338 2832 4409 inquit,
2862 4342 2956 4395 hoc
2980 4343 3170 4412 facitis,
3203 4354 3414 4398 mortem
3442 4344 3653 4400 Domini
3682 4364 3783 4400 au-

2196 4432 2439 4485 uuntiatis
2469 4432 2542 4502 (l.
2575 4430 2694 4487 Cor.
2726 4434 2813 4487 ll.
2845 4433 2960 4503 26).
2992 4434 3104 4491 Hoc
3134 4444 3235 4500 est,
3270 4436 3322 4491 in
3351 4439 3662 4492 memoriam
3700 4456 3785 4493 re-

2195 4522 2398 4577 vocatis
2428 4530 2660 4577 vestram
2682 4523 2910 4579 salutem
2935 4567 2947 4588 ,
2991 4540 3169 4580 meum
3201 4526 3538 4581 beneﬁcium.
3592 4527 3783 4599 Cogita

2192 4612 2286 4681 qui
2315 4612 2511 4667 veteris
2543 4611 2829 4683 participes
2853 4625 3007 4669 erant
3030 4616 3300 4681 sacriﬁcii,
3330 4628 3524 4688 quanta
3554 4620 3785 4674 uteban-

2198 4712 2285 4757 tur
2326 4701 2631 4772 frugalitate
2676 4711 2732 4757 et
2770 4703 3093 4759 abstinentia
3137 4723 3150 4759 :
3194 4705 3323 4776 quid
3365 4723 3470 4761 non
3510 4707 3785 4779 agebant?

2198 4792 2323 4863 quid
2348 4807 2455 4848 non
2485 4792 2790 4849 faciebant?
2821 4794 3067 4866 Undique
3092 4806 3145 4850 et
3169 4812 3387 4866 semper
3410 4799 3785 4869 expurgaban-

2200 4896 2287 4939 tur
2320 4904 2334 4939 :
2366 4894 2421 4939 tu
2467 4894 2646 4940 autem
2692 4885 2957 4942 accedens
3001 4887 3067 4941 ad
3116 4889 3437 4943 sacriﬁcium
3492 4890 3634 4959 quod
3685 4892 3785 4961 ipsi

2198 4985 2486 5047 stupentet
2512 4987 2835 5033 venerantur
2860 4979 3056 5049 angeli,
3078 4990 3382 5051 temporum
3414 4983 3649 5052 periodis
3673 5000 3787 5038 rem

2198 5070 2390 5125 delinis
2415 5086 2478 5125 ac
2504 5071 2944 5128 circnmscribis?
2990 5074 3057 5127 Et
3090 5075 3361 5141 quomodo
3403 5077 3571 5130 stabis
3596 5077 3669 5149 ad
3697 5079 3786 5132 tri-

2200 5163 2357 5217 bunal
2379 5163 2600 5227 Christi,
2641 5165 2732 5234 qui
2775 5164 2991 5234 pollutis
3018 5166 3263 5220 manibus
3293 5176 3348 5222 et
3370 5167 3535 5222 labris
3561 5169 3627 5224 ad
3657 5184 3786 5225 cor-

2199 5269 2300 5324 pus
2343 5254 2476 5309 illud
2515 5254 2716 5310 audeas
2761 5255 3061 5311 accedere?
3108 5257 3172 5311 Et
3212 5272 3394 5327 regem
3432 5258 3648 5329 quidem
3692 5276 3789 5316 ore

2263 5414 2336 5475 (a)
2369 5414 2748 5480 Epiphaniorum
2780 5420 2835 5480 et
2876 5414 3295 5480 Theophaniorum
3340 5424 3536 5480 tempus
3574 5417 3788 5480 idipsum

2201 5483 2325 5537 erat.
2350 5482 2402 5525 et
2416 5475 2453 5524 ’a
2474 5476 2760 5537 quibusdam
2780 5475 3130 5527 Ecclesiasticis
3151 5475 3470 5537 scriptoribus
3494 5493 3579 5537 pro
3593 5475 3678 5528 die
3703 5487 3788 5526 Na-

2198 5536 2281 5585 tali
2306 5538 2487 5601 Christi
2493 5536 2731 5601 habetur;
2750 5550 2922 5586 verum
2946 5540 2992 5586 in
3004 5538 3213 5587 Humilia
3234 5536 3300 5587 de
3322 5541 3468 5591 beato
3481 5536 3786 5601 Philogonio,

2198 5599 2392 5664 'ljom._l,
2408 5598 2632 5664 col.752,
2656 5599 3022 5664 Chrysostomus
3037 5601 3345 5664 Epiphaniam
3368 5616 3394 5650 a
3418 5598 3675 5654 Nativitate
3691 5602 3785 5652 αιιρ

2197 5660 2391 5720 tinguit.
2408 5660 2715 5722 Yideturque
2740 5660 2900 5708 tamen
2926 5660 3057 5709 illam
3074 5660 3291 5721 Natalem
3318 5662 3491 5712 Christi
3522 5664 3654 5711 diem
3673 5676 3790 5711 esse

2196 5722 2366 5783 dicere
2387 5720 2595 5783 Homilia
2611 5720 2721 5771 l‘de
2743 5721 2795 5770 S.
2818 5722 3134 5782 Pentecoste,
3151 5720 3209 5772 '1".
3237 5723 3301 5783 ll,
3326 5724 3420 5773 col.
3437 5725 3547 5774 45$.
3572 5724 3650 5773 De
3676 5724 3789 5783 Epic

2199 5738 2366 5771 uicere
2390 5738 2595 5772 nomma
2611 5738 2631 5769 ι
2655 5738 2721 5771 ue
2744 5738 2795 5770 δ.
2820 5738 3209 5782 rentecosre,1.
3237 5738 3301 5783 ιι,
3326 5738 3420 5773 eor.
3437 5738 3547 5774 sas.
3572 5738 3650 5773 ue
3676 5738 3716 5773 ιι
3754 5739 3787 5771 ιεμ

2199 5782 2371 5844 phania
2387 5782 2509 5847 alibi
2531 5795 2729 5845 quoque
2766 5783 2997 5847 loquitur.
3013 5783 3209 5847 Δνειίιηι
3235 5799 3295 5834 ea
3328 5786 3392 5834 de
3416 5800 3472 5834 re
3497 5785 3692 5847 plenius
3717 5738 3787 5837 iis

2199 5798 2371 5844 phania
2394 5798 2509 5832 aunt
2531 5798 2729 5845 quoque
2766 5798 2779 5831 ι
2847 5798 2997 5833 uitur.
3033 5798 3209 5833 verum
3235 5799 3295 5834 ea
3328 5798 3392 5834 ue
3416 5800 3472 5834 re
3497 5798 3692 5847 ptetnus
3717 5798 3787 5837 to.

2198 5846 2395 5915 quuturi
2420 5857 2589 5915 sumus
2610 5851 2757 5915 Temo
2780 5798 2865 5915 ἓξῖι
2875 5844 2986 5915 1,,ἱῃ
3011 5844 3232 5915 Diatriha
3269 5848 3334 5915 de
3361 5846 3620 5915 Disciplina
3648 5855 3701 5898 et
3724 5848 3789 5899 de

2200 5904 2631 5960 consuetudinibus
2647 5904 3002 5959 Ecclesiasticis
3026 5914 3248 5972 tempore
3267 5904 3605 5971 Chrywstumi.

2476 6117 2479 6119 >
2496 6098 2540 6127 Τ.-
2557 6112 2574 6126 .·ι
2604 6098 2706 6131 Lini.
