4030 6500
242 367 315 423 εἴ
1167 364 1232 422 ΙΝ
1262 363 1484 422 EPIS'I‘.
1514 363 1606 418 Al)
1645 359 1888 418 EPH‘ES.
1930 361 2081 422 CAP.
2112 368 2154 423 l.
2196 367 2435 428 HOMIL.
2470 374 2562 430 lll‘.
2658 376 2661 381 ’

240 481 412 543 ὄντως
445 478 537 533 καὶ
564 479 627 532 τὺ
647 478 962 549 κεφάλαιον.
991 479 1181 535 Καίτοι
1204 484 1257 536 εί
1277 482 1373 535 καὶ
1406 482 1633 553 μηδενὸς
1649 482 1817 554 ἡξιὼ-

242 569 441 636 θημεν,
470 568 630 637 ἤρκει
660 585 674 598 ο
711 568 743 638 ἢ
777 568 871 621 καὶ
914 568 1106 624 τούτου
1148 569 1197 622 εί
1249 568 1594 641 ἠξιώθημεν,
1646 569 1817 643 χωρὶς

238 654 338 707 τοῦ
396 656 598 723 σφάξαι
654 656 816 726 ῆρκει
847 669 863 683 ⁸
895 656 1024 711 ὅταν
1066 656 1125 717 δὲ
1155 656 1226 710 τά
1266 656 1435 732 δύοῇ,
1468 658 1592 713 τίνα
1619 658 1721 713 οὐκ
1744 657 1814 712 ἀν

239 743 551 817 ὑπερϐολὴν
605 744 767 813 λόγου
815 747 1061 817 νικήσειε
1103 747 1199 801 ιδιαλ⁸
1227 747 1495 819 ὑπερϐαίη
1527 764 1541 813 ;
1572 748 1647 801 Οὐ
1674 746 1819 819 μέγα

239 833 273 902 ἠ
307 832 606 897 ἀνάστασις
631 874 646 898 ,
669 834 799 888 ὅταν
848 833 1021 888 ταῦτα
1062 836 1389 907 λογίσωμαι.
1437 836 1576 908 Περὶ
1619 833 1816 889 τούτου

240 921 444 990 φησιν’
488 921 551 973 Ὀ
596 916 739 988 Θεὸς
794 923 900 976 τοῦ
946 925 1170 991 Κυρίου
1228 924 1401 993 ήμιῖην·
1435 921 1641 991 Ἰησοῦ
1680 924 1816 991 Χρι-

130 1048 139 1053 ι
240 1007 423 1069 atat}.
475 1007 538 1061 οὐ
596 1008 726 1079 περὶ
771 1009 867 1062 τοῦ
911 1008 1048 1063 Θεοῦ
1090 1010 1293 1077 Λόγου.
1331 1009 1680 1080 Αίδεσθῶμεν
1717 1009 1818 1080 τὴν

241 1094 525 1165 ἐγγύτητα
566 1096 668 1165 τῆς
710 1096 1068 1165 συγγενείας,
1104 1096 1437 1168 φοϐηθῶμεν
1468 1097 1542 1168 μή
1574 1114 1659 1161 τις
1677 1098 1818 1151 ἀπο-

240 1186 385 1255 κοπῇ
432 1182 525 1237 τοῦ
565 1182 821 1255 σώματος
845 1184 1065 1249 τούτου,
1109 1185 1184 1256 μή
1230 1201 1313 1249 τις
1358 1184 1605 1255 ἐκπέσῃ,
1631 1185 1705 1255 μή
1733 1202 1820 1248 τις

240 1270 467 1337 ἀνάξιος
522 1274 688 1343 φανῇ.
719 1272 782 1325 El
810 1271 1048 1342 διάδημά
1101 1289 1187 1335 τις
1231 1272 1388 1343 ἡμῶν
1430 1272 1725 1343 περιέθηκε
1748 1275 1816 1343 τῇ

242 1359 475 1429 κεφαλῇ,
498 1359 758 1428 στέφανον
781 1360 1035 1433 χρυσοῦν,
1052 1354 1162 1430 ἆρα
1186 1359 1285 1412 οὐκ
1306 1360 1370 1413 ἂν
1385 1359 1562 1412 πάντα
1588 1359 1822 1430 ἐπράξα-

244 1444 522 1513 μεν,ὥστε
537 1445 647 1497 τῶν
669 1444 1063 1515 ἀψύχωνλίθων
1075 1444 1307 1514 ὀφθῆναι
1337 1446 1478 1510 ἄξιοι
1505 1463 1519 1513 ;
1549 1446 1663 1499 Νῦν
1681 1446 1735 1499 δὲ
1759 1448 1819 1500 οὐ

239 1531 481 1601 διάδημα
512 1532 670 1602 ἡμῶν
704 1534 1011 1604 περίκειται
1047 1534 1114 1603 τῇ
1152 1532 1361 1603 κεφαλῇ
1383 1575 1397 1599 ,
1431 1533 1567 1588 άλλά
1609 1534 1841 1606 κεφαλὴ,

241 1619 401 1689 ἡμῶν
423 1620 688 1688 γέγονενὸ
703 1620 955 1691 Χριστὸς,
975 1621 1110 1689 ὅπερ
1132 1621 1250 1674 ἐστὶ
1274 1623 1480 1691 μεῖζον,
1507 1622 1601 1675 καὶ
1634 1621 1823 1677 οὐδένα

241 1706 400 1773 λόγον
425 1708 748 1776 ποιούμεθα.
787 1708 926 1761 Ἀλλ’
955 1708 1183 1777 ἀγγελοι
1219 1708 1319 1780 μὲν
1350 1709 1519 1781 αὐτὴν
1547 1708 1826 1764 αἰδοῦνται

243 1794 339 1847 καὶ
393 1795 724 1866 ἀρχάγγελοι
779 1796 873 1849 καὶ
931 1797 1103 1849 πᾶσαι
1153 1797 1358 1849 ἐκεῖναι
1410 1797 1467 1850 αἱ
1514 1796 1814 1867 δυνάμειςο

243 1884 405 1951 ἡμεῖς
437 1883 512 1948 δὲ,
536 1883 587 1936 οἱ
625 1882 785 1953 σῶμα
815 1880 981 1935 αὐτοῦ
1014 1882 1335 1947 δντες,οῦτε
1363 1882 1453 1937 διά
1482 1883 1663 1949 τοῦτο,
1693 1884 1818 1939 οὔτε

240 1970 311 2024 δι’
366 1971 546 2025 έκεῖνο
593 1970 1026 2042 αἰδεσθησόμεθα
1057 1989 1073 2038 ;
1110 1972 1206 2026 καὶ
1243 1972 1333 2035 τίς
1354 1972 1489 2043 ἡμῖν
1519 1971 1675 2027 ἔσται
1709 1990 1818 2026 σωο-

241 2057 444 2128 τηρίας
466 2059 623 2123 ἐλπίς
641 2076 655 2125 ;

323 2188 529 2248 Ἐννόει
555 2180 647 2243 τὸν
667 2190 855 2261 θρόνον
887 2190 979 2243 τὸν
998 2189 1299 2260 βασιλικὸν,
1324 2188 1498 2243 ἐννόει
1521 2187 1621 2259 τῆς
1650 2189 1818 2260 τιμῆς

240 2275 342 2346 τὴν
403 2277 710 2348 ὕπερϐολήν
738 2295 752 2308 ·
785 2277 943 2331 τοῦτο
965 2278 1059 2331 καὶ
1092 2278 1339 2349 γεέννης,
1366 2276 1483 2349 [21]
1518 2279 1571 2331 εί
1590 2294 1652 2346 γε
1689 2276 1817 2347 βου·-

240 2364 493 2436 λοίμεθα,
543 2366 743 2436 μᾶλλον
794 2366 943 2437 ἡμᾶς
990 2364 1225 2436 φοϐῆσαι
1265 2364 1578 2437 δυνήσεται.
1608 2365 1671 2418 Εἰ
1708 2364 1817 2436 γὰρ

246 2453 322 2526 μὴ
354 2452 553 2521 γέεννα
588 2448 657 2523 ἦν
678 2493 693 2517 ,
717 2453 778 2506 τὸ
808 2452 1144 2523 τιμηθέντας
1174 2452 1651 2524 τοσαύτηντιμὴν,
1682 2451 1816 2505 ἀναο

242 2539 388 2605 ξίους
428 2541 721 2613 εὑρεθῆναι
753 2541 847 2595 καὶ
893 2540 1119 2607 κακοὺς,
1144 2539 1267 2595 τίνα
1293 2540 1394 2597 οὐκ
1418 2540 1483 2595 ἀν
1517 2540 1631 2610 ἔχοι
1646 2539 1817 2593 κόλα-

243 2644 349 2694 σιν,
378 2628 502 2681 τίνα
534 2629 851 2699 τιμωρίαν;,
882 2628 1166 2699 Ἐννόησον
1192 2627 1575 2699 τίνοςὲγγύςή
1603 2626 1815 2697 κεφαλή

243 2731 339 2768 σου
388 2714 668 2785 κάθηταιὲ
698 2714 857 2768 τοῦτο
915 2714 1073 2784 μόνον
1141 2714 1239 2770 κα).
1280 2713 1495 2785 ἀπόχρη
1530 2712 1666 2783 πρὸς
1706 2714 1827 2773 πᾶν.

240 2800 420 2861 ὁτιοῦν
442 2801 623 2866 ’τίνος
654 2802 711 2857 ὲν
731 2800 881 2872 δεξιᾷ
911 2801 1139 2871 ἵδρυται.
1178 2800 1317 2853 Ἀλλ’
1341 2799 1481 2871 αὐτη
1519 2801 1619 2871 μὲν
1650 2801 1819 2873 ὑπερ-

241 2888 356 2943 άνω
400 2888 591 2959 πάσης
636 2888 809 2959 ἀρχῆς
846 2887 940 2941 καὶ
966 2887 1216 2953 ἐξουσίας
1270 2888 1368 2941 καὶ
1408 2886 1690 2958 δυνάμεως
1712 2904 1727 2919 ·
1757 2888 1819 2940 τὸ

240 2974 298 3027 δὲ
324 2974 536 3046 ταύτης
564 2973 723 3046 σῶμα
761 2973 856 3029 καὶ
891 2974 998 3029 ὐπὸ
1025 2973 1296 3045 δαιμόνων
1329 2975 1616 3039 πατεῖται;
1657 2973 1819 3027 ’Λλλά

243 3061 319 3131 μὴ
338 3062 554 3130 γένοιτο
586 3077 601 3091 ’
629 3063 693 3117 είη
716 3063 825 3132 γάρ
853 3059 1063 3130 γένοιτο
1081 3098 1097 3126 ,
1137 3060 1238 3115 οὐκ
1266 3060 1335 3115 ἂν
1363 3060 1450 3133 είη
1477 3060 1540 3114 τὸ
1576 3060 1818 3116 τοιοῦτον

242 3149 407 3221 σῶμα
431 3150 640 3203 λοιπόν.
670 3149 784 3220 Τὴν
804 3150 1047 3221 κεφαλήν
1080 3166 1176 3203 σου
1207 3150 1303 3204 καὶ
1326 3152 1375 3204 οί
1401 3150 1819 3222 εὐδοκιμοῦντες

239 3237 349 3290 τῶν
391 3237 599 3291 δούλων
632 3236 935 3309 πεφρίκασι
955 3277 971 3303 ,
1010 3237 1108 3291 καὶ
1143 3238 1207 3291 τὸ
1239 3238 1400 3309 σῶμα
1439 3240 1551 3303 τοῖς
1575 3254 1817 3310 προσκε-

241 3325 538 3396 κρουκόσιν
562 3324 882 3388 ὑποϐάλλεις
906 3342 921 3392 ;
955 3327 1052 3380 καὶ
1090 3327 1264 3396 πόσης
1291 3327 1393 3381 οὐκ
1412 3325 1512 3400 ἔσῃ
1537 3327 1819 3392 κολάσεως

241 3411 428 3479 ἀξιος;
464 3414 532 3467 EE
558 3431 642 3477 τις
662 3414 789 3477 τούς
811 3413 980 3478 πόδας
1003 3413 1097 3469 τοῦ
1133 3414 1402 3484 βασιλέως
1428 3415 1628 3480 κλοιοῖς
1656 3433 1817 3485 περι-

243 3500 396 3555 ϐάλοι
427 3500 527 3554 καὶ⁷
558 3500 744 3566 πέδαις
767 3541 783 3565 ,
812 3498 923 3573 ἆρα
945 3501 1065 3573 οὐχὶ
1090 3502 1189 3571 τῆς
1218 3502 1452 3573 ἐσχάτης
1471 3502 1626 3573 δίκης
1647 3504 1817 3557 ὑπεύ-

242 3587 401 3652 θυνος
452 3588 608 3643 ἔσται
631 3607 647 3656 ;
676 3591 748 3642 Σὺ
772 3590 903 3644 ὅλον.
924 3590 988 3644 τὸ
1014 3591 1175 3662 σῶμα
1205 3590 1416 3661 θηρίοις
1444 3591 1818 3664 παραϐάλλεις

244 3676 526 3746 χαλεποῖς,
556 3678 653 3731 καὶ
674 3678 737 3730 οὐ
774 3678 1056 3749 φρίττεις;
1093 3678 1234 3732 Ἀλλ’
1261 3678 1449 3751 ἐπειδὴ
1480 3681 1609 3751 περὶ
1636 3679 1820 3751 σώμα-

253 3782 346 3828 τος
379 3766 667 3836 Κυριακοῦ
705 3768 734 3820 ὁ
770 3767 948 3835 λόγος,
983 3767 1137 3838 φέρε,
1168 3768 1263 3821 καὶ
1297 3768 1426 3840 περὶ
1449 3769 1661 3823 ἐκείνου
1687 3787 1819 3841 μνη-

248 3851 598 3922 μονεύσωμεν
620 3895 633 3917 ,
660 3853 754 3907 τοῦ
781 3854 1202 3923 σταυρωθέντος,
1227 3852 1320 3908 τοῦ
1351 3855 1817 3928 προσηλωθέντος,

242 3939 336 3993 τοῦ
378 3939 668 4010 θυομένου.
697 3942 760 3994 Εἰ
790 3941 950 4013 σῶμα
1006 3937 1058 3995 εἴ
1113 3942 1208 3995 τοῦ
1248 3942 1518 4014 Χριστοῦ,
1548 3943 1683 4016 φέρε
1726 3944 1818 3999 τὸν

244 4026 477 4098 σταυρόν
513 4043 529 4058 ο
554 4027 652 4081 καὶ
678 4028 786 4101 γάρ
813 4029 1021 4092 ἐκεῖνος
1056 4028 1255 4101 ἤνεγκε
1279 4045 1293 4060 ·
1322 4029 1454 4101 φέρε
1489 4031 1817 4102 ὲμπτύσμα-

242 4131 332 4175 τα,
359 4114 499 4185 φέρε
531 4114 879 4184 ῥαπίσματα,
910 4114 1043 4186 φέρε
1066 4115 1249 4186 ἥλους.
1283 4115 1538 4170 Τοιοῦτον
1565 4118 1738 4173 ἐκεῖνο
1757 4119 1818 4173 τδ

246 4200 404 4271 σῶμα
436 4196 530 4271 ἦν.
558 4200 633 4252 Τὸ
654 4200 813 4269 σῶμα
840 4202 1016 4255 έκεῖνο
1044 4201 1429 4273 ἀναμάρτητον
1459 4199 1528 4275 ῆν
1556 4220 1569 4235 ·
1608 4205 1817 4276 Ἀμαρ-

242 4289 378 4342 τίαν
399 4289 534 4360 γάρ,
566 4289 749 4359 φησιν,
784 4289 896 4349 οὐκ
922 4289 1230 4357 ἐποίησεν,
1262 4291 1404 4345 οὐδὲ
1425 4290 1605 4360 δόλος
1630 4293 1709 4349 ’ἐν
1736 4293 1817 4362 τῷ

242 4378 498 4445 στόματι
522 4377 706 4432 αὑτοῦ
738 4376 952 4446 εὑρέθη
978 4394 993 4407 °
1023 4379 1077 4432 αί
1104 4380 1285 4451 χεῖρες
1310 4380 1476 4434 αὐτοῦ
1497 4382 1636 4454 πρὸς
1659 4383 1816 4456 εὐερ-

244 4466 437 4533 γεσίαν
468 4465 719 4519 -ἆπαντα
757 4464 1022 4535 ἔπραττον
1061 4467 1170 4520 τῶν
1202 4467 1477 4538 δεομένων
1502 4486 1516 4500 ’
1552 4470 1705 4526 οὐδὲν
1755 4472 1817 4526 τὸ

246 4553 422 4625 στόμα
480 4553 705 4618 ἐξέϐαλε
760 4554 877 4608 τῶν
917 4556 978 4607 οὐ
1034 4555 1424 4627 προσηκόντων
1456 4572 1470 4587 ·
1503 4559 1818 4626 Δαιμόνιον

243 4641 426 4708 ἔχεις,
483 4641 707 4711 ἤκουσε,
740 4640 834 4696 καὶ⁸
886 4642 1039 4700 οὐδὲν
1085 4644 1361 4700 ἀντεῖπεν.
1408 4643 1563 4699 Ἐπεὶ
1605 4646 1662 4700 δὲ
1690 4649 1821 4718 περὶ

246 4724 499 4795 σώματος
528 4726 660 4794 ἡμῖν
685 4727 714 4778 ό
748 4724 926 4792 λόγος,
958 4726 1074 4779 ὅσοι
1096 4728 1397 4799 μετέχομεν
1415 4728 1509 4782 τοῦ
1540 4728 1814 4802 σώματος,

244 4808 357 4861 ὅσοι
391 4807 491 4861 τοῦ
522 4808 754 4877 αἵματος
791 4809 1179 4880 ἀπογευόμεθα
1207 4811 1399 4865 τούτου
1426 4853 1440 4878 ,
1472 4814 1705 4867 ἐννοεῖτε
1734 4815 1817 4869 ὅτι

243 4895 337 4949 τοῦ
371 4895 542 4967 μηδὲν
570 4896 781 4949 ἐκείνου
821 4897 1169 4968 διαφέροντος
1207 4899 1329 4953 οὐδὲ
1364 4900 1651 4965 διεστῶτος
1695 4919 1819 4973 μετ-

244 4981 442 5052 έχομεν
460 4982 598 5053 πρὸς
633 4982 869 5053 μετοχὴν
885 4998 931 5048 ι,
956 4984 1040 5037 ὅτι
1064 4983 1275 5037 ἐκείνου
1304 4985 1397 5038 τοῦ
1428 4986 1541 5039 ἄνω
1567 4986 1819 5057 καθημέ-

244 5085 356 5133 νου,
398 5068 496 5121 τοῦ
536 5069 1011 5141 προσκυνουμένου
1063 5070 1215 5141 παρὰ
1274 5071 1543 5140 ἀγγέλων,
1573 5074 1669 5128 τοῦ
1716 5076 1818 5146 τῆς

244 5157 528 5228 ἀκηράτου
573 5157 858 5229 δυνάμεως
921 5158 1113 5228 ἐγγὺς,
1172 5158 1364 5212 τούτου
1410 5162 1815 5233 ἀπογευόμεθα.

247 5242 429 5313 θῖμοι,
457 5242 625 5296 πόσαι
655 5243 794 5315 πρὸς
828 5244 1104 5316 σωτηρίαν
1132 5245 1263 5315 ἡμῖν
1282 5245 1427 5301 ὁδοίί
1467 5248 1635 5318 Σῶμα
1669 5251 1818 5321 ἡμᾶς

247 5326 442 5384 ἑαυτοῦ
474 5330 722 5404 ἐποίησε,
746 5329 907 5402 σῶμα
932 5332 1146 5404 ἡμῖντὸ
1173 5331 1368 5386 ἑαυτοῦ
1399 5335 1694 5404 μετέδωκε,
1724 5338 1819 5391 καὶ

245 5417 394 5470 οὐδὲν
434 5416 643 5471 τούτων
697 5418 847 5489 ἡμᾶς
890 5418 1193 5489 ἀποτρέπει
1238 5419 1347 5475 τῶν
1386 5422 1594 5478 κακῶν.
1633 5425 1697 5476 Ὢ
1722 5425 1816 5479 τοῦ

247 5506 470 5570 σκότους
492 5544 506 5570 ,
541 5506 636 5560 καὶ
664 5504 758 5559 τοῦ
798 5505 960 5576 βυθοῦ
986 5504 1080 5559 τοῦ
1113 5505 1311 5561 πολλοῦ
1339 5508 1353 5563 ί
1384 5508 1429 5561 ὦ
1455 5510 1553 5581 τῆς
1577 5512 1814 5584 ἀναλγηο

248 5592 396 5656 σῐαςι
431 5593 507 5648 Τὰ
522 5593 669 5661 ἄνω,
693 5594 848 5665 φησὶ,
876 5592 1169 5663 φρονεῖτε,
1197 5588 1268 5651 οὗ
1298 5596 1331 5649 ό
1362 5598 1616 5667 Χριστός
1642 5600 1815 5655 ἐστιν

311 5836 534 5897 IVPrhn,
588 5839 704 5901 πρὸς
754 5841 926 5899 μετοχή

256 5905 432 5958 sporta.

933 5857 971 5897 ν,
1018 5847 1150 5889 recte
1198 5841 1393 5893 inclusit
1442 5842 1591 5895 εει-Η.
1640 5853 1692 5896 ut
1730 5862 1809 5898 su-

3419 385 3526 445 ςετ

1924 480 1995 534 ἐν
2043 482 2214 553 δεξιᾷ
2259 488 2366 542 τοῦ
2426 491 2576 545 Θεοῦ
2625 491 2960 561 καθήμενος
2987 512 3001 525 ·
3029 497 3122 551 καὶ
3149 498 3285 567 μετά
3320 500 3493 554 ταῦτα

1924 572 2225 640 Χρημάτων
2260 576 2607 645 φροντίζουσί
2635 596 2780 644 τινες
2799 619 2815 645 ,
2840 581 3019 653 ἓτεροι
3043 583 3149 639 ὑπὸ
3176 586 3286 641 τῶν
3306 588 3532 642 παθῶν»-

1923 655 2255 715 ἁλίσκονται.

1988 745 2054 799 δ’.
2086 744 2198 819 Οὐχ
2227 750 2414 820 ὁρᾶτε,
2437 751 2519 806 δτι
2540 756 2635 809 καὶ
2656 756 2713 810 ὲν
2742 756 2819 828 τῷ
2854 758 3069 828 σώματι
3097 759 3176 832 τῷ
3214 753 3497 833 ἡμετέρῳ,

1925 830 2025 885 ὅσα
2068 836 2171 905 μὲν
2216 834 2340 913 ἂνῇ
2387 842 2621 912 περιττά
2647 845 2742 899 καὶ
2791 847 3061 917 ἀχρηστα,
3095 830 3499 921 ἀποτέμνεται,

1923 924 2349 995 περικόπτεται;
2376 929 2470 982 καὶ
2497 929 2648 983 οὐδὲν
2680 931 2891 1003 κέρδος,
2922 933 3007 987 ὅτι
3038 936 3229 1005 γέγονε
3248 937 3341 990 τοῦ
3378 937 3491 991 σώ-

1926 1028 2115 1080 ματος,
2165 1013 2296 1067 ὅταν
2354 1014 2842 1092 πεπηρωμένονῇ,
2873 1022 3001 1074 ὅταν
3060 1024 3522 1094 νενεκρωμένονι,

1921 1098 2050 1152 ὅταν
2096 1101 2356 1170 σεσηπὸς,
2388 1104 2518 1159 ὅταν
2564 1106 2659 1158 καὶ
2705 1106 2784 1177 τῷ
2811 1107 2984 1177 λοιπῷ
3001 1108 3334 1182 λυμαίνηται
3359 1130 3375 1179 ;
3404 1114 3496 1184 Μὴ
3522 1178 3533 1184 _

1920 1184 2102 1238 τοίνυν
2129 1185 2443 1260 θαρρῶμεν,
2475 1190 2556 1244 ὅτι
2582 1191 2888 1263 γεγόναμεν
2921 1194 3069 1261 ἅπαξ
3094 1197 3186 1250 τοῦ
3223 1199 3494 1270 σώματος.

1922 1272 1985 1325 Et
2012 1272 2068 1326 δὲ
2102 1272 2165 1326 τὸ
2189 1274 2347 1346 σῶμα
2367 1276 2531 1354 ,τοῦτο
2564 1280 2792 1347 φυσικὸν
2812 1279 2893 1347 ὃν,
2920 1283 3070 1351 ὅμως
3103 1284 3500 1356 ἀποτέμνεται,
3534 1336 3535 1339 η

1921 1361 1990 1415 τά
2017 1361 2119 1432 τῆς
2146 1365 2521 1433 προαιρέσεως
2552 1364 2617 1419 ἂν
2653 1367 2730 1438 μὴ
2763 1368 2921 1440 μένῃ,
2944 1370 2995 1423 τί
3015 1371 3074 1423 οὐ
3108 1371 3355 1428 πείσεται
3386 1373 3495 1426 δει-

1921 1450 2047 1519 νόν;
2083 1452 2253 1507 Ὅταν
2284 1454 2361 1524 μὴ
2395 1455 2598 1527 μετέχῃ
2626 1458 2723 1529 τῆς
2760 1459 2970 1529 τροφῆς
2996 1459 3202 1532 ταύτης
3227 1463 3287 1517 τὸ
3314 1464 3500 1535 σῶμα,

1921 1538 2049 1593 ὅταν
2076 1540 2126 1593 οί
2157 1540 2314 1615 πόροι
2361 1543 2712 1614 ὲμφραγῶσι,
2741 1545 2873 1603 τότε
2925 1547 3213 1614 νεκροῦται
3235 1565 3249 1579 ’
3278 1550 3407 1604 ὅταν
3445 1553 3499 1603 οίν

1919 1625 2253 1697 ὁχετοὶ,τότε
2269 1629 2737 1700 πηροῦται..οῦτωη
2748 1634 2841 1687 καὶ
2857 1636 3019 1705 ἡμεῖς
3031 1637 3158 1690 ὅταν
3175 1637 3321 1706 ἀποφ
3330 1638 3524 1706 ράξω-.

1922 1731 2022 1785 μεν
2042 1715 2139 1780 τὰς
2158 1718 2350 1782 ἀκοὰς,
2369 1718 2636 1792 πηροῦται
2666 1721 2821 1791 ἡμῶν
2849 1724 2882 1793 ἡ
2904 1722 3076 1795 ψυχή·
3105 1724 3233 1777 ὅταν
3256 1727 3330 1796 μὴ
3369 1742 3498 1795 μετ-

1921 1801 2135 1874 έχωμεν
2157 1804 2272 1876 [‘22]
2303 1806 2404 1875 τῆς
2424 1810 2807 1880 πνευματικῆς
2826 1812 3054 1882 τροφῆς,
3085 1811 3214 1866 ὅταν
3240 1812 3521 1884 πονηρίαιι

1918 1891 2067 1955 τινὲς
2087 1893 2210 1947 ἀντὶ
2256 1896 2449 1966 χυμῶν
2479 1896 2893 1970 διεφθαρμένων
2922 1900 3072 1969 ἡμᾶς
3101 1898 3513 1971 λυμαίνωνται,

1920 1979 2103 2035 πάντα
2131 1981 2303 2035 ταῦτα
2342 1983 2519 2036 τίκτει
2552 1984 2649 2055 τὴν
2673 1986 2826 2040 νόσον
2859 1986 3125 2059 χαλεπὴν,
3153 1988 3307 2041 νόσον
3334 2006 3500 2059 τηκε-

1916 2068 2040 2123 δόνα
2073 2069 2101 2109 ι’
2128 2069 2504 2141 ἐργαζομένην
2536 2084 2551 2100 ⁸
2584 2074 2678 2125 καὶ
2716 2073 2966 2145 δεήσεται
3009 2075 3107 2129 τοῦ
3161 2077 3333 2146 πυρὸς
3362 2077 3509 2130 ὲκεί-“

1916 2173 2008 2209 νου
2066 2155 2277 2223 λοιπον,
2309 2158 2562 2229 δεήσεται
2617 2159 2716 2214 τοῦ
2764 2161 3193 2233 διχοτομηθῆναι
3253 2164 3329 2216 Οὐ
3386 2163 3525 2237 γάρ-

1916 2246 2176 2321 ἀνέχεταια
2230 2250 2369 2317 μετά
2422 2248 2665 2304 τοιούτου
2713 2250 2967 2322 σώματος
2997 2253 3264 2308 εἰσελθεῖν
3295 2256 3377 2318 είς
3404 2255 3497 2308 τὸν

1916 2335 2182 2405 νυμφῶνα
2210 2336 2239 2387 ὸ
2272 2338 2533 2409 Χριστός.
2556 2340 2620 2392 Εί
2644 2338 2738 2392 τὸν
2788 2340 2979 2411 ἱμάτια
3034 2342 3256 2414 ῥυπαρά
3283 2343 3496 2396 ἐνδεδυ-

1919 2423 2079 2493 μένον
2110 2426 2364 2498 ἀπήγαγε
2407 2427 2501 2483 καὶ
2542 2428 2798 2495 ἐξέϐαλε,
2826 2430 2919 2483 τὸν
2961 2430 3039 2501 τῷ
3068 2431 3283 2501 σώματι
3324 2432 3497 2502 ῥύπον

1916 2512 2274 2582 προστιθέντα
2300 2514 2353 2568 τί
2372 2515 2472 2569 οὐκ
2502 2516 2792 2587 ἐργάσεται
2823 2533 2841 2583 ;
2872 2516 2926 2570 τί
2946 2517 3007 2571 οὐ
3040 2518 3285 2589 διαθήσει
3318 2536 3333 2586 ;

1988 2599 2221 2665 Πολλοὺς
2264 2602 2373 2673 6ρῶ
2407 2604 2533 2667 τοὺς
2563 2601 2814 2675 σώματος
2847 2603 2942 2657 τοῦ
2969 2605 3208 2675 Χριστοῦ
3240 2606 3498 2676 μετέχον·-

1914 2707 2014 2753 τας
2041 2689 2227 2753 ἁπλῶς
2257 2691 2351 2749 καὶ
2379 2690 2455 2754 ὡς
2482 2690 2768 2762 ἓτυχε,,καὶ
2785 2690 3044 2764 συνηθείᾳ
3063 2692 3263 2763 μᾶλλον
3286 2696 3383 2748 καὶ
3409 2694 3498 2748 νό-

1919 2777 2081 2849 μῳιῆ
2119 2776 2363 2848 λογισμῷ
2390 2779 2485 2832 καὶ
2506 2778 2736 2851 διανοίᾳ.
2765 2780 2863 2833 “Av
2879 2781 3102 2852 ἐπιστῇ,
3130 2781 3317 2852 φησὶν,
3340 2782 3369 2834 ὁ
3397 2784 3515 2853 τῆς,

1914 2865 2077 2935 ἁγίας
2105 2866 2560 2937 Τεσσαρακοστῆς
2615 2868 2825 2939 καιρὸς,
2851 2863 2964 2933 οἷος
3009 2870 3106 2923 έάν
3214 2887 3319 2937 τις,
3360 2886 3495 2940 μετ-

1915 2954 2029 3025 έχει
2056 2955 2165 3008 τῶν
2196 2955 2529 3026 μυστηρίων,
2557 2954 2624 3010 ἂν
2649 2957 2845 3027 ἐπιστῇ
2876 2958 2910 3028 ἡ
2950 2956 3061 3011 τῶν
3104 2957 3438 3028 Ἐπιφανίων
3466 2968 3509 3001 ον

1914 3041 2125 3113 ἡμέρα.
2161 3044 2357 3096 Καίτοι
2401 3042 2600 3115 καιρὸς
2646 3043 2709 3097 οὐ
2741 3043 2901 3098 τοῦτο
2932 3043 3200 3116 προσόδου
3237 3061 3252 3075 ·
3281 3046 3342 3098 οὐ
3385 3044 3503 3116 γάρ

1927 3129 2237 3200 Ἐπιφάνια,
2250 3131 2370 3184 οὐδὲ
2386 3131 2812 3204 Τεσσαρακοστὴ
2839 3134 2986 3185 ποιεῖ
3000 3132 3187 3198 ἀξίους
3200 3132 3296 3187 τοῦ
3322 3148 3496 3204 προσ-

1919 3217 2079 3281 ιέναι,
2114 3218 2249 3272 ἀλλά
2284 3218 2462 3290 ψυχῆς
2497 3220 2819 3291 είλικρίνεια
2859 3220 2955 3274 καὶ⁵
2993 3220 3498 3293 καθαρότης.Μετά

1915 3305 2123 3377 ταύτης
2147 3307 2237 3361 ἀεὶ
2266 3307 2511 3378 πρόσιθι,
2542 3309 2712 3379 χωρὶς
2741 3306 2945 3379 ταύτης
2980 3308 3269 3379 μηδέποτε.
3313 3309 3494 3363 ’0σά-

1915 3410 2011 3461 mc
2062 3392 2197 3463 γὰρ,
2224 3394 2393 3463 φησὶ,’
2437 3392 2619 3449 τοῦτο
2673 3394 2916 3460 ποιεῖτε,
2937 3394 3047 3449 τὸν
3076 3395 3339 3452 θάνατον
3387 3395 3506 3450 τοῦ

1915 3481 2136 3551 Κυρίου
2208 3481 2676 3551 καταγγέλλετε⁸
2750 3480 3028 3535 τουτέστιν
3059 3524 3074 3549 ,
3151 3482 3501 3554 ’Υπόμνησιν

1915 3571 2121 3623 ποιεῖτε
2165 3569 2263 3639 τῆς
2295 3569 2570 3639 σωτηρίας
2612 3569 2712 3640 τῆς
2748 3569 2891 3640 ὑπὲρ
2936 3569 3110 3641 ὑμῶν,
3146 3570 3248 3640 τῆς
3272 3571 3496 3641 εὐεργεο

1918 3659 2039 3721 σίας
2088 3658 2191 3729 τῆς
2214 3658 2375 3729 ἐμῆς.
2407 3657 2714 3728 Ἐννόησον,
2750 3658 2803 3711 ob
2827 3658 2926 3728 τῆς
2958 3657 3148 3721 θυσίας
3174 3658 3497 3729 μετέχοντες

1915 3747 2014 3818 τῆς
2045 3746 2281 3810 παλαιᾶς
2322 3746 2465 3817 πόσῃ
2498 3746 2794 3818 ἐκέχρηντο
2841 3748 2907 3818 τῆ
2946 3746 3137 3816 φειδοῖ.
3173 3747 3239 3799 Τί
3265 3746 3374 3819 γάρ
3396 3747 3519 3800 οὐκί

1896 3835 2220 3907 έπραττοη
2250 3833 2310 3887 τί
2335 3834 2391 3887 δὲ
2421 3835 2521 3888 οὐκ
2546 3833 2766 3887 ἐποίουν
2791 3850 2806 3899 ;
2847 3836 3083 3888 Πάντοτε
3115 3834 3492 3908 ὲκαθαίροντοο

1917 3925 1982 3977 σὺ
2017 3924 2074 3978 δὲ
2102 3922 2262 3995 θυσίᾳ
2295 3920 2543 3996 προσιὼν
2567 3923 2634 3994 ῆν
2662 3924 2754 3977 καὶ
2785 3923 3006 3992 ἄγγελοι
3030 3924 3337 3995 φρίττουσι,
3369 3942 3495 3978 και-

1920 4012 2027 4084 ρῶν
2074 4012 2343 4083 περιόδοις
2382 4011 2444 4064 τὸ
2470 4012 2703 4083 πρᾶγμα
2738 4010 2972 4083 όρίζειςς
3011 4011 3106 4065 καὶ
3139 4010 3257 4075 πῶς
3318 4028 3497 4082 παρα-

1918 4103 2089 4173 στήσῃ
2132 4098 2212 4174 τῷ
2251 4100 2456 4173 βήματι
2493 4099 2587 4155 τοῦ
2627 4100 2886 4171 Χριστοῦ,
2922 4101 3150 4171 μιαραῖς
3192 4100 3352 4171 χερσὶ¹
3400 4100 3496 4153 καὶ

1916 4189 2121 4263 χείλεσι
2165 4189 2522 4261 κατατολμῶν
2554 4189 2717 4243 αὐτοῦ
2750 4188 2846 4243 τοῦ
2875 4188 3165 4259 σώματος;
3196 4186 3304 4242 Καὶ
3340 4187 3497 4259 βασι-

1915 4276 2013 4330 λέα
2065 4276 2166 4348 μὲν
2211 4277 2314 4331 οὐκ
2369 4276 2437 4332 ἂν
2485 4276 2629 4331 ἕλοιο
2684 4276 3072 4347 καταφιλῆσαι,
3102 4276 3357 4340 ὀδωδότος
3397 4291 3498 4332 σου

1915 4362 2010 4418 τοῦ
2043 4365 2312 4434 στόματος
2330 4380 2345 4396 ·
2377 4364 2469 4421 τὸν
2496 4363 2554 4417 δὲ
2579 4363 2816 4419 Βασιλέα
2836 4363 2930 4417 τοῦ
2954 4363 3363 4435 οὐρανοῦθψυχῇ
3397 4380 3498 4420 καφ

1917 4453 2164 4520 ταφιλεῖς
2205 4453 2469 4526 όὸωδυίᾳ;
2509 4448 2712 4525 ⁴Ὕϐρις
2754 4453 2817 4507 τὸ
2864 4452 3112 4524 πρᾶγμά,
3148 4453 3319 4508 ἐστιν.
3355 4451 3495 4505 Είπέ

1920 4559 2033 4613 μοι,
2069 4538 2177 4613 ἄρα
2227 4543 2294 4595 ἂν
2330 4541 2472 4594 ἕλοιο
2499 4541 2687 4612 χερσὶν
2732 4540 2975 4603 ἀνίπτοις
3009 4542 3075 4611 τῇ
3119 4538 3279 4611 θυσίᾳ
3326 4556 3497 4611 προσ-τ

1919 4629 2136 4696 ελθεῖν;
2192 4629 2316 4689 Οὐκ
2352 4628 2527 4699 ἔγωγε
2570 4624 2770 4700 οἶμαι·
2805 4628 2923 4683 ἀλλ’
2962 4628 3172 4691 ἐθέλοις
3228 4628 3296 4682 ἂν
3357 4628 3496 4700 μηδι

1918 4717 2056 4780 ὅλως
2121 4716 2515 4788 προσελθεῖν,ἢ
2545 4718 2818 4788 ῥυπαραῖς
2884 4716 3091 4788 χερσίν.
3149 4710 3286 4771 Εἶτα
3330 4716 3390 4769 ὲν
3417 4713 3497 4785 τῷ

1921 4803 2105 4875 μικρῷ
2123 4805 2295 4868 οὕτως
2319 4804 2394 4857 ὢν
2410 4804 2665 4875 εὐλαϐὴς,
2685 4802 2863 4876 ψυχὴν
2885 4804 3027 4875 έχων
3044 4803 3299 4876 ῥυπαρὰν
3324 4820 3498 4875 προσ-

1920 4892 2077 4963 έρχῃ,
2116 4892 2213 4946 καὶ
2250 4893 2515 4947 ἅπτεσθαι
2560 4893 2811 4964 τολμᾷς;
2846 4891 3041 4946 Καίτοι
3092 4891 3199 4946 ὐπὸ
3246 4892 3345 4963 μὲν
3384 4891 3507 4946 τῶν.

1921 4979 2121 5051 χειρῶν
2139 4980 2274 5052 πρὸς
2288 4981 2479 5050 καιρὸν
2507 4980 2820 5052 κατέχεται,
2837 4983 2918 5045 είς
2943 4980 3001 5034 δὲ
3032 4981 3249 5049 ἐκείνην
3272 4980 3496 5051 ὀλόκλη-

1923 5084 2015 5137 ρος
2037 5066 2347 5121 ἀναλύεται.
2375 5068 2439 5119 Τί
2472 5067 2528 5120 δέ
2560 5084 2576 5134 ;
2603 5070 2702 5141 οὐχ
2746 5070 2880 5141 ὁρᾷς
2926 5068 2997 5122 τά
3029 5067 3198 5140 σκεύη
3225 5068 3370 5121 οὓτω
3397 5085 3495 5120 πε-

1923 5155 2287 5227 ρικλυζόμενα
2319 5172 2335 5222 ;
2374 5154 2548 5219 οὕτως
2590 5155 3015 5227 ἀπολάμποντα;
3066 5157 3283 5211 Τούτων
3325 5154 3495 5209 καθα-

1924 5244 2167 5316 ρωτέρας
2224 5245 2357 5315 ἡμῖν
2398 5238 2540 5298 εἶναι
2573 5244 2654 5297 δεῖ
2679 5244 2779 5309 τὰς
2803 5244 3002 5318 ψυχὰς,
3037 5245 3241 5300 τούτων
3259 5242 3511 5314 άγιωτές

1923 5351 2022 5405 ρας
2064 5334 2158 5388 καὶ
2195 5333 2604 5406 λαμπροτέρας·
2644 5335 2710 5387 Τί
2763 5334 2966 5408 δήποτε
3001 5353 3016 5403 ;
3049 5335 3173 5389 Ὀτι
3212 5335 3396 5387 ἐκεῖνα
3420 5330 3545 5386 δινν

1920 5423 2066 5493 ἡμᾶς
2111 5422 2336 5476 τοιαῦτα
2365 5423 2592 5491 γίνεται.
2635 5424 2849 5477 Ἐκεῖνα
2877 5423 2939 5477 οὐ
2967 5423 3185 5494 μετέχει
3216 5418 3314 5474 τοῦ
3341 5421 3491 5475 ἐνόν-

1917 5527 2030 5574 τος,
2057 5510 2158 5564 οὐκ
2189 5510 2503 5565 αίσθάνεται
2539 5528 2554 5543 ·
2593 5513 2753 5583 ἡμεῖς
2776 5512 2857 5577 δὲ,
2882 5511 2992 5565 ναί.
3024 5510 3138 5563 Νῦν
3159 5509 3215 5563 δὲ
3248 5509 3512 5580 ῥυπαρῷ..

1921 5600 2021 5672 μὲν
2051 5601 2151 5655 οὐκ
2180 5599 2245 5655 ἂν
2277 5600 2417 5655 έλοιο
2438 5601 2744 5673 χρήσασθαι
2775 5600 2978 5669 σκεύει,
3011 5601 3232 5674 ῥυπαρᾷ
3256 5600 3312 5655 δὲ
3340 5599 3484 5672 ψυχῇ

1982 5845 2005 5883 δ
2033 5850 2189 5911 Ilndcx
2216 5864 2341 5897 unus
2370 5854 2414 5896 et
2444 5860 2596 5907 marg.
2635 5843 2805 5911 ngili.
2832 5846 3085 5911 σηπεδόνα.

1990 5915 2013 5943 ο
2041 5909 2242 5971 Quidam
2268 5924 2379 5960 mss.
2413 5916 2461 5957 et
2489 5921 2635 5970 marg.
2666 5908 3132 5970 58ι’ἰ1.,Θεοφαειι‹-γι.
