4030 6542
261 393 329 453 κλει
1171 386 1235 445 tN
1275 385 1490 447 EPIST.
1534 385 1624 441 AD
1663 384 1908 443 EPHES.
1952 389 2105 445 can.
2151 392 2189 445 t.
2242 393 2469 451 nonne.
2514 393 2599 452 ut.
3006 420 3013 425 -
3447 405 3520 460 so

263 505 383 573 male
406 502 576 567 olente
606 500 912 560 tlcoscnlnri
942 500 1213 565 nolueris;
1256 500 1373 554 cieli
1406 509 1584 553 autem
1618 500 1820 568 Regem

260 597 443 661 fauenti
469 604 521 650 et
546 595 686 648 male
710 596 877 665 olenti
907 595 1087 648 anima
1116 593 1411 648 oscularis?
1460 593 1514 646 Id
1555 594 1711 662 plane
1741 600 1823 650 est

259 688 573 745 contumelia.
610 688 703 755 Dic
734 686 885 753 mihi,
915 686 1155 741 vellesue
1190 684 1256 738 ad
1286 671 1611 753 sacriﬁcium
1645 684 1820 736 mani-

261 787 347 839 ltus
371 782 525 836 illotis
553 780 847 847 accedere?
875 779 993 834 Non
1020 779 1245 850 opinor;
1291 779 1385 833 sed
1426 779 1614 832 malles
1646 777 1823 847 potius

259 852 457 943 prorsus
487 887 589 930 non
620 872 901 935 accedere,
930 886 1090 940 quam
1118 869 1350 927 sordidis
1374 870 1638 943 manibus.
1676 870 1821 925 Itane

255 964 513 1035 eumiure
537 977 696 1031 parva
725 964 800 1017 sis
834 962 970 1018 adeo
997 977 1252 1017 reverens
1282 972 1337 1017 et
1366 962 1671 1031 religiosus,
1701 977 1820 1017 sor-

254 1056 415 1109 didam
442 1063 493 1108 et
520 1053 850 1109 immundam
880 1053 1087 1111 habens
1110 1055 1369 1129 animam,
1397 1053 1611 1123 accedis
1640 1060 1693 1106 et
1715 1067 1817 1123 att.-

254 1150 341 1202 dcs
368 1156 581 1215 tangere
601 1146 625 1198 ?
646 1146 805 1217 Atqui
834 1146 901 1200 ad
930 1155 1139 1215 tempus
1160 1130 1377 1216 quidem
1408 1155 1617 1199 tenetur
1645 1146 1816 1199 mani-

254 1241 370 1309 bus;
397 1238 446 1291 in
478 1236 621 1303 illam
660 1246 841 1301 autem
874 1246 1014 1291 totus
1033 1247 1089 1292 et
1115 1237 1322 1305 integer
1347 1237 1653 1292 resolvitur.
1678 1236 1814 1305 Quid

203 1380 217 1397 δ
252 1307 399 1401 vero?
437 1308 614 1382 ann-ou
658 1327 811 1383 vides
864 1342 990 1401 vasa
1031 1328 1111 1382 sic
1131 1327 1353 1394 abluta?
1382 1327 1518 1387 adeo
1546 1327 1712 1383 nitida
1755 1335 1813 1395 et

250 1418 544 1490 splendida?
591 1418 684 1474 llis
726 1419 884 1488 longe
915 1418 1224 1492 mundiores
1252 1418 1407 1473 nobis
1433 1428 1647 1489 oportet
1691 1433 1813 1474 esse

249 1498 455 1577 animas,
486 1512 570 1567 his
597 1512 893 1581 sanctiores
919 1521 973 1568 et
999 1511 1414 1589 splendidiores.
1435 1512 1612 1578 Quare
1632 1512 1655 1566 ?
1673 1512 1810 1581 Quo-

247 1606 373 1660 niam
408 1603 501 1679 illa.
525 1613 745 1673 propter
776 1618 874 1658 nos
908 1603 1041 1677 i‘nmt
1074 1604 1220 1677 talia.
1274 1602 1363 1675 Illa
1393 1618 1515 1658 cmn
1542 1605 1631 1687 qui
1670 1604 1813 1673 inest

246 1712 340 1769 non
367 1694 699 1765 participant,
729 1708 834 1749 non
870 1696 1151 1767 sentiunt;
1179 1710 1278 1769 nos
1316 1706 1494 1769 autem
1520 1696 1809 1766 participa-

245 1766 351 1842 tnus
370 1797 423 1843 et
448 1788 735 1843 sentimus.
776 1787 927 1859 Nune
965 1798 1142 1843 autem
1172 1802 1298 1857 vase
1327 1788 1540 1858 quidem
1587 1790 1815 1849 sordido

243 1891 292 1947 et
310 1879 573 1933 immundo
609 1881 683 1949 uti
719 1881 979 1944 nolueris,
1009 1880 1422 1951 sordidaautem
1446 1880 1656 1936 accedis
1686 1881 1805 1934 ani-

242 1986 315 2024 ma
337 1970 589 2025 ?.\lnltatn
623 1972 779 2027 video
808 1972 881 2037 rei
914 1972 1345 2041 iumqnalitatcm.
1369 1972 1425 2027 lu
1451 1972 1571 2026 aliis
1590 1973 1802 2043 quidem

240 2062 569 2135 tmoporihus,
611 2076 733 2130 cum
775 2076 841 2115 ne
869 2062 1453 2135 mutuliqnidcmsa~pe
1477 2063 1617 2131 sitis,
1645 2078 1800 2118 acce-

238 2152 378 2216 ditis;
423 2153 473 2206 in
524 2153 783 2221 l‘aschate
822 2164 1002 2207 autem
1050 2153 1258 2208 etiamsi
1308 2154 1524 2223 aliquod
1566 2155 1744 2210 scelus
1771 2171 1801 2210 a

236 2244 371 2311 vobis
393 2243 460 2298 sit
486 2243 780 2299 admissum
804 2285 817 2306 ,
846 2244 1123 2300 acceditis.
1176 2244 1221 2299 0
1267 2246 1734 2311 consuetudinem,
1767 2263 1801 2301 (ι

237 2339 723 2411 ιιιλξειιιιιιιιίοιιριιιε
796 2338 1013 2414 Frustra
1058 2349 1143 2396 est
1185 2338 1553 2413 quotidianum
1592 2340 1797 2413 sacrili;

233 2432 354 2487 cium
380 2472 395 2495 ,
442 2432 639 2486 frustra
681 2430 952 2485 adstamus
977 2429 1175 2489 altari:
1203 2446 1362 2487 nemo
1387 2441 1471 2488 est
1510 2432 1599 2501 qui
1630 2432 1796 2501 parti-

233 2526 373 2600 eipct.
405 2523 524 2578 llmc
559 2523 706 2587 dico,
738 2541 840 2578 non
871 2534 931 2589 ut
952 2533 1158 2580 temere
1188 2524 1554 2595 participetis,
1603 2525 1699 2580 sed
1740 2535 1799 2597 ut.

233 2630 313 2668 vos
335 2615 516 2685 dignos
548 2615 808 2670 reoldatis.
851 2615 967 2670 Non
997 2631 1055 2674 es
1078 2616 1271 2687 dignus
1312 2616 1595 2685 sacriﬁcio,
1625 2633 1798 2689 neque

235 2708 653 2778 ltitticip'ttitme?
705 2709 843 2786 Ergo
895 2722 998 2763 nec
1052 2723 1231 2779 prece.
1281 2709 1449 2763 Audis
1495 2725 1793 2778 przeconcm

230 2810 435 2865 stantem
460 2811 514 2856 ct
536 2801 809 2857 dicentem
841 2818 854 2854 :
890 2802 1209 2870 Quicumque
1234 2801 1352 2857 estis
1379 2802 1430 2855 in
1462 2803 1756 2871 pu’ttitcutia
1775 2841 1793 2867 ,

230 2892 359 2946 abite.
402 2894 601 2950 Omnes
640 2894 733 2964 qui
776 2910 880 2948 non
913 2894 1253 2964 participant,
1292 2906 1415 2949 sunt
1443 2896 1493 2948 in
1520 2897 1791 2965 pmuitcn-

230 2984 305 3037 ιιι.
353 2984 407 3040 Si
443 2999 505 3041 es
547 3000 616 3042 ex
660 2987 725 3041 iis
749 2986 837 3056 qui
867 2996 992 3041 sunt
1021 2986 1073 3040 itt
1103 2987 1435 3056 ptrnitcutia,
1485 3003 1590 3041 non
1622 2986 1793 3046 debes

229 3077 517 3147 participare
554 3094 571 3131 :
606 3092 730 3132 nam
757 3077 846 3147 qui
880 3092 985 3132 non
1016 3077 1317 3151 participat,
1337 3087 1419 3133 est
1451 3078 1500 3133 in
1529 3080 1792 3148 pmniten-

227 3154 305 3221 tia.
332 3169 432 3221 tlnr
453 3182 583 3239 ergo
612 3167 765 3234 dicit,
800 3168 963 3233 .lbitc,
990 3169 1076 3235 qui
1101 3184 1201 3223 non
1233 3170 1438 3239 potestis
1468 3172 1703 3239 precari;
1733 3182 1789 3227 tu

224 3271 379 3314 autem
421 3271 533 3315 stas
580 3259 963 3329 impudenter?
1029 3262 1098 3314 At
1145 3276 1251 3315 non
1299 3275 1357 3316 es
1408 3275 1474 3315 ex
1516 3261 1634 3327 his,
1689 3263 1788 3321 sed

223 3367 275 3405 cr.
321 3352 379 3406 iis
421 3352 507 3423 qui
555 3361 784 3422 possunt
816 3350 1157 3422 participare,
1191 3351 1399 3421 etuihil
1441 3354 1647 3408 curas?
1671 3369 1783 3409 rem

223 3444 332 3498 nihil
361 3460 475 3499 esse
498 3444 704 3514 putas?

279 3536 327 3589 5.
364 3535 680 3600 Considera,
708 3550 924 3607 qureso.
974 3535 1144 3593 Adest
1170 3550 1352 3593 mensa
1380 3541 1524 3609 regia
1546 3581 1561 3605 ,
1591 3538 1787 3595 adsunt

220 3629 367 3699 angeli
395 3629 786 3695 ministrantes,
816 3631 969 3685 adest
999 3629 1110 3686 lle:
1143 3631 1277 3701 ipse,
1322 3641 1452 3709 ettu
1491 3641 1603 3687 stas
1646 3635 1785 3689 osci-

222 3721 360 3776 tans?
398 3732 573 3778 vestes
621 3721 720 3777 tibi
761 3732 888 3777 sunt
916 3724 1179 3791 sordidm,
1208 3734 1263 3780 ct
1303 3726 1447 3780 nulla
1473 3736 1585 3782 ate
1627 3728 1785 3797 hujus

222 3811 423 3866 habetur
450 3816 586 3868 ratio
610 3813 638 3867 ?
683 3814 752 3868 At
780 3824 907 3869 sunt
937 3815 1189 3871 mundm?
1210 3818 1481 3873 Accumbe
1510 3833 1639 3889 ergo
1662 3861 1677 3885 ,
1730 3829 1786 3876 et

218 3904 465 3973 amicitia.
494 3903 657 3960 \icnit
681 3906 919 3976 quotidie
947 3916 1004 3961 ut
1032 3907 1208 3963 videat
1235 3909 1633 3975 accumbentes,
1659 3926 1777 3966 om-

219 4010 299 4048 nes
323 3997 605 4066 alloquitur
639 4014 656 4054 :
688 4008 743 4052 ct
772 4013 914 4053 nunc
944 3999 995 4052 in
1029 4008 1207 4054 vestra
1247 3999 1378 4055 dicit
1415 4002 1779 4072 conscientia,

216 4087 385 4154 Amici,
415 4090 692 4159 quomodo
721 4090 806 4146 hic
836 4092 989 4146 statis
1020 4107 1123 4147 non
1160 4092 1418 4149 habentes
1452 4104 1654 4151 vestem
1684 4114 1782 4151 nu-

218 4179 403 4247 ptialem
436 4182 658 4252 (.tlattli.
691 4183 784 4237 9.9..
819 4183 952 4254 12)?
979 4183 1095 4238 Non
1125 4185 1296 4252 dixit,
1317 4187 1425 4242 Cur
1448 4189 1783 4245 accubuisti?

216 4272 297 4326 sed
334 4283 453 4329 ante
485 4276 799 4331 accubitum
826 4285 882 4331 et
911 4278 1208 4348 ingressum
1238 4293 1361 4334 eum
1391 4279 1520 4335 dicit
1556 4296 1675 4336 esse
1702 4282 1784 4337 in-

214 4361 404 4433 dignum
431 4383 445 4418 :
475 4382 582 4421 non
613 4367 756 4422 dixit
793 4368 936 4423 enim
963 4409 978 4431 .
1022 4369 1133 4424 Cur
1157 4370 1491 4427 aceubuisti?
1516 4374 1610 4429 sed
1631 4417 1646 4441 ,
1674 4374 1784 4431 Cur

217 4453 436 4512 intrasti?
463 4458 591 4514 llmc
618 4475 754 4529 ergo
784 4475 926 4515 ntmc
949 4477 1165 4532 quoque
1190 4464 1319 4518 dicit
1335 4465 1488 4519 nobis
1508 4467 1779 4537 omuilms,

215 4547 289 4614 qui
329 4550 671 4617 impudenter
694 4560 751 4605 et
786 4551 1142 4609 inverecunde
1185 4564 1410 4610 stamus.
1451 4556 1783 4630 Quicumque

216 4638 337 4690 enim
357 4643 743 4711 mysteriorum
766 4653 971 4698 nonest
991 4645 1276 4715 particeps,
1302 4647 1349 4701 is
1373 4647 1653 4718 impudens
1678 4660 1784 4706 stat

212 4732 423 4787 etnimis
470 4734 757 4789 audacter.
804 4734 904 4801 Qui
951 4745 1078 4791 sunt
1123 4736 1175 4791 in
1204 4739 1469 4807 peccatis,
1500 4751 1781 4811 propterea

212 4826 398 4891 priores
425 4828 744 4897 ejiciuntur.
768 4828 917 4884 Sicut
946 4830 1091 4885 enim
1120 4845 1243 4885 cum
1277 4831 1526 4887 dominus
1554 4835 1705 4890 adest
1730 4837 1781 4890 in

212 4932 396 4985 mensa,
426 4937 532 4976 non
559 4931 785 4991 oportet
803 4922 995 4979 adesse
1022 4922 1248 4979 famulos
1283 4926 1372 4996 qui
1404 4926 1743 4984 oiTcndcrunt
1763 4970 1781 4995 ,

211 5009 291 5062 sed
330 5013 511 5081 procul
558 5013 927 5069 amandantur
950 5031 964 5069 :
988 5015 1057 5069 ita
1091 5014 1177 5070 hic
1216 5032 1428 5087 quoque
1469 5034 1591 5073 cum
1629 5020 1786 5075 ell‘cr-

211 5109 285 5155 tnt-
324 5106 674 5173 sacriﬁcium,
705 5116 763 5162 et
788 5107 1038 5163 Christus
1073 5110 1425 5174 sacriﬁcatur,
1450 5120 1504 5167 et
1531 5114 1646 5168 ovis
1676 5114 1783 5168 Do-

212 5194 413 5254 minica:
442 5200 667 5268 quando
692 5198 951 5268 audieris,
987 5200 1201 5257 Oremus
1228 5219 1401 5258 omnes
1427 5207 1780 5275 communiter,

212 5289 403 5356 quando
424 5291 632 5348 videris
663 5289 803 5346 trahi
828 5306 922 5347 eas
946 5307 1067 5363 quae
1105 5293 1159 5348 in
1187 5295 1342 5349 ostiis
1367 5304 1492 5351 sunt
1511 5297 1745 5351 cortinas
1766 5338 1782 5363 ,

213 5387 319 5434 tunc
340 5383 589 5438 existima
616 5383 812 5438 omium
842 5398 1077 5454 superne
1110 5384 1326 5452 diduci,
1372 5396 1427 5441 et
1453 5387 1783 5445 descendere

210 5474 421 5542 angelos.
453 5475 928 5542 Quemadmodum
955 5492 1086 5545 ergo
1125 5478 1328 5532 nullum
1357 5488 1568 5549 oportet
1588 5479 1782 5535 adesse

174 5574 261 5615 te:
288 5566 347 5619 iis
372 5568 461 5636 qui
503 5568 787 5639 mysteriis
830 5583 934 5623 non
970 5568 1421 5641 suntinitiati,ita
1471 5587 1571 5627 nec
1611 5587 1677 5627 ex
1716 5574 1779 5628 iis

186 5657 289 5736 Aqui
321 5669 438 5716 sunt
471 5662 676 5717 initiati
705 5671 759 5717 ct
787 5660 1012 5717 sordidi.
1047 5662 1139 5718 Dic
1168 5662 1372 5724 mihi,si
1407 5664 1527 5736 quis
1553 5663 1620 5721 ad
1646 5679 1785 5720 con-

1227 5795 1248 5839 ’ἔ

1933 501 2131 559 vivium
2178 506 2430 563 invitatus
2466 527 2655 567 manus
2701 513 2889 584 laverit
2928 524 2981 571 et
3019 517 3328 573 accnbuerit
3366 527 3419 573 et
3448 520 3516 574 ad
3590 518 3609 533 '

1934 608 2174 649 mensam
2223 610 2439 667 paratus
2494 600 2694 669 fuerit,
2746 614 2801 659 ct
2847 606 3182 673 deindenon
3213 609 3515 678 fueritcjus

1931 685 2221 757 particeps,
2251 703 2429 757 annon
2450 695 2772 748 contumelia
2802 695 2965 751 afﬁcit
2987 713 3108 752 cum
3134 699 3233 767 qni
3252 699 3515 753 invitavit?

1928 788 2107 840 annon
2140 790 2286 835 esset
2315 781 2506 839 melius
2533 799 2655 838 eum
2684 801 2751 841 ne
2790 788 3022 845 adfuisse
3049 791 3305 860 quidem?
3353 792 3425 845 Ita
3458 802 3513 847 tu

1928 879 2141 937 quoque
2168 869 2383 939 adfuisti
2416 889 2430 925 :
2457 873 2713 944 hymnum
2743 880 2968 933 cantasti
2991 922 3005 943 ,
3048 897 3167 935 cum
3191 881 3367 951 dignis
3395 898 3513 937 om-

1925 956 2081 1011 nibus
2131 968 2181 1013 te
2222 974 2281 1015 es
2329 963 2603 1031 professus
2628 1006 2643 1030 ,
2682 981 2749 1021 eo
2790 968 3093 1041 quodcum
3128 971 3358 1042 indignis
3402 988 3509 1026 non

1924 1049 2216 1109 recesseris
2242 1069 2254 1105 :
2278 1054 2550 1122 quomodo
2582 1057 2822 1111 mansisti
2852 1069 2905 1112 et
2941 1075 3141 1137 mensze
3172 1077 3275 1115 non
3302 1077 3361 1116 es
3388 1077 3510 1131 par-

1925 1138 2132 1210 ticcps?
2178 1142 2345 1208 Sum,
2390 1146 2597 1216 inquit,
2648 1148 2918 1220 indignus.
2980 1150 3129 1222 Ergo
3162 1153 3249 1207 illa
3295 1168 3508 1223 quoque

1923 1232 2299 1305 communione
2328 1243 2381 1288 ct
2407 1237 2663 1293 societate
2707 1255 2826 1309 quae
2864 1249 2948 1295 est
2978 1239 3030 1297 in
3064 1243 3313 1317 precibus
3334 1260 3393 1299 es
3420 1245 3503 1299 in-

1921 1319 2155 1395 dignus,-
2183 1324 2302 1379 Non
2343 1328 2487 1381 enim
2537 1329 2709 1384 solum
2752 1347 2846 1399 per
2882 1333 3185 1401 proposita,
3215 1335 3311 1398 sed
3340 1337 3501 1391 etiam

1921 1427 2016 1480 per
2056 1415 2264 1473 cantica
2310 1416 2543 1488 undique
2585 1420 2864 1476 descendit
2905 1422 3153 1492 Spiritus.
3195 1423 3311 1489 Non
3353 1424 3503 1481 vides

1919 1503 2147 1558 t'amnlos
2176 1515 2387 1563 nostros
2416 1524 2654 1565 mensam
2680 1513 2897 1583 Spongia
2922 1512 3180 1580 lavantes,
3202 1526 3258 1569 et
3281 1515 3498 1572 domum

1916 1594 2255 1667 nmndant‘es,
2285 1609 2334 1654 et
2358 1598 2536 1656 discos
2563 1617 2761 1657 mensa:
2791 1603 3160 1674 imponentes?
3188 1604 3301 1661 Hoc
3322 1605 3379 1661 ﬁt
3409 1622 3501 1678 per

1918 1700 2106 1754 preces
2128 1728 2142 1750 ,
2176 1703 2271 1757 per
2301 1689 2590 1745 clamorem
2623 1695 2884 1762 prmconis
2917 1712 2931 1749 :
2963 1704 3232 1766 tamquam
3271 1699 3498 1769 Spongia

1916 1775 2154 1848 lavamus
2176 1780 2481 1848 ecclesiam,
2506 1792 2565 1837 ιιι
2597 1784 2649 1837 in
2696 1785 2893 1840 munda
2926 1787 3153 1842 ecclesia
3184 1788 3292 1843 sint
3318 1790 3496 1845 omnia

1912 1871 2208 1941 preposita,
2257 1880 2316 1927 ttt
2360 1873 2506 1928 nulla
2540 1875 2612 1930 sit
2654 1877 2858 1931 macula
2880 1918 2895 1943 ,
2928 1879 3071 1933 nulla
3104 1895 3252 1951 ruga.
3284 1880 3419 1936 Sunt
3442 1891 3498 1938 et

1910 1961 2050 2014 oculi
2079 1976 2264 2018 corum
2293 1965 2493 2036 indigni
2519 1966 2604 2022 his
2628 1971 2973 2038 spectaculis,
2996 1981 3224 2028 etaures
3241 1974 3492 2043 indignae.

1910 2048 1977 2119 Et
2003 2054 2048 2105 si
2071 2055 2247 2120 bestia,
2282 2057 2471 2127 inquit,
2500 2070 2717 2114 montem
2747 2073 2942 2133 tangat,
2972 2065 3211 2119 obruetur
3236 2068 3494 2137 lapidibus

1908 2140 2103 2211 (lit-od.
2138 2146 2224 2215 19.
2262 2147 2374 2215 15).
2409 2148 2559 2204 Adeo
2607 2166 2708 2205 nec
2753 2151 2898 2222 digni
2946 2154 3180 2233 quidem
3207 2168 3361 2233 erant
3402 2161 3494 2230 qui

1905 2237 2260 2297 asCenderent
2295 2257 2308 2294 :
2341 2242 2486 2311 atqui
2542 2252 2728 2313 postea
2785 2245 2945 2299 etiam
3002 2231 3382 2325 accesscrpnt,
3436 2261 3492 2307 et

1906 2328 2155 2383 viderunt
2204 2331 2295 2385 ubi
2343 2341 2567 2388 steterat
2596 2335 2755 2389 Deus.
2790 2334 2937 2391 Licet
2975 2347 3158 2406 postea
3209 2329 3489 2409 accedere,

1902 2430 1959 2487 et
1986 2420 2170 2487 videre
2202 2439 2217 2475 :
2249 2422 2346 2477 sed
2376 2424 2592 2494 quando
2620 2425 2876 2493 adfuerit,
2906 2429 2992 2483 abi
3019 2447 3032 2483 :
3082 2445 3189 2485 non
3219 2433 3361 2487 enim
3393 2420 3509 2511 tibi:

1903 2513 2072 2582 magis
2102 2513 2248 2581 licet,
2279 2529 2438 2585 quam
2467 2516 2878 2574 catechumeno.
2932 2519 3047 2575 Non
3076 2532 3202 2577 sunt
3224 2525 3368 2579 enim
3396 2540 3491 2595 pa-

1902 2604 2005 2681 ria,
2037 2615 2373 2675 sacramenta
2398 2607 2637 2663 nondum
2682 2625 2804 2665 esse
2853 2622 3223 2683 assequutnm,
3260 2623 3315 2669 et
3340 2627 3489 2685 post-

1900 2707 2058 2764 quam
2088 2693 2251 2750 fueris
2278 2707 2619 2768 asscquutns,
2662 2709 2717 2755 et
2754 2701 3074 2771 oil‘cnderis,
3120 2704 3399 2775 despicere
3433 2719 3491 2764 et

1899 2800 1960 2849 ea
1994 2802 2053 2852 re
2085 2797 2135 2842 te
2163 2788 2437 2863 indignum
2468 2792 2715 2850 reddere.
2739 2795 2958 2851 Licebat
2984 2798 3135 2868 plura
3164 2801 3484 2857 terribiliora

1897 2880 2098 2955 dicere,
2126 2882 2221 2938 sed
2250 2899 2317 2939 ne
2347 2894 2580 2959 mentem
2611 2897 2851 2943 vestram
2878 2906 3117 2960 gravem,
3161 2893 3281 2959 haze
3326 2895 3484 2951 sufﬁ-

1896 2974 2045 3042 ciunt
2077 2993 2091 3030 :
2120 2991 2243 3030 nam
2279 2978 2370 3049 qui
2399 2977 2479 3034 his
2507 2994 2612 3038 non
2638 2982 2990 3052 castigantur,
3020 2985 3055 3038 ii
3088 3001 3185 3040 nec
3216 2988 3480 3056 pluribus.

1894 3066 1976 3123 Ne
2003 3082 2133 3138 ergo
2153 3063 2510 3140 vobis‘tnajns
2532 3070 2791 3128 faciamus
2813 3073 3092 3150 judicium,
3117 3093 3247 3147 rogo
3267 3079 3482 3148 quidem

1892 3173 2014 3233 vos,
2042 3175 2150 3215 non
2172 3171 2228 3215 ιιι
2252 3177 2358 3221 non
2385 3163 2596 3231 adsitis,
2617 3165 2709 3219 sed
2740 3175 2797 3219 ut
2826 3169 3107 3236 praesentia
3130 3179 3184 3225 et
3210 3170 3354 3226 aditu
3385 3188 3483 3228 vos

1893 3250 2131 3307 reddatis
2159 3253 2371 3323 dignos.
2407 3254 2502 3324 Dic
2532 3255 2659 3310 mihi
2684 3297 2698 3322 ,
2729 3257 2772 3311 si
2804 3273 2897 3313 rex
2925 3257 3148 3326 jusserit
3172 3270 3228 3316 et
3252 3262 3477 3331 dixerit,

1893 3342 1949 3399 Si
1971 3346 2091 3415 quis
2121 3345 2222 3401 hoc
2250 3347 2377 3416 agit,
2409 3363 2439 3402 a
2471 3364 2587 3404 mea
2618 3365 2801 3405 mensa
2839 3351 3139 3421 abstineat,
3171 3370 3349 3410 annon
3380 3372 3477 3426 pro

1893 3433 1995 3490 hoe
2022 3437 2201 3510 omnia
2231 3436 2511 3494 feceritis?
2554 3441 2611 3495 In
2655 3441 2820 3497 caelos
2861 3458 2961 3498 nos
2998 3445 3207 3500 vocavit
3233 3447 3298 3501 ad
3322 3464 3477 3503 men-

1890 3539 2004 3580 sam
2045 3526 2206 3602 Regis
2247 3530 2425 3599 magni
2469 3539 2525 3585 et
2566 3530 2919 3599 admirabilis,
2976 3543 3031 3589 et
3074 3550 3385 3593 recusamus
3424 3549 3479 3594 ct

1889 3630 2225 3686 euttctantttr,
2256 3631 2311 3677 et
2337 3622 2401 3677 ad
2425 3639 2541 3678 eam
2573 3639 2685 3678 rem
2719 3640 2824 3679 non
2853 3628 3185 3683 accurrimus
3205 3630 3229 3682 ?
3252 3639 3304 3685 ct
3332 3647 3478 3701 quae-

1890 3726 2012 3764 nam
2040 3720 2123 3766 est
2148 3712 2302 3766 nobis
2329 3728 2453 3781 spes
2482 3714 2706 3768 salutis?
2743 3714 2860 3769 Non
2901 3716 3027 3772 licet
3065 3720 3274 3773 causari
3308 3721 3477 3777 imbe-

1888 3801 2184 3871 cillitatcm,
2220 3819 2316 3858 nec
2346 3805 2556 3874 culpam
2593 3806 2843 3862 conferre
2882 3809 2934 3861 in
2968 3817 3213 3865 naturam
3246 3830 3258 3865 :
3290 3826 3477 3867 socor-

1886 3894 1975 3950 dia
2016 3895 2193 3950 solum
2220 3907 2275 3951 et
2302 3897 2509 3967 ignavia
2539 3914 2637 3953 nos
2668 3899 2845 3954 reddit
2873 3899 3142 3971 indignos.
3186 3904 3310 3960 Hcce
3351 3907 3476 3975 qui-

1887 3985 2008 4041 dem
2036 3987 2176 4041 dicta
2205 3997 2331 4041 sunt
2359 4004 2388 4041 a
2411 3988 2567 4044 nobis
2595 4006 2609 4043 :
2636 3990 2724 4057 qui
2747 4000 2924 4046 autem
2953 3996 3263 4063 eompungit
3286 3997 3480 4063 corda,

1887 4080 1976 4149 qui
2020 4079 2112 4134 dat
2154 4080 2399 4149 spiritum
2440 4083 2890 4151 compunctionis,
2936 4094 3258 4157 compungat
3309 4088 3473 4142 corda

1886 4183 2083 4238 vestra,
2126 4183 2181 4227 et
2222 4174 2274 4227 in
2321 4173 2639 4244 profundum
2669 4175 2922 4230 immittat
2947 4178 3176 4242 semina,
3212 4186 3267 4231 ut
3307 4194 3373 4233 ex
3404 4180 3475 4232 ti-

1888 4282 2038 4323 more
2064 4267 2181 4337 ejus
2201 4268 2515 4339 concipiatis
2540 4277 2595 4324 et
2620 4270 2842 4339 pariatis
2879 4271 3126 4340 spiritum
3166 4273 3376 4338 salutis,
3417 4285 3475 4332 et

1887 4374 2009 4414 cum
2041 4359 2231 4415 liducia
2272 4360 2563 4416 accedatis.
2608 4360 2733 4414 Filii
2786 4362 2953 4426 enim,
2989 4363 3177 4432 inquit,
3231 4366 3305 4418 ιιιὶ
3342 4376 3474 4419 lam-

1885 4467 2037 4520 quam
2085 4453 2295 4506 novella:
2322 4452 2569 4505 olivarum
2608 4454 2663 4506 in
2701 4453 2917 4505 circuitu
2947 4471 3133 4508 utentur
3156 4465 3254 4508 tua:
3295 4457 3469 4525 (l’sal.

1890 4545 2012 4602 127.
2044 4545 2123 4614 5).
2156 4544 2298 4598 Nihil
2336 4544 2406 4598 sit
2432 4553 2608 4610 vetus,
2641 4544 2773 4597 nihil
2808 4544 3031 4609 immite,
3066 4546 3195 4601 nihil
3221 4548 3472 4603 crudum.

1888 4635 2204 4704 llujusmodi
2234 4635 2377 4689 enim
2409 4636 2633 4690 novella:
2674 4635 3031 4705 plantationes
3061 4648 3199 4708 aptre
3246 4649 3372 4694 sunt
3405 4641 3475 4696 ad

1889 4729 2143 4792 fructum,
2181 4728 2408 4783 fructum
2450 4727 2842 4789 admirandum,
2874 4730 3030 4792 olcm,
3078 4730 3324 4801 inquam,
3359 4732 3474 4787 fru-

1888 4828 2033 4880 ctum
2067 4833 2155 4879 :et
2178 4823 2344 4878 fortes
2367 4830 2493 4877 sunt
2520 4831 2574 4877 et
2602 4822 2813 4886 validm,
2862 4832 2920 4877 ut
2944 4824 3049 4877 sint
3070 4840 3255 4879 onmes
3289 4824 3340 4877 in
3370 4827 3471 4879 cir-

1889 4918 2033 4973 cuitu
2058 4930 2279 4982 mensae,
2307 4931 2481 4987 neque
2513 4924 2719 4970 temere
2760 4923 2816 4969 et
2850 4914 2989 4970 forte
3031 4914 3248 4970 forttma
3280 4932 3477 4973 convc-

1891 5010 2060 5071 niant,
2106 5006 2203 5062 sed
2236 5022 2359 5063 cum
2399 5015 2548 5061 metu
2586 5015 2642 5061 et
2680 5007 2896 5061 timore.
2935 5006 3026 5060 Sic
3054 5008 3197 5062 enim
3221 5017 3275 5063 et
3299 5009 3477 5078 ipsum

1888 5100 2159 5157 Christum
2191 5100 2303 5156 illic
2346 5100 2594 5157 videbitis
2639 5115 2765 5156 cum
2805 5099 3029 5166 ﬁducia,
3061 5109 3114 5155 et
3153 5100 3351 5156 cmlesti
3385 5117 3474 5156 re-

1889 5210 1997 5266 gno
2037 5194 2183 5265 digni
2228 5194 2524 5251 reddemiui
2569 5211 2583 5248 :
2628 5193 2771 5264 quod
2819 5194 2975 5249 detur
3022 5194 3179 5250 nobis
3223 5195 3479 5252 omnibus

1891 5291 2184 5359 consequi,
2223 5289 2392 5359 gratia
2438 5298 2491 5343 et
2525 5287 2859 5358 benignitate
2890 5287 3099 5342 Domini
3142 5288 3312 5342 nostri
3348 5287 3480 5346 .Iesu

1891 5384 2112 5449 Christi,
2144 5398 2268 5441 cum
2292 5397 2399 5453 quo
2427 5380 2570 5436 Patri
2598 5390 2650 5435 et
2678 5380 2897 5450 Spiritui
2924 5388 3111 5435 saneto
3143 5379 3331 5449 gloria,
3376 5381 3477 5435 int-

1894 5479 2119 5547 perium,
2151 5476 2342 5544 honor,
2384 5489 2525 5531 nunc
2546 5482 2599 5531 et
2621 5487 2851 5544 semper,
2897 5480 2948 5529 et
2981 5471 3034 5526 in
3065 5471 3260 5527 smcula
3295 5486 3360 5526 stt
3374 5488 3472 5537 cu~

1892 5572 2085 5628 lorum.
2117 5569 2305 5624 Amen.

2449 5714 2467 5727 ι·
2482 5719 2497 5728 οε
2510 5718 2580 5727 -..νο-ι-

1609 5840 1815 5869 ..ωηηεο
1828 5842 2024 5867 3......
