4002 6508
509 346 576 402 ει
1027 381 1032 386 .
1225 342 1283 398 S.
1321 337 1599 395 JOANNIS
1646 333 2122 392 CHRYSOSTOMI
2174 333 2489 391 ARCIIIEP.
2528 337 3063 397 CONSTANTINOP.
3732 343 3818 407 32

519 435 3321 460 ,_________________..____.___________._________._.____

1875 472 2219 534 HOMlLlA
2267 474 2345 537 IV
2358 517 2371 531 .

515 609 646 663 Cir.
685 608 738 662 2.
803 624 852 662 v.
912 607 963 660 1.
1008 604 1071 658 Et
1129 620 1214 657 vos
1279 618 1394 654 cum
1446 601 1616 654 essetis
1669 598 1852 650 mortui
1901 596 2100 648 delictis

593 709 641 752 et
684 696 900 767 peccatis
934 696 1129 758 uestris,
1178 693 1234 745 ‘2.
1275 693 1326 744 in
1361 692 1538 762 quibus
1567 689 1843 758 aliquando
1865 686 2100 739 ambula-

589 789 677 842 stis
727 786 1002 839 secundum
1065 783 1306 836 steculum
1368 781 1542 833 mundi
1586 780 1779 847 hujus,
1822 777 2099 830 secundum

589 873 867 943 principem
899 871 1165 938 potestatis
1193 869 1324 921 aeris
1360 869 1513 935 hujus
1533 906 1549 931 ,
1579 866 1790 934 spiritus
1831 864 1918 932 qui
1963 879 2096 915 nunc

583 972 821 1033 operatur
847 963 900 1014 iu
924 962 1058 1030 ﬁlios
1088 959 1398 1029 difﬁdentia,
1425 958 1478 1012 5.
1509 959 1562 1009 in
1587 957 1766 1024 quibus
1791 965 1836 1007 et
1867 970 1956 1007 nos
1985 970 2097 1007 om-

588 1073 675 1110 nes
708 1055 986 1124 aliquando
1017 1052 1295 1106 conversati
1336 1067 1509 1104 sumus
1537 1051 1587 1101 in
1619 1047 1882 1101 desideriis
1926 1046 2098 1099 carnis

585 1157 773 1202 nostra:
795 1188 809 1211 ,
837 1147 1079 1215 facientes
1109 1147 1411 1196 voluntate»:
1437 1140 1603 1193 carnis
1629 1150 1672 1191 et
1698 1138 2092 1208 cogitationum,

580 1250 628 1294 et
659 1256 860 1293 eramus
889 1248 1071 1291 natura
1104 1237 1196 1304 ﬁlii
1239 1236 1329 1288 ira:
1356 1235 1484 1286 sicut
1514 1243 1558 1286 et
1584 1233 1772 1286 cccleri.

582 1335 638 1388 1.
680 1334 777 1388 Est
803 1332 1017 1402 quidem
1059 1329 1400 1385 mortiﬁcatio
1439 1326 1739 1396 corporalis
1760 1367 1774 1389 ,
1804 1314 1886 1380 esi
1911 1333 2092 1380 autem

507 1436 565 1481 et
608 1425 851 1481 animalis
887 1443 898 1478 :
931 1433 989 1479 et
1021 1423 1164 1476 illius
1203 1419 1419 1490 quidem
1458 1433 1589 1474 esse
1621 1417 1959 1486 participem,
1993 1432 2093 1471 nec

508 1528 593 1572 est
637 1518 845 1572 crimen
898 1530 996 1570 nec
1040 1512 1335 1583 periculum
1388 1527 1401 1563 :
1444 1525 1532 1564 res
1567 1510 1709 1564 enim
1752 1517 1835 1563 est
1862 1517 2087 1573 naturzn,

508 1623 614 1662 non
659 1607 885 1661 instituti
912 1605 1076 1658 animi
1102 1613 1157 1658 et
1182 1602 1334 1656 liberi
1365 1600 1591 1655 arbitrii.
1633 1599 1763 1653 Nam
1791 1610 1845 1653 et
1867 1612 1983 1652 orta
2011 1610 2094 1654 est

508 1717 574 1754 ex
607 1699 1032 1768 transgressione
1070 1695 1410 1765 protoplasti,
1455 1701 1510 1747 et
1547 1707 1636 1746 res
1665 1691 1858 1746 deinde
1896 1690 2094 1744 decidit

508 1791 560 1846 in
594 1799 834 1844 naturam
867 1807 878 1838 :
914 1786 1112 1855 alioqui
1139 1792 1316 1839 autem
1346 1784 1504 1837 etiam
1534 1783 1641 1836 cito
1669 1782 1925 1835 solvetur.
1973 1779 2088 1849 Ipsa

509 1896 641 1936 vero
686 1878 1023 1933 mortilicatio
1051 1876 1318 1938 animalis,
1349 1889 1466 1928 cum
1495 1873 1564 1926 sit
1592 1871 2007 1926 i'nstit-utianimi
2039 1881 2098 1925 et

507 1973 659 2028 liberi
707 1972 950 2037 arbitrii,
994 1971 1196 2024 crimen
1240 1968 1396 2023 habet
1425 1976 1475 2020 et
1509 1966 1709 2020 nullam
1747 1966 2088 2019 solutionem.

503 2063 640 2118 \‘ide
670 2078 797 2133 ergo
835 2062 1104 2132 quomodo
1134 2060 1330 2113 Paulus
1371 2074 1493 2112 cum
1521 2058 1630 2126 jam
1661 2057 1812 2110 valde
1841 2073 2090 2126 magnum

505 2155 851 2219 ostendisset,
881 2165 934 2208 et
968 2152 1106 2223 quod
1138 2152 1307 2220 majus
1349 2152 1418 2204 sit
1450 2159 1622 2204 morte
1661 2149 1864 2203 aﬂ‘ectte
1892 2148 2088 2202 mederi

503 2247 698 2299 anima:
739 2261 895 2314 quam
947 2243 1209 2298 suscitare
1259 2249 1524 2303 mortuos,
1575 2253 1716 2292 nunc
1760 2253 1971 2307 quoque
2012 2237 2092 2291 sic

509 2337 658 2405 ponit
685 2346 954 2407 tamquam
1002 2348 1251 2402 niagnum
1290 2349 1302 2384 :
1333 2331 1398 2383 Et
1423 2347 1505 2384 νος
1535 2347 1648 2382 cum
1675 2331 1865 2394 essetis,
1899 2330 2086 2398 inquit,

506 2426 693 2479 mortui
720 2426 915 2478 delictis
942 2435 988 2478 et
1011 2424 1225 2493 peccatis
1266 2423 1441 2475 vestris
1463 2463 1478 2488 ,
1513 2421 1565 2474 in
1609 2421 1788 2487 quibus
1814 2420 2088 2489 aliquando

503 2519 818 2585 ambulastis,
845 2519 1122 2572 secundum
1148 2517 1388 2571 sa'culum
1409 2515 1584 2568 mundi
1619 2516 1790 2585 hujus,
1814 2515 2089 2568 secundum

505 2613 784 2681 principem
808 2612 1064 2680 potestatis
1095 2611 1247 2673 aeris,
1294 2609 1504 2678 spiritus
1538 2610 1625 2679 qui
1671 2625 1804 2662 nunc
1850 2618 2089 2678 operatur

503 2705 555 2756 in
602 2705 736 2772 ﬁlios
785 2703 1092 2771 diﬁidentitc.
1132 2701 1295 2756 Vides
1323 2701 1469 2754 l‘anli
1499 2701 1960 2755 mansuetudinem
1982 2740 1997 2764 ,
2033 2710 2089 2755 et

502 2794 772 2864 tummodo
821 2795 1014 2864 ubique
1069 2794 1377 2847 consolatur
1429 2791 1746 2857 auditorem,
1806 2798 1930 2846 eum
1979 2807 2084 2846 non

501 2888 768 2943 onerans?
812 2887 941 2940 Nam
991 2887 1238 2956 quoniam
1293 2886 1503 2939 dixerat
1549 2899 1642 2939 eos
1686 2883 1752 2937 ad
1787 2893 2086 2940 extremum

507 2993 675 3046 usque
697 2977 880 3030 vitium
901 2992 1021 3030 esse
1043 2986 1323 3044 provectos
1351 2975 1476 3043 (hoc
1505 2974 1648 3029 enim
1672 2981 1753 3028 est
1773 2987 1894 3028 esse
1913 2982 2086 3030 morte

502 3067 747 3139 allectos)
771 3086 784 3132 ;
815 3084 878 3121 ne
904 3082 997 3121 eos
1017 3066 1168 3119 valde
1188 3073 1437 3135 gravaret
1460 3067 1604 3135 (nam
1629 3063 1832 3132 pudore
1853 3062 2088 3119 afﬁciun-

503 3173 589 3214 tur
618 3160 886 3225 homines,
911 3174 1031 3213 cum
1061 3157 1235 3227 priora
1261 3155 1398 3210 mala
1429 3155 1725 3210 afferuntur
1748 3155 1804 3209 in
1826 3154 2083 3222 medium,

501 3252 709 3308 etiamsi
740 3253 846 3307 sint
867 3251 1132 3315 absoluta,
1162 3258 1215 3304 et
1242 3248 1446 3302 nullum
1475 3248 1707 3302 habeant
1736 3246 2082 3318 periculum),

501 3343 594 3397 dat
633 3343 712 3398 eis
753 3342 1077 3411 adiutorem,
1129 3356 1196 3395 ne
1245 3340 1644 3395 existimaretur
1673 3347 1838 3393 totum
1866 3340 1944 3394 eis
1964 3355 2086 3395 esse

502 3435 897 3504 imputandum,
932 3445 986 3489 et
1013 3434 1312 3503 adjutorem
1339 3433 1551 3486 fortem.
1600 3431 1934 3497 Quemnam?
1963 3431 2084 3486 Dia-

502 3532 703 3588 bolum.
736 3530 823 3585 Sic
872 3530 1032 3583 etiam
1082 3528 1208 3581 l‘acit
1257 3527 1310 3580 in
1359 3526 1593 3595 Epistola
1632 3524 1699 3579 ad
1725 3525 2081 3582 Corinthios:

498 3636 620 3675 nam
651 3636 772 3674 cum
801 3619 1046 3683 dixisset,
1084 3617 1257 3672 Nolite
1280 3633 1472 3680 errare,
1523 3631 1682 3684 neque
1705 3616 2040 3685 fornicatores
2065 3657 2081 3682 ,

499 3728 655 3781 neque
697 3711 1018 3772 idololatria;
1048 3717 1106 3763 et
1143 3708 1342 3779 reliqua
1375 3707 1552 3760 omnia
1593 3709 1980 3774 recensuisset,
2029 3716 2085 3762 et

497 3803 904 3872 subjunxisset,
954 3801 1186 3871 Regnum
1232 3797 1327 3852 Dei
1386 3816 1486 3852 non
1538 3799 1908 3868 possidebunt;
1957 3809 2084 3855 tunc

496 3908 710 3962 quoque
757 3891 922 3945 dicit:
958 3887 1026 3942 Et
1068 3890 1173 3942 hwc
1215 3889 1418 3958 quidem
1464 3889 1630 3958 fuistis
1674 3889 1758 3957 (i.
1787 3889 1904 3943 Cor.
1939 3889 1990 3944 6.
2026 3890 2079 3946 9.

501 3981 666 4054 sqq.).
725 3982 838 4035 Non
894 3981 1024 4035 dixit
1069 3980 1312 4034 absolute
1349 3981 1541 4045 fuistis,
1591 3980 1702 4042 sed,
1734 3991 1852 4042 τινὲς
1893 3987 1996 4045 ἦτα,
2029 3981 2082 4037 id

497 4085 614 4149 est,
638 4075 807 4144 Aliqui
832 4075 1019 4144 fuistis,
1054 4073 1153 4126 hoc
1194 4081 1297 4137 est,
1340 4073 1418 4125 sic
1453 4072 1844 4141 quodammodo
1887 4073 2080 4128 fuistis.

571 4166 844 4220 Manichtei
872 4174 1172 4233 carpuntur.
1202 4193 1272 4202 —
1298 4162 1394 4216 llic
1434 4163 1673 4217 hatretici
1724 4162 1838 4217 htec
1881 4165 1949 4218 de
1973 4165 2084 4220 Deo

500 4259 640 4313 dicta
699 4272 821 4312 esse
863 4257 1061 4310 acriter
1111 4254 1471 4321 contendunt,
1520 4263 1574 4310 et
1615 4254 1924 4311 ell'renatam
1977 4257 2082 4312 lin-

497 4364 654 4420 guam
723 4349 879 4418 longe
938 4356 1282 4414 exserentes,
1327 4346 1443 4402 hzec
1503 4346 1614 4401 Dee
1663 4347 1916 4418 adaptant
1962 4366 2081 4420 qme

495 4454 622 4500 sunt
673 4444 842 4498 solius
909 4441 1128 4497 diaboli.
1181 4440 1461 4510 Quomodo
1517 4456 1645 4512 ergo
1696 4457 1758 4497 os
1815 4445 1893 4499 eis
1951 4445 2082 4500 obs-

497 4533 775 4589 trnemus?
816 4533 893 4586 Ex
943 4532 1075 4600 ipsis
1112 4532 1311 4587 vcrhis.
1341 4532 1470 4585 Nam
1521 4533 1564 4586 si
1616 4542 1698 4588 est
1741 4534 1937 4604 justus,
1969 4537 2079 4591 sic-

495 4638 549 4680 ut
593 4625 791 4691 dicitis,
823 4624 936 4677 hzec
987 4633 1162 4678 autem
1189 4628 1386 4693 gessit;
1420 4624 1533 4678 hzec
1560 4639 1647 4679 res
1678 4641 1782 4680 non
1815 4638 1897 4682 est
1926 4628 2076 4696 justi,

500 4717 593 4770 sed
626 4716 782 4770 valde
808 4715 993 4784 inj'usti‘
1019 4724 1070 4770 et
1100 4714 1346 4769 scelerati
1375 4731 1386 4767 :
1415 4714 1554 4768 Deus
1580 4725 1756 4770 autem
1788 4733 2077 4787 numquam

494 4809 653 4864 fuerit
696 4807 1010 4861 sceleratus.
1043 4806 1152 4860 Cur
1187 4821 1314 4860 vero
1346 4805 1475 4860 dicit
1502 4823 1621 4860 eum
1652 4810 1946 4879 principem
1975 4827 2078 4866 sre-

491 4901 596 4953 ruli
626 4898 806 4966 hujus?
820 4897 1083 4963 Quoniam
1109 4905 1215 4951 tota
1240 4895 1351 4951 fere
1369 4897 1597 4952 humana
1617 4909 1800 4954 natura
1826 4917 1884 4956 se
1908 4902 2076 4971 ipsam

493 4990 570 5043 illi
599 4988 766 5046 dedit.
798 4999 852 5043 et
880 5003 1069 5043 omnes
1113 5003 1206 5042 sua
1249 4997 1443 5057 sponte
1477 4989 1526 5044 ei
1554 4989 1794 5044 serviunt
1831 4999 1886 5045 et
1911 5007 1975 5045 es
2007 4992 2074 5046 li-

497 5080 628 5134 bero
659 5079 821 5132 animi
863 5078 1106 5133 arbitrio.
1161 5077 1227 5132 Et
1274 5078 1489 5133 Christo
1527 5079 1740 5149 quidem
1774 5080 1911 5134 bona
1945 5097 2076 5150 pro-

493 5170 726 5226 mittenti
770 5169 1180 5225 innumerabilia
1231 5184 1302 5225 ne
1339 5171 1576 5225 animum
1607 5172 1827 5240 quidem
1857 5173 2076 5229 adhibet

491 5264 755 5335 quispiam
785 5282 799 5318 :
826 5263 903 5316 illi
931 5272 1108 5318 autem
1138 5262 1272 5316 nihil
1302 5263 1408 5317 tale
1435 5263 1725 5333 pollicenti.
1758 5264 1852 5320 sed
1881 5265 1947 5319 ad
1977 5281 2075 5335 ge-

489 5357 721 5412 hennam
752 5357 1160 5422 transmittenti,
1185 5355 1384 5412 cedunt
1407 5373 1618 5412 mnnes.
1650 5357 1716 5412 Et
1743 5359 2073 5429 principatus

491 5451 608 5519 ejus
629 5461 712 5506 est
739 5450 791 5504 in
817 5452 916 5504 hoc
942 5449 1160 5512 smeulo,
1184 5458 1238 5504 et
1266 5449 1311 5502 is
1333 5450 1514 5516 plures
1540 5450 1697 5505 habet
1723 5465 1879 5520 quam
1905 5452 2064 5517 Deus,

489 5539 552 5596 et'
572 5542 620 5595 ci
643 5542 809 5609 magis
839 5541 1091 5597 cedentes
1117 5556 1276 5610 quam
1311 5541 1439 5604 Deo,
1471 5549 1665 5610 praster
1696 5556 1912 5610 paucos,
1946 5559 2070 5611 pro-

491 5644 610 5705 pter
653 5645 886 5688 nostram
919 5633 1242 5689 socordiam.
1285 5633 1578 5688 Secundum
1629 5643 1959 5702 potestatem,
1989 5635 2071 5689 in-

491 5726 627 5795 quit,
653 5726 778 5778 acrii
805 5725 1035 5796 spiritus.
1066 5726 1178 5780 iloc
1205 5741 1391 5780 rursus
1414 5725 1563 5790 dicit,
1592 5725 1733 5795 quod
1766 5727 1941 5780 locum
1972 5727 2069 5781 ha-

493 5819 573 5872 bet
603 5817 698 5872 sub
721 5818 872 5884 emlo,
900 5828 950 5874 ct
976 5819 1193 5890 spiritus
1221 5833 1406 5874 rursus
1428 5818 1556 5872 aerii
1589 5828 1710 5873 sunt
1738 5819 2064 5890 incorporea:

2209 605 2501 663 potestates
2529 613 2595 652 eo
2621 609 2901 666 Operantc.
2935 599 3062 653 Nam
3094 601 3248 670 quod
3279 603 3551 658 szecularis
3581 604 3814 674 sit‘ejus

2209 688 2540 759 principatus
2560 730 2574 754 ,
2611 689 2712 743 hoc
2743 699 2826 745 est
2847 731 2862 756 ,
2893 691 2986 760 qui
3015 706 3134 745 cum
3168 695 3418 762 przcsenti
3447 695 3646 750 seculo
3680 695 3808 750 dis-

2205 781 2468 845 solvitur,
2501 782 2621 835 audi
2653 797 2774 836 emn
2804 783 3070 837 dicentem
3113 784 3166 838 in
3210 786 3316 840 line
3363 785 3642 855 epistolae:
3674 787 3807 842 Non

2203 879 2276 924 est
2325 872 2466 923 nobis
2509 872 2800 925 colluctatio
2840 874 3077 926 adversus
3124 877 3418 944 sanguinem
3454 885 3502 930 et
3547 893 3759 932 carnem
3786 921 3805 941 ,

2201 961 2291 1014 sed
2316 961 2560 1015 adversus
2586 963 2839 1031 principes
2863 972 2912 1014 et
2944 972 3231 1030 potestates,
3267 976 3313 1017 et
3343 966 3584 1020 adversus
3615 969 3805 1020 mundi

2203 1061 2417 1106 rectores
2445 1053 2761 1106 tenebrarum
2807 1054 2957 1123 hujus
2983 1055 3152 1106 steculi
3176 1054 3392 1124 (Ep/tes.
3424 1056 3478 1110 6.
3510 1055 3622 1128 12).
3653 1057 3800 1111 Nam

2202 1159 2268 1199 ne
2297 1160 2418 1199 cum
2443 1144 2677 1198 audieris
2696 1184 2711 1209 ,
2745 1142 2929 1196 Mundi
2962 1155 3178 1198 rectores
3204 1187 3219 1209 ,
3243 1145 3390 1199 dicas
3419 1145 3580 1200 etiam
3610 1147 3801 1216 ipsum
3887 1149 3894 1158 '

2199 1249 2320 1290 esse
2349 1234 2666 1298 incrcatum,
2687 1234 2849 1297 addit,
2880 1233 3218 1287 Tencbrarum
3244 1237 3438 1289 sceculi.
3461 1235 3602 1290 Alibi
3623 1237 3814 1292 etiam-

2201 1342 2428 1397 nequam
2477 1327 2734 1381 saeculum
2767 1325 2926 1397 ('Gul.
2962 1327 3014 1381 1.
3045 1328 3078 1381 4
3098 1330 3298 1396 γνοοειι
3322 1336 3533 1397 tempus
3563 1344 3800 1398 perver-

2169 1415 2315 1472 sum
2344 1459 2358 1483 ,
2393 1434 2497 1472 non
2525 1418 2714 1472 dicens
2758 1419 2826 1473 de
2871 1419 3153 1473 creaturis.
3201 1419 3504 1474 Mihienim
3531 1420 3746 1476 videtur
3773 1464 3793 1487 ,

2199 1509 2342 1579 quod
2373 1508 2416 1562 si
2449 1508 2636 1563 inisset
2667 1509 2916 1578 princeps
2946 1509 3046 1562 sub
3077 1509 3232 1572 θςιειο,
3267 1526 3373 1564 non
3405 1509 3593 1566 fuisset
3621 1526 3792 1566 casu-

2201 1617 2293 1654 rus
2321 1617 2348 1653 a
2378 1600 2676 1670 principatu
2703 1642 2718 1666 ,
2765 1603 2924 1653 etiam
2972 1610 3092 1670 post
3142 1603 3644 1672 transgressionem.
3682 1605 3809 1670 Qui-

2198 1708 2329 1744 nunc
2358 1701 2594 1759 aperatur
2623 1692 2673 1743 in
2703 1693 2836 1759 filios
2881 1691 3188 1760 diffidentia
3229 1692 3394 1748 Vides
3421 1695 3562 1763 quod
3591 1711 3697 1750 non
3727 1697 3804 1750 vi»

2199 1781 2401 1835 inducit
2429 1797 2530 1836 nec
2557 1783 2840 1851 tyrannide
2859 1823 2875 1848 ,
2921 1782 3014 1836 sed
3046 1784 3432 1852 persuasione?
3466 1786 3608 1840 Dixit
3632 1788 3803 1842 enim-

2196 1875 2460 1938 ἀπείθιιαν,
2491 1888 2554 1926 ac
2583 1875 2626 1926 si
2655 1872 2825 1938 dicas,
2859 1873 3175 1943 deceptione
3203 1884 3257 1929 et
3286 1876 3628 1944 persuasione
3655 1894 3784 1932 om-

2197 1980 2293 2019 nes
2328 1965 2568 2019 attrahit.
2613 1965 2721 2021 Nec
2767 1967 2868 2020 hoc
2913 1967 3086 2022 solum
3134 1982 3229 2022 eos
3265 1970 3601 2035 consolatur,
3633 1973 3798 2039 quod-

2195 2056 2403 2112 dederit
2448 2057 2651 2112 socium
2673 2099 2687 2123 ,
2721 2058 2813 2112 sed
2845 2057 3005 2113 etiam
3032 2059 3174 2128 quod
3206 2075 3265 2113 se
3291 2074 3412 2113 cum
3455 2060 3559 2114 illis
3590 2072 3774 2130 ponat.

2194 2148 2260 2201 I-n
2289 2148 2465 2218 quibus
2486 2189 2501 2215 ,
2534 2149 2740 2218 inquit,
2772 2159 2817 2201 et
2849 2165 2938 2202 nos
2975 2165 3145 2203 omnes
3193 2149 3469 2218 aliquando
3498 2155 3804 2206 conversati-

2193 2257 2386 2294 sumus.
2409 2239 2597 2294 Omnes
2617 2256 2639 2294 :
2661 2255 2768 2295 non
2798 2241 2941 2296 enim
2969 2241 3095 2296 licet
3122 2241 3298 2297 dicere
3327 2243 3467 2313 quod
3495 2255 3788 2313 exemptus

2193 2343 2339 2386 esset
2367 2333 2579 2402 aliquis.
2609 2331 2678 2386 In
2700 2333 2964 2386 desideriis
2992 2335 3162 2386 carnis
3183 2343 3390 2399 nostris,
3418 2335 3654 2405 facientes
3686 2353 3785 2390 vo-

2194 2421 2435 2476 luntatem
2460 2424 2630 2476 carnis
2655 2433 2702 2476 et
2727 2424 3120 2492 cogitationum,
3152 2434 3197 2477 et
3225 2441 3425 2478 eramus
3467 2435 3647 2479 natura
3675 2429 3803 2494 ﬁlii

2191 2513 2303 2577 ine,
2333 2515 2461 2568 sicut
2497 2523 2542 2567 et
2585 2515 2756 2568 caeteri
2795 2530 2986 2568 omnes.
3023 2515 3135 2570 [loc
3177 2526 3280 2579 est,
3316 2515 3446 2569 nihil
3494 2517 3801 2586 spirituale-

2190 2604 2479 2674 sapientes.
2505 2603 2609 2659 Sed
2633 2619 2698 2658 ne
2717 2619 2933 2658 carnem
2965 2604 3014 2657 in
3047 2604 3298 2658 invidiam
3323 2615 3545 2660 voeetet
3565 2608 3779 2671 odium,

2191 2709 2364 2764 neque
2395 2709 2642 2764 magnum
2689 2695 2963 2750 existimes
3002 2695 3295 2761 delictum,
3341 2697 3464 2752 vide
3503 2701 3799 2767 quomodo.

2189 2787 2290 2842 sibi
2319 2796 2521 2842 caveat.
2555 2786 2840 2853 Facientcs,
2875 2788 3066 2857 inquit,
3100 2789 3408 2842 voluntatem
3431 2791 3598 2844 carnis
3621 2801 3666 2844 et
3686 2808 3781 2846 co.

2189 2880 2491 2950 gitatiomnn
2521 2889 2843 2946 nostrarum,
2890 2880 2993 2936 hoc
3017 2890 3120 2947 est,
3155 2883 3442 2951 voluptatis
3465 2883 3780 2940 affectiones

2187 2983 2245 3028 et
2285 2983 2484 3038 motus,
2527 2974 2694 3028 Deum
2727 2975 3056 3029 irritavimus
3095 2984 3150 3029 et
3191 2974 3256 3028 ad
3300 2976 3428 3029 iram
3461 2979 3796 3046 provocavi--

2190 3079 2311 3118 mus
2339 3081 2351 3117 :
2387 3063 2490 3118 hoc
2519 3074 2631 3132 est,
2666 3065 2742 3118 ira
2774 3065 2999 3130 luimus,
3027 3074 3081 3120 et
3122 3064 3254 3119 nihil
3299 3065 3468 3120 aliud.
3499 3067 3786 3133 Quemad-

2189 3157 2405 3212 modum
2449 3156 2591 3212 enim
2636 3158 2725 3226 qui
2756 3168 2839 3212 est
2885 3157 3024 3212 illius
3073 3157 3452 3223 hominis,_est
3483 3157 3644 3214 homo
3674 3177 3776 3213 na-

2190 3258 2306 3305 tura
2325 3291 2339 3313 ,
2367 3249 2436 3302 ita
2460 3264 2559 3303 nos
2585 3264 2798 3318 quoque
2825 3249 2963 3304 sicut
2988 3258 3042 3303 et
3067 3249 3248 3303 czeteri
3273 3250 3365 3304 ira:
3396 3249 3489 3304 lilii
3514 3266 3729 3307 eramus
3757 3271 3772 3306 :

2190 3341 2388 3406 idest,
2416 3343 2593 3396 nullus
2625 3342 2762 3396 liber
2787 3352 2904 3397 erat
2931 3383 2945 3408 ,
2975 3341 3068 3397 sed
3096 3357 3284 3396 omnes
3309 3359 3429 3413 qua:
3460 3345 3535 3397 ira
3570 3344 3657 3398 Dei
3687 3345 3776 3398 di-

2187 3448 2288 3502 gna
2314 3443 2468 3488 erant
2497 3433 2838 3487 iaciebamus.
2871 3435 2924 3487 4.
2962 3432 3096 3487 Deus
3122 3445 3310 3500 autem,
3341 3435 3428 3504 qui
3454 3435 3589 3489 dives
3609 3445 3682 3488 est
3710 3438 3790 3490 ita

2187 3523 2554 3577 misericordia.
2603 3523 2719 3577 Non
2761 3523 2896 3578 dixit
2943 3524 3188 3579 absolute
3214 3567 3229 3591 ,
3266 3525 3597 3590 Misericors,
3627 3527 3724 3581 sed
3750 3569 3782 3596 ,,

2188 3613 2339 3668 Diues
2366 3615 2419 3667 in
2457 3614 2804 3667 misericordia
2831 3655 2846 3678 ,
2879 3615 3018 3670 sicut
3039 3625 3093 3670 et
3113 3615 3237 3669 alibi
3262 3616 3410 3678 dicit.
3441 3616 3506 3670 In
3539 3619 3775 3672 multitu-

2187 3708 2306 3760 dine
2331 3708 2688 3761 misericordiaz
2706 3716 2840 3772 tute;
2863 3717 2922 3763 et
2943 3725 3172 3771 rursum,
3201 3710 3441 3765 Miserere
3466 3713 3559 3764 mei
3584 3729 3771 3767 securi-

2188 3799 2308 3851 dum
2335 3816 2571 3869 magnant
2595 3801 2992 3854 misericordiam
3017 3813 3154 3855 tuam
3179 3802 3352 3871 (Psal.
3376 3805 3464 3859 68.
3491 3806 3647 3859 l7.'et
3673 3808 3769 3863 50.

2188 3890 2277 3959 1).
2313 3889 2529 3957 Propter
2566 3891 2774 3944 nimiam
2800 3891 3056 3946 caritatem
3098 3909 3242 3946 suam
3265 3933 3290 3959 ,_
3311 3911 3410 3964 qua
3447 3894 3620 3949 dilexit
3650 3912 3770 3952 nos.

2187 3981 2463 4038 Undenam
2489 3997 2585 4036 nos
2609 3982 2799 4036 dilexit
2820 3984 3075 4039 ostendit.
3108 3985 3233 4040 ilice
3253 3987 3394 4041 enim
3421 4004 3524 4043 non
3555 4004 3773 4044 meren-

2186 4080 2272 4125 tur
2299 4072 2643 4128 dilectionem
2664 4114 2678 4138 ,
2707 4074 2807 4128 sed
2847 4075 2980 4130 iram
3010 4086 3063 4130 et
3093 4086 3391 4132 extremum
3420 4080 3768 4149 supplicium.

2185 4163 2251 4217 Et
2279 4163 2380 4217 hoe
2408 4180 2535 4233 ergo
2565 4180 2628 4219 ex
2664 4166 2825 4220 multa
2869 4166 3259 4222 misericordia.
3293 4171 3346 4225 5.
3379 4169 3444 4222 Et
3488 4188 3600 4224 cum
3627 4188 3772 4226 esse-

2183 4270 2298 4308 mus
2329 4256 2512 4308 mortui
2540 4256 2592 4308 in
2622 4255 2837 4322 delictis,
2860 4259 3221 4328 conviviﬁcavit
3241 4262 3291 4315 in
3313 4259 3530 4317 Christo.
3560 4263 3773 4322 Rursus

2181 4344 2432 4402 Christus
2455 4356 2539 4402 est
2568 4349 2776 4403 medius
2795 4391 2811 4415 ,
2838 4359 2896 4408 et
2941 4366 3028 4406 res
3059 4361 3141 4407 est
3191 4353 3296 4408 [ide
3326 4354 3504 4424 digna.
3536 4355 3591 4411 Si
3619 4357 3790 4413 enim.

2183 4438 2434 4509 primitiae
2464 4440 2672 4506 vivunt,
2704 4449 2758 4495 et
2783 4456 2880 4496 nos
2920 4458 2935 4496 :
2967 4444 3253 4501 viviticavit
3282 4455 3336 4501 et
3366 4447 3534 4515 illum,
3559 4457 3613 4504 et
3641 4463 3768 4504 nos.

2251 4530 2307 4584 2.
2342 4531 2503 4586 Vides
2546 4532 2688 4602 quod
2731 4534 2911 4588 omnia
2942 4535 3083 4590 dicta
3129 4538 3238 4592 sint
3283 4539 3352 4594 de
3378 4555 3478 4606 eo,
3507 4540 3650 4611 quod
3679 4550 3788 4598 est

2181 4622 2474 4676 secundum
2518 4625 2778 4678 carnem?
2823 4624 3010 4680 Vidisti
3057 4639 3469 4698 exsuperantem
3513 4632 3631 4700 ejus
3660 4647 3769 4701 po-

2184 4715 2363 4768 tenti-.e
2396 4716 2816 4784 magnitudinem
2846 4719 2898 4773 in
2931 4735 3029 4774 nos
3057 4723 3145 4789 qui
3173 4723 3475 4780 credimus?
3503 4726 3592 4795 qui
3615 4743 3771 4782 mor-

2183 4805 2258 4858 tui
2287 4821 2500 4860 eramus
2527 4815 2581 4860 et
2625 4807 2717 4861 lilii
2763 4809 2876 4874 irai,
2914 4810 3013 4865 hos
3050 4813 3355 4869 viviﬁcavit.
3389 4815 3580 4871 Vidisti
3610 4832 3768 4887 spem

2181 4897 2516 4951 vocationis?
2543 4898 2594 4952 6.
2626 4897 3048 4955 Conresuscitavit
3095 4913 3141 4957 et
3186 4907 3452 4960 consedere
3496 4908 3632 4975 fecit.
3666 4907 3770 4961 Vi-

2179 4987 2302 5044 disti
2331 4989 2554 5058 gloriam
2585 4990 2702 5058 ejus
2725 4991 3082 5049 hereditatis?
3112 4995 3286 5050 Etiam
3308 5037 3323 5063 ,
3354 4998 3585 5068 inquies,
3629 4997 3770 5054 Con-

2179 5081 2490 5135 resuscitavit
2537 5081 2790 5150 quidem,
2841 5094 2926 5139 est
2979 5086 3358 5154 manifestum;
3407 5089 3534 5144 illud
3586 5105 3768 5156 vero,

2179 5176 2459 5233 Consedere
2482 5193 2573 5229 nos
2603 5177 2720 5245 fecit
2746 5179 2798 5232 iu
2827 5180 3106 5236 ccelestibus
3134 5182 3186 5234 in
3217 5183 3418 5237 Christo
3440 5183 3565 5238 Jesu
3583 5225 3600 5251 ,
3627 5199 3768 5254 quo-

2178 5269 2342 5325 modo
2384 5270 2526 5324 stat?
2579 5269 2648 5325 Ut
2697 5270 2859 5336 illud,
2902 5270 3570 5330 Conresuscitavitmullus
3614 5278 3774 5332 enim

2177 5362 2353 5417 adhuc
2373 5372 2456 5416 est
2482 5363 2790 5428 suscitatus,
2816 5363 2922 5418 nisi
2939 5365 3104 5435 quod,
3127 5382 3246 5421 cum
3267 5377 3426 5435 caput
3451 5383 3767 5424 resurrexe—

2177 5456 2278 5520 rit,
2329 5469 2428 5509 nos
2455 5468 2669 5524 quoque
2699 5470 2888 5510 sumus
2913 5458 3154 5512 suscitati
3188 5474 3201 5510 :
3232 5459 3371 5515 sicut
3411 5460 3518 5515 illic
3542 5475 3772 5531 quoque

2177 5560 2298 5600 cum
2324 5544 2490 5601 Jaeoh
2520 5544 2817 5611 adorasset,
2851 5562 2984 5602 uxor
3015 5563 3226 5617 quoque
3253 5549 3495 5605 adoravit
3532 5550 3754 5619 Joseph.

2177 5639 2266 5694 Sic
2297 5653 2425 5708 ergo
2469 5636 2593 5692 fecit
2621 5653 2833 5708 quoque
2871 5641 3164 5697 consedere
3190 5661 3202 5696 :
3233 5642 3454 5699 sedente
3479 5643 3624 5698 enim
3659 5657 3762 5697 ca-

2181 5730 2287 5799 pite
2314 5729 2463 5783 sedet
2490 5742 2701 5798 quoque
2728 5744 2942 5800 corpus.
2977 5731 3266 5801 Propterea
3290 5735 3431 5790 enim
3458 5732 3757 5804 subiunxit,

2181 5821 2244 5874 In
2277 5821 2475 5875 Christo
2503 5819 2647 5874 Jesu.
2699 5823 2798 5876 Aut
2838 5825 2879 5877 si
2913 5824 3013 5880 hoc
3045 5842 3149 5881 non
3201 5829 3270 5881 ita
3299 5827 3401 5895 sit,
3431 5826 3525 5883 sed
3555 5843 3760 5886 conrcn
