4030 6504
186 360 262 415 53
1106 351 1172 408 IN
1209 350 1431 409 EPIST.
1475 349 1568 406 AD
1606 338 1851 406 EPllES.
1892 347 2047 407 CAP.
2089 349 2154 406 ll.
2195 347 2426 408 llOMlL.
2470 349 2559 407 IV.
3411 359 3481 424 3-6

186 472 476 529 suscitavit
505 487 604 543 per
651 471 925 527 lavacrum
948 509 963 536 ,
1010 469 1283 540 quomodo
1311 483 1442 540 ergo
1485 467 1784 524 censedere

181 557 350 619 fecit?
380 563 515 620 Nam
562 564 624 619 Si
652 565 984 629 sustinemus,
1021 561 1229 632 inquit,
1279 570 1326 615 et
1368 561 1787 632 conreguabimtts

191 653 294 731 (Ξ.
333 653 471 709 Tim.
501 656 556 710 2.
587 653 656 710 12
685 654 727 726 ).
786 653 843 709 Si
890 654 1153 709 morimur
1173 695 1189 720 ,
1218 653 1380 708 etiam
1427 653 1586 708 simul
1635 651 1786 707 vive-

185 763 336 802 mus.
364 746 566 818 Spiritn
617 760 804 802 revet-a
847 759 982 817 opus
1006 755 1088 801 est
1123 755 1179 800 et
1203 744 1532 800 revelatione
1557 784 1574 811 ,
1603 753 1660 798 ut
1703 743 1786 797 in-

185 837 502 909 telligamus
546 837 868 910 profundum
909 831 1103 891 herum
1150 836 1547 908 mysteriorum.
1584 832 1785 889 Deinde

181 937 254 987 ne
297 928 463 986 ﬁdem
507 945 613 984 non
660 928 896 996 habeas,
925 927 1049 983 vide
1078 927 1203 997 quid
1249 926 1539 997 subjungat
1570 943 1582 981 :
1615 927 1669 981 7.
1715 923 1782 979 Ut

180 1021 476 1079 ostenderet
505 1022 560 1076 in
586 1019 784 1075 strculis
810 1018 1271 1089 supervenientibus
1308 1019 1622 1072 abundantes
1649 1017 1782 1070 divi-

181 1116 282 1168 tias
315 1116 498 1187 gratia
534 1129 672 1179 sum,
697 1115 748 1167 in
779 1112 1000 1167 bonitate
1033 1129 1188 1178 super
1209 1127 1300 1166 nos
1328 1111 1604 1167 iuChristo
1633 1110 1778 1166 Jesu.

179 1205 321 1261 Nam
350 1206 602 1278 quoniam
635 1205 724 1260 illa
746 1203 880 1259 dixit
900 1202 969 1259 de
989 1201 1241 1267 Christo;
1269 1211 1388 1273 qna:
1415 1210 1593 1256 autem
1621 1201 1778 1268 dixit,

178 1297 250 1352 ad
281 1314 385 1355 nos
416 1298 551 1353 nihil
581 1308 776 1353 erant:
821 1312 944 1350 nam
988 1295 1116 1367 quid
1159 1294 1223 1348 ad
1255 1311 1352 1349 nos
1396 1294 1440 1348 si
1471 1294 1558 1348 ille
1605 1309 1782 1347 resne

177 1389 365 1447 rexit?
393 1389 633 1446 ostendit
656 1389 706 1442 id
731 1402 943 1458 quoque
965 1385 1030 1441 ad
1055 1401 1153 1440 nos
1185 1398 1470 1456 pertinere,
1491 1384 1534 1437 si
1563 1383 1778 1454 quidem

177 1485 228 1538 is
257 1483 422 1538 nobis
451 1493 537 1538 est
579 1481 792 1545 uultus;
821 1479 924 1534 nisi
948 1473 1090 1549 quod
1119 1482 1362 1532 seorsum
1410 1476 1538 1530 dicit
1564 1492 1684 1546 qua:
1711 1475 1777 1530 ad

177 1590 286 1630 nos
319 1573 598 1645 pertinent
627 1569 737 1642 {Et
768 1586 883 1624 cum
911 1585 1132 1623 essemus
1160 1568 1346 1620 mortui
1373 1567 1591 1637 peccatis
1611 1607 1626 1630 ,
1659 1583 1780 1619 con-

177 1665 504 1721 ‘restsscitavit
533 1673 578 1718 et
607 1659 874 1718 consedere
896 1661 1034 1730 fecit.
1086 1660 1469 1728 Quamobrem,
1533 1659 1670 1714 sicut
1698 1658 1778 1714 di-

176 1759 377 1813 ‘ccbam
399 1800 414 1824 ,
448 1756 554 1812 ttoli
586 1771 692 1810 non
723 1752 922 1809 habere
952 1751 1147 1817 ﬁdem,
1188 1761 1405 1821 accepta
1433 1750 1775 1806 demonstra-

178 1852 335 1905 tione
381 1857 440 1904 ct
484 1863 550 1904 ex
597 1845 863 1918 prioribus
909 1852 964 1900 ct
1009 1860 1073 1899 ex
1124 1845 1299 1914 capite
1327 1853 1382 1897 et
1413 1858 1478 1896 ex
1523 1857 1589 1896 eo
1635 1841 1776 1912 quod

176 1943 317 1998 Velit
347 1939 638 1996 ostendere
664 1955 816 1995 suam
857 1938 1168 1993 bonitatem.
1218 1934 1498 2003 Quomodo
1526 1934 1667 1988 enim
1691 1948 1779 1986 os-

176 2034 409 2099 tendet,
461 2035 507 2090 si
549 2033 652 2088 hoc
694 2049 799 2088 non
849 2019 1044 2086 factum
1092 2029 1291 2083 fuerit?
1338 2028 1402 2081 Et
1432 2027 1680 2080 ostendet
1723 2025 1776 2079 in

176 2126 406 2182 szec'ulis
459 2123 980 2196 supervenientibus.
1037 2121 1340 2189 Quidnam?
1387 2118 1538 2186 Quod
1584 2133 1775 2186 magna

177 2220 290 2274 sint
321 2219 465 2273 bona
491 2227 547 2272 et
574 2215 823 2271 omnibus
851 2213 1208 2269 credibilium.
1237 2210 1368 2265 Nam
1393 2223 1534 2264 nune
1559 2209 1774 2278 quidem

175 2318 304 2381 “qua:
333 2310 634 2374 dicuntur,
659 2306 946 2362 incredulis
975 2304 1224 2358 videntur
1261 2317 1381 2356 esse
1423 2316 1617 2371 nugas;
1652 2309 1778 2354 tunc

176 2407 363 2458 autem
413 2416 605 2456 omnes
654 2399 848 2454 scient.
899 2396 990 2451 Vis
1033 2394 1242 2450 discere
1297 2393 1456 2446 etiam
1505 2388 1777 2462 quomodo

176 2494 308 2549 fecit
336 2491 677 2549 consedere?
703 2487 840 2544 Audi
877 2488 1048 2557 ipsum
1078 2473 1350 2539 Christum
1395 2482 1661 2536 dicentem
1691 2479 1772 2534 di-

177 2587 413 2656 scipulis
447 2603 460 2638 :
489 2582 741 2640 Sedebitis
769 2597 920 2646 super
957 2577 1222 2632 duodecim
1261 2575 1405 2630 sedes
1425 2617 1440 2640 ,
1482 2573 1777 2645 judicantes

178 2677 459 2740 duodecim
500 2675 657 2729 tribus
720 2671 920 2732 Israel;
961 2679 1014 2725 et
1057 2683 1278 2733 rursus,
1316 2666 1506 2721 Sedere
1542 2673 1710 2716 autem
1745 2680 1777 2715 a

179 2775 408 2828 dea-teris
449 2771 574 2825 meis
617 2779 664 2823 et
691 2785 723 2820 a
762 2766 977 2821 si::istris
1002 2805 1018 2830 ,
1059 2781 1159 2818 non
1190 2774 1262 2817 est
1306 2777 1470 2814 meum
1506 2759 1628 2810 dare
1649 2797 1665 2822 ,
1687 2756 1776 2810 sed

176 2867 363 2934 quibus
395 2873 636 2934 paratum
662 2869 736 2914 est
764 2877 794 2912 a
821 2857 976 2911 Patre
1003 2873 1111 2909 meo
1133 2854 1354 2926 (Matth.
1378 2851 1467 2908 19.
1496 2852 1586 2905 98.
1616 2861 1662 2903 et
1682 2847 1773 2904 20.

175 2941 296 3029 23).
329 2958 431 3012 Est.
459 2956 635 3024 itaque
665 2959 929 3022 paratum.
974 2949 1039 3002 Et
1069 2959 1215 3001 reete
1244 2944 1408 3008 dicit,
1450 2941 1515 2996 In
1556 2941 1777 2996 bonitate

175 3065 335 3122 super
367 3053 466 3101 nos
501 3047 555 3100 in
599 3045 800 3099 Christo
839 3041 984 3096 Iesu.
1031 3039 1232 3096 Sedere
1271 3037 1414 3092 enim
1441 3051 1472 3090 a
1501 3034 1774 3100 dexteris,

174 3153 259 3198 est
306 3140 538 3195 honoris
581 3137 669 3208 qui
707 3151 924 3190 omnem
971 3139 1189 3204 superat
1235 3129 1518 3195 honorem,
1564 3132 1779 3197 etpost

174 3248 343 3304 quem
372 3240 488 3284 non
515 3234 640 3282 sunt
681 3227 809 3280 alia.
840 3224 952 3279 [loc
979 3238 1108 3294 ergo
1138 3222 1292 3286 dixit,
1309 3236 1406 3275 nos
1425 3235 1636 3290 quoque
1662 3233 1777 3272 ses-

174 3339 360 3378 surus.
398 3321 542 3375 Vere
567 3325 692 3374 sunt
717 3325 1102 3386 exsuperantes
1131 3313 1365 3380 divitiae,
1397 3327 1520 3367 vere
1547 3324 1777 3380 exsupe-

173 3432 308 3472 rans
353 3410 672 3484 magnitudo
714 3410 835 3481 ejus
879 3407 1125 3472 virtutis,
1161 3405 1349 3461 sedere
1384 3420 1506 3458 cttm
1533 3401 1772 3458 Christo.

172 3507 413 3564 Etiamsi
448 3505 595 3560 mille
622 3503 822 3558 habeas
847 3499 1076 3566 animas,
1102 3496 1512 3568 propteripsum
1540 3510 1634 3548 eas
1666 3508 1772 3548 non

173 3603 409 3674 perdis?
454 3615 575 3655 nam
625 3597 727 3653 etsi
771 3597 826 3651 in
874 3597 1049 3666 ignem
1096 3601 1240 3647 esset
1282 3587 1586 3644 intrandum
1613 3628 1630 3653 ,
1674 3602 1776 3641 att-

174 3713 288 3754 non
320 3703 602 3768 oporteret
645 3691 748 3747 hoc
802 3690 1048 3761 prompte
1099 3682 1402 3740 sustinere?
1449 3680 1617 3737 Porro
1661 3679 1778 3749 ipse

170 3803 402 3862 quoque
460 3800 648 3840 rursus
690 3783 856 3845 dicit,
910 3778 1044 3834 Volo
1095 3785 1152 3830 ut
1190 3775 1279 3829 ubi
1331 3788 1448 3828 sum
1497 3786 1628 3841 ego,
1675 3771 1776 3825 mi—

172 3881 340 3937 nistri
367 3892 586 3950 quoque
615 3875 718 3930 mei
762 3873 870 3928 sint
896 3869 1078 3941 (Joau.
1114 3867 1201 3922 19..
1234 3865 1352 3936 26).
1388 3864 1517 3919 Nam
1549 3863 1593 3918 si
1621 3877 1776 3932 opor-

174 3981 325 4028 teret.
348 3968 594 4042 quotidie
627 3963 882 4020 dissecari
905 4003 918 4026 ,
951 3977 1130 4016 annon
1168 3965 1444 4028 oporteret
1482 3955 1531 4008 id
1579 3964 1674 4022 pro
1712 3969 1778 4007 eo

173 4072 443 4136 prmupto
474 4070 528 4115 et
574 4059 735 4113 alacri
783 4056 964 4110 animo
1005 4053 1320 4122 suscipere?
1348 4048 1534 4119 Cogita
1567 4047 1655 4100 ubi
1688 4047 1777 4100 ille

173 4155 394 4212 sederit
428 4173 442 4206 :
472 4152 647 4221 Supra
671 4163 872 4202 onmem
898 4145 1241 4216 principatum
1268 4151 1315 4195 et
1342 4150 1661 4212 potestatem.
1708 4138 1779 4193 Et

173 4266 309 4305 curn
355 4261 467 4316 quo
512 4241 810 4299 consedes?
850 4239 984 4295 Cum
1037 4238 1148 4292 illo.
1191 4236 1446 4302 Quisnam
1490 4248 1613 4287 cum
1657 4232 1777 4286 sis?

175 4342 472 4400 Mortuus,
502 4344 687 4390 natura
737 4332 876 4386 ﬁlius
919 4330 1034 4384 irin.
1077 4328 1143 4382 Et
1167 4325 1481 4396 quid'recte
1518 4321 1779 4394 gessisti?

175 4430 360 4488 Nihil.
396 4428 537 4482 Vere
563 4441 690 4494 ergo
713 4432 798 4478 est
822 4429 1182 4492 opportunum
1210 4416 1514 4472 exclamare
1540 4433 1552 4469 :
1588 4413 1632 4468 Ο
1659 4411 1781 4466 alti-

176 4525 311 4578 tudo
329 4519 625 4576 divitiarum
640 4527 686 4570 et
699 4513 970 4585 sapientia:
982 4521 1027 4565 et
1043 4507 1346 4580 cognitionis
1366 4505 1464 4560 Dei
1484 4501 1659 4577 (Rom.
1685 4505 1742 4559 Η
1759 4544 1774 4559 .

177 4617 278 4685 55)
306 4616 323 4668 ε
359 4612 415 4668 8.
444 4608 624 4664 Gratia
648 4607 804 4669 enim,
829 4604 1022 4675 inquit,
1053 4602 1169 4656 estis
1198 4599 1402 4654 saluati.
1434 4597 1565 4651 Nam
1594 4611 1660 4650 ne
1688 4596 1781 4650 be-

176 4726 234 4763 ιιι
257 4706 512 4761 liciorum
561 4695 875 4768 magnitudo
913 4703 965 4749 te
995 4692 1246 4755 extollat,
1279 4689 1400 4745 vide
1428 4687 1698 4758 quomodo
1728 4697 1782 4740 te

173 4805 407 4854 coercet
427 4801 484 4848 et
502 4789 835 4859 comprimit:
857 4785 1035 4839 Gratia
1052 4785 1204 4843 enim.
1230 4781 1418 4851 inquit,
1438 4779 1554 4834 estis
1577 4779 1778 4834 saluati.

183 4887 292 4949 Per
326 4889 508 4959 ﬁdem.
552 4881 756 4938 Deinde
804 4894 993 4933 rursus
1039 4891 1107 4930 ne
1153 4875 1378 4930 liberum
1431 4873 1783 4944 perimeretur

177 4982 503 5039 arbitrium,
541 4974 716 5044 posuit
743 4971 904 5027 etiam
932 4984 1052 5039 qua:
1091 4975 1214 5021 sunt
1243 4975 1461 5030 nostra;
1497 4973 1552 5020 et
1597 4978 1782 5019 rursus

177 5078 369 5148 ipmm
398 5068 642 5131 sustulit,
671 5075 726 5120 et
748 5064 898 5128 dicit,
928 5060 994 5114 Et
1016 5060 1110 5114 hoc
1145 5075 1242 5112 non
1271 5073 1332 5111 ex
1361 5058 1520 5110 nobis.
1551 5052 1628 5110 Ne
1651 5055 1782 5110 fides

177 5170 407 5236 quidem
438 5205 454 5231 ,
484 5163 696 5232 inquit,
725 5166 811 5214 est
839 5172 904 5211 ex
932 5155 1088 5208 nobis
1116 5171 1130 5207 :
1159 5169 1282 5206 nam
1313 5151 1358 5205 si
1391 5167 1494 5204 non
1525 5151 1779 5214 venisset,

174 5263 228 5317 si
261 5276 374 5315 non
399 5261 670 5317 vocasset,
692 5248 962 5321 quomodo
985 5244 1344 5317 potuissemus
1363 5243 1619 5297 credere?
1639 5241 1784 5310 Quo-

178 5355 346 5409 modo
375 5352 546 5410 enim,
577 5346 768 5414 inquit,
795 5339 1020 5404 credent,
1054 5337 1151 5390 nisi
1178 5337 1464 5388 audiverim
1492 5335 1668 5402 (llam.
1690 5337 1783 5390 10.

183 5448 340 5518 is)?
369 5446 551 5514 Quare
583 5454 684 5496 nec
728 5438 847 5493 ﬁdei
872 5445 954 5490 est
985 5442 1251 5488 nostrum.
1297 5430 1390 5483 Dei
1412 5471 1429 5497 ,
1474 5430 1674 5500 inquit,
1713 5439 1786 5482 est

181 5536 509 5602 donum;9.
558 5549 661 5585 non
707 5546 771 5584 ex
807 5527 1066 5598 operibus.
1116 5523 1232 5579 Non
1258 5522 1404 5578 enim
1450 5521 1784 5588 suffecisset,

184 5630 391 5702 inquit,
421 5626 557 5682 ﬁdes
583 5623 651 5678 ad
678 5622 929 5678 salutem.
956 5618 1062 5675 Sed
1086 5633 1154 5673 ne
1185 5616 1337 5671 nobis
1358 5616 1541 5670 vacuis
1569 5625 1621 5669 et
1647 5616 1788 5670 otio-

182 5726 265 5779 sis
297 5723 394 5778 det
426 5719 678 5780 salutem,
715 5713 868 5779 Eam,
894 5712 1084 5782 inquit,
1120 5710 1262 5765 Deus
1291 5707 1590 5780 requisivit.
1621 5707 1786 5772 Dixit,

185 5811 341 5879 quod
381 5809 569 5867 salvos
621 5807 807 5866 fecerit
855 5806 1021 5874 ﬁdes,
1065 5803 1158 5862 sed
1187 5818 1282 5876 per
1309 5802 1475 5859 Deum
1505 5802 1788 5873 :quomant

1897 468 2036 524 Deus
2077 468 2287 533 voluit,
2340 472 2518 528 salvos
2567 473 2696 530 fecit
2742 474 2894 532 ﬁdes.
2945 478 3159 552 Alioqui
3209 492 3480 554 quomodo

1893 559 2069 614 salvos
2104 559 2229 614 facit
2277 559 2410 616 fides
2451 564 2654 634 abSquc
2684 568 2977 636 operibus?
3018 571 3130 628 l‘loc
3178 575 3350 645 ipsum
3395 591 3479 635 est

1897 649 1988 704 Dci
2038 648 2262 718 donum,
2298 651 2381 706 A'e
2409 654 2522 722 quis
2549 655 2794 725 glorietur
2813 700 2828 723 ,
2861 669 2916 713 ut
2945 676 3042 716 nos
3070 675 3252 733 gratos
3281 667 3479 724 efﬁciat

1892 741 2034 795 circa
2085 740 2335 811 gratiam.
2385 743 2524 810 Quid
2572 760 2739 816 ergo,
2797 749 3001 820 inquit,
3053 752 3325 823 prohibuit
3366 758 3480 828 ipse

1885 831 2169 902 jnstilieari
2220 850 2284 889 ex
2332 837 2624 906 ojieribus?
2666 839 3012 912 Nequaquam
3041 862 3054 898 :
3085 846 3178 902 sed
3211 887 3230 914 ,
3255 849 3470 916 Nullus,

1897 925 2102 993 inquit,
2145 923 2469 994 justiﬁeatus
2514 932 2597 984 est
2643 944 2710 984 ex
2750 933 3004 1002 operibus
3030 977 3046 1003 ,
3080 947 3137 991 ut
3163 941 3482 998 ostendatur

1891 1013 1982 1070 Dei
2014 1019 2181 1087 gratia
2210 1029 2264 1073 et
2291 1019 2614 1091 benignitas.
2637 1021 2754 1076 Non
2778 1025 2975 1094 repulit
3004 1026 3264 1086 habentes
3288 1048 3474 1102 opera,

1888 1108 1982 1163 sed
2011 1124 2137 1174 eos,
2166 1110 2254 1180 qui
2302 1120 2426 1166 sunt
2457 1114 2652 1184 proditi
2699 1115 2768 1169 ab
2797 1117 3052 1186 operibus
3077 1160 3093 1184 ,
3144 1121 3320 1178 salvos
3349 1123 3476 1178 fecit

1885 1200 2077 1269 gratia,
2109 1211 2164 1254 ut
2198 1203 2376 1257 nullus
2405 1203 2473 1259 de
2497 1218 2698 1260 caetero
2727 1209 2894 1276 possit
2920 1208 3161 1278 gloriari.
3399 1188 3406 1193 ί

1958 1293 2011 1348 5.
2046 1294 2252 1348 Deinde
2283 1311 2350 1352 ne
2373 1339 2388 1364 ,
2419 1313 2541 1352 cum
2574 1299 2808 1354 audieris
2829 1341 2844 1368 ,
2875 1302 3017 1370 quad
3059 1318 3165 1358 non
3193 1319 3260 1359 ex
3288 1308 3471 1376 operi-

1888 1383 2008 1449 bus,
2039 1387 2134 1442 sed
2170 1389 2272 1444 fide
2297 1400 2462 1444 totum
2491 1401 2697 1462 gestum
2727 1395 2816 1460 sit,
2847 1397 3054 1452 otiosus
3082 1415 3320 1468 maneas,
3355 1402 3477 1459 vide

1887 1477 2014 1544 quid
2030 1479 2394 1548 subjunxerit:
2418 1483 2503 1537 10.
2523 1482 2696 1554 Ipsius
2717 1488 2849 1538 enim
2876 1495 3049 1543 sumus
3069 1495 3288 1560 factura,
3320 1494 3476 1547 creati

1885 1567 1936 1620 in
1986 1567 2186 1625 Christo
2235 1571 2361 1627 Jcsu
2409 1575 2463 1628 in
2509 1577 2745 1646 operibus
2789 1578 2969 1646 bouis,
3015 1598 3128 1651 qua:
3166 1588 3476 1654 prwparavit

1890 1657 2024 1713 Deus
2072 1670 2126 1714 ut
2171 1663 2224 1716 in
2275 1665 2377 1718 illis
2420 1667 2753 1722 ambulemus.
2790 1670 2923 1723 Vide
2962 1673 3087 1741 qttid
3139 1675 3253 1745 ipse
3281 1677 3421 1732 dicat
3457 1697 3472 1736 :

1886 1754 2349 1820 regenerationem
2378 1756 2463 1811 hic
2493 1758 2817 1815 subindicat.
2842 1762 3047 1817 Revera
3075 1766 3179 1820 alia
3210 1777 3292 1822 est
3317 1783 3472 1823 crea-

1887 1841 1960 1895 tio
1990 1860 2002 1895 :
2038 1859 2104 1898 ex
2135 1845 2304 1902 nihilo
2330 1849 2576 1918 producti
2627 1855 2817 1908 sumus
2841 1855 2907 1908 ad
2959 1856 3061 1912 hoc
3099 1869 3157 1913 ut
3205 1877 3469 1918 essemus.

1883 1935 2035 2001 Ουυά
2068 1954 2283 1992 eramus
2328 1943 2474 2010 prius
2499 1985 2514 2010 ,
2546 1948 2740 2000 mortui
2787 1961 2972 2004 sumus
2993 1991 3009 2014 ,
3040 1952 3141 2007 hoc
3169 1964 3270 2019 est,
3305 1955 3470 2009 homo

1885 2033 2069 2093 vet‘us;
2102 2031 2241 2098 quod
2274 2032 2418 2100 prius
2447 2049 2550 2088 non
2582 2052 2818 2105 eramus,
2853 2039 2975 2094 facti
3016 2058 3222 2099 sumus.
3259 2041 3469 2102 lleCens

1883 2119 2009 2188 ergo
2052 2130 2135 2174 est
2179 2125 2380 2178 creatio
2412 2127 2589 2194 priore
2620 2130 2812 2185 melior
2849 2140 2904 2186 et
2940 2139 3317 2203 praestantior:
3343 2156 3466 2194 nam

1882 2226 1946 2264 ex
1978 2212 2067 2265 illa
2097 2214 2336 2282 quidem,
2363 2230 2420 2270 ut
2440 2219 2776 2288 viveremus;
2799 2238 2866 2278 ex
2897 2223 2995 2279 hac
3021 2240 3222 2295 autem,
3247 2238 3303 2283 ut
3331 2231 3468 2286 bene

1883 2295 2184 2352 viveremus
2208 2298 2457 2355 effectum
2490 2312 2593 2358 est.
2623 2303 2649 2357 Ι
2657 2321 2689 2358 ιι
2717 2307 2955 2375 operibus
2985 2309 3127 2363 bonis
3149 2353 3164 2376 ,
3195 2329 3309 2382 qua:
3334 2332 3472 2384 prcr-

1882 2392 2080 2458 pararit
2132 2389 2266 2446 Deus
2293 2403 2345 2446 ut
2393 2395 2447 2448 in
2493 2397 2556 2450 iis
2600 2397 2949 2466 ambulemus;
2983 2417 3108 2466 non,
3140 2403 3213 2459 Ut
3243 2407 3467 2477 incipia-

1882 2488 2003 2534 tnbs
2024 2522 2039 2546 ,
2071 2482 2164 2536 sed
2191 2524 2206 2548 ,
2238 2483 2306 2538 Ut
2347 2486 2660 2542 ambulemus
2683 2505 2702 2542 :
2725 2501 2980 2560 perpetua
3007 2495 3149 2548 enim
3171 2497 3332 2552 nobis
3360 2500 3470 2552 vir-

1884 2578 1996 2624 tute
2012 2587 2146 2641 opus
2164 2583 2264 2640 est,
2291 2584 2349 2630 et
2367 2584 2588 2630 extensa
2617 2593 2787 2649 usque
2805 2580 2872 2635 ad
2893 2593 3132 2639 nostrum
3155 2586 3462 2644 decessum.

1879 2659 2064 2732 Neque
2089 2664 2267 2732 enim,
2311 2666 2355 2720 si
2386 2677 2532 2722 esset
2572 2669 2980 2739 ingrediendum
3011 2675 3093 2729 via
3123 2693 3242 2746 quae
3269 2677 3372 2734 fert
3399 2685 3464 2734 ad

1882 2757 2069 2810 urbem
2112 2759 2352 2828 regiam,
2393 2760 2592 2817 deinde
2635 2779 2756 2818 cum
2807 2766 3066 2834 majorem
3099 2772 3215 2839 ejus
3259 2784 3466 2842 partem

1881 2850 2339 2920 coniecisscmus,
2389 2854 2531 2909 circa
2577 2856 2751 2926 ipsum
2782 2858 2942 2914 linem
2974 2860 3148 2930 ignavi
3175 2873 3230 2917 et
3278 2867 3468 2932 molles

1881 2940 2076 2995 redditi
2123 2942 2490 3012 scdissemus,
2523 2947 2678 3002 nobis
2725 2947 3018 3018 profuisset
3064 2953 3359 3024 ingressus.
3394 2959 3464 3012 lia

1882 3047 1983 3086 nee
2023 3047 2146 3104 spes
2175 3036 2472 3090 vocationis
2503 3036 2792 3108 quidquam
2822 3039 3150 3109 profuisset,
3182 3060 3294 3099 rem
3323 3045 3468 3102 illam

1883 3125 2317 3194 possidentibus,
2367 3127 2471 3182 nisi
2501 3127 2660 3199 digne
2689 3130 2754 3184 ad
2785 3147 2970 3186 vocem
3000 3136 3325 3204 appellantis
3351 3155 3468 3195 am-

1883 3213 2271 3272 bulaverimus.
2310 3218 2494 3274 Vocati
2519 3237 2648 3292 ergo
2696 3222 2748 3278 in
2774 3225 3028 3294 operibus
3057 3227 3246 3294 bonis,
3281 3246 3466 3300 perse—

1881 3322 2152 3377 veremus,
2176 3310 2355 3364 onmia
2382 3323 2686 3380 operantes.
2715 3311 3011 3386 Propterea
3053 3319 3194 3373 enim
3217 3322 3471 3390 appellati

1881 3413 2068 3471 sumus
2092 3440 2106 3464 ,
2135 3415 2241 3454 non
2277 3411 2333 3455 ut
2361 3419 2521 3457 unum
2547 3403 2828 3461 dumtaxat
2857 3422 2992 3478 opus
3021 3423 3339 3479 Operetnur,
3370 3415 3464 3468 sed

1886 3497 1943 3542 ut
1969 3489 2174 3543 omnia.
2202 3489 2352 3546 Sicut
2379 3493 2525 3546 enim
2553 3495 2708 3549 nobis
2733 3507 2859 3550 sunt
2882 3499 3118 3570 quinque
3147 3516 3338 3558 sensus
3361 3544 3376 3566 ,
3415 3515 3472 3559 et

1881 3573 2132 3636 omnibus
2158 3582 2223 3636 ad
2254 3583 2303 3636 id
2336 3584 2477 3653 quod
2504 3594 2715 3654 oportet
2757 3588 3010 3643 utendum
3055 3602 3165 3657 est,
3212 3594 3280 3647 ita
3307 3597 3467 3649 etiam

1882 3674 2136 3729 omnibus
2163 3676 2476 3732 virtutibus.
2527 3677 2584 3733 Si
2624 3679 2746 3748 quis
2785 3690 2966 3735 autem
3010 3683 3084 3737 sit
3125 3694 3470 3756 temperans,

1882 3766 1977 3821 sed
1997 3767 2399 3832 immisericors,
2417 3777 2516 3823 ‘aut
2541 3769 2849 3824 misericors
2870 3772 3106 3842 quidem,
3131 3776 3225 3830 sed
3256 3791 3470 3844 avarus,

1883 3868 1976 3911 aut
2001 3859 2068 3912 ab
2097 3859 2288 3913 alienis
2316 3860 2531 3930 quidem
2560 3861 2851 3930 abstineat,
2881 3864 2975 3919 sed
2999 3864 3066 3919 de
3093 3867 3205 3921 suis
3237 3885 3339 3922 non
3369 3870 3471 3924 imo
3515 3857 3523 3864 ’

1886 3952 2098 4020 pertiat,
2134 3953 2329 4007 frustra
2362 3953 2498 4008 ﬁunt
2536 3953 2736 4010 omnia.
2779 3955 2895 4010 Non
2953 3959 3094 4012 enim
3132 3959 3329 4014 sufﬁcit
3369 3979 3474 4016 una

1884 4045 2052 4099 virtus
2075 4086 2091 4112 ,
2135 4055 2192 4100 ut
2237 4061 2356 4101 cum
2387 4045 2575 4101 ﬁducia
2604 4049 2856 4103 sistamur
2882 4049 2947 4103 ad
2976 4050 3211 4104 tribunal
3250 4051 3472 4119 Christi,

1884 4135 1976 4191 sed
2036 4136 2240 4202 multa,
2293 4138 2438 4192 varia
2483 4148 2538 4194 et
2596 4139 2772 4192 onmis
2820 4142 3032 4210 generis
3062 4183 3077 4206 ,
3123 4152 3286 4213 atque
3337 4145 3474 4200 adio

1883 4227 2031 4281 omni
2086 4229 2283 4283 virtute
2332 4239 2416 4284 cst
2467 4245 2624 4299 opus.
2677 4228 2816 4284 Audi
2874 4232 3017 4286 enim
3068 4233 3338 4289 Christum
3389 4239 3473 4291 di-

1884 4328 2097 4374 centem
2141 4320 2459 4388 discipulis:
2491 4319 2681 4375 Euutes
2725 4322 2896 4376 docete
2941 4339 3114 4378 omnes
3153 4336 3347 4395 gentes,
3379 4329 3480 4382 do-

1883 4418 2049 4463 centes
2077 4426 2161 4463 eos
2185 4425 2384 4464 servare
2403 4411 2573 4463 omnia
2593 4427 2707 4480 qua:
2731 4412 2966 4467 mandavi
2996 4416 3152 4478 vobis,
3176 4427 3231 4472 et
3259 4433 3479 4487 rursus,

1887 4503 1949 4558 Si
1975 4504 2091 4574 quis
2115 4505 2318 4558 solverit
2349 4521 2506 4558 unum
2533 4522 2596 4560 ea:
2621 4508 2876 4563 mandatis
2904 4510 3016 4566 istis
3046 4514 3287 4578 minimis,
3319 4515 3474 4568 mini.

1885 4614 1998 4650 mus
2021 4597 2280 4651 vocabitur
2306 4599 2358 4651 in
2387 4613 2543 4670 regno
2571 4601 2809 4655 ctelorum
2837 4606 2855 4673 (
2878 4602 3069 4660 Matth.
3096 4607 3189 4662 28.
3222 4608 3307 4663 l9.
3341 4621 3390 4662 et
3415 4612 3472 4666 5.

1888 4689 1978 4762 l9)
2008 4707 2020 4743 :
2053 4690 2154 4744 hoc
2195 4699 2314 4756 est,
2361 4691 2413 4745 in
2447 4695 2863 4750 resnn'ectione.
2907 4696 3024 4752 Non
3055 4699 3198 4754 cnim
3254 4700 3479 4755 intrabit

1889 4785 1940 4839 in
1968 4801 2189 4856 regnum
2223 4801 2383 4838 :nam
2414 4785 2586 4856 ipsum
2624 4803 2837 4858 quoque
2868 4799 3080 4860 tempus
3123 4793 3480 4848 resurre‘ctim

1889 4877 1974 4932 nis
2003 4892 2224 4946 regnum
2258 4892 2451 4932 \‘0carc
2478 4880 2634 4932 solet.
2682 4879 2743 4934 Si
2773 4897 2926 4933 unum
2953 4923 2968 4947 ,
3000 4883 3206 4952 inquit,
3236 4885 3482 4952 solverit,-

1890 4972 2126 5025 minimns
2143 4971 2779 5038 vocabitur.Quamobrem
2797 4974 2949 5027 nobis
2962 4991 3095 5044 opus
3110 4985 3192 5030 est
3207 4977 3474 5031 omnibus.

1963 5063 2091 5117 Sine
2110 5061 2426 5132 eleemosyna
2447 5079 2547 5116 non
2577 5065 2795 5118 intratur
2816 5066 2870 5120 in
2889 5083 3097 5138 regnum
3127 5069 3384 5122 calorum.
3407 5097 3479 5110 —--

1899 5153 2026 5210 Vide
2053 5163 2230 5208 autem
2256 5153 2527 5224 quomodo
2557 5170 2663 5210 non
2707 5156 2825 5211 sine
2853 5157 3198 5229 clcemosyna
3241 5161 3366 5214 licet
3393 5160 3478 5213 in-

1894 5256 2071 5312 trarc,
2117 5246 2213 5300 sed
2254 5247 2298 5300 si
2342 5247 2453 5316 ipsa
2493 5247 2608 5302 sola
2651 5246 2838 5316 desit,
2868 5249 3136 5305 abibitntts
3174 5252 3224 5304 in
3275 5252 3476 5319 ignem.

1894 5339 2056 5400 Abite,
2102 5336 2299 5406 inquit,
2335 5336 2590 5390 maledicti
2616 5379 2632 5404 ,
2659 5339 2712 5392 in
2740 5340 2904 5409 ignem
2933 5351 3174 5395 internum
3197 5381 3216 5407 ,
3245 5355 3482 5411 paratam

1893 5430 2096 5483 diabolo
2119 5439 2164 5483 et
2193 5430 2389 5499 angelis
2413 5430 2543 5500 ejus.
2568 5430 2676 5485 Cur
2700 5443 2754 5486 et
2781 5448 3009 5501 quanam
3028 5434 3096 5487 de
3117 5435 3315 5487 causa?
3341 5434 3480 5500 Quo-

1895 5523 2034 5576 niam
2059 5523 2233 5587 esurii,
2262 5532 2307 5575 et
2337 5539 2436 5576 non
2465 5523 2676 5577 dedistis
2706 5526 2830 5578 mihi
2854 5526 2990 5592 quod
3021 5526 3330 5578 comederem
3356 5543 3376 5579 .'
3400 5527 3478 5577 si-

1895 5619 2013 5683 tivi,
2048 5627 2094 5672 et
2123 5635 2223 5671 non
2267 5617 2474 5672 dedistis
2511 5619 2633 5672 mihi
2661 5629 2834 5690 potum
2869 5618 3082 5690 (Matth.
3126 5617 3217 5675 9.5.
3243 5619 3333 5674 4-1.
3365 5620 3480 5687 42).

1899 5710 2088 5767 Vidisti
2137 5710 2408 5781 quomodo
2453 5713 2651 5766 nullius
2694 5712 2916 5767 alterius
2945 5713 3222 5779 accusati,
3263 5723 3484 5782 propter

1900 5801 2004 5860 hoc
2032 5804 2545 5875 soluunpericrunt?
2575 5803 2643 5859 Et
2671 5803 2901 5873 virgines
2941 5814 3158 5876 propter
3184 5802 3493 5884 boc'solum
