4002 6504
624 403 695 461 55
1323 394 1380 452 S.
1416 385 1695 450 JOANNIS
1729 383 2197 447 CllRYSOSTOlll
2238 382 2552 443 ARClllEP.
2590 381 3124 445 CONSTANTINOP.
3853 382 3932 446 3U

624 517 813 589 ejectte
854 523 980 572 sunt
1006 528 1038 569 e
1082 510 1347 575 thalamo,
1376 509 1503 564 licet
1544 507 1808 561 haberent
1856 504 2205 571 castitatem;

627 608 723 663 sed
765 607 888 677 quia
918 606 1273 674 eleemosynre
1303 613 1485 653 vacuae
1511 608 1696 662 erant,
1728 613 1850 652 cum
1894 610 2095 666 sponso
2136 595 2217 649 in-

628 710 827 767 gressa:
853 710 959 748 non
982 700 1127 747 sunt.
1159 686 1383 753 Pacem,
1414 688 1584 759 inquit
1607 729 1620 751 ,
1649 704 1764 741 cum
1791 687 2022 739 omnibus
2049 700 2217 753 perse-

627 786 857 857 quimini,
885 794 932 839 et
958 782 1367 847 sanctimoniam,
1399 781 1507 834 sine
1526 796 1627 849 qua
1653 794 1797 832 nemo
1824 776 2007 830 videbit
2038 775 2218 830 Domi-

628 894 752 931 num
793 874 977 945 (Hebr.
1008 873 1096 928 l2.
1133 874 1243 942 14).
1276 871 1464 942 Cogita
1492 886 1621 941 ergo
1660 868 1802 940 quod
1828 869 1943 923 sine
1970 869 2216 923 castitate

627 967 842 1038 quidem
874 980 981 1019 non
1026 964 1153 1019 licet
1202 964 1369 1017 Deum
1402 961 1620 1027 videre;
1652 976 1757 1016 non
1789 962 2010 1015 omnino
2036 966 2215 1013 autem

626 1072 749 1112 cum
796 1055 1042 1110 castitate
1090 1063 1267 1123 potest
1318 1047 1489 1107 videri
1522 1066 1537 1104 :
1568 1067 1711 1121 saepe
1748 1053 1891 1106 enim
1941 1048 2083 1104 aliud
2113 1050 2214 1103 im-

628 1147 799 1218 pedit.
849 1147 1056 1201 Rursus
1084 1144 1130 1199 si
1175 1145 1353 1198 omnia
1384 1154 1533 1199 recte
1573 1144 1931 1209 gesserimus,
1974 1142 2215 1212 proximo

626 1248 808 1294 autem
827 1237 956 1293 nihil
976 1236 1351 1308 proluerimus,
1372 1250 1471 1290 nec
1492 1234 1569 1289 sic
1591 1234 1907 1288 intrabimus
1924 1233 1974 1288 in
1994 1244 2214 1303 regnum

629 1329 771 1399 (Jac.
802 1330 857 1384 2.
898 1328 1009 1397 10).
1047 1327 1322 1383 Undenam
1369 1326 1471 1381 hoc
1495 1326 1744 1379 constat?
1776 1324 1853 1378 Ex
1891 1325 2061 1379 servis
2099 1325 2217 1394 qui-

628 1422 730 1476 bus
769 1420 969 1476 credita
1018 1419 1233 1472 fuerunt
1278 1418 1473 1473 talenta
1516 1416 1727 1488 (Matth.
1772 1415 1889 1485 25).
1932 1414 2062 1470 Nam
2109 1411 2217 1469 illic

628 1515 798 1569 virtus
822 1512 996 1568 omnis
1023 1521 1141 1565 erat
1178 1512 1381 1578 integra
1422 1518 1476 1564 et
1500 1510 1707 1564 sincera
1733 1550 1748 1574 ,
1783 1519 1837 1563 et
1883 1507 2013 1561 nihil
2045 1507 2217 1561 fuerat

628 1604 1084 1676 praetermissum;
1116 1601 1211 1655 sed
1238 1601 1490 1670 quoniam
1521 1600 1671 1668 piger
1698 1598 1797 1651 fuit
1822 1598 1874 1651 in
1903 1597 2219 1668 negotiatio-

629 1714 698 1753 ne
722 1738 738 1764 ,
763 1696 956 1752 merito
983 1694 1082 1749 fuit
1112 1692 1335 1763 ejectus.
1368 1691 1649 1747 Deturbari
1678 1691 1838 1746 etiam
1870 1699 2048 1761 potest
2071 1690 2218 1760 quis-

630 1790 773 1859 piam
796 1788 847 1841 in
877 1785 1270 1858 geltennamex
1296 1783 1414 1837 solo
1442 1782 1723 1836 maledicto
1752 1797 1767 1837 :
1802 1796 1922 1835 nam
1954 1780 2041 1851 qui
2068 1781 2212 1845 dicit,

629 1882 820 1950 inquit,
850 1878 1000 1949 fratri
1027 1892 1118 1932 suo
1141 1917 1157 1943 ,
1186 1877 1337 1930 stulte
1359 1917 1373 1942 ,
1404 1874 1650 1930 obnoxius
1679 1876 1773 1929 erit
1801 1877 2043 1946 gehennae
2085 1874 2217 1945 ignis

630 1972 850 2044 (Matth.
880 1971 934 2026 5.
971 1970 1088 2040 22).
1138 1968 1363 2024 Etiamsi
1394 1969 1514 2038 quis
1555 1968 1734 2023 omnia
1775 1980 1921 2022 recte
1948 1968 2214 2038 gesserit,

629 2067 702 2121 sit
727 2075 905 2120 autem
929 2062 1349 2118 contumeliosus
1368 2104 1383 2129 ,
1415 2077 1520 2115 non
1558 2061 1795 2114 intrabit.
1827 2059 1936 2114 Nec
1955 2060 2217 2133 quispiam

632 2157 799 2211 Deum
828 2164 1041 2209 accuset
1071 2152 1425 2218 crudelitatis,
1455 2153 1497 2205 si
1531 2167 1645 2216 eos,
1675 2151 1763 2221 qui
1795 2152 1873 2205 sic
1896 2152 2025 2221 lapsi
2055 2160 2215 2217 sunt,

630 2247 851 2319 expellit
878 2262 947 2301 ex
991 2260 1156 2316 regno
1194 2245 1471 2299 caelorum.
1516 2242 1647 2297 Nam
1692 2244 1737 2297 si
1781 2242 1921 2312 apud
1972 2241 2219 2297 homines

630 2342 895 2413 quispiam
925 2339 1217 2411 quidquam
1250 2337 1435 2392 fecerit
1465 2336 1703 2407 iniquum
1740 2345 1794 2390 et
1824 2344 2020 2405 praeter
2049 2335 2217 2405 leges,

632 2435 950 2491 amandatur
992 2448 1021 2486 a
1066 2439 1357 2501 conspectu
1395 2430 1538 2499 regis
1558 2471 1573 2495 ,
1602 2430 1702 2483 etsi
1732 2443 1894 2483 unam
1924 2443 1991 2483 ex
2014 2429 2218 2484 consti-

637 2528 768 2582 tutis
798 2524 1008 2595 legibus
1034 2522 1104 2577 sit
1144 2532 1547 2591 transgressus;
1577 2529 1631 2574 et
1660 2520 1705 2575 si
1745 2533 2007 2575 accusans
2031 2520 2103 2575 sit
2125 2534 2219 2575 ca-

633 2616 921 2671 lumniatus
952 2654 969 2681 ,
1021 2611 1197 2682 perdit
1250 2612 1617 2682 magistratum
1655 2627 1670 2676 ;
1703 2620 1760 2667 et
1807 2611 1853 2667 si
1897 2610 2219 2667 adulterinum

632 2707 970 2763 commiserit
1016 2714 1073 2761 et
1119 2706 1191 2760 sit
1239 2705 1562 2770 convictus,
1616 2703 1860 2760 redditur
1907 2702 2157 2775 indignus
2203 2721 2218 2757 :

633 2800 880 2871 quamvis
920 2798 1332 2853 innumerabilia
1382 2808 1530 2852 recte
1575 2798 1839 2867 gesserit,
1881 2798 2053 2867 perit;
2082 2806 2139 2853 et
2175 2798 2222 2851 si

635 2892 840 2948 caadem
871 2890 1060 2945 iecerit
1081 2931 1096 2955 ,
1126 2898 1181 2943 et
1210 2888 1494 2958 probatum
1539 2886 1702 2942 fuerit
1721 2929 1736 2953 ,
1769 2887 1872 2942 hoc
1900 2903 2116 2957 quoque
2152 2888 2221 2942 ad

638 2998 764 3038 eum
810 2979 1145 3052 perdendum
1195 2977 1415 3034 sufﬁcit.
1474 2977 1531 3033 Si
1579 2978 1853 3032 hominum
1899 2977 2046 3048 leges
2087 2977 2223 3033 adeo

635 3083 825 3130 exacte
868 3080 1187 3133 servantur,
1228 3079 1430 3140 quanto
1471 3068 1642 3138 magis
1682 3069 1828 3138 leges
1855 3069 1990 3123 Dei?
2033 3070 2104 3123 At
2140 3078 2225 3124 est

637 3167 815 3222 bonus
836 3207 850 3229 ,
879 3163 1072 3234 inquit.
1100 3163 1388 3232 Quousque
1409 3161 1525 3215 haec
1556 3161 1717 3215 stulta
1744 3160 2024 3217 dicemus?
2049 3160 2221 3217 Stulta

638 3272 818 3314 autem
864 3257 1014 3322 dixi,
1067 3271 1173 3309 non
1219 3253 1362 3325 quod
1411 3268 1519 3309 non
1564 3253 1635 3309 sit
1680 3252 1885 3318 bonus,
1938 3253 2034 3308 sed
2081 3254 2223 3325 quod

639 3350 1013 3419 existimemus
1053 3347 1171 3418 ejus
1214 3347 1507 3401 bonitatem
1535 3346 1601 3400 ad
1630 3344 1746 3399 haec
1787 3344 1942 3400 nobis
1971 3360 2091 3401 esse
2117 3346 2222 3399 uti-

639 3444 778 3509 lem,
820 3442 919 3497 etsi
962 3438 1372 3495 innumerabilia
1404 3438 1583 3493 dehis
1611 3452 1753 3508 saepe
1784 3438 2223 3493 disseruerimus.

639 3532 779 3589 Audi
805 3533 949 3588 enim
975 3530 1305 3601 Scripturam
1329 3529 1596 3584 dicentem
1626 3546 1638 3581 :
1673 3528 1753 3583 Ne
1773 3529 1985 3596 dixeris,
2017 3526 2227 3582 Misera-

643 3626 713 3679 tio
754 3626 864 3695 ejus
904 3632 977 3677 est
1031 3621 1230 3686 multa,
1274 3619 1590 3673 multitudini
1634 3629 1954 3690 peccatorum
2000 3635 2223 3673 meorum

642 3714 1001 3784 prapitiabitur
1047 3710 1238 3782 (Eccli.
1270 3710 1325 3766 5.
1357 3709 1437 3781 6).
1479 3708 1594 3765 Non
1640 3710 1887 3780 prohibet
1920 3724 2018 3765 nos
2046 3710 2229 3766 dicere

644 3805 868 3859 multam
911 3818 1036 3858 esse
1078 3805 1198 3871 ejus
1247 3802 1652 3857 miserationem
1689 3820 1704 3868 ;
1750 3802 1923 3870 absit;
1973 3819 2080 3858 non
2126 3802 2230 3859 hoc

642 3893 834 3949 suadet
858 3935 875 3960 ,
906 3892 1000 3947 sed
1027 3902 1082 3948 et
1109 3907 1210 3946 nos
1241 3891 1353 3946 vult
1378 3891 1483 3946 hoc
1510 3893 1730 3948 assidue
1755 3893 1940 3950 dicere
1966 3935 1982 3961 ,
2015 3905 2068 3949 et
2100 3908 2229 3965 pro-

645 3997 827 4056 pterea
878 3986 1058 4040 omnia
1104 3994 1286 4041 movet
1330 3984 1566 4051 Paulus;
1613 3985 1708 4041 sed
1740 3998 1959 4057 pr0pter
2005 4003 2069 4041 ea
2111 4003 2231 4058 qua:

642 4079 897 4147 deinceps
925 4087 1250 4148 sequuntur.
1282 4077 1361 4132 Ne
1392 4076 1515 4132 ideo
1539 4118 1555 4143 ,
1588 4078 1796 4148 inquit,
1825 4077 2108 4134 admireris
2136 4081 2231 4135 Dei

644 4168 1026 4237 benignitatem
1075 4176 1133 4220 ut
1161 4181 1379 4236 pecces,
1409 4177 1464 4221 et
1489 4167 1641 4221 dicas
1664 4208 1678 4232 ,
1716 4166 2073 4222 Misericordia
2118 4170 2229 4239 eius

646 4258 962 4314 multitudini
992 4268 1313 4329 peccatorum
1338 4274 1563 4312 meorum
1598 4260 1979 4329 propitiabitur.

718 4354 775 4408 4.
814 4352 939 4407 Ideo
968 4353 1112 4408 enim
1158 4360 1267 4407 tam
1298 4351 1465 4406 multa
1497 4350 1811 4407 disserimus
1855 4352 1923 4407 de
1950 4353 2186 4410 bonitate
2214 4396 2231 4423 ,

646 4462 754 4501 non
782 4455 838 4499 ut
866 4445 915 4501 ei
944 4443 1277 4500 conﬁdentes
1303 4458 1522 4515 agamus
1549 4445 1728 4499 omnia
1754 4462 1769 4512 ;
1797 4445 1993 4515 alioqui
2026 4447 2237 4505 bonitas

644 4538 749 4591 erit
786 4536 851 4589 ad
894 4544 1092 4590 nostra:
1138 4536 1328 4590 salutis
1355 4535 1613 4600 exitium;
1649 4536 1743 4591 scd
1788 4552 1855 4591 ne
1885 4537 2237 4608 desperemus

648 4630 703 4681 in
731 4628 961 4698 peccatis
980 4669 995 4691 ,
1028 4643 1214 4683 verum
1244 4643 1466 4698 agamus
1494 4630 1887 4697 ptenitentiam.
1919 4630 2235 4701 Benignitas

648 4722 792 4777 enim
824 4720 919 4775 Del
951 4730 1004 4775 te
1032 4720 1181 4775 ducit
1204 4720 1270 4773 ad
1302 4720 1711 4790 paenitentiam,
1743 4736 1849 4775 non
1877 4721 1946 4776 ad
1976 4722 2127 4793 plura
2159 4724 2239 4778 vi-

650 4814 743 4867 tia.
771 4811 827 4867 Si
857 4820 1039 4867 autem
1076 4810 1250 4866 malus
1288 4818 1343 4867 et
1384 4811 1678 4867 sceleratus
1706 4814 1799 4867 lias
1827 4823 2045 4884 propter
2089 4816 2212 4871 beui

649 4906 940 4974 gnitatem,
971 4914 1028 4958 tu
1056 4919 1181 4960 eum
1225 4903 1397 4975 magis
1425 4905 1477 4959 in
1524 4904 1707 4960 odium
1742 4903 1904 4961 vocas
1933 4918 1987 4963 et
2014 4923 2240 4965 accusas

649 4992 789 5064 apud
816 4994 1099 5050 homines:
1124 4996 1321 5050 multos
1346 4995 1491 5051 enim
1524 4996 1767 5053 videmus
1794 5010 2115 5055 accusantes
2145 5001 2239 5057 Dei

653 5085 952 5140 lenitatem.
978 5084 1341 5152 Quamobrem
1363 5085 1513 5141 dabis
1542 5102 1749 5156 pinnas,
1779 5089 1824 5143 si
1846 5104 1908 5144 ea
1935 5105 2041 5145 non
2076 5094 2241 5147 utaris

654 5186 711 5230 ut
734 5184 969 5248 oportet.
1001 5177 1142 5231 Deus
1170 5184 1255 5231 est
1282 5176 1546 5246 benignus
1565 5178 1591 5232 ?
1623 5177 1718 5233 sed
1759 5189 1842 5234 est
1874 5180 2037 5234 etiam
2062 5180 2243 5250 justus

650 5266 837 5339 iudex.
859 5267 1141 5323 Condonat
1166 5268 1424 5337 peccata?
1444 5268 1539 5323 sed
1569 5268 1731 5323 etiam
1754 5270 1931 5325 reddit
1952 5271 2238 5341 unicuique

656 5358 953 5414 secundum
984 5372 1147 5427 opera
1189 5374 1307 5412 sua.
1350 5358 1605 5414 Transilit
1647 5360 1954 5430 iniquitates
1978 5403 1993 5427 ,
2025 5373 2079 5416 et
2105 5364 2241 5417 tollit

656 5448 921 5519 peccata?
967 5448 1063 5503 sed
1105 5464 1166 5505 ea
1209 5465 1423 5519 quoque
1452 5451 1741 5506 examinat.
1789 5452 2069 5519 Quomodo
2111 5470 2240 5525 ergo

661 5554 767 5593 non
790 5548 912 5593 sunt
936 5540 1053 5596 inec
1073 5542 1381 5596 contraria?
1410 5540 1526 5596 Non
1557 5553 1684 5609 sunt
1712 5545 2003 5609 contraria,
2037 5546 2081 5599 si
2109 5555 2243 5600 tem-

662 5633 882 5700 poribus
908 5648 970 5687 ea
998 5632 1341 5689 diviserimus
1384 5654 1397 5688 :
1430 5634 1568 5687 tollit
1598 5633 1683 5687 hic
1712 5645 1929 5703 peccata
1963 5651 2059 5703 per
2088 5636 2238 5691 lava-

661 5734 813 5776 crum
831 5733 883 5777 et
909 5725 1281 5795 ptenitontiam
1308 5741 1322 5790 ;
1351 5723 1489 5778 facta
1517 5723 1625 5777 illic
1646 5724 1917 5779 examinat
1944 5740 2041 5795 per
2065 5727 2240 5797 ignem

664 5821 719 5867 ει
763 5822 1045 5877 tormenta.
1079 5816 1137 5873 Si
1164 5830 1294 5888 ergo
1317 5857 1332 5887 ,
1374 5814 1586 5889 inquies
1614 5858 1627 5885 ,
1659 5829 1781 5870 cum
1809 5825 1863 5872 et
1890 5817 2030 5871 mala
2058 5818 2240 5875 fecero

2326 517 2492 573 paucn
2514 543 2530 567 ,
2560 512 2779 573 propter
2820 520 2982 558 unum
3024 504 3210 573 ejiciar
3234 546 3249 569 ,
3277 515 3333 560 et
3369 522 3398 560 a
3430 522 3595 578 regno
3621 507 3880 563 excidam
3906 549 3925 574 ,

2322 606 2422 648 cur
2450 595 2589 648 mala
2612 600 2792 650 omnia
2814 612 2919 650 non
2946 598 3183 665 operor?
3211 596 3405 667 Ingrati
3428 600 3573 656 servi
3595 610 3677 655 est
3697 602 3927 659 oratio:

2324 686 2419 741 sed
2455 694 2633 742 tamen
2662 687 2799 743 hanc
2827 703 3042 758 quoque
3085 687 3443 744 dissolvetnus
3483 692 3812 746 orationem.
3845 690 3928 746 Ne

2324 775 2465 833 mala
2492 774 2737 853 Opereris
2760 820 2775 845 ,
2811 788 2869 834 ut
2915 774 3009 833 tibi
3040 780 3215 849 prosis
3241 798 3255 837 :
3289 796 3413 835 nam
3437 797 3464 835 a
3492 796 3660 853 regno
3689 782 3925 854 quidem

2324 886 2513 927 omnes
2554 871 2803 928 similiter
2839 872 3188 939 excidemus;
3220 874 3272 928 in
3302 872 3546 944 gehenna
3593 886 3777 930 autem
3810 890 3924 930 non

2323 960 2538 1021 easdem
2569 980 2753 1036 ptenas
2780 967 3025 1023 dabimus
3054 984 3243 1025 omnes
3272 1012 3285 1035 ,
3314 971 3409 1026 sed
3442 966 3529 1027 hic
3557 968 3777 1042 quidem
3805 990 3925 1027 ma-

2318 1054 2467 1125 jores
2489 1098 2504 1120 ,
2549 1058 2639 1112 ille
2682 1071 2810 1113 vero
2854 1060 3119 1114 mitiores.
3152 1053 3284 1114 Nam
3317 1062 3361 1115 si
3392 1072 3446 1116 tu
3487 1063 3705 1132 quidem
3732 1074 3794 1118 et
3828 1060 3924 1119 ille

2323 1141 2681 1219 despexeritis
2704 1191 2719 1213 ,
2753 1156 2807 1205 et
2836 1150 2927 1220 qui
2960 1150 3011 1205 in
3043 1152 3225 1206 multis
3252 1158 3307 1206 et
3335 1153 3427 1221 qui
3468 1148 3525 1206 in
3554 1154 3737 1222 paucis
3784 1169 3921 1223 pec-

2322 1248 2407 1294 cat
2431 1280 2446 1306 ,
2479 1236 2727 1296 similiter
2754 1257 2784 1296 e
2812 1253 2980 1312 regno
3005 1238 3273 1297 excidetis
3300 1261 3313 1297 :
3342 1244 3386 1297 si
3414 1253 3590 1298 autem
3617 1258 3723 1298 nou
3754 1239 3923 1299 simi?

2324 1330 2447 1385 liter
2495 1329 2894 1401 despexeritis,
2939 1325 3036 1387 sed
3081 1333 3218 1388 alius
3264 1329 3481 1403 quidem
3522 1332 3723 1404 magis,
3776 1334 3921 1389 alius

2328 1437 2454 1475 vero
2482 1421 2687 1483 minus,
2721 1422 2773 1475 in
2803 1421 3048 1482 gehenna
3094 1424 3341 1478 sentietis
3388 1421 3776 1480 differentiam.
3808 1424 3920 1479 Cur

2323 1526 2451 1583 ergo
2494 1513 2729 1567 minatur
2774 1514 2839 1568 iis
2879 1515 2970 1585 qui
3003 1529 3111 1568 non
3153 1511 3417 1570 dederunt
3454 1518 3873 1589 eleemosynam
3899 1560 3914 1581 ,

2322 1618 2418 1660 eos
2456 1617 2580 1660 esse
2609 1596 2857 1659 abituros
2879 1606 2928 1659 iu
2961 1606 3175 1675 ignem;
3206 1620 3380 1676 neque
3409 1607 3581 1661 solum
3612 1608 3664 1662 in
3697 1609 3907 1677 ignem,

2324 1693 2420 1749 sed
2448 1694 2539 1764 qui
2583 1705 2799 1764 paratus
2841 1704 2925 1750 est
2949 1694 3168 1749 diabolo
3206 1706 3261 1751 et
3288 1697 3494 1766 angelis
3535 1698 3697 1765 ejus?
3726 1712 3833 1751 cur
3857 1706 3913 1751 et

2323 1800 2426 1857 qua
2457 1786 2523 1841 de
2547 1786 2754 1840 causa?
2784 1786 2949 1863 Deum
2979 1786 3111 1840 nihil
3145 1801 3295 1857 :eque
3326 1784 3539 1856 irritat,
3566 1796 3622 1841 ut
3658 1787 3707 1842 si
3752 1787 3916 1841 amici

2326 1877 2524 1947 injuste
2554 1875 2837 1932 ltedantur.
2880 1874 3013 1932 Nam
3045 1878 3089 1933 si
3129 1888 3345 1949 Oportet
3367 1879 3590 1950 diligere
3617 1875 3870 1934 inimicos
3899 1896 3914 1944 ;

2325 1969 2415 2039 qui
2448 1970 2611 2024 etiam
2645 1970 2851 2024 amicos
2879 1979 3195 2037 aversatur,
3231 1976 3394 2025 etest
3436 1971 3487 2024 in
3529 1969 3633 2026 hoc
3675 1972 3917 2025 deterior

2325 2059 2599 2129 gentibus,
2627 2059 2767 2130 quod
2794 2074 2904 2114 non
2931 2059 3227 2115 merebitur
3256 2058 3620 2131 supplicium?
3642 2061 3918 2130 Quamob-

2327 2167 2439 2206 rem
2486 2152 2572 2206 hic
2614 2152 2926 2222 magnitudo
2952 2153 3157 2223 peccati
3176 2152 3299 2222 jure
3327 2153 3451 2207 fecit
3477 2169 3598 2207 eum
3621 2153 3771 2208 abire
3792 2169 3909 2208 eum

2326 2242 2543 2297 diabolo
2571 2259 2584 2295 :
2618 2240 2711 2297 Va:
2742 2242 2886 2297 enim
2915 2244 2964 2297 ei
2993 2244 3085 2313 qui
3110 2260 3218 2298 non
3246 2242 3373 2298 facit
3403 2244 3828 2315 eleemosynam.
3862 2246 3915 2301 Si

2326 2329 2639 2413 hoc.autem
2670 2344 2785 2388 erat
2814 2334 2866 2389 in
2896 2332 3075 2389 Veteri
3103 2375 3117 2400 ,
3150 2335 3319 2390 multo
3346 2336 3515 2403 magis
3548 2338 3598 2390 in
3628 2334 3780 2390 Novo
3808 2336 3917 2392 Te-

2327 2422 2632 2477 stamento:
2665 2424 2710 2478 si
2739 2424 2825 2477 ubi
2854 2433 2970 2479 erat
2990 2415 3305 2481 concessum
3329 2426 3607 2496 possidere
3636 2429 3914 2497 pecunias,

2328 2514 2514 2584 eisque
2543 2514 2640 2569 frui
2669 2523 2724 2570 et
2749 2529 2843 2569 eas
2869 2530 3060 2570 curare
3080 2556 3096 2582 ,
3131 2525 3277 2570 tanta
3306 2518 3595 2587 gerebatur
3623 2533 3753 2572 cura
3795 2518 3915 2587 opis

2330 2602 2564 2658 ferenda:
2591 2604 2957 2674 pauperibus:
2988 2614 3186 2675 quanto
3216 2606 3384 2677 magis
3414 2606 3502 2661 ubi
3528 2608 3782 2677 jubemur
3803 2625 3917 2661 om-

2330 2694 2417 2749 nia
2464 2694 2705 2764 ejicere?
2743 2694 2877 2749 Nam
2909 2696 3035 2765 quid
3069 2695 3146 2751 illi
3190 2713 3295 2753 non
3324 2697 3633 2753 faciebant?
3663 2699 3915 2755 Deeimas

2328 2796 2384 2842 et
2430 2802 2617 2841 rursus
2671 2786 2910 2843 decimas
2960 2788 3277 2857 praebebant
3318 2792 3655 2860 :orpbanis,
3693 2792 3872 2846 viduis
3898 2834 3913 2859 ,

2329 2880 2619 2949 prosclytis
2642 2880 3050 2935 succurrebant.
3080 2880 3186 2936 Sed
3214 2880 3346 2936 mihi
3376 2882 3595 2953 quidam
3632 2884 3912 2939 admirans

2330 2970 2578 3037 dicebat,
2611 2970 2703 3026 Ille
2744 2973 2836 3026 dat
2880 2972 3136 3028 decimas.
3184 2973 3397 3043 Quanto
3425 2983 3509 3030 est
3553 2977 3652 3031 hoc
3695 2978 3915 3047 plenum

2330 3062 2529 3134 probro
2556 3072 2611 3118 et
2642 3063 2909 3121 dedecore
2933 3105 2949 3130 ,
2978 3066 3022 3120 si
3045 3066 3185 3135 quod
3211 3067 3351 3136 apud
3379 3067 3595 3123 Judmos
3620 3083 3726 3124 non
3755 3070 3918 3125 liabe-

2333 3155 2492 3208 batur
2520 3155 2572 3208 in
2601 3153 2959 3210 admiratione
2983 3196 2998 3221 ,
3032 3154 3136 3211 hoc
3179 3156 3319 3227 apud
3340 3157 3684 3214 'Christianos
3715 3158 3915 3214 factum

2331 3256 2415 3301 est
2456 3230 2823 3302 admirabile?
2870 3246 2927 3303 Si
2978 3256 3106 3303 tunc
3158 3259 3273 3303 erat
3323 3250 3623 3320 periculum
3672 3250 3915 3305 decimas

2332 3339 2583 3394 omittere
2608 3380 2623 3405 ,
2652 3341 2825 3410 cogita
2857 3350 3114 3411 quantum
3156 3357 3297 3397 nunc
3324 3344 3413 3397 sit.
3449 3343 3651 3398 Rursus
3680 3344 3919 3400 ebrietas

2333 3444 2440 3484 non
2474 3429 2636 3485 habet
2665 3431 3019 3486 hereditatem
3058 3435 3230 3503 regni.
3260 3433 3365 3490 Sed
3393 3435 3521 3506 quid
3548 3445 3628 3491 est
3665 3437 3811 3507 quod
3842 3438 3917 3492 di-

2332 3522 2473 3576 citur
2508 3536 2537 3574 a
2583 3522 2807 3575 multis?
2840 3522 2896 3577 Si
2924 3538 3025 3593 ego
3052 3534 3105 3579 et
3137 3525 3226 3579 ille
3266 3525 3454 3580 iisdem
3483 3536 3730 3582 tenemur
3753 3570 3769 3594 ,
3803 3544 3911 3583 non

2334 3623 2417 3669 est
2456 3630 2617 3684 parva
2645 3614 2966 3671 consolatio.
3002 3616 3141 3683 Quid
3182 3616 3467 3674 dicemus?
3496 3617 3654 3675 Certe
3682 3637 3790 3676 non
3820 3622 3920 3677 erit

2337 3704 2476 3759 idem
2506 3714 2654 3760 tuum
2683 3715 2739 3760 et
2765 3705 2912 3761 illius
2940 3708 3261 3777 supplicium
3303 3728 3317 3765 :
3348 3710 3587 3781 alioquin
3615 3721 3795 3767 autem
3822 3728 3920 3767 nec

2337 3795 2439 3851 hoc
2464 3807 2547 3852 est
2569 3798 2890 3853 consolatio.
2920 3798 3072 3855 Tunc
3096 3800 3238 3855 enim
3271 3802 3531 3857 malorum
3560 3804 3793 3858 societas
3823 3804 3919 3859 ha-

2338 3886 2428 3942 bet
2473 3888 2897 3945 consolationem
2922 3932 2939 3957 ,
2973 3891 3190 3961 quando
3232 3894 3371 3947 mala
3402 3911 3520 3965 qua:
3552 3896 3785 3964 patimur
3812 3898 3920 3952 fne-

2338 3981 2447 4034 rint
2474 3983 2822 4051 proportione
2853 3984 3000 4052 paria
3032 4002 3045 4038 :
3080 3986 3294 4055 quando
3322 3995 3499 4042 autem
3526 3991 3916 4058 exsuperarint,

2337 4082 2391 4125 et
2437 4082 2495 4126 ut
2527 4084 2707 4129 mente
2746 4074 3071 4130 excedamus
3112 4075 3389 4131 ell'ecerint
3413 4121 3429 4145 ,
3456 4094 3563 4133 non
3590 4081 3823 4150 amplius
3849 4085 3921 4135 si-

2340 4170 2474 4217 nunt
2520 4163 2685 4217 ullam
2718 4163 2916 4220 habere
2945 4167 3391 4222 consolationem.
3436 4168 3530 4225 Die
3569 4172 3711 4225 enim
3755 4175 3807 4227 ei
3837 4172 3923 4241 qui

2341 4254 2479 4309 male
2526 4254 2814 4309 mulctatus
2863 4255 2916 4309 in
2964 4257 3142 4326 ignem
3172 4268 3254 4313 est
3285 4260 3550 4329 injectus,
3586 4261 3682 4316 llic
3710 4273 3807 4317 aut
3834 4265 3921 4319 ille

2344 4346 2445 4401 hoc
2470 4346 2703 4415 patitur;
2735 4361 2803 4414 ne
2832 4348 3027 4401 sentiet
3058 4349 3273 4417 quidem
3299 4350 3747 4406 consolationem.
3778 4353 3922 4408 Non-

2344 4453 2412 4493 ne
2441 4452 2635 4492 omnes
2664 4437 2821 4492 simul
2854 4440 3128 4508 perierunt
3161 4438 3459 4495 Israelitre?
3503 4458 3797 4511 quamnam
3829 4445 3925 4498 hoc

2343 4532 2422 4587 eis
2448 4530 2625 4585 attulit
2659 4531 3122 4586 consolationem?
3151 4548 3330 4587 annon
3362 4533 3462 4588 hoc
3487 4536 3661 4603 ipsum
3689 4551 3789 4591 eos
3818 4551 3926 4590 ma-

2339 4624 2445 4694 jori
2474 4624 2660 4679 dolore
2698 4624 3011 4679 afﬁciebat?
3050 4626 3116 4680 Et
3150 4625 3271 4681 ideo
3304 4626 3551 4681 dicebant
3573 4670 3587 4694 ,
3621 4629 3884 4683 Periimus
3909 4670 3926 4695 ,

2348 4716 2669 4780 interiimns,
2692 4717 2997 4786 consumpti
3031 4731 3237 4772 smnus.
3261 4718 3513 4785 Qua-nam
3542 4729 3624 4774 est
3658 4736 3791 4791 ergo
3818 4722 3930 4775 haec

2346 4806 2686 4861 consolatio?
2717 4806 2939 4861 Frustra
2983 4822 3083 4862 nos
3129 4810 3229 4863 hac
3271 4823 3365 4880 Spe
3405 4814 3769 4866 consolamur.
3817 4812 3929 4869 Una

2348 4907 2463 4960 sola
2488 4915 2572 4960 est
2591 4906 2891 4960 consolatio
2911 4947 2926 4972 ,
2957 4906 3009 4960 in
3038 4905 3186 4960 illum
3216 4907 3305 4975 qui
3336 4908 3600 4977 exstingui
3626 4922 3731 4963 non
3759 4920 3933 4979 potest

2349 4997 2525 5066 ignem
2564 5013 2668 5050 non
2699 4996 2937 5051 incidere
2968 5015 2980 5051 :
3014 4998 3094 5052 eis
3133 5008 3310 5051 autem
3338 5040 3352 5064 ,
3382 4999 3472 5069 qui
3506 4999 3741 5054 incidere
3768 5040 3787 5065 ,
3830 5017 3931 5054 non

2350 5089 2474 5144 licet
2494 5089 2708 5158 assequi
2732 5088 3156 5144 consolationem
3185 5108 3199 5147 :
3226 5089 3315 5144 ubi
3338 5103 3421 5145 est
3444 5093 3642 5146 stridor
3668 5092 3932 5153 dentium,

2351 5180 2441 5235 ubi
2485 5178 2680 5246 (lctus,
2709 5180 2799 5234 ubi
2853 5182 3054 5235 vermis
3099 5182 3188 5251 qui
3236 5197 3340 5236 non
3386 5184 3650 5245 moritur,
3678 5184 3768 5239 ubi
3805 5186 3937 5256 ignis

2351 5271 2440 5342 qui
2484 5286 2589 5326 non
2627 5272 2999 5342 exstinguitur.
3028 5270 3329 5329 Omninone
3374 5275 3532 5327 ullam
3576 5276 3803 5342 senties,
3834 5277 3937 5340 die,

2352 5377 2536 5430 qumso
2557 5403 2571 5427 ,
2600 5363 3016 5418 consolationem
3043 5406 3058 5429 ,
3089 5378 3209 5418 cum
3245 5366 3320 5419 sis
3351 5364 3403 5418 in
3440 5365 3729 5422 afﬂictione
3755 5378 3812 5421 et
3843 5382 3937 5420 an-

2352 5456 2569 5526 gustia?
2613 5456 2680 5510 de
2736 5464 2931 5510 caetero
2987 5457 3129 5510 enim
3163 5456 3272 5511 eris
3313 5458 3453 5525 apud
3492 5468 3565 5515 tc.
3604 5458 3713 5525 Ne,
3759 5474 3941 5528 quaeso

2356 5556 2410 5600 et
2452 5560 2613 5616 rogo,
2657 5561 2724 5600 ne
2769 5562 2865 5602 nos
2915 5555 3119 5603 temere
3148 5549 3514 5618 deeipiamus,
3548 5563 3603 5605 et
3650 5551 3732 5607 his
3761 5552 3941 5607 verbis

2357 5640 2695 5694 consolenmr
2714 5681 2729 5705 ,
2758 5640 2850 5695 sed
2880 5655 2940 5696 ea
2982 5642 3238 5696 faciamus
3264 5659 3383 5713 quae
3412 5659 3512 5698 nos
3544 5654 3798 5714 poterunt
3826 5661 3940 5700 sero

2357 5744 2501 5785 vare.
2529 5729 2663 5785 Cum
2689 5730 2905 5786 Christo
2932 5746 3219 5788 consessus
3249 5742 3334 5789 est
3374 5736 3468 5790 tibi
3512 5736 3820 5806 prepositus
3841 5776 3859 5803 ,
3890 5746 3939 5788 et

2363 5833 2418 5877 tu
2465 5822 2533 5878 de
2578 5823 2660 5878 his
2700 5826 2910 5882 curiose
2954 5827 3250 5884 scrutaris?
3278 5827 3335 5883 Si
3382 5829 3583 5885 nullum
3629 5838 3773 5887 esset
3803 5829 3940 5886 aliud
