4030 6504
260 384 342 442 35
1140 386 1217 443 IN
1256 385 1477 446 EPIST.
1507 392 1599 445 ΑΙ)
1638 386 1834 448 ΕΡΠΕε

1937 390 2078 452 ΩΧΡ.
2116 392 2190 454 ἸΙ.
2224 398 2456 461 HOMIL.
2499 401 2589 462 IV.
3450 415 3519 473 56

271 501 388 556 σίον
415 498 570 553 οὐδὲν
604 496 996 569 ὠφελήσωμεν,
1041 500 1164 555 οὐδὲ
1204 502 1380 567 οὕτως
1424 491 1849 577 είσελευσόμεθα

267 585 349 648 είς
379 583 479 655 τὴν
529 583 825 655 βασιλείαν.
873 583 1045 637 Πόθεν
1090 585 1281 655 δῆλον;
1334 588 1470 641 Ἀπὸ
1496 589 1606 644 τῶν
1643 589 1712 643 τὰ
1746 590 1846 643 τά-

266 667 438 721 λαντα
478 666 920 745 πιστευθέντωνι
968 668 1215 724 οἰκετῶν.
1280 671 1429 724 Ἐκεῖ
1471 672 1579 744 γάρ
1614 675 1763 727 πᾶσα
1807 674 1843 745 η

258 750 436 822 ἀρετὴ
462 749 720 819 ἀάραιος
745 744 834 818 ἦν,
862 750 956 803 καὶ
986 750 1139 804 οὐδὲν
1165 751 1448 807 ἐλέλειπτο
1468 770 1485 787 ο
1512 757 1628 809 ἀλλ’
1653 744 1843 828 ἐπειδὴ

262 833 398 905 περὶ
416 834 515 903 τὴν
544 832 812 902 ἐργασίαν
844 834 1073 905 ὀκνηρὸς
1099 834 1343 903 γέγονεν,
1374 838 1847 904 είκότωςέξεϐάλ-

263 919 408 971 λετο.
459 918 615 970 Ἔστι
662 918 754 969 καὶ
797 915 906 970 ἀπὸ
954 916 1221 988 λοιδορίας
1273 922 1444 990 μόνης
1490 923 1569 985 είς
1618 923 1843 990 γέενναν

262 1004 524 1072 ἐμπεσεῖν
549 1017 563 1030 ·
607 1000 668 1052 '0
698 999 807 1069 γὰρ
832 1000 1047 1069 λέγων,
1083 1004 1238 1072 φησι,
1269 1000 1348 1067 τῷ
1364 1003 1607 1073 ἀδελφῷ
1634 1006 1841 1075 αὐτοῦ,

260 1084 455 1153 Μωρέ,
490 1083 706 1152 ἔνοχος
740 1083 913 1137 ἔσται
940 1086 1029 1151 είς
1059 1084 1174 1152 τὴν
1195 1086 1452 1154 γέενναν
1486 1088 1593 1142 τοῦ
1628 1092 1840 1157 πυρός.

258 1168 383 1223 Κάν
407 1168 621 1222 ἅπαντά
640 1184 725 1229 τις
748 1167 1092 1239 κατορθώσῃς
1118 1167 1380 1238 ὑϐριστὴς
1409 1169 1466 1223 δὲ
1495 1164 1553 1245 ᾖ,
1581 1171 1684 1225 οὐκ
1728 1173 1844 1224 εἰσ-

256 1250 562 1307 ελεύσεται.
602 1251 712 1304 Καὶ
740 1251 812 1321 μή
847 1269 931 1315 τις
969 1251 1227 1320 ὡμότητα
1254 1255 1711 1321 καταγινωσκέτω
1747 1255 1840 1310 τοῦ

255 1334 421 1399 Θεοῦ,
451 1336 499 1388 εί
536 1337 661 1397 τοὺς
693 1333 851 1387 τοῦτο
890 1333 1221 1398 ἐπταικότας
1256 1335 1507 1390 ἐκϐάλλει
1536 1337 1636 1407 τῆς
1681 1337 1841 1407 βασι-

255 1417 416 1481 ’λείας
444 1416 554 1470 τῶν
588 1416 856 1487 οὐρανῶν.
893 1417 1002 1469 Καὶ
1032 1418 1118 1469 ἐπ’
1159 1416 1483 1489 ἀνθρώπων,
1530 1420 1633 1473 κᾶν
1660 1415 1841 1474 ότιοῦν

254 1501 372 1555 τῶν
408 1500 741 1572 παρανόμων
775 1499 1076 1571 ἐργάσηταί
1103 1517 1207 1568 τις,
1236 1502 1462 1566 ἐξέπεσε
1489 1502 1587 1572 τῆς
1614 1505 1706 1557 τοῦ
1740 1504 1839 1574 βα-

258 1587 454 1648 σιλέως
482 1584 677 1654 ὅψεως,
709 1584 812 1637 κᾶν
836 1584 999 1654 νόμον
1022 1584 1118 1637 ἕνα
1143 1586 1253 1637 τῶν
1282 1586 1549 1656 κειμένων
1571 1590 1793 1660 παραϐῇ
1821 1605 1835 1620 ο

255 1669 366 1722 κᾶν
402 1668 785 1738 συκοφαντησῃ
818 1668 1159 1739 κατηγορῶν,
1190 1668 1439 1722 ἀπώλεσε
1487 1670 1586 1740 τὴν
1620 1672 1833 1741 ἀρχὴν

254 1751 364 1805 κᾶν
398 1750 660 1822 μοιχεύσῃ
682 1751 779 1803 καὶ
809 1749 922 1820 ἀλῷ
941 1750 990 1814 δ,
1020 1748 1237 1816 ἀνάξιος
1264 1752 1454 1821 γέγονε
1478 1769 1492 1782 ·
1535 1754 1637 1806 κᾶν
1669 1755 1837 1824 μυρία

248 1830 289 1907 ᾖ
350 1834 774 1906 κατωρθωκὼς,
836 1834 1132 1888 ἀπόλλυται
1157 1848 1172 1865 °
1227 1835 1332 1889 κᾶν
1390 1838 1549 1906 φόνον
1599 1839 1836 1910 ἐργάση-

246 1932 371 1982 ται,
397 1919 498 1971 καὶ
533 1918 740 1989 δειχθῇ,
781 1918 1060 1971 καὶτοῦτο
1093 1919 1276 1974 ἱκανὸν
1309 1919 1471 1973 αὑτὸν
1499 1920 1831 1993 διαφθεῖραι.

246 2000 319 2056 Ἰσῖί
352 2005 411 2056 δὲ
438 2005 485 2055 οἱ
524 2002 631 2054 τῶν
666 2000 967 2074 ἀνθρὼπων
994 2003 1149 2074 νόμοι
1192 2000 1461 2074 τοσαύτης
1501 2005 1832 2061 ἀπολαύουσι

250 2089 355 2158 τῆς
378 2088 650 2158 φυλακῆς,
672 2086 823 2157 πόσῳ
848 2085 1046 2155 μᾶλλον
1060 2088 1113 2138 οί
1139 2085 1232 2140 τοῦ
1256 2085 1391 2140 Θεοῦ
1402 2089 1425 2141 ’ί
1465 2086 1604 2140 Ἀλλ’
1629 2090 1834 2158 ἀγαθός

251 2173 395 2234 ἐστι,
423 2170 577 2241 φησί,
606 2170 782 2240 Μέχρι
814 2168 929 2241 [50]
963 2169 1107 2233 τίνος
1130 2168 1221 2222 τὸν
1251 2170 1433 2239 μωρὸν
1465 2172 1651 2225 τοῦτον
1676 2173 1834 2241 λόγον

242 2253 636 2324 φθεγγόμεθα;
688 2253 887 2324 Μωρδν
933 2252 989 2305 δὲ
1028 2248 1201 2316 εἶπον,
1250 2254 1348 2324 ούχ
1381 2255 1462 2307 ὅτι
1500 2256 1599 2307 ούκ
1629 2257 1834 2325 ἀγαθός

250 2340 426 2400 ἐστιν,
470 2337 586 2391 ἀλλ’
619 2326 705 2389 ὃτι
740 2335 839 2406 τὴν
867 2335 1182 2405 ἀγαθότητα
1230 2336 1395 2389 αὐτοῦ
1430 2338 1724 2408 νομίζομεν
1754 2341 1834 2403 είς

246 2415 428 2473 ταῦτα
471 2420 751 2490 χρησίμην
784 2420 917 2489 ἡμῖν
961 2415 1121 2483 εἶναι,
1148 2419 1325 2473 καίτοι
1366 2420 1534 2491 μυρία
1573 2412 1833 2487 πολλάκις

241 2504 643 2573 διαλεχθέντων
686 2502 845 2573 ἡμῶν
902 2502 1032 2573 περὶ
1082 2502 1296 2556 τούτου.
1333 2504 1535 2558 Ἀκουε
1578 2504 1688 2577 γάρ
1733 2506 1833 2575 τῆς

243 2588 479 2658 Γραφῆς
507 2584 772 2656 λεγούσης
795 2600 810 2614 ⁸
850 2584 1158 2652 Μὴνεῖπῃς,
1187 2585 1276 2639 ὅτι
1320 2586 1700 2657 Ὀοίθιτιρμὸς
1729 2591 1834 2642 ai)-

248 2670 360 2725 τοῦ
394 2673 429 2723 ό
455 2668 652 2735 ,πολὺς
678 2668 742 2722 τὸ
769 2667 1002 2734 πλῆθος
1027 2666 1148 2721 τῶν
1181 2668 1480 2737 ἁμαρτιῶν
1492 2687 1613 2739 μου
1633 2669 1833 2735 ἐξιλά-

240 2768 446 2810 σετιιι.
469 2754 617 2823 Ὁύχὶ
640 2750 839 2805 κωλύει
864 2753 1043 2820 λέγειν
1069 2752 1243 2822 ἡμᾶς,
1279 2753 1336 2805 '0
1357 2753 1641 2823 οίκτιρμὺς
1664 2752 1831 2807 αὐτοῦ

246 2837 421 2899 πολύς
448 2854 464 2868 ο
501 2836 576 2908 μὴ
599 2836 807 2903 γένοιτο
836 2853 849 2866 ·
890 2835 951 2887 οὐ
984 2833 1144 2888 τοῦτο
1174 2838 1448 2905 παραινεῖ,
1484 2836 1621 2891 ἀλλά
1654 2836 1833 2907 βούλε-

247 2939 339 2973 ται
374 2921 527 2991 ἡμᾶς
568 2920 665 2973 καὶ⁴
711 2918 949 2988 συνεχῶς
981 2916 1141 2970 τοῦτο
1173 2918 1373 2985 λέγειν,
1417 2920 1512 2973 καὶ
1544 2920 1633 2973 διὰ
1674 2921 1832 2975 τοῦτο

247 3003 432 3056 πάντα
453 3004 597 3055 κινεῖ
613 3000 844 3064 Παῦλος*
870 3000 1004 3053 ἀλλά
1028 3000 1115 3053 διὰ
1144 3001 1211 3053 τὰ
1232 3000 1377 3071 ἐξῆςο
1400 3002 1492 3073 Μὴ
1516 3003 1608 3055 ἐπὶ
1632 3003 1828 3074 τούτῳ,

246 3086 411 3155 φησὶ,
446 3084 695 3155 θαύμαζε
731 3084 823 3136 τοῦ
856 3081 993 3136 Θεοῦ
1026 3083 1125 3155 τὴν
1152 3083 1585 3153 φιλανθρωπίαν,
1619 3086 1712 3138 ἐπὶ
1752 3086 1829 3157 τῷ

242 3168 611 3238 ἁμαρτάνειν,
641 3167 736 3220 καὶ
749 3166 945 3233 λέγειν·
967 3166 1283 3236 Οίκτιρμὸς
1300 3166 1487 3221 αὐτοῦ
1512 3167 1575 3221 τὸ
1595 3168 1831 3237 πλῆθος

246 3251 373 3304 τῶν
392 3250 692 3320 ἁμαρτιῶν
707 3266 826 3319 μου
847 3244 1215 3313 ἐξιλάσὲταισ

318 3335 387 3389 δ’.
413 3335 512 3387 Διά
525 3331 799 3401 γάρτοῦτο
814 3330 1049 3386 τοσαῦτα
1064 3333 1159 3386 καὶ
1175 3334 1333 3403 ἡμεῖς
1351 3334 1476 3405 περὶ
1494 3336 1831 3407 ἀγαθότητος

238 3418 635 3487 διαλεγόμεθα.
664 3416 761 3486 οὐχ
794 3417 878 3469 ἵνα
905 3415 1077 3487 ταύτῃ
1103 3415 1433 3488 θαρροῦντες
1460 3418 1637 3472 πάντα
1658 3420 1832 3491 πράτ-

248 3518 459 3571 τωμεν,
478 3501 602 3553 ἐπεὶ
631 3500 954 3571 ἡάγαθότης
983 3501 1076 3553 ἐπὶ
1099 3500 1245 3571 λύμῃ
1272 3502 1368 3572 τῆς
1389 3502 1661 3572 ἡμετέρας
1678 3505 1830 3558 ἔσται

250 3585 553 3655 σωτηρίας,
581 3583 698 3637 ἀλλ’
719 3583 806 3638 ῖνα
838 3584 910 3654 μὴ
935 3584 1404 3655 ἀπογινώσκωμεν
1426 3587 1484 3639 ἐν
1509 3589 1621 3650 τοῖς
1653 3589 1831 3661 ἀμαρ-

247 3669 317 3740 τή
326 3684 517 3738 μασιν,
541 3666 678 3720 ἀλλά
707 3666 1074 3738 μετανοῶμεν.
1098 3667 1172 3718 T6
1187 3667 1296 3738 γάρ
1322 3670 1558 3739 χρηστδν
1580 3670 1673 3724 τοῦ
1695 3672 1829 3725 Θεοῦ

245 3754 331 3815 είς
373 3751 665 3823 μετάνοιάν
716 3767 775 3803 σε
825 3749 973 3819 ἄγει,
1012 3751 1112 3803 οὑκ
1145 3752 1224 3813 είς
1256 3751 1477 3805 πλείονα
1512 3754 1729 3808 κακίαν.
1769 3756 1831 3807 El

250 3834 308 3887 δὲ
358 3833 636 3904 μοχθηρὸς
672 3832 806 3904 γένῃ
837 3832 925 3885 διά
958 3833 1058 3903 τὴν
1092 3833 1456 3903 χρηστότητα,
1504 3837 1570 3890 σὺ
1609 3836 1832 3891 διαϐάλ-

249 3916 366 3979 λεις
406 3916 626 3987 μᾶλλον-
657 3916 827 3987 αὐτὴν
872 3916 1023 3988 παρά
1062 3918 1175 3979 τοῖς
1208 3916 1553 3988 ἀνθρώποις·
1602 3920 1830 3986 πολλοὺς

249 4001 363 4070 γάρ
392 4000 507 4071 ὁρῶ
535 3999 973 4069 κατηγοροῦντας
1007 3999 1105 4069 τῆς
1136 4001 1515 4072 μακροθυμίας
1543 4005 1637 4057 τοῦ
1669 4004 1826 4060 Θεοῦ.

252 4083 423 4135 Ὠστε
467 4083 625 4153 δίκην
660 4081 874 4146 δώσεις,
919 4082 1020 4136 ούκ
1068 4084 1148 4146 εἰς
1197 4084 1315 4136 δέον
1363 4085 1499 4156 αὐτῇ
1550 4088 1829 4158 χρησάμεο

248 4183 360 4229 νος.
420 4165 806 4234 Φιλάνθρωπος
855 4167 884 4219 6
920 4164 1087 4232 θεόςς
1137 4166 1272 4220 ἀλλά
1316 4169 1413 4222 καὶ
1460 4170 1667 4234 δίκαιος
1710 4189 1830 4240 κρι-

248 4252 372 4321 της.
418 4250 719 4320 ’Δμαρτίας
744 4250 1069 4322 συγχωρῶν;
1101 4251 1235 4306 ἀλλά
1264 4252 1587 4306 ἀποδίδωσιν
1614 4255 1829 4325 ἐκάστῳ

249 4333 396 4388 κατά
432 4334 502 4386 τά
547 4332 685 4404 ἔργα
721 4333 907 4387 αὐτοῦ.
962 4334 1311 4405 ’Υπερϐαίνει
1358 4336 1591 4403 ἀδικίας,
1628 4338 1833 4409 ἐξαιρεῖ

250 4416 520 4487 ἀνομίαςς
555 4415 692 4468 ἀλλά
731 4415 827 4469 καὶ
866 4414 1111 4479 ἐξέτασιν
1144 4421 1398 4474 ποιεῖται.
1444 4421 1567 4485 Πῶς
1607 4417 1700 4475 οῦν
1731 4423 1830 4475 οὐκ

254 4500 479 4552 ἐναντία
514 4498 715 4565 ταῦτα;
761 4498 875 4552 υύκ
903 4499 1142 4563 ἐναντία,
1174 4501 1242 4554 ἂν
1283 4503 1395 4564 τοῖς
1444 4502 1656 4573 χρόνοις
1693 4505 1830 4561 αύτά

252 4582 539 4653 διέλωμεν.
588 4580 827 4652 Ἐξαιρεῖ
853 4582 1080 4652 ἀνομίας
1104 4583 1335 4637 ἐνταῦθα
1369 4586 1464 4637 καὶ
1492 4585 1578 4639 διὰ
1604 4585 1829 4659 λουτροῦ

250 4668 346 4719 καὶ
369 4667 460 4719 διὰ
495 4664 787 4735 μετανοίας
807 4681 821 4696 ο
856 4664 1102 4729 ἐξέτασιν
1129 4669 1361 4719 ποιεῖται
1381 4668 1489 4721 τῶν
1510 4673 1831 4742 πεπραγμέ-

248 4767 356 4802 νων
385 4750 505 4802 ἐκεῖ
530 4747 618 4801 διὰ
643 4749 815 4817 πυρὸς
848 4750 941 4803 καὶ
963 4748 1234 4819 βασάνων.
1262 4751 1358 4803 Ἂν
1390 4752 1569 4807 τοίνυν
1597 4755 1831 4825 ἐργασάο

254 4848 418 4902 μενος
446 4824 514 4897 ὦ,
539 4829 725 4901 φησὶν,
772 4831 926 4900 ὀλίγα
955 4832 1123 4897 κακὰ,
1152 4834 1246 4887 καὶ
1266 4833 1331 4888 δι’
1355 4834 1412 4887 ἓν
1443 4824 1832 4891 αύτῶνγέκϐάλ-

249 4915 434 4986 λωμαι
471 4916 568 4969 καὶ
597 4917 695 4985 τῆς
730 4914 1004 4985 βασιλείας
1028 4917 1299 4983 ἐκπίπτω,
1333 4918 1476 4982 τίνος
1510 4919 1695 4972 ’ένεκεν
1730 4922 1830 4975 ούκ

250 4997 559 5069 ἐργάζομαι
581 5000 760 5053 πάντα
785 4999 930 5052 κακά
949 5015 965 5064 ;
998 4999 1336 5070 Ἀγνώμονος
1355 5003 1565 5056 οἰκέτου
1590 5005 1618 5056 6
1638 5002 1793 5071 λόγος
1812 5020 1826 5035 ·

252 5080 396 5151 πλὴν
423 5080 542 5133 ἀλλ’
586 5081 736 5151 ὅμως
770 5082 864 5134 καὶ⁵
901 5082 1088 5136 τοῦτον
1123 5082 1491 5153 ἐπιλυσόμεθα
1519 5085 1610 5137 τὸν
1650 5081 1828 5155 λόγον.

252 5164 345 5234 Μὴ
382 5164 620 5235 ἐργάζου
659 5165 727 5217 τά
764 5165 928 5231 κακά,
961 5165 1047 5219 ἵνα
1092 5166 1287 5220 σαυτὸν
1319 5166 1637 5240 ὠφελήσῃς·
1677 5169 1831 5238 βασι-

252 5247 407 5311 λείας
452 5248 556 5318 μὲν
596 5248 704 5318 γὰρ
745 5248 949 5311 πάντες
992 5250 1193 5317 ὁμοίως
1238 5251 1638 5322 ἐκπεσούμεθα,
1675 5255 1733 5306 ἐν
1777 5256 1834 5309 δὲ

252 5332 449 5401 γεέννῃ
482 5332 544 5383 ού
591 5332 691 5401 τὴν
721 5332 891 5402 αὐτὴν
923 5331 1166 5403 δώσομεν
1203 5333 1359 5402 δίκην
1403 5336 1625 5399 πάντες,
1659 5337 1774 5390 ἀλλ’
1807 5341 1835 5392 6

258 5415 357 5482 μὲν
405 5414 651 5484 μείζονα,
697 5417 725 5467 ὁ
753 5415 809 5467 δὲ
850 5418 1225 5488 ήμερωτέραν.
1263 5418 1323 5471 Εἰ
1358 5420 1457 5489 μὲν
1492 5420 1601 5491 γὰρ
1642 5423 1705 5475 σὺ
1736 5422 1836 5474 κά-

252 5500 433 5559 κεῖνος
488 5502 958 5569 κατεφρονήσατε,
1018 5500 1111 5552 καὶ
1159 5502 1187 5553 6
1237 5501 1306 5555 τὰ
1348 5502 1518 5556 πολλὰ
1569 5503 1662 5557 καὶ
1693 5504 1721 5557 6
1768 5505 1838 5558 τά

254 5581 411 5650 ὀλίγα
442 5582 647 5651 ὁμοίως
689 5582 1008 5636 ἐκπεσεῖσθε
1060 5582 1159 5652 τῆς
1207 5582 1518 5654 βασιλείας·
1560 5587 1696 5642 εἰδὲ
1739 5590 1837 5659 οὐχ

320 5834 348 5895 ἒ
372 5834 549 5883 Morel.
573 5834 944 5895 ῐηοιε,τάλαντα
966 5840 1288 5888 πιστευθέντα.

316 5894 636 5967 ιΑιη-ιθεὰλιῖ)
682 5894 1014 5960 snpplendum
1052 5910 1227 5951 censet
1261 5901 1475 5953 Dunaeus
1526 5906 1722 5967 κὶοπῆς,
1757 5907 1853 5954 γρισ

267 5956 453 6017 ahquid
474 5955 659 6007 similia.

1947 509 2151 594 δμοίως
2200 519 2669 589 κατεφρονήσατε,
2722 519 2837 574 ἀλλ’
2892 522 2923 574 6
2980 521 3082 592 μὲν
3137 523 3343 594 μεῖζον,
3393 530 3423 582 6
3462 529 3519 581 δέ

1946 592 2187 677 ἔλαττον,
2224 597 2284 649 ἐν
2311 601 2377 667 τῇ
2412 600 2607 671 γεέννῃ
2637 602 2735 673 τῆς
2770 603 3034 675 διαφορᾶς
3069 592 3418 677 αίσθήσεσθε.
3453 612 3520 664 Τί

1947 672 2062 741 οὖν,
2092 680 2275 748 φησὶν,
2310 682 2527 735 ἀπειλεί
2556 687 2669 747 τοῖς
2694 672 3075 758 ἐλεημοσύνην
3108 689 3181 759 μὴ
3212 672 3517 755 δεδωκόσιν,

1945 762 2026 845 είς
2052 762 2113 814 τὸ
2137 761 2249 833 πῦρ
2274 764 2695 833 ἀπελεύσεσθαι,
2726 770 2822 821 καὶ
2849 770 2949 840 οὐχ
2978 771 3165 836 ἁπλῶς
3197 774 3276 836 είς
3298 773 3358 827 τὸ
3386 775 3516 845 πῦρ,

1944 842 2061 896 ἀλλ’
2094 846 2174 909 είς
2194 844 2256 898 τὸ
2298 849 2695 919 ἡτοιμασμένον
2724 849 2800 921 τῷ
2830 851 3057 924 διαϐόλῳ
3087 855 3183 908 καὶ
3209 858 3323 919 τοῖς
3346 857 3444 925 ἀγγ
3462 842 3518 911 έο-

1945 927 2057 991 λοις
2098 929 2299 993 αὐτοῦς
2351 932 2497 995 τίνος
2553 932 2760 999 ἐνεκεν,
2798 935 2893 988 καὶ
2938 935 3028 991 διὰ
3071 938 3160 1004 τί;
3197 940 3320 992 Ὅτι
3368 942 3519 995 οὐδὲν

1943 1009 2086 1062 οὕτω
2113 1010 2205 1064 τὸν
2235 1011 2369 1066 Θεὸν
2394 1013 2707 1085 παροξύνει,
2732 1016 2807 1080 ὡς
2838 1017 2898 1070 τὺ
2919 1020 3045 1083 τοὺς
3075 1020 3262 1088 φίλους
3291 1013 3515 1078 ἀδικεῖν.

1944 1094 2008 1147 Et
2031 1095 2139 1166 γάρ
2164 1095 2289 1159 τοὺς
2310 1096 2541 1168 ἐχθροὺς
2570 1098 2743 1167 φιλεῖν
2772 1100 2872 1167 δεῖ,
2904 1103 2933 1155 6
2961 1102 3054 1155 καὶ
3080 1104 3205 1167 τοὺς
3233 1106 3520 1173 φιλοῦντας

1943 1176 2443 1248 ἀποστρεφόμενος,
2480 1180 2575 1233 καὶ
2611 1181 2719 1234 τῶν
2757 1181 3025 1254 Ἐλλήνων
3065 1186 3210 1239 κατὰ
3233 1187 3389 1241 τοῦτο
3410 1190 3520 1259 χεί-

1940 1271 2056 1331 ρων
2082 1260 2177 1325 ὢν,
2205 1261 2348 1324 τίνος
2374 1263 2476 1315 ούκ
2513 1262 2670 1317 ἔσται
2699 1265 2978 1330 κολάσεως
3009 1267 3194 1335 ἄξιος;
3231 1271 3395 1324 Ὥστε
3427 1274 3517 1325 ὲν-

1942 1344 2116 1397 ταῦθα
2144 1344 2206 1396 τὸ
2233 1343 2462 1413 μέγεθος
2494 1346 2587 1399 τοῦ
2624 1348 3020 1419 ἁμαρτήματος
3046 1353 3183 1420 μετὰ
3217 1352 3311 1405 τοῦ
3337 1354 3519 1408 διαϐό-

1942 1425 2033 1479 λου
2053 1427 2144 1479 τὸν
2168 1425 2408 1480 τοιοῦτον
2430 1428 2655 1493 εἰκότως
2685 1431 2940 1500 ἐποίησεν
2961 1432 3237 1488 ἀπελθεῖν.
3253 1435 3388 1489 Ούαὶ
3407 1436 3517 1506 γὰρ

1941 1507 2020 1593 τῶ
2058 1507 2449 1593 ἐλεημοσύνην,
2506 1512 2663 1593 φησὶ,
2710 1512 2784 1583 μὴ
2822 1515 3193 1585 ἐργαζομένῳ.
3236 1518 3297 1568 El
3333 1516 3390 1569 δὲ
3424 1520 3517 1572 ἐπὶ
3620 1585 3628 1593 .

1941 1590 2042 1661 τῆς
2076 1591 2320 1655 Παλαιᾶς
2348 1593 2508 1647 τοῦτο
2540 1590 2628 1665 ἦν,
2661 1595 2839 1667 πολλῷ
2886 1597 3085 1668 μᾶλλον
3123 1599 3216 1653 ἐπὶ
3249 1600 3352 1671 τῆς
3377 1603 3516 1654 Και-

1942 1675 2077 1743 νῆς·
2130 1674 2179 1726 εί
2216 1673 2346 1727 ἔνθα
2402 1675 2793 1748 συγκεχώρητο
2836 1680 3138 1749 χρημάτων
3188 1681 3379 1752 κτῆσις
3421 1685 3516 1736 καὶ

1941 1754 2242 1819 ἀπόλαυσις
2280 1758 2374 1810 καὶ
2408 1759 2717 1827 ἐπιμέλεια,
2758 1761 2997 1833 τοσαύτη
3033 1764 3263 1835 πρόνοια
3296 1766 3516 1833 ἐγένετο

1938 1839 2039 1907 τῆς
2078 1839 2159 1900 είς
2187 1839 2315 1901 τοὺς
2362 1838 2476 1911 [51]
2513 1842 2754 1910 πένητας
2784 1843 3060 1913 βοηθείας,
3094 1846 3248 1916 πόσῳ
3293 1848 3512 1917 μᾶλλον,

1940 1919 2069 1973 ἔνθα
2089 1921 2426 1992 κελευόμεθα
2466 1923 2645 1976 πάντα
2698 1926 2880 1995 ρῖψαιί
2914 1928 2956 1978 'I‘
2964 1926 2980 1977 ί
3015 1928 3124 1997 γὰρ
3160 1930 3261 1981 ούκ
3297 1931 3514 1984 ἐποίουν

1939 2005 2173 2069 ἐκείνοις
2215 2007 2479 2069 Δεκάτας,
2514 2008 2610 2060 καὶ
2645 2009 2811 2062 πάλιν
2838 2010 3070 2074 δεκάτας
3094 2012 3287 2083 ἐτέρας
3322 2017 3512 2086 παρεῖ-

1936 2103 2030 2156 χον
2049 2103 2062 2115 ⁸
2086 2090 2362 2158 ὀρφανοῖς,
2388 2091 2605 2160 χήραις,
2640 2091 3003 2162 προσηλύτοις
3033 2096 3325 2164 ἐπήρκουν.
3354 2098 3515 2151 Ἀλλά

1937 2171 2059 2239 ἐμοί
2093 2189 2177 2234 τις
2222 2171 2517 2242 θαυμάζων
2543 2174 2664 2227 τινὰ
2713 2174 2867 2243 ἔλεγε
2890 2192 2904 2206 ·
2960 2178 3205 2240 Δεκάτας
3245 2179 3457 2233 δίδωσιν
3485 2183 3515 2234 6

1935 2253 2103 2307 δεῖνα.
2122 2254 2302 2322 Πόσης
2328 2255 2591 2326 αἰσχύνης
2615 2256 2772 2309 τοῦτο
2793 2258 2970 2327 γέμει,
3000 2262 3048 2312 εί
3072 2260 3101 2312 ὃ
3132 2260 3225 2313 ἐπὶ
3252 2261 3361 2315 τῶν
3386 2263 3515 2315 Ἰου-

1934 2337 2099 2390 δαίων
2133 2339 2232 2390 ούκ
2260 2335 2327 2409 ἦν
2366 2338 2719 2409 θαυμασμοῦ,
2752 2340 2910 2412 τοῦτο
2937 2342 3150 2396 ἐπὶτῶν
3173 2344 3513 2415 Χριστιανῶν

1937 2418 2249 2489 θαυμαστὸν
2276 2420 2500 2488 γέγονεν
2522 2438 2535 2485 ;
2572 2423 2633 2474 Εἰ
2664 2422 2786 2474 τότε
2810 2422 3052 2488 κίνδυνος
3078 2420 3166 2494 ἦν,
3198 2425 3259 2477 τὸ
3280 2426 3514 2489 δεκάτας

1934 2501 2240 2568 ἀπολιπεῖν,
2284 2502 2539 2572 ἐννόησον
2577 2503 2703 2557 ὅσον
2748 2504 2867 2556 ἐστὶ
2911 2504 3024 2559 νῦν.
3073 2506 3137 2577 Ἡ
3174 2507 3311 2578 μέθη
3351 2507 3515 2561 πάλιν

1934 2585 1995 2637 ού
2032 2585 2361 2655 κληρονομεῖ
2393 2586 2493 2655 τὴν
2531 2585 2830 2655 βασιλείαν.
2875 2587 3035 2641 Ἀλλά
3075 2588 3158 2651 τίς
3183 2590 3211 2642 6
3250 2589 3359 2643 τῶν
3386 2590 3515 2644 πολ-

1934 2666 2042 2720 λῶν
2066 2668 2256 2735 λόγος;
2288 2667 2498 2720 Οὐκοῦν
2525 2670 2574 2721 εἰ
2612 2667 2769 2736 κάγὼ
2795 2669 3048 2733 κάκεῖνος
3074 2670 3133 2723 ἐν
3165 2672 3276 2733 τοῖς
3304 2671 3508 2736 αὐτοῖς,

1934 2750 1994 2802 ού
2026 2750 2199 2821 μικρὰ
2229 2750 2574 2820 παραμυθία.
2608 2751 2674 2804 Τί
2714 2746 2806 2805 οῦν
2842 2750 2912 2805 ἂν
2938 2751 3224 2830 εζποιμεν;
3262 2753 3513 2807 Μάλιστα

1937 2833 2058 2902 μὲν,
2082 2834 2143 2885 οὐ
2178 2833 2275 2903 τῆς
2306 2834 2476 2903 αὐτῆς
2501 2834 2565 2885 σὺ
2592 2833 2844 2897 κάκεῖνος
2866 2834 3197 2900 ἀπολαύσεις
3220 2853 3269 2888 τι
3279 2837 3508 2908 μωρίαςο

1933 2916 2109 2978 ἄλλως
2143 2915 2220 2979 δὲ,
2261 2915 2382 2967 οὐδὲ
2432 2916 2757 2985 παραμυθία
2797 2916 2954 2969 τοῦτό
2998 2918 3134 2970 ἐστι.
3173 2916 3307 2970 Τότε
3338 2919 3446 2990 γὰρ
3476 2921 3512 2991 ἠ

1935 2997 2193 3052 κοινωνία
2224 2996 2333 3050 τῶν
2366 2997 2556 3050 παθῶν
2584 2997 2697 3066 ἔχει
2732 2998 3514 3070 παραμυθίανίὸτανσύμμε-

1932 3077 2093 3153 τραῇ
2120 3081 2188 3134 τά
2224 3082 2405 3135 δεινά⁵
2441 3081 2570 3134 ὅταν
2608 3080 2665 3132 δὲ
2696 3080 3023 3153 ύπερϐαίνῃ,
3055 3082 3151 3135 καὶ
3178 3083 3235 3134 ὲν
3257 3084 3513 3137 ἐκστάσει

1931 3167 2083 3237 ἡμᾶς
2119 3167 2270 3235 ποιῇ,
2302 3164 2485 3217 οὐκέτι
2513 3162 2706 3233 ἀφίησι
2735 3163 2919 3216 λοιπὸν
2962 3164 3105 3233 ἔχειν
3135 3165 3512 3235 παραμυθίαν.

1934 3250 2069 3304 Εἰπὲ
2099 3249 2206 3319 γάρ
2232 3248 2310 3318 τῷ
2333 3247 2770 3321 καταικιζομένῳ
2791 3246 2885 3300 καὶ
2910 3247 2990 3310 είς
3015 3246 3114 3318 τὴν
3139 3249 3318 3319 πυρὰν
3348 3249 3514 3319 ἐμϐε-

1935 3333 2148 3403 ϐηκότι,
2179 3332 2261 3383 ὅτι
2298 3331 2406 3384 Καὶ
2434 3330 2461 3382 6
2493 3329 2643 3382 δεῖνα
2673 3329 2836 3382 τοῦτο
2867 3329 3069 3399 πάσχει
3088 3347 3100 3359 ·
3132 3330 3248 3384 ἀλλ’
3276 3332 3398 3385 οὐδὲ
3430 3334 3513 3386 αἰ-

1937 3417 2194 3487 σθήσεται
2232 3413 2333 3483 τῆς
2373 3411 2745 3484 παραμυθίας.
2778 3412 2916 3482 Οὐχὶ
2956 3413 3157 3477 πάντες
3180 3425 3202 3452 ο
3228 3415 3364 3485 όμοῦ
3407 3415 3515 3468 ἀπ-

1932 3500 2128 3554 ώλοντο
2142 3501 2190 3551 οἱ
2218 3497 2576 3568 Ἰσραηλῖται;
2596 3495 2753 3548 ποίαν
2772 3494 2928 3547 τοῦτο
2950 3496 3133 3559 αὐτοῖς
3159 3498 3515 3567 παραμυθίαν

1933 3578 2160 3653 ἐξρερενς
2200 3581 2321 3651 οὐχὶ
2358 3580 2556 3650 μᾶλλον
2588 3578 2720 3652 αὐτὸ
2748 3578 2907 3631 τοῦτο
2944 3580 3142 3642 αὐτοὺς
3168 3580 3390 3646 ἐλύπει;
3420 3581 3513 3634 Διὸ

1934 3669 2027 3722 καὶ
2060 3664 2282 3733 ἔλεγον⁹
2325 3661 2732 3730 ’Λπολώλαμεν,
2771 3660 3133 3731 ἐξολώλαμεν,
3181 3665 3510 3735 παρανηλώ-

1936 3750 2094 3822 μεθα.
2122 3748 2258 3801 Ποία
2285 3745 2468 3799 τοίνυν
2490 3744 2629 3814 αὕτη
2670 3743 3024 3815 παραμυθία;
3052 3746 3245 3817 Μάτην
3283 3748 3513 3811 ἑαυτοὺς

1932 3828 2405 3907 παραμυθούμεθα
2428 3828 2654 3891 ταύταις
2668 3830 2789 3890 ταῖς
2811 3826 3010 3881 ἐλπίσι.
3032 3827 3148 3882 Μία
3177 3829 3311 3901 μόνη
3336 3848 3514 3902 παρα..

1936 3919 2105 3991 μυθία
2142 3915 2278 3978 ἐστὶ,
2310 3912 2372 3966 τὸ
2434 3912 2510 3980 μὴ
2564 3912 2828 3981 ἐμπεσεῖν
2858 3912 2938 3975 είς
2982 3911 3044 3964 τὸ
3087 3911 3198 3982 πῦρ
3226 3913 3400 3968 ἐκεῖνο
3449 3914 3513 3968 τὸ

1934 4001 2225 4056 ἄσϐεστον*
2263 3995 2575 4068 ἐμπεσόντα
2604 3993 2662 4046 δὲ
2689 3995 2788 4047 οὐκ
2819 3993 2899 4046 ένι
2922 3994 3278 4065 παραμυθίας
3304 3999 3513 4067 τυχεῖν,

1934 4087 2061 4140 ἔνθα
2091 4086 2119 4138 6
2143 4083 2385 4155 βρυγμὸς
2414 4080 2522 4133 τῶν
2557 4078 2809 4140 ὀδόντων,
2838 4076 2966 4131 ἔνθα
2995 4079 3024 4130 6
3050 4079 3347 4149 κλαυθμὸς,
3382 4080 3512 4133 ἔνθα

1936 4168 2152 4238 σκώληξ
2189 4163 2566 4233 άτελεύτητος,
2602 4161 2732 4214 ἔνθα
2760 4159 2871 4230 πῦρ
2894 4160 3175 4215 ἄσϐεστον.
3208 4161 3512 4233 Ἐννοήσεις

1933 4254 2042 4325 γὰρ
2096 4252 2232 4313 ὅλως
2271 4248 2417 4313 τινὰ,
2470 4245 2592 4299 εἰπέ
2623 4262 2737 4315 μοι,
2771 4245 3148 4315 παραμυθίαν,
3177 4246 3234 4298 ἐν
3273 4245 3511 4325 τοσαύτῃ

1935 4335 2110 4404 θλίψει
2132 4333 2227 4387 καὶ
2254 4327 2584 4400 στενοχωρίᾳ
2607 4325 2718 4392 ὥν;
2749 4329 2805 4381 ἐν
2827 4326 3010 4397 σαυτῷ
3039 4326 3145 4397 γὰρ
3175 4327 3274 4399 ἔσῃ
3298 4324 3505 4381 λοιπόν.

1933 4418 2044 4489 Μὴ,
2060 4416 2249 4485 δέομαι
2266 4409 2696 4482 καὶπαρακαλῶ,
2715 4408 2790 4479 μὴ
2806 4409 3031 4471 ἑαυτοὺς
3048 4408 3171 4478 εἱκῆ
3187 4410 3507 4480 ἁπατῶμεν,

1934 4502 2029 4556 καὶ
2051 4499 2259 4560 τούτοις
2288 4498 2401 4558 τοῖς
2435 4492 2615 4560 λόγοις
2657 4489 3138 4561 παραμυθώμεθα,
3174 4491 3310 4546 ἀλλά
3336 4492 3511 4548 ταῦτα

1935 4584 2285 4655 πράττωμεν,
2319 4577 2460 4646 ἆπερ
2503 4576 2651 4645 ἡμᾶς
2687 4574 2861 4626 σῶσαι
2888 4574 3199 4644 δυνήσεται.
3237 4575 3509 4644 Συγκαθί-

1936 4683 2027 4719 σαι
2047 4662 2125 4733 τῷ
2150 4659 2372 4731 Χριστῷ
2395 4658 2707 4729 πρόκειται,
2737 4657 2833 4709 καὶ
2866 4656 2930 4709 σὺ
2962 4656 3320 4727 περὶτούτων
3345 4660 3508 4730 ἀκρι-

1934 4748 2165 4817 ϐολογῇ;
2207 4745 2269 4797 Εἰ
2307 4742 2416 4813 γάρ
2454 4740 2624 4812 μηδὲν
2659 4739 2848 4810 ἕτερον
2894 4734 2963 4811 ἦν
2994 4740 3337 4812 ἁμάρτημα,
3365 4741 3507 4813 ὑπὲρ

1934 4834 2042 4887 τῶν
2102 4830 2362 4902 ῥημάτων
2407 4824 2612 4887 τούτων
2660 4823 2837 4894 πόσην
2883 4824 3103 4877 κόλασιν
3144 4826 3293 4894 ἡμᾶς
3337 4825 3509 4897 ἐχρῆν

1935 4915 2251 4983 ὑποστῆναι,
2289 4911 2372 4964 δτι
2416 4908 2560 4962 οὕτω
2614 4907 2826 4972 νωθεῖς,
2865 4907 2946 4961 ὅτι
2995 4906 3139 4960 οῦτω
3171 4907 3510 4980 ταλαίπωροι

1934 4999 2028 5055 καὶ
2064 4993 2295 5069 ρᾁυμοί
2346 4994 2535 5064 ἐσμεν,
2564 4990 2639 5054 ὡς
2690 4991 2785 5044 καὶ⁵
2820 4988 3090 5060 τοσαύτης
3140 4993 3511 5063 προκειμένης

1933 5082 2100 5153 τιμῆς
2130 5079 2304 5132 ταῦτα
2332 5076 2543 5144 λέγειν;
2568 5076 2632 5129 Ὢ
2663 5074 2805 5128 πόσα
2826 5073 3122 5138 στενάξεις,
3146 5074 3273 5127 ὅταν
3301 5074 3513 5147 ἀκούσῃ

1933 5167 2055 5222 τότε
2085 5164 2212 5226 τοὺς
2235 5159 2669 5231 κατωρθωκότας
2704 5157 3074 5229 καλουμένους
3106 5159 3198 5210 ἐπὶ
3232 5158 3512 5227 βασιλείαν

1936 5249 2031 5303 καὶ
2061 5243 2436 5317 τιμωμένουςί
2464 5243 2593 5295 ὅταν
2621 5240 2737 5312 ἴδῃς
2762 5241 2871 5294 ἀπὸ
2900 5240 3101 5294 δούλων
3127 5242 3219 5295 καὶ
3247 5240 3354 5294 ἀπὸ
3385 5241 3511 5294 δυσ-

1937 5332 2108 5403 γενῶν
2130 5330 2283 5396 όλίγα
2313 5326 2589 5394 καμόντας
2625 5323 2877 5388 ἐνταῦθα,
2906 5323 2998 5376 τοῦ
3029 5324 3216 5394 θρόνου
3253 5323 3511 5393 μετέχον-

1938 5432 2036 5479 τας
2068 5415 2182 5467 ἐκεῖ
2210 5410 2304 5464 τοῦ
2359 5406 2637 5480 βασιλικοῦ
2675 5406 3000 5470 διαπαντόςί
3051 5406 3183 5475 Οὐχὶ
3216 5408 3316 5475 τῆς
3348 5405 3511 5459 κολάν-

1942 5498 2079 5562 σεώς
2129 5512 2211 5549 σοι
2263 5492 2436 5547 ταῦτα
2487 5491 2707 5562 χείρονα
2744 5490 2931 5552 ἕσταις
2984 5489 3045 5541 ΕΞ
3081 5489 3188 5557 γὰρ
3220 5489 3316 5542 νῦν
3371 5489 3513 5560 ὀρῶν

1940 5578 2362 5650 εὐδοκιμοῦντάς
2382 5593 2556 5640 τινας,
2577 5575 2669 5628 καὶ
2690 5574 2839 5627 οὐδὲν
2870 5573 3091 5640 πάσχων
3120 5571 3305 5634 κακὸν,
3333 5574 3511 5643 πάσης

1943 5664 2211 5737 τιμωρίας
2247 5664 2425 5733 χεῖρον
2455 5660 2615 5715 τοῦτο
2642 5656 2903 5728 νομίζεις,
2940 5655 3033 5708 κα)⁸
3061 5654 3165 5708 ὑπὸ
3194 5655 3382 5709 τούτου
3418 5658 3515 5727 μό-

2010 5846 2033 5874 “
2058 5843 2219 5893 Codex
2260 5854 2405 5898 unus,
2450 5838 2589 5911 mago
2629 5838 2822 5911 πάσχει.
2848 5836 2989 5911 φέρει
3026 5836 3349 5911 παραμυθίαεδς
3374 5837 3519 5884 οὐδα-

2010 5850 2033 5874 ε
2058 5850 2219 5893 Codex
2260 5854 2405 5898 unus,
2450 5856 2589 5887 τουτο
2629 5850 2822 5911 πάσχει.
2848 5850 2989 5954 «veg:
3026 5850 3349 5905 παραμυοιαεδς
3374 5850 3519 5884 ουσα-

1947 5906 2063 5966 μῶς.
2088 5907 2144 5952 Τί
2166 5904 2289 5966 λέγω
2313 5901 2652 5966 παραμυθίαη
2699 5897 2807 5947 ουδὲ
2832 5896 2913 5945 αἰσ
2953 5896 3110 5944 ’σεται
3132 5899 3159 5944 6
3178 5913 3397 5954 τοιουτος
3421 5914 3519 5946 πα-

1949 5964 2184 6028 ραμυθίας.
2207 5964 2326 6027 Ούχὶ
2348 5965 2528 6018 πάντες.
