4030 6502
240 371 306 425 57
1158 366 1221 420 IN
1266 367 1477 422 EPIST.
1522 370 1611 421 AD
1653 369 1782 422 El’ll

1939 370 2091 424 CAP.
2140 375 2201 427 ll.
2247 378 2475 435 ιιοΜηη
2518 381 2582 437 γ.
3438 398 3507 452 58

243 491 565 556 peccatum,
608 495 706 551 pro
749 481 832 536 his
879 480 1059 536 verbis
1105 493 1360 551 quantum
1406 498 1506 537 nos
1553 495 1825 553 oporteret

240 575 428 630 subire
473 574 831 643 supplicium;
858 573 998 641 quod
1043 574 1209 627 simus
1234 575 1370 629 adeo
1403 576 1613 643 ignavi,
1643 577 1825 631 miseri

235 674 291 720 et
321 664 585 719 socordes
607 704 622 728 ,
652 674 707 717 ut
736 671 884 717 tanto
914 663 1071 717 etiam
1101 665 1375 734 proposito
1404 667 1575 734 pretio
1594 665 1711 724 haec
1739 666 1823 721 di-

233 758 463 813 camus?
490 756 536 813 Ο
564 767 822 827 quantum
854 758 1174 828 ingemisces
1195 798 1209 820 ,
1233 759 1446 828 quando
1472 760 1707 815 audieris
1728 775 1822 815 eos

230 850 322 919 qui
350 850 491 902 bona
513 856 741 918 egerunt
766 851 941 903 vocari
972 850 1024 902 in
1052 865 1274 919 regnum
1314 860 1368 905 et
1410 850 1614 906 honore
1642 851 1821 906 affici?

228 942 457 1011 quando
481 940 683 997 videris
708 957 776 996 ex
802 944 974 997 servis
1000 952 1055 999 et
1083 943 1268 998 humili
1300 945 1419 999 loco
1444 947 1584 1001 natis
1608 963 1704 1002 eos
1729 948 1818 1017 qui

230 1048 426 1101 parum
465 1032 555 1088 hic
591 1032 937 1098 laborarunt,
970 1033 1149 1088 throni
1180 1036 1313 1104 regii
1341 1051 1462 1091 esse
1489 1038 1821 1107 participes?

224 1127 426 1179 Annon
459 1138 523 1179 ea
550 1132 709 1180 erunt
738 1124 830 1179 tibi
864 1125 1044 1194 pejora
1090 1127 1406 1195 punitione?
1432 1127 1565 1182 Nam
1591 1128 1643 1184 si
1676 1143 1819 1183 nunc

222 1217 500 1288 quosdam
523 1216 713 1271 videns
739 1230 997 1285 prospere
1023 1227 1243 1287 agentes
1259 1260 1272 1280 ,
1297 1218 1506 1273 etiamsi
1531 1218 1664 1273 nihil
1690 1220 1818 1274 mali

222 1310 451 1381 patiaris
471 1351 489 1375 ,
528 1308 631 1364 hoc
660 1309 808 1363 omni
846 1310 1111 1378 supplicio
1149 1313 1364 1379 gravius
1388 1321 1542 1381 putas
1562 1354 1577 1375 ,
1609 1312 1817 1367 discru-

220 1402 388 1457 ciaris
408 1443 425 1468 ,
458 1403 688 1473 teipsum
721 1401 870 1471 luges
899 1410 955 1456 et
999 1401 1312 1474 lacrymaris
1333 1446 1348 1470 ,
1390 1414 1445 1459 et
1472 1412 1523 1459 te
1551 1405 1814 1459 mortibus

1930 489 2075 543 mille
2104 489 2325 560 dignum
2368 510 2488 550 esse
2523 512 2748 553 censes:
2782 500 2907 570 quid
2941 513 3065 559 tunc
3096 504 3346 575 patieris?
3374 514 3505 567 Nam

1929 582 1973 635 si
2007 599 2111 636 non
2141 594 2287 639 esset
2314 587 2556 655 geheuna
2576 631 2591 654 ,
2619 592 2731 660 ipsa
2758 593 2827 647 de
2858 612 3022 667 regno
3052 601 3302 669 cogitatio
3326 620 3506 660 annon

1927 673 2201 730 sufﬁceret
2225 677 2292 731 ad
2324 680 2648 745 perdendum
2678 694 2730 737 et
2758 686 2823 739 ad
2846 688 3176 747 afferendum
3199 697 3508 752 interitum?

1928 766 2078 835 Quod
2102 779 2279 824 autem
2308 787 2397 826 res
2429 774 2499 825 ita
2528 776 2597 827 sit
2626 791 2684 829 se
2714 778 2955 835 habitura
2976 823 2990 845 ,
3020 786 3151 839 satis
3172 786 3304 843 disci
3328 799 3509 856 potest

1924 873 1989 912 ex
2034 875 2211 914 rerum
2243 864 2594 929 experientia.
2625 866 2701 921 Ne
2730 883 2829 924 nos
2858 886 2987 942 ergo
3024 884 3224 931 temere
3263 878 3503 935 oblecte-

1925 965 2046 1005 mus
2074 960 2129 1005 et
2172 953 2514 1009 consolemur
2558 956 2864 1027 hujusmodi
2892 964 3069 1020 verbis
3088 1007 3102 1029 ,
3131 967 3224 1023 sed
3254 973 3501 1025 attenda—

1926 1058 2043 1095 mus
2069 1083 2083 1108 ,
2113 1053 2168 1097 et
2194 1044 2382 1100 Salutis
2408 1056 2606 1102 nostra:
2631 1064 2814 1104 curam
2840 1067 3110 1123 geramus,
3133 1068 3186 1113 et
3215 1060 3282 1117 de
3306 1063 3502 1120 virtute

1924 1135 2092 1188 simus
2132 1135 2382 1201 solliciti,
2410 1147 2464 1191 et
2506 1140 2570 1192 ad
2614 1140 2747 1194 bona
2781 1144 3010 1211 gerenda
3044 1162 3142 1201 nos
3170 1153 3496 1217 excitemus.

1924 1235 1984 1279 ιιι
2011 1226 2155 1294 digni
2186 1226 2478 1282 haheamnr
2520 1231 2609 1299 qui
2643 1240 2840 1286 tantam
2867 1250 3214 1306 assequamur
3238 1244 3461 1313 gloriam
3483 1286 3500 1311 ,

1924 1316 1976 1370 in
2010 1315 2226 1373 Christo
2253 1317 2378 1373 Jesu
2406 1320 2629 1375 Domino
2659 1334 2863 1379 nostro.

227 1536 3495 1565 ww

1656 1612 2004 1674 HOMILIA
2046 1613 2125 1672 V'.

222 1756 358 1812 CAP.
389 1756 445 1810 2.
477 1772 528 1811 ν.
562 1759 650 1813 11.
689 1757 903 1829 Propter
930 1758 1066 1828 quod
1093 1774 1335 1812 memores
1366 1766 1520 1811 estote
1544 1756 1681 1827 quod
1708 1755 1809 1810 ali-

293 1852 500 1922 quando
543 1870 630 1906 vos
669 1853 823 1907 eratis
861 1862 1031 1923 gentes
1072 1852 1125 1906 in
1168 1866 1341 1916 carne,
1383 1851 1471 1918 qui
1510 1848 1810 1904 dicebamini

292 1946 601 2014 prceputium
635 1945 698 1997 ab
738 1961 798 1998 ea
832 1959 945 2014 qua:
986 1944 1169 1997 dicitur
1209 1943 1525 1996 circumcisio
1564 1942 1617 1994 in
1658 1956 1811 1995 carne

289 2041 590 2106 manufacta
610 2053 627 2091 :
647 2038 730 2091 12.
748 2038 868 2107 quia
883 2038 1034 2091 eratis
1053 2036 1143 2090 illo
1159 2036 1211 2089 in
1227 2046 1449 2104 tempore
1466 2035 1572 2088 sine
1587 2033 1805 2096 Christo,

287 2128 502 2180 alienati
523 2144 555 2180 a
572 2128 949 2182 conversatione
966 2125 1152 2192 Israel,
1176 2135 1223 2179 et
1248 2126 1469 2195 hospites
1490 2132 1809 2178 testamento-

290 2235 408 2271 rum
441 2220 812 2288 promissionis,
841 2235 978 2291 spem
1006 2234 1107 2273 non
1137 2217 1392 2284 habentes,
1421 2227 1468 2273 et
1490 2218 1598 2272 sine
1622 2217 1730 2273 Deo
1754 2218 1809 2272 in

288 2310 387 2362 hoc
414 2308 627 2364 mundo.

286 2401 341 2455 1.
372 2399 535 2454 Multa
566 2400 855 2456 ostendunt
878 2400 972 2457 Dei
999 2400 1381 2470 benignitatem
1407 2408 1460 2455 et
1485 2413 1722 2454 amorem
1752 2399 1803 2452 in

219 2490 469 2547 homines
495 2510 510 2545 :
534 2492 787 2561 primum,
811 2490 953 2561 quod
981 2506 1077 2562 per
1105 2504 1166 2546 se
1196 2492 1373 2546 salvos
1400 2491 1603 2550 fecerit,
1629 2498 1685 2544 et
1711 2504 1805 2557 per

216 2594 275 2635 se
320 2581 417 2635 tali
458 2581 668 2636 modo:
699 2582 935 2637 secundo
964 2623 981 2649 ,
1021 2582 1164 2652 quod
1208 2596 1330 2636 cum
1368 2581 1552 2651 quales
1587 2593 1803 2635 eramus

218 2671 404 2727 salvos
436 2671 626 2727 fecerit
650 2690 664 2726 :
690 2673 848 2727 tertio
870 2714 886 2739 ,
912 2688 1018 2742 quo
1048 2688 1146 2727 nos
1175 2671 1474 2727 deduxerit.
1504 2670 1628 2724 Haec
1657 2669 1798 2725 enim

213 2766 395 2819 omnia
424 2781 522 2835 per
547 2780 608 2821 se
637 2768 918 2820 maximam
944 2764 1142 2821 habent
1163 2765 1538 2819 iudicationem
1567 2763 1682 2832 ejus
1704 2762 1803 2815 be-

212 2856 491 2925 nignitatis
516 2874 530 2910 :
552 2865 607 2910 et
634 2856 747 2911 haec
773 2857 950 2910 omnia
970 2856 1167 2911 Paulus
1190 2871 1332 2910 nunc
1353 2854 1594 2908 scribens
1614 2852 1796 2923 agitat.

213 2946 386 3014 Dixit,
418 2948 562 3018 quod
592 2963 712 3003 cum
741 2961 984 3003 essemus
1011 2947 1204 3002 mortui
1233 2946 1442 3002 delictis
1467 2955 1521 3000 et
1548 2946 1639 2999 lilii
1668 2946 1793 3010 ira},

212 3055 310 3096 nos
360 3041 545 3095 salvos
592 3040 824 3096 fecerit:
857 3054 1000 3095 nunc
1045 3039 1173 3094 dicit
1217 3038 1412 3109 quibus
1460 3051 1560 3092 nos
1612 3036 1799 3092 fecerit

211 3131 472 3201 :rquales,
500 3140 555 3186 et
584 3131 703 3186 ideo
727 3131 876 3195 dicit,
906 3130 1156 3184 Memores
1179 3140 1350 3183 estote.
1381 3128 1626 3183 Solemus
1652 3127 1793 3183 enim

208 3237 435 3287 omnes,
463 3222 678 3293 quando
719 3223 787 3277 ab
832 3222 1017 3275 humili
1063 3220 1346 3275 admodum
1383 3219 1690 3275 conditione
1726 3217 1794 3273 ad

206 3317 537 3370 contrariam
564 3324 619 3371 et
646 3316 694 3370 ei
724 3332 788 3369 ex
817 3315 1044 3370 adverso
1074 3314 1486 3384 respondentem
1512 3321 1605 3367 aut
1630 3311 1791 3367 etiam

206 3408 468 3476 majorem
485 3408 655 3463 evecti
671 3406 929 3461 fuerimus
944 3405 1223 3471 honorem,
1237 3420 1306 3461 ne
1324 3406 1558 3476 priorum
1576 3404 1790 3475 quidem

204 3498 521 3552 meminisse
544 3538 558 3562 ,
591 3506 651 3552 ut
691 3498 779 3568 qui
820 3498 906 3552 illa
949 3502 1244 3551 nutriamur
1282 3497 1471 3567 gloria.
1503 3497 1789 3566 Propterea

202 3587 369 3650 dicit,
420 3586 641 3657 Pr0pter
681 3588 816 3657 quod
858 3604 1099 3641 memores
1142 3597 1313 3641 estote.
1356 3586 1576 3655 PrOpter
1616 3586 1785 3657 quod,

201 3678 513 3747 quodnam?
540 3678 690 3746 Quod
712 3680 879 3733 creati
910 3694 1093 3733 sumus
1120 3680 1171 3733 in
1201 3679 1451 3749 operibus
1479 3678 1651 3733 bonis.
1677 3679 1787 3734 Hoc

201 3781 386 3823 autem
412 3769 611 3824 sufficit
632 3770 697 3824 ad
721 3771 875 3825 nobis
898 3769 1323 3840 persuadendum
1348 3778 1403 3823 ut
1426 3785 1607 3824 curam
1634 3785 1787 3839 gera-

201 3876 327 3914 mus
357 3860 590 3914 virtutis.
624 3859 880 3915 Memores
915 3870 1089 3915 estote.
1131 3861 1337 3916 Sufficit
1374 3862 1515 3916 enim
1547 3860 1635 3915 illa
1666 3875 1784 3916 me-

199 3953 375 4007 moria
408 3954 473 4007 ad
498 3963 677 4023 gratos
701 3963 756 4009 et
784 3969 1049 4009 memores
1075 3953 1375 4009 reddendos
1398 3954 1450 4008 in
1475 3953 1781 4008 benefacto-

199 4059 339 4100 rem.
377 4046 528 4112 Quod
562 4062 647 4101 vos
693 4048 967 4118 aliquando
1006 4057 1195 4118 gentes.
1237 4047 1370 4103 Vide
1411 4048 1678 4117 quomodo
1718 4064 1781 4103 ea

197 4136 473 4206 deprimat
496 4137 687 4205 quibus
710 4137 881 4193 Judaei
908 4138 1305 4208 prtecellcbant,
1329 4147 1383 4193 et
1406 4154 1467 4193 ea
1491 4139 1781 4194 admiretur

198 4228 397 4295 quibus
414 4238 604 4297 gentes
622 4239 773 4284 erant
796 4229 1072 4285 inferiores
1093 4247 1107 4295 ;
1131 4247 1248 4301 qua:
1268 4230 1481 4300 quidem
1504 4247 1607 4284 non
1629 4237 1780 4285 erant

198 4318 511 4386 hujusmodi
554 4327 614 4372 ut
648 4319 927 4374 inferiores
953 4334 1046 4375 eos
1072 4320 1391 4385 redderent,
1436 4321 1528 4375 sed
1561 4336 1591 4373 a
1620 4321 1779 4375 modo

196 4420 255 4463 et
284 4410 392 4462 vita
428 4411 661 4479 utrisque
687 4411 989 4480 persuadet.
1013 4411 1111 4479 Qui
1131 4411 1430 4466 dicebamt‘ni
1450 4413 1772 4482 prteputium.

202 4498 263 4554 In
308 4500 486 4554 verbis
525 4511 640 4555 erat
680 4500 887 4566 honor,
925 4502 978 4556 in
1018 4518 1179 4557 carne
1220 4504 1566 4573 praerogativa
1600 4521 1612 4556 :
1642 4502 1775 4557 nihil

194 4592 342 4644 enim
389 4602 470 4645 est
516 4592 867 4662 prteputium,
912 4592 1045 4649 nihil
1089 4593 1443 4647 circumcisio.
1473 4593 1548 4646 Ab
1577 4609 1636 4646 ea
1663 4609 1775 4663 qua:

190 4683 385 4735 dicitur
404 4722 418 4743 ,
450 4683 647 4753 inquit,
679 4684 993 4736 circumcisio
1020 4685 1071 4736 in
1095 4701 1247 4737 carne
1280 4688 1591 4756 manufacta.
1623 4685 1773 4750 Quod

186 4775 346 4825 eratis
372 4773 467 4826 illo
492 4784 713 4843 tempore
735 4776 843 4829 sine
872 4775 1090 4840 Christo,
1120 4777 1328 4829 alienati
1346 4793 1377 4829 a
1396 4779 1771 4832 conversatione

186 4862 394 4927 Israel,
430 4876 477 4917 et
506 4866 726 4935 hospites
770 4876 1178 4920 testamentorum
1221 4867 1599 4937 promissionis,
1628 4885 1767 4938 spem

184 4971 287 5007 non
319 4956 579 5021 habentes,
610 4966 658 5009 et
698 4956 808 5009 sine
837 4955 941 5010 Deo
970 4958 1022 5010 in
1053 4957 1263 5012 mundo.
1297 4956 1421 5021 Vos,
1453 4958 1644 5028 inquit,
1672 4960 1764 5029 qui

182 5047 284 5101 hoc
314 5050 582 5101 vocamini
610 5065 638 5101 a
670 5049 889 5103 Judzcis.
922 5050 1028 5104 Cur
1056 5060 1233 5104 autem
1261 5066 1380 5105 cum
1409 5061 1552 5106 esset
1580 5063 1763 5107 osten-

180 5156 341 5193 ειη-ηε
372 5141 427 5194 in
457 5141 558 5194 hoc
587 5142 664 5195 eis
689 5142 938 5195 collatum
970 5142 1133 5197 fuisse
1164 5142 1478 5198 beneficium
1501 5144 1641 5214 quod
1668 5159 1763 5199 eos

182 5234 369 5286 fecerit
402 5234 717 5287 societatem
737 5232 936 5287 habere
956 5249 1072 5287 cum
1098 5234 1314 5297 lsraelc,
1339 5250 1522 5288 rursus
1548 5235 1758 5289 lsraeli-

180 5325 339 5377 ticnm
364 5339 471 5376 non
496 5325 747 5392 deprimit
769 5324 1101 5393 dignitatem,
1130 5326 1221 5379 sed
1248 5342 1365 5380 eam
1392 5327 1442 5380 in
1474 5327 1555 5381 his
1582 5327 1755 5381 extol-

179 5415 278 5465 lit?
315 5414 537 5466 Extollit
564 5415 615 5466 in
649 5415 712 5468 iis
741 5432 858 5484 qua:
896 5425 1017 5468 sunt
1045 5418 1342 5470 necessaria
1364 5459 1379 5481 ,
1410 5418 1459 5470 in
1490 5418 1554 5471 iis
1581 5427 1754 5472 autem

175 5504 434 5572 deprimit
469 5504 521 5557 in
565 5505 756 5573 quibus
784 5506 861 5559 eis
898 5523 1002 5560 non
1044 5505 1139 5559 fuit
1168 5508 1414 5561 societas.
1452 5508 1754 5564 Procedens

174 5595 316 5645 cuitu
347 5593 507 5659 dicit,
542 5592 681 5649 Estis
720 5597 846 5649 cives
876 5608 1163 5650 sanctorum
1204 5608 1248 5651 et
1275 5600 1529 5652 domestici
1555 5599 1651 5655 Dei
1679 5602 1749 5673 (υ.

174 5683 282 5750 19).
324 5684 460 5739 Vide
488 5687 760 5756 quomodo
790 5704 892 5742 non
922 5689 1169 5758 deprimit
1196 5707 1207 5742 :
1235 5690 1377 5752 llaec,
1409 5692 1596 5761 inquit,
1627 5702 1750 5747 sunt

171 5772 550 5832 hdiﬂcrenlia.
577 5775 656 5831 Ne
682 5779 1019 5843 existimetis,
1054 5780 1241 5848 inquit,
1268 5797 1359 5835 vos
1389 5784 1743 5837 circumcisio-

485 5869 755 5932 PATROL.
802 5872 917 5932 Gn.
969 5874 1153 5938 LXII.

1920 1768 2045 1808 nem
2078 1769 2182 1808 non
2225 1766 2624 1824 consequutos,
2670 1775 2735 1812 co
2775 1766 2915 1830 quod
2959 1767 3075 1821 sitis
3115 1769 3165 1822 in
3198 1777 3457 1841 prmputio
3482 1818 3497 1839 ,

1916 1845 2147 1914 aliquam
2176 1845 2375 1901 habere
2402 1846 2779 1905 differentiam.
2813 1854 2927 1909 lloc
2952 1868 3068 1912 erat
3095 1875 3257 1929 grave
3286 1882 3348 1918 at:
3375 1883 3463 1918 mo
3483 1898 3495 1908 -

1915 1934 2131 2002 lestum,
2160 1937 2302 2007 quod
2325 1948 2507 1993 essent
2527 1940 2642 1996 sine
2663 1943 2895 2010 Christo,
2920 1951 3060 2015 quod
3083 1964 3261 2007 essent
3278 1958 3495 2013 alienati

1912 2038 1941 2075 a
1967 2028 2377 2083 conversatione
2404 2029 2608 2095 lsrael',
2638 2032 2738 2088 hoc
2764 2046 2940 2092 autem
2971 2057 3075 2095 non
3099 2052 3181 2097 est
3205 2060 3492 2103 conversa-

1914 2117 1988 2170 tio
2018 2135 2031 2170 :
2063 2119 2204 2188 quod
2234 2134 2365 2175 vero
2394 2132 2577 2177 essent
2607 2123 2844 2195 hospites
2886 2140 3323 2193 testamentorum
3367 2157 3493 2209 ιιι-υ-

1911 2208 2185 2263 missionis
2211 2252 2225 2275 ,
2259 2212 2400 2280 quod
2436 2229 2540 2269 non
2582 2214 2842 2273 haberent
2870 2236 3018 2291 spem
3050 2224 3280 2282 futuram
3304 2271 3319 2295 ,
3350 2208 3495 2300 quod

1909 2312 2091 2356 essent
2120 2304 2172 2356 in
2214 2303 2314 2359 hoc
2343 2306 2540 2360 mundo
2565 2309 2681 2364 sine
2710 2310 2821 2366 Deo
2854 2331 2867 2369 :
2900 2314 3013 2371 hzcc
3039 2321 3216 2376 omnia
3244 2335 3397 2379 crant
3426 2327 3491 2379 il-

1910 2390 2105 2446 lorum.
2142 2393 2284 2449 Dixit
2309 2395 2377 2451 de
2422 2398 2580 2453 rebus
2619 2401 2957 2469 caelestibus;
2989 2407 3117 2463 dicit
3146 2412 3304 2468 etiam
3331 2416 3398 2470 de
3429 2418 3492 2472 iis

1907 2498 2026 2552 qua:
2054 2495 2179 2540 sunt
2209 2501 2371 2557 super
2397 2497 2619 2558 terram,
2642 2495 2890 2561 quoniam
2913 2497 2979 2553 de
3006 2500 3135 2569 ipsis
3172 2502 3342 2560 Juda:i
3379 2524 3493 2562 ma-

1904 2588 2062 2643 gnam
2096 2575 2360 2631 habebant
2387 2580 2837 2638 existimationem
2864 2599 2917 2642 et
2943 2589 3188 2658 gloriam.
3223 2593 3295 2649 Ita
3327 2599 3487 2653 etiam

1903 2664 2151 2722 Christus
2178 2671 2461 2728 consolans
2482 2674 2795 2752 discipulos,
2824 2690 3103 2750 postquam
3133 2672 3287 2755 dixit,
3316 2689 3483 2757 Beati,

1909 2762 2000 2828 qui
2014 2767 2440 2835 persequutionem
2458 2772 2719 2839 patiuntur
2740 2786 2945 2844 prapter
2954 2778 3227 2848 justitiam,
3246 2786 3488 2852 quoniam

1907 2853 2132 2921 ipsorum
2152 2868 2224 2911 est
2246 2875 2455 2929 regnum
2475 2863 2735 2929 arctorum,
2762 2868 2910 2934 ponit
2932 2868 2983 2923 id
3004 2873 3143 2941 quod
3170 2885 3254 2929 est
3273 2879 3447 2933 minus
3468 2900 3481 2934 :

1908 2945 1999 3001 Sic
2036 2950 2169 3002 enim
2213 2955 2499 3021 persequuti
2535 2966 2651 3009 sunt
2696 2960 2967 3028 prophetas
3008 2965 3094 3030 qui
3124 2970 3330 3035 fuerunt
3367 2982 3489 3027 ante

1904 3050 1990 3091 vos
2019 3037 2228 3108 (Matth.
2268 3042 2323 3096 5.
2361 3043 2448 3098 10.
2480 3045 2592 3116 12).
2637 3047 2767 3102 Nam
2807 3051 2910 3107 hoc
2948 3054 3200 3125 quidem,
3234 3061 3373 3129 quod
3412 3065 3480 3118 ad

1904 3130 2319 3200 magnitudinem
2348 3136 2557 3199 attinet.
2587 3147 2669 3193 est
2698 3140 2909 3198 minus:
2933 3144 2979 3198 si
3006 3157 3275 3215 spectetur
3301 3162 3479 3210 autem

1902 3221 2047 3290 quod
2077 3237 2244 3293 prope
2273 3228 2383 3280 sint
2409 3238 2463 3281 et
2491 3230 2854 3299 crediderint,
2887 3245 2971 3290 est
3001 3253 3253 3308 magnum
3284 3253 3339 3297 et
3366 3246 3481 3299 suf-

1901 3309 2106 3376 ﬁciens,
2138 3322 2193 3367 et
2220 3330 2460 3386 magnam
2491 3320 2595 3373 vim
2625 3320 2803 3378 habet.
2837 3324 2947 3381 Hoc
2971 3342 3099 3399 ergo
3122 3340 3256 3398 erat,
3282 3332 3482 3403 habere

1900 3408 2388 3463 conversationem.
2414 3410 2528 3464 Non
2556 3411 2709 3478 dixit,
2738 3414 2978 3485 Separati
2999 3460 3015 3486 ,
3041 3422 3169 3489 sed,
3195 3425 3416 3482 Alienati
3443 3448 3479 3485 a

1897 3499 2291 3553 conversatione.
2320 3501 2435 3555 Non
2456 3502 2609 3569 dixit,
2634 3504 2747 3561 Non
2770 3510 3130 3577 attendentes,
3154 3518 3269 3585 sed,
3293 3518 3477 3590 Neque

1898 3588 2277 3659 participantes
2300 3633 2316 3658 ,
2349 3602 2404 3647 et
2435 3592 2694 3663 Hospites.
2726 3598 2909 3669 Magna
2940 3613 3023 3657 est
3050 3607 3332 3665 verborum
3359 3588 3477 3668 cm-

1896 3678 2099 3748 phasis,
2128 3698 2370 3755 magnam
2392 3688 2681 3743 ostendens
2709 3694 3121 3760 separationem.
3149 3698 3283 3755 Nam
3309 3706 3469 3760 etiam

1896 3770 2150 3827 Israelita:
2180 3784 2332 3830 erant
2359 3787 2510 3831 extra
2541 3783 3037 3851 conversationem,
3066 3790 3159 3844 sed
3190 3806 3295 3846 non
3331 3803 3468 3849 tam-

1894 3878 2053 3931 quam
2083 3864 2241 3919 alieni
2264 3907 2279 3934 ,
2313 3883 2495 3923 verum
2528 3879 2794 3941 tamquam
2838 3876 2972 3945 pigri
3011 3889 3065 3933 ct
3091 3881 3343 3938 desidiosi
3368 3927 3383 3949 ,
3413 3898 3469 3942 et

1891 3954 2207 4010 exciderunt
2225 3972 2253 4009 a
2278 3961 2629 4023 testamentis,
2648 3964 2741 4017 sed
2760 3980 2865 4019 non
2890 3976 3153 4038 tamquam
3178 3976 3464 4044 peregrini.

1890 4046 2145 4113 Qutenam
2171 4059 2348 4106 autem
2377 4065 2530 4109 erant
2561 4066 2874 4112 teSIatnenta
2907 4063 3323 4129 promissionis?
3351 4070 3465 4126 Tibi

1887 4148 1932 4190 et
1958 4141 2135 4194 semini
2159 4151 2244 4195 tuo
2266 4143 2394 4198 dabo
2424 4157 2607 4199 terram
2637 4149 2765 4203 hanc
2793 4148 2946 4219 (Gen.
2980 4155 3067 4210 15.
3093 4158 3202 4226 15),
3230 4168 3285 4215 et
3310 4176 3460 4232 qure-

1885 4243 2112 4297 cumque
2138 4234 2240 4288 alia
2270 4238 2533 4305 promisit.
2564 4239 2740 4308 Spem,
2772 4243 2959 4313 inquit,
2993 4263 3093 4300 non
3123 4249 3379 4316 habentes,
3412 4264 3460 4309 et

1884 4322 1993 4375 sine
2014 4322 2147 4379 Deo.
2174 4326 2334 4395 Atqui
2358 4327 2487 4382 deos
2511 4330 2803 4386 adorabunt
2823 4375 2836 4398 ,
2871 4335 2963 4388 sed
2994 4353 3096 4391 non
3124 4351 3276 4396 erant
3299 4360 3311 4394 :
3339 4344 3458 4396 ido.

1884 4412 1993 4468 lum
2020 4418 2160 4469 enim
2193 4418 2321 4472 nihil
2354 4429 2455 4473 est.
2490 4423 2571 4477 15.
2608 4422 2762 4478 Nunc
2790 4436 2956 4479 autem
2992 4430 3043 4481 in
3072 4429 3271 4486 Christo
3294 4434 3416 4489 Jesu
3436 4478 3453 4503 ,

1880 4520 1986 4569 vos,
2009 4508 2096 4577 qui
2115 4508 2391 4576 aliquando
2416 4522 2566 4567 eratis
2591 4515 2757 4584 longe,
2786 4519 2911 4585 facti
2932 4521 3051 4573 estis
3077 4540 3233 4593 prope
3261 4526 3311 4578 in
3338 4545 3455 4581 san-

1880 4596 2032 4665 guine
2060 4597 2266 4652 Christi.
2306 4600 2391 4653 11.
2430 4599 2551 4670 Ipse
2590 4605 2721 4656 enim
2756 4615 2828 4659 est
2864 4624 2967 4676 pax
2998 4622 3191 4678 nostra,
3223 4616 3308 4680 qui
3337 4620 3455 4688 [erit

1879 4694 2087 4755 utraque
2124 4704 2315 4754 unum,
2358 4698 2404 4743 et
2448 4693 2664 4745 medium
2695 4697 2933 4764 parietem
2963 4704 3193 4755 maceriae
3216 4707 3413 4762 solvens
3432 4752 3449 4777 ,

1877 4775 2165 4831 inimicitias
2185 4778 2237 4831 in
2257 4795 2407 4834 carne
2425 4798 2533 4835 sua.
2560 4782 2669 4837 lloc
2690 4794 2773 4838 est
2793 4802 2939 4856 ergo,
2964 4789 3154 4860 inquit,
3174 4775 3446 4867 magnum,

1874 4867 2013 4933 quod
2044 4870 2285 4923 venimus
2329 4871 2379 4924 in
2422 4871 2726 4928 Judmorum
2772 4884 3277 4963 couvgrsatiouem?
3318 4891 3445 4958 quid

1871 4958 2044 5015 dicis?
2067 4978 2413 5033 quaecumque
2441 4976 2565 5019 sunt
2592 4967 2642 5021 in
2673 4970 2818 5023 (χεῦε
2846 4978 2901 5026 et
2916 4958 3047 5043 qua:
3070 4986 3195 5032 sunt
3222 4978 3272 5033 in
3302 4990 3444 5037 terra

1870 5051 2187 5108 instauravit
2228 5063 2283 5109 et
2325 5057 2378 5109 in
2420 5073 2580 5111 unam
2626 5074 2888 5115 summam
2933 5065 3174 5137 redegit,
3211 5079 3266 5124 et
3303 5088 3444 5127 nunc

1867 5143 2001 5198 dicis
2021 5145 2088 5199 de
2108 5145 2393 5201 lsraelitis?
2414 5147 2593 5216 Certe,
2620 5150 2806 5220 inquit.
2831 5153 2963 5209 Nam
2988 5157 3073 5210 illa
3096 5160 3308 5229 quidem
3336 5164 3442 5219 fide

1864 5244 2075 5303 oportet
2113 5251 2422 5302 assumere,
2466 5238 2579 5295 haec
2624 5252 2801 5297 autem
2843 5246 3004 5301 etiam
3045 5249 3192 5303 factis
3228 5252 3357 5319 ipsis
3385 5264 3441 5309 et

1863 5326 2135 5394 Operibus.
2168 5328 2318 5381 Nunc
2348 5339 2513 5383 autem
2540 5333 2592 5384 in
2619 5332 2815 5388 Christo
2836 5336 2985 5404 Iesu,
3016 5339 3202 5408 inquit,
3233 5358 3317 5395 vos
3344 5346 3434 5412 qni

1861 5418 2133 5484 aliquando
2159 5421 2309 5473 eratis
2337 5420 2504 5490 longe,
2531 5426 2653 5491 [acti
2678 5426 2794 5478 estis
2823 5444 2978 5496 prope
3006 5431 3074 5481 ad
3097 5435 3433 5487 conversatio-

1860 5525 1992 5562 nem.
2020 5508 2149 5562 Nam
2184 5510 2311 5563 illud
2343 5512 2497 5582 longe
2525 5525 2577 5568 et
2607 5516 2732 5570 illud
2765 5533 2949 5587 prepe,
2979 5529 3060 5574 est
3088 5520 3253 5576 solius
3279 5524 3433 5581 liberi

1857 5601 2060 5654 arbitrii
2088 5611 2142 5655 et
2168 5602 2462 5659 electionis.
2492 5603 2614 5675 Ipse
2634 5618 2705 5661 est
2726 5610 2856 5664 enim
2886 5627 2989 5680 pax
3013 5622 3184 5667 nostra
3202 5616 3285 5685 qui
3312 5618 3431 5689 fecit

1857 5703 2063 5761 utraque
2091 5709 2265 5747 unum.

1928 5786 1981 5838 Ξ.
2017 5787 2149 5853 Quid
2193 5790 2291 5846 hoc
2328 5800 2405 5846 est
2434 5832 2447 5859 ,
2482 5790 2703 5861 Utraque
2740 5795 2940 5847 unum?
2969 5794 3081 5849 Non
3127 5798 3223 5854 hoc
3265 5800 3426 5867 dicit,
