4002 6524
505 384 568 440 3‘9
718 396 721 397 '
1282 379 1337 432 S.
1378 371 1652 429 JUANNIS
1687 366 2150 423 CHRYSOSTOMI
2190 364 2506 419 ARCHIEP.
2545 364 3070 423 CONSTANTINOP.
3708 374 3787 427 tm

511 504 659 574 quod
696 518 792 557 nos
822 500 1057 557 evexerit
1078 496 1151 550 ad
1184 495 1333 550 illam
1361 491 1573 561 generis
1601 489 1965 549 nobilitatem,
1997 484 2089 539 sed

512 611 560 649 et
594 598 734 665 quod
775 608 873 646 nos
913 601 966 645 et
1006 591 1125 643 illos
1163 585 1227 638 ad
1268 584 1565 651 majorem;
1607 581 1777 647 majus
1808 590 1981 631 tamen
2012 584 2093 631 est

513 689 831 742 heuelicium
863 699 967 751 quo
1011 695 1110 733 nos
1137 677 1312 731 aliecli
1344 689 1548 728 sumus.
1580 673 1709 726 Nam
1748 672 1855 724 illis
1880 670 2093 739 quidem

515 794 569 834 et
612 779 929 849 promissum
970 773 1177 835 fuerat,
1222 780 1277 824 et
1314 777 1467 822 erant
1508 766 1607 834 ipsi
1646 764 2091 835 propinquiores;

515 876 669 928 nobis
686 881 862 924 autem
887 882 982 919 nec
1003 864 1341 935 promiserat,
1356 869 1412 915 et
1426 872 1639 914 eramus
1662 856 1885 925 longius.
1900 854 2097 938 Quam-

514 970 696 1021 obrem
720 965 869 1026 dicit,
895 956 1077 1015 Gentes
1097 966 1264 1011 autem
1305 970 1396 1022 pro
1434 950 1781 1006 misericordia
1812 947 2098 1016 gloriﬁcare

517 1058 677 1110 Deum
704 1054 879 1124 ('Rom.
909 1052 994 1106 15.
1018 1050 1098 1116 9).
1123 1047 1449 1102 Promiserat
1470 1041 1684 1112 quidem
1708 1039 1978 1099 lsraclitis,
2003 1034 2097 1089 sed

516 1158 667 1204 erant
711 1145 949 1214 indigni;
1003 1142 1155 1195 nobis
1204 1149 1380 1191 autem
1435 1150 1540 1189 non
1593 1131 1949 1201 promiserat,
2004 1126 2098 1180 sed

518 1242 756 1309 hospites
776 1250 990 1293 eramus
1012 1253 1022 1287 :
1046 1234 1176 1287 nihil
1201 1241 1312 1286 erat
1338 1230 1491 1283 nobis
1511 1242 1630 1281 cum
1650 1226 1777 1294 ipsis
1794 1236 2095 1283 commune,

518 1345 571 1388 et
603 1349 699 1387 nos
729 1331 853 1385 fecit
880 1343 1061 1385 unum,
1099 1341 1206 1378 non
1237 1336 1334 1376 nos
1362 1320 1465 1375 illis
1490 1318 1844 1386 conjungens,
1874 1313 1968 1367 sed
2000 1326 2101 1365 nos

519 1436 575 1479 et
601 1426 721 1478 illOs
744 1438 904 1475 unum
929 1419 1147 1472 faciens.
1175 1416 1353 1468 Dicam
1376 1421 1554 1465 autem
1572 1406 1874 1475 exemplum
1901 1421 1912 1454 :
1940 1416 2103 1471 pona-

520 1532 639 1570 mus
665 1529 784 1569 esse
810 1514 942 1565 duas
968 1518 1192 1569 statuas,
1223 1519 1381 1558 unam
1410 1518 1473 1557 ex
1505 1509 1749 1569 argento,
1781 1497 2002 1548 alteram
2034 1507 2101 1547 ex

525 1606 772 1675 plumbo;
818 1600 1011 1656 deinde
1058 1597 1244 1651 ambas
1281 1594 1426 1648 fusas
1469 1599 1523 1645 et
1561 1588 1817 1643 conliatas
1847 1584 2105 1654 prodiisse

524 1674 734 1751 aureas.
770 1694 906 1747 Ecce
946 1692 1078 1744 duas
1106 1702 1269 1741 unum
1299 1687 1442 1740 fecit.
1485 1687 1589 1736 Aut
1630 1681 1791 1735 etiam
1819 1678 2008 1730 aliter:
2037 1674 2106 1727 sit

526 1801 873 1842 nnusservus
901 1825 916 1848 ,
947 1784 1082 1835 alius
1110 1782 1161 1833 in
1196 1778 1363 1831 lilium
1396 1774 1709 1842 adoptatus;
1740 1769 1896 1823 ambo
1924 1775 2100 1820 autem

526 1878 775 1935 eumdem
808 1876 1069 1933 adorent,
1101 1871 1186 1924 hic
1214 1866 1428 1938 quidem
1460 1864 1765 1919 declaratus
1794 1874 1915 1913 cum
1946 1858 2014 1910 sit
2042 1854 2106 1908 ﬁ-

526 1976 631 2028 lius
655 2014 669 2035 ,
716 1970 805 2024 ille
839 1982 967 2021 vero
1008 1963 1262 2034 fugitivus
1284 2004 1298 2026 ,
1331 1968 1386 2013 et
1425 1957 1514 2028 qui
1548 1972 1612 2009 ne
1652 1967 1854 2023 patrem
1895 1948 2107 2018 quidem

530 2067 677 2123 novit
705 2083 718 2117 :
746 2061 937 2116 deinde
982 2060 1108 2111 (iant
1146 2055 1304 2110 ambo
1348 2050 1609 2113 heredes,
1642 2056 1695 2103 et
1723 2044 1961 2116 germani
1995 2041 2104 2094 lilii.

532 2160 671 2214 Ecce
699 2156 762 2210 ad
793 2168 954 2208 unum
986 2152 1242 2203 honorem
1275 2154 1399 2201 sunt
1419 2142 1659 2214 perducti
1682 2158 1694 2192 :
1715 2139 1820 2193 duo
1844 2136 1961 2191 laeti
1990 2143 2113 2187 sunt

534 2265 719 2307 unum.
744 2246 834 2299 ille
855 2242 1069 2310 quidem
1096 2244 1216 2293 eum
1240 2236 1475 2291 venisset
1495 2248 1526 2287 e
1548 2231 1856 2300 longinquo,
1880 2228 1965 2280 hic
1988 2240 2113 2279 vero

533 2357 656 2394 cum
681 2355 710 2391 e
735 2336 1053 2407 propinquo,
1092 2340 1145 2385 et
1178 2330 1346 2398 magis
1373 2336 1455 2381 est
1479 2337 1761 2395 germanus
1786 2335 1941 2390 quam
1968 2328 2110 2419 ante-

536 2448 696 2502 quam
728 2427 1059 2483 oiTendisset.
1095 2422 1356 2483 Medium,
1387 2419 1589 2488 inquit,
1619 2418 1858 2485 parietem
1886 2418 2118 2464 maceria:

468 2518 472 2522 ’
537 2525 752 2578 solvens.
796 2520 926 2588 Quis
971 2526 1053 2571 est
1096 2514 1304 2568 medius
1345 2510 1558 2580 paries?
1590 2507 1909 2568 Inimicitias,
1942 2504 2033 2564 ait,
2066 2502 2117 2553 in

539 2633 689 2671 carne
707 2630 820 2669 sua.
849 2614 934 2667 15.
957 2610 1135 2681 Legem
1156 2606 1510 2659 mandatorum
1530 2604 1583 2655 in
1607 2600 1818 2654 decretis
1848 2611 2117 2651 cvacuans.

543 2705 793 2761 Nonnulli
830 2702 1043 2771 quidem
1073 2700 1294 2760 dicunt,
1325 2695 1465 2764 quod
1499 2694 1581 2747 lex
1620 2692 1690 2745 sit
1718 2689 1925 2743 medius
1950 2688 2121 2756 paries

546 2802 681 2851 inter
707 2796 919 2850 .ludzeos
950 2801 1003 2846 et
1029 2790 1247 2845 Grzecos
1276 2805 1289 2839 :
1320 2785 1440 2839 ideo
1472 2785 1643 2851 legem
1675 2781 1827 2843 dixit,
1858 2778 2120 2845 inquiunt,

545 2889 687 2960 quod
716 2903 820 2940 non
849 2887 973 2939 sivit
1004 2885 1148 2950 ipsos
1175 2878 1387 2933 misceri
1416 2895 1428 2929 :
1455 2875 1583 2928 mihi
1612 2882 1788 2927 autem
1816 2886 1921 2923 non
1954 2871 2020 2921 ita
2050 2869 2126 2919 vi-

551 2984 746 3047 detur;
794 2979 888 3032 sed
934 2973 1261 3030 inimicitiam
1305 2970 1357 3023 in
1396 2982 1558 3023 carne
1594 2965 1827 3018 medium
1868 2961 2124 3030 parietem

549 3075 715 3138 dicit,
747 3071 837 3142 qui
882 3083 978 3121 nos
1003 3066 1185 3119 ambos
1213 3078 1243 3116 a
1273 3062 1381 3115 Deo
1409 3067 1617 3127 separet
1642 3098 1656 3119 ,
1690 3057 1825 3109 sicut
1850 3054 1977 3107 dicit
2008 3065 2129 3120 pro.

554 3167 708 3236 pheta
738 3184 752 3219 :
782 3166 962 3217 Annon
1002 3169 1211 3227 peccata.
1244 3167 1406 3209 vestra
1452 3162 1687 3221 separant
1716 3152 1847 3202 inter
1870 3165 1947 3199 me
1973 3158 2017 3199 et
2045 3163 2129 3199 vos

553 3260 707 3329 (Isai.
736 3257 824 3311 50.
849 3254 943 3321 2)?
972 3252 1039 3306 Et
1063 3251 1182 3321 jure
1208 3265 1222 3302 :
1246 3258 1516 3316 tamquam
1548 3244 1754 3298 medius
1782 3244 1922 3297 enim
1958 3241 2130 3309 paries

555 3348 847 3405 inimicitia:
874 3355 1057 3409 erant,
1076 3358 1193 3411 qua:
1215 3342 1263 3395 ei
1292 3337 1689 3393 intercedebant
1712 3351 1829 3407 cum
1853 3333 2052 3388 Iuda-is
2078 3338 2134 3385 et

555 3442 775 3499 Graecis.
804 3438 937 3494 Cum
970 3444 1111 3489 esset
1136 3442 1311 3485 autem
1340 3431 1419 3484 lex
1443 3471 1456 3492 ,
1485 3444 1589 3481 non
1622 3427 1790 3480 solum
1819 3442 1923 3477 nun
1956 3424 2132 3476 solve-

560 3536 775 3598 bantur,
795 3530 889 3584 sed
911 3528 1070 3582 etiam
1096 3523 1260 3593 magis
1283 3521 1625 3575 crescebant:
1645 3517 1751 3570 Lex
1771 3517 1922 3578 enim,
1943 3514 2131 3583 inquit,

556 3630 686 3681 iram
712 3632 950 3693 operatur
976 3621 1147 3691 (Rom.
1176 3620 1230 3672 4.
1262 3616 1375 3686 15).
1409 3614 1477 3669 Ut
1506 3630 1634 3681 ergo
1664 3613 1767 3665 illic
1792 3612 1997 3673 dicens,
2033 3608 2137 3662 Lex

556 3722 686 3772 iram
710 3724 967 3785 operatur,
1002 3726 1104 3763 non
1128 3710 1173 3763 ei
1203 3719 1367 3761 totqu
1392 3705 1664 3766 adscribit,
1688 3703 1781 3758 sed
1804 3702 2134 3763 subauditur,

559 3811 814 3878 quoniam
840 3802 1157 3870 transgressi
1182 3814 1364 3851 sumus
1390 3816 1403 3851 :
1430 3798 1498 3849 ita
1529 3796 1613 3849 hic
1639 3810 1848 3864 quoque
1869 3810 1984 3847 eam
2013 3792 2140 3845 dicit

566 3901 801 3956 medium
831 3897 1108 3965 parietem,
1138 3892 1387 3961 quoniam
1413 3890 1536 3942 dum
1564 3890 1610 3941 ei
1641 3906 1745 3941 non
1768 3888 2032 3945 obeditnr,
2065 3885 2139 3937 l'a-

562 3994 733 4049 ciebat
764 3988 1086 4044 inimicitias.
1118 3986 1221 4038 Lex
1254 3993 1366 4036 erat
1394 3996 1581 4049 sepes;
1610 3980 1701 4033 sed
1721 3996 1780 4031 ea
1800 3980 2009 4046 quidem
2028 3986 2143 4031 erat

567 4094 622 4137 ut
663 4092 803 4137 tutos
843 4078 1089 4134 redderet
1116 4119 1129 4137 ,
1161 4084 1215 4129 et
1246 4074 1364 4127 ideo
1392 4073 1549 4126 etiam
1581 4073 1851 4124 nominata
1881 4078 1963 4123 est
1990 4084 2141 4135 sepes

566 4186 623 4228 ut
648 4172 1071 4241 circumsepiret.
1098 4166 1233 4222 Audi
1259 4166 1398 4220 enim
1424 4178 1608 4217 rursus
1629 4162 1943 4233 prophetam
1968 4161 2143 4214 dicen-

570 4278 677 4318 tem
703 4283 717 4318 :
747 4263 809 4316 Et
838 4278 1003 4333 sepem
1029 4261 1104 4313 illi
1136 4256 1441 4310 circumdedi
1470 4254 1618 4323 (Isai.
1650 4254 1701 4308 5.
1731 4253 1786 4321 Ξ)
1812 4270 1825 4316 ;
1854 4262 1907 4307 et
1931 4254 2139 4316 iterum,

571 4356 831 4413 Abstulisti
874 4370 1040 4421 sepem
1086 4352 1214 4421 ejus,
1262 4359 1306 4401 et
1353 4348 1655 4401 vindemiant
1700 4362 1809 4398 eam
1848 4362 2016 4398 omnes
2061 4346 2145 4413 qui

568 4458 833 4506 transeunt
860 4464 947 4516 per
980 4446 1109 4498 viam
1143 4442 1313 4513 (Psal.
1346 4440 1432 4494 79.
1472 4441 1581 4507 15).
1613 4438 1987 4492 Tutamentum
2019 4451 2145 4503 ergo

574 4541 723 4593 dicit.
753 4540 817 4592 Et
847 4551 1029 4591 rursus
1055 4575 1068 4597 ,
1115 4536 1353 4602 Aufer-am
1385 4548 1549 4598 sepem
1576 4530 1683 4599 ejus
1704 4570 1719 4594 ,
1753 4538 1798 4581 et
1824 4530 1915 4582 erit
1944 4530 1995 4581 in
2020 4545 2143 4580 con-

576 4633 942 4689 culcationcm;
970 4637 1022 4681 et
1049 4640 1251 4689 rursus,
1282 4623 1460 4684 Leqcm
1490 4623 1624 4674 dedit
1646 4623 1695 4674 in
1722 4622 1965 4675 auxilium
1991 4620 2144 4685 (lsai.

574 4725 628 4778 5.
658 4723 713 4777 5.
745 4730 789 4774 et
816 4722 869 4775 8.
897 4719 987 4783 20)
1014 4734 1027 4778 ;
1069 4727 1122 4770 et
1160 4717 1347 4769 iterum
1374 4756 1385 4775 ,
1418 4712 1631 4766 Faciens
1661 4712 2053 4766 misericordiam
2101 4722 2147 4765 et

572 4814 820 4877 iudicium
840 4810 1105 4871 Dominus,
1127 4818 1267 4861 notas
1288 4806 1403 4873 fecit
1416 4806 1807 4874 justiﬁcationes
1828 4821 1944 4859 suas
1966 4803 2147 4857 Israeli

578 4904 755 4976 (Psal.
790 4903 912 4957 1οἓ.
945 4903 996 4955 6.
1031 4902 1107 4969 7).
1150 4899 1310 4953 Facta
1352 4908 1435 4952 est
1477 4906 1653 4951 autem
1696 4898 1900 4952 medius
1940 4898 2147 4967 paries,

583 5015 690 5052 non
712 5011 807 5051 eos
835 5004 975 5048 tutos
996 4992 1244 5057 reddens,
1268 4990 1361 5045 sed
1390 5005 1483 5045 eos
1508 5005 1538 5043 a
1570 4992 1675 5044 Deo
1704 5004 1978 5060 separatis.
2006 4989 2151 5058 Ejus-

583 5089 727 5143 modi
764 5094 847 5140 est
886 5084 1093 5139 medius
1135 5084 1307 5151 paries
1340 5082 1427 5150 qui
1474 5092 1554 5134 est
1592 5096 1620 5134 a
1661 5096 1808 5149 sepe.
1846 5080 2149 5150 Cujusmodi

579 5190 757 5234 autem
784 5178 855 5231 sit
878 5191 939 5227 ea
970 5174 1227 5235 declarat,
1256 5172 1545 5241 subjicicns
1570 5189 1581 5224 :
1608 5169 1909 5223 Inimicitias
1930 5172 1981 5224 in
2002 5186 2153 5223 carne

577 5287 688 5323 sua.
725 5267 905 5336 Legem
935 5264 1285 5316 mandatorum
1315 5278 1577 5314 evacuans.
1611 5261 1934 5327 Quomodo?
1968 5260 2033 5315 Ut
2062 5262 2150 5330 qui

575 5356 1012 5427 circumsepserit
1050 5365 1104 5408 et
1147 5354 1449 5407 inimicitias
1493 5353 1602 5407 illic
1641 5353 1879 5406 solverit.
1912 5352 2020 5406 Nec
2052 5352 2152 5406 hoc

582 5455 752 5508 solum
781 5467 896 5505 eam
930 5449 1107 5512 solvit,
1133 5446 1225 5500 sed
1253 5447 1413 5499 etiam
1438 5462 1531 5515 per
1557 5445 1676 5514 ejus
1702 5446 2149 5499 observationem.

580 5543 718 5609 Quid
736 5543 901 5607 enim,
921 5542 962 5595 si
986 5538 1193 5593 liberati
1216 5553 1453 5591 essemus
1475 5552 1505 5589 a
1528 5537 1689 5604 priori
1712 5537 2148 5603 transgressione,

581 5650 769 5689 rursus
786 5644 961 5687 autem
980 5649 1096 5687 eam
1116 5646 1333 5686 necesse
1352 5630 1671 5682 haberemus
1688 5628 1934 5681 servare?
1953 5627 2153 5681 Rursus

584 5727 811 5794 idipsum
842 5734 982 5778 esset
1007 5744 1019 5777 :
1046 5724 1137 5778 sed
1168 5738 1284 5776 eam
1311 5737 1520 5790 quoque
1552 5722 1705 5773 solvit
1732 5738 1743 5772 :
1770 5719 1949 5789 Legem
1979 5722 2148 5782 enim,

584 5820 773 5889 inquit,
796 5817 1146 5871 mandatorum
1168 5818 1218 5870 ia
1239 5814 1449 5869 decretis
1469 5827 1733 5881 evacuans,
1760 5812 1933 5881 Papae,
1958 5824 2153 5882 quanta

2201 484 2501 554 benignitas
2527 486 2539 539 !
2579 485 2727 539 dedit
2756 487 2909 541 nobis
2942 488 3112 556 legem
3144 489 3459 543 servandam
3488 507 3500 542 :
3526 492 3781 559 quoniam

2200 583 2377 627 autem
2409 590 2513 628 non
2542 581 2893 641 servavimus,
2925 592 3046 631 cum
3076 588 3346 645 oporteret
3377 581 3575 648 puniri,
3609 582 3784 649 legem

2200 665 2359 718 sulvit
2382 682 2395 717 :
2419 675 2477 718 ut
2508 666 2552 719 si
2582 666 2704 735 quis
2730 681 2851 719 cum
2883 682 3104 735 puerum
3138 667 3443 722 tradidisset
3470 671 3787 740 piedagogu,

2200 758 2448 826 quoniam
2476 772 2585 812 non
2608 758 2810 825 obedit,
2838 759 2996 813 etiam
3024 774 3053 811 a
3082 759 3371 829 pmdagogo
3399 761 3706 817 liberaverit
3733 776 3790 818 et

2201 850 2501 904 abduxerit.
2541 853 2766 917 Quanta:
2805 860 2887 905 est
2928 852 3030 906 hoc
3072 852 3617 922 benignitatis?Qnid
3658 866 3744 908 est
3769 898 3786 919 ,

2204 938 2267 992 In
2294 940 2504 994 decretis
2527 957 2771 996 evacuans
2790 942 2815 994 ?
2841 943 3103 1012 Magnam,
3132 944 3322 1012 inquit,
3350 943 3437 997 hic
3459 945 3606 1013 ponit
3628 946 3790 999 dill'e-

2203 1032 2429 1085 reutiam
2468 1032 2702 1087 mandati
2748 1043 2804 1088 et
2844 1033 3207 1088 decreturum.
3257 1038 3363 1088 Aut
3413 1036 3567 1089 [idem
3616 1037 3792 1102 dicit,

2206 1123 2370 1192 ipsam
2393 1128 2587 1179 vocans
2612 1125 2919 1186 decretum;
2949 1142 2978 1179 a
3001 1128 3113 1179 sula
3138 1129 3281 1181 enim
3309 1128 3408 1180 ttde
3428 1130 3606 1181 salvos
3631 1130 3791 1183 fecit:

2207 1226 2301 1269 aut
2346 1229 2668 1287 prmceptum
2695 1260 2710 1282 ,
2750 1220 2887 1273 sicut
2930 1219 3139 1273 dicebat
3164 1220 3447 1283 Chrisms,
3481 1222 3591 1291 Ego
3620 1234 3799 1275 autem

2210 1309 2325 1361 dico
2355 1310 2524 1376 vobis,
2556 1328 2619 1363 ne
2643 1312 2846 1364 omnino
2872 1314 3165 1364 irascamini
3192 1311 3402 1381 (Matth.
3430 1314 3511 1383 5).
3544 1313 3656 1368 Hoc
3682 1326 3795 1381 est,

2204 1399 2261 1455 Si
2306 1402 2605 1456 credideris
2644 1403 2787 1472 quod
2832 1403 2973 1457 Deus
3017 1419 3139 1457 eum
3182 1405 3431 1458 excitavit
3462 1420 3492 1458 a
3524 1408 3754 1459 mortuis
3781 1449 3797 1468 ,

2207 1493 2383 1548 salvus
2410 1496 2538 1549 eris.
2569 1496 2636 1549 Et
2656 1513 2861 1558 rursus,
2891 1495 3063 1567 Prope
3089 1508 3159 1550 est
3190 1497 3391 1550 uerbum
3412 1498 3466 1551 in
3494 1514 3581 1551 ore
3612 1508 3721 1564 tuo,
3747 1511 3801 1554 et

2207 1586 2261 1639 in
2284 1588 2435 1641 corde
2465 1599 2550 1641 tuo
2581 1588 2758 1656 (Rom.
2790 1589 2874 1643 10.
2910 1591 2986 1658 8).

2280 1678 2332 1731 5.
2360 1678 2438 1733 Ne
2478 1680 2674 1734 dixeris
2697 1722 2711 1745 ,
2745 1681 2874 1747 Quis
2910 1680 3165 1735 ascendet
3193 1681 3243 1735 in
3274 1681 3464 1736 caelum
3500 1723 3516 1748 ,
3556 1691 3647 1736 aut
3674 1683 3804 1752 quis

2210 1768 2496 1823 descendet
2523 1771 2574 1824 itt
2595 1772 2865 1842 abyssum,
2891 1782 2980 1825 aut
3002 1773 3121 1842 quis
3149 1774 3319 1842 ipsum
3348 1775 3564 1838 sustulit
3588 1789 3619 1829 e
3638 1789 3803 1827 mor-

2213 1862 2359 1915 tuis?
2387 1862 2489 1916 Pro
2522 1864 2625 1915 vita
2657 1864 2811 1916 tidem
2851 1865 3161 1919 introduxit.
3194 1865 3329 1919 Nam
3359 1876 3416 1919 ut
3459 1881 3563 1919 non
3593 1876 3806 1920 temere

2212 1952 2388 2007 salvos
2430 1952 2648 2019 faceret,
2680 1965 2732 2008 et
2762 1954 2871 2023 ipse
2915 1954 3012 2007 fuit
3059 1956 3294 2024 punitus,
3339 1966 3393 2010 et
3438 1955 3592 2010 ﬁdem
3623 1957 3693 2011 ab
3720 1958 3808 2011 eis

2213 2044 2387 2112 exegit
2442 2059 2536 2111 per
2590 2044 2821 2098 decreta.
2883 2042 2948 2098 Ut
2992 2045 3119 2098 duos
3155 2046 3339 2098 condat
3377 2046 3429 2098 in
3477 2049 3807 2114 semetipsum

2214 2136 2266 2188 in
2318 2152 2471 2189 unum
2516 2153 2697 2189 novum
2736 2136 3006 2190 hominem.
3054 2138 3214 2191 Vides
3263 2155 3369 2192 non
3415 2138 3668 2193 Graecum
3710 2140 3801 2191 fa-

2216 2236 2357 2280 ctum
2395 2228 2634 2281 Judmum
2660 2270 2675 2293 ,
2727 2228 2821 2281 sed
2856 2238 2911 2283 et
2958 2228 3098 2283 hunc
3150 2239 3205 2283 et
3250 2230 3397 2283 illum
3429 2232 3702 2284 venientes
3731 2231 3804 2284 ad

2217 2318 2445 2372 alterum
2490 2319 2725 2372 statum?
2760 2318 2874 2373 Non
2911 2329 2967 2373 ut
3006 2319 3147 2373 htmc
3184 2321 3344 2374 alium
3388 2320 3578 2381 faciat,
3630 2323 3804 2391 legem

2218 2412 2512 2476 evacuavit,
2542 2411 2638 2466 sed
2662 2422 2719 2466 ut
2746 2412 2881 2467 duos
2908 2414 3106 2468 condat
3127 2430 3190 2467 ac
3212 2425 3378 2469 creet.
3414 2417 3477 2471 Et
3501 2426 3645 2469 recte
3673 2417 3764 2468 ubi
3784 2446 3801 2456 -

2220 2521 2322 2571 que
2350 2519 2476 2559 usus
2522 2513 2605 2559 est
2635 2506 2853 2560 nomine
2877 2547 2891 2565 ,
2922 2507 3138 2561 Candor.
3182 2507 3288 2562 Nec
3315 2507 3484 2569 dixit,
3514 2509 3675 2562 Mutet
3698 2550 3713 2573 ,
3750 2519 3812 2562 ut

2221 2597 2531 2652 ostenderet
2559 2596 2851 2653 efﬁcaciam
2884 2600 3001 2667 ejus
3029 2599 3168 2668 quod
3205 2600 3399 2653 factum
3428 2611 3511 2654 est
3535 2642 3550 2665 ,
3583 2610 3635 2654 et
3660 2600 3809 2668 quod

2223 2689 2435 2743 etiamsi
2463 2690 2667 2743 creatio
2696 2689 2851 2743 cadat
2882 2692 2981 2744 sub
3008 2703 3286 2760 aspectum
3306 2734 3319 2754 ,
3353 2694 3439 2746 illa
3472 2702 3646 2745 tamen
3695 2708 3807 2747 non

2225 2791 2307 2834 est
2332 2780 2445 2835 ltzec
2472 2782 2646 2835 minor
2670 2823 2685 2847 ,
2726 2792 2779 2836 et
2804 2784 2941 2852 quod
2975 2783 3042 2837 de
3077 2794 3274 2838 caetero
3296 2801 3405 2839 non
3446 2788 3515 2839 sit
3542 2787 3696 2841 nobis
3724 2802 3815 2841 re-

2228 2875 2509 2928 siliendum
2543 2890 2571 2927 a
2596 2877 2757 2930 rebus
2782 2878 3134 2932 naturalibus.
3173 2877 3241 2932 Ut
3270 2878 3419 2943 duos,
3452 2880 3639 2946 inquit,
3677 2897 3811 2933 con-

2230 2967 2396 3019 datin
2433 2968 2600 3036 seipso
2649 2984 2667 3021 :
2693 2968 2795 3022 hoc
2839 2978 2959 3032 est,
3009 2985 3102 3038 per
3133 2971 3388 3040 seipsnm.
3419 2970 3532 3024 Non
3578 2973 3662 3025 alii
3704 2971 3813 3025 hoc

2232 3057 2519 3123 mandavit,
2546 3059 2639 3113 sed
2669 3075 2761 3128 per
2788 3062 3045 3129 Scipsum,
3072 3077 3192 3116 cum
3225 3073 3279 3117 et
3312 3062 3451 3117 hunc
3476 3074 3531 3118 et
3556 3065 3697 3118 illum
3730 3065 3815 3118 fu-

2231 3149 2397 3203 disset
2431 3160 2483 3204 et
2521 3150 2828 3217 conﬂasset,
2879 3171 3038 3207 uumn
3090 3156 3344 3225 produxit
3396 3157 3768 3213 admirabilem
3796 3203 3812 3222 ,

2234 3257 2353 3295 cum
2396 3244 2506 3313 ipse
2537 3244 2637 3298 hoc
2666 3247 2895 3313 prinnun
2926 3246 3097 3301 iactus
3127 3258 3271 3303 esset
3304 3267 3316 3303 :
3346 3250 3485 3317 quod
3516 3262 3597 3303 est
3639 3250 3817 3318 majus

2238 3335 2395 3404 priori
2447 3345 2709 3390 creatura.
2762 3338 2868 3391 lloc
2917 3348 2999 3392 est
3028 3340 3207 3406 enim,
3235 3339 3303 3393 In
3346 3343 3642 3411 semetipso,
3689 3359 3815 3395 cum

2238 3429 2350 3497 ipse
2401 3430 2599 3497 primus
2648 3430 2870 3483 formam
2923 3433 3206 3499 prmbuerit
3248 3444 3301 3488 ct
3343 3437 3631 3503 exemplar.
3680 3434 3818 3489 Nam

2237 3534 2356 3572 cum
2379 3520 2498 3573 hinc
2520 3522 2779 3574 tenuisset
2804 3520 3041 3575 .ludanun
3073 3533 3127 3577 et
3150 3525 3295 3578 illinc
3323 3524 3589 3587 Grzecum,
3619 3536 3669 3578 et
3699 3526 3821 3594 ipse

2241 3609 2427 3664 luisset
2444 3611 2672 3676 medius,
2698 3621 2752 3665 et
2775 3628 2869 3665 eos
2889 3615 3334 3683 commiscutsset,
3358 3627 3411 3670 et
3436 3616 3681 3685 quidquid
3718 3634 3823 3669 eu-

2242 3717 2357 3754 rum
2415 3714 2530 3755 erat
2576 3702 2929 3757 abalienatum
2977 3704 3281 3767 deievisset,
3331 3706 3561 3776 desuper
3606 3708 3826 3763 reﬁnxit

2246 3806 2337 3858 per
2366 3792 2539 3861 ignem
2578 3803 2632 3846 et
2657 3809 2847 3861 aquam
2882 3814 2893 3847 :
2931 3811 3033 3849 non
3066 3798 3243 3865 utique
3269 3811 3363 3866 per
3391 3812 3581 3867 aquam
3619 3808 3671 3850 et
3701 3809 3825 3853 ter—

2244 3900 2380 3948 ram,
2431 3885 2522 3939 sed
2564 3901 2659 3954 per
2700 3902 2889 3955 aquam
2934 3898 2987 3941 et
3028 3891 3222 3958 ignem.
3260 3889 3451 3944 Factus
3488 3900 3567 3945 est
3601 3890 3826 3945 Judzens

2245 3978 2590 4033 circumcisus
2614 4022 2629 4043 ,
2659 3979 2829 4033 factus
2868 3991 2948 4034 est
2979 3982 3291 4035 maledictus
3317 4002 3331 4047 ;
3365 3984 3532 4037 factus
3558 3995 3638 4036 est
3668 3984 3826 4065 (inp:-

2246 4086 2339 4123 cus
2369 4081 2515 4123 extra
2549 4071 2740 4140 legem,
2773 4073 2930 4125 etiam
2972 4089 3131 4141 supra
3156 4073 3374 4128 Grmcos
3402 4087 3455 4128 et
3482 4074 3717 4128 Judwos.
3752 4076 3823 4128 In

2248 4179 2400 4214 unum
2431 4180 2633 4225 navum,
2664 4165 2852 4232 inquit,
2888 4166 3157 4219 hominem.
3192 4166 3409 4221 Faciens
3437 4185 3607 4235 pacem
3640 4169 3773 4236 ipsis
3814 4189 3824 4220 :

2249 4266 2301 4308 et
2326 4270 2443 4307 eum
2478 4256 2582 4307 Deo
2603 4295 2617 4319 ,
2651 4265 2705 4308 et
2737 4256 2873 4309 inter
2903 4272 2981 4310 se.
3026 4257 3141 4310 Non
3170 4260 3311 4311 enim
3347 4270 3621 4311 manentes
3649 4258 3828 4313 Juda-i

2250 4358 2295 4397 ei
2330 4347 2495 4401 Graeci
2544 4358 2725 4399 essent
2773 4349 3076 4409 conciliati;
3119 4349 3217 4401 nisi
3264 4362 3440 4403 autem
3487 4365 3516 4402 a
3560 4365 3657 4403 suo
3682 4360 3831 4404 statu

2254 4440 2454 4493 liberati
2487 4440 2709 4492 fuissent
2730 4480 2744 4503 ,
2777 4440 3047 4508 quomodo
3076 4440 3347 4493 venissent
3372 4442 3436 4493 ad
3464 4441 3623 4494 alium
3654 4443 3830 4509 majo-

2252 4546 2362 4582 rem
2384 4531 2406 4583 ?
2434 4530 2648 4583 .Iudams
2704 4534 2845 4584 enim
2875 4542 2997 4584 tunc
3023 4530 3208 4584 Graco
3229 4531 3584 4600 conjungitur,
3610 4534 3836 4601 quanth

2254 4622 2423 4675 factus
2454 4622 2612 4675 fuerit
2642 4623 2812 4675 lidelis
2838 4638 2851 4675 2
2887 4632 2943 4675 ut
2970 4625 3011 4675 si
3037 4623 3253 4693 quidam
3278 4664 3293 4687 ,
3329 4626 3371 4677 si
3399 4624 3504 4678 sint
3527 4624 3631 4678 duo
3672 4624 3832 4679 habi-

2256 4714 2446 4778 tacula,
2478 4714 2685 4768 inlerue
2710 4725 2766 4769 et
2792 4730 3024 4783 superne
3046 4732 3206 4769 unum
3232 4716 3602 4770 admirandum
3633 4727 3686 4771 et
3706 4732 3833 4769 ma-

2252 4819 2435 4873 gnum.
2480 4820 2583 4857 non
2617 4819 2674 4858 sc
2705 4806 2974 4869 potuerint
3001 4817 3184 4861 mutuo
3211 4807 3393 4862 videre
3428 4808 3598 4861 doaec
3631 4809 3836 4862 iuerint

2254 4895 2518 4964 superius.
2565 4894 2781 4949 Facicns
2823 4914 3037 4966 pacem;
3077 4898 3243 4969 magis
3279 4908 3455 4954 autem
3509 4915 3628 4953 cum
3667 4900 3781 4953 Deo
3816 4918 3830 4951 :

2257 4985 2398 5055 quod
2446 4988 2586 5039 enim
2619 4988 2864 5056 sequitur
2894 4989 2991 5041 hoc
3021 4989 3276 5043 ostendit.
3308 4990 3442 5057 Quid
3471 4991 3611 5043 enim
3652 4989 3835 5044 dicit?

2260 5079 2346 5131 16.
2372 5077 2437 5132 Ut
2454 5080 2738 5133 reconciliet
2761 5079 2930 5133 ambos
2955 5080 3006 5132 in
3022 5097 3119 5133 uno
3142 5097 3351 5150 corpore
3374 5082 3477 5135 Deo
3498 5099 3584 5151 per
3609 5098 3833 5136 crucem.

2259 5170 2371 5223 Non
2398 5171 2837 5237 dixit,Conciliet,
2872 5172 2986 5234 sed,
3018 5171 3342 5237 Reconciliet,
3376 5176 3661 5228 ostenderis
3687 5176 3837 5244 quod

2259 5274 2414 5315 antea
2456 5262 2686 5315 humana
2718 5273 2901 5315 natura
2951 5273 3065 5317 erat
3095 5264 3160 5317 ad
3200 5264 3586 5319 conciliandum
3636 5266 3832 5330 facilis,

2260 5354 2461 5407 scilicet
2493 5354 2543 5406 in
2570 5355 2770 5408 sanctis
2793 5365 2847 5407 et
2872 5365 2997 5409 ante
3024 5356 3213 5425 legem.
3244 5355 3310 5409 In
3338 5373 3436 5410 uno
3466 5374 3675 5426 corpore
3697 5400 3710 5423 ,
3747 5359 3839 5412 iu-

2260 5445 2395 5511 quit,
2426 5459 2523 5496 suo
2550 5445 2785 5513 quidem,
2805 5444 2931 5498 Deo.
2964 5446 3243 5511 Quomodo
3265 5447 3323 5500 lit
3344 5447 3483 5501 hoc?
3514 5446 3580 5503 Ut
3602 5449 3689 5517 qui
3718 5464 3841 5519 pa:-

2262 5550 2382 5586 nam
2410 5575 2426 5599 ,
2460 5535 2626 5603 inquit
2652 5576 2666 5600 ,
2696 5551 2813 5604 qua:
2840 5536 3133 5590 debebatur
3162 5537 3275 5606 ipse
3318 5539 3543 5593 subierit
3582 5556 3675 5607 per
3701 5556 3837 5593 cru-

2262 5641 2400 5677 cem.
2456 5624 2778 5692 lnter/icicns
2817 5627 3105 5682 inimicitias
3144 5630 3196 5681 in
3231 5630 3415 5699 seipse.
3462 5631 3602 5686 Nihil
3645 5644 3723 5685 est
3755 5633 3846 5685 his

2262 5719 2439 5772 verbis
2477 5720 2642 5788 magis
2674 5722 2945 5789 proprium
2969 5763 2982 5783 ,
3027 5721 3155 5775 nihil
3184 5724 3323 5792 quod
3352 5723 3608 5792 majorem
3644 5724 3837 5778 haheat

2270 5811 2583 5880 ctnphasim.
2608 5810 2748 5866 Mors
2774 5812 2889 5878 ejus
2918 5814 3179 5871 interiecit
3208 5816 3509 5871 inimicitias
3534 5856 3548 5874 .
3584 5816 3836 5871 sauciavit
