4002 6540
516 429 579 483 η
1220 423 1275 477 S.
1313 424 1600 483 JOANNIS
1636 426 2131 484 CHRYSOSTOMI
2166 428 2489 485 ARCHIEP.
2524 422 3067 484 CONSTANTINOP.
3664 427 3741 482 «Β

501 541 676 604 κικὺν,
711 539 771 591 06
824 536 1145 607 τεχθήσεται
1195 537 1388 607 ἐτέρα,
1428 539 1561 593 ἀλλὰ
1607 544 1757 611 μενεῖ
1801 542 1833 611 ή
1882 542 2072 611 εἰρήνη

502 625 708 692 ἐκείνη.

586 706 869 774 Ἐννόησον
893 704 1001 772 γὰρ
1030 704 1153 755 ὅσον
1183 705 1297 757 ἐστί
1330 706 1517 767 κακὸν,
1545 708 1787 762 τοσαῦτα
1811 708 1905 761 τοῦ
1935 706 2073 760 Θεοῦ

501 787 1089 861 πραγματευσαμένου,
1123 788 1210 841 ἵνα
1238 789 1689 859 καταλλαγῶμεν,
1725 789 2075 844 1101006000-

501 890 610 935 τος,
642 870 805 923 πάλιν
828 870 972 939 ἡμᾶς
998 870 1077 931 εἰς
1100 869 1299 939 ἔχθραν
1330 871 1663 924 ἐπανελθεῖν.
1698 871 1916 941 Ταύτην
1943 872 2073 924 οὐκ·

500 956 583 1008 έτι
609 952 851 1022 λουτρὸν,
885 951 999 1004 ἀλλ’
1024 954 1056 1022 ἡ
1084 953 1279 1020 γέεννα
1305 955 1475 1023 μένει,
1502 955 1685 1007 οὐκέτι
1716 956 1930 1024 ἄφεσις,
1956 955 2073 1008 ἀλλ’

499 1024 769 1100 ἐξέτασις.
799 1034 1061 1104 Φρόνημα
1105 1037 1204 1104 τῆς
1257 1037 1482 1104 σαρκὸς,
1536 1036 1749 1107 τρυφὴ,
1787 1038 2071 1107 σπατάλη·
2102 1062 2137 1103 γ

500 1120 756 1189 φρόνημα
782 1117 881 1185 τῆς
915 1118 1139 1187 σαρκὸς,
1167 1119 1453 1185 πλεονεξία
1493 1120 1587 1172 καὶ
1615 1122 1763 1173 πᾶσα
1802 1121 2069 1191 ἁμαρτία.

497 1201 597 1253 Διά
652 1198 703 1251 τί
762 1200 1019 1269 φρόνημα
1053 1202 1253 1271 σαρκὸς
1287 1202 1535 1273 εῐρηται;
1594 1202 1773 1254 καίτοι
1817 1219 1880 1270 γε
1920 1203 2073 1256 οὐδὲν

496 1285 624 1339 ἄνευ
657 1284 835 1353 ψυχῆς
862 1284 1155 1351 εἰργάσατο
1174 1285 1239 1337 ἄν
1265 1284 1312 1337 ι).
1346 1286 1419 1336 06
1448 1284 1750 1337 διαϐάλλων
1772 1287 1872 1356 τὴν
1896 1287 2073 1357 σάρκα

496 1366 667 1434 λέγει,
705 1366 827 1418 ἐπεὶ
863 1366 957 1417 κα)⁵
987 1366 1116 1418 ὅταν
1144 1366 1273 1436 λέγῃ
1298 1407 1311 1430 ,
1348 1369 1615 1434 Ψυχικὸς
1647 1366 1978 1436 ἅνθρωπος,
2012 1370 2072 1421 06

496 1449 802 1503 διαϐάλλων
832 1446 929 1517 τὴν
955 1448 1131 1518 ψυχὴν
1153 1449 1310 1501 τοῦτό
1331 1466 1517 1518 φησιν,
1545 1450 1660 1504 ἀλλ’
1690 1452 1771 1503 δτι
1794 1452 1893 1504 οὐκ
1916 1453 2076 1522 ἀρκεῖ

497 1532 620 1586 οὔτε
653 1530 834 1600 σῶμα,
880 1529 1004 1583 οὔτε
1031 1530 1175 1601 ψυχὴ
1207 1532 1326 1585 καθ’
1355 1532 1572 1602 ἑαυτὴν,
1614 1535 1689 1602 μὴ
1735 1533 1835 1603 τῆς
1868 1534 2075 1587 ἄνωθεν

500 1614 674 1686 ῥοπῆς
700 1612 1075 1678 ἀπολαύουσα,
1130 1615 1347 1684 ποιῆσαί
1398 1632 1451 1667 τι
1491 1619 1738 1684 γενναῖον
1772 1616 1866 1670 καὶ
1908 1617 2071 1687 μέγα.

498 1699 599 1750 Διὰ
640 1696 799 1749 τοῦτο
850 1695 1059 1766 ψυχικά
1110 1698 1292 1749 ἐκεῖνα
1345 1697 1521 1762 καλεῖ,
1570 1699 1605 1751 ἃ
1654 1697 1776 1751 καθ’
1808 1699 2010 1768 ἑαυτὴν
2038 1700 2072 1768 ή

497 1780 645 1851 ψυχὴ
686 1778 1009 1851 ἐργάζεται*
1068 1779 1161 1832 καὶ
1193 1780 1433 1847 σαρκικὰ
1460 1782 1641 1834 ἐκεῖνα
1676 1781 1849 1845 καλεῖ,
1883 1782 1920 1837 0
1951 1782 2070 1836 καθ’

500 1864 662 1920 ἐαυτὸ
682 1864 742 1915 τὸ
773 1860 960 1931 σῶμα’
993 1860 1094 1914 οὐκ
1122 1862 1308 1933 ἐπειδὴ
1336 1863 1505 1916 ταῦτα
1525 1863 1752 1932 φυσικὰ,
1780 1864 1893 1918 ἀλλ’
1926 1866 2077 1918 ἐπει-

498 1948 564 2019 δὴ
595 1948 670 2018 μὴ
701 1944 1084 2000 ἀπολαύσαντα
1118 1946 1452 2016 προστασίας
1492 1948 1589 2017 τῆς
1630 1949 1859 2013 ἐκεῖθεν,
1903 1948 2072 2002 ἀπόλ-

500 2030 676 2085 λυται.
723 2029 875 2081 Ἐπεὶ
898 2028 990 2081 καὶ
1019 2030 1067 2080 οί
1093 2027 1362 2099 ὀφθαλμοὶ
1397 2030 1573 2093 καλοὶ,
1597 2030 1713 2083 ἀλλ’
1739 2032 1866 2084 ἄνευ
1893 2032 2072 2100 φωτὸς

503 2110 1024 2184 μυρίαέργάζονται
1052 2112 1222 2165 κακά·
1258 2110 1415 2164 τοῦτο
1448 2112 1503 2164 δέ
1532 2115 1630 2184 τῆς
1659 2113 1941 2176 ἀσθενείας
1971 2117 2071 2166 06-

498 2198 607 2250 τῶν
638 2198 807 2259 ἐστιν,
831 2196 891 2247 06
923 2197 1021 2265 τῆς
1047 2194 1280 2263 φύσεως.
1309 2196 1370 2248 Εἰ
1396 2196 1454 2248 δέ
1476 2198 1682 2265 φυσικά
1707 2193 1775 2268 ἦν
1808 2198 1876 2250 τὰ
1904 2198 2070 2263 κακά,

500 2281 601 2333 οὐκ
633 2280 699 2332 ἂν
731 2278 915 2340 αὐτοῖς
944 2294 1075 2330 ποτε
1105 2280 1183 2339 είς
1210 2277 1330 2330 δέον
1360 2280 1715 2349 ἐχρησάμεθα
1738 2296 1751 2308 ⁸
1785 2282 1938 2335 οὐδὲν
1964 2283 2074 2353 γάρ

500 2367 618 2417 ἐστι
640 2363 867 2431 φυσικὸν
893 2364 1080 2415 κακόν.
1111 2361 1173 2414 Τί
1192 2358 1283 2415 οὖν
1310 2365 1423 2415 ἐστι
1450 2365 1690 2435 σαρκικὰ
1716 2368 1885 2437 φρονή
1895 2385 2071 2437 9.010;

500 2449 569 2500 Αἰ
602 2446 889 2517 ἁμαρτίαι.
925 2446 1093 2498 Ὅταν
1128 2446 1233 2515 γάρ
1283 2445 1421 2517 αὓτη
1454 2450 1704 2519 κρατήσῃ
1728 2449 1821 2502 τοῦ
1857 2452 2072 2521 ἡνιόχου

504 2528 953 2601 μετεωρισθεῖσα,
976 2527 1143 2598 μυρία
1170 2528 1347 2582 τίκτει
1369 2530 1540 2584 δεινά.
1587 2532 1780 2604 Ἀρετὴ
1807 2532 1915 2603 γὰρ
1939 2550 2075 2603 σαρ-

503 2613 598 2676 κὸς
656 2612 717 2665 10
751 2610 1116 2681 ὑποτετάχθαι
1165 2614 1231 2682 τῇ
1278 2613 1447 2684 ψυχῇ,
1501 2616 1670 2669 κακία
1696 2616 1751 2669 δὲ
1794 2617 1856 2669 τὸ
1884 2616 2073 2687 ἄρχειν

501 2698 697 2767 ψυχῆς.
732 2696 942 2765 Ὠσπερ
972 2692 1064 2749 06v
1089 2699 1117 2749 0
1138 2696 1301 2761 ἵππος
1335 2700 1498 2762 καλὸς
1532 2701 1632 2770 μὲν
1661 2702 1755 2754 καὶ
1788 2703 2074 2773 εὐσκελὴς,

503 2780 618 2834 ἀλλ’
649 2780 751 2832 οὐκ
794 2780 920 2832 ἄνευ
959 2779 1170 2849 ἡνιόχου
1202 2779 1360 2832 τοῦτο
1401 2781 1674 2835 δείκνυται
1695 2800 1708 2814 ’
1742 2783 1886 2836 06116
1918 2786 2012 2837 καὶ
2041 2787 2074 2856 ή

506 2861 645 2933 σάρξ
685 2863 807 2914 τότε
850 2862 1002 2914 ἔσται
1037 2862 1197 2932 καλὴ,
1243 2864 1370 2915 ὅταν
1416 2865 1584 2935 αὐτῆς
1608 2868 1677 2919 τά
1727 2868 2076 2937 σκιρτήματα

505 2944 918 3016 περικόψωμεν.
945 2943 1056 3016 [57]
1103 2944 1242 2997 Ἀλλ’
1260 2946 1379 2998 οὐδέ
1409 2947 1623 3018 ήνίοχος
1652 2950 1926 3002 δείκνυται
1948 2950 2075 3003 ἄνευ

506 3029 851 3097 ἐπιστήμης·
894 3027 1127 3096 καὶγὰρ
1175 3027 1269 3080 κα)⁵
1318 3028 1479 3091 0610;
1526 3030 1749 3084 ἐκείνων
1800 3032 2075 3102 δεινότερα

506 3111 634 3165 ἄνευ
663 3111 971 3180 ἐπιστήμης
1014 3110 1328 3180 ἐργάζεται.
1374 3112 1536 3165 Ὥστε
1571 3114 1910 3185 πανταχόθεν
1953 3118 2077 3184 ἐφε-

509 3199 697 3251 στάναι
725 3200 830 3270 χρή
850 3215 863 3229 ’
893 3197 953 3250 10
993 3198 1230 3268 πνεῦμα,
1267 3197 1425 3253 τοῦτο
1451 3200 1702 3270 ἐφεστὸς,
1739 3203 1831 3257 10v
1860 3205 2077 3274 ήνίοχον

510 3282 854 3352 ἰσχυρότερον
885 3286 1028 3335 ποιεῖ
1046 3298 1059 3310 ·
1091 3282 1249 3335 τοῦτο
1274 3284 1365 3336 καὶ
1392 3283 1490 3355 τὴν
1510 3284 1686 3357 ψυχὴν
1716 3288 1810 3340 καὶ
1836 3287 1896 3340 10
1918 3288 2078 3359 σῶμα

507 3366 856 3429 καλλωπίζει.
885 3366 1152 3436 Καθάπερ
1182 3366 1343 3437 γὰρὴ
1371 3366 1517 3438 ψυχὴ
1548 3369 1743 3422 ἐνοῦσα
1780 3370 1878 3440 μὲν
1904 3371 2077 3442 αὐτῷ,

508 3448 672 3501 καλὸν
723 3449 855 3501 0610
886 3448 1176 3515 δείκνυσιν,
1233 3450 1362 3503 ὅταν
1405 3450 1461 3504 δὲ
1505 3450 1636 3504 0610
1673 3452 1936 3524 ἐρημώσῃ
1980 3453 2078 3524 τῆς

509 3532 715 3596 οἰκείας
742 3535 1021 3604 ἐνεργείας
1069 3534 1164 3588 καὶ
1210 3535 1443 3605 ἀποστῇ,
1491 3535 1743 3607 καθάπερ
1787 3536 2079 3605 ζωγράφου

508 3617 654 3681 τινὸς
706 3617 777 3670 τὰ
830 3616 1098 3688 χρώματα
1153 3619 1472 3689 συγχέοντος
1501 3659 1517 3683 ,
1549 3619 1818 3697 εἰδέχθεια
1871 3621 2078 3690 γίνεται

510 3700 704 3770 πολλὴ,
731 3701 865 3771 1190;
892 3702 989 3771 τὴν
1003 3700 1209 3770 φθορὰν
1234 3702 1591 3771 ἐπειγομένου
1622 3704 1730 3756 τῶν
1747 3704 1929 3776 μερῶν
1949 3705 2081 3758 έκά-

514 3800 642 3836 στου
674 3794 696 3821 ε
730 3784 823 3838 καὶ
854 3784 953 3854 τὴν
983 3784 1275 3838 ἀνάλυσιν
1304 3784 1446 3837 06116
1472 3786 1568 3839 καὶ
1599 3787 1660 3839 10
1700 3788 1917 3859 πνεῦμα
1956 3789 2081 3842 ὅταν

512 3866 720 3937 ἔρημον
755 3867 1031 3938 καταλίπῃ
1072 3869 1166 3921 καὶ
1194 3868 1255 3920 10
1289 3869 1449 3939 σῶμα
1482 3871 1577 3923 καὶ
1605 3871 1703 3940 τὴν
1730 3872 1934 3943 ψυχὴν,
1963 3874 2082 3943 χεί-

517 3966 627 4020 ρων
679 3950 886 4017 γίνεται
943 3953 1037 4003 κα)⁵
1080 3950 1281 4019 μείζων
1314 3953 1347 4021 ή
1394 3951 1679 4023 είδέχθεια.
1734 3956 1827 4024 Μὴ
1881 3956 2081 4021 τοίνυν,

516 4034 703 4105 ἐπειδὴ
744 4034 843 4103 τῆς
870 4034 1046 4103 ψυχῆς
1080 4035 1299 4089 ἔλαττον
1336 4036 1397 4088 10
1448 4038 1629 4107 σῶμα,
1661 4038 1856 4102 κάκιζε
1904 4038 2083 4098 τοῦτο.

518 4118 654 4171 Οὐδὲ
684 4117 794 4189 γὰρ
827 4118 937 4186 ἐγὼ
965 4120 1063 4190 τὴν
1082 4119 1259 4191 ψυχὴν
1290 4122 1537 4187 κακίζειν
1564 4122 1825 4194 ἀνέχομαι
1850 4163 1865 4188 ,
1896 4125 2085 4196 ἐπειδὴ

516 4199 611 4253 τοῦ
665 4201 976 4272 πνεύματος
1028 4203 1177 4256 οὐδὲν
1219 4204 1393 4273 ἰσχύει
1442 4205 1631 4276 χωρίς.
1672 4207 1733 4259 El
1788 4205 1845 4259 δὲ
1876 4209 1980 4277 χρή
2031 4224 2085 4261 τι

517 4285 713 4349 εἰπεῖν,
755 4285 1000 4355 μείζονός
1032 4287 1148 4339 ἐστι
1198 4288 1533 4357 κατηγορίας
1571 4287 1696 4353 άξία
1731 4290 1765 4358 ή
1797 4289 1963 4360 ψυχή.
2008 4290 2085 4343 T0

521 4368 620 4438 μέν
654 4369 764 4440 γὰρ
800 4369 960 4440 σῶμα
992 4370 1145 4423 οὐδὲν
1180 4370 1308 4423 ἄνευ
1352 4371 1453 4442 τῆς
1486 4370 1665 4442 ψυχῆς
1703 4373 1998 4443 ἐργάσαιτο
2027 4374 2094 4427 ἂν

582 4571 611 4633 1}
631 4570 855 4633 Dungus
874 4568 1095 4631 conjicit,
1121 4572 1375 4633 ἐργάσαιτο
1396 4572 1471 4621 ἄν.

586 4631 607 4659 ε
630 4630 722 4700 Ιιὶο
756 4630 1039 4700 Μογθιιὶάιια
1067 4630 1220 4683 editio
1262 4638 1455 4696 partem
1485 4631 1676 4697 periodi
1706 4636 1766 4683 δι’
1798 4635 2101 4697 ὀμοιοτὲλευ-

520 4708 603 4741 τον
627 4698 879 4742 omiserat.

2174 541 2368 604 δεινὸν,
2402 544 2434 612 ἡ
2480 541 2536 595 δὲ
2569 541 2715 611 ψυχὴ
2751 539 2917 593 πολλὰ
2962 536 3130 607 χωρίς
3168 534 3261 588 τοῦ
3316 534 3597 606 σώματος’
3643 540 3742 592 καὶ

2175 626 2284 693 γὰρ
2318 628 2410 679 καὶ
2438 625 2740 693 τηκομένου
2758 622 2969 683 τούτου,
2993 621 3085 672 καὶ
3101 618 3161 670 06
3186 618 3537 688 σκιρτῶντος,
3568 620 3745 675 πολλὰ

2175 707 2465 774 ἐργάζεται
2481 707 2662 776 ἐκείνη
2681 722 2696 737 ·
2718 705 2964 774 καθάπερ
2980 705 3027 755 οἰ
3042 702 3233 769 γόητες
3247 703 3465 764 ἐκεῖνοι,
3484 704 3535 755 οἰ
3554 704 3743 773 μάγοι,

2174 792 2224 841 οί
2256 790 2593 857 φθονοῦντες,
2629 792 2678 843 οἰ
2708 790 3006 859 φαρμακοὶ,
3044 785 3276 855 μάλιστα
3307 786 3564 856 τήκουσιν
3586 787 3741 840 αὐτό.

2180 872 2389 935 ¹Ἀλλως
2418 872 2475 925 δὲ
2506 873 2628 925 οὑδέ
2656 873 2690 942 ή
2717 870 2896 941 τρυφὴ
2925 872 3023 939 τῆς
3058 868 3152 920 106
3196 867 3450 936 0169010;
3490 869 3745 937 ἀνάγκης

2175 953 2341 1019 ἐστὶν,
2371 956 2507 1008 ἀλλὰ
2526 956 2623 1027 τῆς
2643 954 2970 1024 άπροσεξίας
2996 952 3094 1019 τῆς
3118 950 3297 1021 ψυχῆς
3312 967 3327 981 ⁸
3347 954 3381 1020 ή
3412 951 3523 1020 γάρ
3543 954 3744 1021 τροφὴ.

2175 1040 2296 1109 οὐχὶ
2322 1042 2355 1110 ή
2392 1040 2592 1110 τρυφὴ,
2632 1040 2729 1108 τῆς
2754 1038 2849 1090 τοῦ
2886 1037 3137 1107 σώματος
3171 1034 3435 1103 ἀνάγκης.
3482 1035 3607 1087 Ἐὰν
3631 1036 3748 1104 7'19

2177 1123 2387 1193 θελήσω
2425 1122 2651 1193 σφοδρὸν
2688 1120 2933 1173 καθεῖναι
2980 1118 3214 1189 χαλινὸν,
3261 1117 3599 1186 ἐπεστόμισα
3650 1117 3749 1169 100

2179 1206 2345 1258 ῖππον
2364 1219 2377 1231 ·
2410 1206 2471 1258 τὸ
2496 1206 2550 1257 δέ
2576 1205 2733 1273 σῶμα
2760 1204 2859 1273 τὴν
2889 1202 3069 1271 ψυχὴν
3095 1199 3479 1254 καταστέλλειν
3502 1200 3561 1251 06
3582 1197 3749 1253 δύνα-

2173 1305 2266 1341 ται
2298 1292 2356 1341 ἐν
2384 1290 2496 1350 τοῖς
2523 1288 2692 1357 αὐτῆς
2714 1288 2925 1347 κακοῖς.
2953 1284 3112 1348 Τίνος
3139 1280 3231 1337 οὖν
3265 1283 3450 1334 ἐνεκεν
3485 1282 3749 1350 φρόνημα

2176 1371 2309 1423 0610
2339 1370 2541 1439 σαρκὸς
2589 1370 2769 1431 καλεῖς
2809 1368 2932 1420 Ὀτι
2984 1368 3081 1436 τῆς
3114 1366 3316 1435 σαρκὸς
3361 1364 3481 1417 ὅλον
3511 1365 3745 1431 γίνεται.

2178 1452 2345 1507 Ὅταν
2369 1452 2476 1522 γὰρ
2506 1451 2643 1522 αὓτη
2672 1450 2942 1519 κρατήσῃ,
2973 1450 3093 1501 τότε
3122 1448 3390 1517 ἥμαρτεν,
3430 1446 3558 1498 ὅταν
3602 1446 3746 1513 άφέυ

2176 1534 2335 1603 ληται
2370 1536 2460 1589 τὸν
2494 1535 2619 1587 νοῦν
2651 1535 2745 1587 καὶ
2770 1534 2870 1603 τὴν
2897 1533 3073 1603 ἀρχὴν
3102 1536 3199 1603 τῆς
3223 1531 3425 1600 ψυχῆς.
3445 1529 3654 1583 Οὐκοῦν
3685 1531 3750 1582 ἐν

2175 1618 2350 1687 τούτῳ
2388 1620 2421 1687 ἡ
2460 1618 2630 1687 ἁρετὴ
2661 1616 2755 1670 τοῦ
2786 1616 3055 1681 σώματος,
3088 1617 3145 1666 ἐν
3172 1615 3248 1682 τῷ
3280 1615 3450 1667 εῖκειν
3476 1617 3538 1684 τῇ
3569 1614 3748 1683 ψυχῇ,

2177 1701 2299 1753 ἐπεὶ
2330 1700 2447 1752 καθ’
2485 1701 2681 1769 ἑαυτὴν
2733 1698 2858 1751 οὔτε
2905 1697 3043 1765 καλὴ
3070 1694 3193 1748 οὔτε
3224 1697 3391 1766 κακή.
3426 1696 3488 1748 Τί
3535 1697 3641 1763 γάρ
3680 1697 3750 1749 ἂν

2178 1784 2471 1854 ἐργάσαιτο
2499 1786 2561 1834 10
2598 1782 2758 1852 σῶμα
2797 1781 2916 1834 καθ’
2947 1780 3136 1841 ἐαυτό;
3169 1780 3333 1832 Ὥστε
3374 1783 3441 1849 τῇ
3480 1780 3751 1849 συναφείᾳ

2180 1866 2345 1919 καλὸν
2371 1866 2433 1919 τὸ
2462 1864 2641 1935 σῶμα,
2684 1864 2847 1918 καλὸν
2880 1863 2968 1916 διὰ
2991 1863 3088 1933 τὴν
3122 1863 3422 1931 ὑποταγὴν,
3464 1864 3587 1914 ἐπεὶ
3618 1862 3748 1915 καθ’

2180 1951 2340 2005 ἑαυτὸ
2366 1950 2488 2003 οῦτε
2512 1950 2695 2014 καλὸν,
2719 1947 2840 2002 οὔτε
2869 1948 3060 2013 κακὸν,
3092 1949 3187 2000 καὶ
3213 1947 3347 2018 πρὸς
3373 1947 3531 1999 τοῦτο
3549 1947 3626 2008 δέ,
3650 1948 3749 1999 καὶ

2180 2033 2315 2104 πρὸς
2335 2036 2511 2087 ἐκεῖνο
2534 2032 2856 2103 ἐπιτήδειον,
2886 2032 2967 2093 είς
2993 2032 3228 2099 ἑκάτερα
3264 2027 3363 2099 τὴν
3404 2030 3573 2098 ῥοπὴν
3598 2027 3748 2098 ἔχον.

2180 2115 2255 2169 Τὸ
2292 2116 2452 2185 σῶμα
2480 2114 2759 2184 ἐπιθυμεῖ,
2788 2113 2903 2167 ἀλλ’
2940 2113 3002 2165 06
3034 2110 3292 2181 πορνείας
3321 2111 3439 2162 οὐδὲ
3477 2112 3747 2180 μοιχείας,

2180 2198 2315 2251 ἀλλὰ
2352 2199 2579 2268 μίξεως·
2620 2198 2681 2250 τὸ
2716 2196 2876 2267 σῶμα
2926 2196 3202 2265 ἐπιθυμεῖ,
3234 2195 3296 2246 06
3326 2197 3557 2264 τρυφῆς,
3605 2195 3752 2248 ἀλλὰ

2180 2286 2406 2353 τροφῆς,
2439 2284 2500 2335 06
2529 2281 2718 2352 μέθης,
2750 2280 2887 2334 ἀλλὰ
2910 2278 3096 2334 ποτοῦ.
3132 2280 3253 2331 '01:
3277 2277 3385 2346 γάρ
3412 2278 3508 2346 οὐχ
3530 2281 3566 2347 ἡ
3606 2279 3755 2349 μέθη

2179 2365 2273 2419 τοῦ
2296 2365 2543 2435 σώματός
2575 2366 2720 2417 ἐστιν
2747 2362 3040 2428 ἐπιθυμία,
3079 2361 3270 2413 σκόπει
3291 2359 3406 2420 πῶς
3425 2376 3439 2390 ·
3473 2361 3573 2412 οὐκ
3592 2362 3755 2414 ἀντέ-

2180 2464 2265 2517 χει
2298 2447 2503 2511 λοιπὸν,
2548 2448 2675 2499 δταν
2705 2444 2949 2514 ὑπερὸᾕς
2980 2444 3041 2496 τὸ
3094 2443 3316 2513 μέτρον,
3351 2443 3479 2495 ὅταν
3510 2442 3579 2495 τὰ
3622 2443 3757 2514 δρια

2181 2532 2411 2603 νικήσῃς
2444 2532 2514 2584 τὰ
2542 2529 2636 2583 τοῦ
2678 2528 2927 2598 σώματος
2948 2545 2961 2558 ·
3016 2527 3141 2580 ἐπεὶ
3167 2526 3236 2579 τὰ
3268 2526 3403 2580 ἄλλα
3441 2526 3617 2578 πάντα
3648 2526 3758 2597 τῆς

2179 2614 2357 2684 ψυχῆς
2412 2615 2580 2676 ἐστιν,
2611 2607 2723 2665 οἷον
2760 2613 2889 2665 ὅταν
2935 2612 3016 2673 εἰς
3068 2608 3307 2679 σαρκικὰ
3338 2608 3756 2679 καταφέρηται,

2182 2698 2309 2751 ὅταν
2363 2699 2564 2765 παχεῖα
2609 2695 2855 2765 γένηται.
2886 2694 2947 2746 Εἰ
2972 2694 3081 2763 γὰρ
3120 2693 3215 2745 καὶ
3258 2691 3421 2744 καλὸν
3466 2694 3528 2744 10
3566 2693 3755 2761 σῶμα,

2182 2781 2319 2834 ἀλλὰ
2356 2781 2563 2850 σφόδρα
2599 2775 2760 2849 ἦττον
2784 2778 2882 2846 τῆς
2913 2777 3109 2846 ψυχῆς.
3148 2776 3360 2845 Ὥσπερ
3393 2770 3484 2828 οὖν
3513 2776 3693 2845 ἥττων
3724 2779 3759 2828 0

2186 2862 2443 2934 μόλυϐδος
2484 2860 2713 2932 χρυσοῦ,
2752 2859 2867 2913 ἀλλ’
2890 2860 3037 2929 ὅμως
3062 2858 3230 2911 δεῖται
3253 2858 3348 2911 καὶ
3376 2856 3470 2910 τοῦ
3500 2856 3756 2925 μολίϐδου

2182 2947 2275 2999 τοῦ
2317 2945 2753 3013 συγκολλῶντος·
2795 2942 2936 2995 06116
2986 2941 3068 2993 δεῖ
3110 2941 3203 2994 καὶ
3242 2938 3337 2993 τοῦ
3390 2939 3637 3010 σώματος
3680 2942 3752 3008 τῇ

2183 3034 2363 3104 ψυχῇ·
2411 3030 2444 3102 ἢ
2476 3032 2667 3101 ὥσπερ
2701 3029 2909 3083 παιδίον
2958 3029 3106 3081 ἐστὶν
3139 3024 3357 3095 εὐγενὲς
3401 3025 3751 3093 παιδαγωγοῦ

2183 3116 2455 3186 δεόμενον,
2483 3112 2627 3167 οὕτω
2659 3112 2756 3166 καὶ
2789 3114 2823 3181 ή
2854 3109 3002 3182 ψυχὴ
3030 3110 3199 3167 δεῖται
3216 3108 3310 3163 τοῦ
3343 3109 3611 3180 σώματος.
3636 3108 3757 3160 Καὶ

2188 3198 2263 3269 μὴ
2280 3198 2589 3269 θαυμάσῃς,
2625 3197 2673 3249 εί
2703 3195 2926 3249 τοιαῦτα
2953 3195 3278 3264 παρήγαγον
3303 3192 3757 3263 παραδείγματα.

2188 3282 2398 3350 Ὠσπερ
2424 3279 2533 3350 γὰρ
2564 3278 2787 3333 παιδικὰ
2815 3278 3117 3349 πράγματα
3144 3276 3394 3345 λέγομεν,
3423 3276 3482 3328 06
3516 3276 3613 3345 τὴν
3637 3274 3763 3343 ἡλι-

2188 3364 2311 3418 κίαν
2341 3362 2738 3429 διαϐάλλοντες,
2780 3359 2918 3414 ἀλλὰ
2942 3362 3012 3414 τὰ
3055 3361 3174 3413 κατ’
3212 3358 3383 3428 αὑτήν
3408 3374 3422 3388 ·
3470 3356 3611 3410 οὕτω
3656 3359 3764 3409 καὶ

2186 3446 2315 3518 περὶ
2341 3446 2435 3500 τοῦ
2481 3444 2753 3516 σώματος.
2793 3443 2932 3498 Ἀλλ’
2963 3443 3140 3496 ενεστι
3180 3442 3256 3512 μὴ
3292 3437 3432 3495 εἶναι
3454 3443 3512 3494 ἐν
3554 3443 3752 3511 σαρκὶ,

2185 3531 2252 3584 ἂν
2286 3529 2555 3600 θέλωμεν,
2591 3527 2779 3599 ῶσπερ
2808 3526 2929 3581 οὒδέ
2955 3528 3012 3579 ἐν
3045 3528 3109 3595 τῇ
3135 3528 3229 3596 γῇ,
3265 3524 3380 3577 ἀλλ’
3410 3525 3469 3576 ἐν
3503 3524 3762 3593 οὐρανοῖς

2187 3614 2281 3667 καὶ
2308 3611 2425 3684 [58]
2451 3613 2508 3664 ἐν
2531 3610 2826 3681 πνεύματι.
2846 3610 2918 3663 Τὸ
2937 3610 3047 3679 γὰρ
3078 3602 3218 3661 εἷναί
3249 3624 3373 3672 που,
3398 3608 3495 3677 οὐχ
3523 3606 3662 3659 06116
3681 3610 3763 3677 τῇ

2188 3700 2333 3752 θέσει
2356 3700 2424 3769 τῇ
2450 3699 2508 3750 ἐν
2528 3695 2606 3766 τῷ
2628 3696 2779 3765 τόπῳ
2793 3694 3034 3763 λέγεται,
3050 3692 3125 3756 16;
3144 3695 3211 3763 τῇ
3234 3691 3487 3746 διαθέσει.
3520 3690 3765 3753 Πολλοὺς

2188 3781 2318 3850 γοῦν
2355 3782 2517 3843 ὄντας
2564 3796 2691 3841 που,
2734 3779 2964 3848 λέγομεν
2998 3776 3074 3847 μὴ
3107 3771 3270 3839 εἶναι,
3331 3774 3599 3841 λέγοντες,
3636 3774 3766 3826 Οὐκ

2186 3860 2331 3935 ἦσθα
2374 3862 2625 3916 ἐνταῦθα.
2668 3862 2779 3916 Καὶ
2806 3861 2859 3913 τί
2886 3860 3029 3928 λέγω
3058 3858 3261 3924 ταῦτα;
3294 3856 3557 3919 Πολλάκις
3596 3855 3767 3921 λέγοι

2194 3964 2314 4018 μεν,
2346 3947 2461 3999 Οὐκ
2486 3942 2536 3997 εί
2564 3947 2622 3997 ἐν
2662 3942 2895 4012 σεαυτῷ,
2926 3944 3041 3995 Οὐκ
3068 3943 3184 4012 εἰμὶ
3210 3944 3267 3995 ἐν
3290 3941 3511 4011 ἐμαυτῷ
3531 3955 3544 3967 ·
3575 3938 3767 3992 καίτοι

2190 4032 2244 4083 τί
2281 4027 2739 4100 σωματικώτερον
2772 4026 2987 4086 τούτου,
3032 4026 3162 4079 δταν
3202 4025 3361 4088 0610;
3397 4024 3574 4091 ἐαυτῷ
3618 4021 3771 4093 πλη-

2194 4114 2389 4183 σιάζῃς
2421 4113 2537 4165 ἀλλ’
2576 4112 2725 4181 ὅμως
2762 4112 2823 4163 06
2866 4110 3043 4180 φαμέν
3080 4109 3244 4161 06100
3278 4106 3420 4161 εἶναι
3451 4110 3508 4161 ἐν
3553 4106 3765 4175 ἐαυτῷ.

2191 4195 2490 4266 Γενώμεθα
2518 4194 2698 4247 τοίνυν
2730 4194 2789 4245 ἐν
2829 4193 3066 4256 ἑαυτοῖς,
3099 4192 3158 4243 ἐν
3188 4190 3265 4259 τῷ
3306 4189 3540 4261 οὐρανῷ,
3574 4190 3633 4240 ἐν
3672 4188 3771 4258 τῷ

2192 4280 2501 4349 πνεύματι·
2552 4278 2803 4348 μένωμεν
2837 4277 2931 4329 ἐπὶ
2960 4277 3059 4346 τῆς
3099 4275 3319 4346 εἰρήνης
3354 4273 3571 4342 καὶτῆς
3600 4271 3772 4343 χάρι-

2188 4380 2282 4426 τος
2306 4361 2402 4416 τοῦ
2424 4360 2583 4426 Θεοῦ,
2616 4360 2704 4413 ἴνα
2728 4359 2945 4412 πάντων
2962 4358 3071 4411 τῶν
3103 4356 3382 4429 σαρκικῶν
3416 4356 3771 4424 ἀπαλλαγένο

2188 4464 2300 4510 τες,
2326 4445 2646 4515 δυνηθῶμεν
2695 4444 2973 4511 ἐπιτυχεῖν
3004 4440 3112 4494 τῶν
3150 4438 3574 4509 ἐπηγγελμένων
3622 4439 3776 4515 070-

2191 4531 2302 4585 θῶν
2337 4530 2397 4582 ἐν
2428 4513 2649 4598 Χριστῷ
2678 4524 2854 4594 Ἰησοῦ
2887 4524 2965 4595 τῷ
3002 4522 3193 4594 Κυρίῳ
3224 4522 3405 4593 ήμῶν,
3447 4521 3564 4591 μεθ’
3594 4513 3655 4574 οὗ
3678 4522 3774 4591 τῷ

2193 4613 2393 4684 Πατρὶ,
2434 4612 2552 4681 ἃμα
2568 4610 2646 4681 τῷ
2676 4610 2818 4680 ἁγίῳ
2837 4608 3138 4679 Πνεύματι,
3166 4606 3315 4672 δόξα,
3345 4606 3567 4677 κράτος,
3596 4607 3770 4677 τιμὴ,

2206 4695 2299 4751 νῦν
2316 4697 2413 4749 καὶ
2432 4695 2543 4761 ἀεὶ,
2564 4692 2661 4747 καὶ
2681 4693 2761 4755 εἰς
2786 4692 2910 4756 τοὺς
2935 4691 3135 4754 αἰῶνας
3154 4688 3265 4743 τῶν
3293 4688 3523 4745 αἰώνων.
3559 4689 3770 4759 Ἀμήν.
