4030 6498
281 440 335 496 tt
867 402 875 411 ’
1187 429 1251 483 lN
1292 426 1497 483 EPIST.
1541 428 1629 483 AD
1671 424 1904 483 uenas.

277 562 329 608 et
354 548 582 622 perdidit
604 589 619 614 ,
651 562 757 603 non
782 546 872 602 alii
899 546 1166 615 imperans
1185 586 1200 609 ,
1230 557 1404 611 neque
1446 541 1616 595 solum
1650 554 1841 607 agens,

276 642 369 697 Sed
398 642 559 696 etiam
589 640 815 709 patiens.
857 636 973 691 Non
1019 635 1188 700 dixit,
1235 634 1496 696 Solveus;
1528 645 1635 685 non
1674 626 1843 693 dixit,

275 736 493 789 Tollens
544 752 557 787 :
601 729 862 801 sed,quod
897 738 981 785 est
1010 728 1246 783 omnium
1286 723 1804 779 vehementissimam
1826 761 1841 783 ,

277 824 613 892 Interﬁciens,
663 821 799 877 adeo
841 829 898 874 ut
939 820 1069 889 ipsa:
1108 833 1213 871 non
1270 815 1499 885 amplius
1544 819 1841 880 resurgant.

275 915 555 986 Quomodo
603 929 733 985 ergo
782 909 1109 982 resurgunt?
1161 911 1203 964 A
1261 908 1425 962 multo
1460 916 1644 1004 nostro
1696 904 1843 1004 vitin.

273 1008 542 1075 Quamdiu
586 1003 947 1060 manserimus
976 1003 1028 1056 in
1070 1016 1296 1070 corpore
1341 997 1561 1064 Christi,
1594 992 1845 1066 quamdiu

272 1099 530 1154 fuerimus
559 1095 695 1150 uniti
720 1136 735 1160 ,
766 1108 871 1147 non
901 1101 1184 1162 resurgunt
1208 1130 1223 1156 ,
1249 1087 1341 1144 s'ed
1366 1088 1547 1157 jaceat
1575 1092 1799 1139 morture
1827 1096 1841 1132 :

274 1193 385 1245 imo
416 1203 546 1244 vero
574 1187 681 1242 illa:
709 1199 996 1254 numquam
1042 1191 1359 1252 resurgunt;
1391 1179 1483 1234 sed
1514 1178 1560 1231 si
1594 1177 1724 1231 alias
1754 1190 1847 1245 pe-

275 1283 607 1351 pererimus,
653 1293 761 1331 nou
809 1291 886 1330 eae
917 1283 1040 1329 sunt
1067 1273 1295 1342 amplius
1338 1279 1554 1341 propter
1592 1283 1713 1323 eum
1759 1265 1847 1368 qui

272 1374 484 1443 priores
526 1368 742 1424 sustulit
781 1376 835 1422 et
874 1366 1123 1437 perdidit,
1165 1365 1259 1419 sed
1308 1373 1363 1417 tu
1417 1363 1546 1460 alias
1595 1363 1845 1460 parturis.

274 1462 406 1516 Nam
428 1460 704 1531 prudentia
740 1474 834 1513 seu
860 1458 1031 1528 potius
1052 1456 1303 1527 cogitatio
1328 1462 1383 1508 et
1408 1453 1624 1521 spiritus
1647 1453 1842 1514 carnis,

276 1553 569 1608 inimicitia:
613 1560 737 1605 sunt
765 1550 1022 1604 adversus
1045 1548 1211 1602 Deum
1239 1544 1414 1615 (Rom.
1447 1545 1500 1599 8.
1528 1544 1606 1612 6).
1635 1541 1690 1597 Si
1712 1540 1847 1595 nihil

277 1647 572 1715 cogitemus
608 1659 669 1697 ac
695 1643 962 1713 sapiamus
988 1639 1223 1707 carnale,
1252 1654 1359 1694 non
1393 1646 1676 1692 nascentur
1703 1635 1845 1702 alite,

277 1737 372 1791 sed
400 1736 631 1790 manebit
651 1748 751 1804 pax
772 1733 883 1789 illa.

350 1825 632 1878 Prudentia
660 1824 829 1877 carnis
852 1822 974 1892 quid
1001 1822 1086 1876 sit.
1114 1851 1185 1860 —
1214 1822 1269 1877 4.
1297 1818 1484 1889 Cogita
1511 1819 1652 1873 enim
1681 1832 1855 1888 quan-

274 1929 388 1974 tum
418 1920 489 1973 sit
517 1918 712 1972 malum
734 1959 748 1984 ,
781 1931 899 1971 cum
944 1916 1086 1971 Deus
1112 1923 1221 1969 tam
1253 1914 1415 1968 multa
1450 1912 1749 1980 procurarit
1793 1918 1849 1964 et

272 2012 511 2067 olfecerit
550 2019 607 2063 ut
646 2010 1013 2074 conciliemur,
1060 2023 1156 2063 nos
1204 2020 1391 2061 rursus
1430 2004 1606 2060 redire
1641 2002 1708 2058 ad
1742 2002 1846 2056 ini-

270 2105 520 2158 micitias.
569 2102 677 2156 llas
718 2115 824 2156 non
880 2101 1109 2170 amplius
1167 2106 1347 2153 manet
1397 2098 1707 2161 lavacrum,
1752 2094 1846 2150 sed

266 2197 553 2266 gehenna;
582 2210 688 2249 non
736 2193 1004 2256 remissio,
1031 2191 1126 2247 sed
1151 2191 1483 2248 examinatio
1520 2198 1575 2243 et
1598 2189 1842 2259 quaestio.

268 2288 562 2343 Prudentia
588 2301 651 2342 ac
674 2286 925 2355 cogitatio
951 2284 1128 2339 carnis
1151 2324 1166 2346 ,
1198 2290 1323 2336 sunt
1362 2281 1568 2336 delicize
1593 2290 1648 2335 et
1672 2279 1846 2335 indul-

266 2396 397 2449 gere
421 2379 679 2449 voluptati
708 2395 721 2431 :
757 2377 1033 2448 prudentia
1060 2376 1237 2431 carnis
1258 2382 1340 2429 est
1358 2374 1598 2437 avaritia,
1618 2382 1672 2429 et
1688 2387 1846 2428 omne

266 2484 569 2543 peccatum.
600 2472 709 2526 Cur
745 2471 885 2526 dicta
927 2479 1010 2525 est
1041 2468 1320 2539 prudentia
1346 2466 1561 2523 carnis?
1612 2466 1757 2536 atqui
1783 2480 1846 2519 ea

265 2566 385 2621 sine
412 2566 592 2619 anima
632 2563 764 2618 nihil
793 2563 1003 2618 fecerit.
1031 2560 1146 2615 Non
1171 2559 1302 2615 dicit
1330 2560 1433 2615 hoc
1458 2574 1669 2614 carnem
1699 2558 1841 2612 vitu-

265 2672 465 2728 perans
489 2675 505 2711 :
538 2672 660 2712 nam
688 2665 741 2710 et
759 2655 975 2725 quando
1000 2654 1149 2719 dicit,
1173 2653 1422 2707 Animalia
1447 2653 1596 2706 homo
1625 2651 1703 2720 (l.
1724 2649 1841 2706 Cor.

263 2750 318 2802 2.
354 2748 447 2819 14)
473 2789 491 2815 ,
524 2763 629 2802 non
661 2749 760 2801 hoc
784 2746 914 2801 dicit
955 2748 1266 2815 vituperans
1292 2745 1524 2799 animam
1551 2760 1565 2808 ;
1589 2743 1682 2797 sed
1723 2742 1844 2811 quia

263 2853 373 2894 non
406 2854 505 2908 per
524 2852 587 2892 se
611 2835 808 2891 sufﬁcit
847 2850 946 2890 nec
972 2848 1168 2903 corpus
1196 2849 1295 2889 nec
1330 2833 1505 2887 anima
1533 2832 1599 2886 ad
1626 2832 1847 2902 praecla-

262 2946 383 2985 rum
417 2928 621 2999 aliquid
648 2938 703 2982 et
727 2942 972 2997 magnum
1001 2924 1324 2990 faciendum,
1352 2925 1398 2979 si
1425 2940 1529 2978 non
1554 2938 1843 2993 supernum

264 3030 589 3091 assequatur
613 3019 889 3074 auxilium.
921 3018 1211 3087 Propterea
1241 3016 1490 3071 animalia
1532 3016 1619 3069 illa
1646 3023 1801 3070 vocat
1826 3056 1841 3080 ,

264 3131 386 3184 qua:
431 3129 528 3183 per
574 3128 634 3167 se
679 3121 932 3182 Operatur
969 3112 1144 3163 anima
1172 3127 1186 3175 ;
1218 3118 1272 3165 et
1300 3108 1537 3164 carnalia
1566 3109 1658 3162 illa
1682 3149 1698 3173 ,
1727 3122 1846 3177 quae

264 3221 360 3275 per
391 3220 452 3260 se
475 3219 670 3274 corpus
696 3221 710 3257 :
738 3219 843 3257 non
870 3204 1121 3273 quoniam
1145 3202 1259 3258 hac
1281 3201 1563 3267 naturalia,
1597 3200 1692 3256 sed
1714 3215 1846 3270 quo-

264 3300 435 3362 niam,
459 3296 563 3350 nisi
590 3295 714 3351 inde
740 3295 1049 3366 praesidium
1071 3295 1400 3364 acceperint,
1429 3301 1677 3363 pereunt.
1705 3292 1837 3346 Nam

262 3391 409 3444 oculi
448 3404 661 3460 quoque
710 3397 836 3442 sunt
865 3387 1107 3458 pulchri,
1140 3387 1234 3442 sed
1273 3388 1391 3442 sine
1414 3386 1531 3441 luce
1553 3427 1569 3452 ,
1599 3384 1737 3438 mala
1762 3384 1845 3438 fa-

263 3482 420 3534 ciunt
447 3480 852 3533 innumerabilia
878 3495 893 3543 ;
923 3488 975 3531 et
1004 3493 1063 3533 ea
1091 3486 1215 3532 sunt
1244 3478 1477 3546 ipsorum
1508 3475 1843 3531 imbecillita-

266 3575 354 3635 tis,
405 3586 512 3624 non
556 3580 780 3624 naturae.
816 3569 872 3624 Si
914 3578 1098 3624 essent
1145 3576 1325 3624 autem
1375 3568 1514 3621 mala
1559 3566 1842 3628 naturalia,

264 3678 563 3732 numquam
615 3663 682 3716 iis
725 3662 793 3716 ad
833 3661 885 3716 id
919 3662 1063 3731 quod
1112 3669 1324 3730 oportet
1362 3669 1678 3715 uteremur:
1712 3657 1845 3712 nihil

266 3760 415 3811 enim
444 3755 684 3810 naturale
709 3763 793 3809 est
826 3755 1047 3808 malum.
1078 3753 1217 3821 Quid
1243 3768 1371 3823 ergo
1397 3761 1522 3807 sunt
1547 3750 1845 3820 prudentia;

266 3851 560 3907 carnales?
587 3850 831 3905 Peccata.
873 3847 1006 3902 Nam
1052 3847 1269 3917 quando
1296 3848 1405 3917 ipsa
1428 3889 1443 3911 ,
1473 3861 1664 3915 nempe
1693 3859 1837 3910 caro,

266 3943 564 3997 obtinuerit
606 3939 936 3995 dominatum
980 3938 1236 3993 adversus
1279 3938 1549 4007 aurigam,
1601 3938 1653 3990 in
1681 3936 1845 3990 altum

267 4036 412 4089 elata
440 4072 453 4096 ,
484 4033 620 4087 mala
658 4032 797 4101 parit
821 4030 1256 4085 innumerabilia.
1288 4028 1476 4084 Carnis
1504 4028 1647 4084 enim
1677 4029 1845 4083 virtus

266 4138 348 4182 est
374 4127 670 4194 subjectum
698 4138 817 4179 esse
839 4124 1053 4190 anima},
1084 4122 1269 4176 vitium
1297 4132 1495 4186 autem,
1521 4123 1715 4176 anima:
1745 4122 1847 4175 im-

270 4234 488 4287 perare.
518 4218 667 4272 Sicut
691 4232 820 4287 ergo
850 4232 1017 4285 equus
1047 4224 1131 4271 est
1162 4215 1383 4285 pulcher
1407 4224 1460 4271 et
1487 4215 1639 4271 bouis
1675 4215 1842 4283 tibiis,

270 4310 370 4366 sed
402 4310 504 4363 hoc
530 4311 731 4379 absque
756 4310 939 4377 auriga
968 4324 1073 4361 non
1122 4319 1341 4377 apparet
1375 4325 1388 4361 :
1414 4307 1482 4361 ita
1523 4308 1683 4362 etiam
1718 4322 1845 4363 caro

276 4413 409 4455 tunc
449 4400 665 4469 pulchra
693 4400 828 4464 erit,
858 4398 1069 4467 quando
1114 4398 1230 4467 ejus
1270 4402 1600 4452 exsultantes
1628 4400 1847 4469 spiritus

276 4493 749 4562 amputaverimus.
800 4491 907 4546 Sed
948 4505 1121 4560 neque
1168 4489 1349 4559 auriga
1388 4500 1607 4559 apparet
1648 4491 1847 4560 absque

276 4584 499 4639 scientia
532 4601 545 4637 :
573 4598 693 4636 nam
723 4581 836 4651 ipse
862 4581 1085 4636 scientia
1117 4595 1306 4635 carens
1348 4581 1451 4635 illis
1478 4582 1717 4651 graviora
1748 4597 1846 4652 pa-

272 4686 402 4730 trat.
451 4675 805 4742 Quamobrem
852 4682 1063 4743 oportet
1111 4675 1256 4727 omni
1293 4690 1359 4727 ex
1408 4683 1557 4743 parte
1582 4683 1845 4729 attentum

268 4783 395 4822 esse
425 4782 439 4818 :
471 4767 685 4835 spiritus
708 4774 948 4820 attentus
968 4766 1203 4835 aurigam
1235 4765 1358 4819 facit
1380 4766 1652 4820 fortiorem
1680 4784 1693 4819 :
1726 4767 1771 4820 is
1792 4777 1848 4822 et

268 4858 507 4911 animam
529 4865 683 4910 ornat
700 4864 757 4909 et
771 4870 983 4924 corpus.
1005 4855 1461 4922 Quemadmodum
1483 4859 1623 4911 enim
1642 4858 1816 4911 anima
1830 4899 1845 4922 ,

266 4951 399 5003 dum
443 4950 580 5004 inest
606 4948 821 5018 quidem
848 4951 1060 5019 corpori
1090 4989 1105 5012 ,
1137 4950 1309 5017 ipsum
1350 4951 1630 5019 pulchrum
1661 4964 1846 5008 osten-

267 5041 349 5095 dit
379 5058 398 5108 ;
427 5042 640 5111 quando
687 5053 864 5096 autem
908 5042 1078 5110 ipsum
1124 5058 1153 5096 a
1184 5058 1280 5098 sua
1307 5044 1614 5099 destituerit
1652 5062 1843 5115 opera-

272 5135 423 5188 tione
446 5142 501 5188 et
524 5134 865 5197 abscesserit,
889 5134 1109 5204 perinde
1128 5145 1286 5204 atque
1305 5138 1346 5189 si
1371 5138 1540 5205 pictor
1560 5137 1849 5192 confundat

266 5228 501 5295 colores,
526 5244 716 5298 magna
746 5228 803 5282 fit
832 5228 1139 5284 deformitas
1163 5272 1177 5293 ,
1208 5248 1520 5302 unaquaque
1549 5244 1696 5301 parte
1724 5250 1847 5303 pro-

269 5332 490 5387 perante
517 5321 584 5374 ad
612 5321 884 5376 interitum
915 5340 929 5374 :
960 5321 1028 5375 ita
1059 5322 1216 5376 etiam
1240 5324 1449 5392 quando
1478 5326 1693 5391 spiritus
1720 5342 1845 5379 cor-

267 5425 368 5480 pus
392 5412 566 5468 solum
591 5412 869 5483 reliquerit
896 5424 949 5469 et
974 5416 1226 5484 animam,
1259 5415 1316 5469 tit
1341 5416 1574 5472 deterior
1591 5426 1642 5473 et
1673 5418 1844 5488 major

1958 424 2110 480 CAP.
2152 428 2214 483 li.
2258 429 2483 487 HOMIL.
2529 434 2592 488 ν.
3459 448 3527 503 49.

1958 540 2283 598 deformitas.
2340 547 2416 601 Ne
2468 565 2595 620 ergo
2655 552 2900 621 quoniam
2957 568 3151 624 corpus
3204 564 3285 609 est
3351 557 3527 609 minus

1956 633 2128 686 anima
2150 676 2165 699 ,
2201 635 2250 690 id
2291 638 2551 706 vitupera.
2586 640 2719 695 Nam
2755 659 2851 697 nec
2881 658 2980 714 ego
3012 646 3183 715 patior
3228 648 3516 717 vituperari

1955 724 2227 793 animam,
2260 732 2507 797 quoniam
2537 733 2665 787 nihil
2694 736 2834 792 valet
2857 739 3055 807 absque
3094 742 3302 808 Spiritu.
3327 742 3381 794 Si
3413 756 3510 793 auv

1957 824 2060 868 tem
2089 817 2287 888 aliquid
2314 821 2384 875 sit
2403 822 2686 879 dicendum
2711 867 2727 893 ,
2765 829 3020 897 majorem
3050 832 3520 901 reprehensionem

1956 918 2197 962 meretur
2217 911 2419 966 anima.
2444 913 2574 968 Nam
2601 930 2792 986 corpus
2819 920 2948 974 nihil
2973 921 3097 975 mali
3120 922 3304 977 fecerit
3326 923 3529 993 absque

1956 1000 2169 1066 anima;
2219 1003 2311 1058 sed
2352 1007 2525 1060 anima
2568 1010 2734 1064 multa
2775 1011 2973 1082 absque
3014 1028 3258 1084 corpore.
3313 1015 3528 1071 Etenim

1959 1090 2083 1145 dum
2116 1093 2245 1149 illud
2276 1097 2573 1153 tabescitet
2603 1116 2707 1155 non
2730 1104 2979 1170 exsultat,
3015 1105 3129 1161 hinc
3164 1109 3329 1162 multa
3361 1109 3525 1165 facit:

1955 1181 2093 1237 sicut
2123 1184 2197 1238 illi
2231 1190 2660 1258 praestigiatorcs,
2689 1199 2848 1264 magi,
2880 1197 3061 1264 invidi,
3089 1201 3311 1256 veneﬁci
3333 1217 3527 1273 corpus

1955 1284 2233 1331 attenuarat
2263 1289 2315 1333 et
2355 1295 2646 1340 macerant.
2704 1288 2915 1358 Alioqui
2960 1301 3139 1347 autem
3185 1309 3283 1349 nec
3313 1295 3523 1352 delicia:

1956 1378 2081 1422 sunt
2121 1386 2185 1425 ex
2217 1377 2533 1431 necessitate
2579 1381 2843 1449 corporis,
2888 1386 2983 1438 sed
3033 1400 3099 1440 eo
3126 1388 3265 1457 quod
3293 1403 3397 1443 non
3449 1401 3529 1446 at-

1958 1463 2140 1517 te-ndat
2182 1467 2360 1520 anima
2407 1471 2761 1527 :alimentum
2806 1477 2948 1529 enim
2990 1488 3073 1532 est
3107 1494 3173 1533 ex
3205 1483 3529 1539 necessitate

1956 1556 2204 1624 corporis
2229 1596 2245 1623 ,
2276 1574 2379 1612 non
2403 1560 2630 1617 deliciae.
2653 1564 2707 1619 Si
2729 1566 2887 1620 velim
2921 1568 3128 1623 frenum
3162 1573 3449 1629 vehemens
3477 1586 3532 1630 ct

1954 1659 2202 1715 asperum
2231 1650 2540 1718 immittere,
2570 1670 2762 1725 equum
2791 1656 3069 1717 refrenabo
3094 1680 3107 1715 :
3135 1677 3328 1733 corpus
3352 1677 3532 1722 autem

1956 1737 2188 1792 animam
2227 1756 2331 1794 non
2363 1752 2538 1811 potest
2564 1747 2813 1803 cohibere
2844 1750 2894 1803 in
2926 1753 3040 1820 ejus
3070 1756 3240 1811 malis.
3276 1758 3381 1812 Cur
3405 1775 3534 1830 ergo

1956 1840 2072 1880 eam
2094 1838 2248 1883 vocat
2275 1832 2608 1899 prudentiam
2633 1839 2855 1893 carnis?
2880 1840 3138 1909 Quoniam
3168 1855 3275 1901 tota
3303 1859 3384 1903 est
3414 1866 3534 1904 car-

1956 1920 2059 1974 nis.
2092 1921 2313 1990 Quando
2344 1928 2486 1982 enim
2516 1930 2626 2000 ipsa
2666 1931 2995 1990 dominatum
3044 1939 3373 2009 obtinuerit,
3408 1955 3532 1999 tunc

1956 2024 2176 2080 peccat;
2214 2019 2425 2085 quando
2473 2034 2703 2077 mentem
2746 2026 3004 2083 ademerit
3047 2040 3101 2086 et
3144 2036 3336 2090 animae
3364 2038 3532 2106 impe-

1954 2105 2115 2159 rium.
2145 2108 2202 2163 in
2230 2109 2333 2165 hoc
2361 2127 2489 2183 ergo
2509 2118 2756 2173 consistit
2784 2119 2954 2175 virtus
2984 2129 3246 2196 corporis,
3274 2132 3415 2199 quod
3445 2148 3531 2187 cc-

1954 2196 2043 2251 dat
2066 2200 2257 2255 anima:
2288 2216 2305 2259 :
2342 2218 2463 2257 nam
2493 2220 2587 2275 per
2611 2224 2669 2262 se
2697 2226 2793 2265 nec
2821 2225 2903 2267 est
2929 2215 3068 2270 bona
3095 2258 3111 2283 ,
3161 2196 3338 2290 neque
3366 2225 3528 2278 mala.

1954 2288 2090 2356 Quid
2130 2292 2271 2346 enim
2315 2308 2411 2364 per
2438 2311 2498 2352 se
2527 2297 2714 2354 fecerit
2742 2306 2978 2372 corpus?
3007 2288 3366 2374 Quamobrem
3398 2330 3530 2369 cou-

1949 2381 2228 2450 junctione
2278 2386 2472 2441 bonum
2517 2401 2600 2444 est
2624 2406 2820 2462 corpus
2850 2405 3072 2466 pr0pter
3097 2400 3482 2471 subjectionem
3510 2422 3525 2458 :

1953 2490 2076 2529 nam
2104 2490 2199 2544 per
2226 2491 2284 2531 se
2311 2495 2410 2535 nec
2440 2480 2634 2535 bonum
2662 2494 2743 2538 est
2761 2501 2858 2540 nec
2879 2490 3100 2554 malum,
3129 2492 3195 2547 ad
3225 2494 3325 2550 hoc
3352 2508 3531 2553 autem

1955 2579 2007 2624 et
2037 2570 2165 2625 illud
2215 2583 2395 2642 aptum
2422 2616 2436 2640 ,
2467 2577 2534 2631 ad
2580 2587 2803 2649 utraque
2828 2591 2910 2635 est
2937 2598 3282 2654 propensum.
3326 2588 3533 2659 Corpus

1954 2666 2322 2736 concupiscit,
2366 2669 2463 2725 sed
2493 2686 2598 2726 non
2631 2677 3014 2733 scortationem
3040 2696 3140 2737 nec
3165 2684 3485 2747 adulterium
3513 2732 3530 2755 ,

1953 2768 2009 2811 at
2034 2759 2231 2814 coitum
2260 2778 2276 2816 :
2304 2776 2499 2833 corpus
2528 2768 2879 2836 concupiscit,
2912 2786 3017 2825 non
3048 2772 3288 2841 delicias,
3317 2778 3409 2831 sed
3435 2795 3532 2832 nu-

1955 2850 2298 2919 trimentum;
2340 2870 2445 2908 non
2491 2857 2806 2913 ebrietatem
2828 2902 2842 2923 .
2876 2863 2970 2917 sed
3003 2875 3205 2932 potum.
3229 2868 3358 2921 Nam
3388 2873 3531 2940 quod

1952 2940 2191 2997 ebrietas
2210 2961 2315 2999 non
2341 2947 2412 3000 sit
2438 2952 2879 3019 concupiscentia
2910 2960 3150 3027 Corporis
3174 3001 3190 3023 ,
3238 2961 3354 3015 vide
3399 2979 3533 3032 quo-

1954 3033 2114 3088 modo
2171 3054 2186 3090 :
2244 3052 2349 3092 non
2413 3040 2639 3110 amplius
2698 3044 2983 3101 retinueris
3046 3050 3260 3119 quando
3314 3055 3530 3109 modum

1952 3132 2279 3199 excesseris,
2334 3142 2388 3189 et
2434 3137 2675 3205 corporis
2720 3141 2982 3195 terminos
3027 3145 3279 3199 moveris.
3329 3146 3529 3217 Nempe

1952 3222 2054 3275 alia
2091 3224 2269 3279 omnia
2299 3235 2425 3280 sunt
2450 3229 2643 3284 animae
2669 3271 2684 3294 ,
2716 3231 2932 3301 quando
2969 3232 3215 3302 dejicitur
3243 3237 3308 3291 ad
3340 3253 3533 3292 carna-

1953 3311 2022 3365 lia
2048 3352 2063 3378 ,
2092 3314 2306 3384 quando
2333 3332 2514 3373 crassa
2546 3319 2748 3375 evadit.
2781 3322 2913 3377 Nam
2943 3327 3043 3379 etsi
3071 3326 3270 3382 bonum
3298 3340 3381 3385 est
3407 3346 3528 3385 cor-

1955 3419 2074 3473 pus,
2133 3415 2216 3461 est
2265 3417 2440 3465 tamen
2495 3411 2654 3484 longe
2707 3416 2883 3471 minus
2932 3418 3129 3473 anima.
3181 3421 3330 3477 Sicut
3376 3425 3536 3496 igitur

1952 3495 2226 3565 plumbum
2253 3514 2384 3555 auro
2406 3502 2629 3559 inferius
2659 3515 2762 3572 est,
2790 3508 2884 3562 sed
2918 3519 3090 3565 tamen
3126 3512 3345 3582 plumbo
3371 3518 3532 3571 etiam

1953 3603 2088 3658 opus
2166 3599 2249 3645 est
2309 3594 2450 3663 quod
2515 3597 2905 3667 conglutinet:
2968 3603 3039 3656 ita
3116 3607 3277 3660 etiam
3339 3612 3530 3664 animae

1953 3696 2088 3752 opus
2113 3694 2196 3739 est
2233 3673 2458 3756 corpore
2488 3695 2505 3743 :'
2532 3690 2679 3744 velut
2726 3707 2859 3761 puer
2900 3694 3163 3764 ingenuus
3204 3713 3338 3769 opus
3370 3700 3532 3757 habet

1954 3776 2242 3848 paedagogo
2262 3820 2277 3843 ,
2308 3780 2377 3834 ita
2403 3782 2564 3836 etiam
2592 3783 2769 3839 anima
2805 3801 2939 3856 opus
2985 3789 3144 3844 habet
3183 3806 3425 3862 corpore.
3462 3795 3533 3851 Et

1954 3883 2021 3923 ne
2047 3870 2260 3925 mireris
2288 3874 2427 3942 quod
2460 3876 2581 3931 talia
2607 3881 2849 3949 exempla
2883 3884 3176 3951 posuerim.
3210 3884 3360 3941 Sicut
3383 3891 3526 3944 enim

1955 3976 2044 4017 res
2069 3965 2302 4032 pueriles
2329 3967 2557 4025 dicimus
2579 4012 2595 4038 ,
2626 3987 2731 4026 non
2760 3974 3125 4043 vituperantes
3156 3986 3368 4033 :ntatem
3391 4020 3407 4046 ,
3435 3982 3532 4035 sed

1952 4056 2195 4123 quadam
2227 4074 2292 4113 ex
2334 4060 2423 4115 illa
2471 4065 2739 4117 manantia
2773 4082 2786 4115 :
2823 4066 2891 4119 ita
2938 4068 3096 4122 etiam
3128 4069 3409 4126 dicendum
3453 4084 3536 4128 est

1953 4149 2021 4204 de
2047 4164 2296 4221 corpore.
2327 4153 2432 4209 Sed
2459 4156 2583 4211 licet
2610 4174 2716 4211 non
2748 4173 2870 4215 esse
2917 4161 2967 4215 in
2992 4150 3174 4227 carne,
3208 4165 3252 4218 si
3281 4167 3531 4227 velimus.

1953 4242 2095 4297 sicut
2120 4259 2222 4299 nec
2262 4245 2315 4299 in
2363 4256 2524 4311 terra,
2579 4249 2674 4304 sed
2720 4249 2774 4304 in
2814 4252 2960 4307 etnlis
2988 4264 3040 4307 et
3071 4253 3124 4308 in
3156 4256 3367 4325 spiritu.
3399 4259 3539 4313 Esse

1954 4335 2096 4388 enim
2124 4335 2341 4404 alicubi,
2369 4353 2474 4391 nou
2506 4349 2613 4393 tam
2640 4340 2835 4397 dicitur
2850 4344 2954 4397 situ
2983 4358 3045 4398 ac
3063 4345 3349 4415 positione,
3372 4365 3531 4419 quam

1953 4423 2257 4483 affectione.
2320 4429 2512 4485 Multos
2552 4430 2766 4501 quidem
2813 4444 2960 4490 certe
3014 4437 3106 4505 qui
3144 4447 3271 4493 sunt
3313 4441 3532 4504 alicubi,

1954 4533 2059 4572 non
2103 4533 2222 4574 esse
2247 4521 2472 4576 dicimus
2492 4566 2507 4589 ,
2536 4523 2776 4580 dicentes
2803 4542 2818 4578 :
2868 4526 2983 4582 Non
3009 4543 3131 4583 eras
3160 4530 3266 4586 hic.
3315 4533 3380 4588 Et
3407 4536 3533 4605 quid

1889 4654 1897 4661 .
1955 4609 2118 4666 dico?
2142 4613 2296 4683 Saepe
2323 4614 2569 4683 dicimus,
2598 4617 2713 4672 Non
2749 4634 2809 4674 es
2843 4619 2894 4673 in
2932 4628 3005 4687 te,
3033 4621 3149 4677 Non
3176 4639 3293 4679 sum
3338 4626 3392 4680 in
3424 4644 3532 4684 me.

1953 4705 2115 4773 Atqui
2138 4707 2262 4776 quid
2286 4706 2388 4763 hoc
2417 4718 2500 4764 est
2524 4712 2694 4781 magis
2715 4715 3022 4782 corporale,
3046 4716 3264 4786 quando
3288 4720 3403 4789 ipse
3430 4722 3533 4777 sibi

1955 4804 2038 4849 est
2064 4797 2440 4867 propinquus?
2475 4800 2570 4855 sed
2603 4812 2781 4857 tamen
2810 4804 3040 4860 dicimus
3076 4807 3251 4876 ipsum
3278 4824 3384 4864 non
3413 4826 3535 4867 esse

1955 4890 2095 4960 apud
2121 4906 2201 4945 se.
2228 4892 2406 4946 Simus
2434 4909 2569 4964 ergo
2590 4896 2643 4949 in
2673 4896 2830 4951 nobis
2856 4913 2949 4952 seu
2975 4900 3117 4968 apud
3138 4916 3259 4970 nos,
3292 4903 3349 4957 in
3374 4905 3528 4970 caelo,

1954 4983 2008 5036 in
2054 4984 2279 5053 spiritu;
2334 5002 2644 5044 maneamus
2697 4989 2751 5043 in
2798 5004 2928 5058 pace
2978 5002 3034 5047 et
3077 4994 3248 5064 gratia
3284 4994 3422 5051 Dei:
3474 5007 3529 5051 ut

1956 5075 2166 5131 liberati
2208 5078 2275 5131 ab
2317 5080 2563 5135 omnibus
2613 5082 2957 5150 carnalibus,
3003 5086 3272 5154 possimus
3319 5090 3528 5158 assequi

1954 5168 2095 5222 bona
2145 5170 2408 5238 promissa
2472 5171 2524 5225 in
2571 5172 2787 5228 Christo
2834 5174 2965 5230 Jesu
3018 5178 3251 5234 Domino
3300 5189 3527 5250 nostra,

1955 5276 2075 5314 cum
2099 5278 2205 5331 quo
2246 5262 2391 5317 Patri
2419 5263 2576 5319 simul
2605 5281 2725 5319 cum
2752 5278 2940 5323 sancto
2967 5269 3169 5339 Spiritu
3202 5271 3367 5340 gloria
3385 5313 3401 5338 ,
3429 5288 3524 5341 po-

1956 5354 2118 5408 tentia
2141 5365 2196 5408 et
2219 5354 2413 5424 honor,
2444 5374 2588 5415 nunc
2613 5367 2668 5415 et
2692 5373 2920 5437 semper,
2945 5370 2999 5418 et
3042 5365 3097 5419 in
3122 5363 3316 5418 sarcula
3346 5379 3521 5422 stren-

1956 5445 2148 5501 lorum.
2174 5448 2365 5504 Amen.
