4002 6506
501 410 572 463 ts
1279 407 1332 462 s.
1370 408 1640 465 JUANNIS
1678 409 2149 465 tzttm'susrmn
2194 416 2504 474 AllCllllﬂl’.
2546 426 3071 487 coxsram'mor.
3679 446 3741 500 si

531 530 3703 662 ᾛ

496 746 629 800 (ΖΑΓ.
658 745 711 797 ‘2.
734 760 765 795 v
821 744 902 796 l'i'.
940 741 1000 794 Et
1028 742 1224 794 veniens
1250 738 1602 808 evangeliznvit
1624 754 1796 806 pacem
1827 739 1962 791 vobis
1983 740 2067 807 qui

567 840 714 907 longe
751 835 917 904 fuistis
944 876 957 897 ,
987 844 1032 886 et
1075 848 1246 901 pacem
1276 832 1337 883 iis
1367 835 1450 900 qui
1490 846 1644 898 prape
1669 846 1687 882 .'
1713 830 1799 883 18.
1832 831 2068 894 quoniam

566 946 654 999 per
680 930 844 996 ipsum
886 924 1124 977 habemus
1164 938 1416 975 accessum
1457 920 1601 972 arubo
1642 920 1695 972 in
1739 937 1841 973 uno
1869 920 2068 984 Spiritu

565 1023 631 1074 ad
662 1021 890 1075 Patrem.
931 1019 1009 1073 i9.
1043 1017 1179 1086 Ergo
1199 1017 1313 1085 jam
1343 1031 1440 1066 non
1471 1013 1587 1066 estis
1618 1012 1835 1081 hospites
1877 1023 1925 1065 et
1968 1013 2065 1064 od-

561 1128 730 1175 venaz,
771 1110 859 1164 sed
902 1110 1018 1163 estis
1054 1108 1182 1159 cives
1229 1115 1517 1158 sanctorum
1546 1112 1591 1155 et
1637 1103 1899 1155 domestici
1933 1102 2061 1155 Dei:

560 1204 650 1258 ‘20.
692 1199 1082 1270 supertediﬁcnti
1110 1214 1262 1264 supra
1306 1196 1689 1265 fundamentum
1717 1193 2059 1260 apostolornnt

562 1307 608 1347 et
653 1293 1010 1363 prophetarum
1028 1332 1043 1354 ,
1075 1290 1185 1356 ipso
1214 1303 1407 1341 summo
1435 1284 1670 1354 angulari
1712 1284 1883 1353 lapide
1911 1283 2059 1336 Citri-

560 1399 636 1439 sto
666 1403 683 1438 :
712 1385 801 1437 21.
832 1384 882 1435 in
911 1397 1010 1451 quo
1039 1380 1201 1431 omnis
1239 1378 1508 1445 a'di/icatio
1551 1387 1839 1428 constructa
1886 1376 2062 1427 crescit

560 1481 612 1531 in
654 1475 893 1543 templum
936 1482 1165 1525 sanctum
1191 1473 1243 1522 in
1280 1468 1493 1521 Domino
1523 1484 1540 1519 :
1568 1467 1658 1520 22.
1688 1468 1741 1519 in
1765 1484 1862 1536 quo
1891 1477 1936 1518 et
1977 1482 2063 1520 vos

559 1565 940 1633 cotediﬁcamini
966 1564 1019 1617 in
1045 1560 1389 1614 habitaculum
1428 1559 1522 1611 Dei
1546 1558 1599 1611 in
1630 1558 1848 1627 Spiritu.

560 1686 610 1737 1.
657 1681 772 1735 Non
807 1694 899 1748 per
927 1678 1088 1730 alium
1112 1718 1127 1738 ,
1172 1676 1376 1743 inquit,
1406 1673 1588 1737 misit,
1634 1687 1806 1740 neque
1839 1686 1933 1739 per
1958 1670 2059 1723 ali-

485 1792 642 1843 quem
689 1773 849 1826 alium
891 1766 1244 1838 significavit,
1277 1764 1368 1818 sed
1400 1766 1512 1830 ipse
1542 1777 1636 1832 per
1664 1777 1741 1817 se.
1774 1762 1889 1816 Non
1916 1761 2061 1814 misit

485 1867 729 1937 angelum
777 1863 860 1917 vel
915 1858 1330 1928 archangelum,
1381 1859 1501 1925 quia
1552 1863 1656 1907 tam
1713 1854 1876 1907 multa
1921 1851 2057 1906 mala

485 1958 754 2026 corrigere
782 1954 981 2008 nullius
1010 1960 1128 2005 erat
1152 1949 1372 2002 alterius
1393 1988 1409 2011 ,
1440 1944 1534 2001 sed
1561 1945 1677 2014 ejus
1714 1943 2013 2013 praesentiae
2039 1983 2054 2007 ,

486 2062 541 2105 et
579 2045 894 2103 annuntiare
924 2058 1043 2114 qua:
1073 2043 1205 2095 facta
1237 2048 1386 2092 sunt.
1416 2036 1641 2092 Ministri
1668 2051 1730 2089 ac
1760 2048 2056 2105 propemo-

470 2124 610 2196 ‘dum
644 2138 827 2193 famuli
867 2137 1041 2190 locum
1081 2131 1317 2199 suscepit
1370 2130 1657 2189 Dominus,
1705 2126 1967 2191 etvenit,
2002 2135 2057 2180 et

486 2251 670 2304 pacem
699 2228 1081 2301 evangelizavit
1100 2269 1114 2292 ,
1150 2224 1323 2287 Vobis,
1351 2224 1552 2292 inquit,
1582 2222 1666 2291 qui
1697 2221 1842 2291 longe
1866 2222 2051 2321 fuistis,

482 2340 527 2381 et
554 2327 639 2397 qui
668 2339 843 2394 prope.
878 2320 1098 2383 ludatis,
1130 2317 1335 2384 inquit,
1366 2316 1453 2383 qui
1485 2325 1637 2367 erant
1669 2327 1832 2379 prope
1862 2316 1903 2363 si
1933 2326 2051 2413 cuin

485 2420 639 2474 nobis
681 2415 1057 2471 Conferantur:
1092 2408 1165 2481 (a)
1196 2408 1414 2481 [procul
1462 2414 1638 2458 autem
1671 2418 1790 2458 esse
1827 2417 1919 2456 eos
1963 2408 2050 2471 qui

488 2529 553 2568 ex
600 2508 849 2582 gentibus
897 2514 1052 2561 erant
1090 2502 1468 2561 subindicans,
1505 2508 1686 2566 utpote
1742 2498 2052 2566 peregrinos

479 2620 602 2675 erga
634 2596 1009 2670 testamenta].
1059 2596 1189 2663 Quia
1220 2612 1307 2663 per
1340 2595 1505 2661 ipsum
1537 2595 1774 2645 habemus
1798 2606 2051 2643 accessum

474 2700 619 2752 ambo
646 2698 699 2749 in
742 2711 842 2748 uno
883 2691 1088 2761 Spiritu
1111 2690 1180 2742 ad
1223 2688 1450 2740 Patrem.
1483 2686 1671 2739 Pacem
1697 2726 1711 2748 ,
1746 2683 1949 2752 inquit,
1982 2682 2047 2736 ad

484 2792 683 2852 Deum;
714 2784 911 2839 etenim
957 2797 1055 2836 nos
1102 2778 1484 2834 reconciliavit.
1520 2776 1665 2829 Alias
1694 2775 1834 2828 enim
1884 2773 2044 2827 etiam

474 2884 601 2935 dicit
629 2899 641 2933 :
671 2877 860 2931 Pacem
885 2874 1112 2938 relinquo
1140 2870 1293 2933 vobis,
1324 2885 1495 2937 pacem
1524 2884 1684 2918 meam
1707 2866 1771 2917 do
1799 2865 1973 2927 vobis;
1994 2873 2045 2917 et

478 2975 670 3025 iterum
695 3012 709 3033 ,
742 2966 1023 3034 Conﬁdite,
1055 2979 1146 3032 ego
1173 2963 1267 3014 vici
1298 2960 1573 3021 mundum;
1600 2968 1675 3023 et,
1708 2960 2047 3025 Quwcumque

473 3064 713 3131 petieritis
734 3062 786 3113 in
808 3058 1007 3112 nomine
1028 3071 1155 3114 meo,
1179 3053 1431 3120 accipietis
1453 3073 1467 3113 ,-
1491 3062 1538 3104 et
1568 3066 1768 3113 rursus,
1798 3050 2044 3115 Quoniam

475 3159 627 3211 Pater
662 3171 749 3209 vos
777 3152 941 3223 diligit
968 3147 1162 3221 (Joan.
1205 3146 1291 3200 14.
1318 3146 1406 3199 ‘27.
1438 3158 1479 3197 et
1515 3143 1600 3197 lli.
1625 3143 1713 3196 35.
1760 3153 1806 3195 et
1837 3142 1917 3195 ιι.
1956 3142 2038 3194 14.

467 3264 513 3303 et
555 3248 637 3304 16.
680 3257 726 3300 et
776 3245 907 3311 27).
937 3241 1063 3294 Hcce
1105 3247 1229 3292 sunt
1257 3236 1403 3307 signa
1449 3235 1593 3305 pacis
1619 3243 1673 3289 et
1708 3234 1791 3287 his
1832 3242 1885 3287 et
1912 3232 2037 3285 illis.

471 3343 579 3399 Illis
602 3335 907 3410 quomodo?
940 3332 1193 3401 Quoniam
1220 3345 1307 3399 per
1331 3329 1497 3399 ipsum
1526 3326 1763 3380 habemus
1787 3340 2042 3377 accessum

466 3436 613 3488 «rubo
641 3434 693 3485 in
715 3444 816 3481 uno
845 3426 1076 3496 Spiritu,
1113 3438 1218 3476 non
1248 3435 1342 3475 vos
1363 3421 1539 3473 minus
1558 3459 1575 3484 ,
1602 3418 1676 3472 illi
1711 3426 1889 3471 autem
1923 3431 2041 3468 am-

467 3525 637 3596 plius,
670 3519 760 3575 sed
792 3532 893 3571 una
924 3514 1113 3585 gratia.
1143 3511 1275 3567 Nam
1306 3512 1434 3565 iram
1463 3507 1678 3579 quidem
1705 3506 1865 3561 solvit
1890 3522 2037 3559 mor-

470 3632 543 3680 te,
594 3614 735 3670 Patri
769 3620 947 3665 autem
994 3622 1092 3661 nos
1139 3606 1265 3660 fecit
1308 3603 1562 3657 amabiles
1612 3616 1707 3670 per
1755 3600 2035 3670 Spiritum.

468 3711 603 3765 ilcce
633 3722 814 3761 rursus
836 3746 850 3769 ,
883 3702 950 3755 In
978 3709 1098 3767 est,
1130 3715 1261 3769 per:
1298 3713 1393 3766 per
1418 3712 1474 3750 se
1506 3705 1559 3750 et
1584 3694 1840 3765 Spiritum
1879 3691 2037 3746 addu-

466 3804 542 3859 xit
570 3818 664 3856 uos
689 3801 752 3853 ad
781 3801 975 3868 ipsum.
1010 3795 1145 3863 Ergo
1165 3795 1279 3861 jam
1303 3808 1400 3844 non
1423 3791 1537 3843 estis
1565 3789 1785 3858 hospites
1811 3798 1856 3840 et
1882 3789 2037 3839 adve-

466 3909 546 3946 na:
566 3934 581 3955 ,
609 3890 696 3943 sed
724 3890 854 3941 cives
884 3894 1195 3939 sanctorum.
1226 3880 1387 3934 Vides
1414 3879 1552 3947 quod
1587 3895 1692 3932 non
1724 3877 2039 3945 simpliciter

466 3987 520 4037 in
582 3981 921 4037 Judaeorum.
978 3974 1072 4028 sed
1130 3975 1182 4025 in
1252 3978 1557 4024 sanctorum
1608 3980 1663 4022 et
1722 3982 2037 4037 magnorum

467 4075 700 4127 virormn
724 4111 739 4135 ,
763 4082 954 4135 nempe
984 4063 1215 4119 Abraluc
1242 4074 1296 4116 et
1320 4060 1515 4131 Moysis
1537 4070 1591 4113 et
1622 4058 1769 4124 Elim,
1794 4057 2036 4112 eamdem

467 4161 721 4231 adscripti
763 4173 952 4214 sumus
1000 4156 1306 4215 civitatem,
1354 4161 1409 4207 et
1448 4152 1499 4205 in
1547 4150 1633 4204 illa
1681 4164 1959 4203 versamur
1984 4157 2040 4201 et

466 4253 821 4328 apparemus?
851 4251 983 4306 Nam
1014 4249 1105 4318 qui
1155 4248 1268 4301 luce
1290 4287 1305 4309 ,
1356 4245 1558 4314 inquit,
1588 4242 1805 4307 dicunt,
1851 4251 2038 4311 aperte

467 4347 756 4405 ostendunt
790 4359 850 4399 se
882 4343 1102 4414 patriam
1128 4352 1390 4410 quaerere.
1423 4335 1543 4389 Non
1567 4336 1791 4404 amplius
1819 4335 2038 4404 hospites

481 4451 797 4500 sanctorum;
826 4453 916 4490 nec
965 4436 1189 4489 advenat.
1218 4431 1350 4487 Nam
1382 4431 1469 4501 qui
1500 4431 1736 4485 caelestia
1764 4443 1869 4483 non
1914 4439 2040 4482 sunt

470 4534 803 4602 assequuturi
826 4571 842 4595 ,
873 4537 999 4584 sunt
1040 4526 1281 4581 advenae.
1316 4522 1482 4577 Filius
1512 4524 1652 4577 enim
1703 4532 1916 4587 manet,
1950 4523 2035 4575 in-

465 4626 610 4689 quit,
643 4625 695 4676 in
741 4630 1019 4676 aeternum.
1057 4616 1122 4669 Et
1163 4616 1451 4679 domestici,
1504 4614 1705 4683 inquit,
1740 4614 1851 4668 Dei.
1884 4614 2036 4682 Quod

466 4716 540 4771 illi
566 4756 582 4781 ,
616 4716 816 4783 inquit,
846 4709 1110 4764 habebant
1133 4707 1200 4760 ab
1231 4706 1382 4759 initio
1411 4721 1505 4774 per
1532 4714 1639 4758 tam
1665 4705 1863 4759 multos
1893 4704 2039 4759 labo-

469 4822 593 4869 res,
642 4806 743 4858 hoc
784 4801 939 4855 vobis
984 4808 1128 4853 reete
1175 4794 1433 4851 successit
1478 4810 1574 4865 per
1622 4795 1717 4850 Dei
1766 4798 2010 4865 gratiam.

469 4902 629 4967 Super
640 4893 878 4964 aediﬁcati
900 4907 1054 4961 supra
1078 4888 1460 4961 fundamentum
1483 4888 1831 4957 apostolorum
1851 4898 1896 4941 et
1920 4904 2039 4959 pro-

467 4992 754 5062 phetarum.
791 4984 932 5039 Ecce
961 4995 1085 5051 spes
1114 4978 1430 5034 vocationis.
1464 4977 1594 5031 Vide
1621 4977 1891 5047 quomodo
1921 4993 2038 5031 om-

469 5085 555 5138 nia
589 5078 911 5151 permiscet,
940 5074 1179 5137 Graecos,
1207 5070 1451 5135 Judzcos,
1483 5070 1775 5137 apostolos,
1808 5068 2039 5138 prOphe-

464 5189 584 5239 tas,
629 5170 897 5228 Christum
943 5174 1043 5220 :et
1085 5160 1369 5233 aliquando
1406 5160 1620 5231 quidem
1660 5174 1727 5213 ex
1773 5173 2036 5227 corpore,

467 5261 754 5335 aliquando
775 5269 954 5315 autem
982 5272 1048 5311 ex
1077 5253 1301 5311 a-diticio
1331 5252 1758 5321 conjunctionem
1785 5249 2037 5304 ostendit.

470 5354 899 5428 Superaediﬁcati,
925 5350 1114 5420 inquit,
1134 5363 1286 5417 super
1304 5346 1682 5417 fundamentum
1698 5340 2041 5412 apostolorum

470 5464 517 5507 et
548 5450 920 5523 prophetarum.
960 5444 1071 5498 lloc
1099 5452 1201 5506 est,
1233 5441 1632 5495 fundamentum
1661 5447 1783 5492 sunt
1811 5435 2036 5505 apostoli

471 5555 524 5598 et
548 5543 840 5611 prophetaa
865 5538 933 5593 Et
956 5536 1182 5607 primatu
1207 5535 1354 5603 ponit
1374 5532 1665 5601 apostolos,
1687 5531 1775 5601 qui
1800 5539 2039 5597 tempore

473 5646 597 5690 sunt
623 5641 796 5689 utttmt
820 5650 835 5686 :
864 5630 949 5685 vel
976 5630 1078 5684 hoc
1102 5625 1390 5683 ostendens
1414 5635 1468 5679 et
1494 5623 1712 5692 dicens,
1738 5621 1878 5686 quod
1905 5630 1959 5675 et
1987 5620 2037 5673 hi

531 5790 604 5848 (α)
632 5788 749 5845 Quae
795 5786 983 5834 uncinis
1013 5781 1299 5833 clauduntur
1339 5782 1387 5830 in
1432 5786 1621 5830 textum
1673 5790 1946 5840 reccpxums
1974 5790 2032 5827 ex

468 5868 563 5902 uno
586 5851 761 5900 tiodtcc
785 5848 1086 5897 tioisltniano.

2178 754 2227 795 et
2260 746 2333 797 illi
2364 748 2469 801 sint
2517 751 2956 826 fundamentum,
3004 769 3309 825 universum
3356 787 3533 831 autem
3580 797 3733 839 unum

2175 837 2239 888 sit
2287 840 2571 899 a'difirium
2627 860 2679 903 et
2728 867 2827 905 una
2864 858 3032 912 radix.
3068 863 3247 932 Cogita
3296 866 3510 924 Cra-cos
3557 870 3735 927 lunda-
3828 930 3829 933 η

2176 942 2410 1033 metutum
2441 934 2642 994 habere
2671 946 3018 1011 patriarchas.
3050 952 3145 1007 llic
3174 957 3299 1011 illttd
3332 964 3498 1030 magis
3527 966 3734 1033 proprie

2173 1017 2301 1074 dicit
2345 1038 2501 1091 quam
2553 1046 2672 1084 cum
2727 1034 2857 1090 dicit
2903 1038 3249 1101 insertionem
3282 1066 3294 1099 :
3328 1060 3380 1103 et
3412 1054 3579 1123 magis
3629 1057 3732 1112 illic

2174 1114 2357 1213 tangit.
2383 1117 2584 1174 Deinde
2606 1123 2752 1189 dicit,
2782 1127 2903 1196 Ipso
2927 1149 3121 1189 summo
3147 1142 3381 1208 ougulari
3402 1114 3571 1213 lapide
3596 1148 3735 1200 (.‘hri-

2168 1214 2246 1257 sto
2275 1204 2437 1272 Jesn;
2468 1211 2772 1281 signiﬁcans
2798 1218 3067 1278 Christum
3097 1236 3270 1283 omnia
3303 1237 3594 1290 Continere.
3636 1239 3732 1295 La-

2169 1294 2251 1362 pis
2295 1297 2435 1351 enim
2483 1305 2753 1372 angularis
2797 1321 2851 1363 ct
2898 1316 3128 1381 parietes
3174 1323 3413 1377 continet
3455 1337 3509 1379 et
3553 1326 3733 1382 funda-

2170 1384 2369 1443 menta.
2402 1392 2463 1445 In
2490 1413 2585 1465 quo
2608 1401 2769 1452 outnis
2790 1405 3081 1474 aediﬁcatio.
3106 1410 3239 1465 Vide
3277 1416 3542 1483 quomodo
3566 1418 3731 1488 ipsum

2169 1485 2505 1553 conjunxerit
2526 1531 2545 1555 ,
2575 1500 2629 1542 ut
2659 1494 2747 1561 qui
2793 1496 3080 1566 aliquando
3106 1502 3317 1571 quidem
3349 1514 3513 1560 totum
3544 1485 3735 1579 corpus

2168 1593 2398 1647 superne
2422 1585 2775 1641 contineatac
2839 1591 3190 1661 compingat,
3254 1597 3540 1667 aliquando
3558 1614 3732 1656 autem

2168 1673 2374 1727 inferne
2405 1686 2580 1743 portet
2607 1679 2886 1734 aedilicium
2910 1724 2923 1747 ,
2956 1694 3012 1738 et
3040 1686 3110 1739 sit
3154 1688 3330 1743 radix.
3362 1690 3489 1744 Illud
3516 1704 3728 1759 autem,

2164 1762 2405 1819 Condidit
2430 1770 2480 1821 in
2516 1772 2680 1839 seipso
2705 1774 2759 1826 in
2788 1792 2945 1829 unum
2988 1794 3169 1833 novum
3215 1784 3500 1851 hominem,
3532 1788 3733 1859 signiﬁ-

2163 1866 2278 1918 Cat,
2327 1858 2425 1913 Per
2470 1864 2703 1930 seipsmn
2755 1866 3031 1935 conjunxit
3077 1880 3329 1942 utrosque
3378 1858 3642 1943 pariete-7*;
3679 1892 3732 1936 ct

2163 1963 2410 2015 rursum,
2443 1953 2583 2020 quod
2615 1955 2666 2008 in
2698 1954 2813 2025 ipso
2842 1959 2947 2011 sint
2971 1965 3155 2015 creati.
3205 1964 3308 2030 Et,
3340 1965 3729 2038 Primogeuitus,

2161 2040 2336 2109 inquit
2357 2084 2370 2105 ,
2401 2045 2565 2099 omnis
2594 2059 2839 2102 creatura:
2870 2050 3083 2119 (Coloss.
3116 2056 3167 2109 1.
3201 2058 3287 2125 l5)
3317 2076 3329 2110 :
3364 2059 3466 2114 hoc
3495 2071 3583 2116 est
3604 2104 3619 2122 .
3650 2063 3730 2133 ip-

2162 2148 2219 2188 se
2249 2145 2423 2202 portat
2452 2140 2665 2205 omnia,
2700 2142 2749 2195 in
2782 2160 2888 2212 quo
2934 2156 3098 2200 totum
3146 2150 3426 2205 aedilicium
3474 2164 3558 2208 est
3605 2172 3732 2211 cott-

2160 2236 2440 2282 structum.
2474 2228 2598 2286 Sive
2648 2242 2845 2288 lectum
2878 2235 3106 2301 dixerit,
3156 2240 3268 2294 sive
3316 2244 3545 2310 parietes
3568 2286 3586 2309 ,
3620 2247 3732 2301 sive

2162 2322 2371 2390 quidvis
2399 2324 2565 2391 aliud,
2601 2336 2768 2381 totmn
2803 2340 2997 2396 portat.
3021 2332 3162 2388 Alibi
3191 2345 3369 2391 autem
3398 2337 3569 2405 ipsum
3600 2340 3727 2394 dicit

2159 2412 2597 2468 lundmuentum:
2651 2416 3057 2474 Fundamentum
3102 2425 3279 2489 enim,
3332 2428 3535 2496 inquit,
3588 2431 3729 2483 aliud

2169 2519 2312 2557 nemo
2352 2515 2511 2574 potest
2553 2524 2736 2574 ponere
2760 2521 2941 2579 prwter
2967 2515 3021 2565 id
3048 2514 3184 2583 quod
3223 2526 3294 2568 est
3320 2520 3565 2585 positum,
3593 2523 3728 2592 quod

2158 2604 2229 2645 est
2268 2593 2419 2648 Jesus
2455 2596 2701 2653 Christus.
2746 2599 2812 2653 In
2848 2618 2944 2672 quo
2968 2645 2984 2670 ,
3016 2604 3224 2674 inquit,
3253 2611 3415 2663 onmis
3459 2612 3727 2678 a’di/icatio

2155 2695 2444 2740 constructa
2474 2689 2548 2759 (1.
2579 2688 2695 2743 Cor.
2727 2692 2780 2746 5.
2810 2693 2915 2763 Η).
2948 2694 3054 2749 Res
3081 2697 3191 2765 ipsa
3221 2712 3466 2757 accurate
3506 2712 3559 2755 et
3601 2720 3727 2757 exa-

2152 2786 2235 2829 cte
2263 2778 2597 2834 considerata
2625 2784 2880 2851 ostendit,
2904 2788 3044 2855 quod
3070 2805 3174 2842 non
3196 2790 3351 2845 aliter
3374 2786 3498 2862 poni
3525 2805 3724 2861 potest,

2160 2871 2261 2924 nisi
2314 2884 2499 2928 exacte
2529 2884 2583 2929 et
2628 2888 2873 2932 accurate
2916 2879 3131 2936 vixeris.
3181 2883 3402 2950 Crescit,
3435 2886 3640 2955 inquit,
3674 2889 3726 2941 in

2153 2965 2395 3031 templum
2435 2978 2661 3021 sanctum
2692 2970 2745 3022 in
2773 2969 2992 3025 Domino
3014 2990 3035 3026 :
3062 2974 3115 3027 in
3148 2990 3249 3043 quo
3275 2986 3321 3029 et
3364 2994 3450 3030 vos
3495 2980 3726 3045 coaediﬁ-

2149 3056 2355 3109 camini.
2404 3056 2517 3111 lloc
2548 3058 2878 3128 frequentius
2906 3061 3065 3129 dicit,
3093 3061 3160 3117 In
3189 3066 3427 3136 templum
3456 3079 3686 3122 sanctum
3705 3110 3723 3135 ,

2152 3148 2205 3200 in
2238 3146 2581 3202 habitaculum
2626 3150 2725 3205 Dei
2749 3153 2802 3205 in
2848 3152 3069 3222 Spiritu.
3098 3155 3232 3222 Quid
3275 3156 3376 3213 sibi
3403 3158 3513 3213 vult
3540 3169 3721 3215 autem

2147 3241 2469 3295 aediﬁcatio?
2502 3243 2570 3298 Ut
2617 3245 2756 3299 Deus
2799 3246 2851 3301 in
2897 3248 3000 3301 hoc
3047 3249 3246 3318 templo
3284 3250 3508 3306 habitet.
3538 3252 3721 3307 Unus-

2147 3332 2371 3402 quisque
2399 3334 2539 3388 enim
2567 3345 2804 3390 vestrum
2834 3347 2919 3392 est
2948 3341 3202 3408 templum
3223 3382 3238 3405 ,
3270 3350 3324 3395 et
3352 3357 3538 3412 omnes
3564 3358 3716 3399 com-

2146 3424 2376 3478 muniter
2395 3466 2411 3490 ,
2435 3435 2492 3479 et
2522 3433 2791 3497 tamquam
2822 3429 2872 3482 in
2902 3444 3127 3499 corpore
3157 3432 3352 3488 Christi
3393 3434 3629 3502 habitat,
3663 3448 3718 3492 et

2148 3523 2414 3585 tamquam
2442 3517 2494 3571 in
2526 3519 2724 3588 templo
2751 3521 3038 3590 spirituali.
3073 3523 3195 3579 Ideo
3227 3542 3332 3580 non
3376 3527 3512 3582 dixit
3539 3540 3717 3599 πρόσο-

2146 3615 2258 3676 δον,
2290 3610 2339 3665 id
2370 3621 2486 3678 est,
2517 3612 2722 3668 aditum
2744 3654 2761 3677 ,
2787 3615 2879 3670 sed
2913 3632 3212 3687 προσαγωγὴν
3231 3660 3247 3684 ,
3278 3619 3377 3676 hoc
3402 3630 3518 3688 est,
3545 3622 3715 3679 addu-

2151 3702 2383 3758 etionem
2410 3720 2425 3758 :
2452 3720 2558 3759 non
2586 3706 2726 3760 enim
2755 3725 2782 3759 a
2813 3709 2965 3763 nobis
2992 3710 3121 3780 ipsis
3141 3713 3465 3769 accessimus
3483 3754 3499 3780 ,
3527 3715 3620 3768 sed
3647 3716 3715 3769 ab

2145 3797 2261 3866 ipso
2307 3799 2520 3855 adducti
2566 3818 2789 3857 smnus:
2832 3802 2971 3856 Nam
2999 3820 3179 3869 nemo,
3214 3806 3418 3877 inquit,
3469 3809 3601 3860 venit
3646 3807 3714 3861 ad

2145 3889 2354 3945 Patrem
2396 3894 2493 3947 nisi
2533 3911 2623 3963 per
2667 3911 2780 3959 me;
2808 3906 2863 3951 et
2891 3911 3074 3951 rursus
3105 3897 3215 3969 Ego
3242 3914 3353 3951 sum
3379 3900 3479 3960 via,
3508 3900 3713 3962 veritas,

2143 3994 2190 4037 et
2213 3986 2314 4041 vita
2342 3984 2521 4053 (Joan.
2552 3988 2641 4041 14.
2666 3988 2743 4057 6).
2771 3987 2827 4042 In
2852 3989 3109 4058 templum
3132 4001 3374 4045 sanctum
3400 3991 3558 4044 simul
3581 3989 3714 4045 a-di-

2146 4078 2284 4131 ﬂenti
2314 4078 2463 4133 estis.

2213 4173 2266 4225 9..
2300 4172 2495 4226 lterum
2517 4171 2583 4226 ad
2609 4172 2752 4241 prius
2777 4172 2914 4227 redit
2933 4173 3239 4242 exemplum
3270 4180 3324 4227 et
3350 4174 3468 4228 illos
3486 4174 3715 4242 conjun-

2143 4269 2219 4335 git
2257 4280 2377 4320 cum
2430 4266 2671 4332 sanctis,
2722 4281 3053 4336 nequaquam
3111 4268 3292 4322 sinens
3341 4276 3399 4321 ut
3443 4268 3715 4338 longiusa

2143 4356 2356 4411 Chrisw
2382 4356 2685 4410 recedatur.
2716 4355 2813 4409 Est
2839 4372 2967 4427 ergo
2989 4373 3160 4427 usque
3189 4357 3255 4411 ad
3286 4356 3572 4412 adventum
3601 4358 3716 4415 luce

2144 4447 2445 4501 a-dilicatio.
2482 4446 2775 4515 Propterea
2805 4447 3017 4501 diecbat
3044 4447 3236 4501 Paulus
3261 4465 3274 4502 :
3310 4445 3376 4501 Ut
3398 4449 3604 4523 sapiens
3630 4466 3715 4504 ar-

2145 4538 2387 4591 chitectus
2419 4538 2805 4606 fundamentum
2833 4538 2978 4605 posui
3004 4554 3023 4602 ;
3054 4548 3107 4591 et
3134 4553 3317 4592 rursus
3345 4537 3457 4601 hic,
3498 4537 3715 4593 Funda-

2145 4641 2365 4685 mentum
2385 4632 2530 4685 aliud
2553 4647 2696 4685 nemo
2720 4640 2877 4699 potest
2909 4646 3112 4697 ponere,
3136 4640 3316 4700 pratter
3338 4632 3391 4683 id
3414 4633 3548 4700 quod
3574 4634 3717 4700 posi-

2144 4734 2249 4777 tum
2290 4732 2360 4777 est
2386 4764 2401 4786 ,
2430 4723 2516 4790 qui
2545 4732 2616 4774 est
2647 4720 2912 4790 Christus(
2944 4722 2995 4774 1.
3026 4720 3143 4775 Cor.
3177 4722 3231 4775 ’5.
3264 4722 3349 4777 10.
3381 4723 3438 4777 Η
3552 4722 3715 4779 Vides

2143 4815 2281 4884 quod
2301 4816 2540 4885 exempla
2564 4827 2661 4882 pro
2680 4813 2838 4867 rebus
2855 4814 3106 4881 subjectis
3131 4814 3234 4867 sint
3257 4814 3585 4883 accipienda,
3608 4832 3714 4871 non

2144 4908 2426 4962 abStolutc?
2456 4908 2522 4961 ab
2547 4907 2805 4977 exemplis
2834 4907 2933 4961 hoc
2971 4907 3117 4971 dicit,
3146 4918 3199 4961 ut
3234 4910 3444 4976 quando
3469 4909 3715 4964 Christus

2146 5000 2354 5054 Patrem
2375 4997 2501 5051 dicit
2515 5013 2595 5067 agt
2609 4998 2819 5062 icvlatu,
2837 5008 2888 5053 et
2903 4998 3136 5067 seipsum
3152 5000 3553 5070 radicem.(Cap.
3573 5003 3649 5072 5.)
3675 5004 3722 5061 l.

2148 5090 2316 5161 Hujus
2345 5090 2415 5143 rei
2450 5092 2617 5160 gratia.
2643 5106 2733 5161 ego
2756 5089 2952 5143 Paulus
2974 5130 2988 5153 ,
3036 5092 3229 5143 vinctus
3260 5090 3447 5146 Christi
3472 5091 3506 5144 ,Ι
3513 5111 3597 5147 esu
3623 5110 3716 5165 pro

2144 5182 2279 5236 vobis
2305 5181 2553 5250 gentibus.
2586 5179 2725 5237 Di\ll
2754 5196 2996 5251 magnam
3039 5180 3235 5234 Christi
3257 5197 3438 5235 curam
3459 5194 3511 5238 et
3531 5185 3713 5252 provi-

2146 5273 2402 5328 dentiam.
2441 5273 2517 5326 De
2543 5282 2737 5327 extero
2763 5272 2827 5328 ad
2854 5290 3000 5325 suam
3025 5289 3232 5344 quoque
3260 5274 3571 5344 digreditur.
3595 5293 3717 5347 qua:

2146 5380 2305 5434 parva
2333 5364 2545 5437 quidem
2576 5375 2659 5417 est
2699 5372 2752 5418 et
2782 5364 2935 5430 plane
2962 5365 3114 5427 nihil,
3146 5368 3189 5419 si
3216 5382 3336 5419 cmn
3363 5368 3450 5422 illa
3472 5368 3716 5425 confera-

2145 5466 2231 5509 tur
2257 5472 2271 5515 ;
2306 5473 2423 5523 qua:
2447 5466 2621 5508 tamen
2668 5456 2777 5524 ipsa
2810 5472 3019 5524 (pioque
3046 5468 3125 5509 est
3155 5457 3340 5510 idonea
3367 5468 3418 5511 et
3441 5459 3714 5512 sulhciens

2145 5549 2208 5600 ad
2244 5546 2635 5598 attrahendum.
2674 5545 2979 5613 Propterea,
3003 5545 3202 5614 inquit,
3228 5563 3325 5615 ego
3364 5564 3573 5616 quoque
3604 5552 3718 5601 vin—

2148 5650 2263 5691 ctus
2293 5653 2427 5692 sum.
2467 5638 2525 5692 Si
2563 5638 2708 5691 enim
2747 5637 3003 5691 Dominus
3052 5652 3201 5691 meus
3260 5650 3476 5709 propter
3513 5656 3606 5694 vos
3636 5650 3719 5694 est

2152 5741 2299 5783 actus
2328 5731 2379 5782 in
2412 5745 2651 5795 crucem,
2683 5730 2847 5782 multo
2875 5728 3041 5796 Inagis
3068 5743 3167 5799 ego
3196 5730 3404 5783 vinctus
3436 5716 3575 5782 iam.
3604 5732 3716 5783 .‘iou

2148 5828 2317 5882 solum
2344 5826 2453 5895 ipre
2486 5822 2582 5879 fuit
2611 5821 2837 5891 vit'tctus,
2861 5821 2956 5877 sed
2994 5822 3153 5877 ctiazu
3203 5837 3328 5877 suos
3377 5840 3557 5879 servos
3593 5838 3716 5894 per-
