4002 6552
439 433 513 486 ιε
1159 426 1213 478 S.
1263 422 1549 479 JOANNIS
1590 417 2089 476 CIIRYSOSTOMI
2139 414 2461 471 ABCI’IIEP.
2504 412 3057 471 CONSTANTINOP.
3311 463 3317 469 .
3640 411 3717 471 46

436 548 585 602 Θεοῦ
637 547 747 615 τῆς
787 545 1069 610 δοθείσης
1095 561 1195 611 μοι
1232 545 1319 608 είς
1348 538 1527 609 ὑμᾶς.
1554 540 1668 609 Τὴν
1698 538 2010 609 πρόρρησιν

435 633 733 687 αἰνίττεται
761 630 860 699 τὴν
883 628 1017 698 πρὸς
1039 628 1130 680 τὸν
1169 626 1419 679 Ἀνανίαν
1470 623 1729 695 ῥηθεῖσαν
1755 622 1885 692 περί
1912 620 2013 674 αύ-

436 716 532 769 τοῦ
617 718 675 769 ἐν
736 712 1048 782 Δαμασκῷ,
1110 711 1273 782 ἡνίκα
1337 710 1520 777 ἐλεγεο
1579 707 1869 775 Πορεύου,
1925 704 2015 758 ὅτι

438 798 665 864 σκεῦος
714 795 976 865 ἐκλογῆς
1008 795 1112 863 μοί
1162 794 1334 846 ἐστιν
1378 790 1552 859 οὗτος
1580 792 1686 845 τοῦ
1703 788 2015 855 βαστάσαι

439 883 508 937 τὸ
552 881 742 950 ὄνομά
796 897 917 949 μου
978 877 1238 931 ἐνώπιον
1295 875 1487 930 ἐθνῶν
1536 875 1635 927 καὶ
1682 872 2013 938 βασιλέων.

441 963 769 1032 Οἰκονομίαν
802 960 1027 1033 χάριτός
1053 978 1184 1030 φησι
1217 962 1315 1030 τὴν
1349 957 1722 1027 ἀποκάλυψινο
1748 955 2015 1017 τουτέστι,

439 1050 517 1100 υύ
578 1048 728 1117 παρὰ
778 1046 1066 1119 ἀνθρώπου
1112 1043 1314 1112 ἔμαθον
1339 1058 1354 1071 ·
1388 1041 1696 1110 κατηξίωσε
1748 1043 1845 1094 καὶ
1894 1039 2018 1108 ἐμοὶ

441 1132 523 1184 ἐνὶ
571 1130 685 1183 ὅντι
715 1129 1068 1198 ἀποκαλύψαι
1098 1128 1165 1182 δι’
1196 1128 1361 1198 ὑμᾶς.
1390 1124 1584 1189 Αὐτὸς
1612 1125 1722 1194 γάρ
1736 1142 1840 1193 μοι
1863 1119 2016 1183 εἷπε,

441 1215 577 1284 φησί
610 1231 624 1243 ο
658 1215 948 1281 Πορεύου,
975 1212 1066 1266 ὅτι
1093 1215 1182 1276 είς
1205 1213 1350 1277 ἔθνη
1369 1208 1609 1278 μακρὰν
1634 1205 2023 1273 ἐξαποστελῶ

441 1313 536 1352 σε.
578 1297 691 1369 Τὴν
727 1295 1043 1366 οἰκονομίαν
1087 1293 1268 1356 καλῶς
1316 1292 1489 1355 οὕτως
1515 1289 1673 1345 εἶπεν
1705 1306 1717 1318 ⁸
1742 1289 2022 1358 οἰκονομία

442 1384 551 1453 γὰρ
589 1377 659 1451 ἦν
705 1380 916 1451 μεγάλη
944 1420 958 1443 ,
983 1379 1045 1432 τὸ
1078 1377 1394 1449 μηδαμόθεν
1447 1376 1771 1446 πειθόμενον
1817 1372 2025 1427 ἄνωθεν
2060 1382 2065 1391 ’

444 1466 693 1527 καλέσαι,
725 1466 821 1518 καὶ
840 1466 1013 1518 εἰπεῖν
1033 1480 1045 1492 ’
1068 1461 1287 1526 Σαῦλε,
1322 1460 1543 1521 Σαῦλε,
1579 1459 1635 1513 τί
1649 1475 1725 1528 με
1758 1456 2025 1522 διώκεις;

444 1550 541 1603 καὶ
570 1549 632 1601 τὸ
662 1545 1019 1618 πηρῶσαιτῷ
1043 1545 1185 1613 φωτὶ
1212 1543 1407 1612 ἐκείνῳ
1426 1542 1504 1613 τῷ
1532 1541 1850 1614 ἀπορρήτῳ.
1873 1539 1947 1592 Εἴ
1961 1554 2027 1607 γε

443 1633 773 1701 ἠκούσατε,
809 1631 965 1700 φησὶ.
1005 1627 1120 1695 τὴν
1149 1625 1500 1694 οἰκονομίαν
1520 1623 1629 1692 τῆς
1650 1622 1892 1692 χάριτος
1920 1621 2027 1675 τοῦ

449 1716 601 1771 Θεοῦ
649 1714 762 1783 τῆς
794 1712 1076 1779 δοθείσης
1107 1727 1209 1780 μοι
1240 1712 1328 1775 είς
1361 1706 1539 1778 ὑμᾶς,
1574 1707 1663 1761 ὅτι
1701 1707 1855 1763 κατὰ
1878 1707 2029 1760 ἀπο-

447 1800 720 1867 κάλυψιν
763 1796 1098 1866 ἐγνωρίσθη
1160 1811 1263 1863 μοι
1321 1792 1389 1845 τὸ
1438 1792 1797 1861 μυστήριον,
1833 1788 2030 1855 καθὼς

446 1882 796 1951 προέγραψα
829 1880 899 1933 ἐν
942 1878 1142 1948 ὀλίγῳ.
1172 1877 1331 1939 Ἴσως
1372 1876 1460 1929 διά
1488 1875 1647 1929 τινων
1675 1873 1967 1946 ἐδήλωσεν,
1994 1873 2028 1943 ἢ

446 1968 510 2021 οὐ
574 1964 682 2036 πρὸ
738 1963 934 2017 πολλοῦ
972 1961 1271 2033 γεγραφὼς
1316 1956 1407 2031 ἦν.
1442 1960 1729 2013 Δείκνυσιν
1772 1957 2031 2024 ἐνταῦθα,

448 2051 533 2103 ὅτι
590 2049 652 2101 τὸ
682 2047 791 2101 πᾶν
815 2046 908 2101 τοῦ
944 2045 1080 2098 Θεοῦ
1113 2046 1283 2107 ἐστιν,
1317 2044 1399 2097 ὅτι
1427 2043 1583 2097 οὐδὲν
1609 2041 2033 2112 εἰσηνέγκαμεν.

449 2133 517 2186 Τί
552 2132 684 2203 γὰρ,
718 2128 843 2183 εἰπέ
889 2146 979 2199 μοι
1010 2146 1025 2194 ;
1060 2127 1273 2190 Παῦλος
1325 2126 1488 2188 αὐτὸς
1524 2126 1552 2178 6
1585 2125 1759 2196 μέγας
1781 2123 1879 2178 καὶ
1907 2122 2037 2177 θαυ-

454 2216 681 2287 μαστὸς.
725 2216 754 2267 6
782 2212 1125 2284 νομομαθὴς,
1159 2212 1188 2263 6
1236 2212 1342 2264 ὑπὸ
1388 2212 1516 2273 τοὺς
1550 2210 1716 2274 πόδας
1750 2208 2037 2279 Γαμαλιήλ

451 2297 596 2350 κατά
618 2293 905 2364 ἀκρίϐειαν
935 2291 1248 2354 παιδευθεὶς
1272 2290 1394 2360 οὐχὶ
1418 2291 1603 2361 χάριτι
1626 2289 1840 2359 ἐσώθης
1865 2288 2039 2341 Τοῦτο

454 2378 755 2449 μυστήριον
771 2376 995 2437 εἰκότως
1033 2374 1190 2427 καλεῖ
1213 2390 1226 2403 ο
1256 2379 1554 2445 μυστήριον
1587 2374 1699 2444 γάρ
1729 2375 1846 2426 ἐστι
1875 2370 1938 2424 τὸ
1970 2370 2040 2425 τὰ

453 2463 580 2531 ἔθνη
592 2459 851 2530 ἐξαίφνης
877 2456 960 2530 [Η
977 2457 990 2529 ι
1006 2458 1085 2521 είς
1108 2456 1330 2527 μείζονα
1346 2456 1733 2510 τῶνΊουδαίων
1757 2455 2039 2524 εὐγένειαν

455 2546 771 2614 ἀναγαγεῖν.
806 2540 1010 2607 Καθὼς
1065 2540 1415 2610 προέγραψα
1437 2581 1452 2605 ,
1492 2540 1690 2609 φησὶν,
1726 2540 1798 2594 ἐν
1834 2539 2039 2609 ὀλίγῳ,

452 2630 545 2683 διὰ
596 2628 865 2699 βραχέων.
912 2625 1069 2694 Πρὸς
1112 2624 1145 2679 6
1200 2624 1468 2680 δύνασθε
1518 2626 2043 2694 ἀναγινώσκοντες

456 2713 697 2782 νοῆσαι.
730 2710 907 2765 Βαϐαί
931 2726 946 2739 °
976 2709 1118 2763 ὥστε
1148 2712 1210 2763 οὐ
1255 2709 1315 2762 τὸ
1354 2711 1465 2762 πᾶν
1511 2709 1772 2780 ἔγραφεν,
1794 2709 1914 2762 οὐδὲ
1942 2709 2045 2763 ὅσα

457 2798 669 2870 γράψαι
697 2796 885 2868 ἐχρῆν.
930 2794 1071 2848 Ἀλλ’
1098 2793 1334 2848 ἐνταῦθα
1369 2797 1470 2864 μὲν
1500 2795 1534 2863 ὴ
1552 2794 1716 2862 φύσις
1736 2792 1832 2845 τοῦ
1865 2794 2044 2865 πράγ-

463 2899 631 2954 ματος
669 2880 829 2933 τοῦτο
886 2879 1080 2941 ἐποίει,
1149 2876 1386 2947 ἀλλαχοῦ
1428 2876 1485 2928 δὲ
1511 2878 1545 2945 ἡ
1573 2876 1758 2940 κακία,
1792 2875 1869 2938 ώς
1906 2875 2039 2947 παρ’

469 2964 750 3037 Ἑϐραίοις
776 3006 792 3031 ,
823 2961 899 3024 ὡς
947 2960 1101 3030 παρὰ
1143 2960 1473 3031 Κορινθίοις.
1518 2959 1674 3028 Πρὸς
1716 2959 1748 3012 6
1778 2958 2044 3014 δύνασθε

460 3046 985 3117 ἀναγινώσκοντες
1010 3040 1233 3112 νοῆσαι
1254 3041 1370 3110 τὴν
1397 3042 1657 3097 σύνεσίν
1679 3059 1822 3111 μου,
1855 3044 2041 3114 φησὶν,

462 3136 533 3189 ἐν
557 3132 637 3198 τῷ
653 3129 963 3200 μυστηρίῳ
980 3127 1087 3181 τοῦ
1116 3126 1377 3195 Χριστοῦ
1406 3142 1418 3154 ·
1453 3126 1723 3191 τουτέστι,
1754 3126 1872 3189 πῶς
1906 3144 2042 3179 συν-

464 3219 599 3286 ῆκα,
638 3214 758 3277 πῶς
801 3214 1021 3282 ἐνόησα,
1046 3210 1081 3281 ἡ
1129 3209 1355 3262 τοιαῦτα
1377 3248 1393 3272 ,
1413 3208 1451 3263 6.
1471 3202 1625 3261 εἶπεν
1657 3211 1686 3262 6
1714 3207 1868 3273 Θεὸς,
1900 3208 1932 3278 ἢ
1963 3210 2046 3260 ὃτι

467 3299 705 3368 κάθηται
759 3297 824 3348 ἐκ
868 3293 1083 3358 δεξιῶν.
1110 3287 1244 3345 Εἶτα
1301 3293 1398 3345 καὶ
1442 3293 1504 3344 τὸ
1532 3292 1776 3362 ἀξίωμα,
1806 3292 1889 3345 ὅτι
1923 3294 2045 3344 Dim

467 3382 758 3451 ἐποίησεν
810 3377 1000 3442 οὕτως
1029 3379 1062 3430 ὁ
1094 3375 1241 3440 Θεὸς
1284 3375 1464 3428 παντὶ
1509 3375 1668 3429 ἔθνει
1706 3392 1720 3405 ·
1754 3375 1850 3429 καὶ
1894 3376 2046 3427 ποῖον

469 3466 620 3529 ἐθνος
659 3463 837 3527 τοῦτο,
871 3455 917 3529 ᾧ
946 3460 1203 3531 ἐποίησεν
1242 3457 1415 3522 οὕτως
1446 3461 1475 3511 6
1503 3458 1637 3522 Θεὸς
1664 3458 1839 3529 δηλῶν
1860 3498 1876 3523 ,
1907 3458 2047 3511 ἐπά-

469 3566 558 3619 γει
590 3567 605 3581 ·
645 3548 716 3600 ’0
745 3545 973 3613 ἑτέραις
1000 3542 1234 3613 γενεαῖς
1263 3543 1372 3594 οὐκ
1387 3542 1718 3612 ἐγνωρίσθη
1747 3541 1872 3607 τοῖς
1896 3540 2049 3607 υἱοῖς

471 3631 592 3687 τῶν
636 3628 963 3698 ἀνθρώπων
985 3670 1000 3694 ,
1029 3628 1109 3691 ὡς
1141 3626 1259 3681 νῦν
1284 3626 1681 3695 ἀπεκαλύφθη
1704 3625 1831 3692 τοῖς
1858 3626 2050 3695 ἁγίοις

472 3719 839 3784 ἀποστόλοις
889 3715 1077 3771 αὐτοῦ
1127 3715 1226 3769 καί
1267 3715 1606 3785 προφήταις
1650 3714 1720 3767 ἐν
1748 3712 1828 3779 τῷ
1858 3715 2049 3767 Πνεύ-

470 3822 631 3876 ματι.
669 3802 736 3856 Τί
772 3798 865 3857 οὖν
889 3840 904 3864 ,
931 3801 1054 3854 εἰπέ
1106 3818 1221 3870 μοι,
1248 3800 1349 3852 οὐκ
1408 3799 1607 3870 ᾔδεσαν
1638 3799 1688 3851 οἱ
1740 3798 2048 3869 προφήταις

476 3888 602 3951 Πῶς
629 3882 725 3940 οὖν
767 3902 932 3955 φησιν
961 3886 990 3937 6
1022 3883 1275 3955 Χριστὸς,
1310 3883 1390 3935 ὅτι
1421 3883 1664 3954 Μωῦσῆς
1696 3883 1793 3935 καὶ
1822 3885 1872 3935 οἱ
1918 3897 2053 3951 προ-

475 3973 646 4042 φῆται
674 3968 849 4023 ταῦτα
878 3967 1007 4038 περὶ
1030 3965 1165 4036 ἐμοῦ
1196 3964 1481 4036 ἕγραψαν·;
1508 3967 1603 4019 καὶ
1623 3966 1808 4028 πάλιν,
1829 3966 1898 4017 ει
1922 3965 2054 4017 ἐπι-

476 4056 772 4113 στεύσατε
802 4047 1049 4117 Μωῦσῇ,
1065 4049 1461 4101 ἐπιστεύσατε
1484 4048 1559 4101 ἂν
1577 4048 1707 4116 ἐμοί
1719 4065 1738 4113 ;
1755 4047 1847 4101 καὶ
1869 4047 2052 4111 πάλιν,

490 4136 804 4207 Ἔρευνὰτε
832 4134 939 4198 τὰς
960 4132 1225 4201 Γραφὰς,
1258 4131 1349 4184 ὅτι
1380 4131 1551 4199 ὑμεῖς
1579 4131 1808 4184 δοκεῖτε
1848 4131 1918 4185 ἐν
1945 4132 2055 4185 αὑ-

477 4223 609 4288 ταῖς
641 4218 794 4287 ζωὴν
829 4216 1072 4272 αἰώνιον
1118 4215 1305 4284 ἔχειν,
1346 4214 1621 4269 κάκεῖναι
1638 4216 1798 4269 εἰσιν
1818 4217 1877 4268 αἱ
1905 4230 2055 4283 μαρ-

477 4305 772 4374 τυροῦσαι
828 4303 962 4371 περί
1002 4300 1150 4371 ἐμοῦ
1166 4319 1184 4367 ;
1217 4298 1392 4353 Τοῦτό
1443 4317 1643 4371 φησιν,
1696 4300 1846 4370 ἢὸτι
1888 4300 2056 4352 πᾶσιν
2106 4322 2113 4328 ·

479 4391 791 4464 ἀνθρώποις
832 4389 933 4442 οὐκ
978 4385 1341 4456 ἀπεκαλύφθη
1378 4402 1392 4416 ’
1444 4384 1754 4455 προσέθηκε
1797 4385 1907 4455 γὰρ
1936 4423 1952 4447 ,
1994 4385 2055 4436 Ὃ

480 4476 707 4543 ἑτέραις
730 4470 963 4543 γενεαῖς
986 4473 1098 4525 οὐκ
1127 4470 1460 4540 ἐγνωρίσθη
1488 4468 1615 4537 τοῖς
1639 4468 1795 4534 υἱοῖς
1812 4468 1931 4521 τῶν
1949 4469 2057 4523 ἀν-

483 4556 763 4626 θρώπων,
799 4555 881 4621 ὡς
927 4554 1046 4609 νῦν
1090 4553 1489 4621 ἀπεκαλύφθη
1512 4568 1525 4582 ⁸
1560 4552 1594 4623 ἢ
1633 4552 1717 4606 ὅτι
1759 4552 1931 4615 οὕτως
1960 4552 2061 4605 οὐκ

485 4639 795 4712 ἐγνωρίσθη
844 4637 936 4690 διὰ
980 4636 1327 4706 πραγμάτων
1368 4636 1551 4688 αύτὼν
1585 4637 1680 4689 καὶ
1719 4634 1921 4707 ἔργων,
1965 4636 2062 4699 Ὠς

483 4722 603 4778 νῦν
647 4722 1045 4790 ἀπεκαλύφθη
1078 4719 1203 4785 τοῖς
1240 4720 1430 4788 ἁγίοις
1462 4720 1822 4787 ἀποστόλοις
1872 4718 2061 4773 αὑτοῦ

486 4805 587 4859 καί
660 4803 996 4873 προφήταις
1023 4802 1095 4855 ἐν
1145 4803 1466 4871 Πνεύματι.
1516 4802 1802 4872 Ἐννόησον
1841 4803 1949 4873 γάρ
1979 4817 1992 4829 ·
2028 4801 2057 4853 6

488 4888 692 4959 Πέτρος
716 4930 731 4953 ,
780 4888 829 4940 εἰ
873 4888 948 4957 μὴ
978 4886 1128 4956 παρά
1164 4884 1257 4937 τοῦ
1311 4885 1627 4956 Πνεύματος
1682 4887 1935 4957 ἡκουσεν,
1965 4886 2066 4941 οὐκ

488 4975 556 5026 ἂν
602 4970 873 5042 ἐπορεύθη
922 4972 1004 5033 εἰς
1045 4970 1114 5022 τὰ
1160 4968 1310 5038 ἔθνη.
1349 4970 1615 5023 ’Ἄκουσον
1645 4968 1754 5040 γὰρ
1786 4970 1839 5021 τί
1866 4984 2062 5038 φησιν·

491 5058 635 5125 Ἀρα
656 5054 876 5107 ἔδωκεν
895 5056 927 5107 ό
947 5053 1086 5118 Θεὸς
1105 5051 1311 5118 αὐτοῖς
1327 5052 1394 5106 τὸ
1408 5053 1650 5121 Πνεῦμα
1672 5052 1736 5105 τὸ
1761 5051 1952 5121 ἅγιον,
1985 5050 2066 5115 ὡς

488 5138 589 5191 καὶ
624 5136 790 5206 ἡμῖν.
823 5137 994 5190 Τοῦτό
1031 5136 1179 5189 ἐστιν
1217 5136 1247 5189 ὃ
1279 5154 1466 5207 φησιν,
1508 5139 1611 5190 Ἐν
1632 5136 1951 5204 Πνεύματι,
1983 5134 2065 5185 ὃτι

489 5220 580 5274 διὰ
626 5220 945 5290 Πνεύματος
981 5218 1217 5289 ἠξίωσεν
1245 5220 1274 5272 6
1303 5220 1434 5283 Θεὸς
1472 5219 1703 5272 λαϐεῖνει
1734 5218 1927 5281 αὐτοὺς
1970 5216 2067 5287 τὴν

492 5303 671 5375 Χάριν·
704 5302 932 5371 Ἔλεγον
977 5304 1076 5373 μὲν
1123 5298 1216 5356 οῦν
1234 5304 1284 5356 οί
1318 5304 1620 5374 προφῆται,
1647 5300 1792 5354 οὕτω
1823 5300 1881 5353 δὲ
1911 5301 2066 5371 ἀκρι-

494 5387 605 5451 ϐῶς
632 5388 733 5440 ούκ
764 5386 985 5459 ᾔδεσαν,
1018 5387 1157 5440 ὅπου
1186 5404 1250 5455 γε
1275 5387 1396 5439 οὐδὲ
1440 5389 1489 5440 οἰ
1530 5384 1820 5440 ἀπόστολοι
1846 5383 1985 5453 μετά
2008 5383 2069 5437 τὸ

494 5470 722 5524 ἀκοῦσαι
748 5487 761 5499 ’
819 5470 953 5524 πολὺ
982 5471 1092 5540 γὰρ
1113 5469 1479 5538 ὑπερέϐαινεν
1529 5468 1876 5539 ἀνθρώπινον
1919 5467 2070 5534 λογι-

496 5570 529 5605 σ
536 5554 632 5622 μὸν
649 5555 741 5607 καὶ
757 5554 943 5608 ἐλπίδα
958 5554 1161 5625 κοινήν.
1174 5551 1341 5607 Εἶναι
1359 5554 1431 5605 τὰ
1446 5552 1590 5619 ἔθνη
1610 5546 2098 5621 συγκληρονόμα⁶

496 5635 597 5690 καὶ
624 5638 924 5707 σύσσωμα
951 5638 1048 5692 καί
1080 5639 1450 5707 συμμέτοχα.

569 5771 636 5824 Τί
696 5771 840 5837 ἐστι,
880 5770 1351 5840 Συγκληρονόμα
1405 5767 1505 5821 καὶ
1552 5765 1905 5836 συμμέτοχα
1963 5765 2075 5834 τῆς

504 5984 531 6029 λ
564 5920 593 5999 ἒ
613 5917 746 5989 lerg
786 5918 933 5968 Savilr
954 5955 966 5978 ,
998 5920 1256 5977 τουτέστιν,
1284 5921 1329 5967 ἐν
1361 5916 1587 5977 πνεύματι
1626 5914 1863 5969 ἐξελέξατο
1902 5915 1926 5961 ό
1955 5915 2071 5969 Θεὸς

534 5998 678 6029 αοειν.

534 5998 678 6031 αυειν.

2112 535 2493 604 ἐπαγγελίας,
2524 533 2624 587 καί
2668 533 3007 601 σύσσωμα;
3040 529 3211 584 Τοῦτό
3253 531 3366 584 ἐστι
3414 530 3482 585 τὸ
3535 529 3717 601 μέγα,

2114 616 2175 669 τὸ
2209 615 2267 669 ἓν
2292 617 2451 687 σῶμα
2484 612 2621 669 εἶναι
2646 659 2660 682 ,
2692 614 2727 684 ἡ
2759 615 2996 685 ἐγγύτης
3019 615 3053 685 ἡ
3087 614 3278 686 πολλή.
3305 615 3428 667 Ὀτι
3470 614 3579 685 μὲν
3604 615 3724 686 γὰρ

2116 699 2467 770 κληθήσεται,
2500 700 2717 771 ᾔδεσαν,
2742 701 2825 754 ὅτι
2854 698 2912 751 δὲ
2936 697 3029 751 ἐπὶ
3050 697 3278 761 τούτοις,
3296 699 3509 752 ούκέτι.
3538 696 3725 751 Τοῦτο

2115 788 2295 841 τοίνυν
2324 787 2482 840 καλεῖ
2506 789 2803 860 μυστήριον
2835 786 2935 856 τῆς
2959 786 3315 854 ἐπαγγελίας.
3355 787 3640 856 Μετείχον
3669 786 3724 838 οι

2129 871 2485 942 Ἰσραηλῖται,
2519 874 2884 943 συμμετεῖχον
2912 871 2967 922 δέ
3003 871 3096 924 καὶ
3130 869 3199 922 τὰ
3232 868 3357 939 ἔθνη
3388 869 3496 939 τῆς
3533 873 3723 937 ἐπαγ-

2118 954 2307 1022 γελίας
2341 954 2435 1008 τοῦ
2466 955 2626 1011 Θεοῦ.
2671 956 2775 1008 Ἐν
2819 953 2900 1019 τῷ
2927 952 3159 1020 Χριστῷ
3188 952 3283 1006 διὰ
3314 953 3422 1006 τοῦ
3460 954 3725 1023 εὐαγγε-

2120 1041 2280 1093 λίου.
2324 1040 2602 1104 Τουτέστι,
2642 1036 2721 1108 τῷ
2790 1037 3115 1107 πεμφθῆναι
3172 1038 3266 1089 καὶ
3308 1036 3444 1106 πρὸς
3486 1036 3724 1099 αὐτοὺς,

2122 1125 2216 1177 καὶ
2266 1122 2345 1193 τῷ
2393 1123 2681 1176 πιστεῦσαι
2712 1139 2727 1153 ο
2765 1122 2827 1175 ού
2875 1122 2984 1193 γὰρ
3034 1121 3243 1184 ἀτελῶς,
3272 1120 3426 1185 ἀλλά,
3475 1121 3586 1173 Διά
3612 1122 3729 1176 τοῦ

2122 1207 2493 1276 εὐαγγελίου.
2526 1206 2686 1259 Ἀλλὰ
2705 1205 2863 1259 τοῦτο
2889 1205 2987 1276 μὲν
3010 1205 3161 1257 οὐδὲν
3181 1204 3341 1275 μέγα,
3368 1205 3577 1274 μικρὸν
3589 1204 3727 1275 γάρ,

2125 1291 2222 1344 καὶ
2255 1290 2385 1343 ἄλλο
2411 1290 2593 1361 μεῖζον
2628 1292 2759 1359 ἡμῖν
2789 1288 3190 1353 ἀποκαλύπτει,
3230 1289 3312 1342 ὃτι
3336 1289 3396 1340 ού
3423 1287 3599 1359 μόνον
3629 1287 3727 1339 ἄν·

2126 1374 2333 1443 θρωποι
2358 1414 2372 1438 ,
2407 1373 2521 1426 ἀλλ’
2552 1373 2673 1427 οὐδὲ
2717 1373 2980 1442 ἄγγελοι,
3015 1373 3136 1426 οὐδὲ
3183 1372 3524 1444 ἀρχάγγελοι
3551 1413 3567 1437 ,
3602 1372 3732 1424 οὐδὲ

2126 1456 2257 1527 ἄλλη
2280 1474 2361 1520 τις
2381 1458 2572 1528 κτιστὴ
2610 1457 2835 1527 δύναμις
2855 1458 2973 1529 ᾔδει
3001 1459 3159 1512 τοῦτο
3192 1473 3208 1489 ⁸
3266 1458 3587 1529 μυστήριον
3616 1456 3734 1525 γὰρ

2124 1535 2194 1610 ἦν
2226 1539 2418 1604 τοῦτο,
2451 1541 2547 1595 καὶ
2600 1541 2700 1594 οὐκ
2736 1540 3097 1610 ἀπεκαλύφθη
3128 1540 3256 1596 τινί.
3290 1540 3410 1608 Thr
3448 1540 3735 1594 σύνεσίν

2124 1640 2268 1692 μου,
2301 1624 2459 1693 φησὶ,
2521 1623 2765 1692 νοῆσαι.
2807 1624 2979 1678 Τοῦτο
3024 1626 3317 1679 αἰνίττεται
3373 1625 3547 1687 ἴσως,
3580 1623 3611 1676 6
3674 1625 3736 1676 ἐν

2128 1709 2247 1770 ταῖς
2281 1706 2519 1778 Πράξειν
2549 1703 2704 1762 εἶπεν
2732 1709 2939 1776 αὐτοῖς,
2964 1711 3047 1763 ὅτι
3076 1727 3161 1773 τις
3185 1712 3218 1781 ἡ
3262 1709 3485 1771 σύνεσις
3517 1708 3734 1770 αὑτοῦ.

2131 1789 2211 1842 δτι
2254 1789 2348 1843 καὶ
2380 1790 2449 1844 τὰ
2480 1791 2607 1862 ἔθνη
2667 1792 3077 1863 προσκαλεῖται.
3114 1791 3330 1863 Ταύτην
3358 1791 3479 1864 [42]
3527 1793 3734 1846 ἑαυτοῦ

2132 1872 2283 1940 λέγει
2302 1872 2517 1928 σύνεσιν
2544 1875 2647 1944 τὴν
2673 1874 2768 1928 τοῦ
2800 1875 3119 1946 μυστηρίου,
3147 1875 3175 1928 6
3205 1872 3380 1938 εἶπεν,
3405 1876 3494 1929 ὅτι
3523 1878 3587 1930 ἐν
3612 1878 3738 1929 ἐαυ-

2136 1955 2216 2027 τῷ
2258 1957 2437 2010 κτίσει
2478 1957 2558 2020 είς
2586 1958 2682 2010 ἕνα
2714 1958 2901 2012 καινὸν
2931 1958 3239 2029 ἄνθρωπον.
3285 1959 3417 2012 Ἀπὸ
3445 1961 3567 2029 γὰρ
3595 1960 3741 2013 ἀπο-

2135 2040 2422 2111 καλύψεως
2464 2040 2685 2111 ἔμαθεν,
2713 2042 2795 2095 ὅτι
2826 2042 2887 2095 οὐ
2915 2041 2995 2095 δεῖ
3033 2041 3413 2112 βδελύττεσθαι
3462 2044 3539 2096 τὰ
3573 2042 3739 2113 ἔθνη,

2137 2126 2232 2179 καὶ
2265 2118 2420 2189 οὗτος
2448 2126 2541 2179 καὶ
2564 2126 2773 2195 Πέτρος
2798 2141 2811 2154 ·
2843 2126 2939 2179 καὶ
2961 2125 3117 2179 τοῦτο
3137 2128 3194 2181 ἐν
3224 2128 3289 2198 τῇ
3321 2125 3603 2198 ἀπολογίᾳ
3627 2127 3735 2181 αύ-

2135 2207 2230 2261 τοῦ
2286 2224 2471 2279 φησιν.
2504 2203 2587 2263 υῦ
2618 2207 2917 2277 ἐγενόμην
2957 2207 3237 2275 διάκονος
3297 2210 3446 2263 κατὰ
3475 2209 3603 2276 τὴν
3626 2208 3741 2262 δω-

2130 2291 2280 2360 ρεὰν
2311 2292 2413 2362 τῆς
2437 2292 2681 2362 χάριτος
2704 2292 2812 2347 τοῦ
2837 2293 2985 2346 Θεοῦ
3006 2293 3118 2361 τὴν
3138 2292 3423 2348 δοθεῖσάν
3441 2312 3551 2363 μοι
3575 2295 3740 2347 κατὰ

2139 2374 2257 2443 τὴν
2301 2376 2608 2445 ἐνέργειαν
2648 2374 2759 2444 τῆς
2799 2375 3109 2445 δυνάμεως
3162 2377 3370 2433 αὐτοῦ.
3411 2373 3613 2442 Εἶπεν,
3652 2378 3743 2431 ὃτι

2140 2460 2375 2530 Δέσμιός
2412 2463 2550 2531 εἰμι,
2574 2459 2711 2513 ἀλλά
2746 2460 2909 2513 πάλιν
2941 2460 3002 2513 τὸ
3038 2461 3156 2514 ὅλον
3195 2461 3360 2515 αὐτοῦ
3388 2457 3533 2517 εἷναί
3555 2481 3738 2537 φησι,

2141 2547 2304 2598 Κατὰ
2356 2541 2472 2612 τὴν
2512 2543 2742 2612 δωρεὰν
2785 2542 2893 2611 τῆς
2931 2543 3169 2613 χάριτος
3224 2547 3434 2613 αὐτοῦ,
3493 2547 3683 2615 λέγων
3720 2564 3735 2577 ⁸

2142 2628 2287 2681 κατὰ
2315 2626 2546 2698 δύναμιν
2579 2627 2688 2698 γὰρ
2715 2627 2927 2700 δωρεᾶς
2960 2628 3150 2697 γέγονε
3185 2628 3247 2682 τὸ
3268 2629 3486 2700 ἀξίωμα
3515 2632 3623 2700 τῆς
3650 2647 3741 2683 τι-

2147 2710 2499 2782 μῆςταύτης.
2550 2711 2692 2764 Ἀλλ’
2719 2712 2820 2765 οὐκ
2859 2712 3021 2783 ἦρκει
3042 2714 3075 2782 ἡ
3106 2711 3306 2784 δωρεὰ,
3339 2714 3388 2766 εί
3417 2712 3493 2785 μὴ
3520 2715 3623 2767 καὶ
3642 2714 3743 2769 δύ-

2143 2813 2309 2867 ναμιν
2342 2797 2619 2865 ἐνέθηκεν.

2221 2962 2430 3023 Ὄντως
2478 2961 2590 3029 γὰρ
2645 2962 2931 3033 δυνάμεως
2985 2964 3252 3035 μεγάλης,
3287 2964 3383 3019 καὶ
3415 2966 3518 3019 οὐκ
3575 2968 3753 3038 ἤρκει

2148 3044 2461 3116 ἀνθρωπίνη
2508 3046 2736 3116 σπουδή.
2766 3046 2904 3116 Τρία
2941 3047 3048 3118 γὰρ
3098 3050 3413 3119 εἰσήνεγκεν
3434 3051 3519 3113 είς
3546 3049 3615 3102 τὸ
3644 3053 3756 3123 κή-

2154 3146 2361 3200 ρυγμα,
2393 3126 2706 3200 προθυμίαν
2748 3128 2981 3194 ζέουσαν
3031 3130 3125 3183 καὶ
3169 3131 3512 3203 παράϐολον,
3551 3133 3746 3206 ψυχὴν

2152 3215 2262 3266 πᾶν
2308 3213 2488 3266 ὁτιοῦν
2528 3213 2820 3283 ὑπομεῖναι
2853 3213 3072 3284 ἕτοιμον
3096 3254 3112 3274 ,
3142 3215 3240 3268 καὶ
3266 3214 3482 3269 σύνεσιν
3512 3217 3617 3271 καὶ
3647 3236 3748 3273 σο-

2152 3296 2281 3366 φίαν
2311 3310 2326 3324 '
2356 3297 2417 3348 οὐ
2459 3294 2567 3366 γὰρ
2592 3295 2751 3366 ἤρκει
2773 3295 2833 3349 τὸ
2850 3296 3238 3364 φιλοκίνδυνον,
3273 3300 3301 3351 6
3327 3297 3441 3369 βίος
3469 3299 3748 3372 ἄληπτος,

2154 3381 2203 3432 εἰ
2239 3379 2315 3451 μὴ
2335 3379 2431 3432 καὶ
2458 3378 2687 3450 δύναμιν
2707 3379 3020 3450 Πνεύματος
3049 3381 3229 3435 ἔλαϐε.
3248 3383 3359 3437 καὶ
3385 3383 3483 3436 θέα
3510 3384 3614 3439 ἀπ’
3641 3387 3750 3439 αύ-

2151 3462 2247 3515 τοῦ
2311 3461 2567 3533 πρώτου,
2624 3461 2823 3532 μᾶλλον
2868 3462 2924 3516 δὲ
2967 3464 3133 3518 ἄκουε
3175 3465 3340 3519 αὑτοῦ
3386 3467 3746 3537 γράφοντος·

2156 3548 2290 3601 ἰνα
2308 3546 2396 3616 μὴ
2424 3545 2677 3615 μωμηθῇ
2705 3547 2743 3615 ἡ
2774 3548 3051 3602 διακονία
3088 3549 3261 3617 ἡμῶν
3283 3565 3297 3579 ⁸
3330 3551 3424 3604 καί⁵
3448 3553 3641 3616 πάλιν,
3675 3555 3755 3609 Ἥ

2153 3634 2266 3700 γὰρ
2310 3630 2697 3698 παράκλησις
2732 3629 2906 3699 ήμῶν
2940 3634 3052 3687 οὐκ
3092 3633 3161 3687 ἐκ
3202 3634 3464 3703 πλάνης,
3499 3636 3652 3691 οὐδὲ
3675 3638 3749 3703 ἐξ

2155 3715 2545 3783 ἀκαθαρσίας.
2599 3716 2737 3769 οὔτε
2783 3716 2856 3769 έν
2906 3717 3069 3785 λόγῳ
3112 3719 3451 3785 κολακείας,
3489 3721 3634 3775 οὔτε
3662 3722 3735 3775 ἐν

2157 3798 2455 3868 προφάσει
2518 3799 2899 3866 πλεονεξίας.
2978 3797 3133 3865 Εἶδες
3184 3802 3246 3855 τὸ
3299 3802 3568 3875 ἄμωμον;
3631 3807 3748 3860 Καὶ

2158 3883 2358 3947 πάλιν,
2409 3883 2846 3953 Προνοούμενοι
2909 3884 3067 3939 καλὰ
3090 3925 3105 3950 ,
3165 3886 3228 3938 ού
3280 3887 3441 3957 μόνον
3495 3888 3743 3943 ἐνώπιον

2159 3967 2389 4036 Κυρίου,
2435 3965 2572 4019 ἀλλὰ
2609 3966 2700 4019 καὶ
2745 3966 3004 4022 ἐνώπιον
3040 3968 3385 4036 ἀνθρώπων.
3420 3968 3555 4024 Εἶτα
3603 3971 3747 4043 μετά

2158 4050 2353 4112 ταῦτα,
2404 4048 2547 4103 Καθ’
2599 4050 2869 4117 ἑκάστην
2917 4050 3151 4120 ἡμέραν
3207 4054 3603 4123 ἀποθνήσκω,
3661 4055 3743 4123 νὴ

2159 4135 2276 4202 τὴν
2316 4133 2615 4202 ἡμετέραν
2674 4135 3016 4204 καύχησιν,
3081 4134 3162 4203 ἣν
3217 4137 3335 4207 ἔχω
3382 4139 3454 4193 ἐν
3504 4139 3746 4208 Χριστῷ

2174 4220 2378 4288 Ἰησοῦ
2404 4237 2420 4254 ο
2456 4222 2552 4274 καὶ
2598 4220 2784 4283 πάλιν,
2847 4222 2943 4288 Τίς
3003 4220 3164 4291 ἡμᾶς
3203 4225 3444 4292 χωρίσει
3466 4224 3590 4278 ἀπὸ
3631 4224 3745 4294 τῆς

2162 4302 2396 4372 ἀγάπης
2412 4303 2518 4358 τοῦ
2536 4302 2792 4372 Χριστοῦ
2810 4319 2829 4365 .'
2848 4304 3074 4372 θλῑψις,
3091 4306 3131 4373 ἢ
3148 4309 3535 4374 στενοχωρία,
3553 4309 3593 4376 ἢ
3617 4308 3750 4362 διω·

2157 4387 2305 4456 γμός
2316 4403 2334 4450 ;
2348 4387 2441 4439 καὶ
2454 4386 2618 4440 πάλιν
2632 4428 2647 4453 ,
2666 4387 2769 4442 Ἐν
2798 4387 3077 4457 ὑπομονῇ
3091 4388 3314 4458 πολλῇ,
3340 4389 3410 4443 ἐν
3427 4390 3742 4460 θλίψεσιν,

2158 4468 2570 4538 ὲνάνάγκαις,
2619 4471 2688 4523 ὲν
2724 4470 3021 4540 διωγμοῖς,
3062 4472 3133 4525 ἐν
3171 4474 3642 4542 στενοχωρίαις,
3674 4474 3744 4528 ὲν

2161 4555 2286 4621 πλη
2294 4552 2445 4622 ταῖς,
2461 4552 2532 4605 ἐν
2542 4553 2831 4621 φυλακαῖς
2846 4571 2859 4584 ο
2875 4550 3009 4608 Εἶτα
3024 4556 3058 4626 ἡ
3073 4556 3354 4626 οἰκονομία
3367 4556 3532 4611 αὑτοῦ
3542 4576 3555 4587 θ
3568 4559 3749 4627 Γέγοο

2161 4661 2238 4698 να
2264 4644 2388 4710 τοῖς
2429 4645 2741 4711 Ἰουδαίοις
2767 4647 2843 4710 ὡς
2869 4646 3178 4713 Ἰουδαῖος,
3215 4647 3341 4714 τοῖς
3385 4648 3638 4717 ἀνόμοις
3662 4650 3744 4713 ὼς

2162 4726 2406 4798 ἄνομος,
2440 4727 2565 4791 τοῖς
2595 4728 2714 4783 ὑπὸ
2747 4730 2936 4798 νόμον
2960 4730 3040 4796 ὡς
3068 4731 3188 4786 ὑπὸ
3218 4733 3427 4801 νόμον⁶
3451 4732 3545 4784 καὶ
3576 4733 3743 4804 ξυρᾶ-

2161 4828 2273 4875 ται,
2305 4812 2401 4864 καὶ
2440 4810 2613 4880 μυρία
2650 4814 2812 4866 ποιεῖ.
2850 4811 2925 4866 Τὸ
2970 4814 3028 4866 δὲ
3067 4816 3286 4869 πάντων
3329 4815 3650 4884 κεφάλαιον,
3685 4817 3744 4868 ἐν

2162 4892 2390 4963 δυνάμει
2417 4894 2734 4965 Πνεύματος
2758 4896 2935 4965 ἁγίου.
2981 4899 3063 4952 Οὐ
3096 4899 3206 4967 γὰρ
3234 4898 3515 4969 τολμήσω
3552 4899 3743 4965 λαλῆ-

2163 4978 2273 5031 σαί
2308 4994 2387 5040 τι,
2442 4978 2628 5048 φησὶν,
2654 4974 2742 5033 ὧν
2791 4982 2863 5035 ού
2896 4981 3326 5050 κατειργάσατο
3374 4985 3632 5051 Χριστὸς
3668 4981 3743 5036 δι’

2163 5059 2309 5129 ἐμοῦ
2328 5076 2343 5091 ⁸
2379 5063 2476 5114 καὶ
2501 5061 2665 5115 πάλιν
2685 5104 2698 5128 ,
2740 5064 2802 5117 Τί
2837 5064 2947 5133 γάρ
2968 5065 3159 5132 ἐστιν,
3194 5065 3227 5118 ὂ
3256 5065 3551 5134 ἡττήθητε
3590 5068 3743 5134 ὑπὲρ

2164 5144 2272 5209 τὰς
2313 5144 2531 5209 λοιπὰς
2577 5145 2978 5213 Ἐκκλησίας;
3016 5149 3111 5201 καὶ
3150 5148 3333 5215 πάλιν,
3387 5148 3582 5203 Οὐδὲν
3634 5150 3743 5218 γὰρ

2165 5224 2477 5295 ὑστέρησα
2499 5225 2619 5279 τῶν
2645 5230 2942 5297 ὑπερλίαν
2967 5231 3347 5299 ἀποστόλων,
3372 5235 3424 5287 εί
3440 5232 3537 5286 καὶ
3562 5231 3744 5287 οὐδέν

2166 5310 2303 5376 εἰμι.
2333 5308 2550 5362 Τούτων
2571 5310 2677 5381 γὰρ
2708 5311 2836 5365 ἄνευ
2863 5312 2924 5365 ού
2952 5313 3197 5368 δυνατόν.
3226 5316 3301 5368 Ού
3329 5315 3417 5371 διὰ
3445 5315 3515 5368 τὰ
3542 5317 3743 5386 σημεῖα

2167 5387 2261 5444 οῦν
2292 5391 2457 5444 αὐτοῦ
2486 5393 2732 5461 ἐγένοντο
2769 5396 2981 5449 πιστοίο
3018 5398 3080 5450 ού
3113 5396 3220 5469 γὰρ
3248 5398 3317 5451 τὰ
3346 5402 3548 5469 σημεῖα
3586 5398 3742 5452 τοῦτο

2170 5475 2344 5528 ἐποίει
2369 5491 2382 5505 ⁸
2410 5475 2531 5529 οὐδὲ
2568 5476 2675 5530 ἀπὸ
2707 5477 2912 5531 τούτων
2967 5478 3121 5548 ἠξίου
3168 5481 3309 5550 μέγα
3347 5484 3587 5553 φρονεῖν,
3630 5479 3740 5534 ἀλλ’

2172 5559 2281 5613 ἀπὸ
2311 5558 2422 5612 τῶν
2442 5560 2637 5614 ἄλλων.
2670 5565 2764 5614 Δεῖ
2782 5563 2892 5633 γὰρ
2919 5565 3013 5617 καὶ
3040 5564 3279 5626 ἄληπτον
3310 5562 3447 5619 εἶναι
3486 5565 3581 5619 καί¹
3601 5567 3742 5618 οἱκο-

2172 5642 2393 5713 νομικὸν
2419 5644 2513 5696 καὶ
2551 5644 2920 5714 ῥιψοκίνδυνον
2949 5647 3044 5699 καὶ
3075 5647 3400 5704 διδακτικόν.
3432 5649 3652 5711 Τούτοις
3683 5646 3741 5699 τὸ

2173 5725 2334 5777 πλέον
2370 5726 2651 5796 κατώρθου
2673 5745 2687 5761 ο
2721 5730 2768 5780 εί
2794 5728 2895 5781 ταῦ
2908 5746 2969 5782 τα
2995 5726 3083 5799 ἦν,
3114 5731 3267 5784 οὐδὲν
3294 5743 3316 5771 ε
3342 5732 3446 5785 ἔδει
3480 5732 3737 5804 σημείων.

2240 5973 2262 6002 ⁸
2293 5972 2423 6021 Unus
2447 5973 2621 6035 codex,
2647 5977 2685 6023 εἰ
2711 5977 2861 6026 ταῦτα
2882 5978 2939 6038 ἠν
2965 5980 3011 6035 ἐξ
3036 5982 3201 6043 ἀρχῆς,
3225 5983 3374 6030 οὐδέν.
