4030 6500
206 418 279 475 ω
1090 410 1154 466 IN
1193 410 1401 466 EPIST.
1443 408 1534 463 an
1573 402 1812 459 senss.
1852 403 2003 460 car.
2045 403 2133 462 ιιι.
2176 407 2406 463 HOMIL.
2449 409 2539 466 Vl.
3391 411 3458 468 ut

206 523 371 587 mittit
412 530 604 587 vinciri
629 546 726 601 pro
751 530 902 585 vobis
952 528 1217 599 gentibus.
1246 526 1429 596 Magna
1457 519 1728 592 emphasis
1758 538 1772 575 :

203 624 315 680 Vos
343 639 451 679 non
475 625 648 679 solum
671 638 777 678 non
823 620 1208 683 abominamur,
1250 618 1345 671 sed
1375 618 1533 670 etiam
1565 621 1779 682 prepter

203 735 323 785 vos,
366 721 555 790 inquit,
590 719 875 778 vincimur,
905 725 959 770 et
986 730 1085 785 ego
1132 723 1330 767 tantam
1378 711 1607 779 adeptus
1659 722 1775 762 sum

201 812 453 880 gratiam.
482 811 537 865 2.
585 809 644 866 Si
666 821 831 863 tamen
873 808 1106 860 audiistis
1153 804 1574 872 dispensationem
1605 800 1781 870 gratia:

202 902 305 956 Dei
332 918 447 970 qua:
466 903 585 955 data
610 912 682 955 est
703 902 826 954 mihi
845 901 896 952 in
918 899 1076 953 vobis.
1123 895 1297 951 Inmiit
1336 893 1735 964 praedictionem
1763 929 1780 954 ,

200 1008 324 1062 qua:
355 993 421 1046 de
444 994 560 1062 ipso
578 990 821 1045 Damasci
851 989 986 1043 facta
1013 998 1095 1042 est
1122 986 1362 1049 Auanize,
1393 984 1607 1052 quando
1628 982 1779 1035 dice-

200 1083 296 1139 bat
322 1102 336 1138 :
373 1084 528 1150 Vade,
548 1085 786 1154 quoniam
810 1098 897 1137 vas
926 1080 1178 1135 electionis
1203 1080 1325 1132 mihi
1350 1088 1420 1132 est
1444 1078 1555 1141 iste,
1586 1087 1641 1128 ut
1664 1091 1782 1142 por—

198 1186 270 1231 tet
301 1194 484 1231 nomen
504 1194 667 1229 meum
696 1193 867 1230 coram
889 1175 1114 1246 gentibus
1138 1190 1196 1225 ac
1220 1171 1418 1239 regibus
1435 1170 1569 1240 (Act.
1586 1169 1638 1224 9.
1667 1168 1774 1238 15).

200 1268 668 1338 Dispensationem
698 1266 883 1337 gratia:
910 1266 1041 1319 dicit
1084 1262 1488 1319 revelationem.
1521 1260 1631 1313 lloc
1670 1269 1773 1324 est,

199 1360 321 1415 Non
342 1360 505 1416 didici
526 1361 594 1415 ab
620 1361 873 1415 homine:
902 1370 956 1413 et
980 1357 1224 1427 dignatus
1250 1365 1332 1409 est
1362 1352 1514 1416 mihi,
1545 1366 1666 1406 cum
1696 1365 1783 1404 es-

199 1468 319 1508 sem
351 1469 511 1517 unus,
546 1454 786 1507 revelare
817 1461 1035 1522 propter
1056 1464 1151 1503 vos
1177 1468 1189 1504 :
1221 1448 1339 1517 Ipse
1360 1447 1535 1511 enim,
1564 1444 1733 1512 inquit
1760 1483 1777 1508 ,

200 1545 331 1597 mihi
379 1545 505 1598 diait
526 1560 545 1598 :
584 1543 721 1597 Vade
742 1585 757 1611 ,
788 1543 1025 1614 quoniam
1048 1553 1095 1594 te
1122 1542 1188 1593 ad
1209 1550 1376 1611 gentes
1398 1537 1575 1607 procul
1598 1552 1779 1588 aman-

201 1635 338 1688 dabo
367 1636 387 1705 (
412 1636 523 1688 Act.
550 1634 641 1688 22.
672 1634 734 1687 2t
764 1634 803 1703 ).
833 1632 1300 1703 Dispensationem
1324 1630 1401 1684 sic
1429 1639 1574 1684 recte
1601 1628 1737 1683 dixit
1764 1643 1779 1681 :

200 1735 325 1779 erat
351 1725 495 1779 enim
522 1741 710 1793 magna
743 1723 1091 1791 dispensatio,
1124 1738 1245 1776 cum
1280 1722 1368 1790 qui
1396 1719 1616 1775 minime
1665 1732 1784 1773 cre-

198 1818 367 1873 debat
395 1836 425 1873 a
449 1820 655 1886 superis
681 1832 872 1872 vocare
896 1816 951 1871 et
978 1816 1157 1870 dicere
1190 1830 1202 1866 :
1238 1813 1416 1875 Saule,
1450 1812 1631 1879 Saule,
1661 1810 1783 1877 quid

197 1927 283 1964 me
310 1912 621 1980 persequeris
644 1910 792 1981 (Act.
827 1909 881 1964 9.
905 1910 939 1963 ι1
968 1909 1032 1978 )‘l
1064 1918 1119 1962 et
1163 1922 1358 1961 arcana
1388 1906 1475 1960 illa
1501 1906 1616 1960 luce
1659 1920 1782 1959 eum

196 2017 501 2056 excmcare.
533 2000 596 2057 Si
626 2012 793 2055 tamen
841 2001 1076 2054 audiistis
1125 1998 1553 2068 dispensationem
1597 1996 1776 2067 gratia:

196 2090 319 2158 Dei,
352 2108 468 2159 qua:
488 2093 610 2145 data
634 2101 705 2146 est
731 2092 852 2145 mihi
881 2093 932 2145 in
959 2092 1116 2156 vobis,
1147 2091 1200 2145 5.
1230 2089 1364 2159 quod
1391 2088 1665 2161 secundum
1688 2104 1770 2140 re-

198 2185 506 2237 relationem
549 2195 724 2237 notum
748 2184 871 2237 mihi
898 2187 1091 2254 factum
1118 2192 1190 2236 est
1235 2191 1628 2245 sacramentum,
1655 2181 1784 2234 sicut

201 2295 366 2347 supra
393 2279 578 2346 scripsi
606 2279 657 2330 in
679 2277 833 2330 brevi.
863 2276 1115 2331 Fortasse
1142 2290 1236 2345 per
1280 2274 1488 2343 aliquos
1515 2271 1786 2342 significa-

200 2369 314 2432 tit;
364 2379 459 2423 aut
505 2384 612 2423 non
665 2370 831 2423 multo
882 2376 1039 2423 antea
1089 2368 1397 2435 scripserat.
1426 2366 1523 2420 Hic
1548 2364 1786 2420 ostendit

197 2459 341 2529 quod
395 2461 707 2515 universum
728 2460 797 2516 sit
818 2460 932 2526 Dei,
957 2459 1097 2530 quod
1144 2458 1275 2512 nihil
1312 2458 1605 2512 attulimus.
1648 2455 1784 2522 Quid

200 2552 373 2619 enim,
399 2552 741 2623 dic,quieso?
767 2568 872 2607 non
902 2553 1016 2621 ipse
1042 2566 1265 2621 magnus
1282 2550 1372 2605 ille
1396 2550 1588 2604 Paulus
1614 2559 1665 2603 et
1685 2548 1780 2602 ad-

198 2644 507 2709 mirandus,
536 2644 627 2714 qui
654 2644 824 2715 legem
851 2643 1056 2705 didicit,
1086 2642 1175 2711 qui
1206 2642 1272 2695 ad
1295 2640 1458 2711 pedes
1479 2639 1786 2695 Gamalielis

198 2747 395 2793 exacte
426 2736 797 2801 fuiteruditus,
824 2738 989 2807 gratia
1020 2736 1120 2791 fuit
1144 2736 1363 2790 salvus?
1390 2735 1502 2790 Hoc
1526 2735 1648 2803 jure
1672 2750 1788 2805 my-

199 2831 433 2883 sterium
454 2836 645 2883 vocat:
676 2829 769 2882 Est
796 2829 935 2883 enim
956 2828 1288 2899 mysterium,
1310 2827 1449 2898 quod
1475 2838 1662 2898 gentes
1686 2838 1789 2880 sta-

201 2920 300 2973 tim
326 2919 394 2973 ad
414 2919 670 2987 majorem
699 2919 1347 2985 deduxeritnobilitatem,
1373 2934 1532 2989 quam
1550 2918 1784 2973 JtldfCOS.

202 3010 357 3065 Sicut
380 3027 560 3081 supra,
591 3011 782 3080 inquit,
810 3012 992 3081 scripsi
1019 3012 1072 3064 in
1098 3010 1254 3077 brevi,
1284 3010 1334 3064 id
1361 3019 1463 3075 est,
1495 3012 1696 3080 paucis.
1730 3011 1784 3065 4.

201 3099 372 3153 Prout
422 3103 625 3169 potestis
668 3102 889 3171 legentes
928 3101 1225 3172 intelligere.
1251 3102 1407 3171 Papa:
1436 3103 1450 3156 l
1480 3118 1585 3156 non
1618 3111 1785 3156 totum

200 3194 505 3257 scribebat,
535 3209 709 3263 neque
759 3203 1017 3264 quantum
1048 3193 1288 3249 scribere
1338 3194 1639 3262 Oportebat.
1682 3192 1789 3249 Sed

202 3284 297 3339 hic
323 3284 542 3354 quidem
575 3285 676 3341 hoc
700 3284 928 3341 faciebat
966 3287 1045 3342 rei
1071 3295 1280 3352 natura,
1336 3287 1461 3340 alibi
1490 3297 1667 3341 autem
1711 3286 1787 3340 vi-

204 3377 367 3440 tium,
398 3378 540 3430 sicut
559 3376 698 3445 apud
750 3376 1023 3440 Hebrieos,
1078 3378 1216 3431 sicut
1265 3375 1405 3445 apud
1458 3375 1786 3430 Corinthios.

207 3470 376 3525 Prout
403 3471 612 3539 potestis
637 3473 853 3539 legentes
877 3471 1157 3541 intelligere
1183 3472 1502 3540 prudentiam
1549 3488 1710 3524 nteant
1735 3471 1791 3525 in

202 3562 456 3631 mysterio
485 3560 695 3616 Christi.
721 3561 776 3615 ld
799 3571 901 3626 est,
926 3562 1194 3631 quomodo
1233 3562 1489 3632 concepi,
1522 3562 1791 3633 quomodo

203 3653 494 3719 intellexi,
523 3663 616 3708 aut
659 3654 962 3723 hujusmodi
1005 3671 1125 3724 quae
1154 3654 1295 3709 dixit
1342 3656 1500 3723 Deus,
1527 3665 1618 3710 aut
1644 3656 1787 3727 quod

204 3744 713 3801 sedeatadextris.
766 3746 969 3801 Deinde
1021 3747 1182 3800 etiam
1240 3747 1594 3816 dignitatem,
1648 3748 1789 3819 quod

207 3839 337 3894 Non
366 3841 441 3894 sic
468 3841 587 3909 fecit
630 3838 767 3892 Deus
810 3840 947 3893 omni
983 3839 1137 3909 genti.
1184 3839 1251 3893 Et
1280 3854 1523 3909 quamam
1564 3840 1633 3895 sit
1660 3856 1793 3911 gens

205 3932 293 3988 cui
317 3931 399 3986 sic
424 3929 553 3986 fecit
585 3931 725 3985 Deus
745 3930 1045 3995 declarans,
1071 3930 1343 4000 subjungit
1374 3948 1388 3984 :
1419 3932 1471 3986 5.
1508 3931 1658 3998 Quod
1678 3931 1795 3987 aliis

207 4023 640 4093 generationibus,
666 4023 855 4091 inquit,
875 4039 974 4076 non
993 4031 1065 4075 est
1084 4024 1313 4093 agnitum
1339 4024 1461 4090 ﬁliis
1484 4025 1744 4077 hominum
1772 4066 1789 4092 ,

208 4117 363 4171 sicuti
391 4131 529 4168 nunc
548 4114 821 4169 revelatum
860 4124 932 4168 est
959 4116 1146 4169 sanctis
1193 4118 1438 4186 apostolis
1460 4118 1570 4187 ejus
1601 4127 1645 4171 et
1676 4134 1795 4187 pro-

210 4208 378 4278 phetis
400 4208 455 4260 in
486 4207 705 4276 Spiritu.
728 4206 865 4273 Quid
909 4221 1066 4277 ergo,
1113 4207 1198 4261 die
1241 4208 1389 4271 mihi,
1450 4224 1554 4264 nou
1604 4221 1795 4266 norant

212 4298 533 4369 prOphetze?
560 4297 839 4365 Quomodo
866 4314 994 4367 ergo
1038 4299 1170 4354 dicit
1195 4298 1437 4355 Christus
1458 4342 1474 4368 ,
1504 4301 1712 4371 Moyses
1743 4312 1797 4357 et

216 4394 495 4464 prophetae
526 4391 640 4447 haec
663 4392 731 4447 de
744 4407 828 4447 me
852 4393 1214 4461 scripserunt?
1237 4404 1290 4447 et
1316 4410 1520 4460 rursus,
1549 4395 1611 4449 Si
1632 4397 1795 4450 credi-

220 4484 424 4537 dissetis
451 4482 633 4554 Moysi,
668 4482 1004 4537 credidissetis
1018 4492 1063 4537 et
1089 4484 1254 4536 mihi?
1279 4494 1332 4538 et
1357 4500 1561 4549 rursus,
1581 4486 1797 4541 Scruta-

221 4576 351 4628 snini
380 4575 690 4645 Scripturas,
718 4575 836 4644 quia
852 4591 937 4628 vos
955 4576 1140 4643 putatis
1161 4576 1212 4627 in
1237 4575 1361 4645 ipsis
1387 4576 1538 4628 vitam
1558 4587 1796 4632 wternam

218 4667 427 4730 habere;
448 4677 497 4719 et
519 4666 623 4719 illte
644 4676 763 4718 sunt
812 4682 923 4736 qua:
957 4666 1297 4719 testimonium
1343 4667 1599 4736 perhibent
1624 4669 1687 4722 de
1718 4686 1797 4725 me

217 4762 402 4832 (Joan.
430 4762 485 4816 5.
512 4761 601 4815 46.
632 4760 724 4821 39)
750 4760 774 4812 ?
800 4761 905 4815 Aut
932 4759 1033 4815 hoc
1056 4761 1220 4827 dicit,
1258 4762 1397 4831 quod
1428 4777 1529 4817 non
1549 4765 1795 4819 omnibus

217 4853 318 4907 fuit
350 4853 648 4907 revelatum
674 4869 687 4917 ;
712 4850 917 4904 addidit
943 4853 1117 4905 enim:
1148 4851 1293 4919 Quod
1321 4854 1435 4907 aliis
1456 4857 1797 4924 generationi-

218 4948 309 5000 bus
326 4962 430 4998 non
455 4954 527 4999 est
554 4947 780 5016 agnitum
803 4944 922 5012 ﬁliis
950 4945 1229 5008 hominum,
1255 4956 1309 4998 ut
1329 4963 1460 4999 nunc
1482 4948 1577 5017 fuit
1603 4949 1796 5001 revela-

217 5051 329 5093 tum
360 5056 380 5093 ε
418 5047 512 5092 aut
533 5038 672 5108 quod
700 5053 807 5091 non
833 5037 912 5091 sic
941 5036 1040 5090 fuit
1085 5038 1356 5106 cognitum
1399 5039 1558 5093 rebus
1598 5040 1724 5107 ipsis
1746 5050 1801 5095 et

218 5130 399 5196 factis,
434 5128 503 5184 Ut
529 5145 662 5182 nunc
684 5128 957 5182 revelatum
987 5127 1079 5194 fuit
1100 5128 1284 5180 sanctis
1318 5127 1560 5196 apostolis
1608 5130 1718 5198 ejus
1753 5140 1799 5183 et

218 5226 485 5297 praphetis
513 5224 565 5276 in
593 5221 813 5291 Spiritu.
831 5219 1122 5275 Considera
1148 5219 1289 5272 enim
1323 5236 1337 5273 :
1364 5219 1556 5273 Petrus
1582 5221 1681 5275 nisi
1705 5238 1801 5274 att-

221 5319 451 5372 divisset
478 5330 509 5369 a
537 5313 757 5383 Spiritu,
816 5326 919 5365 non
973 5309 1241 5380 profectus
1303 5319 1446 5364 esset
1484 5310 1550 5364 ad
1592 5322 1795 5380 gentes.

219 5410 363 5467 Audi
390 5409 533 5463 enim
560 5404 685 5477 quid
714 5404 857 5459 dicat
880 5420 893 5456 :
917 5403 1056 5472 Ergo
1083 5400 1231 5455 Dedit
1259 5399 1362 5454 illis
1385 5399 1524 5454 Deus
1551 5401 1801 5471 Spiritum

222 5511 457 5557 sanctum
501 5499 632 5551 sicut
651 5505 696 5550 et
722 5495 862 5549 nobis
886 5491 1020 5567 (Act.
1054 5493 1139 5547 11.
1168 5492 1299 5556 17);
1334 5490 1435 5545 hoc
1464 5501 1565 5551 est.
1598 5493 1647 5544 in
1684 5492 1803 5562 Spi-

225 5601 332 5650 ritu
358 5635 374 5656 ,
402 5592 527 5662 quia
555 5606 652 5661 per
675 5588 935 5659 Spiritum
959 5588 1202 5658 dignatus
1219 5594 1302 5639 est
1323 5586 1461 5640 Deus
1490 5596 1545 5639 ut
1569 5587 1667 5656 ipsi
1712 5602 1802 5642 ac-

227 5692 473 5757 ciperent
499 5684 745 5755 gratiam.
789 5684 964 5751 Atque
987 5680 1235 5735 dicebant
1256 5677 1467 5748 quidem
1494 5678 1798 5749 prophetae;
1826 5714 1831 5721 ι

227 5783 325 5837 sed
354 5796 459 5836 non
510 5779 646 5833 adeo
688 5786 876 5832 exacte
924 5782 1218 5836 noverant,
1265 5789 1385 5827 cum
1431 5789 1529 5829 nec
1574 5773 1799 5843 apostoli

232 5874 448 5943 quidem
479 5883 759 5943 postquam
787 5868 1145 5936 audivissent;
1179 5869 1462 5923 humanam
1492 5868 1632 5923 enim
1677 5866 1791 5922 hanc

1893 522 2156 577 rationem
2182 532 2237 579 et
2257 540 2407 594 spem
2458 540 2797 581 communem
2823 526 2977 596 longe
3003 528 3345 596 superabant.
3400 532 3456 585 6.

1888 611 2017 668 Esse
2033 625 2201 685 gentes
2221 615 2488 671 coheredes
2514 626 2561 671 et
2582 619 2969 687 concorporales
2998 630 3044 673 et
3071 623 3457 689 comparticipes

1889 721 2259 773 promissionis.

1957 795 2010 850 5.
2037 794 2173 861 Quid
2200 806 2300 862 est,
2327 796 2607 853 Coheredes
2634 809 2683 853 et
2704 802 3088 870 comparticipes
3116 802 3460 857 promissionis

1887 892 1932 937 et
1952 888 2337 956 concorporales
2368 888 2394 941 .’
2422 888 2533 944 Hoc
2558 898 2642 944 est
2678 905 2945 958 magnum,
2975 891 3116 959 quod
3160 907 3321 946 unum
3352 892 3456 946 sint

1886 990 2105 1046 corpus,
2134 978 2277 1048 quod
2306 994 2495 1050 magna
2523 981 2910 1051 propinquitas.
2938 982 3072 1038 Nam
3092 984 3235 1053 quod
3260 999 3460 1038 voean-

1885 1069 1969 1125 dre
1988 1072 2202 1141 quidem
2227 1082 2411 1129 essent
2432 1115 2447 1139 ,
2470 1084 2758 1139 noverant;
2789 1076 2929 1145 quod
2957 1077 3023 1131 ad
3048 1078 3161 1131 haec
3183 1077 3456 1144 vocandae,

1887 1178 1994 1217 non
2021 1164 2148 1219 item
2175 1184 2189 1219 :
2217 1165 2319 1220 hoc
2345 1167 2488 1221 enim
2510 1177 2666 1222 vocat
2706 1169 3020 1239 mysterium
3066 1170 3457 1238 promissionis.

1886 1255 2182 1326 Participes
2205 1268 2360 1311 erant
2390 1258 2665 1327 Israelitie,
2694 1259 3102 1329 comparticipes
3125 1269 3277 1313 erant
3300 1261 3462 1314 etiam

1886 1357 2074 1414 gentes
2096 1348 2472 1416 promissionis
2516 1349 2629 1404 Dei.
2676 1347 2743 1403 In
2787 1349 2986 1403 Christo
3015 1366 3103 1419 per
3126 1352 3459 1419 euangelium.

1886 1434 2001 1489 Hoc
2020 1446 2120 1502 est,
2154 1424 2295 1507 quod
2338 1448 2392 1493 et
2414 1440 2481 1494 ad
2509 1440 2653 1509 ipsos
2676 1441 2895 1494 missum
2924 1443 3014 1505 sit,
3043 1450 3098 1494 et
3123 1441 3263 1510 quod
3290 1440 3464 1495 credi-

1892 1531 2069 1586 derint
2098 1550 2111 1584 :
2141 1548 2246 1586 non
2278 1533 2421 1587 enim
2463 1545 2781 1603 utcumque,
2825 1534 2939 1599 sed,
2972 1533 3077 1588 Per
3125 1537 3458 1606 evangelium.

1887 1622 1992 1677 Sed
2022 1622 2122 1677 hoc
2148 1624 2363 1694 quidem
2393 1624 2526 1680 nihil
2555 1636 2634 1679 est
2658 1642 2930 1696 magnum;
2959 1642 3176 1695 parvum
3199 1628 3338 1681 enim
3357 1637 3460 1691 est;

1887 1724 1942 1770 et
1970 1714 2110 1769 aliud
2135 1716 2306 1785 majus
2330 1717 2484 1771 nobis
2516 1718 2736 1782 revelat,
2771 1717 2909 1787 quod
2936 1733 3040 1772 non
3081 1718 3252 1772 solum
3292 1718 3463 1772 homi-

1888 1823 2004 1873 nes,
2033 1808 2127 1862 sed
2158 1824 2257 1863 nec
2279 1810 2454 1879 angeli
2486 1825 2585 1865 nec
2629 1810 2955 1881 archangeli,
3000 1811 3094 1867 sed
3120 1827 3215 1867 nec
3236 1812 3336 1866 ulla
3359 1814 3462 1867 alia

1887 1908 2125 1968 potestas
2150 1912 2331 1955 creata
2382 1900 2485 1957 hoc
2535 1914 2754 1958 noverat
2780 1922 2793 1958 :
2821 1903 2922 1959 hoc
2949 1905 3091 1958 enim
3120 1913 3236 1959 erat
3262 1916 3461 1976 myste-

1888 1989 2049 2058 rium,
2080 2002 2265 2047 etnon
2320 2003 2438 2048 erat
2486 1995 2733 2063 cuiquam
2783 1995 3099 2050 revelatum.
3133 1995 3462 2049 Prudentium

1889 2103 2072 2152 meam,
2098 2087 2287 2157 inquit,
2330 2088 2627 2158 intelligere.
2680 2088 2931 2143 Fortasse
2984 2089 3188 2151 innuit,
3218 2088 3355 2157 quod
3383 2089 3462 2143 eis

1889 2176 2028 2230 dixit
2071 2178 2121 2231 in
2152 2178 2298 2232 Actis
2323 2220 2339 2244 ,
2369 2179 2510 2248 quod
2541 2178 2613 2234 sit
2641 2179 2757 2247 ejus
2784 2179 3028 2249 quaedam
3058 2179 3409 2249 intelligentia
3444 2220 3461 2241 .

1889 2281 1946 2324 ut
1981 2271 2141 2324 etiam
2183 2280 2369 2341 gentes
2395 2279 2567 2326 vocet.
2596 2270 2742 2326 Hanc
2766 2286 2917 2325 suam
2947 2270 3075 2325 dicit
3126 2271 3462 2339 prudentiain

1888 2363 2150 2433 mysterii,
2180 2363 2319 2432 quod
2363 2362 2515 2429 dixit,
2545 2362 2690 2433 quod
2719 2364 2769 2416 in
2794 2364 2974 2432 seipso
2998 2361 3192 2416 condet
3220 2363 3273 2415 in
3301 2377 3462 2415 untnn

1891 2472 2085 2510 novum
2138 2455 2431 2511 hominem.
2465 2458 2505 2510 A
2534 2456 2863 2511 revelatioue
2908 2455 3049 2510 enim
3093 2455 3279 2509 didicit
3321 2454 3464 2525 quod

1889 2564 1996 2603 non
2047 2557 2293 2619 oporteat
2335 2558 2523 2620 gentes
2573 2548 2891 2613 abominari,
2922 2557 2977 2603 et
3005 2550 3119 2619 ipse
3147 2558 3198 2603 et
3228 2547 3417 2602 Petrus
3444 2564 3460 2596 :

1890 2641 1995 2695 hoc
2017 2640 2146 2695 dicit
2173 2642 2224 2695 in
2247 2656 2347 2696 sua
2373 2640 2709 2696 defensione.
2749 2641 2801 2694 7.
2828 2640 2984 2706 Cuius
3033 2642 3197 2710 [actus
3236 2655 3347 2693 sum
3372 2654 3464 2709 ego

1890 2732 2117 2786 minister
2139 2732 2417 2786 secundum
2471 2731 2661 2785 donum
2702 2731 2880 2802 gratia:
2920 2730 3040 2795 Dei,
3069 2746 3181 2800 qua:
3227 2732 3349 2783 data
3392 2738 3466 2783 est

1892 2825 2017 2879 mihi
2045 2823 2320 2878 secundum
2346 2825 2688 2892 aperationem
2714 2822 2911 2875 virtutis
2938 2822 3068 2892 ejus.
3097 2821 3238 2875 Dixit
3262 2836 3320 2875 se
3342 2835 3466 2876 esse

1889 2917 2146 2980 vinctum,
2175 2915 2267 2970 sed
2294 2930 2476 2969 rursus
2505 2923 2668 2968 totum
2708 2915 2825 2984 ejus
2850 2927 2969 2967 esse
2985 2913 3110 2966 dicit
3134 2927 3147 2977 ;
3177 2911 3468 2966 Secundum

1892 3008 2081 3061 donum
2106 3008 2287 3077 gratia:
2333 3008 2476 3076 ejus,
2525 3005 2815 3075 inquiens:
2866 3002 3162 3058 secundum
3212 3003 3467 3056 virtutem

1891 3102 2036 3155 enim
2063 3115 2127 3156 ac
2154 3109 2472 3170 potestatem
2500 3099 2626 3153 doni
2655 3097 2753 3152 fuit
2776 3097 3006 3168 dignitas
3034 3096 3193 3165 hujus
3225 3094 3463 3149 honoris.

1892 3195 2000 3252 Sed
2027 3212 2131 3251 non
2154 3194 2454 3250 suliecisset
2480 3193 2681 3248 donum
2710 3234 2725 3260 ,
2756 3192 2857 3247 nisi
2888 3190 2961 3245 illi
2994 3189 3279 3245 indidisset
3303 3189 3469 3244 virtu-

1893 3299 1999 3346 tem
2028 3305 2088 3343 ac
2122 3296 2459 3357 potestatem.

1964 3381 2119 3436 Pauli
2146 3378 2610 3434 virtus.—Revera
2640 3376 2782 3433 enim
2810 3392 3016 3447 magna:
3046 3376 3143 3431 fuit
3168 3377 3381 3430 virtutis
3404 3391 3469 3430 ac

1892 3474 2199 3544 potestatis;
2231 3485 2331 3525 nec
2361 3470 2591 3524 humana
2620 3469 2915 3524 sufficiebat
2941 3469 3210 3539 diligentia
3237 3479 3291 3523 et
3316 3471 3471 3523 indu-

1894 3566 2045 3619 stria.
2074 3562 2196 3616 Tria
2223 3562 2365 3614 enim
2411 3562 2587 3615 attulit
2611 3560 2675 3613 ad
2719 3561 3149 3629 praedicationem
3193 3578 3207 3612 :
3253 3558 3466 3614 ferven-

1894 3664 2001 3710 tem
2032 3663 2086 3708 et
2112 3652 2368 3706 audacem
2400 3652 2563 3705 animi
2611 3651 2942 3705 alacritatem
2968 3691 2982 3714 ,
3037 3659 3090 3703 et
3127 3649 3192 3703 ad
3243 3650 3469 3719 quodvis

1895 3744 2263 3801 sustinendum
2301 3752 2538 3813 paratam
2577 3743 2809 3795 animam
2835 3784 2850 3807 ,
2883 3750 2937 3795 et
2967 3742 3369 3811 intelligentiam
3407 3758 3470 3797 ac

1896 3838 2211 3909 sapientiam
2245 3854 2258 3889 :
2290 3851 2394 3890 non
2426 3834 2724 3889 sufﬁciebat
2766 3834 2905 3888 enim
2936 3834 3178 3888 lubenter
3201 3833 3347 3888 adire
3377 3849 3470 3903 pe-

1894 3934 2081 4000 ricula,
2106 3935 2209 3987 vita
2237 3932 2289 3986 in
2305 3946 2461 4001 quam
2481 3945 2584 3983 non
2607 3929 2830 3984 cadebat
2856 3927 3220 3997 reprehensio,
3242 3929 3342 3981 nisi
3366 3929 3471 3980 vir-

1896 4034 2062 4081 tutem
2094 4021 2321 4093 Spiritus
2351 4021 2662 4091 accepisset.
2685 4020 2750 4073 Et
2782 4018 2833 4074 id
2854 4019 3077 4089 primum
3102 4034 3167 4073 ex
3198 4019 3313 4087 ipso
3338 4033 3470 4072 con-

1895 4114 2177 4183 templare,
2197 4114 2304 4167 imo
2318 4112 2439 4165 audi
2460 4128 2578 4166 eum
2603 4111 2921 4163 scribentem
2940 4108 3029 4163 :Ut
3052 4126 3150 4162 non
3164 4109 3468 4177 vituperetur

1898 4208 2232 4262 ministerium
2261 4216 2483 4259 nostrum
2506 4204 2582 4275 (2.
2609 4201 2726 4258 Cor.
2756 4204 2809 4258 6.
2840 4205 2926 4273 5);
2955 4212 3009 4257 et
3038 4217 3244 4268 rursus,
3271 4201 3473 4255 Exhor-

1897 4302 2017 4353 tatio
2043 4300 2174 4352 enim
2202 4307 2392 4360 nostra,
2418 4312 2518 4349 non
2543 4311 2605 4348 ea:
2628 4310 2815 4357 errore,
2856 4309 3013 4363 neque
3037 4309 3099 4345 ea:
3126 4293 3467 4357 immunditia,

1898 4407 2056 4461 neque
2079 4389 2131 4441 in
2156 4403 2381 4442 sermone
2401 4386 2728 4451 adulationis,
2758 4400 2914 4448 neque
2932 4384 2984 4435 in
3022 4384 3281 4437 occasione
3304 4385 3472 4436 avari-

1900 4484 1983 4537 tiae
2002 4482 2080 4551 (1.
2116 4479 2357 4534 Thess.2.
2385 4478 2465 4550 ὅ),
2488 4477 2673 4532 Vidisti
2696 4492 2799 4530 non
2828 4491 2947 4531 esse
2971 4475 3256 4529 obnoxium
3285 4490 3471 4543 repre-

1899 4571 2190 4628 hensioni?
2222 4571 2287 4625 Et
2315 4585 2520 4634 rursus,
2554 4567 2881 4621 Providentes
2926 4565 3075 4629 bona,
3134 4580 3239 4619 non
3294 4567 3466 4619 solum

1899 4679 2080 4718 coram
2111 4662 2352 4719 Domino.
2384 4659 2476 4713 sed
2499 4660 2656 4714 etiam
2676 4675 2844 4711 coram
2866 4658 3147 4711 hominibus
3177 4656 3350 4728 (Rom.
3382 4657 3469 4711 12.

1901 4754 2015 4824 17).
2045 4752 2245 4807 Deinde
2266 4750 2366 4804 sub
2396 4749 2529 4813 haec,
2576 4748 2811 4815 Quotidie
2858 4752 3066 4810 morior,
3112 4764 3201 4818 per
3249 4758 3473 4801 nostram

1900 4843 2253 4917 gloriationem
2272 4883 2286 4907 ,
2318 4857 2469 4910 quam
2490 4841 2646 4892 habeo
2668 4840 2722 4892 in
2750 4837 2946 4892 Christo
2980 4837 3105 4890 Jesu
3134 4838 3208 4907 (Ι.
3239 4838 3355 4891 Cor.
3382 4839 3470 4893 15.

1901 4940 2029 5005 ’51);
2062 4946 2116 4990 et
2153 4948 2360 4998 rursus,
2392 4932 2515 4997 Quis
2544 4948 2633 4984 nos
2658 4930 2908 4999 separabit
2933 4946 2966 4981 a
3005 4930 3211 4982 caritate
3233 4930 3422 4984 Christi
3448 4928 3475 4982 Ρ

1901 5028 2120 5101 afﬂictio,
2142 5037 2230 5080 aut
2251 5025 2502 5093 angustia,
2535 5031 2622 5075 aut
2644 5022 2957 5092 persequutio
2984 5020 3157 5090 (Rom.
3181 5019 3233 5075 8.
3261 5020 3355 5090 55)
3375 5020 3398 5073 ?
3418 5028 3474 5075 et

1902 5134 2107 5182 rursus,
2132 5116 2194 5171 In
2218 5115 2459 5187 patientia
2479 5114 2659 5178 multa,
2685 5114 2738 5167 in
2767 5111 3187 5176 tribulationibus,
3217 5112 3269 5164 in
3299 5127 3473 5165 neces-

1903 5212 2131 5267 sitatibus
2155 5251 2170 5276 ,
2210 5212 2263 5263 in
2293 5208 2773 5279 persequutionibus,
2804 5206 2857 5258 in
2888 5207 3150 5275 angustiis.
3183 5208 3236 5259 in
3285 5207 3470 5276 plagis,

1903 5308 1955 5360 in
1983 5301 2262 5357 carceribus
2313 5300 2386 5372 (2.
2416 5299 2532 5353 Cor.
2564 5298 2615 5351 5.
2650 5299 2700 5351 4.
2734 5296 2812 5368 5).
2841 5296 3041 5352 Deinde
3089 5297 3203 5367 ejus
3251 5297 3467 5365 dispen-

1905 5398 2039 5454 satio
2059 5414 2072 5452 ε
2094 5395 2281 5449 Factus
2305 5408 2415 5447 sum
2433 5390 2464 5442 .l
2473 5391 2629 5443 udazis
2653 5400 2906 5458 tamquam
2921 5386 3161 5452 Iudaeus;
3185 5388 3243 5441 iis
3263 5388 3346 5457 qui
3366 5388 3475 5441 sine

1907 5493 2013 5562 lege
2053 5499 2169 5544 sunt
2205 5486 2349 5557 quasi
2390 5486 2498 5539 sine
2522 5484 2627 5553 lege
2652 5499 2848 5547 essem;
2882 5483 2944 5535 iis
2971 5481 3055 5551 qui
3076 5480 3168 5533 sub
3198 5480 3305 5551 lege
3331 5466 3475 5535 erant

1907 5593 2159 5652 tamquam
2195 5580 2286 5633 sub
2314 5578 2418 5648 lege
2438 5592 2593 5631 essem
2619 5575 2636 5639 (
2668 5576 2718 5628 1.
2750 5573 2865 5628 Cor.
2897 5572 2949 5626 9.
2981 5572 3071 5627 20.
3111 5570 3225 5643 2i).
3256 5572 3475 5627 Raditur

1908 5676 2089 5739 etiam,
2114 5680 2169 5726 et
2197 5670 2321 5724 facit
2349 5665 2776 5723 innumerabilia.
2809 5663 2962 5731 Quod
2989 5673 3165 5719 autem
3194 5676 3277 5719 est
3312 5675 3474 5735 caput

1908 5765 2167 5830 Omnium,
2193 5763 2243 5816 in
2268 5761 2464 5815 virtute
2495 5757 2727 5827 Spiritus
2750 5755 2939 5809 sancti.
2970 5754 3093 5809 Non
3120 5756 3251 5809 enim
3279 5758 3475 5812 audebo

1912 5856 2101 5930 aliquid
2146 5852 2278 5925 loqui
2305 5866 2476 5908 eorum
2496 5891 2512 5918 ,
2542 5864 2652 5920 qua:
2678 5864 2777 5903 non
2824 5844 2985 5915 effecit
3016 5846 3239 5905 Christus
3264 5864 3355 5919 per
3398 5862 3476 5901 ine
