4002 6514
525 416 590 471 67
1252 419 1307 473 S.
1346 416 1622 473 JOANNIS
1658 410 2124 469 CllllYSOSTOMl
2165 409 2477 468 ARClllEP.
2518 416 3042 475 CONSTANTINOP.
3708 435 3770 489 δε

521 532 695 598 (Rom.
726 536 811 591 15.
838 535 928 606 18)
956 554 971 601 ;
1002 544 1056 590 et
1083 549 1268 589 rursus
1288 578 1302 597 ,
1339 535 1477 601 Quid
1509 536 1639 588 enim
1671 544 1741 587 est
1766 531 1901 603 quod
1927 530 2093 582 minus

522 626 766 679 habuistis
807 642 916 698 pra:
937 625 1128 681 ueteris
1158 624 1436 679 Ecclesiis?
1456 634 1509 679 et
1538 626 1752 688 iterum,
1796 621 1946 675 Nihil
1969 621 2101 675 enim

524 716 690 769 minus
706 733 815 770 sum
837 715 896 768 ab
921 716 982 768 iis
1009 716 1094 785 qui
1116 727 1232 769 sunt
1256 732 1411 785 supra
1428 716 1631 768 modum
1652 715 1887 784 apostoli,
1910 714 2104 767 tametsi

525 808 654 861 nihil
680 824 791 862 sum
823 807 898 875 (2.
926 807 1043 862 Cor.
1082 809 1168 863 12.
1197 810 1283 864 l5.
1309 810 1420 879 11).
1442 809 1569 864 Sine
1596 808 1679 863 his
1702 807 1844 862 enim
1876 824 1979 861 non
2005 823 2103 875 po-

527 909 632 953 test
650 901 784 954 tieri.
813 899 930 954 Non
958 916 1086 971 ergo
1119 911 1333 971 prepter
1357 901 1504 971 signa
1537 900 1654 967 ejus
1682 900 1802 953 facti
1823 908 1945 952 sunt
1974 897 2105 951 fide-

525 992 603 1047 les
632 1009 645 1044 :
675 1007 779 1046 non
802 994 942 1047 enim
970 994 1119 1063 signa
1150 994 1250 1049 hoc
1276 994 1572 1057 faciebant;
1603 1008 1771 1062 neque
1788 1010 1854 1047 ex
1884 993 1947 1046 iis
1970 1007 2105 1061 prte-

528 1084 673 1139 clare
692 1084 759 1140 de
781 1100 839 1141 se
858 1088 1058 1141 sentire
1086 1088 1319 1148 volebat,
1345 1087 1437 1141 sed
1465 1102 1528 1140 ex
1551 1087 1692 1141 aliis.
1719 1086 1941 1156 Oportet
1961 1086 2101 1140 enim

527 1188 581 1233 et
605 1194 710 1233 non
740 1195 862 1235 esse
899 1180 1187 1235 obnoxium
1220 1182 1656 1249 reprehensioni,
1685 1190 1739 1235 et
1764 1178 2103 1249 dispensandi

525 1282 710 1327 tenere
735 1282 926 1341 artem,
946 1274 1077 1328 etad
1103 1275 1331 1343 pericula
1352 1274 1595 1328 adeunda
1620 1283 1943 1343 promptum,
1967 1282 2018 1327 et
2037 1271 2104 1326 ad

530 1363 829 1417 docendum
858 1378 980 1419 esse
1006 1375 1207 1433 aptutn.
1234 1365 1248 1418 Ι
1258 1383 1285 1417 ιι
1310 1365 1390 1418 his
1411 1367 1578 1434 magis
1597 1380 1654 1419 se
1682 1374 1827 1418 recte
1848 1363 2098 1433 gerebat:

526 1457 570 1510 si
603 1458 715 1511 bzrc
741 1465 892 1511 erant
914 1499 928 1522 ,
960 1457 1089 1512 nihil
1131 1473 1265 1527 opus
1310 1466 1426 1512 erat
1468 1459 1653 1528 signis.
1682 1458 1857 1526 Ipsum
1888 1459 2101 1527 quidem

524 1558 671 1602 certe
696 1546 937 1602 videmus
958 1549 1116 1603 etiam
1146 1558 1270 1603 ante
1304 1549 1474 1618 signa,
1509 1549 1913 1604 innumerabilia
1959 1553 2105 1618 ejus-

528 1638 668 1691 modi
695 1648 840 1693 recle
864 1639 1113 1708 gessisse.
1144 1638 1293 1693 Nunc
1321 1650 1495 1693 autem
1527 1640 1655 1694 nihil
1687 1640 1875 1694 horum
1902 1640 2106 1695 haben-

531 1739 630 1793 tes,
685 1731 863 1783 omnia
916 1730 1164 1784 volmnus
1221 1730 1465 1785 obtinere
1509 1740 1564 1785 et
1607 1732 1839 1786 efﬁcere.
1883 1731 2012 1785 Nam
2060 1732 2105 1785 si

529 1820 754 1874 alterum
786 1822 1041 1874 ahaltero
1071 1822 1229 1876 fuerit
1259 1832 1586 1891 separatum,
1614 1824 1879 1893 reliquum
1908 1826 1965 1877 tit
1992 1825 2104 1877 inn-

529 1910 642 1963 tile.
676 1911 811 1976 Quid
844 1912 985 1965 enim
1031 1913 1181 1979 juvat
1222 1928 1342 1967 esse
1376 1929 1700 1983 propensum
1747 1914 1812 1967 ad
1862 1914 2105 1970 adeunda

528 1996 763 2073 pericula
788 2044 803 2069 ,
833 2004 876 2057 si
905 2005 973 2057 sit
1014 2007 1118 2057 vita
1152 2005 1380 2059 obnoxia
1410 2006 1812 2074 reprehensioni
1838 2007 1860 2058 ?
1889 2007 1950 2060 Si
1971 2008 2105 2059 enim

528 2094 719 2159 lumen,
753 2095 940 2164 inquit,
989 2096 1126 2167 quod
1153 2097 1203 2149 in
1245 2108 1292 2150 te
1315 2106 1386 2151 cst
1410 2138 1424 2162 ,
1454 2106 1570 2151 sunt
1614 2099 1845 2161 tenebrat,
1896 2100 2110 2152 tenebrat

527 2202 730 2257 quanta:
757 2200 872 2244 sunt
915 2190 1126 2261 (Matth.
1159 2193 1211 2248 6.
1240 2194 1375 2265 2'5)?
1405 2196 1537 2262 Quid
1579 2204 1752 2249 autem
1785 2195 1999 2264 prodest
2028 2197 2107 2248 in-

529 2284 738 2349 culpata
771 2286 874 2337 vita
907 2287 953 2339 ei
998 2286 1086 2356 qni
1115 2288 1184 2338 sit
1217 2287 1435 2355 ignavus
1463 2300 1516 2339 et
1560 2288 1996 2341 sotnniculosus?
2046 2288 2107 2340 Si

530 2378 644 2446 quis
664 2380 794 2430 enim
835 2396 935 2432 non
960 2378 1104 2432 tollat
1134 2396 1329 2433 crucem
1358 2397 1501 2432 suout
1540 2391 1587 2433 et
1614 2390 1851 2450 sequatur
1878 2399 1973 2445 me,
2009 2399 2106 2434 non

533 2480 605 2525 est
639 2487 717 2523 me
740 2472 923 2542 dignus
955 2470 1167 2544 (Matth.
1204 2473 1289 2527 10.
1323 2473 1453 2542 58)?
1479 2483 1549 2534 et,
1576 2473 1685 2527 Nisi
1717 2475 1835 2543 quis
1873 2476 2108 2543 posuerit

532 2562 762 2616 animum
792 2578 941 2616 suam
971 2580 1065 2631 pro
1092 2564 1277 2618 ovibus
1299 2564 1475 2633 (Joan.
1512 2563 1598 2619 lll.
1630 2565 1739 2634 ll).
1769 2565 1903 2633 Quid
1930 2579 2106 2621 autem

535 2659 754 2729 prodest
794 2668 1016 2729 utraque
1047 2661 1160 2713 hare
1207 2670 1408 2724 tenere,
1440 2670 1492 2715 et
1523 2677 1629 2715 non
1661 2677 1781 2716 esse
1830 2671 2010 2732 aptu-m
2042 2661 2108 2716 ad

533 2751 967 2822 dispensandum,
1016 2761 1075 2806 ut
1100 2753 1227 2806 sciat
1257 2753 1525 2822 quomodo
1553 2762 1798 2822 Oporteat
1828 2754 2113 2822 unicuique

533 2843 902 2913 respondere?
950 2843 1006 2898 Si
1036 2846 1195 2898 etiam
1232 2847 1379 2915 signa
1409 2862 1511 2899 non
1543 2846 1651 2898 sint
1698 2844 1750 2898 in
1778 2844 1929 2899 nobis
1949 2885 1964 2909 ,
1997 2843 2113 2898 iure

536 2947 759 3006 utraque
802 2937 908 2988 sint
938 2938 989 2989 in
1023 2937 1194 2989 nobis.
1228 2935 1333 2991 Sed
1377 2948 1552 2990 tamen
1596 2936 1711 2990 haec
1754 2938 1929 2990 omnia
1958 2953 2020 2989 ex
2052 2951 2111 2991 se

535 3029 797 3091 al'l'erens,
853 3038 1020 3083 totum
1072 3041 1346 3097 acceptum
1389 3030 1592 3084 ferebat
1638 3030 1841 3094 gratiae.
1879 3029 1989 3082 Hoc
2030 3037 2114 3083 est

534 3121 668 3190 grati
710 3120 912 3175 famuli.
960 3120 1069 3175 Nec
1113 3136 1362 3190 umquam
1408 3120 1777 3175 didicissemus
1816 3134 1903 3175 res
1941 3118 2008 3174 ab
2048 3132 2114 3173 eo

538 3222 734 3281 gestas,
768 3213 867 3265 nisi
900 3212 1144 3266 redactus
1173 3221 1318 3266 esset
1347 3212 1653 3265 necessario
1674 3213 1737 3265 ad
1764 3226 1881 3265 rem
1920 3227 2112 3280 geren-

535 3294 676 3359 dam.
731 3305 951 3375 Dignine
981 3321 1166 3359 smnus
1202 3306 1289 3375 qui
1342 3306 1486 3360 Pauli
1545 3306 1628 3360 vel
1675 3307 2115 3361 meminerimus?

535 3400 629 3454 Ille
651 3400 809 3454 etiam
841 3400 1041 3456 habens
1070 3417 1188 3470 qua:
1209 3404 1256 3456 ei
1285 3416 1443 3470 opem
1479 3400 1681 3455 ferebat
1706 3401 1928 3470 gratiam
1955 3440 1969 3463 ,
2006 3416 2110 3453 non

534 3495 666 3549 satis
694 3493 897 3561 habuit,
926 3495 1019 3549 sed
1051 3497 1212 3549 etiam
1238 3496 1382 3549 mille
1407 3493 1819 3564 subiitpericuld
1849 3513 1862 3548 :
1894 3509 1991 3548 nos
2016 3510 2115 3547 au-

539 3602 648 3647 tem
676 3591 763 3662 qui
797 3590 883 3649 illa
928 3604 1173 3646 caremus
1218 3588 1408 3643 liducia
1436 3629 1451 3653 ,
1498 3587 2127 3656 undenam,dic,quaeso,

538 3693 911 3754 exspectamus
933 3697 1029 3736 nos
1072 3690 1489 3736 conservaturos
1528 3696 1621 3736 eos
1666 3680 1756 3751 qui
1794 3679 1951 3735 nobis
1989 3690 2114 3735 sunt

538 3776 749 3842 crediti,
774 3785 864 3828 aut
890 3790 983 3828 eos
1011 3782 1322 3840 acccpuuos
1360 3772 1450 3842 qui
1480 3770 1716 3825 nondum
1747 3769 2115 3825 accesserint?

540 3886 655 3934 nos,
690 3870 925 3939 inquam,
950 3867 1037 3936 qui
1070 3864 1428 3934 voluptatibus
1456 3872 1512 3918 et
1540 3864 1747 3918 deliciis
1786 3864 1989 3933 expleri
2015 3879 2112 3915 cu-

540 3977 739 4026 ramus,
770 3968 826 4015 et
873 3958 1105 4027 undique
1150 3957 1314 4011 otium
1344 3955 1654 4026 quaerimus,
1686 3965 1739 4010 et
1766 3955 1999 4025 pericula
2047 3970 2116 4009 ne

540 4054 593 4108 in
611 4053 816 4108 somnis
834 4051 1048 4122 quidem
1072 4049 1211 4105 ferre
1233 4062 1537 4120 possumus,
1560 4048 1668 4103 imo
1692 4062 1823 4104 vero
1843 4048 2113 4113 nolumus;

539 4161 569 4198 a
598 4144 855 4214 sapientia
902 4153 1078 4196 autem
1112 4140 1225 4211 ejus
1278 4148 1482 4194 tantum
1538 4139 1813 4203 absumus,
1856 4148 2113 4209 quantum

540 4237 730 4291 cadum
759 4252 787 4288 a
821 4235 1003 4291 terra?
1058 4233 1345 4301 Propterea
1399 4243 1453 4289 et
1502 4232 1590 4303 qui
1641 4239 1839 4287 nostra:
1889 4230 2117 4300 subjecti

541 4340 670 4386 sunt
690 4326 1159 4392 administrationi,
1205 4325 1427 4380 tnnltutn
1455 4325 1654 4380 distant
1683 4325 1749 4376 ab
1777 4324 1841 4377 iis
1865 4325 1952 4393 qui
1996 4333 2118 4377 tunc

544 4433 699 4477 erant
750 4439 763 4475 :
804 4420 1242 4493 quandoquidem
1273 4420 1361 4490 qui
1394 4428 1519 4473 tunc
1558 4427 1711 4472 erant
1735 4416 1977 4485 discipuli
2004 4457 2019 4477 ,
2055 4416 2118 4469 iis

541 4514 631 4584 qui
663 4530 803 4567 nunc
822 4511 1204 4581 suntmagistri
1227 4520 1378 4565 erant
1408 4510 1831 4581 praestantiores,
1863 4519 1919 4562 ut
1943 4508 2031 4577 qui
2065 4507 2115 4561 in

544 4606 734 4662 mediis
782 4606 994 4673 populis
1036 4613 1091 4657 et
1136 4603 1376 4675 tyrannis
1422 4603 1739 4672 intercepti,
1781 4612 1836 4656 et
1885 4601 2119 4669 undique

542 4712 728 4753 omnes
760 4698 1016 4751 habentes
1043 4696 1224 4750 hostes
1250 4737 1265 4760 ,
1303 4710 1370 4749 ne
1401 4709 1583 4763 parum
1614 4694 1828 4764 quidem
1878 4692 2117 4747 attrahe-

541 4791 736 4845 bantur
779 4797 834 4843 et
880 4786 1310 4842 inllectcbantur.

610 4882 663 4935 4.
686 4880 822 4933 Audi
851 4880 1027 4949 itaque
1054 4879 1179 4946 quid
1193 4877 1335 4931 dicat
1357 4875 1787 4946 Philippensibns
1817 4892 1831 4930 :
1864 4876 2115 4941 Quoniam

538 4975 678 5033 vobis
706 4973 950 5027 donatum
978 4983 1051 5027 est
1082 4988 1174 5041 pro
1205 4971 1404 5026 Christo
1425 5011 1440 5035 ,
1485 4987 1587 5024 non
1631 4971 1795 5025 solum
1821 4980 1873 5022 ut
1902 4972 1957 5025 in
2002 4987 2117 5023 eum

538 5068 776 5132 credatis,
812 5067 902 5120 sed
929 5067 1080 5120 etiam
1108 5074 1165 5117 ut
1185 5080 1277 5135 pro
1306 5064 1416 5134 ipso
1469 5063 1735 5133 patiamini
1767 5061 2025 5135 (Philipp.
2061 5066 2115 5118 1.

538 5160 678 5233 29);
734 5174 917 5214 rursus
965 5166 1143 5211 autem
1188 5155 1792 5216 Thessalonicensibus,
1826 5153 2116 5209 lmitatores

539 5256 662 5324 ιαυιὶ
676 5254 793 5309 estis
817 5253 1154 5306 Ecclesiorum
1177 5249 1289 5314 Dei,
1310 5265 1422 5321 qua;-
1432 5260 1545 5303 sunt
1563 5250 1615 5301 in
1634 5247 1818 5302 Judwn
1837 5249 1915 5316 (Ι.
1936 5246 2112 5303 Thess.

538 5349 593 5406 2.
628 5350 750 5418 ﬂ).
786 5348 853 5401 Et
877 5346 941 5400 ad
966 5344 1218 5399 Hebraeos
1243 5344 1485 5397 scribens
1505 5344 1717 5397 dicebat
1744 5360 1756 5395 :
1784 5341 1852 5397 Et
1881 5344 2114 5412 rapinam

540 5446 1079 5497 bonarumvestrorum
1103 5452 1217 5490 cum
1245 5436 1430 5506 gaudio
1473 5437 1763 5504 suscepistis
1803 5435 1986 5507 (Hebr.
2022 5436 2111 5491 lO.

541 5536 656 5600 3i»).
682 5533 1093 5589 Colossmtsilitts
1112 5545 1324 5600 quoque
1346 5528 1449 5584 fert
1471 5531 1854 5595 testimonium,
1887 5529 2107 5585 dicens:

544 5626 732 5681 Μονιαὶ
758 5629 886 5680 enim
909 5626 1043 5688 estis,
1076 5634 1121 5677 et
1148 5625 1246 5677 vita
1266 5635 1426 5677 vestra
1448 5623 1687 5676 absconsa
1727 5634 1798 5676 est
1826 5640 1939 5676 cum
1965 5623 2114 5676 Chrio

543 5732 617 5774 sto
642 5720 694 5771 in
720 5717 827 5771 Deo
859 5716 989 5787 (Col.
1022 5718 1075 5769 5.
1108 5717 1185 5783 5).
1216 5716 1279 5770 Et
1319 5714 1386 5769 de
1409 5716 1537 5784 ipsis
1567 5714 1649 5769 his
1676 5725 1902 5770 testatur
1947 5716 2106 5770 etiam

544 5809 677 5880 quod
711 5811 870 5862 multa
916 5810 1178 5862 subierint
1229 5807 1479 5877 pericula.
1520 5807 1587 5862 Et
1615 5806 1682 5861 ad
1707 5807 1921 5863 Galatas
1948 5809 2109 5863 etiam

537 5900 777 5958 scribens
803 5903 894 5957 ait.
921 5898 1088 5954 Tanta
1108 5901 1241 5955 uassi
1268 5900 1381 5954 estis
1405 5900 1511 5956 sine
1540 5916 1712 5967 causa,
1743 5900 1786 5956 si
1812 5911 1975 5955 tamen
2010 5907 2118 5961 sine

3744 463 3771 489 υ

2206 542 2360 582 causa
2404 530 2543 601 (Gal.
2569 535 2619 587 5.
2651 536 2727 596 4).
2759 536 2917 591 Vides
2944 554 3131 595 omnes
3172 539 3296 597 huic
3329 544 3406 598 rei
3452 546 3767 615 incubuisse,

2210 636 2404 693 nempe
2448 633 2504 677 nt
2537 626 2672 681 bene
2717 628 2971 685 facerent.
3008 631 3296 703 Propterea
3325 646 3452 691 tunc
3489 639 3643 693 etiam
3672 658 3767 695 non

2209 723 2325 767 erat
2345 715 2509 769 otiosa
2554 720 2720 787 gratia
2762 764 2775 776 .
2810 733 3089 791 propterea
3122 724 3246 779 hinc
3272 727 3322 780 in
3355 728 3505 782 bonis
3534 732 3774 799 epes-ibus

2210 806 2369 860 vitam
2398 809 2641 877 agebant.
2669 812 2803 880 Quid
2831 830 2956 868 vero
2983 816 3048 869 ad
3075 818 3385 873 Corinthios
3410 822 3606 875 scribat
3633 824 3777 889 audi,

2208 898 2361 966 queis
2392 901 2554 955 multa
2602 907 2822 959 eritnina
2863 908 3047 977 objicit
3076 927 3088 962 :
3122 925 3299 966 annon
3327 912 3395 967 de
3425 914 3529 968 illis
3573 931 3776 984 quoque

2210 990 2324 1047 haec
2353 995 2684 1063 testiﬁcatur,
2708 997 2813 1052 Sed
2831 1004 3201 1058 wiiiutationem
3224 1016 3457 1071 vestram,
3486 1008 3573 1059 sed
3592 1008 3779 1061 deside-

2209 1085 2341 1138 rium
2396 1087 2471 1156 (2.
2503 1087 2622 1143 Cor.
2655 1092 2704 1143 7.
2738 1092 2827 1160 ll)
2851 1095 2874 1145 ἲ
2902 1094 2965 1147 Ει
3002 1095 3069 1149 de
3099 1095 3198 1150 hac
3231 1113 3288 1152 re
3318 1114 3435 1168 qua:
3478 1102 3605 1168 ipsis
3633 1102 3774 1167 dicit,

2210 1195 2270 1234 ea
2301 1196 2441 1235 nunc
2485 1198 2552 1235 ne
2580 1200 2607 1235 a
2660 1186 2925 1254 magistris
2954 1189 3166 1257 quidem
3198 1190 3313 1245 ﬁeri
3356 1191 3568 1246 videtis.
3603 1191 3776 1260 Itaque

2213 1282 2434 1342 pereunt
2462 1286 2515 1329 et
2545 1275 2860 1331 interierunt
2890 1282 3090 1336 omnia.
3115 1281 3285 1337 Causa
3315 1294 3491 1338 autem
3522 1294 3623 1345 est,
3646 1286 3791 1354 quod

2212 1368 2479 1422 refrixerit
2513 1369 2731 1435 caritas,
2768 1371 2907 1439 quod
2951 1374 3037 1442 qui
3072 1383 3292 1441 peccant
3322 1390 3427 1429 non
3464 1378 3785 1444 castigentur

2211 1459 2374 1530 (audi
2405 1475 2524 1514 eum
2552 1461 2873 1516 scribentem
2901 1462 2966 1516 ad
3034 1461 3369 1519 Timotheum
3402 1475 3456 1518 et
3485 1467 3743 1520 dicentem
3767 1510 3779 1529 ,

2213 1551 2486 1606 Peccantes
2514 1570 2683 1606 coram
2715 1556 2943 1608 omnibus
2967 1572 3121 1624 argue
3150 1555 3225 1627 [1.
3246 1557 3381 1611 Tim.
3402 1559 3451 1611 5.
3483 1557 3623 1630 20]);
3649 1558 3795 1627 quod“

2212 1646 2480 1715 principes
2506 1657 2767 1716 aegrotent
2792 1665 2803 1699 :
2832 1664 2950 1701 nam
2979 1648 3104 1701 dum
3132 1660 3289 1718 caput
3314 1666 3417 1704 non
3451 1660 3535 1705 est
3579 1667 3782 1710 sanum,

2212 1738 2480 1806 quomodo
2526 1739 2662 1792 bene
2717 1741 2899 1794 valens
2948 1741 3205 1794 manserit
3250 1742 3513 1809 reliquum
3561 1741 3796 1809 corpus?

2214 1827 2347 1882 Vide
2377 1843 2509 1899 ergo
2531 1838 2727 1899 quanta
2757 1831 2826 1885 sit
2872 1832 3223 1901 inaequalitas.
3254 1832 3387 1887 Nam
3422 1835 3514 1904 qui
3546 1845 3688 1888 recte
3715 1835 3786 1886 vi-

2211 1930 2359 1981 vunt,
2393 1932 2445 1973 et
2471 1921 2973 1990 qnomodocum-pie
3002 1923 3199 1978 habent
3232 1925 3502 1989 ﬁduciam,
3528 1926 3783 1979 montium

2212 2016 2485 2070 cacumina
2533 2026 2865 2085 occuparunt
2890 2024 2945 2071 et
2981 2032 3010 2070 a
3040 2018 3215 2072 medio
3246 2010 3609 2082 recesserunt,
3657 2027 3787 2071 tam-

2211 2122 2369 2177 quam
2398 2107 2464 2161 ab
2488 2106 2639 2161 hoste
2665 2118 2718 2162 et
2742 2108 2939 2173 alieno,
2967 2122 3062 2162 seu
3091 2124 3195 2164 non
3218 2124 3247 2162 a
3276 2124 3373 2163 suo
3393 2125 3620 2181 corpore
3642 2110 3788 2164 avul-

2214 2200 2256 2253 si
2292 2218 2304 2253 :
2338 2199 2586 2254 scelerati
2637 2208 2815 2253 autem
2871 2210 2924 2254 et
2966 2200 3150 2255 referti
3200 2200 3355 2255 malis
3402 2201 3698 2255 innumeris
3740 2202 3789 2254 in

2215 2292 2482 2347 Ecclesias
2515 2294 2816 2347 insilierunt
2867 2311 2882 2348 τ
2916 2296 3132 2348 venales
3172 2293 3387 2348 fuerunt
3442 2296 3787 2364 principatus.

2216 2383 2495 2438 lnnumera
2526 2384 2648 2438 hine
2670 2386 2807 2438 mala
2838 2396 3145 2452 nascuntur,
3180 2401 3338 2439 nemo
3382 2394 3463 2440 est
3496 2388 3585 2456 qui
3629 2386 3792 2441 Corri-

2213 2486 2321 2546 gat,
2357 2491 2515 2530 nemo
2537 2477 2623 2544 qui
2656 2478 2928 2543 increpet;
2954 2476 3046 2530 sed
3074 2477 3211 2529 viam
3243 2479 3525 2544 quamdam
3569 2488 3620 2530 et
3649 2474 3791 2528 ordi—

2215 2584 2336 2623 nem
2381 2567 2589 2636 accepit
2631 2568 2897 2623 confusio.
2950 2568 3196 2623 Peccavit
3250 2570 3554 2637 quispiam,
3599 2578 3653 2623 et
3702 2569 3795 2621 l'mt

2214 2664 2535 2718 accusatus?
2557 2662 2671 2717 Non
2705 2663 2757 2716 in
2787 2660 2888 2717 hoc
2919 2662 3066 2731 ponit
3085 2661 3316 2716 studium
3350 2671 3407 2715 ut
3439 2676 3497 2716 se
3519 2660 3792 2716 innoxium

2215 2757 2480 2819 ostendat,
2517 2758 2609 2813 sed
2660 2768 2717 2811 ut
2762 2758 3001 2811 invenire
3048 2757 3216 2825 possit
3258 2757 3435 2812 socios
3484 2756 3793 2811 criminum.

2214 2852 2350 2919 Quid
2375 2868 2548 2921 agam,
2579 2867 2700 2906 eum
2728 2850 2982 2921 gehennze
3004 2851 3159 2905 minae
3181 2858 3307 2907 sunt
3330 2849 3636 2905 intentatm?
3661 2850 3791 2903 Cre-

2216 2945 2324 2998 dite
2351 2944 2500 3009 tnihi,
2522 2944 2622 2996 nisi
2642 2944 2783 2997 Deus
2805 2943 2911 2998 illic
2932 2943 3086 2997 nobis
3102 2952 3426 2997 reservasset
3450 2941 3793 3010 supplicium,

2214 3037 2469 3089 videretis
2513 3036 2753 3104 quotidie
2784 3036 3013 3100 maiores
3044 3033 3328 3104 tragmdias
3359 3048 3517 3103 quam
3548 3032 3799 3087 Judaicas

2218 3129 2339 3183 illas
2365 3129 2712 3183 calamitates.
2740 3127 2877 3195 Quid
2919 3128 3105 3181 enim?
3145 3126 3237 3180 sed
3268 3141 3426 3181 nemo
3458 3136 3796 3188 succenseat,

2218 3236 2322 3275 non
2358 3220 2529 3274 dicam
2553 3219 2695 3273 enim
2725 3218 3035 3273 nominatim
3078 3236 3090 3272 :
3119 3217 3163 3271 si
3189 3218 3306 3287 quis
3326 3233 3447 3272 cum
3476 3219 3798 3272 accessisset

2216 3311 2281 3366 ad
2308 3312 2612 3376 ecclesiam,
2646 3313 2709 3365 iis
2727 3312 2817 3381 qui
2846 3326 2989 3365 nunc
3012 3319 3135 3365 sunt
3163 3319 3216 3364 et
3244 3310 3334 3380 qui
3376 3310 3651 3364 vobiscum
3675 3318 3798 3364 sunt

2215 3403 2476 3465 adductis,
2506 3418 2601 3457 eos
2628 3402 2997 3465 examinaret;
3044 3402 3149 3454 imo
3176 3415 3303 3455 vero
3344 3415 3446 3455 non
3479 3414 3654 3465 nunc,
3703 3399 3799 3454 sed

2216 3495 2261 3549 si
2292 3496 2409 3565 quis
2432 3496 2481 3548 in
2513 3494 2602 3550 die
2630 3493 2869 3559 Paschre,
2900 3508 3088 3548 omnes
3113 3491 3203 3562 qui
3243 3491 3504 3546 accedunt
3524 3500 3578 3545 et
3609 3493 3800 3544 lavan-

2218 3595 2305 3642 tur
2333 3595 2614 3657 postquam
2641 3586 2998 3642 accessissent
3028 3584 3094 3638 ad
3123 3585 3401 3654 mysteria,
3434 3594 3622 3638 exacte
3669 3599 3792 3637 exa-

2219 3680 2496 3737 minasset,
2549 3692 2617 3731 eo
2646 3686 2866 3747 accepto
2896 3676 3085 3745 spiritu
3122 3686 3177 3729 ut
3204 3683 3450 3729 accurate
3476 3685 3794 3744 tIOSSetquu:

2217 3772 2285 3827 ab
2307 3772 2386 3826 eis
2402 3779 2548 3841 gesta
2578 3778 2723 3835 sunt,
2754 3768 2917 3823 multa
2944 3776 3126 3822 essent
3159 3771 3370 3821 inventa
3414 3766 3660 3836 graviora
3689 3781 3796 3820 ma-

2219 3863 2285 3917 lis
2329 3861 2565 3917 Judaicis
2610 3878 2624 3913 :
2656 3874 2849 3931 nempe
2880 3874 2974 3914 eos
3000 3859 3092 3929 qui
3120 3859 3361 3913 divinant
3397 3859 3636 3926 auguriis
3661 3901 3675 3923 ,
3709 3857 3796 3927 qui

2220 3964 2437 4008 utuntur
2465 3952 2758 4009 venel‘tciis.
2812 3950 3045 4005 sortibus
3073 3958 3129 4005 et
3155 3950 3623 4014 incantationibus,
3648 3964 3801 4004 scor-

2222 4057 2439 4112 tatores,
2468 4043 2760 4107 adulteros,
2789 4042 2988 4106 ebrios,
3017 4051 3071 4097 et
3096 4041 3386 4095 maledicos
3430 4058 3444 4094 :
3476 4056 3674 4096 avaros
3700 4057 3795 4094 au-

2221 4149 2327 4195 tem
2368 4147 2423 4192 et
2450 4138 2538 4208 qui
2577 4136 2749 4191 aliena
2778 4135 3038 4190 invadunt
3082 4135 3208 4190 nolo
3234 4134 3443 4201 dicere,
3484 4150 3553 4190 ne
3585 4144 3796 4205 tangam

2220 4234 2427 4303 aliquos
2457 4247 2520 4286 ex
2554 4231 2619 4285 iis
2643 4230 2732 4300 qui
2764 4237 2907 4284 sunt.
2938 4228 3074 4295 Quid
3103 4244 3250 4293 vero,
3285 4230 3329 4284 si
3360 4238 3633 4284 scrutatus
3658 4239 3799 4285 esset

2220 4341 2410 4381 omnes
2441 4326 2493 4379 in
2538 4324 2669 4378 orbe
2698 4332 2855 4377 terra:
2882 4324 2972 4393 qui
3000 4321 3282 4387 accedunt,
3332 4322 3473 4392 quod
3514 4336 3623 4377 non
3655 4323 3794 4376 inve.

2220 4421 2387 4475 nisset
2430 4418 2722 4474 delictum?
2761 4416 2896 4483 Quid
2928 4417 2969 4471 si
3004 4417 3314 4486 principes?
3341 4432 3518 4472 annon
3557 4417 3797 4487 pecunia:

2219 4514 2428 4581 avidos,
2462 4514 2684 4583 imperia
2716 4522 2960 4567 ementes
2988 4519 3043 4565 et
3071 4505 3435 4581 magistratus,
3466 4510 3699 4575 invidos,
3737 4509 3801 4563 li-

2220 4607 2392 4672 vidos,
2426 4605 2569 4660 inani
2596 4605 2765 4674 gloria
2808 4603 3146 4666 laborantes,
3176 4602 3451 4657 helluones
3473 4643 3489 4666 ,
3530 4610 3586 4655 ct
3614 4616 3797 4657 servos

2220 4700 2500 4771 pecuniae?
2522 4696 2653 4753 Cum
2675 4712 2803 4766 ergo
2828 4704 2967 4749 tanta
2994 4696 3063 4748 sit
3081 4695 3344 4763 impietas,
3368 4693 3490 4763 quid
3512 4708 3619 4747 non
3641 4706 3798 4764 grave

2220 4801 2303 4847 est
2331 4788 2785 4859 exspectandum?
2804 4787 2871 4841 Et
2891 4796 2950 4840 ut
2978 4786 3159 4840 sciatis
3178 4794 3376 4855 quanto
3405 4784 3669 4854 supplicio
3692 4784 3796 4836 sint

2221 4885 2363 4955 digni
2394 4884 2481 4953 qui
2511 4882 2594 4936 bis
2628 4881 2857 4950 peccatis
2878 4880 3094 4936 obnoxii
3127 4877 3623 4949 deprehenduntur,
3648 4876 3797 4946 cogi-

2223 4983 2333 5029 tate
2376 4983 2558 5027 vetera
2605 4988 2620 5024 :
2656 4988 2794 5026 unus
2838 4986 3019 5025 sacras
3051 4972 3343 5029 sulTuralus
3377 4979 3461 5025 est
3505 4969 3793 5038 pecunias,

2223 5068 2384 5122 homo
2414 5067 2567 5122 miles
2595 5107 2610 5131 ,
2642 5074 2697 5120 et
2722 5079 2909 5119 omnes
2950 5064 3241 5134 perierunt.
3271 5064 3431 5118 Scitis
3482 5059 3798 5117 historiam?

2222 5162 2290 5215 de
2319 5160 2535 5213 Charini
2580 5158 2671 5211 illo
2699 5156 2819 5211 dico
2864 5158 2951 5226 qui
3003 5157 3292 5210 sntl'uratus
3319 5156 3487 5210 luerat
3515 5155 3795 5208 donarium

2222 5252 2357 5321 (los.
2388 5254 2418 5305 7
2446 5262 2493 5305 et
2523 5251 2679 5321 sqq.).
2704 5251 2825 5305 ideo
2864 5258 2988 5304 tunc
3014 5249 3222 5303 dicebat
3251 5247 3505 5317 propheta
3535 5263 3548 5299 :
3576 5244 3797 5312 lmptcta

2223 5358 2295 5401 est
2324 5347 2460 5416 regio
2501 5346 2708 5397 illorum
2738 5343 2953 5397 sortibus
2976 5354 3018 5394 et
3041 5342 3267 5411 auguriis
3291 5341 3421 5393 sicut
3447 5350 3579 5392 terra
3620 5337 3799 5391 alieni-

2222 5454 2463 5508 genarum
2496 5434 2645 5504 (Isai.
2675 5435 2729 5488 2.
2760 5434 2835 5504 6).
2866 5433 3016 5487 Nunc
3045 5440 3220 5485 autem
3251 5431 3446 5500 ubique
3464 5430 3618 5483 malis
3642 5429 3793 5497 plena

2222 5539 2345 5583 sunt
2369 5532 2567 5595 omnia,
2600 5539 2653 5582 et
2692 5543 2849 5581 nemo
2889 5527 3058 5579 timet.
3088 5526 3329 5580 Tandem
3358 5527 3669 5578 timeamus:
3698 5537 3794 5574 no-

2225 5623 2297 5676 vit
2336 5622 2473 5675 Dens
2502 5621 2661 5674 etiam
2690 5620 2862 5686 justus
2910 5619 3095 5685 punire
3125 5633 3247 5672 cum
3278 5618 3452 5686 impiis
3477 5657 3492 5678 ,
3527 5626 3582 5668 ut
3608 5612 3797 5668 accidit

2225 5714 2392 5767 tribus
2423 5714 2601 5782 pueris
2625 5722 2863 5779 tempore
2892 5710 3145 5773 Daniclis,
3183 5720 3239 5762 ut
3260 5708 3379 5762 aliis
3400 5705 3712 5769 innumeris,
3737 5710 3797 5757 ut

2222 5806 2382 5861 etiam
2420 5807 2468 5859 in
2514 5804 2667 5859 hellis
2696 5820 2814 5872 qua:
2847 5818 2985 5856 ntmc
3013 5801 3187 5857 aditur:
3225 5801 3489 5856 accidunt.
3531 5798 3662 5853 Nam
3719 5796 3795 5850 illi

2227 5904 2439 5971 quidem
2482 5902 2639 5955 etiam
2670 5899 2838 5968 ipsam
2871 5907 3351 5973 quantamcumque
3379 5894 3577 5950 habent
3603 5903 3784 5962 pecca-
