4030 6504
208 406 280 462 ιτ
1063 410 1133 465 1N
1170 411 1391 469 EPIST.
1423 409 1788 494 AD‘EPHES.
1822 411 1974 466 CAP.
2018 413 2103 470 Ill.
2139 415 2370 475 HOMIL.
2417 420 2502 476 Vl.
3250 461 3254 463 Α
3393 421 3469 476 48

220 508 474 592 Ὀρῶμεν
505 519 636 589 γοῦν
691 525 855 579 αὐτὸν
883 527 978 580 καὶ
1023 528 1129 599 πρὸ
1169 530 1280 582 τῶν
1331 545 1570 596 σημειων
1621 529 1790 600 μυρία

204 608 433 662 τοιαῦτα
465 610 884 681 κατωρθωκότα.
923 614 1036 669 Νῦν
1066 617 1120 670 δὲ
1150 619 1301 672 οὐδὲν
1335 618 1540 672 τούτων
1572 617 1785 686 ἔχοντες

201 699 392 766 ἡμεῖς,
429 698 729 769 βουλόμεθα
773 702 991 756 πάντων
1030 708 1270 774 κρατεῖν.
1313 707 1550 775 Θάτερον
1581 705 1690 776 γὰρ
1719 706 1784 759 ἂν

203 785 520 856 διασπασθῇ
555 786 810 858 θατέρου,
841 789 901 842 τὸ
935 791 1122 846 λοιπὸν
1153 793 1429 864 ἄχρηστον
1465 795 1695 862 γίνεται.
1721 794 1785 846 Τί

203 874 317 944 γὰρ
351 873 544 942 ὄφελος
586 875 956 945 ῥιψοκίνδυνον
1011 876 1172 943 εἶναι,
1215 882 1332 952 βίου
1369 883 1498 936 ὄντα
1531 883 1786 953 ἐπιληψί-

207 978 346 1029 μου;
376 961 494 1034 [45]
522 965 589 1016 Εἰ
620 965 730 1033 γὰρ
761 965 826 1018 τὸ
872 966 998 1035 ςςῶς
1040 968 1108 1020 τὸ
1137 969 1208 1023 ἐν
1231 971 1327 1023 σοὶ
1353 973 1598 1036 σκότος,
1630 974 1784 1043 φησὶ,

203 1049 272 1102 τὸ
311 1051 540 1117 σκότος
560 1053 760 1106 πόσον
777 1072 795 1119 ;
813 1056 876 1108 Τί
898 1055 959 1108 τὸ
979 1055 1170 1124 ὄφελος
1194 1057 1308 1126 βίου
1329 1052 1471 1112 εἶναι
1519 1059 1785 1128 ἀλήπτου,

203 1136 418 1208 νωθρὸν
441 1139 570 1192 ὄντα
596 1141 691 1193 καὶ
721 1141 988 1212 ύπνηλόν;
1028 1143 1171 1197 Ἐὰν
1191 1147 1300 1213 γὰρ
1317 1146 1401 1214 μή
1437 1163 1526 1212 τις
1550 1147 1663 1213 ἄρῃ
1684 1147 1790 1200 τὸν

204 1225 480 1290 σταυρόν
520 1228 737 1290 αὑτοῦ,
793 1230 957 1298 φησὶ,
1014 1233 1112 1284 καὶ
1149 1233 1540 1301 ἀκολουθήσῃ
1597 1235 1789 1287 ὀπίσω

85 1335 110 1349 -
199 1327 346 1378 μου,
369 1314 482 1366 οὐκ
509 1313 638 1366 ἔστι
663 1332 779 1381 μου
809 1315 980 1382 ἄξιος
999 1333 1015 1349 ο
1052 1318 1168 1382 καὶ,
1214 1319 1338 1371 Ἐάν
1373 1322 1445 1389 μή
1487 1338 1570 1383 τις
1596 1320 1660 1390 θῇ
1691 1319 1788 1391 τὴν

205 1397 389 1468 ψυχὴν
437 1400 603 1453 αὐτοῦ
647 1402 783 1474 ὑπὲρ
815 1404 924 1458 τῶν
969 1405 1258 1476 προϐάτων
1290 1410 1337 1460 ⁸.
1383 1408 1448 1460 Τί
1497 1407 1551 1461 δὲ
1598 1407 1789 1476 ὄφελος

207 1480 353 1540 εἶναι
375 1493 549 1543 ταῦτα
579 1491 885 1561 ἀμφότερα,
909 1494 1003 1546 καὶ
1035 1495 1108 1564 μὴ
1144 1489 1285 1547 εἶναι
1316 1496 1681 1566 οἰκονομικὸν,
1708 1497 1786 1567 τῷ

208 1576 412 1629 εἰδέναι
436 1578 552 1635 πῶς
582 1579 664 1632 δεῖ
693 1581 772 1632 ἐνὶ
797 1581 1012 1652 ἑκάστῳ
1047 1583 1480 1652 άποκρίνασθαι;
1515 1585 1576 1637 Εἰ
1608 1587 1700 1638 καὶ
1722 1586 1790 1638 τά

209 1666 419 1734 σημεῖα
456 1665 552 1716 οὐκ
581 1667 638 1717 ἐν
671 1667 822 1736 ἡμῖν,
857 1668 1030 1722 ταῦτα
1052 1670 1339 1741 ἀμφότερα
1372 1673 1429 1724 ἐν
1452 1675 1604 1742 ἡμῖν.
1651 1672 1788 1724 Ἀλλ’

208 1751 368 1819 ὅμως
403 1752 634 1806 τοσαῦτα
669 1755 940 1823 εἰσφέρων
982 1758 1110 1828 περὶ
1138 1757 1356 1820 ἑαυτοῦ,
1388 1760 1447 1812 τὸ
1471 1762 1579 1814 πᾶν
1610 1761 1788 1828 ἐλογί-

209 1836 341 1899 ζετο
379 1843 443 1909 τῇ
471 1841 672 1910 χάριτι.
711 1843 883 1896 Τοῦτο
911 1844 1254 1915 εὐγνώμονος
1283 1846 1516 1902 οίκέτου,
1550 1849 1659 1901 Καὶ
1681 1849 1788 1901 οὐδ’

208 1926 277 1978 ἂν
309 1927 588 1998 ἐμάθομεν
615 1929 776 1982 αὑτοῦ
809 1935 941 1984 ’ποτε
969 1931 1038 1984 τὰ
1068 1932 1492 2004 κατορθώματα,
1528 1937 1575 1986 εἰ
1607 1936 1680 2004 μὴ
1710 1938 1790 2000 εἰς

208 2013 461 2083 ἀνάγκην
494 2015 731 2087 κατέστη
763 2017 857 2070 τοῦ
892 2017 1242 2088 πράγματος.
1275 2015 1421 2089 Ἄρα
1457 2021 1597 2084 ἄξιοί
1623 2025 1789 2092 ἐσμεν

209 2099 312 2153 κᾶν
337 2103 654 2173 μεμνῆσθαι
689 2105 936 2169 Παύλου;
969 2107 1207 2170 Ἐκεῖνος
1231 2109 1324 2160 καὶ
1345 2109 1444 2178 τὴν
1469 2109 1628 2180 χάριν
1652 2111 1789 2180 ἔχων

211 2187 537 2260 βοηθοῦσαν,
583 2194 684 2246 οὐκ
744 2197 1007 2265 ἠρκεῖτο,
1066 2197 1200 2251 ἀλλὰ
1257 2200 1483 2270 μυρίους
1541 2201 1789 2270 εἰσέφερε

209 2277 528 2340 κινδύνους·
573 2283 735 2352 ἡμεῖς
780 2283 836 2336 δὲ
873 2285 1307 2355 ἀπεστερημένοι
1351 2291 1448 2358 τῆς
1477 2290 1789 2360 παρρησίας

207 2367 448 2436 ἐκείνης,
475 2368 661 2434 πόθεν,
686 2371 810 2423 είπέ
831 2389 939 2441 μοι,
961 2374 1396 2445 προσδοκῶμενῆ
1417 2377 1542 2440 τοὺς
1558 2379 1792 2448 ἐγχειρι-

206 2454 439 2520 σθέντας
469 2457 725 2525 φυλάξαι,
758 2459 790 2530 ἢ
817 2461 942 2522 τοὺς
964 2462 1172 2515 οὐδέπω
1194 2465 1590 2532 προσελθόντας
1617 2483 1788 2536 προσ-

208 2541 420 2607 λαϐεῖν,
457 2545 736 2616 ἄνθρωποι
780 2551 991 2621 τρυφᾷν
1040 2552 1472 2622 μεμελετηκότες
1523 2553 1617 2607 καὶ
1654 2554 1788 2607 ἀνά-

205 2645 414 2684 παυσιν
438 2635 716 2704 πανταχοῦ
746 2633 1058 2706 ζητοῦντες,
1086 2641 1180 2692 καὶ
1209 2641 1489 2700 κινδύνους
1513 2642 1630 2694 οὐδὲ
1654 2641 1790 2714 ὄναρ

207 2720 454 2785 ἐνεγκεῖν
494 2719 810 2790 δυνάμενοι,
857 2725 1058 2792 μᾶλλον
1099 2726 1156 2778 δὲ
1191 2727 1253 2779 οὗ
1303 2727 1570 2789 θέλοντες,
1602 2728 1700 2798 τῆς
1729 2729 1789 2782 δὲ

207 2808 403 2875 σοφίας
435 2809 650 2862 ἐκείνου
695 2811 948 2864 τοσοῦτον
981 2813 1299 2882 ἀπέχοντες,
1346 2815 1469 2867 ὅσον
1500 2817 1529 2867 6
1562 2815 1790 2885 οὐρανὸς

203 2894 299 2963 τῆς
343 2896 484 2964 γῆςς
517 2896 618 2949 Διά
657 2896 816 2951 τοῦτο
852 2900 947 2952 καὶ
987 2902 1036 2952 οἰ
1080 2901 1172 2969 ὑφ’
1201 2903 1335 2971 ἡμῖν
1368 2903 1503 2957 πολὺ
1532 2904 1640 2957 τῶν
1669 2905 1788 2958 τότε

203 2985 608 3053 ἀφεστήκασιν,
647 2985 834 3056 ἐπειδὴ
859 2988 908 3040 οί
935 2987 1055 3042 τότε
1090 2989 1330 3058 μαθηταὶ
1349 2991 1457 3044 τῶν
1485 2992 1581 3045 νῦν
1609 2993 1790 3047 διδασ-

205 3070 386 3124 κάλων
418 3072 704 3143 κρείττους
731 3069 893 3146 ἦσαν,
929 3078 987 3131 ἐν
1028 3077 1213 3146 μέσοις
1243 3079 1439 3150 δήμοις
1466 3081 1562 3132 καί
1589 3081 1790 3150 τυράνο

202 3175 315 3222 νοις
353 3161 786 3232 ἀπειλημμένοι,
844 3164 938 3218 καὶ
996 3166 1204 3228 πάντας
1257 3167 1524 3222 πάντοθεν
1575 3169 1789 3240 ἔχοντες

203 3247 524 3316 πολεμίους,
556 3251 651 3304 καὶ
693 3251 815 3304 οὐδὲ
864 3251 1003 3321 πρὸς
1033 3251 1208 3324 βραχὺ
1259 3254 1653 3327 καθελκόμενοι
1694 3259 1789 3310 καὶ

200 3334 704 3406 ἐπικαμπτόμενοι.
861 3401 863 3404 ς

277 3425 483 3479 ’Δκουε
534 3424 667 3494 γοῦν
715 3427 770 3480 τί
812 3445 946 3499 φησι
1002 3429 1425 3501 Φιλιππησίοιςο
1480 3432 1602 3484 ’Ότι
1646 3433 1790 3500 ὑμῖν·

199 3509 498 3580 ἐχαρίσθη
519 3513 583 3566 τὸ
607 3513 1064 3581 ὑπὲρσΧριστοῦ,
1094 3518 1165 3570 οὐ
1183 3519 1377 3585 μόνον
1407 3519 1472 3572 τὸ
1489 3521 1575 3584 εἰς
1603 3521 1790 3574 αὐτὸν

200 3600 540 3660 πιστεύειν,
563 3601 730 3655 ἀλλὰ
756 3603 855 3656 καὶ
883 3605 945 3656 τὸ
960 3603 1114 3673 ὑπὲρ
1140 3606 1328 3659 αὐτοῦ
1358 3606 1642 3675 πάσχειν.
1662 3608 1790 3660 Θεσ-

203 3686 558 3741 σαλονικεῦσι
589 3688 649 3742 δὲ
695 3690 877 3752 πάλιν,
913 3693 995 3745 ὅτι
1043 3691 1302 3762 Μιμηταὶ
1341 3694 1625 3761 ἐγένεσθε
1671 3695 1790 3748 τῶν

214 3773 602 3840 Ἑκκλησιῶν
641 3774 748 3829 τοῦ
775 3778 920 3832 Θεοῦ
948 3777 1068 3832 τῶν
1099 3779 1168 3832 ἐν
1210 3779 1284 3847 τῇ
1348 3781 1627 3850 Ἰουδαίᾳ.
1679 3784 1789 3836 Καὶ

212 3859 496 3935 Ἑϐραίοις
515 3862 570 3915 δὲ
604 3862 830 3933 γράφων
856 3865 1008 3934 ἔλεγε
1033 3881 1049 3897 ⁸
1083 3866 1194 3920 Καὶ
1227 3868 1341 3934 τὴν
1366 3869 1646 3937 ἁρπαγὴν
1671 3869 1791 3924 τῶν

199 3951 611 4018 ὑπαρχόντων
660 3951 829 4019 ὑμῶν
878 3953 1026 4021 μετὰ
1085 3953 1273 4022 χαρᾶς
1319 3957 1786 4020 προσεδέξασθε.

203 4037 322 4090 Καὶ
364 4037 738 4091 Κολοσσαεῦσι
780 4040 837 4092 δὲ
872 4044 1141 4112 μαρτυρεῖ
1187 4042 1394 4111 λέγων·
1439 4044 1791 4100 Ἀπεθὰνετε

203 4123 343 4191 τὰρ,
363 4125 466 4178 καὶ
488 4127 526 4192 ἠ
553 4124 665 4192 ζωὴ
685 4124 853 4194 ὑμῶν
870 4127 1195 4194 κέκρυπται
1212 4129 1334 4183 σὺν
1349 4131 1582 4198 Χριστῷ
1609 4134 1678 4186 ἐν
1710 4132 1790 4199 τῷ

206 4211 337 4276 Θεῷ
356 4227 370 4241 °
411 4213 506 4265 καὶ
535 4213 719 4276 αὐτοῖς
751 4213 808 4267 δὲ
842 4214 1051 4278 τούτοις
1073 4216 1300 4280 πολλοὺς
1339 4219 1614 4283 κινδύνους
1645 4239 1788 4289 μαρ-

204 4305 388 4373 τυρεῖ.
415 4303 524 4355 Καὶ
575 4303 846 4367 Γαλάταις
881 4305 938 4358 δὲ
985 4306 1214 4377 γράφων
1259 4307 1409 4376 λέγει
1442 4326 1455 4339 ·
1515 4309 1792 4366 Τοσαῦτα

206 4389 468 4445 ἐπάθετε
492 4393 642 4457 εἰκη,
668 4391 726 4445 εἴ
753 4408 820 4462 γε
846 4391 1112 4462 καὶεὶκη.
1152 4395 1264 4448 Καὶ
1286 4397 1416 4466 ὁρᾷς
1441 4397 1636 4460 αὐτοὺς
1662 4399 1791 4469 περὶ

208 4477 470 4540 εὐποιίας
490 4477 688 4542 πάντας
723 4479 1104 4550 ἐσχολακότας.
1141 4481 1240 4535 Διά
1268 4483 1426 4536 τοῦτο
1451 4485 1543 4536 καὶ
1567 4485 1598 4554 ή
1631 4485 1791 4555 χάρις

209 4566 444 4636 ἐνήργει
471 4566 608 4631 τότε,
636 4566 725 4619 διὰ
762 4567 920 4620 τοῦτο
943 4570 1034 4621 καὶ
1075 4569 1135 4621 ἐν
1173 4569 1592 4641 κατορθώμασιν
1631 4572 1787 4637 ἔζων.

211 4655 423 4707 ⁸Ἄκουε
455 4652 512 4706 δὲ
534 4655 626 4707 καὶ
651 4654 956 4726 Κορινθίοις
975 4657 1028 4708 τί
1061 4657 1284 4726 γράφει,
1307 4653 1388 4720 οἷς
1420 4659 1588 4728 μυρία
1620 4660 1789 4728 ὲγκαο

205 4741 334 4794 λεί⁶
379 4742 501 4811 οὐχὶ
528 4743 623 4795 καὶ
658 4745 844 4807 αὐτοῖς
891 4747 1177 4815 μαρτυρεῖ,
1217 4744 1410 4812 λέγων,
1449 4747 1635 4800 Ἀλλὰ
1685 4748 1792 4800 τὸν

204 4826 401 4896 ζῆλον
436 4826 621 4895 ὑμῶν,
665 4829 828 4883 ἀλλὰ
864 4828 981 4897 τὴν
1026 4830 1432 4895 ἐπιπόθησιν;
1469 4834 1579 4885 Καὶ
1629 4833 1790 4887 πάλιν

205 4917 346 4987 περὶ
371 4914 564 4968 τούτου
599 4917 702 4970 ὅσα
729 4918 911 4980 αὐτοῖς
955 4920 1242 4990 μαρτυρεῖ,
1270 4919 1442 4973 ταῦτα
1472 4920 1590 4974 οὐδὲ
1625 4923 1680 4974 ἐν
1713 4921 1791 4973 δι-

203 5003 506 5064 δασκάλοις
543 5003 642 5056 ῑδοι
688 5021 774 5067 τις
823 5004 889 5058 ἂν
936 5006 1200 5076 γινόμενα
1248 5006 1380 5059 νῦν’
1422 5007 1561 5060 ὥστε
1615 5009 1792 5062 πάντα

203 5092 421 5161 οἴχεται
466 5091 561 5144 καὶ
600 5091 870 5150 ἀπόλωλε.
905 5093 979 5146 Τὸ
1017 5094 1075 5147 δὲ
1105 5093 1299 5159 αἴτιον,
1334 5095 1395 5147 τὸ
1423 5095 1521 5165 τὴν
1571 5097 1790 5167 ἀγάπην

205 5179 471 5253 ἐψύχθαι,
532 5179 593 5232 τὸ
648 5181 776 5244 τοὺς
833 5182 1249 5254 ἁμαρτάνοντας
1323 5182 1398 5253 μὴ
1469 5183 1790 5248 κολάζεσθαι

208 5267 404 5337 (ἄκουε
434 5267 546 5336 γὰρ
571 5266 735 5322 αὑτοῦ
759 5268 1062 5339 γράφοντος
1085 5271 1165 5340 τῷ
1191 5270 1462 5342 Τιμοθέῳ,
1487 5273 1580 5324 καὶ
1607 5272 1791 5341 λέγον-

205 5373 305 5416 τος
319 5372 335 5384 ·
359 5355 506 5420 Τοὺς
527 5355 978 5424 ἁμαρτάνοντας
999 5357 1259 5412 ἐνώπιον
1275 5358 1520 5412 πάντων
1534 5361 1788 5429 6.187718)-

206 5445 273 5497 τὸ
333 5445 463 5503 τοὺς
494 5443 762 5514 ἄρχοντας
808 5449 1014 5499 νοσεῖν·
1064 5447 1165 5518 τῆς
1219 5447 1328 5518 γὰρ
1377 5447 1619 5518 κεφαλῆς
1676 5449 1789 5522 [44]

206 5534 313 5603 οὐχ
349 5532 724 5602 ὑγιαινούσης,
756 5533 874 5597 πῶς
917 5533 982 5587 ἂν
1011 5533 1072 5587 τὺ
1097 5534 1286 5588 λοιπὸν
1334 5535 1492 5606 σῶμα
1519 5534 1792 5608 εὔρωστον

214 5622 402 5690 μένοι;
439 5621 740 5690 Ὂρατγοῦν
789 5622 1074 5692 ἀνωμαλία
1106 5623 1200 5676 νῦν
1255 5623 1378 5694 ὅση.
1427 5625 1488 5677 οἰ
1540 5627 1637 5695 μὲν
1681 5626 1788 5698 γάρ

210 5711 394 5779 ὀρθῶς
419 5710 683 5781 βιοῦντες,
716 5711 811 5764 καὶ
843 5711 1196 5782 ὁπωσδήποτε
1222 5712 1534 5784 παρρησίαν
1558 5713 1790 5784 ἔχοντες,

212 5800 316 5863 τὰς
349 5799 593 5870 κορυφὰς
621 5801 731 5853 τῶν
756 5799 928 5870 ὀρέων
956 5801 1334 5872 κατειλήφασι,
1372 5800 1466 5855 καί
1512 5803 1575 5854 ἐκ
1623 5804 1790 5876 μέσου

279 6021 310 6051 ⁸
343 6020 491 6082 Παῖς.
530 6019 681 6070 Savil.
720 6023 813 6069 τῶν
836 6022 980 6084 ςίλων
1008 6020 1172 6072 αὐτοῦ.

1899 532 2208 598 γεγόνασιν,
2242 534 2432 606 ῶσπερ
2463 536 2723 606 πολεμίου
2752 537 2845 590 καὶ
2879 534 3181 605 ἀλλοτρίου,
3207 535 3322 587 ἀλλ’
3348 537 3472 607 ούχὶ

1896 619 2096 671 οἰκείου
2121 619 2374 689 σώματος
2399 622 2818 692 ἀποσπώμενον
2852 623 3118 692 φθόροιδὲ
3147 624 3244 675 καὶ
3263 623 3476 694 μυρίων

1896 707 2154 776 γέμοντες
2189 708 2376 762 κακῶν
2407 709 2770 780 εἰσεπήδησαν
2817 711 2898 772 εἰς
2951 709 3050 772 τὰς
3107 709 3467 778 Ἐκκλιτςσίας⁹

1896 794 2104 864 ὠνηταὶ
2130 796 2420 865 γεγόνασιν
2450 799 2504 851 αἰ
2530 799 2716 868 ἀρχαί.
2749 799 2939 867 Μυρία.
2959 797 3206 850 ἐντεῦθεν
3230 797 3480 851 τίκτεται

1893 882 2060 947 κακά,
2096 884 2192 936 καὶ
2219 884 2393 949 οὐδεὶς
2419 887 2448 938 6
2472 883 2874 954 διορθούμενος,
2911 884 3087 962 οὐδεὶς
3110 885 3138 936 6
3165 883 3435 952 ἐπιτιμῶν
3453 899 3469 913 ⁸

1893 971 2008 1025 ἀλλ’
2045 973 2164 1026 ὀδόν
2216 990 2339 1027 τινα
2398 975 2491 1027 καὶ
2543 971 2873 1027 ἀκολουθίαν
2928 973 3119 1027 ἔλαϐεν
3163 975 3196 1042 ἡ
3252 973 3496 1037 ἀταξία..

1896 1063 2150 1134 Ἥμαρτέ
2181 1082 2289 1128 τις,
2322 1066 2418 1119 καὶ
2457 1065 2754 1135 ἐνεκλήθη;
2787 1065 2862 1117 Οὐ
2897 1063 3035 1134 πρὸς
3064 1064 3124 1117 τὸ
3154 1064 3323 1128 δεῖξαι
3349 1065 3476 1117 εαυ-

1891 1151 1983 1203 τδν
2009 1150 2186 1218 ἀθῷον
2229 1152 2469 1217 σπεύδει,
2505 1152 2643 1206 ἀλλὰ
2689 1152 2824 1222 πρὸς
2867 1150 2929 1202 τὸ
2957 1149 3249 1222 δυνηθῆναι
3283 1169 3474 1204 κοινω-

1894 1240 2018 1301 νοὺς
2047 1237 2154 1291 τῶν
2192 1239 2559 1309 ἐγκλημάτων
2592 1240 2795 1310 εὑρεῖν.
2827 1236 2894 1289 Τί
2928 1235 3110 1300 πάθω,
3155 1237 3240 1288 ὅτι·
3275 1235 3477 1304 γέεννα-

1894 1327 2222 1399 ὴπείληται;
2267 1329 2606 1384 Πιστεύσατέ
2653 1346 2765 1397 μοι,
2815 1327 2891 1390 ὡς
2940 1327 2989 1378 εἰ
3043 1325 3117 1395 μὴ
3162 1327 3280 1378 ἐκεῖ
3313 1342 3477 1378 τετα-

1899 1417 2085 1485 μίευτο
2136 1418 2237 1486 τὴν
2291 1418 2512 1470 κόλασιν
2545 1418 2678 1486 ἡμῖν
2724 1417 2752 1468 6
2785 1414 2940 1476 Θεὸς.
2999 1413 3108 1466 τῶν
3168 1411 3483 1466 Ἰουδαῑκῶνι

1896 1504 2192 1573 συμφορῶν
2242 1504 2462 1573 μείζους
2509 1503 2576 1557 ἂν
2626 1503 2797 1555 εἴδετε
2833 1501 2955 1554 καθ’
2990 1501 3226 1570 ἑκάστην
3258 1500 3474 1570 ἡμέραν

1894 1592 2221 1663 τραγῳδίας.
2249 1593 2313 1644 Τί
2352 1592 2493 1662 γάρ;
2532 1590 2667 1644 ἀλλὰ
2703 1589 2778 1660 μὴ
2807 1590 3117 1660 ὀργισθήτω
3149 1587 3370 1658 μηδείςο
3410 1587 3481 1641 οὐ,

1896 1683 2003 1753 γὰρ
2025 1683 2289 1752 ὀνομαστὶ
2312 1683 2422 1757 ἐρῶ
2445 1701 2457 1713 ·
2491 1681 2545 1734 εί
2574 1700 2656 1744 τις
2690 1680 3140 1749 παραγενόμενος
3155 1680 3237 1741 εἰς
3263 1678 3361 1741 τὴν
3377 1679 3472 1730 ἐκ·

1895 1773 2142 1842 κλησίαν,
2176 1773 2319 1841 ὑμᾶς
2351 1774 2477 1835 τοὺς
2505 1771 2600 1824 νῦν
2651 1771 2811 1834 ὄντας
2851 1769 3040 1824 ἐνθάδε
3088 1768 3470 1838 παραστήσας,

1893 1861 2019 1922 τοὺς
2048 1859 2166 1928 μεθ’
2197 1861 2353 1929 ἡμῶν
2380 1859 2560 1922 ὄντας,
2607 1857 2853 1924 ἐξέτασιν
2891 1859 3150 1909 ἐποιεῖτο·
3190 1854 3389 1924 μᾶλλον
3413 1854 3473 1908 δὲ

1895 1947 1955 1998 ού
1986 1947 2100 2010 νῦν,
2136 1945 2250 1998 ἀλλ’
2271 1945 2324 1998 εί
2344 1963 2426 2009 τις
2455 1945 2597 1997 κατά
2627 1945 2727 2014 τὴν
2758 1946 2973 2013 ἡμέραν
3000 1942 3095 1996 τοῦ
3121 1942 3306 2012 πάσχα
3339 1941 3474 1994 πάν-

1894 2051 1992 2096 τας
2018 2034 2144 2096 τοὺς
2166 2033 2486 2103 προσιόντας
2516 2032 2607 2085 καὶ
2634 2032 2975 2100 λουομένους,
2999 2031 3025 2070 b
3052 2031 3189 2100 μετὰ
3214 2031 3275 2083 τὸ
3304 2047 3473 2100 προσ-

1895 2121 2069 2175 ελθεῖν
2088 2123 2202 2184 τοῖς
2237 2121 2554 2190 μυστηρίοις
2571 2120 2800 2191 ἐξήτασε
2836 2122 2932 2174 σὺν
2955 2118 3231 2190 ἀκριϐείᾳ,
3250 2117 3477 2187 πνεῦμα

1893 2209 2136 2264 τοιοῦτον
2163 2209 2365 2274 λαϐὼν,
2390 2209 2532 2262 ὥστε
2567 2209 2764 2261 εἰδέναι
2796 2209 2864 2262 τά
2895 2207 3262 2278 πεπραγμένα
3287 2207 3472 2268 αὐτοῖς

1900 2299 2038 2369 μετά
2085 2297 2393 2368 ἀκριϐείας.
2443 2297 2614 2350 πολλὰ
2666 2296 2731 2350 ἂν
2791 2295 2985 2366 εὑρέθη
3047 2295 3323 2367 βαρύτερα
3362 2294 3478 2347 τῶν

1907 2388 2216 2442 Ἶουδαῖκων
2241 2385 2447 2441 κακῶν.
2480 2387 2589 2439 Καὶ
2615 2386 2722 2456 γὰρ
2751 2385 3186 2450 οἰωνιζομένους,
3210 2385 3305 2436 καὶ
3330 2400 3472 2454 φαρ-

1898 2493 2036 2546 μακε
2046 2476 2152 2539 ίαις
2181 2476 2273 2528 καὶ
2290 2474 2667 2545 κληδονισμοῖς
2690 2473 2784 2525 καὶ
2813 2472 3048 2541 ἐπῳδαῖς
3069 2471 3471 2542 κεχρημένους,

1896 2565 1988 2616 καί
2027 2562 2493 2634 πεπορνευκὸτας,
2537 2561 2630 2615 καὶ
2679 2559 3072 2630 μοιχεύσαντας
3098 2599 3113 2619 ,
3160 2560 3252 2612 καὶ
3301 2558 3472 2629 μεθύο

1897 2668 2043 2715 σους,
2071 2651 2164 2704 καὶ
2196 2650 2470 2721 λοιδόρους
2506 2641 2666 2718 εὗρεν
2693 2647 2779 2700 ἄν.
2813 2645 3145 2708 Πλεονέκτας
3169 2646 3227 2699 δὲ
3253 2647 3310 2698 ού
3351 2644 3476 2714 βού-

1892 2740 2056 2810 λομαι
2084 2739 2284 2805 λέγειν,
2317 2739 2392 2808 μὴ
2411 2737 2507 2791 καί
2533 2754 2694 2790 τινων
2712 2735 2939 2804 ἅψωμαι
2965 2733 3072 2788 τῶν
3101 2734 3286 2789 ἐνθάδε
3303 2732 3472 2787 ἐστὼ-

1891 2844 2021 2882 των.
2057 2828 2122 2880 Τί
2159 2827 2238 2890 δὲ,
2278 2825 2442 2889 εἴτις
2473 2825 2600 2886 τοὺς
2639 2825 2698 2876 ἐν
2724 2827 2790 2895 τῇ
2823 2824 3117 2894 οἰκουμένῃ
3147 2820 3476 2892 προσιόντας

1895 2914 2140 2976 ἅπαντας
2172 2913 2464 2984 ἠρεύνησε,
2497 2915 2650 2966 ποῖον
2681 2913 2781 2965 οὐκ
2815 2912 2880 2966 ἂν
2913 2904 3040 2982 εὗρε
3063 2911 3167 2978 πλη
3178 2908 3468 2980 μμὲληματ

1893 3002 1945 3055 τί
1967 3003 2022 3055 δὲ
2048 3003 2174 3064 τοὺς
2201 3001 2499 3072 ἄρχοντας;
2523 3000 2646 3070 οὐχὶ
2665 3017 2770 3070 χρη
2781 2999 2965 3070 μάτων
2987 3000 3326 3069 ἐφιεμένους,
3351 2992 3475 3068 ούχὶ

1893 3093 2066 3162 ἀρχάς
2097 3092 2461 3160 ὠνουμένους,
2495 3091 2616 3160 οὐχὶ
2649 3090 2966 3160 φθονεροὺς,
2998 3089 3118 3158 ούχί
3142 3087 3474 3158 βασκάνους,

1893 3180 2012 3249 οὐχὶ
2059 3179 2388 3246 κενοδόξους,
2440 3179 2563 3249 οὐχὶ
2614 3177 2992 3249 λαιμάργους,
3042 3177 3135 3230 καὶ
3172 3176 3474 3246 χρημάτων

1893 3267 2141 3332 δούλους;
2172 3265 2454 3336 Τοσαύτης
2482 3260 2575 3319 οὖν
2616 3264 2872 3330 ἀσεϐείας
2910 3264 3220 3336 γινομένης,
3255 3263 3308 3316 τί
3349 3261 3473 3333 οὐχὶ

1895 3353 2261 3424 προσδοκῆσαι
2290 3354 2400 3424 χρὴ
2427 3353 2635 3418 δεινόν;
2661 3351 2772 3406 Καὶ
2806 3353 2899 3414 ἵνα
2935 3352 3142 3423 μάθητε
3175 3352 3274 3422 ὅσῃ
3295 3368 3343 3402 τι
3355 3368 3471 3420 μω-

1897 3443 1989 3512 ρία
2025 3443 2470 3497 ὑπεύθυνοίείσιν
2497 3446 2545 3497 οί
2559 3442 2770 3507 τούτοις
2788 3443 3140 3512 ἁλισκόμενοι
3166 3447 3277 3506 τοῖς
3295 3442 3473 3512 ἁμαρ-

1893 3531 2151 3601 τήμασιν,
2180 3531 2412 3584 ἐννοεῖτε
2448 3531 2516 3584 τά
2543 3529 2753 3584 παλαιά
2771 3547 2786 3560 ⁸
2819 3526 2900 3594 εἷς
2927 3529 3155 3599 ἔκλεψεν
3182 3528 3303 3599 ἰερά
3331 3530 3474 3600 χρή-

1899 3636 2044 3688 ματα
2078 3619 2416 3691 στρατιώτης
2447 3619 2758 3690 ἄνθρωπος,
2789 3620 2884 3673 καὶ
2921 3619 3124 3682 πάντες
3165 3615 3466 3670 ἀπώλοντο.

1893 3702 2042 3779 *Αρα
2080 3708 2194 3760 ίστε
2233 3707 2332 3778 τὴν
2363 3707 2637 3778 ἱστορίαν;
2676 3707 2811 3778 Περὶ
2849 3705 2945 3760 τοῦ
2982 3705 3170 3776 Χαρμὶ
3198 3704 3341 3772 λέγω
3373 3701 3473 3755 τοῦ

1893 3798 1954 3850 τὺ
1995 3797 2251 3867 ἀνάθημα
2296 3795 2621 3866 κλέψαντος.
2667 3796 2780 3848 Καὶ
2831 3795 2953 3848 τότε
3004 3796 3102 3865 μὲν
3127 3795 3156 3847 6
3184 3791 3474 3862 προφήτης

1895 3884 2099 3953 ἔλεγεν,
2135 3887 2216 3938 ὃτι
2263 3885 2645 3953 Ἕνεπλήσθη
2679 3885 2714 3952 ἡ
2751 3884 2912 3954 χώρα
2959 3882 3156 3937 αὐτῶν
3189 3879 3473 3949 κληδονί-

1895 3972 2085 4042 σμῶν,
2116 3975 2197 4040 ὡς
2225 3974 2262 4042 ἡ
2290 3972 2407 4028 τῶν
2435 3974 2821 4042 ἀλλοφύλων.
2860 3970 2974 4026 Νῦν
3001 3971 3058 4025 δὲ
3093 3970 3262 4042 μυρία
3310 3968 3472 4036 γέμει

1896 4061 2176 4131 πανταχοῦ
2201 4062 2368 4122 κακά,
2399 4062 2495 4114 καὶ
2524 4062 2704 4124 οὐδεὶς
2735 4061 2965 4114 δέδοικε.
3001 4058 3333 4128 Φοϐηθῶμεν
3365 4055 3472 4108 λοι-

1897 4152 2025 4205 ττόνο
2063 4143 2203 4204 οἶδεν
2231 4153 2257 4204 6
2288 4151 2421 4214 Θεὸς
2461 4152 2555 4204 καὶ
2593 4150 2837 4212 δικαίους
2876 4150 3015 4220 μετά
3053 4147 3265 4202 ἀσεϐῶν
3301 4160 3471 4214 τιμω⁴

1899 4239 2129 4312 ρεῖσθαι,
2163 4235 2273 4291 οτον
2310 4239 2534 4306 γέγονεν
2564 4239 2658 4290 ἐπὶ
2686 4236 2778 4290 τοῦ
2811 4237 3028 4306 Δανιὴλ,
3058 4235 3278 4288 ἐπὶτῶν
3304 4230 3476 4301 τριῶν

1897 4328 2122 4387 παίδων,
2148 4321 2258 4378 οἷον
2290 4325 2383 4377 ἐπὶ
2421 4324 2632 4394 μυρίων
2660 4325 2883 4394 ἑτέρων,
2910 4320 3020 4377 οἷον
3050 4324 3142 4376 ἐπὶ
3179 4325 3286 4376 τῶν
3312 4325 3471 4378 πολέα

1900 4438 2016 4490 μων
2057 4418 2164 4473 τῶν
2201 4417 2282 4469 ἔτι
2317 4417 2411 4468 καὶ
2442 4417 2536 4467 νῦν
2571 4414 3000 4483 συμϐαινόντων.
3033 4409 3193 4468 Οὗτοι
3237 4415 3335 4485 μὲν
3360 4416 3474 4487 γάρ

1897 4513 1994 4566 καὶ
2042 4511 2175 4564 αὐτὸ
2215 4521 2234 4548 ο
2279 4510 2403 4562 ὅσον
2437 4507 2651 4576 ἔχουσιν
2695 4506 3111 4578 ἁμαρτημάτων
3163 4505 3348 4578 βάρος⁹
3383 4508 3470 4561 διὰ

1896 4602 2085 4658 τούτου
2114 4600 2482 4662 ἀποτίθενται,
2518 4599 2718 4650 ἐκεῖνοι
2745 4598 2800 4651 δὲ
2831 4597 2912 4653 οὖ.
2947 4598 3045 4651 Διά
3084 4597 3257 4652 ταῦτα
3295 4600 3472 4653 πάντα

1899 4693 2252 4764 προσέχωμεν
2283 4692 2514 4752 ἑαυτοῖς.
2546 4689 2658 4760 Οὐχ
2693 4691 2856 4760 ὁρᾶτε
2885 4689 3012 4753 τοὺς
3038 4691 3309 4762 πολέμους
3330 4709 3346 4757 ;
3369 4693 3471 4745 οὐκ

1897 4785 2126 4840 ἀκούετε
2150 4783 2246 4845 τὰς
2277 4780 2561 4850 συμφοράς
2580 4797 2596 4845 ;
2612 4780 2674 4831 οὐ
2698 4779 3014 4833 παιδεύεσθε
3037 4781 3278 4846 τούτοις;
3301 4782 3470 4852 ’Έθνη

1898 4878 1994 4932 καὶ
2026 4875 2208 4938 πόλεις
2224 4873 2508 4942 ὁλόκληροι
2535 4871 3036 4938 κατεποντίσθησαν
3061 4873 3154 4924 καὶ
3169 4871 3467 4934 ἀπώλοντο,

1904 4967 2164 5041 μυριάδες
2181 4965 2442 5020 τοσαῦται
2473 4960 2587 5035 [45]
2622 4962 2773 5030 παρὰ
2797 4964 2909 5025 τοῖς
2936 4962 3229 5032 βαρϐάροις
3251 4960 3470 5014 δουλεύ-

1836 5091 1845 5100 ·
1896 5080 2046 5116 ουσιν
2073 5077 2085 5090 '
2121 5061 2188 5115 ἂν
2230 5060 2304 5130 μὴ
2336 5060 2403 5128 τῇ
2445 5057 2643 5129 γεέννῃ
2690 5054 3174 5126 σωφρονιζώμεθα,
3209 5055 3314 5109 κᾶν
3347 5055 3470 5108 τού-

1896 5173 2028 5218 τοις.
2065 5155 2156 5223 Μὴ
2183 5153 2277 5205 καὶ
2303 5150 2475 5204 ταῦτα
2503 5148 2723 5202 ἀπειλαί
2748 5149 2876 5211 εἰσι,
2902 5148 2995 5200 καὶ
3019 5148 3140 5217 οὐχὶ
3167 5148 3469 5218 πράγματα

1898 5243 2269 5312 ἐκϐεϐηκότα;
2324 5238 2583 5308 Μεγάλην
2634 5239 2830 5290 ἐκεῖνοι
2878 5236 2977 5307 τὴν
3030 5236 3184 5302 δίκην
3236 5236 3466 5302 ἔδωκαν,

1898 5335 2034 5390 ἀλλά
2067 5334 2289 5403 μείζονα
2329 5331 2572 5400 δώσομεν
2618 5331 2799 5399 ἡμεῖς,
2827 5329 2874 5380 οἱ
2911 5328 3042 5398 μηδὲ
3086 5330 3203 5390 ταῖς
3241 5328 3467 5380 ἐκείνων

1898 5425 2355 5498 σωφρονιζόμενοι
2405 5423 2733 5492 συμφοραῖς.
2774 5418 3032 5488 Φορτικὸς
3065 5419 3092 5470 6
3128 5418 3304 5486 λόγος,
3351 5413 3466 5470 οἰδα

1897 5520 2072 5589 κάγὼ,
2103 5518 2215 5570 ἀλλ’
2239 5517 2332 5569 ἐὰν
2362 5514 2509 5585 αὐτῷ
2535 5512 2909 5583 προσέχωμεν,
2942 5511 3130 5580 κέρδος
3155 5510 3290 5580 ἔχων
3311 5510 3358 5564 ἀ.
3391 5513 3464 5564 03

1898 5612 2006 5684 γὰρ
2043 5611 2156 5680 ἔχει
2193 5608 2330 5680 πρὸς
2374 5606 2533 5677 χάριν
2570 5605 2812 5676 ὁμιλεῖν,
2845 5603 3044 5674 μᾶλλον
3082 5602 3137 5654 δὲ
3188 5603 3467 5666 οὐδέποτε,

1961 5891 1990 5932 b
2019 5889 2154 5938 Unus
2172 5884 2325 5935 habet
2346 5883 2652 5944 λελουμένους

1964 5954 1985 5979 ε
2012 5949 2204 6008 Legem
2233 5947 2378 6009 jubet
2402 5940 2620 6009 Dujlaaug
2641 5940 2770 5990 οὗτοι
2790 5941 2874 6009 μὲν
2895 5942 2982 6009 γὰρ
3007 5944 3086 5991 καὶ
3120 5943 3253 5991 αὐτοί

1966 6011 1992 6052 d
2019 6005 2168 6073 Mdrg.
2193 6005 2365 6068 διιίι,
2386 6007 2550 6068 κέρδος
2571 6005 2625 6054 οὐ
2670 6005 2834 6068 μικρὸν
2876 6007 3174 6068 εὑρεθήσεται
3211 6005 3462 6070 προξενῶν.
