4002 6518
513 394 584 451 49
1181 395 1238 450 5.
1277 395 1567 453 JOANNIS
1603 397 2096 455 CHRYSOSTOMI
2130 400 2458 458 ARCHIEP.
2505 400 3058 459 CONSTANTINOP.
3702 404 3772 460 50

508 511 624 563 ἀλλ’
650 512 738 566 ἀεὶ
763 512 832 566 τὰ
869 514 1141 583 δυνάμενα
1182 516 1459 569 συστεῖλαι
1491 516 1587 569 καὶ
1625 519 1960 586 σωφρονίσαι
1990 518 2089 590 τὴν
2196 517 2305 572 θῶν
2329 536 2343 551 ·
2375 539 2451 575 ων
2478 521 2691 589 γένοιτο
2722 520 2926 583 πάντας
2962 521 3112 590 ἡμᾶς
3137 522 3432 592 ἐπιτυχεῖν,
3469 520 3652 591 χάριτι
3680 518 3777 574 καὶ
3876 576 3885 581 ,

508 592 705 667 ψυχήν.
733 596 917 650 Ταῦτα
942 599 1050 669 γάρ
1076 598 1225 651 αἴτια
1245 598 1458 667 γίνεται
1484 600 1595 653 τῶν
1621 602 1925 671 μελλόντων
1955 603 2093 670 ἀγα-

2199 601 2607 676 φιλανθρωπίᾳ.

2006 989 2252 1044 ΟΜΙΛΙΑ
2278 991 2353 1045 Z'.

516 1176 679 1272 Ἐμοί
710 1184 792 1251 τῷ
819 1185 1257 1272 ἐλίαχιστοτέρῳ
1287 1189 1548 1272 ,πάντων
1592 1190 1778 1272 ἀγίων
1810 1190 2021 1272 Δἐδόθη
2040 1190 2079 1257 ὴ

574 1258 747 1327 χάρις
791 1258 964 1323 αὕτη,
998 1259 1066 1310 ἐν
1117 1259 1241 1323 τοῖς
1278 1258 1520 1314 ἔθνεσιν
1575 1258 2083 1329 εὐαγγελίσασθαι

572 1330 683 1381 τὸν
705 1327 1173 1396 ἀνεξιχνίαστον
1225 1330 1494 1383 πλοῦτον
1519 1332 1627 1383 τοῦ
1672 1332 1950 1398 Χριστοῦ,
1984 1330 2082 1384 καί

574 1398 835 1471 φωτίσαι
880 1398 1133 1471 πάντας,
1158 1400 1250 1464 τίς
1285 1401 1335 1471 -η
1372 1402 1680 1471 οἰκονομία
1712 1401 1816 1453 τοῦ
1845 1417 2080 1468 μυστη-

566 1469 707 1537 ρίου
738 1468 846 1521 τοῦ
876 1468 1410 1537 ἀποκεκρυμμένου
1448 1468 1583 1524 ἀπό
1608 1471 1727 1524 τῶν
1752 1471 1982 1524 αἰώνων
2011 1472 2083 1524 ἐν

576 1539 657 1603 τῷ
715 1537 837 1603 Θεῷ
902 1538 981 1603 τῷ
1031 1542 1103 1593 τὰ
1142 1538 1339 1592 πάντα
1397 1542 1673 1595 κτίσαντι
1726 1541 1824 1593 διὰ
1876 1541 2080 1607 Ἰησοῦ

574 1608 625 1663 Χ
622 1608 873 1680 ριστοῦ·
907 1610 1006 1663 ἵνα
1062 1609 1362 1680 γνωρισθῇ
1418 1612 1537 1665 νῦν
1568 1614 1694 1677 ταῖς
1725 1612 1938 1680 ἀρχαῖς
1982 1612 2079 1665 καί

572 1679 704 1744 ταῖς
736 1679 1049 1747 ἐξουσίαις
1072 1679 1154 1733 ίέν
1227 1681 1351 1746 τοῖς
1394 1682 1777 1748 ἐπουρανίοις
1805 1679 1925 1735 διὰ
1970 1681 2082 1748 τῆς

585 1750 951 1817 Ἐκκλησίας
978 1752 1016 1817 ἡ
1052 1753 1487 1818 πολυποίκιλος
1538 1753 1725 1821 σοφία
1753 1753 1860 1807 τοῦ
1909 1753 2078 1813 Θεοῦ,

573 1821 727 1874 κατὰ
778 1821 1065 1892 πρόθεσιν
1099 1821 1216 1874 τῶν
1265 1821 1513 1885 αίώνων,
1567 1821 1648 1889 ἢν
1692 1824 1986 1892 ἐποίησεν
2011 1823 2080 1876 ἐν

571 1891 806 1960 Χριστῷ
844 1892 1047 1959 Ἰησοῦ
1080 1892 1160 1962 τῷ
1190 1892 1384 1960 Κυρίῳ
1413 1892 1601 1962 ἡμῶν.

569 2024 712 2089 Τοὺς
744 2027 825 2089 εἰς
868 2027 1102 2097 ἰατρεῖον
1144 2027 1474 2099 ἐρχομένους
1497 2029 1595 2098 οὐχ
1629 2027 1817 2092 ἁπλῶς
1854 2029 1973 2082 ἐκεῖ
2000 2029 2080 2082 δεῖ

502 2107 846 2179 πορεύεσθαι,
874 2109 989 2161 ἀλλ’
1018 2110 1160 2163 ὥστε
1190 2110 1485 2181 μανθάνειν
1518 2111 1942 2182 θεραπεύεσθαι,
1983 2113 2079 2166 καὶ

501 2192 769 2263 φάρμακα
829 2193 1147 2248 ἐπιτιθέναι.
1209 2195 1317 2246 Καὶ
1381 2196 1527 2265 ἡμᾶς
1591 2196 1771 2250 τοίνυν
1846 2192 2079 2251 ἐνταῦθα

501 2276 997 2347 παραγενομένους,
1037 2278 1135 2346 οὐχ
1186 2278 1374 2340 ἁπλῶς
1400 2278 1482 2331 δεῖ
1507 2278 1662 2331 τοῦτο
1693 2283 1888 2345 ποιεῖν,
1941 2280 2078 2334 ἀλλὰ

501 2359 792 2428 μανθάνειν
822 2361 921 2431 τῆς
965 2360 1471 2433 ταπεινοφροσύνης
1524 2363 1737 2417 Παύλου
1772 2364 1872 2435 τὴν
1903 2365 2076 2435 ὑπερ-

499 2444 682 2516 ϐολήν.
717 2445 781 2497 Τί
807 2445 953 2514 γάρ;
989 2444 1207 2516 Ἐπειδὴ
1265 2444 1457 2515 ἔμελλε
1505 2445 1684 2515 λέγειν
1727 2449 1787 2500 τὸ
1844 2448 2074 2517 μέγεθος

495 2529 595 2599 τῆς
623 2531 842 2599 χάριτος
868 2528 963 2582 τοῦ
989 2528 1148 2594 Θεοῦ,
1188 2529 1422 2583 ἄκουσον
1454 2531 1505 2583 τί
1550 2548 1716 2603 φησιν
1738 2549 1751 2561 ο
1800 2532 1963 2600 Ἐμοί
1992 2531 2075 2598 τῷ

494 2612 932 2683 ἐλαχιστοτέρῳ
957 2613 1200 2667 πάντων
1220 2614 1405 2684 ἁγίων
1427 2614 1606 2684 ἐδόθη
1640 2617 1679 2684 ὴ
1706 2614 1878 2685 χάρις
1894 2617 2070 2685 αὕτη.

493 2689 603 2748 Ἦν
640 2697 739 2764 μὲν
777 2697 1277 2769 ταπεινοφροσύνης
1307 2699 1484 2752 καὶτὸ
1513 2700 1607 2752 ἐπὶ
1642 2703 1757 2763 τοῖς
1786 2700 2074 2772 προτέροις

491 2778 876 2849 ἁμαρτήμασι,
903 2780 1080 2833 καίτοι
1112 2780 1544 2853 ἐξηλειμμένοις,
1573 2783 1813 2855 θρηνεῖν,
1845 2784 1939 2837 καὶ
1976 2801 2073 2852 με-

497 2860 732 2932 μνῆσθαι
770 2863 970 2926 αὐτῶν,
1002 2864 1098 2917 καὶ
1133 2867 1470 2935 μετριάζειν.
1504 2867 1579 2929 ῶς
1609 2868 1740 2921 ὅταν
1774 2867 1908 2939 λέγῃ
1945 2866 2071 2936 βλά-

494 2962 710 3015 σφημον
737 2946 929 2999 ἑαυτὸν
954 2948 1048 3001 καὶ
1069 2947 1304 3018 διώκτην
1332 2951 1427 3002 καὶ
1444 2950 1706 3022 ὑϐριστήν
1724 2968 1735 2979 ·
1775 2951 1889 3004 ἀλλ’
1916 2952 2069 3004 οὐδὲν

494 3029 607 3082 ἴσον
635 3029 843 3086 τούτου.
872 3030 1142 3103 Πρότερον
1157 3032 1288 3102 γὰρ,
1321 3034 1477 3102 φησὶ,
1502 3033 1741 3097 τοιοῦτος
1770 3035 1938 3105 ἢμην,
1976 3036 2071 3089 καὶ

491 3114 752 3185 ἐκτρωμα
784 3114 841 3168 δὲ
876 3114 1068 3168 ἐαυτὸν
1099 3116 1255 3168 καλεῖ
1276 3134 1290 3149 ο
1326 3117 1386 3170 τὸ
1410 3116 1468 3170 δέ
1492 3118 1634 3188 μετὰ
1664 3118 1905 3173 τοσαῦτα
1934 3136 2069 3173 κατ-

489 3197 790 3270 ορθώματα
834 3199 929 3252 καὶ
989 3200 1081 3254 ἐπὶ
1126 3200 1221 3254 τοῦ
1285 3203 1549 3273 παρόντος
1596 3203 1935 3274 μετριάζειν,
1973 3205 2068 3257 καὶ

492 3282 710 3335 πάντων
773 3283 963 3337 ἐαυτὸν
1009 3283 1188 3352 λέγειν
1241 3285 1673 3358 ἐλαχιστότερον,
1730 3288 1932 3358 πολλῆς
1974 3290 2067 3341 καὶ

491 3365 934 3436 ὑπερϐαλλούσης
978 3367 1094 3420 ἐστὶ
1144 3370 1513 3441 μετριότητος.
1549 3370 1708 3439 Ἐμοί
1736 3371 1816 3437 τῷ
1861 3372 2065 3440 ἐλαχι-

489 3451 750 3519 στοτέρῳ
780 3450 1022 3504 πάντων
1044 3454 1243 3522 ἁγίων.
1278 3455 1392 3508 Οὐκ
1421 3451 1564 3518 εἷπε,
1587 3455 1706 3509 Τῶν
1731 3456 2062 3510 ἀποστόλων·

489 3533 633 3588 ὥστε
665 3537 887 3588 κάκεῖνο
917 3534 1107 3589 τούτου
1147 3535 1387 3592 ἔλαττον.
1421 3538 1570 3592 Ἐκεῖ
1587 3540 1696 3611 γὰρ
1734 3536 1903 3599 εἶπεν.
1943 3542 2065 3595 Οὐκ

486 3619 602 3689 εἰμί
638 3620 844 3686 ἱκανὸς
873 3619 1184 3675 καλεῖσθαι
1224 3622 1566 3689 ἀπόστολος
1586 3639 1598 3652 ·
1637 3623 1870 3677 ἐνταῦθα
1888 3624 1946 3676 δέ
1972 3624 2066 3676 καὶ

486 3703 595 3756 τῶν
622 3703 793 3772 ἁγίων
819 3703 1034 3757 πάντων
1059 3703 1469 3777 ἐλαχιστότερον
1502 3703 1641 3759 εἷναί
1665 3723 1847 3777 φησιν,
1877 3708 2060 3774 Ἐμοί,

487 3788 644 3858 φησὶ,
684 3784 764 3850 τῷ
794 3787 1233 3855 ἐλαχιστοτέρῳ
1277 3787 1522 3842 πάντων
1576 3791 1761 3858 ἁγίων
1796 3790 1975 3857 ἐδόθη
2022 3788 2062 3857 η

485 3871 659 3940 χάρις
684 3870 858 3936 αῦτη.
890 3870 1066 3934 Ποίας
1122 3873 1649 3939 Εὑαγγελίσασθαι
1698 3872 1823 3939 τοῖς
1859 3874 2065 3928 ἔθνεσι

484 3955 595 4009 τὸν
642 3954 1108 4022 ἀνεξιχνίαστον
1150 3956 1419 4009 πλοῦτον
1468 3956 1576 4009 τοῦ
1633 3958 1910 4024 Χριστοῦ,
1967 3957 2065 4012 καί

486 4038 740 4108 φωτίσαι
776 4037 1025 4104 πάντας,
1056 4038 1148 4104 τίς
1184 4039 1222 4106 ἡ
1257 4040 1567 4105 οἰκονομία
1596 4039 1702 4093 τοῦ
1722 4041 2064 4109 μυστηρίου

487 4122 594 4175 τοῦ
642 4120 1225 4190 ἀποκεκαλυμμένου
1280 4122 1401 4175 ἀπὸ
1454 4121 1575 4175 τῶν
1611 4122 1841 4176 αἰώνων
1882 4124 1953 4176 ἐν
1983 4123 2064 4189 τῷ

488 4205 630 4272 Θεῷ,
658 4208 739 4272 τῷ
770 4207 841 4261 τὰ
893 4206 1091 4260 πάντα
1132 4206 1407 4260 κτίσαντι
1428 4206 1527 4259 διὰ
1555 4206 1668 4279 [46]
1704 4208 1898 4275 Ἰησοῦ
1930 4211 2063 4277 Χρι-

484 4291 659 4352 στοῦ.
717 4291 817 4344 ἵνα
875 4290 1180 4359 γνωρισθῇ
1230 4291 1346 4345 νῦν
1374 4292 1505 4357 ταῖς
1542 4293 1751 4362 ἀρχαῖς
1789 4293 1886 4347 καί
1934 4294 2062 4361 ταῖς

484 4376 795 4441 ἐξουσίαις
825 4376 896 4428 ἐν
950 4376 1075 4440 τοῖς
1112 4375 1493 4444 ἐπουρανίοις
1524 4377 1623 4430 διὰ
1667 4378 1776 4447 τῆς
1808 4380 2059 4447 Ἐκκλη-

486 4462 629 4524 σίας
652 4461 688 4527 η
719 4461 1157 4526 πολυποίκιλος
1185 4463 1370 4530 σοφία
1399 4462 1505 4516 τοῦ
1539 4462 1706 4517 Θεοῦ.
1736 4462 1937 4528 Ἔστω,
1968 4465 2062 4517 ἀν·-

486 4544 726 4615 θρὼποις
775 4545 877 4597 οῦκ
930 4544 1295 4616 ἀπεκαλύφθη
1318 4563 1332 4577 ·
1395 4548 1487 4599 καὶ
1525 4548 1795 4615 ἀγγέλους
1833 4548 1926 4600 καὶ
1958 4550 2059 4619 ἀρ-

485 4629 787 4701 χαγγέλους
813 4628 1087 4697 φωτίζεις,
1135 4632 1228 4684 καὶ
1257 4632 1428 4702 ἀρχὰς
1455 4632 1549 4685 καὶ
1588 4632 1834 4695 ἐξουσίας
1861 4650 1875 4698 ;
1928 4634 2056 4693 Ναὶ,

486 4712 651 4782 φησιν
670 4726 684 4740 ⁸
720 4713 777 4764 ἐν
805 4712 914 4783 γάρ
941 4713 1019 4782 τῷ
1047 4713 1168 4782 Θεῷ
1189 4714 1489 4783 κέκρυπτο,
1514 4716 1609 4767 καὶ
1637 4714 1755 4784 Θεῷ
1780 4715 1857 4783 τῷ
1883 4716 2059 4769 πάντα

484 4799 731 4853 κτίσαντι
761 4797 847 4849 διὰ
894 4796 1090 4866 Ἰησοῦ.
1122 4798 1231 4850 Καὶ
1255 4797 1461 4867 τολμᾷς
1493 4799 1650 4851 τοῦτο
1673 4800 1886 4863 εἰπεῖν;
1927 4800 2055 4862 Ναὶ,

483 4883 668 4951 φησίν.
701 4880 861 4934 Ἀλλὰ
915 4880 1077 4933 πόθεν
1124 4881 1280 4934 τοῦτο
1328 4881 1487 4949 δῆλον
1525 4884 1635 4943 τοῖς
1683 4881 1933 4948 ἀγγέλοις
1962 4884 2057 4951 γέ·

482 4982 646 5033 γονε;
686 4965 785 5017 Διὰ
826 4964 926 5033 τῆς
962 4964 1309 5035 Ἐκκλησίας.
1363 4964 1473 5018 Καὶ
1514 4964 1635 5017 οῦδέ
1667 4964 1853 5026 ἁπλῶς
1880 4960 2054 5029 εἶπεν,

494 5050 560 5102 'H
593 5048 810 5118 ποικίλη
846 5048 1005 5115 σοφία
1034 5047 1127 5100 τοῦ
1150 5047 1305 5109 Θεοῦ,
1333 5048 1468 5107 ἀλλ’,
1513 5049 1573 5101 Ἡ
1598 5048 2054 5115 πολυποίκιλος.

482 5133 549 5186 Τί
578 5128 670 5187 οὖν
700 5133 816 5184 ἐστι
846 5129 1037 5195 τοῦτο;
1074 5130 1173 5182 οὐκ
1222 5130 1416 5201 ᾔδεσαν
1446 5131 1666 5198 ἄγγελοι
1694 5149 1707 5187 :
1753 5132 2019 5201 Οὐδαμῶς
2041 5150 2054 5163 ⁸

482 5220 533 5271 εί
562 5217 671 5289 γὰρ
699 5216 867 5288 ἁρχαὶ
906 5215 1004 5268 οῦκ
1029 5215 1248 5286 ᾔδεσαν,
1275 5215 1454 5283 πολλῷ
1483 5215 1681 5283 μᾶλλον
1712 5215 1932 5282 ἄγγελοι
1958 5218 2058 5269 οὐκ

481 5302 680 5374 ᾔδεσαν
709 5302 792 5355 ἄν.
836 5300 900 5352 Τί
946 5295 1067 5363 οὗν;
1118 5298 1239 5351 οὐδὲ
1274 5298 1605 5368 ἁρχάγγελοι
1655 5299 1883 5369 ᾔδεσανς
1922 5298 2056 5351 υῦδέ

482 5381 715 5444 ἐκεῖνον
757 5384 919 5437 πόθεν
961 5383 1017 5436 δὲ
1048 5384 1141 5435 καὶ
1178 5381 1399 5450 ἔμελλον
1430 5382 1711 5446 εἴσεσθαι;
1747 5381 1888 5444 τίνος
1918 5384 2052 5434 ἁπο-

482 5468 886 5539 καλύπτοντοςί
919 5467 1048 5521 Ὅτε
1103 5467 1262 5534 ἡμεῖς
1317 5466 1614 5536 ἐμάθομεν,
1652 5466 1772 5518 τότε
1812 5467 2055 5519 κάκεῖνοι

482 5552 551 5605 δι’
581 5551 758 5620 ήμῶν.
787 5552 985 5603 Ἀκουε
1020 5549 1128 5618 γάρ
1152 5549 1245 5605 τοῦ
1266 5550 1498 5617 ἀγγέλου
1520 5550 1769 5616 λέγοντος
1802 5550 1937 5621 πρὸς
1965 5552 2056 5604 τὸν

496 5635 693 5703 Ἰωσήφ
717 5650 730 5664 ·
772 5634 1066 5698 Καλέσεις
1092 5632 1159 5686 τό
1195 5634 1383 5703 ὄνομα
1412 5632 1599 5686 αὑτοῦ
1634 5634 1918 5700 Ἰησοῦν·
1953 5638 2058 5689 αὺ-

482 5716 587 5781 τός
613 5715 723 5786 γὰρ
767 5715 953 5771 σώσει
1001 5720 1108 5771 τὸν
1140 5716 1294 5771 λαὸν
1341 5716 1528 5770 αὐτοῦ
1571 5715 1691 5769 ἀπὸ
1724 5714 1842 5769 τῶν
1871 5718 2058 5786 ἀμαρ-

483 5797 627 5853 τιῷν
664 5798 878 5853 αὐτῶν.
918 5801 1088 5863 Αὐτὸς
1121 5800 1401 5871 ἀπεστάλη
1436 5800 1516 5863 εἰς
1562 5798 1632 5851 τὰ
1675 5798 1821 5868 ἔθνη,
1857 5801 2054 5855 ἐκεῖνοι

482 5882 540 5936 δὲ
574 5882 653 5944 είς
686 5882 785 5954 τὴν
815 5886 1136 5955 περιτομήν.
1161 5886 1346 5951 Ὥστε,
1382 5885 1443 5938 τὸ
1485 5874 1930 5953 θαυμασιώτερον
1956 5888 2049 5941 καὶ

484 5965 805 6036 ἔκπληκτον,
860 5968 1003 6037 ἐμοὶ,
1054 5969 1242 6040 φησὶν,
1297 5968 1449 6039 ἐδόθη
1498 5966 1574 6037 τῷ
1627 5966 2040 6045 ἐλαχιστοτέρῳ.

2184 1192 2295 1244 Καὶ
2329 1191 2489 1246 τοῦτο
2511 1192 2569 1246 δὲ
2602 1190 2823 1264 χάριτος
2866 1189 2956 1266 ἦν,
2986 1194 3049 1247 τδ
3078 1193 3172 1247 τὸν
3211 1193 3408 1265 μικρὸν
3436 1193 3508 1248 τά
3544 1195 3771 1265 μείζονα

2182 1276 2614 1347 ἐγχειρισθῆναι,
2660 1277 2721 1330 τὸ
2752 1278 3007 1345 γενέσθαι
3036 1276 3243 1332 τούτων
3269 1278 3687 1349 εὐαγγελιστήν.
3708 1280 3771 1331 Ὀ

2181 1361 2290 1430 γὰρ
2316 1360 2424 1414 τῶν
2473 1361 2736 1430 μειζόνων
2766 1362 3057 1431 γενόμενος
3109 1360 3527 1431 εῦαγγελιστὴς,
3591 1363 3768 1435 ταύτῃ

2185 1445 2357 1514 μέγας
2385 1444 2550 1498 ἐστίν.
2582 1446 3111 1515 Εὐαγγελίσασθαι
3142 1446 3213 1499 ἐν
3253 1444 3377 1512 τοῖς
3419 1446 3626 1500 ἔθνεσι
3656 1448 3767 1500 τὸν

2179 1528 2646 1597 ἀνεξιχνίαστον
2670 1530 2940 1584 πλοῦτον
2968 1530 3076 1583 τοῦ
3114 1529 3396 1597 Χριστοῦ.
3433 1531 3494 1582 ΕΞ
3534 1532 3562 1583 ὁ
3590 1530 3764 1583 πλοῦ-

2178 1628 2271 1674 τος
2292 1613 2456 1665 αὐτοῦ
2485 1613 2908 1683 ἀνεξιχνίαστος,
2929 1616 3023 1667 καὶ
3049 1614 3187 1684 μετὰ
3210 1614 3271 1667 τὸ
3296 1614 3554 1685 φανῆναι,
3582 1614 3765 1685 πολλῷ

2184 1695 2385 1765 μᾶλλον
2412 1698 2444 1766 ἠ
2468 1697 2646 1750 οὐσία.
2683 1696 2747 1749 Εἰ
2784 1698 3084 1769 μυστήριον
3116 1697 3197 1750 ἔτι
3240 1698 3379 1763 ἐστὶ,
3410 1698 3589 1768 πολλῷ
3626 1699 3766 1769 μᾶλ-

2179 1780 2268 1833 λον
2300 1780 2407 1852 πρὸ
2432 1780 2527 1834 τοῦ
2558 1781 2949 1852 γνωρισθῆναι.
2994 1782 3312 1851 Μυστήριον
3360 1781 3470 1852 γὰρ
3500 1782 3633 1834 αὐτὸ
3671 1782 3766 1836 διὰ

2179 1868 2335 1919 τοῦτο
2358 1866 2529 1930 καλεῖ,
2554 1866 2742 1938 ἐπειδὴ
2773 1866 2905 1937 μηδὲ
2929 1865 3153 1933 ἄγγελοι
3177 1866 3400 1935 ᾔδεσαν,
3427 1865 3562 1936 μηδέ
3589 1865 3765 1937 ἑτέρῳ

2178 1950 2287 2003 τινὶ
2324 1950 2481 2021 δῆλον
2527 1947 2615 2022 ἦν.
2670 1951 2782 2004 Kal
2818 1953 3073 2020 φωτίσαι
3111 1949 3367 2016 πάντας,
3403 1952 3558 2020 φησὶ,
3594 1952 3686 2016 τίς
3722 1953 3763 2019 ἠ

2179 2035 2484 2102 οἰκονομία
2516 2034 2622 2089 τοῦ
2669 2036 3004 2103 μυστηρίου
3052 2034 3160 2087 τοῦ
3220 2034 3765 2103 ἀποκεκρυμμένου

2179 2118 2295 2172 ἀπὸ
2330 2116 2449 2170 τῶν
2479 2118 2709 2172 αἰώνων
2753 2119 2825 2171 ἐν
2854 2118 2935 2184 τῷ
2988 2117 3112 2183 Θεῷ
3160 2117 3241 2183 τῷ
3279 2116 3352 2171 τὰ
3390 2118 3588 2173 πάντα
3635 2119 3763 2172 κτί-

2180 2216 2356 2255 σαντι
2391 2201 2489 2254 διὰ
2533 2202 2730 2269 Ἰησοῦ
2779 2203 3059 2271 Χριστοῦ.
3098 2202 3355 2270 ’Ἄγγελοι
3399 2203 3559 2257 τοῦτο
3601 2204 3763 2272 μόνον

2180 2284 2397 2354 ᾔδεσαν,
2428 2287 2510 2338 ὅτι
2553 2286 2835 2355 Ἐγενήθη
2865 2285 3036 2354 μερίς
3090 2286 3313 2353 Κυρίου
3343 2286 3494 2353 λαὸς
3535 2286 3723 2341 αὑτοῦ
3744 2304 3758 2317 ο

2180 2371 2274 2423 καὶ
2305 2369 2489 2433 πάλιν,
2523 2368 2586 2421 '0
2616 2369 2817 2437 ἅρχων
2836 2369 2957 2423 τῶν
2985 2369 3256 2439 Περσῶν,
3284 2371 3472 2440 φησὶν,
3495 2370 3760 2439 ἀντέστη

2177 2472 2296 2523 μοι.
2319 2455 2482 2506 ’Ὠστε
2515 2453 2668 2506 οὐδὲν
2715 2454 3048 2524 θαυμαστὸν,
3094 2454 3142 2506 εἰ
3187 2456 3280 2507 καὶ
3316 2454 3475 2507 τοῦτο
3504 2455 3757 2524 ἠγνόουν.

2182 2536 2245 2590 El
2302 2537 2412 2607 γάρ
2456 2536 2525 2589 τὰ
2553 2537 2653 2606 τῆς
2712 2537 2975 2590 ἐπανόδου
3024 2537 3278 2606 ἠγνόουν,
3322 2536 3504 2607 πολλῷ
3559 2537 3762 2607 μᾶλλον

2179 2618 2392 2673 ταῦτα·
2442 2619 2537 2672 καὶ
2579 2621 2689 2689 γάρ
2728 2619 3048 2688 εὐαγγέλιον
3097 2618 3257 2674 τοῦτό
3310 2621 3479 2675 ἐστιν.
3524 2619 3756 2685 Ὅστις.

2181 2702 2335 2772 φησὶ,
2370 2702 2557 2757 σώσει
2594 2703 2703 2756 τὸν
2746 2703 2903 2758 λαὸν
2945 2703 3135 2759 αὐτοῦ
3165 2705 3275 2758 τὸν
3298 2704 3559 2771 Ἰσραήλ.
3588 2703 3759 2756 Οὐδὲν

2180 2787 2311 2857 περὶ
2348 2786 2455 2840 τῶν
2482 2786 2684 2840 ἐθνῶν
2720 2788 2857 2841 ἀλλὰ
2909 2788 3041 2858 περὶ
3079 2787 3190 2841 τῶν
3231 2787 3402 2841 ἐθνῶν
3434 2789 3496 2841 τὸ
3531 2786 3760 2857 Πνεῦμα

2178 2870 2574 2925 ἀποκαλύπτει.
2602 2871 2726 2923 ’Ότι
2756 2872 2855 2941 μὲν
2881 2867 2975 2925 οῦν
2996 2871 3327 2942 ἐκλήθησαν,
3354 2872 3569 2942 ᾔδεσαν,
3594 2872 3759 2924 ὅτιδέ

2177 2955 2271 3006 ἐπὶ
2314 2957 2427 3017 τοῖς
2481 2954 2687 3017 αὐτοῖς,
2720 2956 2814 3007 καὶ
2869 2954 3010 3007 ὥστε
3063 2956 3146 3017 είς
3174 2954 3266 3007 τὸν
3304 2954 3495 3025 θρόνον
3534 2956 3759 3009 καθίσαι

2176 3037 2268 3089 τὸν
2294 3036 2388 3089 τοῦ
2423 3036 2579 3102 Θεοῦ,
2604 3037 2762 3089 τοῦτο
2784 3037 2867 3101 τίς
2895 3039 2960 3091 ἂν
2985 3038 3354 3107 προσεδόκησε
3379 3054 3395 3104 ;
3428 3040 3512 3101 τίς
3548 3038 3614 3092 ἂν
3633 3038 3760 3092 ἐπί-

2178 3138 2367 3173 στευσε
2393 3138 2409 3187 ;
2455 3122 2566 3175 Τοῦ
2590 3122 3150 3191 ἀποκεκρυμμένου,
3189 3124 3374 3191 φησὶν,
3405 3122 3473 3177 ἐν
3495 3120 3575 3189 τῷ
3609 3124 3756 3190 Θεῷ.

2175 3205 2393 3277 Ταύτην
2430 3207 2486 3260 δὲ
2533 3206 2633 3278 τὴν
2687 3208 3001 3278 οἰκονομίαν
3047 3207 3383 3279 σαφέστερον
3417 3209 3476 3263 ἐν
3506 3210 3572 3280 τῇ
3618 3207 3759 3278 πρὸς

2187 3289 2493 3358 Ῥωμαίους
2523 3289 2919 3343 ἀποκαλύπτει.
2960 3291 3062 3344 Ἐν
3101 3290 3181 3356 τῷ
3214 3289 3356 3356 Θεῷ,
3393 3292 3548 3362 φησὶ,
3580 3288 3659 3355 τῷ
3683 3289 3759 3343 τὰ

2175 3370 2373 3424 πάντα
2411 3372 2686 3426 κτίσαντι
2732 3372 2833 3426 διὰ
2867 3373 3072 3439 Ἰησοῦ
3101 3373 3381 3444 Χριστοῦ.
3434 3374 3543 3426 Καὶ
3573 3372 3757 3435 καλῶς

2176 3456 2551 3526 ἐμνημόνευσε
2585 3457 2838 3522 κτίσεως,
2878 3457 3070 3523 εἰπὼν,
3100 3459 3202 3513 Διά
3245 3459 3447 3525 Ἰησοῦ
3470 3458 3753 3527 Χριστοῦ.

2185 3539 2245 3592 '0
2284 3539 2393 3610 γὰρ
2422 3540 2600 3593 πάντα
2627 3539 2695 3592 δι’
2728 3540 2891 3593 αὐτοῦ
2922 3540 3132 3603 κτίσας,
3181 3542 3276 3595 καὶ
3306 3542 3465 3595 τοῦτο
3491 3540 3556 3594 δι’
3586 3540 3753 3594 αὐτοῦ

2174 3623 2582 3677 ἀποκαλύπτει’
2641 3623 2798 3676 οὐδὲν
2847 3624 2954 3696 γὰρ
3008 3625 3177 3695 χωρίς
3224 3624 3389 3679 αὐτοῦ
3441 3624 3752 3695 πεποίηκε’

2173 3710 2362 3775 Χωρὶς
2400 3708 2507 3778 γὰρ
2541 3707 2750 3771 αὐτοῦ,
2801 3709 2986 3776 φησὶν,
3031 3709 3273 3777 ἐγένετο
3325 3708 3527 3763 οὐδέν.
3566 3707 3754 3761 Εἰπὼν

2172 3794 2347 3863 ἀρχὰς
2379 3792 2475 3844 καὶ
2528 3791 2797 3855 ἐξουσίας,
2836 3793 2930 3845 καὶ
2975 3793 3103 3855 τοὺς
3150 3792 3263 3845 ἄνω
3296 3794 3391 3845 καὶ
3437 3793 3563 3855 τοὺς
3596 3792 3750 3845 κάτω

2172 3872 2310 3929 εἷπε.
2345 3876 2503 3930 Κατὰ
2531 3876 2818 3941 πρόθεσιν
2840 3876 2967 3933 τῶν
2994 3876 3243 3930 αἰώνων.
3290 3875 3406 3929 Νῦν
3438 3876 3556 3945 μὲν,
3591 3876 3750 3946 φησὶ,

2171 3960 2414 4027 γέγονεν,
2447 3959 2507 4011 οῦ
2541 3957 2635 4010 νῦν
2679 3957 2735 4010 δὲ
2776 3957 2999 4028 ῶριστο,
3053 3958 3169 4011 ἀλλ’
3223 3960 3432 4013 ἄνωθεν
3476 3958 3749 4030 προτετύ-

2171 4061 2339 4098 πωτο.
2372 4042 2534 4097 Κατὰ
2569 4043 2862 4109 πρόθεσιν
2891 4043 3009 4096 τῶν
3039 4043 3294 4111 αἰώνων,
3340 4043 3421 4113 ἦν
3454 4045 3753 4111 ἐποίησεν

2168 4128 2239 4181 ἐν
2266 4126 2497 4197 Χριστῷ
2533 4125 2742 4193 Ἰησοῦ
2762 4125 2877 4198 [ιη
2909 4125 2987 4191 τῷ
3018 4129 3212 4197 Κυρίῳ
3236 4127 3407 4197 ἡμῶν
3429 4145 3441 4158 ·
3472 4129 3749 4191 τουτέστι,

2170 4212 2310 4265 κατὰ
2373 4210 2681 4283 πρόγνωσιν
2718 4210 2827 4262 τῶν
2866 4209 3101 4274 αἰώνων,
3167 4210 3436 4282 προειδὼς
3488 4212 3559 4265 τὰ
3614 4213 3751 4282 μὲλ-

2167 4298 2329 4349 λοντα
2356 4311 2370 4326 ο
2426 4297 2551 4359 τοὺς
2601 4294 2888 4365 μέλλοντας
2917 4294 3118 4359 αἰῶνὰς
3143 4313 3307 4367 φησιν
3327 4310 3341 4326 ⁶
3384 4297 3501 4368 ᾔδει
3528 4297 3636 4369 γὰρ
3678 4298 3749 4351 τὰ

2168 4380 2427 4451 ἐσόμενα,
2476 4379 2574 4431 καὶ
2626 4378 2800 4442 οὕτως
2851 4378 3039 4451 ὥρισε.
3098 4382 3261 4435 Κατὰ
3304 4385 3595 4449 πρόθεσιν
3625 4381 3749 4435 τῶν

2167 4463 2416 4519 αἰώνων·
2443 4464 2572 4526 ἴσως
2600 4463 2803 4517 τούτων
2831 4457 2905 4517 ὧν
2931 4465 3186 4533 ἐποίησεν
3212 4467 3270 4517 ἐν
3296 4464 3515 4535 Χριστῷ
3543 4465 3744 4534 Ἰησοῦ,

2167 4550 2249 4601 ὃτι
2271 4547 2336 4618 δὴ
2368 4546 2457 4599 διὰ
2482 4546 2578 4599 τοῦ
2610 4546 2849 4616 Χριστοῦ
2877 4547 3100 4614 γέγονεν
3120 4548 3403 4603 ἃπαν.Ἐν
3427 4543 3475 4616 ᾧ
3500 4548 3744 4619 ἔχομεν,

2167 4632 2322 4700 φησι,
2358 4629 2472 4696 τὴν
2522 4629 2869 4696 παρρησίαν
2916 4630 3014 4683 καὶ
3072 4631 3188 4696 τὴν
3241 4634 3645 4703 προσαγωγὴν
3673 4634 3748 4687 ἐν

2167 4712 2522 4777 πεποιθήσει
2551 4710 2650 4764 διὰ
2686 4710 2796 4778 τῆς
2827 4711 3087 4778 πίστεως
3123 4714 3330 4769 αὑτοῦ.
3357 4716 3470 4787 Οὐχ
3517 4717 3592 4779 ῶς
3621 4720 3745 4787 αἰχ-

2169 4795 2427 4864 μάλωτοι,
2471 4794 2626 4863 φησὶ,
2675 4793 3090 4865 προσήχθημεν,
3138 4797 3246 4850 οὐδ’
3288 4798 3364 4856 ὡς
3409 4800 3743 4871 συγγνώμης

2165 4876 2497 4947 ἀξιούμενοι,
2525 4877 2645 4929 οὺδέ
2675 4878 2751 4940 ὼς
2802 4879 3206 4951 ἡμαρτηκότες.
3255 4884 3387 4946 Καὶ,
3442 4886 3561 4953 Τὴν
3585 4888 3739 4955 παῤ-

2156 4964 2387 5030 ρησίαν
2417 4961 2770 5033 γάρρφησὶν,
2808 4961 3029 5030 ἔχομεν
3063 4964 3134 5018 ἐν
3171 4968 3546 5035 πεποιθήσει,
3584 4987 3741 5022 τουτ-

2163 5046 2302 5107 έστι,
2334 5046 2471 5114 μετὰ
2499 5043 2593 5095 τοῦ
2629 5043 2875 5116 θαρρεῖν.
2911 5047 3121 5109 Πόθεν;
3174 5052 3277 5105 Διὰ
3315 5051 3427 5119 τῆς
3476 5054 3740 5119 πίστεως

2160 5127 2364 5182 αὑτοῦ.
2392 5127 2488 5180 Διὸ
2518 5128 2793 5196 αἰτοῦμαι
2812 5128 2897 5197 μὴ
2927 5131 3208 5184 ἐκκακεῖν
3236 5134 3307 5186 ἐν
3327 5135 3453 5201 ταῖς
3485 5136 3737 5205 θλίψεσί

2160 5229 2280 5279 μου
2315 5211 2467 5276 ὑπὲρ
2496 5210 2683 5278 ὑμῶν,
2708 5211 2838 5278 ἣτις
2861 5213 2991 5265 ἐστὶ
3028 5214 3177 5277 δόξα
3206 5215 3393 5285 ὑμῶν.
3429 5218 3552 5282 Πῶς
3587 5221 3735 5273 ἐστιν

2163 5296 2305 5365 ὑπὲρ
2334 5293 2544 5358 αὑτῶν;
2576 5296 2693 5357 πῶς
2722 5296 2837 5348 ἐστι
2863 5297 2986 5362 δόξα
3015 5299 3197 5351 αὐτῶν
3226 5316 3239 5363 ;
3267 5300 3391 5353 Ὅτι
3419 5300 3597 5366 οὕτως
3631 5302 3733 5356 αὑ-

2156 5382 2282 5443 τοὺς
2309 5378 2595 5449 ἠγάπησεν
2628 5382 2656 5432 ὁ
2678 5379 2830 5442 Θεὸς,
2866 5380 3005 5434 ὥστε
3043 5384 3138 5436 καὶ
3184 5385 3274 5437 τὸν
3308 5386 3439 5439 Υἱὸν
3463 5388 3602 5458 ὑπὲρ
3631 5387 3731 5439 αὑ-

2153 5464 2261 5516 τῶν
2289 5464 2489 5522 δοῦναι,
2522 5465 2615 5516 καὶ
2643 5464 2771 5528 τοὺς
2798 5464 3013 5529 δούλους
3037 5467 3263 5523 κακοῦν.
3294 5470 3410 5522 Ἵνα
3444 5470 3553 5541 γὰρ
3582 5465 3729 5524 οῦτοι

2154 5547 2361 5617 τύχωσι
2382 5547 2652 5600 τοσούτων
2696 5547 2940 5615 ἀγαθῶν,
3000 5551 3211 5616 Παῦλος
3258 5552 3559 5624 ἐδεσμείτο.
3588 5555 3731 5623 Ἀρα

2154 5632 2313 5685 τοῦτο
2343 5633 2444 5701 τῆς
2476 5632 2675 5701 πολλῆς
2726 5632 2818 5684 τοῦ
2870 5632 3007 5687 Θεοῦ
3058 5636 3189 5708 περὶ
3243 5638 3442 5703 αὐτοὺς
3482 5638 3727 5707 ἀγάπης

2155 5716 2292 5785 ὅπερ
2326 5717 2418 5770 καὶ
2450 5716 2579 5785 περὶ
2606 5716 2714 5767 τῶν
2739 5718 3037 5786 προφητῶν
3062 5736 3226 5791 φησιν
3256 5722 3285 5773 ό
3312 5721 3447 5786 Θεός
3470 5738 3482 5751 ·
3533 5722 3733 5776 Ἁπέκο

2161 5816 2358 5853 τεινον
2378 5799 2600 5863 αὐτοὺς
2641 5798 2710 5850 ἐν
2725 5798 2948 5868 ῥήματι
3000 5803 3298 5877 στόματός
3340 5822 3479 5873 μου.
3523 5806 3648 5869 Πῶς
3675 5804 3735 5859 δέ

2160 5882 2477 5948 ἐξεκάκουν,
2540 5882 2701 5937 ἄλλου
2750 5882 3102 5955 θλιϐομένου;
3160 5888 3469 5954 Τουτέστιν,
3536 5889 3731 5960 ἐθορυ-

2162 5968 2370 6033 ϐοῦντο,
2447 5968 2818 6038 ἐταράττοντο.
2880 5968 3062 6025 Ταῦτα
3113 5973 3209 6026 καὶ
3272 5973 3731 6029 Θεσσαλονικεῦσι
