4030 6498
217 403 288 460 19
1104 396 1169 452 IN
1206 395 1417 454 EPIST.
1451 390 1541 445 AD
1577 385 1819 445 EPHES.
1859 383 2009 441 CAP.
2051 383 2142 439 Ill.
2184 383 2416 459 llOleL.
2458 389 2569 449 VII.
2676 428 2699 442 κ
3416 390 3485 445 50

220 532 406 574 torum
453 514 767 589 gravitatem
796 527 893 585 per
920 512 973 567 id
1014 511 1326 582 deponunt,
1379 511 1433 567 bi
1487 524 1619 567 vero
1663 525 1793 565 non.

216 611 445 678 Propter
472 608 586 663 haec
610 606 789 662 omnia
811 604 965 659 nobis
982 604 1114 673 ipsis
1130 602 1487 659 attendamus.
1507 601 1623 656 Non
1644 600 1789 655 vide-

216 704 285 757 tis
300 700 481 756 bella?
501 713 608 755 non
626 697 823 752 auditis
840 695 1208 751 calamitates?
1235 710 1341 750 non
1371 694 1455 749 bis
1474 692 1797 749 erudimini?

214 792 417 847 Gentes
435 799 493 846 et
505 789 748 845 civitates
764 788 983 855 integrze
1002 788 1268 855 absorpta:
1285 794 1409 839 sunt
1428 793 1483 839 et
1498 784 1793 853 perierunt;

215 896 326 939 tam
358 884 527 939 multa
551 882 725 937 millia
745 881 985 935 serviunt
1001 878 1141 945 apud
1163 879 1418 934 barbaros
1450 894 1462 930 :
1486 878 1529 932 si
1551 876 1791 948 gehenna

218 991 320 1030 nos
352 992 462 1031 non
490 974 738 1043 castigat,
772 972 887 1027 inec
911 972 1099 1026 saltem
1130 987 1228 1026 nos
1254 970 1517 1041 castigent
1545 977 1599 1023 et
1639 967 1798 1023 doce-

214 1077 310 1123 ant
336 1082 550 1137 sapere.
575 1067 655 1118 An
684 1064 800 1118 haec
843 1064 1003 1118 minae
1022 1064 1185 1117 sunt?
1215 1077 1395 1116 nonne
1421 1076 1505 1115 res
1529 1075 1649 1130 qum
1668 1073 1796 1114 eve-

214 1159 460 1215 nerunt?
489 1156 706 1226 Magnas
733 1156 809 1209 illi
852 1153 1115 1208 dederunt
1145 1168 1349 1221 pinnas,
1382 1151 1475 1206 sed
1499 1166 1596 1205 nos
1626 1150 1796 1219 majo-

1902 521 1992 562 res
2013 506 2273 572 dabimus,
2305 507 2393 576 qui
2421 523 2487 562 ex
2513 507 2726 563 illorum
2756 504 3144 563 calamitatibus
3170 519 3274 559 non
3304 507 3436 559 casti

1900 615 2110 670 gamur.
2142 599 2317 655 Grave
2341 610 2421 654 est
2453 608 2510 654 et
2560 600 2838 655 molestum
2863 601 3002 671 quod
3024 599 3184 654 dico:
3211 614 3311 667 ego
3340 614 3446 665 quo

1900 708 2007 761 que
2037 692 2089 746 id
2120 693 2234 747 scio
2258 733 2276 756 ,
2319 693 2413 748 sed
2446 694 2651 748 lucrum
2684 693 2839 748 affert
2880 694 2925 748 si
2972 692 3329 749 attendamus.
3358 690 3474 744 Non
3565 709 3586 731 ο

1901 783 2045 835 enim
2083 781 2224 837 dicta
2250 782 2454 853 profert
2480 798 2729 853 umquam
2756 784 2822 837 ad
2856 784 3117 853 gratiam,
3147 781 3239 836 sed
3267 797 3328 834 ca
3355 798 3474 849 qua:

1902 876 2073 945 magis
2097 886 2320 943 possunt
2360 878 2591 930 animam
2623 879 2900 931 continere
2938 887 2993 931 et
3030 876 3326 930 modestam
3355 873 3479 927 red-

1900 966 2048 1021 dere.
2067 967 2191 1021 Haec
2206 970 2347 1022 enim
2371 979 2495 1024 sunt
2514 970 2856 1024 nobiscausa:
2878 970 3174 1023 futurorum
3196 968 3478 1021 bonorum:

1900 1074 2018 1124 qua:
2049 1059 2206 1114 detur
2242 1063 2394 1116 nobis
2424 1062 2673 1117 omnibus
2702 1062 2995 1129 consequi,
3026 1059 3193 1130 gratia
3222 1068 3276 1113 et
3326 1056 3477 1112 beni-

1900 1151 2124 1218 gnitate.

228 1275 3485 1303 *ΜΗ-

1564 1360 1909 1420 HOMlLIA
1953 1362 2092 1421 VII.

214 1509 349 1565 CAP.
382 1510 436 1562 ὃ.
468 1524 520 1562 v.
551 1506 605 1562 8.
634 1505 764 1559 Mihi
807 1514 974 1559 autem
1011 1513 1297 1557 sanctorum
1328 1503 1551 1555 omnium
1577 1503 1785 1555 minimo

291 1602 417 1654 data
442 1608 514 1653 est
550 1599 717 1669 gratia
746 1596 853 1650 hinc
876 1636 893 1661 ,
926 1596 979 1647 in
1004 1594 1230 1666 gentibus
1260 1594 1603 1664 euangelizare
1625 1594 1797 1646 inves-

294 1693 527 1764 tigabiles
574 1690 776 1743 divitias
824 1687 1030 1743 Christi.
1076 1688 1129 1741 9.
1172 1696 1221 1740 et
1264 1685 1557 1739 illuminare
1593 1701 1795 1749 omnes,

296 1799 413 1854 quin
436 1784 500 1837 sit
540 1780 850 1850 dispensatio
881 1778 1186 1832 sacramenti
1215 1776 1495 1830 absconditi
1527 1792 1559 1829 a
1601 1777 1800 1830 steculis

294 1881 349 1931 in
372 1877 479 1930 Deo
494 1876 579 1944 qui
599 1880 771 1928 omnia
791 1872 976 1925 creavit
1002 1887 1091 1938 per
1113 1869 1291 1924 Jesum
1315 1867 1607 1933 Christum;
1632 1867 1721 1923 10.
1747 1876 1802 1921 ut

290 1972 571 2022 innotescat
591 1981 724 2019 nunc
752 1961 1119 2033 principatibus
1158 1971 1206 2014 et
1226 1960 1553 2031 potestatibus
1578 1959 1631 2013 in
1652 1960 1801 2012 cale-

289 2058 454 2111 stibus
510 2072 600 2125 per
650 2054 932 2108 Ecclesium
998 2051 1324 2123 multiformis
1368 2051 1616 2121 sapientia
1663 2047 1801 2117 Dei,

292 2148 383 2202 11.
413 2146 692 2201 secundum
723 2143 1109 2214 prceﬁnitionem
1136 2142 1436 2195 sazculorum
1461 2181 1476 2206 ,
1507 2155 1658 2209 quam
1687 2139 1804 2210 fecit

289 2241 343 2292 in
374 2238 576 2292 Christo
600 2235 728 2289 Iesu
754 2234 972 2289 Domino
999 2241 1189 2288 nostra.

294 2330 345 2382 1.
382 2328 599 2383 Summa
626 2324 783 2380 Pauli
814 2324 1103 2379 humilitas.
1133 2353 1203 2363 --
1228 2322 1320 2377 Eis
1363 2323 1455 2393 qui
1497 2322 1563 2377 ad
1612 2322 1805 2376 medici

219 2419 447 2474 veniunt
472 2416 744 2471 ofﬁcinam
765 2457 780 2481 ,
811 2430 917 2471 non
944 2415 1061 2469 sine
1089 2429 1249 2469 causa
1282 2414 1407 2469 illuc
1430 2422 1514 2468 est
1537 2413 1803 2477 eundum,

220 2511 316 2568 sed
368 2520 427 2564 ut
464 2510 676 2565 discant
702 2523 893 2563 curare
917 2518 973 2562 et
1000 2505 1260 2561 adbibere
1289 2505 1697 2561 medicamenta.
1741 2504 1809 2559 Et

220 2617 321 2658 nos
346 2617 565 2673 quoque
591 2615 711 2655 cum
740 2600 845 2654 huc
873 2598 1263 2655 accesserimus
1283 2637 1299 2663 ,
1332 2613 1440 2651 non
1467 2597 1569 2650 hoc
1594 2603 1809 2666 oportet

222 2705 437 2750 temere
492 2691 669 2747 facere
717 2700 773 2746 et
820 2688 1255 2755 inconsiderate,
1301 2687 1395 2742 sed
1446 2696 1503 2742 ut
1543 2687 1809 2741 discamus

220 2787 379 2844 Pauli
427 2800 695 2841 summam
744 2782 1119 2837 humilitatem.
1146 2779 1285 2846 Quid
1331 2779 1515 2835 enim?
1545 2779 1807 2846 Quoniam

220 2888 341 2934 erat
364 2876 609 2931 dicturus
634 2874 821 2945 gratia:
848 2872 945 2928 Dei
975 2871 1419 2942 magnitudinem,
1449 2871 1572 2926 audi
1605 2871 1754 2925 illum
1789 2886 1805 2925 :

224 2969 362 3023 Hihi
390 2968 614 3022 omnium
654 2974 945 3019 sanctorum
982 2963 1190 3016 minimo
1219 2962 1339 3015 data
1379 2972 1455 3017 est
1477 2962 1643 3033 gratia
1681 2962 1806 3016 haec.

224 3061 356 3115 Erat
391 3058 611 3129 quidem
644 3055 991 3122 humilitatis,
1020 3067 1239 3126 propter
1266 3055 1443 3125 priora
1470 3055 1683 3123 delicta,
1707 3054 1810 3110 etsi

225 3153 409 3208 deleta
434 3192 451 3217 ,
496 3150 716 3220 lugere,
762 3162 948 3203 eorum
989 3147 1297 3201 meminisse
1322 3185 1338 3210 ,
1381 3154 1438 3200 et
1482 3146 1722 3201 modeste
1752 3160 1811 3201 se

223 3258 441 3315 gerere,
465 3252 522 3297 ut
543 3240 756 3312 quando
778 3240 905 3294 dicit
922 3254 981 3294 se
1000 3238 1365 3313 blasphemum
1390 3246 1443 3292 et
1464 3248 1813 3307 persequuto-

226 3352 347 3392 rem
392 3344 448 3390 et
487 3333 973 3396 contumeliosum;
1007 3330 1102 3386 sed
1140 3345 1245 3385 non
1272 3338 1357 3384 est
1386 3329 1515 3383 illud
1546 3344 1665 3384 cum
1712 3331 1813 3385 hoc

226 3427 641 3486 conferendum.
677 3426 832 3480 Prius
863 3426 1027 3492 enim,
1060 3424 1249 3494 inquit,
1280 3422 1425 3477 Talis
1452 3437 1598 3477 eram
1619 3462 1635 3488 ,
1667 3433 1722 3478 et
1753 3438 1813 3479 se

226 3528 391 3575 vocat
433 3517 733 3573 abortivum
768 3532 783 3569 :
812 3524 933 3585 post
959 3524 1038 3570 tot
1062 3525 1241 3570 autem
1271 3514 1527 3583 praeclare
1552 3525 1720 3585 gesta,
1753 3528 1813 3570 se

228 3611 480 3666 modeste
504 3623 713 3679 gerere,
738 3622 800 3661 ac
825 3621 883 3662 se
910 3620 1150 3662 omnium
1180 3606 1459 3661 minimum
1486 3606 1698 3670 dicere,
1730 3616 1815 3661 est

227 3703 421 3757 multae
462 3710 520 3756 et
562 3713 788 3755 summa:
817 3698 1115 3753 modestia}.
1158 3697 1320 3763 Mihi,
1352 3698 1561 3765 inquit,
1605 3699 1813 3752 minimo

226 3794 462 3848 omnium
488 3802 797 3846 sanctorum.
844 3789 960 3844 Non
999 3790 1135 3845 dixit
1177 3791 1540 3859 apostolorum
1576 3804 1591 3843 :
1622 3806 1811 3861 quam-

227 3886 420 3939 obrem
462 3890 548 3937 est
575 3880 707 3935 illud
734 3895 947 3950 quoque
978 3879 1081 3934 hoc
1107 3879 1303 3934 minus.
1334 3879 1448 3935 lllic
1473 3881 1613 3935 enim
1642 3880 1809 3947 dixit,

229 3977 358 4032 Non
381 3995 496 4032 sum
526 3978 710 4047 dignus
748 3976 915 4030 vocari
945 3976 1204 4045 apostolus
1233 3974 1309 4045 (1.
1334 3974 1454 4030 Cor.
1486 3976 1570 4031 15.
1599 3976 1693 4047 9);
1728 3977 1814 4031 hic

228 4082 417 4127 autem
446 4085 509 4125 se
536 4072 695 4124 etiam
723 4067 852 4123 dicit
874 4068 1115 4123 omnium
1147 4075 1457 4121 sanctorum
1485 4066 1763 4121 minimum
1796 4084 1809 4122 :

231 4162 391 4227 Mihi,
420 4161 616 4231 inquit,
647 4159 872 4214 omnium
899 4168 1191 4213 sanctorum
1221 4157 1428 4212 minimo
1456 4158 1577 4212 data
1604 4170 1677 4214 est
1696 4178 1814 4231 gra-

234 4255 308 4307 tia
336 4254 447 4307 hac
478 4268 494 4305 :
528 4251 818 4318 Quanam?
858 4246 1223 4321 Euangelizare
1249 4249 1476 4320 gentibus
1502 4250 1813 4321 impervesti-

234 4344 430 4416 gabiles
477 4341 679 4395 divitias
706 4338 895 4395 Christi
933 4349 980 4393 et
1026 4339 1317 4393 illuminare
1357 4355 1561 4403 omnes,
1612 4356 1725 4411 qute
1751 4343 1816 4395 sit

240 4436 550 4505 dispensatio
588 4434 816 4505 mysterii
851 4433 1128 4489 absconditi
1153 4449 1186 4486 a
1221 4434 1419 4488 steculis
1446 4435 1501 4488 in
1544 4433 1683 4501 Deo,
1728 4437 1816 4508 qui

242 4529 417 4584 omnia
443 4529 623 4582 crearit
649 4544 740 4599 per
766 4524 804 4580 Ι
807 4543 945 4581 esum
969 4525 1256 4593 Christum;
1281 4537 1335 4580 ut
1373 4527 1652 4583 innotescat
1680 4546 1816 4583 nunc

240 4620 608 4690 principatibus
624 4628 673 4673 et
721 4617 1047 4687 potestatibus
1062 4620 1117 4671 in
1137 4617 1411 4674 caelestibus
1427 4634 1517 4688 per
1537 4617 1819 4674 Ecclesiam

236 4711 566 4781 multiformis
587 4709 838 4779 sapientia
866 4707 981 4763 Dei.
1002 4709 1152 4776 Esto,
1180 4708 1483 4765 hominibus
1499 4724 1605 4764 non
1624 4709 1817 4767 fuitre-

234 4801 857 4870 velatumgilluminasne
871 4801 1088 4871 angelos
1097 4809 1152 4856 et
1165 4801 1534 4871 archangelos,
1552 4812 1608 4859 et
1623 4804 1819 4873 princi-

236 4902 395 4963 patus
425 4902 481 4947 et
505 4891 832 4962 potestates?
873 4890 1063 4959 Certe,
1091 4891 1262 4963 inquit
1292 4907 1305 4943 :
1337 4892 1392 4946 in
1422 4892 1529 4948 Deo
1555 4894 1697 4949 enim
1723 4894 1823 4949 fuit

234 4985 589 5051 absconsum,
620 4993 676 5039 et
703 4984 815 5038 Deo
842 4984 935 5053 qui
955 4984 1131 5040 omnia
1161 4986 1364 5040 creavit
1388 5000 1484 5055 per
1509 4985 1715 5043 Jesum.
1745 4987 1818 5042 Et

236 5075 408 5131 audes
446 5074 552 5130 hoc
575 5074 800 5131 dicere?
827 5074 1001 5130 Etiam
1028 5116 1043 5141 ,
1076 5075 1266 5147 inquit.
1294 5074 1401 5132 Sed
1434 5076 1575 5133 unde
1597 5079 1701 5134 hoc
1726 5078 1825 5135 fuit

236 5166 586 5222 manifestum
602 5166 844 5237 angelis?
874 5166 975 5222 Per
997 5166 1308 5222 Ecclesiam.
1341 5166 1525 5237 Neque
1545 5168 1718 5224 solum
1734 5169 1823 5225 di-

238 5261 340 5326 xit,
362 5261 506 5314 varia
526 5259 619 5315 Dei
635 5259 920 5330 sapientia,
938 5259 1055 5319 sed.
1068 5258 1226 5314 Valde
1251 5261 1410 5314 uaria.
1432 5260 1568 5329 Quid
1586 5261 1688 5317 hoc
1697 5278 1826 5333 ergo

239 5352 368 5406 est?
412 5365 521 5405 non
558 5360 756 5405 norunt
777 5350 985 5429 angeli?
1012 5350 1231 5406 Minime
1260 5368 1277 5406 :
1304 5366 1426 5406 nam
1454 5355 1501 5408 si
1541 5352 1826 5424 principa—

241 5452 332 5496 tus
360 5456 469 5496 non
496 5450 696 5497 norunt
718 5482 734 5506 ,
766 5444 936 5497 multo
962 5442 1139 5498 minus
1181 5444 1355 5513 angeli
1385 5447 1651 5501 noverint.
1681 5448 1821 5513 Quid

239 5535 412 5603 ergo?
442 5549 541 5590 nec
566 5533 872 5606 archangeli
894 5536 1122 5591 norunt?
1146 5534 1257 5590 Nec
1293 5536 1367 5591 illi
1392 5554 1405 5592 :
1435 5539 1703 5594 undeuam
1734 5557 1825 5596 es-

240 5633 369 5680 sent
418 5624 726 5695 cognituri?
772 5641 1005 5695 quonam
1056 5626 1371 5682 revelante?
1425 5628 1652 5696 Quando
1721 5647 1820 5686 nos

241 5716 532 5771 didicimus
553 5758 567 5782 ,
598 5727 728 5772 tunc
758 5718 834 5772 illi
859 5732 1071 5789 quoque
1110 5733 1206 5788 per
1233 5732 1351 5773 nos.
1382 5720 1520 5775 Audi
1548 5724 1690 5777 enim
1719 5739 1821 5777 an-

240 5807 423 5878 gelum
450 5805 716 5863 dicentem
732 5806 964 5880 Josepho
989 5827 1003 5867 ς
1034 5800 1253 5861 νοοαυὶδ
1274 5806 1451 5866 nomen
1471 5813 1579 5884 eius
1604 5812 1781 5869 Jesum
1804 5829 1822 5870 :

1900 1519 2010 1572 ipse
2025 1504 2157 1557 enim
2183 1506 2377 1559 salvum
2402 1504 2553 1575 faciet
2584 1508 2824 1574 populum
2847 1526 2877 1560 a
2897 1511 3108 1575 peccatis
3134 1509 3236 1561 suis
3269 1508 3479 1579 (Matth.

1904 1596 1956 1648 1.
1989 1595 2101 1665 21).
2139 1597 2256 1665 Ipse
2304 1598 2498 1651 missus
2549 1597 2645 1651 fuit
2687 1600 2751 1651 atl
2797 1611 3017 1669 gentes,
3068 1600 3140 1652 illi
3193 1609 3368 1653 autem
3414 1600 3479 1653 ad

1904 1687 2388 1743 circumcisionem.
2417 1688 2802 1756 Quamobrem,
2835 1691 2974 1759 quod
3005 1700 3087 1745 est
3114 1691 3479 1745 admirabilius

1904 1789 1959 1833 et
1979 1780 2320 1849 stupendum,
2351 1782 2499 1845 mihi,
2537 1783 2724 1853 inquit,
2754 1784 2934 1837 datum
2959 1796 3040 1839 est
3063 1786 3149 1855 qui
3179 1802 3294 1837 sum
3328 1786 3485 1838 mini-

1907 1887 2044 1926 mus.
2094 1871 2221 1926 Erat
2266 1883 2444 1928 autem
2496 1874 2595 1928 lmc
2642 1891 2852 1945 quoque
2897 1878 3078 1944 gratius
3130 1878 3269 1947 quod
3321 1893 3483 1947 parva

1908 1962 2106 2033 majora
2126 1974 2249 2018 sunt
2270 1966 2491 2030 credita,
2516 1976 2571 2020 ut
2598 1978 2741 2021 esset
2767 1984 2951 2023 eorum
2976 1971 3324 2040 evangelista.
3350 1972 3481 2026 Nam

1907 2055 1996 2124 qui
2026 2057 2284 2124 majorum
2316 2055 2412 2110 fuit
2439 2059 2798 2128 evangelista,
2833 2060 2934 2115 hac
2985 2063 3193 2116 ratione
3235 2074 3318 2117 est
3366 2082 3481 2116 ma-

1906 2162 2063 2218 gnus.
2106 2147 2473 2219 Euangelizare
2511 2151 2563 2203 in
2604 2154 2832 2222 gentibus
2880 2154 3247 2226 investigabiles
3285 2157 3487 2212 divitias

1908 2238 2113 2292 Christi.
2142 2238 2197 2293 Si
2222 2240 2340 2308 ejus
2385 2240 2583 2295 divitia:
2608 2253 2733 2297 sunt
2762 2244 3290 2315 impervestigahiles,
3322 2249 3482 2302 etiam

1910 2339 2187 2397 postquam
2233 2332 2512 2400 apparuit,
2568 2333 2737 2388 multo
2777 2335 2945 2403 magis
2993 2337 3246 2391 essentia.
3297 2337 3349 2392 Si
3398 2348 3484 2392 est

1910 2418 2083 2474 adhuc
2110 2422 2449 2491 mysterium,
2484 2424 2653 2477 multo
2684 2426 2851 2494 magis
2876 2438 3161 2495 antequam
3188 2444 3483 2497 cognosce-

1910 2522 2076 2565 retur.
2107 2512 2415 2583 Mysterium
2443 2514 2583 2568 enim
2613 2515 2783 2584 ipsum
2817 2526 3094 2587 propterea
3123 2528 3309 2582 vocat,
3339 2536 3480 2589 quo-

1911 2606 2052 2658 niam
2081 2620 2179 2659 nec
2205 2607 2378 2676 angeli
2405 2617 2687 2674 noverant,
2723 2624 2821 2663 nec
2848 2609 2939 2663 ulli
2980 2611 3067 2664 alii
3099 2621 3215 2665 erat
3244 2613 3470 2669 manife-

1912 2710 2071 2754 stum.
2107 2697 2175 2754 Et
2196 2701 2502 2765 illuminare,
2530 2702 2718 2770 inquit,
2753 2720 2925 2757 omnes
2952 2720 3064 2774 qua:
3086 2706 3150 2757 sit
3175 2708 3484 2776 dispensatio

1913 2792 2138 2861 mysterii
2164 2793 2444 2845 absconditi
2468 2809 2500 2845 a
2541 2794 2740 2847 strculis
2765 2794 2817 2847 in
2846 2794 2972 2861 Deo,
3000 2796 3085 2864 qui
3114 2800 3281 2850 omnia
3302 2801 3486 2851 creavit

1914 2901 2004 2954 per
2030 2884 2209 2938 Jesum
2234 2884 2511 2939 Christum.
2547 2886 2732 2955 Angeli
2760 2886 2862 2939 hoc
2894 2896 3098 2941 tantum
3126 2899 3317 2942 norant
3342 2891 3485 2961 quod

1914 2975 2105 3030 Factus
2134 2987 2205 3031 est
2235 2978 2400 3047 portio
2431 2975 2639 3030 Domini
2669 2978 2890 3047 populus
2919 2980 3028 3050 ejus
3058 2977 3235 3051 (Deut.
3266 2981 3353 3036 52.
3389 2980 3442 3051 9)
3469 2999 3483 3047 ;

1913 3077 1967 3123 et
1994 3083 2180 3123 rursus
2199 3107 2216 3131 ,
2251 3066 2499 3143 Princeps
2528 3066 2805 3121 Persarum
2833 3070 3018 3124 restitit
3047 3071 3171 3124 mihi
3201 3070 3362 3140 (Dan.
3394 3074 3484 3128 10.

1916 3162 2025 3229 15).
2052 3158 2408 3228 Quamobrem
2440 3173 2547 3213 non
2578 3168 2661 3214 est
2692 3159 2995 3214 mirandum
3023 3202 3038 3227 ,
3068 3161 3112 3215 si
3145 3161 3247 3217 hoc
3272 3177 3486 3232 quoque

1915 3251 2249 3322 ignorabant.
2276 3249 2408 3304 Nam
2439 3251 2482 3303 si
2510 3248 2738 3304 reditum
2767 3250 3116 3320 ignorabant,
3162 3251 3277 3307 hmo
3319 3254 3489 3307 multo

1914 3346 2084 3414 magis
2107 3362 2120 3398 :
2144 3354 2227 3399 est
2248 3344 2389 3399 enim
2424 3343 2524 3398 hoc
2549 3344 2904 3414 evangelium.
2937 3344 3038 3409 Qui
3057 3345 3271 3411 salvum,
3296 3347 3487 3416 inquit,

1917 3436 2067 3509 faciet
2097 3435 2341 3505 papulum
2368 3452 2518 3490 suum
2542 3433 2708 3489 Israel
2753 3434 2967 3505 (Matth.
2999 3437 3052 3491 1.
3079 3435 3198 3507 21).
3230 3438 3375 3499 Nihil
3420 3440 3489 3495 de

1914 3525 2162 3595 gentibus
2195 3524 2328 3579 :sed
2370 3525 2437 3580 de
2484 3525 2728 3595 gentibus
2766 3526 2969 3580 revelat
3011 3525 3263 3596 Spiritus.
3290 3532 3489 3599 'Atquc

1915 3617 2056 3688 quod
2083 3628 2281 3672 vocatae
2307 3617 2523 3688 quidem
2555 3625 2757 3685 essent,
2788 3627 3014 3682 norant;
3046 3618 3187 3689 quod
3217 3630 3395 3675 autem
3421 3622 3487 3674 ad

1915 3707 2100 3763 eadem
2126 3748 2141 3771 ,
2182 3716 2236 3762 et
2262 3722 2492 3763 sessurte
2535 3718 2715 3763 essent
2744 3709 2798 3762 in
2829 3708 3022 3764 throno
3048 3709 3182 3775 Dei,
3217 3710 3336 3780 quis
3385 3712 3487 3765 hoc

1919 3808 2306 3870 exspectasset,
2334 3800 2453 3869 quis
2482 3799 2832 3855 credidisset?
2859 3800 3173 3867 Absconditi,
3220 3802 3408 3872 inquit,
3435 3803 3489 3855 in

1917 3890 2048 3945 Deo.
2081 3890 2229 3945 Hanc
2257 3899 2434 3944 autem
2458 3890 2911 3961 dispensationem
2936 3892 3176 3961 apertius
3204 3893 3404 3947 revelat
3432 3893 3487 3947 in

1920 3982 2155 4052 Epistula
2190 3980 2255 4035 ad
2299 3981 2589 4036 Romanos.
2637 3980 2705 4035 In
2748 3981 2892 4048 Deo,
2940 3984 3146 4052 inquit,
3190 3985 3277 4055 qui
3322 3992 3491 4039 omnia

1918 4074 2103 4129 creavit
2133 4090 2223 4145 per
2252 4072 2431 4128 Jesum
2461 4072 2733 4129 Christum.
2768 4075 2935 4131 Recte
2959 4086 3134 4132 autem
3162 4080 3490 4135 creationem

1918 4165 2235 4221 memoravit
2280 4165 2501 4232 dicens,
2535 4163 2638 4219 Per
2668 4165 2940 4220 Christum.
2985 4168 3116 4223 Nam
3163 4170 3251 4239 qui
3312 4172 3497 4227 omnia

1919 4257 2120 4312 creavit
2146 4272 2240 4327 per
2269 4257 2440 4326 ipsum
2462 4298 2477 4321 ,
2508 4256 2609 4311 hoc
2634 4274 2844 4329 quoque
2888 4275 2983 4326 per
3022 4261 3193 4330 ipsum
3224 4264 3426 4318 revelat
3475 4283 3493 4319 :

1921 4350 2052 4404 nihil
2090 4349 2234 4405 enim
2274 4350 2391 4404 sine
2434 4348 2527 4403 illo
2556 4348 2683 4404 fecit
2724 4366 2737 4401 :
2773 4365 2892 4403 nam
2941 4350 3067 4405 Sine
3107 4352 3226 4418 illo,
3280 4353 3450 4423 inquit
3477 4398 3491 4420 ,

1922 4443 2111 4511 factum
2140 4449 2211 4493 est
2239 4439 2366 4493 nihil
2398 4437 2589 4511 (Joan.
2617 4440 2671 4494 1.
2705 4439 2796 4509 5).
2830 4441 3022 4495 Dicens
3067 4444 3399 4512 principatus
3438 4455 3491 4500 ct

1919 4540 2229 4601 potestates,
2248 4529 2380 4584 dixit
2398 4530 2768 4599 etsuperiores
2788 4541 2841 4586 et
2871 4532 3170 4589 inferiores.
3200 4536 3489 4593 Secundum

1918 4622 2303 4694 prteﬁnitionem
2352 4622 2670 4677 steculorum.
2700 4624 2851 4679 Nunc
2877 4625 3090 4695 quidem
3130 4626 3326 4684 factum
3370 4638 3453 4686 est
3474 4672 3490 4697 ,

1922 4715 2124 4783 inquit,
2150 4728 2254 4767 non
2283 4728 2423 4768 nunc
2450 4722 2629 4769 autem
2667 4724 2751 4770 est
2780 4717 3142 4793 praeﬁnitum,
3188 4719 3283 4775 sed
3304 4723 3488 4777 multis

1924 4814 2069 4858 retro
2115 4804 2249 4859 actis
2296 4805 2624 4874 temporibus
2652 4805 2748 4860 fuit
2789 4810 3161 4864 constitutum.
3194 4810 3493 4868 Secundum

1924 4897 2311 4968 prwﬁnitionem
2352 4898 2652 4953 sateulorum
2695 4917 2846 4972 quam
2875 4902 2994 4971 fecit
3029 4904 3083 4957 in
3129 4905 3328 4960 Christo
3368 4905 3493 4961 Iesu

1924 4987 2143 5043 Domino
2171 4998 2362 5043 nostra.
2393 4988 2505 5044 Hoc
2532 4998 2617 5044 est
2636 5031 2652 5057 ,
2704 4992 2994 5046 secundum
3022 4997 3495 5067 praecognitionexn

1924 5082 2243 5137 saeculorum
2261 5122 2277 5148 ,
2299 5090 2357 5135 ut
2383 5081 2471 5152 qui
2493 5080 2667 5136 futura
2692 5085 3079 5153 praescivisset,
3105 5086 3278 5143 futura
3301 5095 3496 5146 sazcula

1925 5172 2054 5228 dicit
2083 5191 2097 5227 :
2128 5171 2330 5228 sciebat
2355 5173 2499 5228 enim
2521 5173 2694 5229 futura
2728 5184 2777 5230 et
2806 5176 2884 5231 sic
2908 5177 3170 5234 deﬁnivit.
3204 5180 3494 5237 Secundum

1927 5264 2312 5335 prtzﬁnitionem
2357 5266 2696 5332 saeculorum;
2771 5266 2963 5324 horum
3040 5269 3302 5338 fortasse,
3381 5290 3499 5342 qua:

1928 5359 2053 5414 fecit
2073 5358 2126 5413 in
2155 5358 2372 5414 Christo
2417 5357 2589 5415 Jesu:
2642 5376 2735 5431 per
2775 5361 3048 5419 Christum
3092 5376 3268 5421 autem
3299 5367 3495 5423 factum

1928 5459 2015 5506 est
2069 5450 2401 5505 universum.
2451 5450 2538 5507 12.
2572 5450 2636 5506 1η
2662 5469 2759 5518 quo
2782 5495 2798 5519 ,
2839 5454 3041 5526 inquit,
3090 5457 3328 5512 habentus
3357 5460 3491 5530 fidu-

1929 5544 2066 5597 ciam
2117 5550 2164 5597 et
2205 5559 2461 5597 accessum
2508 5544 2564 5598 in
2615 5546 2919 5616 conﬁdentia
2945 5564 3034 5618 per
3051 5549 3205 5617 ﬁdem
3226 5550 3354 5621 ejus.
3375 5551 3493 5607 Non

1932 5646 2200 5706 tamquam
2226 5637 2419 5706 captivi
2444 5678 2460 5704 ,
2489 5637 2693 5708 inquit,
2733 5638 2946 5694 adducti
2968 5654 3153 5697 sumus
3176 5683 3192 5708 ,
3223 5659 3397 5714 neque
3449 5657 3498 5704 ut

1929 5727 2131 5798 dignati
2182 5727 2377 5794 venia,
2406 5743 2578 5799 neque
2630 5738 2896 5800 tamquam
2941 5731 3031 5802 qui
3080 5736 3499 5804 peccaverimus.

1936 5817 2145 5874 Etenim
2175 5817 2464 5888 Fiduciam,
2490 5819 2677 5893 inquit,
2705 5820 2942 5877 habemus
2968 5823 3020 5879 in
3048 5824 3369 5896 conﬁdentia,
3393 5825 3499 5882 hoc
