4030 6518
584 421 647 481 5|
1320 417 1374 472 S.
1414 412 1687 470 JOANNIS
1725 397 2184 465 CHRYSOSTOMI
2223 402 2540 458 ARCHIEP.
2579 403 3103 460 CONSTANTINOP.
3769 409 3832 465 5'2

583 550 688 602 ost,
715 538 1050 594 coolidimus.
1080 532 1396 590 Undenam?
1423 529 1523 584 Per
1550 530 1700 597 ﬁdem
1742 528 1870 597 ejus.
1898 524 1987 578 15.
2022 521 2155 576 Pro-

590 646 701 700 pter
725 633 860 703 quod
881 642 992 700 peto
1018 647 1080 682 ne
1105 626 1349 694 deﬁciatis
1391 625 1443 677 in
1475 619 1877 676 tribulationibus
1918 617 2039 669 meis
2063 631 2156 683 pro

583 726 739 785 vobis,
767 739 879 792 qua:
903 733 975 775 est
1002 719 1165 791 gloria
1192 728 1372 771 vestra.
1404 714 1681 783 Quomodo
1707 721 1831 765 sunt
1861 724 1958 779 pro
1988 706 2155 776 ipsis?

586 815 854 883 quoxnodo
883 821 1007 865 sunt
1058 810 1223 880 gloria
1276 808 1554 877 ipsorum?
1596 805 1857 874 Quoniam
1905 801 2049 872 ipsos
2073 798 2153 852 sic

583 908 770 961 dilexit
802 906 959 968 Deus,
988 903 1223 957 utetiam
1254 917 1348 969 pro
1375 900 1502 971 ipsis
1529 898 1683 952 daret
1710 893 1927 962 Filium,
1956 904 2010 949 et
2034 909 2153 948 ser-

585 1015 677 1051 vus
712 1012 838 1051 suos
866 997 1003 1049 male
1030 996 1286 1047 alliceret.
1316 991 1447 1045 Nam
1476 999 1535 1043 ut
1556 988 1643 1043 isti
1671 998 1775 1041 tam
1807 988 1971 1040 multa
2019 987 2099 1035 Ino
2123 999 2153 1038 a

581 1098 1058 1158 consequerentur,
1117 1086 1310 1139 Paulus
1361 1090 1476 1137 erat
1522 1082 1573 1135 in
1623 1079 1870 1133 vinculis.
1921 1077 2033 1132 Hoc
2073 1085 2157 1130 est

582 1182 761 1235 multa:
810 1180 903 1233 ι)ίεί
935 1179 984 1232 in
1033 1178 1175 1246 lpStts
1205 1175 1478 1228 caritatis:
1535 1171 1675 1241 quod
1724 1170 1884 1225 etiam
1915 1168 1983 1222 de
2024 1183 2152 1238 pro-

583 1274 758 1341 phetis
786 1272 913 1325 dicit
941 1271 1076 1323 Deus
1110 1286 1121 1320 :
1154 1266 1329 1320 Occidi
1355 1282 1439 1318 eos
1463 1265 1517 1317 in
1541 1263 1697 1317 verbis
1727 1263 1829 1314 oris
1849 1261 1949 1314 mei
1977 1260 2131 1329 (Osee

580 1365 616 1419 6
667 1365 744 1433 5).
771 1362 1049 1431 Quomodo
1081 1369 1258 1412 autem
1286 1357 1601 1411 deficiebant
1638 1355 1744 1408 alio
1771 1353 2010 1408 afﬂicto?
2043 1353 2152 1407 lloc

579 1468 698 1520 est,
743 1455 1211 1526 perturbabantur.
1261 1451 1371 1505 Hoc
1418 1451 1577 1504 etiam
1625 1448 1757 1501 dicit
1805 1446 2046 1500 scribens
2084 1444 2151 1499 ad

592 1546 1101 1600 Thessalonicenses
1136 1560 1148 1594 :
1182 1541 1247 1596 Ut
1279 1557 1422 1594 nemo
1448 1550 1703 1593 moveatur
1730 1540 1782 1591 in
1807 1538 2148 1591 tribulationi-

580 1642 670 1694 bus
696 1641 802 1693 istis
832 1640 906 1707 (l.
930 1634 1107 1691 Thess.
1134 1636 1189 1689 5.
1215 1633 1291 1704 5).
1321 1633 1437 1687 Non
1464 1633 1635 1687 solum
1664 1633 1804 1685 enim
1838 1645 1941 1684 non
1967 1630 2151 1683 dolen-

577 1732 703 1785 dum
728 1770 747 1797 ,
807 1729 901 1783 sed
931 1730 1089 1783 etiam
1119 1735 1202 1781 est
1233 1725 1533 1779 laetandum.
1570 1724 1626 1779 Si
1672 1724 1815 1777 enim
1843 1738 1905 1777 ex
1954 1723 2147 1791 prmdi-

579 1823 757 1876 etione
781 1820 1020 1887 accipitis
1047 1816 1490 1877 consolationem,
1513 1814 1845 1886 przedicimus
1874 1813 2105 1869 futurum
2132 1855 2148 1877 ,

578 1923 638 1965 ut
664 1912 747 1965 hic
776 1911 1090 1981 affligantur.
1124 1910 1333 1977 Quare?
1362 1908 1623 1975 Quoniam
1658 1907 1910 1961 Dominus
1938 1908 2013 1961 sic
2037 1905 2151 1977 jus-

577 2004 665 2056 sit.
697 2004 786 2057 M.
821 2001 990 2073 Hujus
1025 2003 1098 2055 rei
1123 2001 1289 2073 gratia
1313 2000 1461 2069 flecto
1491 2016 1653 2070 genua
1682 2016 1794 2053 mea
1832 1998 1899 2052 ad
1945 1999 2149 2054 Putrem

575 2096 781 2149 Domini
806 2096 964 2149 nostri
1004 2093 1122 2149 Iesu
1152 2092 1360 2156 Christi,
1389 2092 1476 2148 15.
1514 2109 1577 2145 ea:
1602 2108 1699 2163 quo
1727 2093 1887 2145 onmis
1927 2094 2148 2162 paterni—

578 2199 656 2240 tas
686 2191 736 2240 in
766 2188 903 2241 cretis
938 2188 1060 2240 etin
1091 2197 1223 2239 terra
1247 2185 1559 2239 nominatur.
1593 2183 1716 2240 Sua:
1745 2200 1838 2253 pro
1868 2186 1993 2253 ipsis
2026 2200 2146 2253 pre-

574 2279 800 2333 cationis
825 2277 1058 2332 ostendit
1082 2277 1352 2332 affectum.
1380 2276 1491 2331 Non
1523 2276 1656 2331 dixit
1687 2277 1859 2331 solum
1881 2317 1896 2341 ,
1927 2276 2146 2341 Precor,

573 2372 668 2426 sed
712 2382 1084 2441 compunctam
1116 2372 1350 2425 ostendit
1400 2372 1759 2440 precationem
1788 2386 1853 2424 ex
1893 2386 1958 2425 eo
2003 2369 2145 2440 quod

572 2464 752 2519 ﬂectat
774 2479 966 2533 genua.
1000 2462 1085 2516 Ea:
1104 2479 1203 2533 quo
1228 2463 1390 2516 omnis
1417 2463 1711 2531 paternitas.
1744 2461 1858 2515 Non
1885 2462 1994 2531 jam
2021 2461 2150 2516 dicit

571 2554 865 2609 secundum
897 2568 1177 2608 numerum
1205 2553 1512 2622 angelorum
1538 2593 1553 2615 ,
1584 2552 1676 2606 sed
1705 2551 1994 2606 secundum
2025 2568 2147 2605 eum

569 2646 661 2717 qui
692 2646 816 2702 fecit
844 2646 1014 2701 tribus
1038 2659 1300 2715 supernas
1328 2652 1383 2698 et
1405 2644 1642 2698 infernas
1668 2686 1683 2708 ,
1713 2660 1816 2697 non
1846 2644 2031 2713 quales
2055 2644 2147 2698 Ju-

571 2740 760 2794 daicm.
794 2739 882 2793 16.
920 2737 987 2793 Ut
1014 2736 1095 2791 det
1134 2738 1270 2791 vobis
1298 2738 1572 2790 secundum
1611 2735 1811 2788 divitias
1840 2738 2017 2807 gloria:
2043 2754 2149 2791 sua:

572 2832 802 2885 virtutem
830 2830 1147 2885 corroborari
1172 2846 1261 2899 per
1291 2829 1544 2898 Spiritum
1568 2829 1677 2897 ejus
1697 2829 1749 2881 in
1777 2827 2006 2883 interiori
2049 2830 2144 2882 hoc

577 2924 731 2989 mine,
762 2923 857 2976 i7.
905 2921 1162 2993 Christum
1193 2921 1418 2974 habitare
1444 2936 1531 2990 per
1551 2920 1702 2986 ﬁdem
1726 2918 1780 2973 in
1806 2921 2038 2975 cordibus
2067 2937 2148 2976 ve-

572 3015 711 3068 stris.
745 3010 876 3069 Vide
902 3029 1020 3068 cum
1050 3023 1245 3083 quanta
1269 3012 1664 3067 insatiabilitate
1690 3012 1770 3067 eis
1791 3014 1927 3066 bona
1961 3027 2149 3083 prece-

576 3114 661 3159 tur
685 3147 700 3171 ,
734 3120 801 3158 ne
836 3103 1302 3159 circumferuntur.
1354 3102 1637 3171 Quomodo
1683 3113 1862 3158 autem
1910 3105 1968 3158 lit
2008 3104 2150 3159 hoc?

578 3197 682 3252 Per
711 3197 961 3268 Spiritum
986 3206 1215 3252 sanctum
1268 3197 1320 3250 in
1366 3196 1595 3250 interiori
1645 3197 1847 3251 homine
1871 3197 2152 3252 inhabitare

577 3292 834 3345 Christum
861 3308 951 3361 per
986 3291 1137 3358 ﬁdem
1167 3292 1220 3343 in
1248 3290 1480 3344 cordibus
1503 3289 1695 3343 vestris.
1726 3289 2038 3355 Quomodo?
2083 3291 2150 3345 In

578 3385 788 3438 caritate
812 3383 1028 3437 radicati
1052 3391 1097 3436 et
1121 3382 1321 3452 fundati
1341 3423 1356 3447 ,
1384 3378 1472 3435 18.
1497 3390 1551 3434 ut
1583 3379 1782 3451 possitis
1821 3384 2149 3450 comprehen-

578 3476 697 3529 dere
738 3492 853 3554 cum
897 3472 1125 3529 omnibus
1161 3473 1381 3533 sanctis,
1410 3488 1523 3541 qua:
1549 3473 1613 3526 sit
1638 3472 1898 3542 longitudo
1946 3480 1992 3527 et
2029 3475 2149 3525 lati-

577 3568 737 3633 tudo,
779 3578 825 3622 et
875 3566 1157 3621 sublimitas
1201 3576 1247 3619 et
1295 3564 1607 3635 profundum
1648 3579 1667 3618 :
1702 3564 1788 3619 19.
1830 3564 1960 3619 scire
2001 3566 2151 3620 etiam

576 3660 1023 3727 supereminentem
1044 3659 1266 3713 scientia:
1293 3658 1551 3710 caritatem
1575 3655 1783 3711 Christi.

649 3750 705 3803 2.
746 3750 896 3816 Quod
936 3758 1181 3819 precatus
1221 3748 1379 3802 estin
1410 3747 1690 3817 principio,
1722 3745 1822 3801 hoc
1851 3761 1993 3801 nunc
2019 3762 2153 3817 quo-

578 3859 701 3913 que.
726 3844 861 3911 Quid
889 3852 971 3897 est
996 3852 1173 3895 autem
1199 3840 1339 3909 quod
1362 3840 1499 3893 dixit
1522 3840 1572 3893 in
1600 3838 1898 3908 principio?
1922 3834 1989 3893 Ut
2016 3837 2152 3891 Deus

579 3936 788 3990 Domini
828 3937 985 3989 nostri
1020 3931 1148 3988 Iesu
1195 3932 1420 3996 Christi,
1466 3930 1624 3985 Pater
1664 3931 1862 4001 glorite,
1892 3931 1974 3984 det
2017 3931 2154 3984 vobis

579 4027 815 4096 spiritum
848 4025 1108 4095 sapientia:
1146 4034 1192 4077 et
1232 4022 1551 4076 reuelationis
1592 4022 1645 4075 in
1673 4022 1981 4092 agnitionem
2019 4023 2151 4093 ejus,

580 4115 895 4171 illuminutos
936 4114 1109 4168 oculos
1134 4112 1302 4167 cordis
1329 4113 1496 4176 vestri,
1526 4121 1581 4165 ut
1609 4111 1782 4165 sciatis
1807 4126 1919 4179 qua?
1946 4113 2009 4166 sit
2040 4128 2155 4180 spes

582 4207 853 4262 vocationis
876 4209 1003 4275 ejus,
1033 4215 1077 4258 et
1104 4219 1217 4274 qua:
1239 4203 1428 4256 divitia:
1452 4202 1628 4273 gloria:
1653 4202 1943 4256 hereditatis
1970 4204 2079 4272 ejus
2102 4203 2156 4255 in

581 4298 783 4360 sanctis,
805 4306 852 4351 et
876 4312 988 4367 qua:
1025 4296 1088 4349 sit
1116 4295 1489 4365 supereminens
1512 4293 1806 4363 magnitudo
1827 4292 2024 4346 virtutis
2048 4293 2155 4362 ejus

582 4392 635 4445 in
673 4407 763 4443 nos
799 4391 884 4459 qui
920 4388 1170 4442 credimus
1218 4384 1431 4455 (Ep/tes.
1480 4386 1532 4438 1.
1582 4384 1788 4454 17-19).
1832 4384 1972 4439 Idem
2019 4400 2158 4438 nunc

584 4496 794 4552 quoque
813 4481 941 4535 dicit
973 4497 985 4533 :
1024 4477 1091 4534 Ut
1122 4478 1321 4547 possitis
1344 4477 1762 4546 comprehendere
1788 4492 1901 4528 cum
1931 4476 2157 4528 omnibus

584 4573 789 4637 sanctis,
831 4587 944 4639 qua:
984 4571 1047 4623 sit
1094 4567 1356 4640 longitudo
1405 4577 1450 4621 et
1496 4566 1733 4633 latitudo,
1783 4566 2063 4620 sublimitas
2112 4576 2159 4619 et

590 4663 932 4734 profundum;
955 4661 1057 4715 hoc
1086 4672 1187 4725 est,
1235 4660 1543 4731 mysterium
1572 4659 1710 4727 quod
1749 4674 1844 4726 pro
1871 4660 2025 4713 nobis
2052 4660 2161 4713 dis-

590 4766 867 4826 pensatum
897 4764 979 4808 est
1026 4761 1272 4807 accurate
1314 4752 1493 4806 scire:
1539 4749 1639 4804 hoc
1682 4750 1823 4803 enim
1860 4760 2011 4803 vocat
2037 4750 2158 4803 lati-

588 4847 824 4902 tudinem
854 4858 908 4901 et
932 4843 1340 4915 longitudinem,
1382 4840 1791 4911 profunditatem
1822 4849 1878 4895 et
1916 4840 2159 4895 sublimi-

588 4945 753 4994 tatem
784 4958 797 4993 :
826 4937 877 4993 id
915 4946 1032 5002 est,
1079 4934 1495 5005 magnitudinem
1541 4930 1779 4987 caritatis
1828 4932 1917 4986 Dei
1964 4946 2156 4997 nosse,

588 5029 858 5099 quomodo
886 5030 935 5083 in
963 5043 1176 5082 omnem
1208 5034 1410 5096 partem
1438 5032 1656 5079 extensa
1683 5026 1772 5077 sit.
1806 5022 1873 5077 Et
1892 5038 2007 5076 eam
2037 5038 2158 5077 cor-

591 5121 863 5193 poralibus
910 5122 1092 5190 figuris
1140 5117 1452 5187 descripsit,
1505 5116 1794 5170 ostendens
1845 5114 2159 5169 hominem:

591 5212 1036 5282 comprehendit‘
1067 5228 1187 5282 qua:
1229 5223 1354 5265 sunt
1380 5225 1561 5280 supra,
1590 5226 1710 5279 qua:
1751 5207 1909 5274 infra,
1952 5218 2006 5263 ct
2043 5224 2162 5277 qua:

591 5322 661 5361 ex
694 5316 1020 5361 transverso.
1064 5304 1300 5359 Diximus
1326 5304 1492 5369 enim,
1524 5305 1710 5373 inquit,
1746 5317 1849 5356 non
1877 5312 1959 5355 est
1984 5312 2161 5355 autem

592 5414 726 5455 mea:
760 5397 972 5453 dicendi
1001 5396 1262 5452 facultatis
1294 5396 1409 5450 haec
1434 5395 1650 5460 docere,
1675 5394 1769 5449 sed
1797 5395 1964 5447 sancti
1990 5392 2162 5463 Spiri-

592 5500 697 5544 tus.
729 5488 899 5559 Hujus
926 5489 1125 5549 virtute,
1167 5487 1356 5557 inquit,
1401 5485 1717 5540 corroborari
1754 5483 2010 5539 adversus
2041 5495 2160 5538 ten-

593 5584 838 5648 taliones,
881 5590 936 5635 et
974 5594 1078 5634 non
1105 5578 1283 5634 labare
1319 5585 1376 5633 et
1402 5577 1587 5632 devios
1621 5575 1768 5630 ferri.
1800 5574 2158 5641 Quamobrem

654 5734 672 5765 ⁸
706 5741 834 5783 Unus
847 5733 1089 5785 Codex....
1117 5740 1316 5784 extensa
1337 5732 1415 5783 sit.
1450 5730 1616 5781 volens
1645 5736 1805 5780 autem
1828 5730 2158 5781 demonstrare

591 5804 769 5860 quanta
791 5796 1086 5860 sitcaritatis
1112 5793 1530 5860 Deimagnitudo,
1556 5792 1885 5860 corporalibus
1907 5790 2077 5856 figuris
2098 5793 2154 5845 il-

589 5861 690 5910 lam
711 5856 980 5923 descripsit,
1006 5858 1164 5921 νάρκα
1187 5854 1369 5919 dicetis,
1396 5856 1521 5920 quod
1536 5854 1922 5920 comprehendat,
1939 5854 2031 5905 etc.

2265 516 2376 569 ﬁeri
2419 518 2575 572 aliter
2610 533 2713 571 non
2757 526 2930 586 potest
2976 528 3033 571 ut
3075 518 3507 580 corroboremur.
3543 534 3705 589 quam
3744 537 3824 589 per

2259 608 2512 676 Spiritum
2557 618 2612 663 et
2658 610 2997 665 tentationes.
3038 610 3318 677 Quomodo
3359 622 3537 666 autem
3588 611 3828 670 Christus

2261 699 2461 753 habitet
2490 701 2542 754 in
2569 701 2839 767 cordibus,
2867 702 2987 755 audi
3018 702 3287 756 Christum
3318 702 3585 758 dicentem
3611 723 3625 759 :
3652 705 3762 775 Ego
3786 719 3831 759 et

2260 787 2417 842 Pater
2456 791 2706 844 veniemus
2727 833 2742 853 ,
2789 801 2835 844 et
2888 794 3200 845 mansionem
3239 793 3379 861 apud
3429 811 3542 847 eum
3591 797 3830 863 faciemus

2263 879 2439 951 (Joan.
2472 883 2558 936 Η.
2582 882 2698 950 23).
2735 882 2997 937 lnhabitat
3023 894 3199 938 autem
3233 900 3338 938 non
3370 887 3711 955 simpliciter.
3741 892 3827 943 sed

2260 973 2310 1026 in
2341 974 2589 1028 cordibus
2617 974 2861 1029 ﬁdelibus
2887 991 3006 1045 quae
3033 976 3242 1032 radices
3270 988 3497 1046 egerunt
3522 980 3576 1033 iu
3606 982 3728 1048 ejus
3746 999 3829 1037 ca-

2257 1066 2430 1131 ritate,
2476 1082 2594 1134 quae
2635 1082 2738 1121 non
2768 1067 2935 1122 devia:
2966 1066 3230 1123 feruntur.
3279 1068 3347 1123 Ut
3374 1072 3596 1139 possitis,
3640 1074 3828 1142 inquit.

2259 1157 2438 1227 Itaque
2468 1159 2672 1229 magnis
2692 1174 2827 1228 opus
2846 1170 2928 1214 est
2952 1161 3173 1214 viribus.
3209 1160 3306 1216 Ubi
3337 1178 3462 1216 vero
3485 1164 3684 1217 talibus
3702 1181 3831 1235 opus

2256 1251 2326 1305 sit
2352 1252 2552 1306 viribus
2579 1253 2834 1317 declarat,
2873 1253 3221 1324 subjungens,
3266 1253 3334 1309 Ut
3363 1258 3566 1325 possitis
3605 1274 3830 1326 compre-

2257 1342 2470 1395 hendere
2502 1360 2615 1396 cum
2654 1344 2885 1397 omnibus
2924 1345 3132 1409 sanctis,
3166 1360 3279 1415 quas
3322 1345 3387 1399 sit
3421 1348 3749 1417 profunditas
3787 1360 3829 1403 et

2254 1435 2489 1497 altitudo,
2517 1445 2563 1487 et
2591 1436 2717 1488 scire
2736 1450 2850 1501 qua:
2874 1435 2936 1489 sit
2966 1436 3343 1503 supereminens
3372 1437 3557 1490 raritas
3581 1440 3829 1508 cognitio-

2256 1526 2332 1578 nis
2368 1522 2571 1579 Christi.
2622 1522 2691 1578 Ut
2739 1525 3108 1593 adimpleamur
3137 1525 3191 1578 in
3232 1541 3430 1578 omnem
3470 1527 3830 1596 plenitudinem

2255 1615 2370 1669 Dei.
2403 1616 2513 1669 lloc
2540 1625 2716 1670 autem
2749 1617 2862 1669 vult
2888 1617 3189 1685 significare
3216 1632 3230 1667 :
3258 1615 3590 1686 Quamquam
3634 1621 3830 1675 caritas

2252 1706 2446 1763 Christi
2478 1706 2632 1776 longe
2655 1714 2872 1776 superet
2887 1722 3101 1760 omnem
3129 1708 3416 1761 humanam
3435 1708 3826 1777 cognitionem;

2253 1815 2350 1855 vos
2372 1809 2543 1853 tamen
2570 1799 2923 1870 cognoscetis,
2954 1799 2996 1853 si
3024 1798 3265 1854 habeatis
3291 1798 3562 1854 Christum
3588 1801 3831 1855 habitau-

2254 1901 2359 1946 tem
2402 1892 2455 1945 in
2485 1891 2654 1946 vobis.
2684 1890 2867 1961 Neque
2894 1891 3066 1945 solum
3097 1891 3198 1944 hoc
3239 1905 3305 1944 ex
3347 1890 3438 1945 illo
3467 1894 3827 1961 cognoscetis,

2254 1998 2435 2037 verum
2463 1991 2517 2037 et
2545 1980 2893 2047 implebimini
2942 1980 2994 2034 in
3036 1995 3251 2034 omnem
3292 1979 3681 2049 plenitudinem
3716 1981 3825 2037 Dei.

2252 2075 2353 2131 Ubi
2384 2083 2475 2128 aut
2508 2073 2713 2139 annuit,
2761 2071 2899 2126 idem
2930 2086 3051 2127 esse
3080 2071 3465 2142 plenitudinem
3509 2073 3627 2138 Dei,
3673 2083 3829 2143 atque

2251 2181 2592 2237 cognoscere,
2617 2164 2885 2235 quomodo
2916 2164 2967 2218 iu
2993 2164 3151 2218 Patre
3178 2172 3232 2218 et
3254 2163 3389 2217 Filio
3419 2172 3473 2219 et
3502 2175 3693 2219 sancto
3714 2166 3844 2235 Spi-‘

2254 2260 2359 2314 ritu
2418 2260 2557 2313 Deus
2602 2271 2740 2312 unus
2790 2255 2999 2311 adorari
3043 2255 3203 2311 debet
3234 2266 3363 2310 :aut
3411 2256 3731 2311 adhortatur
3774 2267 3829 2311 ut

2252 2349 2393 2404 serio
2431 2348 2800 2403 incumbamus
2840 2346 2892 2400 in
2923 2346 2997 2412 id,
3046 2356 3102 2400 ut
3140 2345 3445 2401 omnimodo
3479 2347 3697 2413 virtute,
3730 2364 3829 2417 qua

2248 2442 2483 2497 abundat
2511 2441 2675 2502 Deus,
2704 2454 2803 2494 nos
2829 2440 3167 2508 impleamur.
3197 2437 3289 2493 20.
3324 2436 3387 2491 Ei
3411 2447 3601 2504 autem,
3625 2440 3719 2509 qui
3739 2457 3830 2509 po-

2251 2546 2358 2590 tens
2402 2544 2475 2589 est
2517 2535 2689 2588 omnia
2717 2533 2887 2602 facere
2927 2530 3397 2601 superabundanter
3423 2546 3576 2599 quam
3618 2532 3832 2601 petimus

2250 2636 2339 2681 aut
2380 2627 2706 2698 intelligimus
2753 2624 3029 2679 secundum
3068 2624 3301 2677 virtutem
3340 2639 3454 2694 qum
3495 2633 3739 2693 operatur
3780 2625 3832 2677 in

2252 2720 2413 2774 nobis.
2449 2718 2745 2773 Secundum
2775 2718 3004 2771 virtutem
3031 2724 3174 2771 recte
3191 2714 3325 2770 dixit
3344 2734 3356 2769 :
3375 2729 3441 2770 ex
3468 2716 3665 2771 virtute
3688 2718 3827 2771 enim

2252 2829 2314 2869 ea
2340 2812 2627 2881 accipimus
2654 2825 2775 2880 quae
2806 2823 3090 2879 numquam
3137 2808 3493 2877 Speravimus.
3534 2806 3691 2873 Quod
3733 2822 3827 2861 au-

2254 2914 2360 2958 tem
2392 2899 2742 2956 abundantius
2771 2914 2930 2969 quam
2960 2912 3079 2968 quae
3109 2897 3339 2967 petimus
3359 2907 3449 2951 aut
3476 2896 3824 2968 intelligimus

2254 2994 2458 3060 fecerit,
2486 2993 2661 3064 palam
2687 3000 2770 3047 est
2794 3006 2860 3046 ex
2886 2990 2951 3045 iis
2974 3006 3091 3061 qua:
3118 2991 3232 3060 ipse
3257 2990 3546 3045 scribebat.
3576 2989 3712 3045 Nam
3734 3006 3830 3061 ego

2253 3085 2490 3156 quidem,
2518 3083 2709 3154 inquit,
2740 3096 2929 3152 precor
2960 3099 2974 3134 :
3007 3080 3120 3150 ipse
3145 3091 3322 3136 autem
3353 3082 3513 3136 etiam
3536 3082 3657 3136 sine
3697 3083 3829 3136 meis

2254 3178 2502 3250 precibus
2529 3176 2729 3246 majora
2769 3174 2925 3230 faciet
2949 3189 3107 3244 quam
3135 3183 3332 3227 nostra:
3357 3173 3462 3227 sint
3494 3174 3787 3242 petitiones
3812 3190 3829 3229 :

2254 3286 2360 3325 non
2387 3270 2561 3326 solum
2597 3268 2799 3336 majora
2835 3276 2928 3320 aut
2954 3266 3310 3328 abundanter,
3343 3265 3457 3325 sed.
3494 3265 3831 3335 Superabun-

2254 3363 2452 3428 danter,
2477 3359 2892 3430 magnitudinem
2922 3358 3049 3413 doni
3076 3357 3376 3412 declarans.
3412 3357 3697 3412 Undenam
3730 3360 3831 3414 hoc

2255 3455 2457 3526 liquet?
2501 3454 2576 3507 Ex
2624 3454 2821 3507 virtute
2864 3466 2983 3521 quae
3027 3459 3283 3519 operatur
3327 3450 3380 3503 in
3426 3451 3601 3504 nobis.
3650 3451 3831 3520 Neque

2255 3545 2396 3599 enim
2440 3543 2552 3596 haec
2580 3556 2829 3611 umquam
2866 3541 3133 3609 petiimus,
3174 3554 3346 3609 neque
3372 3542 3826 3609 exspectavimus.

2253 3635 2345 3689 2L
2378 3632 2511 3703 Ipsi,
2542 3633 2729 3701 inquit,
2764 3632 2927 3702 gloria
2954 3631 3008 3682 in
3036 3629 3264 3682 Ecclesia
3300 3630 3354 3683 in
3395 3630 3595 3683 Christo
3626 3630 3757 3684 Iesu
3782 3634 3832 3684 in

2255 3744 2427 3781 omnes
2459 3726 2796 3797 generationes
2835 3722 3006 3776 swculi
3030 3722 3348 3775 saeculorum.
3392 3722 3571 3775 Amen.
3608 3723 3831 3776 Pulchre

2256 3818 2516 3875 conclusit
2542 3816 2837 3869 orationem
2868 3813 3113 3882 precibus
3143 3821 3197 3866 et
3222 3811 3629 3880 gloriﬁcationc.
3663 3811 3834 3881 Opor-

2259 3909 2407 3963 tebat
2430 3908 2570 3961 enim
2603 3921 2723 3960 eum
2750 3902 3031 3974 gloriﬁcari
3059 3912 3112 3955 et
3132 3902 3372 3956 benedici
3399 3904 3487 3971 qui
3518 3911 3666 3955 tanta
3697 3918 3831 3971 pne-

2260 4000 2389 4053 buit.
2417 3998 2591 4063 Quare
2616 3996 2718 4049 hoc
2745 4010 2953 4073 quoque
2980 4009 3100 4062 pars
3130 4003 3211 4046 est
3238 3994 3620 4055 admirationis,
3650 3996 3826 4062 glori-

2261 4090 2417 4143 licare
2440 4096 2654 4158 propter
2674 4102 2732 4140 ea
2762 4101 2879 4155 quae
2906 4100 2937 4139 a
2966 4085 3072 4137 Deo
3092 4098 3277 4138 sumus
3295 4083 3493 4151 adepti,
3528 4098 3622 4151 per
3649 4082 3831 4137 Jesum

2258 4181 2550 4236 Christum.
2598 4178 2772 4232 Gloria
2808 4178 2925 4247 ejus
2952 4179 3005 4230 in
3039 4176 3287 4241 Ecclesia,
3324 4186 3468 4230 recte
3513 4175 3647 4229 dixit
3678 4192 3691 4227 :
3723 4176 3830 4244 ipsa

2261 4273 2401 4326 enim
2452 4271 2562 4324 sola
2615 4278 2793 4323 manet
2840 4269 2890 4320 in
2938 4277 3271 4336 perpetuum.
3314 4266 3447 4332 Quia
3495 4275 3674 4319 autem
3722 4267 3829 4335 ipsa

2261 4380 2476 4434 semper
2516 4373 2643 4424 stat,
2674 4363 2786 4416 vult
2826 4362 2972 4416 illum
3000 4378 3029 4416 a
3061 4362 3213 4415 nobis
3241 4360 3522 4431 gloriﬁcari
3561 4377 3731 4431 usque
3766 4361 3833 4415 ad

2262 4457 2771 4512 consummationem
2799 4474 2811 4509 :
2846 4454 2944 4509 hoc
2992 4456 3133 4510 enim
3184 4454 3498 4524 significavit
3531 4454 3739 4519 dicens,
3771 4454 3834 4506 In

2262 4548 2431 4602 omnes
2458 4548 2802 4618 generationes
2840 4545 3031 4599 steculi.
3064 4544 3199 4611 Quid
3230 4545 3332 4598 sint
3361 4545 3712 4613 paternitates
3738 4559 3835 4598 ne-

2262 4654 2413 4694 cesse
2455 4648 2538 4693 est
2570 4638 2764 4692 dicere.
2797 4637 2925 4690 Nam
2960 4637 3045 4691 hic
3081 4636 3297 4703 quidem
3325 4638 3672 4705 paternitates
3714 4646 3838 4690 sunt

2263 4746 2480 4801 genera,
2512 4730 2564 4784 in
2591 4730 2723 4783 caelo
2747 4739 2923 4783 autem
2946 4728 3214 4799 quomodo
3266 4728 3356 4783 ubi
3388 4729 3563 4782 nullus
3581 4744 3646 4783 ex
3666 4731 3839 4784 altero

2265 4830 2347 4877 est
2369 4821 2615 4891 genitus?
2645 4836 2709 4873 an
2741 4821 2848 4874 illic
2874 4830 3042 4874 cintus
3068 4829 3223 4873 vorat
3248 4828 3471 4890 πατριὰς.
3503 4820 3553 4873 id
3592 4831 3675 4874 est
3702 4836 3839 4889 gen.

2266 4925 2347 4969 tes
2390 4929 2453 4968 ac
2497 4913 2883 4981 cognationes?
2925 4914 3063 4967 sicut
3107 4913 3372 4967 invenitur
3424 4914 3474 4965 in
3523 4911 3797 4981 Scriptura
3823 4952 3838 4975 ,

2267 5012 2449 5075 πατριά
2491 5008 2753 5074 ἁματταρεί
2782 5003 2878 5074 (a),
2920 5014 3099 5072 utpote
3135 5019 3162 5055 a
3203 5018 3307 5071 quo
3344 5012 3519 5070 patres
3557 5012 3841 5056 vocantur.

2268 5095 2382 5150 Non
2420 5104 2586 5149 totum
2618 5104 2791 5148 autem
2819 5109 2848 5148 a
2876 5093 3266 5162 Deopostulat,
3300 5092 3392 5146 sed
3422 5093 3580 5146 etiam
3612 5093 3681 5145 ab
3707 5094 3840 5160 ipsis

2272 5188 2428 5242 fidem
2459 5196 2512 5242 et
2538 5186 2813 5240 caritatem
2846 5204 2859 5239 :
2894 5200 3065 5253 neque
3096 5184 3268 5238 solum
3296 5185 3595 5248 caritatem,
3625 5182 3722 5236 sed
3755 5198 3848 5236 ra-

2269 5278 2494 5333 dicatam
2517 5288 2572 5333 et
2592 5277 2886 5340 fundatam,
2917 5287 2974 5330 ut
2994 5291 3166 5345 neque
3191 5276 3332 5329 venti
3360 5290 3475 5327 eam
3500 5274 3845 5335 labefaciunt,

2270 5386 2441 5439 neque
2473 5369 2760 5439 quidquam
2792 5369 2932 5423 aliud
2956 5383 3073 5422 eam
3105 5367 3336 5433 dejiciat.
3362 5366 3502 5419 Dixit
3522 5365 3849 5418 amictiones

2269 5475 2389 5515 esse
2428 5460 2648 5528 gloriam
2680 5477 2692 5513 :
2724 5459 2767 5512 si
2814 5469 2989 5511 autem
3031 5473 3185 5523 mear,
3224 5457 3389 5509 multo
3430 5457 3595 5525 magis
3621 5464 3846 5509 vestrm.

2340 5551 2393 5605 5.
2434 5550 2792 5618 Quamobrem
2819 5550 2862 5603 si
2886 5548 3190 5618 affligimur,
3222 5562 3326 5601 non
3358 5546 3476 5600 ideo
3503 5546 3848 5600 deserimur:

2329 5722 2401 5783 (a)
2447 5724 2532 5771 Hic
2574 5724 2791 5785 suSpicor
2834 5721 3098 5785 legendum
3141 5735 3275 5785 πατρςά
3315 5733 3486 5784 arma.
3533 5719 3589 5767 In
3628 5718 3852 5770 Hebreo

2267 5790 2399 5904 '20}:
2424 5792 2632 5857 legitur;
2661 5802 2767 5846 erat
2790 5801 2957 5844 autem
2976 5794 3133 5843 tribus
3158 5792 3444 5843 levitarum.
3480 5789 3603 5841 Vide
3624 5797 3764 5839 sum.
3790 5788 3848 5853 4,
