4030 6514
242 369 306 426 Si
1102 379 1167 435 IN
1204 380 1421 436 EPIST.
1466 382 1555 435 AD
1595 380 1837 435 EPIIES.
1882 378 2033 433 CAP.
2076 380 2163 435 111.
2207 381 2437 439 HOMIL.
2484 382 2596 438 VII.
3424 388 3495 444 52

232 480 464 553 γράφων
494 484 640 554 λέγει
665 503 678 516 ·
718 489 896 543 Ὥστε
916 493 1150 560 μηδένα
1177 478 1519 549 σαίνεσθαι
1552 496 1623 549 ἐν
1676 495 1807 559 ταῖς

230 574 481 641 θλίψεσι
538 578 797 643 ταύταις.
840 583 911 633 Οὐ
946 584 1107 652 μόνον
1146 586 1256 655 γὰρ
1291 586 1390 637 οὐκ
1420 586 1626 653 ἀλγεῖν,
1663 584 1801 637 ἀλλὰ

229 663 324 715 καὶ
354 664 568 735 χαίρειν
596 668 722 738 χρή.
752 670 809 721 Εἰ
836 671 946 741 γὰρ
978 672 1089 725 ἀπὸ
1118 677 1217 744 τῆς
1246 676 1605 745 προρρήσεως
1631 690 1814 743 παρα-

234 750 513 819 μυθεῖσθε,
557 756 892 828 προλέγομεν
919 760 1069 830 ὑμῖν,
1101 762 1183 815 ὅτι
1232 763 1497 832 μέλλομεν
1538 762 1814 815 θλίϐεσθαι

229 838 441 895 ἐνθάδε,
489 840 555 893 Τί
604 843 838 911 δήποτες
884 848 1008 901 ’Ότι
1068 850 1241 913 οὕτως
1271 853 1298 903 ὁ
1330 851 1613 920 Δεσπότης
1647 867 1816 920 προσ-

229 926 412 993 έταξε.
448 931 668 985 Τούτου
701 934 876 1002 χάριν
908 939 1154 1006 κάμπτω
1178 937 1250 991 τὰ
1272 939 1494 1006 γόνατά
1522 956 1640 1007 μου
1668 939 1817 1005 πρὸς

228 1014 341 1067 τὸν
372 1017 607 1085 Πατέρα
662 1020 768 1074 τοῦ
820 1026 1040 1091 Κυρίου
1093 1026 1265 1092 ἡμῶν
1288 1026 1495 1093 Ἰησοῦ
1526 1025 1813 1092 Χριστοῦ,

230 1102 302 1165 ἐξ
348 1098 422 1159 οὗ
474 1106 641 1161 πᾶσα
693 1111 909 1175 πατριὰ
952 1112 1022 1165 ἐν
1070 1113 1369 1181 οὐρανοῖς,
1422 1113 1522 1166 καὶ
1554 1114 1655 1165 ἐπὶ
1704 1111 1817 1182 γῆς

232 1191 600 1261 ὀνομάζεται.
652 1196 760 1267 Τὴν
792 1197 1034 1252 διάθεσιν
1065 1202 1163 1270 τῆς
1197 1202 1363 1271 εὐχῆς
1402 1204 1501 1273 τῆς
1533 1201 1674 1270 ὑπὲρ
1720 1202 1817 1253 αὐ-

229 1278 342 1332 τῶν
371 1280 664 1338 δείκνυσιν.
703 1286 817 1339 (ὶὺκ
848 1282 1002 1341 εἶπεν
1033 1289 1243 1353 ἅπλῶς,
1269 1289 1524 1359 εὔχομαι,
1550 1289 1686 1342 ἀλλά
1717 1290 1815 1359 τὴν

230 1372 720 1443 κατανενυγμένην
742 1374 925 1444 δέησιν
954 1375 1043 1429 διὰ
1076 1376 1170 1429 τοῦ
1197 1377 1475 1446 κάμπτειν
1499 1376 1571 1429 τὰ
1608 1378 1814 1445 γόνατα

226 1454 523 1525 ἐδήλωσεν.
564 1457 668 1523 Ἐξ
698 1458 770 1516 οὗ
795 1461 964 1516 πᾶσα
999 1464 1235 1531 πατριά.
1263 1465 1460 1519 Οὐκέτι
1494 1465 1632 1518 κατά
1658 1465 1815 1536 ἀριθ-

235 1541 357 1617 μὸν,
376 1544 644 1611 ἀγγέλων,
671 1550 854 1617 φησὶν,
877 1550 1011 1617 ἀλλά
1036 1551 1131 1605 καὶ
1162 1552 1260 1615 τὰς
1284 1552 1398 1606 ἄνω
1425 1554 1517 1605 καὶ
1547 1554 1645 1615 τὰς
1667 1553 1817 1605 κάτω

232 1614 543 1683 ποιήσαντα
572 1614 773 1685 φυλὰς,
803 1621 901 1689 οὐχ
939 1616 1050 1673 οἷαι
1099 1622 1157 1675 αἱ
1187 1614 1501 1676 Ἰουδαῖκαί.
1532 1614 1667 1678 Ἵνα
1694 1622 1814 1691 δῴη

233 1696 385 1768 ὑμῖν
414 1704 560 1755 κατὰ
593 1704 702 1756 τὸν
733 1705 1005 1760 πλοῦτον
1044 1708 1153 1776 τῆς
1198 1708 1386 1775 δόξης
1415 1709 1601 1763 αὑτοῦ
1631 1707 1817 1762 δυνά·

228 1803 337 1854 μει
365 1789 791 1859 κραταιωθῆναι
847 1792 945 1847 δια
981 1795 1086 1848 τοῦ
1117 1794 1468 1864 Πνεύματος
1512 1796 1700 1849 αὐτοῦ
1729 1798 1818 1860 εἰς

233 1876 349 1928 τὸν
376 1877 497 1931 ἔσω
522 1878 856 1948 ἄνθρωπον,
900 1884 1259 1952 κατοικῆσαι
1290 1885 1398 1938 τὸν
1422 1886 1684 1952 Χριστὸν
1718 1884 1818 1939 διὰ

230 1962 351 2031 τῆς
382 1966 642 2033 πίστεως
687 1968 758 2021 ἐν
800 1969 931 2036 ταῖς
973 1971 1249 2039 καρδίαις
1296 1970 1487 2041 ὑμῶν.
1510 1973 1650 2044 Ὅρα
1697 1972 1815 2043 μεθ’

224 2052 367 2124 ὅσης
392 2054 700 2125 ἀπληστίας
722 2059 1016 2129 ἐπεύχεται
1043 2062 1226 2125 αὐτοῖς
1246 2060 1317 2114 τά
1343 2060 1545 2130 ἀγαθὰ,
1571 2062 1710 2115 ὥστε
1740 2062 1815 2132 μὴ

228 2141 637 2213 περιφέρεσθαι
674 2150 727 2208 ⁸,
762 2146 885 2209 Πῶς
923 2148 979 2200 δὲ
1006 2147 1164 2202 τοῦτο
1200 2150 1446 2219 γίνεται;
1499 2149 1603 2203 Διὰ
1632 2149 1819 2203 Πνεύ-

222 2245 417 2297 ματος
450 2231 625 2299 ἁγίου
652 2235 739 2299 είς
780 2235 887 2288 τὸν
915 2236 1038 2289 ἔσω
1061 2236 1229 2305 ὑμῶν
1276 2237 1593 2306 ἄνθρωπον
1622 2253 1819 2291 κατοι-

222 2314 420 2384 κῆσαι
452 2320 559 2370 τὸν
586 2321 847 2387 Χριστὸν
872 2321 970 2377 διὰ
999 2322 1109 2390 τῆς
1136 2324 1397 2391 πίστεως
1433 2325 1505 2380 ἐν
1530 2324 1656 2390 ταῖς
1682 2340 1818 2391 καρ-

226 2404 407 2470 δίαις.
441 2405 604 2473 Πῶς;
650 2407 754 2461 Ἐν
795 2408 998 2478 ἀγάπῃ
1054 2410 1422 2481 ἐρριζωμένοι
1458 2414 1557 2467 καὶ
1584 2416 1816 2481 τεθεμε-

224 2492 531 2561 λιωμένοι,
604 2496 705 2549 ἵνα
754 2497 1125 2568 ἐξισχύσητε
1191 2502 1637 2556 καταλαϐέσθαι
1692 2501 1815 2555 σὺν

228 2577 383 2635 πᾶσι
419 2580 542 2645 τοῖς
579 2583 791 2652 ἁγίοις,
838 2585 895 2637 τί
933 2585 999 2638 τὸ
1048 2586 1300 2652 πλάτος,
1353 2588 1453 2641 καὶ
1488 2589 1685 2658 μῆκος
1712 2588 1813 2641 καί

220 2668 424 2739 βάθος
457 2673 557 2726 καὶ
587 2672 762 2741 ὕψος,
800 2672 1025 2740 γνῶναί
1056 2691 1119 2727 τε
1154 2674 1267 2741 τὴν
1300 2675 1817 2745 ὑπερϐάλλουσαι·

223 2756 341 2828 τῆς
372 2760 653 2830 γνώσεως
677 2758 922 2829 ἀγάπην
952 2760 1059 2815 τοῦ
1087 2762 1371 2830 Χριστοῦ.

302 2959 489 3029 Ὀπερ
525 2958 827 3030 ἀρχόμενος
854 2957 1078 3029 ηῦξατο,
1104 2958 1262 3013 τοῦτο
1295 2960 1389 3013 καὶ
1408 2958 1520 3013 νῦν.
1557 2960 1621 3013 Τί
1644 2958 1699 3011 δὲ
1724 2960 1819 3013 καὶ

230 3048 422 3117 ἔλεγεν
456 3052 513 3102 ἐν
552 3051 725 3119 ἀρχῇ;
765 3049 901 3103 Ἵνα
944 3052 976 3102 ό
1028 3050 1170 3113 Θεὸς
1224 3048 1329 3103 τοῦ
1380 3050 1601 3117 Κυρίου
1651 3048 1821 3116 ἡμῶν

240 3137 443 3201 Ἰησοῦ
481 3136 764 3204 Χριστοῦ,
809 3140 843 3190 ό
892 3137 1096 3204 Πατὴρ
1129 3136 1241 3205 τῆς
1275 3136 1481 3204 δόξης,
1525 3136 1644 3204 δῴη
1675 3139 1819 3207 ὑμῖν

226 3224 472 3293 πνεῦμα
515 3225 736 3295 σοφίας
768 3226 868 3279 καὶ
923 3227 1367 3295 ἀποκαλύψεως
1394 3227 1464 3279 ἐν
1500 3226 1819 3293 ἐπιγνώσει

227 3312 445 3377 αὑτοῦ,
472 3314 968 3382 πεφωτισμένους
999 3315 1136 3379 τοὺς
1161 3312 1513 3382 ὀφθαλμοὺς
1542 3312 1654 3380 τῆς
1683 3331 1822 3381 καρ-

227 3402 367 3467 δίας
398 3400 585 3469 ὑμῶν,
620 3404 701 3465 είς
730 3401 798 3453 τὸ
819 3399 1044 3454 εἰδέναι
1075 3400 1232 3469 ὑμᾶς
1256 3402 1348 3466 τίς
1372 3401 1545 3454 ἐστιν
1568 3402 1606 3468 τ’,
1643 3401 1819 3468 ἐλπίς

224 3490 343 3557 τῆς
365 3490 648 3557 κλήσεως
668 3488 879 3555 αὐτοῦ,
894 3489 994 3542 καὶ
1024 3488 1117 3554 τίς
1138 3491 1170 3543 ό
1195 3489 1462 3555 πλοῦτος
1490 3488 1602 3558 τῆς
1624 3489 1813 3557 δόξης

223 3577 339 3645 τῆς
367 3577 775 3646 κληρονομίας
802 3577 992 3631 αὐτοῦ
1024 3578 1097 3635 ἐν
1119 3578 1243 3644 τοῖς
1273 3579 1488 3647 ἁγίοις,
1537 3580 1636 3633 καὶ
1664 3581 1721 3633 τί
1747 3579 1815 3633 τὸ

223 3668 621 3733 ὑπερὸάλλον
660 3666 912 3735 μέγεθος
971 3665 1085 3734 τῆς
1141 3667 1455 3735 δυνάμεως
1506 3668 1695 3722 αὐτοῦ
1732 3670 1819 3734 εις

224 3756 394 3824 ἡμᾶς
417 3755 562 3819 τοὺς
590 3756 1013 3820 πιστεύοντας.
1047 3756 1157 3808 Καὶ
1201 3755 1297 3809 νῦν
1328 3755 1388 3808 τὸ
1435 3756 1565 3808 αὐτό
1618 3773 1781 3826 φησιν
1802 3772 1814 3785 ·

228 3843 352 3916 [48]
394 3842 535 3897 Ἵνα
570 3844 869 3911 ισχύσητε
898 3842 1342 3897 καταλαϐέσθαι
1370 3842 1493 3897 σὺν
1513 3842 1663 3898 πᾶσι
1695 3843 1819 3909 τοῖς

225 3934 449 4003 ἁγίοις,
483 3933 541 3985 τι
567 3933 634 3984 τὸ
684 3931 917 3997 πλάτος
949 3931 1049 3985 καὶ
1094 3929 1293 3999 μῆκος
1346 3929 1449 3983 καὶ
1475 3930 1669 3997 βάθος
1717 3932 1819 3984 καὶ

226 4021 427 4089 ὕψος-
465 4020 736 4085 τουτέστι,
764 4019 826 4071 τὸ
868 4020 1168 4090 μυστήριον
1206 4019 1268 4071 τὸ
1306 4017 1447 4089 ὑπὲρ
1478 4018 1636 4089 ήμῶν
1672 4020 1817 4071 οἱκο-

229 4108 474 4177 νομηθὲν
511 4107 648 4176 μετά
678 4106 963 4177 ἀκριϐείας
1015 4107 1246 4161 εἰδέναι*
1281 4106 1441 4159 τοῦτο
1473 4108 1582 4177 γάρ
1617 4108 1820 4171 πλάτος

229 4196 333 4249 καὶ
363 4196 539 4266 μῆκος
563 4196 739 4257 καλεῖ,
787 4195 882 4248 καὶ
934 4193 1095 4264 βάθος
1126 4195 1220 4248 καὶ
1254 4193 1387 4263 ὕψος
1415 4211 1430 4225 ο
1460 4195 1726 4259 τουτέστι,
1759 4196 1821 4249 τὸ

236 4283 473 4353 μέγεθος
500 4282 601 4351 τῆς
633 4282 855 4351 ἀγάπης
909 4280 1002 4334 τοῦ
1033 4279 1169 4333 Θεοῦ
1212 4282 1436 4348 γνῶναι,
1465 4282 1581 4343 πῶς
1616 4298 1820 4335 παντα-

232 4370 340 4440 χοῦ
366 4368 678 4421 ἐκτέταται·
710 4370 803 4421 καὶ
826 4370 1159 4437 σωματικοῖς
1177 4369 1347 4438 αὐτὴν
1373 4369 1659 4439 ὑπέγραψε
1690 4370 1821 4440 σχή-

244 4474 405 4527 μασι,
433 4457 637 4519 δεικνὺς
686 4456 778 4509 τὸν
812 4455 1098 4527 ἄνθρωπον
1119 4472 1131 4485 ·
1187 4456 1478 4525 περιέλαϐε
1515 4457 1542 4495 b
1576 4458 1645 4510 τὰ
1686 4457 1817 4522 ἄνω,

242 4544 319 4596 τὰ
346 4543 512 4606 κάτω,
538 4544 601 4597 τὰ
635 4545 700 4596 ὲκ
730 4542 999 4610 πλαγίων.
1057 4542 1299 4614 Εἴπομεν
1330 4547 1460 4614 γάρ,
1500 4544 1687 4614 φησὶν,
1720 4546 1821 4597 οὐκ

237 4632 363 4684 ἐστι
391 4631 446 4683 δὲ
476 4633 582 4684 τῶν
617 4631 767 4701 ἐμῶν
818 4631 994 4699 λόγων
1045 4630 1222 4685 ταῦτα
1274 4631 1503 4697 διδάξαι,
1547 4632 1683 4684 ἀλλὰ
1724 4632 1818 4685 τοῦ

236 4719 559 4791 Πνεῦματος
604 4721 696 4773 τοῦ
745 4721 922 4789 ἁγίου.
987 4722 1204 4773 Τούτου
1236 4719 1308 4788 τῇ
1355 4719 1625 4789 δυνάμει,
1662 4720 1814 4790 φησι,

231 4806 675 4876 κραταιωθῆναι
711 4808 845 4877 πρὸς
893 4808 1019 4872 τοὺς
1074 4810 1433 4877 πειρασμοῦς,
1480 4811 1573 4862 καὶ
1628 4808 1687 4861 τὸ
1744 4811 1818 4879 μὴ

234 4896 685 4967 παραφέρεσθαι.
710 4895 875 4948 Ὥστε
908 4895 1009 4948 οὐκ
1057 4895 1206 4948 ἔστιν
1248 4894 1423 4958 ἄλλως
1472 4896 1818 4966 κραταιωθῆ-

233 5002 349 5046 ναι,
380 4984 495 5037 ἀλλ’
527 4982 560 5054 ἦ
591 4983 678 5036 διὰ
706 4983 1019 5053 Πνεῦματος
1045 4984 1140 5036 καὶ
1177 4982 1521 5054 πειρασμῶν.
1551 4984 1673 5047 Πῶς
1706 4985 1761 5037 δὲ
1792 4986 1820 5036 ὁ

234 5069 477 5139 Χριστὸς
514 5073 764 5122 κατοικεῖ
807 5071 862 5121 ἐν
892 5072 1009 5132 ταῖς
1036 5069 1305 5141 καρδίαις,
1344 5069 1506 5123 ἄκουε
1541 5070 1704 5123 αὑτοῦ
1735 5071 1823 5123 λέ-

233 5174 429 5224 γοντος
461 5157 557 5211 τοῦ
603 5159 839 5229 Χριστοῦ
867 5176 881 5189 ·
927 5159 1332 5229 ’ἐλευσόμεθα
1362 5158 1475 5227 ἐγὼ
1500 5160 1597 5212 καὶ
1627 5163 1659 5213 ό
1703 5164 1822 5214 Πα-

235 5246 374 5313 τὴρ,
413 5246 508 5297 καί
543 5246 745 5313 μονὴν
776 5249 911 5314 παρ’
967 5246 1125 5312 αὑτῷ
1175 5246 1527 5316 ποιήσομεν.
1566 5250 1825 5302 Κατοικεῖ

234 5334 296 5385 δὲ
327 5335 423 5403 οὐχ
450 5333 661 5397 ἁπλῶς,
701 5334 817 5386 ἀλλ’
867 5338 923 5387 ὲν
973 5338 1092 5398 ταῖς
1149 5336 1398 5407 καρδίαις
1432 5339 1551 5399 ταῖς
1579 5340 1819 5402 πισταῖς,

233 5425 362 5486 ταῖς
390 5423 793 5493 ὲρῤιζωμέναις
826 5425 883 5475 ἐν
912 5426 975 5494 τῇ
1008 5425 1198 5497 ἀγάπῃ
1240 5423 1429 5488 αὐτοῦ,
1462 5428 1582 5488 ταῖς
1614 5428 1687 5496 μὴ
1720 5444 1822 5479 πα-

240 5512 672 5583 ραφερομέναις.
694 5512 829 5567 Ἵνα
860 5512 1242 5583 ἐξισχύσητε,
1266 5512 1619 5584 φησίν.”Ωστε
1645 5516 1826 5586 ἰσχύος

306 5730 335 5760 ⁸
370 5729 666 5793 εσεριοοῑυτ
687 5726 899 5793 ςδιζὶιὶιιε
916 5729 1185 5793 ίεςθοάυιη
1210 5742 1320 5777 esse
1344 5731 1706 5793 παραφέρεσθαι.
1724 5730 1824 5779 Sed

240 5792 611 5852 exemplarium
665 5791 816 5841 lcclio
861 5790 1011 5839 etiam
1060 5790 1298 5852 quadrare
1346 5790 1556 5839 videlm‘.

311 5854 337 5892 δ
366 5855 506 5903 Unus
522 5853 701 5912 codex,
727 5855 990 5915 ἐκτέταται.
1012 5853 1204 5907 Δεικνὺς
1238 5854 1289 5900 δὲ
1316 5854 1372 5901 τὸ
1399 5855 1585 5915 μέγεθος
1603 5855 1717 5902 ὅσον
1739 5860 1823 5912 τῆς

242 5914 452 5982 ἀγάπης.
476 5916 899 5982 καὶςσωματικοῖς
937 5914 1077 5963 αὐτὸν
1119 5916 1359 5982 ῦπέγοαψε
1404 5914 1639 5978 σχήμασι,
1674 5918 1821 5972 ὄντως

247 5978 418 6026 εἰπών·
439 5980 707 6040 περιέὶαϐε.

1926 495 2129 567 πολλῆς
2160 497 2258 551 δεῖ.
2293 498 2401 551 Ποῦ
2452 499 2509 551 δὲ
2542 498 2743 568 ταύτης
2777 499 2906 569 ἡμῖν
2944 500 3101 570 χρεία
3126 502 3323 571 δηλῶν,
3362 506 3501 562 ὲπά.

1923 606 2011 656 γει
2034 606 2048 620 ·
2083 590 2534 645 Καταλαϐἐσθαι
2555 592 2675 645 σὺν
2702 592 2890 645 πᾶσιν
2912 593 3121 663 ἁγίοις,
3142 598 3199 648 τί
3223 598 3285 650 τὸ
3312 600 3502 667 βάθος

1923 682 2021 735 καί
2066 683 2246 751 ὕψος,
2310 684 2533 752 γνῶναί
2566 702 2627 737 τε
2681 684 2795 751 τὴν
2838 688 3350 752 ὑπερϐάλλουσαν
3388 693 3499 762 τῆς

1922 774 2198 843 γνώσεως
2225 776 2466 845 ἀγάπην
2492 776 2597 830 τοῦ
2622 778 2901 844 Χριστοῦ.
2932 780 3067 835 Ἵνα
3101 784 3504 854 πληρωθῶμεν

1920 873 2001 935 εὶς
2033 869 2156 925 πᾶν
2189 871 2255 924 τὸ
2288 873 2579 941 πλήρωμα
2613 874 2718 927 τοῦ
2751 876 2918 931 Θεοῦ.
2953 880 3016 929 '0
3048 878 3104 930 δὲ
3138 878 3306 947 λέγει,
3346 880 3503 935 τοῦτό

1921 966 2100 1017 ἐστιν’
2150 966 2210 1017 Εἰ
2237 965 2330 1018 καὶ
2363 965 2681 1034 ὑπέρκειται
2718 971 2899 1038 πάσης
2932 970 3189 1037 γνώσεως
3224 974 3504 1045 ἀνθρωπί-

1922 1075 2016 1125 νης
2112 1058 2299 1129 ἀγάπη
2335 1058 2427 1140 τοῦ
2458 1060 2716 1129 Χριστοῦ,
2747 1062 2896 1130 ὅμως
2925 1063 3081 1132 ὑμεῖς
3124 1066 3423 1133 γνώσεσθε,
3454 1069 3503 1119 εἰ

1919 1150 2013 1202 τὸν
2044 1151 2277 1221 Χριστὸν
2311 1152 2527 1219 σχοίητε
2567 1154 2883 1207 ἐνοικοῦντα
2907 1173 2919 1185 ·
2973 1158 3034 1209 οῦ
3089 1157 3249 1226 μόνον
3279 1160 3334 1212 δὲ
3362 1159 3504 1228 γνὼ-

1922 1243 2080 1296 σεσθε
2115 1242 2173 1307 ἐξ
2223 1242 2386 1295 αὐτοῦ
2425 1246 2606 1307 τοῦτο,
2642 1247 2775 1299 ἀλλὰ
2826 1249 2921 1301 καὶ
2964 1252 3390 1321 πληρωθήσεσθε
3424 1257 3505 1319 εἰς

1920 1340 2029 1391 πᾶν
2056 1339 2115 1391 τὸ
2147 1339 2420 1409 πλήρωμα
2451 1339 2546 1391 τοῦ
2579 1340 2714 1394 Θεοῦ
2737 1359 2750 1372 ⁸
2786 1343 3058 1414 πλήρωμα
3087 1345 3221 1397 Θεοῦ
3264 1345 3439 1414 λέγων
3469 1350 3503 1421 ἦ

1918 1432 1980 1485 τὸ
2010 1432 2232 1500 γνῶναι.
2262 1432 2337 1495 ὡς
2366 1437 2421 1485 ἐν
2451 1435 2625 1503 Πατρὶ
2660 1436 2751 1489 καὶ
2780 1436 2893 1505 Υῖῴ
2926 1436 3021 1490 καὶ
3058 1438 3335 1507 Πνεῦματι
3366 1440 3507 1511 ἁγίῳ

1922 1528 2311 1595 προσκυνεῖται
2343 1528 2370 1579 ὁ
2399 1526 2553 1591 Θεὸς,
2582 1528 2613 1599 ἣ
2639 1529 2962 1599 προτρέπων
2988 1529 3129 1583 οῦτω
3159 1532 3502 1597 σπουδάζειν,

1921 1618 2061 1672 ὥστε
2100 1618 2439 1690 πληροῦσθαι
2482 1622 2662 1691 πάσης
2692 1622 2914 1691 ἀρετῆς,
2948 1617 3013 1692 ἧς
3048 1623 3265 1694 πλήρης
3298 1625 3445 1678 ἐστὶν
3476 1627 3507 1679 ὁ

1920 1710 2071 1773 Θεὸς.
2104 1708 2187 1774 Τῷ
2209 1711 2277 1763 δὲ
2310 1711 2624 1781 δυναμένῳ
2646 1713 2797 1781 ὑπὲρ
2828 1711 3025 1767 πάντα
3044 1714 3303 1778 ποιῆσαι
3330 1720 3508 1785 ὑπερ-

1919 1803 2290 1871 εκπερισσοῦ
2322 1798 2410 1856 ὧν
2435 1807 2757 1874 αἰτούμεθα
2788 1806 2826 1874 ἢ
2861 1808 3140 1875 νοοῦμεν,
3196 1810 3347 1863 κατὰ
3391 1810 3509 1877 τὴν

1919 1896 2179 1965 δύναμιν
2207 1896 2323 1961 τὴν
2345 1897 2787 1966 ἐνεργουμένην
2817 1899 2886 1952 ἐν
2914 1898 3074 1968 ημῖν.
3097 1900 3313 1964 Καλῶς,
3347 1903 3508 1955 Κατά

1920 1990 2038 2055 τὴν
2095 1988 2375 2057 δύναμιν,
2425 1988 2581 2043 εἴπεο
2637 1991 2923 2061 δυνάμεως
2984 1992 3093 2062 γάρ
3126 1992 3187 2045 τὸ
3224 1992 3430 2059 λαϐεῖν,
3471 1993 3509 2047 ἃ

1924 2079 2058 2151 μηδὲ
2084 2079 2404 2151 ἠλπίσαμεν
2432 2080 2672 2137 πώποτε.
2708 2084 2832 2137 Ὅτι
2859 2084 2915 2137 δί
2951 2085 3280 2153 ἐκπερισσοῦ
3310 2076 3385 2139 ὧν
3418 2088 3505 2140 αἰ-

1919 2172 2227 2243 τούμεθαῆ
2279 2174 2509 2243 νοοῦμεν
2563 2173 2813 2246 ἐποίησε,
2862 2176 3020 2245 δῆλον
3047 2178 3107 2242 ἐξ
3146 2171 3219 2230 ὧν
3265 2179 3506 2249 ἔγραφεν

1921 2265 2106 2330 αὑτός.
2143 2265 2284 2335 Ἐγὼ
2327 2268 2425 2337 μὲν
2456 2268 2585 2339 γὰρ,
2622 2270 2808 2339 φησὶν,
2841 2268 3105 2340 εὔχομαι’
3139 2274 3303 2336 αὐτὸς
3335 2272 3509 2326 δὲκαὶ

1921 2361 2091 2433 χωρὶς
2120 2362 2218 2431 τῆς
2248 2362 2389 2431 ἐμῆς
2414 2363 2604 2432 εὐχῆς.
2646 2365 2870 2433 μείζονα
2904 2365 3201 2435 ἐργάσεται
3228 2364 3338 2418 τῶν
3365 2366 3509 2435 ήμεα-

1919 2455 2095 2522 τέρων
2122 2454 2415 2523 αἰτήσεων.
2444 2455 2543 2525 οὐχ
2571 2456 2763 2518 ἁπλῶς
2800 2455 3045 2526 μείζονα,
3078 2456 3111 2526 ἢ
3151 2457 3506 2527 ὲκπερισσοῦ,

1920 2546 2035 2600 ἀλλ’
2076 2546 2654 2614 ’Υπερεκπερισσοῦ,
2703 2550 2765 2601 τὸ
2816 2549 3047 2618 μέγεθος
3097 2550 3377 2620 ἐμφαίνων
3406 2550 3507 2621 τῆς

1920 2638 2150 2709 δωρεᾶς.
2206 2637 2377 2691 Πόθεν
2405 2638 2462 2692 δὲ
2495 2639 2655 2709 δῆλον
2702 2640 2896 2703 τοῦτος
2930 2643 3025 2695 Ἐκ
3073 2643 3173 2711 τῆς
3219 2643 3507 2713 δυνάμεως

1920 2731 2019 2800 τῆς
2049 2730 2467 2801 ἐνεργουμένης,
2510 2733 2697 2803 φησὶν,
2753 2736 2811 2787 ὲν
2848 2738 3002 2806 ἡμῖν.
3037 2735 3175 2789 Οὔτε
3224 2736 3334 2807 γὰρ
3371 2737 3507 2808 ῂτή-

1921 2824 2095 2893 σαμέν
2126 2841 2257 2877 ποτε
2310 2825 2504 2887 ταῦτα,
2536 2826 2661 2880 οὔτε
2698 2830 3199 2900 προσεδοκήσαμεν.
3254 2827 3417 2894 Αὐτῷ
3464 2830 3505 2897 ἡ

1919 2919 2091 2983 δόξα,
2120 2920 2307 2990 φησὶν,
2339 2920 2410 2972 ἐν
2449 2918 2523 2987 τῇ
2559 2922 2888 2988 Ἐκκλησία
2925 2923 2996 2974 ἐν
3026 2920 3260 2989 Χριστῲ
3301 2919 3507 2988 Ἰησοῦ

1917 3017 2005 3079 εὶς
2034 3013 2236 3080 πάσας
2276 3014 2382 3081 τὰς
2425 3016 2633 3083 γενεάς
2666 3015 2772 3069 τοῦ
2820 3014 3036 3079 αἰῶνος
3090 3012 3209 3066 τῶν
3248 3012 3501 3068 αἰώνων.

1933 3106 2128 3175 Ἀμήν.
2166 3105 2363 3170 Καλῶς
2391 3110 2469 3172 είς
2498 3108 2666 3177 εὐχὴν
2720 3108 2817 3160 καὶ
2860 3106 3170 3175 δοξολογίαν
3215 3106 3308 3159 τὸν
3349 3106 3508 3175 λόγον

1920 3200 2292 3253 κατέκλεισεν.
2344 3200 2491 3252 Ἔδει
2542 3200 2652 3270 γάρ
2704 3200 2795 3253 τὸν
2849 3198 3088 3253 τοσαῦτα
3146 3200 3504 3271 παρασχόντα

1920 3296 2051 3362 ἡμῖν
2095 3292 2412 3360 δοξασθῆναι
2451 3291 2545 3345 καὶ
2591 3292 2972 3361 εὑΜγηθῆναι.
3030 3291 3146 3365 [49]
3188 3294 3355 3348 Ὥστε
3413 3295 3509 3349 καὶ

1919 3386 2077 3439 τοῦτο
2105 3387 2267 3457 μέρος
2300 3386 2416 3437 ἐστὶ
2444 3386 2796 3455 θαυμασμοῦ,
2826 3387 2886 3439 τὸ
2916 3386 3163 3452 δοξάζειν
3205 3388 3371 3442 ἕνεκα
3398 3387 3509 3441 τῶν

1919 3480 2290 3550 ὑπηργμένων
2322 3472 2457 3549 ἡμῖν
2503 3479 2654 3549 παρὰ
2682 3478 2777 3532 τοῦ
2813 3477 2950 3532 Θεοῦ
3002 3480 3095 3533 διὰ
3132 3479 3309 3549 Ἰησοῦ
3368 3481 3509 3551 X0:-

1923 3570 2071 3626 στοῦ.
2108 3570 2179 3625 Ἦ
2201 3571 2350 3636 δόξα
2380 3572 2566 3625 αὐτοῦ
2605 3572 2675 3624 ἐν
2704 3570 2779 3639 τῇ
2820 3573 3172 3639 Ἐκκλησία,
3203 3572 3385 3635 καλῶς
3416 3569 3508 3624 οῦ-

1919 3682 2029 3727 10);
2058 3664 2237 3718 εἶπεν·
2293 3663 2431 3735 αῦτη
2462 3667 2570 3735 γάρ
2603 3658 2711 3716 οἶδε
2747 3663 2885 3733 μόνη
2916 3664 3099 3733 μένειν
3129 3665 3208 3726 εἰς
3234 3663 3295 3715 τὸ
3325 3664 3506 3735 διηνε-

1922 3759 2036 3821 κές.
2067 3757 2219 3811 Ἐπεὶ
2243 3756 2299 3809 δὲ
2332 3756 2473 3825 αῦτη
2499 3755 2587 3809 διὰ
2624 3756 2826 3819 παντὸς
2847 3756 3068 3827 ἕστηκε,
3110 3754 3360 3825 βούλεται
3404 3755 3507 3808 αὒ-

1922 3851 2011 3902 τὸν
2039 3850 2133 3903 καὶ
2159 3848 2475 3914 δοξάζεσθαι
2510 3848 2599 3918 ὑφ’
2643 3848 2803 3919 ἡμῶν
2833 3848 2994 3918 μέχρι
3020 3848 3119 3919 τῆς
3150 3847 3461 3913 συντελείας
3481 3862 3497 3877 ·

1922 3943 2082 3997 τοῦτο
2118 3943 2227 4012 γάρ
2254 3942 2521 4011 ἐδήλωσεν
2548 3940 2741 4002 εἰπὼν,
2775 3943 2878 4006 Εἰς
2910 3939 3115 4005 πάσας
3152 3939 3261 4006 τὰς
3293 3940 3503 4009 γενεὰς

1923 4034 2029 4088 τοῦ
2063 4032 2298 4098 αἰῶνος.
2323 4035 2388 4086 Τί
2418 4036 2587 4098 ἐστιν,
2612 4034 2668 4087 αἱ
2702 4033 2952 4101 πατριαὶ,
2976 4033 3276 4100 ἀναγκαῖον
3307 4034 3503 4087 εἰπεῖν.

1936 4126 2200 4179 Ἐνταῦθα
2232 4125 2331 4195 μὲν
2359 4125 2468 4197 γὰρ
2498 4124 2731 4196 πατριαί
2780 4126 2885 4177 εἱσι
2917 4123 2982 4176 τὰ
3014 4124 3168 4194 γένη,
3204 4125 3261 4177 ἐν
3304 4125 3361 4177 δὲ
3410 4124 3506 4177 οὐ·

1926 4218 2072 4289 ρανῷ
2105 4220 2240 4286 πῶς,
2274 4218 2401 4273 ἔνθα
2431 4218 2607 4278 οὐδεὶς
2653 4218 2711 4283 ἐξ
2742 4217 2954 4279 οὐδενὸς
2980 4217 3245 4283 γέγονεν;
3290 4217 3359 4269 Ἢ
3391 4220 3511 4272 ἐκεῖ

1922 4316 1990 4369 τὰ
2038 4316 2359 4385 συστήματά
2411 4333 2543 4385 φησι
2600 4312 2856 4384 πατριάς,
2891 4313 3142 4384 καθάπερ
3196 4315 3291 4367 καὶ
3337 4317 3395 4368 ὲν
3436 4318 3504 4386 τῇ

1922 4408 2111 4478 Γραφῇ
2142 4407 2289 4459 ἔστιν
2309 4407 2488 4477 εὑρεῖν
2519 4407 2792 4476 κείμενον,
2821 4406 3028 4477 πατριὰ
3057 4406 3381 4477 ἀματταρεὶ,
3410 4407 3505 4474 ἀφ’

1924 4495 1984 4553 οῦ
2032 4500 2127 4552 καὶ
2166 4498 2401 4568 πατέρες
2440 4497 2752 4551 καλοῦνται.
2781 4498 2856 4550 Οὐ
2886 4497 3037 4567 παρὰ
3065 4499 3160 4550 τοῦ
3187 4498 3323 4551 Θεοῦ
3355 4497 3413 4550 δὲ
3445 4499 3507 4551 τὸ

1924 4595 2031 4645 πᾶν
2078 4592 2322 4651 ἀπαιτεῖ,
2370 4589 2506 4643 ἀλλὰ
2548 4590 2640 4642 καὶ
2689 4590 2821 4660 παρ’
2852 4590 3033 4643 αὐτῶν
3056 4591 3155 4661 τὴν
3187 4591 3373 4644 πίστιν
3406 4591 3505 4645 καὶ
3580 4598 3581 4601 “

1922 4683 2021 4753 τὴν
2054 4682 2273 4752 ἀγάπην
2297 4697 2313 4713 ·
2354 4683 2447 4734 καὶ
2472 4681 2570 4750 οὐχ
2602 4681 2788 4744 ἁπλῶς
2812 4682 2909 4751 τὴν
2937 4682 3179 4752 ἀγάπην,
3204 4684 3318 4736 ἀλλ’
3350 4686 3504 4756 €00:-

1925 4774 2175 4845 ζωμένην
2207 4774 2301 4827 καὶ
2324 4774 2819 4844 τεθεμελιωμένην,
2858 4773 2999 4827 ὥστε
3048 4776 3186 4845 μήτε
3214 4774 3503 4845 πνεύματα

1923 4869 2093 4937 αὐτὴν
2128 4867 2391 4929 σαλεύειν,
2442 4868 2581 4935 μήτε
2632 4865 2760 4920 ἄλλο
2798 4866 2965 4936 μηδὲν
3016 4867 3185 4939 αὐτὴν
3214 4868 3499 4923 καταϐάλ-

1924 4959 2055 5013 λειν.
2084 4956 2247 5013 Εἶπεν
2276 4962 2358 5014 ὅτι
2380 4958 2506 5023 δόξα
2535 4960 2673 5014 εἰσὶν
2696 4962 2752 5014 αἱ
2782 4960 3023 5030 θλίψειςο
3065 4961 3115 5013 εί
3158 4960 3215 5014 δὲ
3248 4962 3305 5015 αἱ
3343 4963 3501 5032 ἐμαὶ,

1925 5052 2104 5123 πολλῷ
2140 5053 2343 5124 μᾶλλον
2369 5053 2426 5106 αἱ
2449 5052 2623 5123 ὑμῶν.

2000 5221 2159 5273 Ὥστε
2188 5219 2288 5271 οὐκ
2310 5217 2944 5288 ὲγκαταλιμπανομένων
2968 5219 3085 5273 ἐστὶ
3112 5219 3173 5272 τὸ
3203 5217 3497 5272 θλίϐεσθαι’

1927 5314 1988 5366 οὐ
2022 5313 2130 5382 γὰρ
2175 5312 2239 5365 ἂν
2267 5312 2295 5363 ὀ
2322 5310 2559 5364 τοσαῦτα
2599 5314 2977 5383 ἐργασάμενος
3026 5312 3187 5364 τοῦτο
3219 5312 3497 5373 ἐποίησεν.

1932 5407 1994 5459 Εἰ
2021 5407 2076 5458 δὲ
2101 5403 2194 5456 τοῦ
2239 5402 2374 5456 Θεοῦ
2411 5405 2509 5473 τὴν
2532 5405 2755 5473 ἀγάπην
2784 5403 2925 5456 ὥστε
2969 5402 3182 5473 μαθεῖν,
3213 5408 3313 5475 τῆς
3336 5402 3504 5472 εὐχῆς

1931 5496 2129 5565 Παύλῳ
2155 5496 2253 5559 δεῖ,
2306 5495 2400 5548 καὶ
2450 5493 2767 5564 Πνεῦματος
2817 5494 2975 5564 χρεία
3027 5493 3372 5564 ἐνιδρύσεως,
3409 5494 3503 5547 τοῦ

1927 5588 2167 5662 Χριστοῦ
2198 5589 2296 5658 τὴν
2318 5587 2504 5641 οὐσίαν
2535 5587 2616 5651 τίς
2642 5588 2845 5640 εἴσεται
2875 5587 3154 5657 λογισμοῖς
3180 5586 3505 5639 κατακολου-

1931 5686 2074 5750 θῶν;
2131 5683 2320 5735 Καίτοι
2351 5681 2400 5732 τί
2442 5680 2696 5733 δύσκολον
2725 5681 2957 5750 πρᾶγμα
3008 5680 3218 5749 μαθεῖν,
3251 5681 3331 5732 ὅτι
3361 5679 3508 5750 φιλεῖ

1929 5780 2074 5849 ἡμᾶς
2103 5778 2131 5828 ὁ
2158 5776 2291 5839 Θεός
2322 5792 2337 5840 ;
2376 5774 2587 5844 Σφὸδρα
2632 5772 2909 5838 δύσκολον,
2966 5773 3236 5843 ἀγαπητέ.
3282 5775 3345 5827 Ol
3408 5773 3507 5844 μὲν

1926 5875 2033 5944 γὰρ
2071 5872 2339 5925 καὶτοῦτο
2366 5869 2672 5937 ἀγνοοῦσιν,
2694 5868 2816 5921 ὅθεν
2845 5869 2941 5923 καὶ
2975 5869 3108 5939 φασὶ
3143 5869 3314 5941 μυρία
3347 5870 3497 5922 κακὰ

1932 5966 2108 6029 εἰςτὸν
2138 5964 2341 6034 κόσμον
2357 5962 2620 6032 γίνεσθαι·
2646 5962 2759 6016 οίδὲ
2782 5963 2841 6018 τδ
2870 5964 3034 6020 πόσον
3050 5963 3323 6033 ἀγνοοῦσι,
3348 5964 3456 6017 ἔξει
3476 5963 3505 6015 δ
