4002 6516
522 374 593 430 55
1212 364 1570 426 S‘.JOANN|S
1605 359 2096 422 CHRYSOSTOMI
2126 359 2447 422 ABCHIEP.
2484 366 3038 425 CONSTANTINOP.
3701 356 3770 415 54

526 485 737 549 Παῦλος
766 485 823 539 δὲ
869 484 929 537 οὑ
960 483 1020 536 τὸ
1042 483 1227 547 πόσον,
1260 482 1320 535 οὑ
1353 482 1409 535 δέ
1437 482 1577 535 ὥστε
1610 482 1881 554 μετρῆσαι
1915 477 2087 549 ζητεῖ·

523 588 644 650 πώς
663 586 771 655 γάρ
803 602 816 647 ;
851 583 964 636 ἀλλ’
993 582 1075 634 ὅτι
1120 580 1459 651 ὑπερϐάλλον
1498 582 1592 634 καὶ
1631 583 1777 650 μέγα
1811 580 1929 633 ἐστὶ
1963 576 2093 631 αὑτὸ

522 685 678 738 τοῦτο
712 682 900 754 μαθεῖν
926 696 939 710 ⁸
970 679 1061 733 καί
1089 695 1278 747 φησιν,
1308 679 1389 732 ὅτι
1421 680 1552 732 αὑτὸ
1589 678 1748 731 τοῦτο
1777 675 1958 738 ἱκανός
1977 677 2094 727 ἐστι
2137 722 2139 725 ,

521 780 692 846 δεῖξαι
711 780 802 834 καί
826 777 931 831 ἀπὸ
955 776 1055 845 τῆς
1079 775 1352 844 γνώσεως,
1376 771 1444 847 ἦς
1470 776 1630 846 ἡμεῖς
1656 772 1964 844 κατηξιώθη
1974 790 2089 843 μεν.

522 877 714 932 Καίτοι
745 875 797 929 τί
824 875 1082 945 περισσόν
1116 876 1233 926 ἐστι
1268 872 1361 927 τοῦ
1386 871 1775 944 κραταιοῦσθαι
1801 888 1815 937 ;
1837 870 1911 924 Τὸ
1944 870 2095 924 δυνά·

523 992 635 1045 μει,
667 974 854 1044 ῶσπερ
909 972 1004 1025 τοῦ
1041 972 1132 1024 τὸν
1184 970 1417 1040 Χριστὸν
1467 970 1611 1039 ἔχειν
1654 968 1841 1031 ἁπλῶς
1859 968 1920 1021 τὸ
1946 968 2092 1021 ἔνδον

520 1073 640 1124 ἐστὶ
700 1069 979 1137 περισσόν.
1015 1066 1245 1134 Μεγάλα
1292 1066 1360 1118 τὰ
1395 1065 1723 1136 αἰτηθέντα,
1760 1065 1954 1133 φησὶν,
1978 1063 2091 1116 ἀλλ’

516 1165 625 1221 οἶδε
662 1168 757 1221 καὶ
784 1166 925 1237 ὑπὲρ
976 1165 1115 1219 αὐτὰ
1148 1165 1342 1227 ποιεῖν,
1368 1162 1507 1216 ὥστε
1549 1162 1623 1233 μὴ
1656 1161 1815 1231 μόνον
1847 1161 2088 1230 ἀγαπᾷν,

516 1265 654 1321 ἀλλά
673 1265 768 1318 καὶ
786 1262 992 1334 σφόδρα
1017 1261 1176 1314 τοῦτο
1206 1261 1398 1312 ποιεῖν.
1418 1259 1862 1329 Μεριμνήσωμεν
1890 1256 2089 1321 τοίνυν,

516 1362 815 1432 ἀγαπητοὶ,
847 1360 988 1413 ὥστε
1021 1356 1114 1412 τοῦ
1142 1357 1277 1411 Θεοῦ
1310 1356 1406 1427 τὴν
1442 1355 1661 1425 ἀγάπην
1697 1354 1905 1424 μαθεῖν.
1931 1353 2092 1420 Μέγα

514 1459 673 1513 τοῦτό
708 1460 877 1519 ἐστιν,
916 1457 1067 1511 οὐδὲν
1097 1454 1241 1509 οὕτω
1292 1456 1440 1525 ἡμᾶς
1467 1454 1701 1522 ὠφελεῖ,
1732 1450 1885 1505 οὐδὲν
1920 1448 2092 1512 οὕτως

512 1558 665 1627 ἡμᾶς
728 1554 1096 1609 κατανύσσειο
1126 1552 1220 1606 τοῦ
1273 1550 1440 1621 φόϐου
1500 1549 1598 1618 τῆς
1654 1547 1881 1617 γεέννης
1906 1547 2090 1600 ίκανδν

513 1653 675 1708 τοῦτο
727 1652 926 1723 μᾶλλον
957 1651 1097 1705 ἐλεῖν
1132 1651 1233 1714 τάς
1261 1649 1539 1720 ἡμετέρας
1565 1648 1764 1719 ψυχάς.
1797 1650 1969 1702 Πόθεν
1995 1643 2089 1703 οὖν

514 1750 808 1819 είσόμεθα;
854 1749 957 1801 Ἐκ
1000 1764 1061 1800 τε
1101 1746 1209 1799 τῶν
1246 1746 1572 1817 εἰρημένων,
1618 1745 1681 1798 ἐκ
1724 1763 1784 1799 τε
1823 1745 1930 1798 τῶν
1965 1743 2086 1797 καθ’

513 1847 752 1916 ἑκάστην
791 1844 1003 1914 ἡμέραν
1050 1841 1481 1913 συμϐαινόντων.
1541 1841 1699 1905 Τίνος
1753 1841 1861 1913 γὰρ
1903 1841 2089 1895 ἐνεκεν

513 1942 690 1997 ταῦτα
744 1940 1067 2009 γεγένηται;
1100 1938 1258 2001 ποίας
1310 1938 1501 2008 χρείας
1555 1937 1653 2007 τῆς
1699 1936 1893 2000 αὑτοῦ;
1925 1936 2088 1989 Οὑδε-

516 2042 667 2110 μιᾶς.
704 2040 851 2092 ’Δνω
887 2038 983 2091 καὶ
1037 2038 1188 2103 κάτω
1220 2037 1320 2107 τὴν
1366 2038 1588 2111 ἀγάπην
1627 2037 1837 2107 τίθησιν
1866 2036 2042 2090 αἰτίαν
2070 2052 2084 2066 ·

516 2136 753 2206 μάλιστα
793 2133 851 2185 δὲ
888 2132 1072 2202 ἐκείνη
1119 2132 1306 2201 ἀγάπη
1342 2133 1510 2193 ἐστὶν,
1539 2133 1668 2185 ὅταν
1696 2132 2088 2202 εὑεργετῶνται

511 2231 790 2303 ἄνθρωποι
814 2228 1043 2299 μηδενὸς
1076 2227 1526 2298 προῦπάρξαντος
1554 2228 1682 2298 παρ’
1716 2228 1915 2282 αὑτῶν.
1948 2228 2087 2281 Τοῦ-

510 2346 601 2381 τον
634 2326 812 2381 τοίνυν
846 2325 940 2379 καὶ
960 2326 1122 2394 ἡμεῖς
1167 2321 1465 2393 μιμώμεθα
1493 2335 1518 2362 α
1540 2361 1555 2387 ,
1593 2323 1719 2385 τοὺς
1767 2322 1992 2393 ἐχθροὺς
2024 2318 2085 2378 εὖ

510 2424 778 2497 ποιῶμεν,
813 2424 938 2486 τοὺς
976 2421 1273 2494 μισοῦντας
1304 2423 1488 2492 ἡμᾶς,
1528 2421 1655 2484 τοὺς
1683 2422 2087 2494 ἀποστρεφομέ-

509 2542 637 2589 νους
680 2520 1057 2594 προσιώμεθα.
1106 2519 1278 2574 Τοῦτο
1312 2522 1488 2589 ὁμοιοῖ
1524 2520 1685 2590 -ἡμᾶς
1712 2520 1791 2591 τῷ
1818 2520 1956 2593 Θεῷ.
1992 2523 2088 2577 Ἂν

509 2623 619 2696 7&9
671 2622 764 2676 τὸν
831 2620 1007 2690 φίλον,
1043 2620 1248 2688 φησὶν,
1286 2618 1612 2689 ἀγαπὴσῃς,
1647 2620 1700 2672 τί
1751 2620 1812 2673 τὸ
1862 2620 2084 2691 κέρδος;

508 2718 670 2773 τοῦτο
708 2718 807 2772 καὶ¹
852 2717 902 2769 οἰ
953 2716 1156 2770 ἐθνικοὶ
1194 2715 1465 2769 ποιοῦσιν.
1517 2714 1629 2787 [50]
1678 2714 1839 2769 Ἀλλά
1885 2714 1938 2768 τί
1990 2716 2088 2785 τῆς

510 2816 734 2886 ἀγάπης
759 2815 1088 2885 τεκμήριονς
1116 2813 1221 2866 Τὸν
1257 2812 1522 2883 μισοῦντα
1546 2815 1786 2885 ἀγαπᾷν.
1822 2814 2088 2885 Βούλομαί

510 2932 565 2967 τι
615 2913 926 2983 ὑπόδειγμα
975 2912 1170 2975 εἰπεῖν,
1222 2910 1501 2980 σύγγνωτέ
1534 2928 1654 2981 μοι,
1698 2912 1793 2964 καὶ
1821 2912 1917 2982 οὑχ
1938 2912 2088 2980 εὑρί-

512 3025 628 3062 σκω
648 3009 706 3060 ἐν
726 3008 838 3071 τοῖς
872 3006 1265 3076 πνευματικοῖς
1296 3022 1312 3037 ο
1338 3006 1417 3059 διὸ
1440 3005 1550 3060 ἀπὸ
1581 3004 1690 3058 τῶν
1727 3005 1926 3070 ἔξωθεν
1955 3006 2086 3077 ἐρῶ.

509 3104 625 3175 θὺχ
655 3104 817 3175 ὁρᾶτε
849 3102 977 3165 τοὺς
1007 3101 1248 3172 ἐρῶντας
1276 3102 1499 3166 τούτους
1529 3120 1544 3168 ;
1571 3102 1712 3157 πόσα
1744 3102 2087 3174 ὑϐριζόμενοι

509 3199 665 3273 παρὰ
720 3197 830 3252 τῶν
867 3197 1195 3269 ἐρωμένων,
1232 3197 1375 3252 πόσα
1405 3198 1909 3268 ἐπιϐουλευόμενοι,
1946 3200 2087 3253 πόσα

509 3294 890 3366 ζημιούμενοι,
924 3292 1324 3365 προσηλοῦνται
1366 3295 1460 3348 καὶ
1496 3296 1838 3356 ἐκκαίονται.
1874 3297 2088 3366 καὶτῆς

509 3391 722 3446 ἑαυτῶν
781 3390 962 3461 ψυχῆς
1012 3390 1212 3461 μᾶλλον
1259 3390 1428 3454 αὑτάς
1475 3392 1771 3459 ἀγαπῶσι,
1813 3391 2090 3446 διανυκτε-

512 3484 762 3558 ρεύοντες
786 3486 844 3539 ἐν
870 3487 983 3549 τοῖς
1012 3484 1239 3539 ἐκείνων
1268 3485 1592 3558 προθύροις;
1645 3487 1883 3541 Ἐκεῖθεν
1910 3487 2088 3541 λάϐω-

512 3598 615 3651 μεν
638 3580 699 3634 τὸ
726 3580 1052 3652 ὑπόδειγμα,
1084 3581 1182 3652 οὑχ
1216 3580 1356 3635 ὥστε
1376 3582 1632 3646 τοιαύτας
1662 3583 1857 3653 φιλεῖν,
1886 3584 2088 3654 πόρνας

511 3676 655 3747 λέγω
686 3680 971 3746 γυναῖκας,
1002 3677 1117 3730 ἀλλ’
1137 3677 1277 3730 ὥστε
1305 3676 1452 3730 οὕτω
1481 3678 1654 3745 φιλεῖν
1677 3681 1803 3743 τοὺς
1835 3679 2083 3751 ἐχθρούς.

510 3770 649 3824 Είπέ
698 3772 806 3840 γάρ
847 3788 959 3840 μοι,
993 3771 1114 3841 οὑχὶ
1135 3771 1350 3824 πάντων
1390 3772 1604 3842 ἐχθρῶν
1635 3774 2088 3845 ὑϐριστικώτερον

510 3868 695 3932 αὐτοῖς
718 3867 1050 3938 κέχρηνται,
1083 3867 1177 3920 καὶ
1201 3868 1296 3937 τὴν
1318 3868 1506 3921 οὐσίαν
1544 3869 1883 3923 διασπαθῶσι
1912 3871 1963 3933 Ι),
1994 3871 2088 3924 καὶ

518 3967 619 4038 τὴν
675 3966 796 4035 ὄψιν
840 3965 1150 4036 ὑϐρίζουσι,
1177 3966 1269 4017 καὶ
1303 3965 1412 4018 τῶν
1444 3966 1874 4037 διακονουμένων
1897 3969 2087 4033 αὑταῖς

522 4064 887 4132 δουλικώτερα
940 4063 1345 4128 ἐπιτάττουσινς
1406 4062 1546 4115 Ἀλλ’
1597 4063 1745 4133 ὅμως
1804 4065 1904 4118 οὑκ
1964 4066 2089 4136 ἀφί-

517 4177 763 4213 στανται.
796 4160 989 4213 Καίτοι
1041 4158 1216 4220 οὐδεὶς
1240 4158 1428 4212 ούδένα
1463 4159 1573 4229 ἔχει
1599 4159 1839 4214 τοιοῦτον
1872 4162 2084 4233 ἐχθρὸν,

511 4251 624 4310 οἷον
651 4259 679 4310 ὀ
713 4255 884 4327 φιλῶν
912 4255 1011 4326 τὴν
1037 4254 1387 4325 φιλουμένην.
1411 4256 1520 4307 Καὶ
1548 4256 1656 4327 7&9
1688 4256 1982 4327 θρύπτεται
1997 4260 2088 4312 καὶ

513 4352 800 4418 αἰκίζεται,
836 4354 930 4404 καὶ
958 4350 1335 4421 ἀποκέχρηται
1390 4350 1540 4420 αὑτῷ
1581 4351 1885 4425 πολλάκιςὴ
1912 4353 2087 4423 φιλου-

517 4450 673 4521 μένη,
719 4448 815 4502 καὶ
861 4449 971 4519 ὅσῳ
1018 4447 1083 4502 ἂν
1136 4448 1355 4517 φιλῆται
1387 4486 1403 4509 .
1454 4448 1694 4519 τοσούτῳ
1734 4454 2066 4519 καταφρονεῖ

512 4548 706 4607 Καίτοι
737 4545 791 4599 τί
825 4546 923 4615 τῆς
955 4542 1097 4598 οὑτω
1142 4544 1490 4616 διακειμένης
1532 4546 1707 4618 ψυχῆς
1733 4546 1993 4619 θηριῶδές.
2008 4568 2085 4603 ςε-

515 4655 649 4711 ρον;
700 4637 839 4694 Ἀλλ’
887 4638 1038 4707 ὅμως
1093 4635 1338 4705 φιλοῦσιν
1386 4637 1600 4691 ἐκεῖνοι.
1641 4640 1801 4692 Ἀλλά
1836 4641 1976 4711 τάχα
1993 4643 2085 4696 καὶ

514 4736 623 4791 ἀπὸ
658 4735 768 4791 τῶν
806 4731 1191 4805 πνευματικῶν
1229 4734 1533 4804 εὑρήσομεν
1557 4735 1810 4806 τοιαύτην
1841 4738 2081 4808 ἀγάπην,

512 4831 576 4885 οὑ
610 4830 720 4886 τῶν
740 4830 836 4885 νῦν
864 4847 880 4862 ’
910 4829 1087 4900 ἐψύγη
1129 4829 1237 4900 γάρ
1260 4846 1273 4860 ’
1301 4828 1439 4882 ἀλλά
1476 4829 1584 4883 τῶν
1614 4830 1784 4883 πάλαι
1835 4832 2086 4902 μεγάλων

515 4927 614 4983 καὶ
650 4925 978 4996 θαυμαστῶν
1001 4924 1227 4980 ἐκείνων
1255 4924 1483 4995 ἀνδρῶν.
1906 4925 1943 4942 “·

599 5011 657 5063 ’0
683 5009 923 5079 Μωὺσῆς
948 5012 976 5063 ό
1031 5009 1299 5079 μακάριος
1326 5009 1421 5061 καὶ
1447 5006 1677 5071 τούτους
1698 5009 1895 5074 αὑτοὺς
1918 5018 2085 5083 οπερ-

514 5104 676 5160 έϐαλε
703 5105 831 5168 τοὺς
866 5105 1028 5175 ἔρωτι
1064 5104 1372 5175 φιλοῦντας.
1421 5103 1547 5167 Πῶς
1594 5105 1690 5158 καὶ
1724 5106 1832 5158 τίνι
1862 5107 2081 5177 τρόπῳς

514 5201 737 5272 Πρῶτον
760 5201 859 5272 μὲν
884 5201 954 5254 τὰ
984 5200 1229 5271 βασίλεια
1267 5201 1447 5270 ἀφιεὶς
1486 5202 1584 5254 καὶ
1609 5200 1707 5272 τὴν
1733 5203 1848 5256 ἐκεῖ
1877 5204 2088 5276 τρυφὴν

515 5302 612 5355 καὶ
646 5300 744 5372 τὴν
797 5299 1093 5370 θεραπείαν
1146 5301 1240 5353 καὶ
1282 5300 1344 5353 τὸ
1369 5298 1710 5364 δοξάζεσθαι,
1748 5301 1917 5355 εἵλετο
1942 5296 2082 5356 εἶναι

518 5395 661 5468 μετά
704 5394 813 5450 τῶν
856 5394 1222 5465 Ἰσραηλιτῶν.
1264 5396 1460 5451 Καίτοι
1494 5396 1555 5448 οὑ
1593 5396 1749 5467 μόνον
1772 5399 1871 5451 οὐκ
1901 5400 1967 5454 ἀν
1995 5417 2081 5464 τις

515 5490 675 5553 ἄλλος
715 5490 1007 5561 εἰργάσατο
1042 5491 1218 5558 τοῦτο,
1247 5491 1382 5545 ἀλλά
1437 5493 1541 5545 κᾶν
1570 5494 1883 5566 ἐπῃσχύνθη
1932 5496 2085 5566 ἐλέγ-

516 5606 700 5659 χοντος
752 5589 939 5661 ἐτέρου
974 5589 1211 5660 φανῆναι
1246 5590 1513 5660 συγγενὴς
1555 5590 1616 5644 οὑ
1658 5593 1817 5662 μόνον
1846 5595 2082 5660 δούλων,

518 5697 658 5754 άλλά
704 5698 796 5752 καὶ
847 5698 1060 5769 μιαρῶν
1088 5694 1228 5751 εἶναι
1263 5694 1633 5767 νομιζομένων
1658 5712 1670 5725 ’
1698 5698 1729 5749 »ό
1755 5695 1809 5749 δὲ
1832 5697 1891 5750 οὑ
1928 5695 2089 5765 μόνον

601 5880 627 5947 _‘
656 5880 806 5947 ﬂarg.
826 5884 1005 5947 Sam”
1032 5890 1326 5947 μιμούμενοι.

601 5943 631 5985 δ
668 5943 782 5995 “SS;
806 5946 905 5996 duo
941 5943 1194 5999 διασπῶσι.

2203 468 2308 538 τὴν
2344 467 2660 535 συγγένειαν
2676 470 2775 521 οὐκ
2792 468 3124 539 ἐπῃσχύνθη,
3152 465 3285 520 ἀλλὰ
3304 467 3396 520 καὶ
3427 468 3589 523 παντὶ
3613 468 3773 540 θυμῷ

2197 576 2371 646 ἡμυνε
2390 615 2405 640 ,
2438 576 2531 630 καὶ
2559 577 2639 639 εἰς
2680 573 2958 636 κινδύνους
2986 570 3176 625 ἐαυτὸν
3201 569 3421 640 ἔρριψεν
3454 568 3595 640 ὑπὲρ
3622 568 3773 621 ἐκεί-ν

2195 689 2321 728 νων.
2351 673 2507 736 Πῶςς
2551 671 2727 743 Ὀρῶν
2752 713 2766 737 ,
2803 670 2956 739 φησὶ,
3001 667 3122 721 τινὰ
3144 665 3451 728 ἀδικοῦντα,
3489 666 3662 737 ἤμυνε
3690 664 3771 736 τῷ

2194 768 2538 839 ἀδικουμένῳ
2564 810 2578 832 ,
2624 768 2717 821 καὶ
2773 768 3061 820 ἀπέκτεινε
3122 762 3212 815 τὸν
3274 762 3581 816 ἀδικοῦντα.
3628 760 3769 814 Ἀλλ’

2193 863 2345 917 οῦπω
2369 864 2541 917 ταῦτα
2576 864 2715 934 ὑπὲρ
2748 860 2957 933 ἐχθρῶν
2990 876 3004 890 ·
3048 858 3259 930 μεγάλα
3299 859 3395 928 μὲν
3424 852 3515 910 οὖν
3542 859 3637 910 καὶ
3669 858 3771 910 αύ-

2194 960 2281 1026 τά,
2316 960 2415 1030 οὑχ
2441 959 2585 1014 οὑτω
2621 959 2678 1013 δέ
2712 960 2787 1022 ὡς
2817 960 2886 1012 τά
2918 957 3054 1028 μετά
3087 955 3288 1009 ταῦτα.
3323 955 3401 1026 Τῇ
3423 950 3514 1008 οὖν
3536 954 3773 1026 ἐπιούσῃ

2193 1055 2375 1126 ἡμέρᾳ
2419 1055 2481 1108 τὸ
2512 1054 2642 1108 αὑτὸ
2694 1051 2800 1108 εἶδε
2848 1054 3151 1122 γινόμενον,
3186 1052 3436 1104 κάκεῖνον
3468 1044 3512 1118 ᾧ
3560 1052 3773 1120 ἡμυνεν

2190 1149 2331 1218 ὁρῶν
2351 1148 2670 1211 ἀδικοῦντα,
2708 1146 2940 1218 παρῄνει
2979 1145 3292 1199 παύσασθαι
3325 1148 3422 1215 τῆς
3454 1144 3663 1207 ἀδικίας
3695 1159 3709 1174 ⁸
3738 1144 3771 1195 ό

2190 1243 2247 1297 δέ
2266 1261 2418 1315 φησι,
2442 1245 2609 1316 πολλῇ
2628 1243 2989 1314 ἀγνωμοσύνῃ
3015 1241 3375 1313 κεχρημένος,
3400 1240 3500 1306 Τίς
3525 1256 3600 1294 σε
3616 1256 3767 1293 κατ-

2189 1341 2453 1409 έστησεν
2485 1342 2749 1411 ἄρχοντα
2790 1341 2892 1395 καί
2926 1339 3229 1407 δικαστὴν
3264 1338 3355 1408 ἐφ’
3408 1338 3602 1407 ήμᾶςς
3634 1338 3771 1390 Τίνα

2189 1439 2289 1492 οὐκ
2319 1438 2385 1492 ἂν
2410 1440 2676 1510 ἐνέπρησε
2712 1438 2783 1491 τά
2812 1440 3033 1508 ῥήματα
3062 1435 3266 1499 ταῦτα;
3304 1436 3369 1487 Εἰ
3392 1435 3572 1487 τοίνυν
3599 1434 3763 1504 θυμῷ

2189 1534 2250 1587 τὸ
2294 1536 2553 1606 πρότερον
2603 1534 2817 1602 ἐγένετο
2859 1534 2954 1587 καὶ
2985 1533 3171 1605 μανίᾳ,
3199 1534 3292 1585 καὶ
3321 1531 3509 1585 τοῦτον
3531 1531 3596 1583 ἀν
3626 1530 3769 1600 πλή-

2192 1630 2289 1695 ξας
2330 1632 2556 1684 ἅνεῖλεν.
2582 1631 2655 1685 Ού
2696 1631 2804 1702 γάρ
2838 1630 2901 1701 δὴ
2947 1632 3172 1693 ἐκεῖνος,
3204 1629 3342 1699 ὑπὲρ
3370 1623 3431 1683 οὗ
3462 1627 3621 1681 τοῦτο
3653 1627 3771 1696 ἐγέ-

2190 1747 2330 1794 νετο,
2357 1731 2730 1801 κατεμήνυσεν
2758 1730 2823 1784 ἂν
2837 1729 3019 1793 αὑτὸν,
3052 1728 3166 1782 ἀλλ’
3196 1729 3277 1782 ὅτι
3303 1729 3582 1794 συγγενεῖς
3603 1721 3765 1796 ἦσαν,

2191 1826 2362 1896 φησὶ,
2403 1825 2574 1879 ταῦτα
2619 1820 2793 1879 εἶπεν.
2836 1827 2965 1878 Ὅτε
3013 1826 3275 1895 ἡδικεῖτο,
3318 1822 3472 1876 οὐδὲν
3524 1822 3768 1876 τοιοῦτον

2189 1922 2507 1992 ἐφθέγξατο,
2546 1924 2642 1988 Τίς
2673 1939 2747 1977 σε
2788 1921 3168 1989 κατέστησεν
3192 1922 3455 1989 ἄρχοντα
3478 1921 3575 1973 καὶ
3600 1920 3766 1973 δικα-

2188 2018 2348 2086 στὴν
2373 2017 2466 2086 ἐφ’
2492 2016 2691 2087 maio;
2726 2018 2824 2070 Διά
2873 2018 2927 2069 τί
2975 2018 3049 2088 μὴ
3090 2016 3219 2087 χθὲς
3266 2011 3421 2079 εἶπες
3464 2014 3658 2078 τοῦτο;
3698 2015 3765 2068 Ἡ

2188 2114 2371 2169 ἀδικία
2398 2116 2432 2184 ἡ
2462 2112 2531 2185 σὴ
2554 2114 2649 2195 καὶ
2683 2115 2717 2184 ἡ
2746 2113 2985 2183 ώμότης,
3010 2112 3196 2181 φησὶν,
3236 2110 3373 2181 αῦτη
3407 2128 3473 2180 με
3496 2110 3764 2178 κατέστη-

2190 2229 2281 2266 σεν
2308 2212 2545 2283 ἄρχοντα
2570 2214 2665 2265 καὶ
2693 2211 2977 2278 δικαστήν.
3021 2208 3181 2261 Ἀλλὰ
3210 2207 3304 2262 νῦν
3344 2209 3445 2278 ὅρα
3465 2209 3547 2262 ὃτι
3571 2209 3665 2262 καὶ
3686 2205 3769 2278 τῷ

2187 2308 2305 2379 Θεῷ
2352 2309 2525 2363 ταῦτα
2553 2308 2769 2377 λέγουσί
2801 2305 2915 2379 [51]
2938 2324 3100 2370 τινες.
3146 2308 3235 2360 Ἐν
3261 2300 3343 2369 οἷς
3371 2306 3469 2377 μὲν
3498 2306 3608 2376 γὰρ
3645 2306 3767 2360 ἀδι-

2188 2406 2428 2470 κοῦνται,
2472 2405 2751 2474 βούλονται
2791 2403 2953 2457 αὑτὸν
2998 2398 3139 2456 εἶναι
3192 2401 3442 2473 σφοδρὸν,
3512 2404 3607 2456 καὶ
3664 2404 3767 2469 τῆς

2192 2502 2573 2574 μακροθυμίας
2610 2498 2775 2555 αὑτοῦ
2818 2498 3219 2571 κατηγοροῦσιν
3249 2517 3261 2528 ·
3300 2500 3429 2552 ὅταν
3472 2500 3530 2554 δὲ
3561 2501 3767 2555 ἀδικῶ-

2190 2615 2297 2665 σιν,
2319 2598 2522 2652 οὐκέτι.
2568 2598 2634 2650 Τί
2655 2596 2864 2650 τούτων
2921 2594 3248 2666 πικρότερον
3289 2594 3397 2648 τῶν
3457 2596 3759 2668 ρημάτων;

2201 2695 2339 2749 Ἀλλ’
2366 2695 2514 2765 ὅμως
2548 2694 2688 2763 μετὰ
2719 2693 2892 2746 ταῦτα
2915 2692 3051 2763 πρὸς
3081 2692 3207 2755 τοὺς
3230 2690 3553 2762 ἀγνώμονας
3573 2734 3590 2761 ,
3627 2694 3768 2765 πρὸς

2186 2792 2313 2854 τοὺς
2354 2790 2681 2861 ἀχαρίστους
2719 2788 3074 2859 πεμπόμενος
3099 2827 3115 2853 ,
3150 2790 3373 2859 ἤρχετο,
3395 2789 3489 2842 καὶ
3521 2790 3622 2843 οὑκ
3645 2790 3772 2843 ἀνε-

2188 2888 2365 2941 δύετο.
2405 2886 2565 2940 Ἀλλά
2618 2886 2715 2939 καὶ
2752 2884 2890 2956 μετά
2928 2884 2999 2937 τά
3029 2885 3232 2953 σημεῖα
3265 2885 3470 2946 ἐκεῖνα,
3502 2886 3596 2937 καὶ
3627 2886 3769 2956 μετά

2185 2984 2256 3035 τὰ
2282 2982 2533 3053 θαύματα
2558 2982 2626 3036 τά
2652 2982 2720 3036 δι’
2739 2980 2908 3035 αὑτοῦ
2933 2980 3221 3050 γενόμενα,
3247 2980 3580 3034 καταλεῦσαι
3604 2980 3771 3035 αὑτὸν

2189 3077 2451 3141 πολλάκις
2473 3079 2570 3131 ἐπε
2574 3079 2855 3150 χείρησαν,
2877 3078 2972 3132 καὶ
2995 3076 3225 3145 ἐξέφυγε
3240 3076 3341 3141 τὰς
3360 3080 3547 3148 χεῖρας
3562 3078 3766 3132 αὑτῶν·

2188 3176 2283 3229 καὶ
2308 3174 2717 3245 κατεγόγγυζον
2754 3174 3013 3246 συνεχῶς,
3046 3173 3161 3228 ἀλλ’
3183 3177 3333 3245 ὅμως
3368 3175 3566 3237 αὑτοὺς
3592 3175 3765 3236 οὑτως

2189 3271 2365 3340 ἐφίλει
2414 3270 2613 3342 ἔρωτι,
2654 3272 2730 3335 ὡς
2771 3273 2949 3325 είπεῖν
2987 3270 3126 3343 πρὸς
3166 3271 3261 3325 τὸν
3287 3270 3439 3336 Θεὸν,
3475 3271 3638 3343 ἡνίκα
3665 3271 3769 3342 τὴν

2188 3368 2466 3440 ἁμαρτίαν
2496 3368 2713 3439 ἐκείνην
2758 3368 2859 3439 τὴν
2888 3368 3133 3439 χαλεπὴν
3163 3370 3487 3438 εἰργάσαντο
3510 3386 3524 3399 ·
3549 3370 3620 3422 El
3650 3370 3767 3437 μὲν

2187 3463 2352 3534 ἀερῆς
2375 3463 2581 3530 αὐτοῖς
2603 3463 2720 3533 τὴν
2751 3465 3065 3533 ἁμαρτίαν,
3096 3463 3245 3533 ἄφες
3270 3480 3285 3495 ·
3314 3466 3368 3517 εί
3398 3464 3467 3517 δὲ
3487 3463 3594 3533 μὴ,
3613 3465 3768 3533 κάμὲ

2186 3559 2514 3629 ἑξάλειψον
2542 3560 2613 3613 ἐκ
2649 3559 2763 3628 τῆς
2780 3560 3003 3624 ,βίϐλου
3032 3555 3109 3629 ἧς
3147 3559 3445 3629 ἔγραψας.
3487 3558 3765 3629 Βούλομαι

2192 3658 2308 3728 μετ’
2329 3658 2554 3711 ἐκείνων
2577 3656 2895 3719 ἀπολέσθαι,
2922 3657 3107 3726 φησὶν,
3148 3655 3182 3727 ἦ
3210 3656 3382 3727 χωρὶς
3403 3658 3625 3709 ἐκείνων
3659 3656 3755 3709 σώ-

2188 3752 2614 3817 ζεσθαι.”υντωι,
2654 3753 2839 3825 μανία,
2862 3752 3032 3816 ὅντως
3053 3752 3193 3821 ἔρως
3228 3753 3422 3823 μέγας.
3457 3750 3521 3803 Τί
3547 3752 3730 3820 λέγεις
3748 3769 3764 3817 ἶ

2186 3848 2280 3902 τοῦ
2334 3848 2564 3921 ούρανοῦ
2620 3851 3021 3919 καταφρονεῖς;
3054 3850 3198 3915 Ναὶ,
3252 3848 3385 3920 φησί
3421 3864 3434 3878 ·
3460 3848 3600 3917 φιλῶ
3656 3849 3767 3920 γάρ

2186 3953 2312 4016 τοὺς
2336 3950 2683 4023 ἠδικηκότας.
2704 3950 3115 4022 Ἐξαλειφθῆναι
3143 3952 3313 4015 αἰτεῖς
3334 3969 3348 4017 ;
3381 3951 3491 4005 Καὶ
3515 3950 3567 4003 τί
3585 3950 3765 4015 πάθω,

2188 4045 2351 4116 φησίν
2376 4062 2390 4110 ;
2414 4043 2553 4115 ἔρως
2579 4043 2689 4112 γάρ
2708 4044 2844 4097 ἐστι.
2870 4043 2935 4095 Τί
2964 4042 3021 4096 δὲ
3048 4042 3117 4096 τά
3148 4043 3289 4113 μετά
3312 4041 3488 4097 ταῦτα
3512 4059 3528 4110 ;
3560 4043 3766 4095 Ἀκου-

2189 4159 2281 4195 σον
2317 4142 2369 4194 τί
2399 4158 2563 4212 φησιν
2593 4138 2820 4210 ἑτέρωθι
2852 4138 3098 4211 ἡΓραφή
3117 4156 3132 4171 ·
3168 4140 3277 4194 Καὶ
3304 4140 3572 4208 ἐκακώθη
3596 4142 3767 4195 Μωῢ-

2187 4236 2307 4305 σῆς
2349 4235 2424 4290 δι’
2461 4236 2703 4302 αὐτούς.
2742 4234 2981 4299 Ποσάκις
3026 4235 3302 4306 ὑϐρισαν;
3352 4237 3587 4299 ποσάκις
3630 4236 3767 4289 ἀπε-

2187 4335 2577 4407 χειροτόνησαν
2606 4332 2793 4396 αὑτὸν,
2836 4330 3045 4385 καὶτὸν
3072 4331 3300 4401 ἀδελφόν
3323 4348 3339 4398 ;
3381 4333 3462 4396 εἰς
3484 4331 3765 4400 Αἴγυπτον

2188 4433 2420 4496 ποσάκις
2477 4431 2873 4500 μεταναστῆναι
2924 4427 3240 4500 ἐζήτησαν;
3270 4429 3365 4481 καὶ
3420 4427 3560 4498 μετά
3585 4426 3764 4495 ταῦτα

2189 4530 2373 4582 πάντα
2399 4526 2676 4592 ἐξεκαίετο
2698 4526 2790 4580 καὶ
2822 4526 3113 4596 ἐμεμὴνει,
3146 4524 3241 4579 καὶ
3268 4523 3409 4595 ὑπέρ
3443 4522 3625 4576 αὑτῶν
3654 4523 3768 4576 πά-

2190 4641 2337 4693 σχειν
2373 4623 2588 4692 ἐτοιμος
2608 4618 2697 4692 ἦν,
2734 4621 2889 4675 Οῦτω
2919 4622 3000 4675 δεῖ
3028 4622 3205 4692 φιλεῖν
3229 4622 3355 4685 τοὺς
3387 4621 3634 4692 ἐχθροὺς,
3662 4638 3763 4673 κο-

2188 4718 2459 4788 πτόμενον
2500 4716 2597 4771 καὶ
2631 4716 3150 4787 ταλαιπωρούμενον
3174 4718 3270 4771 καὶ
3303 4717 3480 4771 πάντα
3499 4714 3765 4770 ποιοῦντα

2187 4814 2282 4866 καὶ
2311 4811 2699 4882 χωριζόμενον,
2737 4812 2984 4880 ἐφίεσθαι
3018 4813 3118 4883 τῆς
3161 4812 3436 4882 σωτηρίας
3473 4811 3672 4866 αὐτῶν.
3691 4811 3764 4865 Τί

2185 4909 2244 4962 δέ
2272 4910 2300 4962 ό
2327 4907 2561 4973 Παῦλος,
2594 4907 2718 4960 είπέ
2761 4924 2874 4977 μοι,
2897 4908 3018 4978 οὐχὶ
3042 4908 3136 4961 καὶ
3161 4908 3387 4977 γέενναν
3415 4908 3616 4979 ᾔτησεν
3638 4908 3763 4961 ἀντ’

2188 5006 2411 5073 αὑτῶν;
2466 5004 2604 5059 Ἀλλ’
2637 5004 2744 5058 ἀπὸ
2802 5003 2897 5057 τοῦ
2951 5005 3223 5058 Δεσπότου
3279 5006 3340 5058 τὸ
3408 5006 3763 5077 παράδειγμα

2187 5105 2485 5172 ἀναγκαῖον
2525 5103 2778 5170 ἀγαγεῖν.
2820 5100 2978 5154 Οὕτω
3019 5102 3127 5173 γὰρ
3158 5103 3254 5155 καὶ
3288 5101 3450 5165 αὑτὸς
3476 5106 3638 5167 ποιεῖ,
3666 5102 3761 5155 λέ-

2186 5217 2321 5269 γων,
2351 5201 2432 5253 ὅτι
2454 5198 2565 5253 Τὸν
2600 5197 2780 5265 ἥλιον
2797 5196 2984 5250 αὐτοῦ
2996 5196 3311 5251 ἀνατέλλει
3334 5198 3431 5251 ἐπὶ
3455 5198 3761 5266 πονηροὺς

2187 5296 2289 5349 καί
2339 5294 2597 5365 ἀγαθούς
2627 5309 2642 5324 ⁸
2678 5292 2787 5346 ἀπὸ
2820 5291 2914 5345 τοῦ
2941 5292 3155 5364 Πατρδς
3184 5293 3349 5346 αὑτοῦ
3375 5294 3554 5364 φέρων
3579 5296 3637 5348 τὸ
3654 5312 3763 5349 πα·-

2192 5395 2478 5466 ράδειγμα,
2525 5392 2689 5463 ἡμεῖς
2731 5388 2788 5444 δέ
2839 5391 2934 5444 ἀπ’
2952 5390 3115 5442 αὐτοῦ
3165 5389 3259 5443 τοῦ
3315 5388 3759 5461 Χριστοῦ.Ἶίλθε

2188 5490 2326 5563 πρὸς
2347 5490 2565 5552 αὐτοὺς,
2597 5487 2737 5541 κατὰ
2764 5487 2860 5557 τὴν
2885 5487 3195 5556 οἰκονομίαν
3230 5487 3392 5556 λέγω,
3423 5488 3606 5551 δοῦλος
3636 5489 3761 5556 ἐγέ-

2189 5600 2307 5637 νετο
2338 5582 2404 5635 δι’
2435 5580 2651 5643 αὐτοὺς,
2683 5578 3044 5631 ἐταπείνωσεν
3073 5578 3288 5642 ἑαυτὸν,
3324 5579 3578 5643 ἐκένωσε,
3623 5596 3762 5647 μορ-

2187 5675 2294 5746 φὴν
2335 5672 2522 5725 δούλου
2582 5670 2742 5724 ἔλαϐε
2774 5684 2788 5697 °
2820 5667 2913 5722 καὶ
2949 5672 3414 5742 παραγενόμενος,
3439 5670 3561 5723 οὕτε
3592 5670 3759 5736 αὑτὸς

2185 5765 2266 5827 εἰς
2329 5762 2446 5816 ὁδὸν
2495 5760 2665 5813 ἐθνῶν
2710 5761 3009 5831 ἀπήρχετο,
3035 5761 3263 5825 καὶτοῖς
3289 5762 3560 5833 μαθηταῖς
3593 5761 3759 5819 τοῦτο

2186 5854 2447 5909 ἐπέταττε
2484 5868 2498 5882 ·
2522 5852 2618 5904 καί¹
2658 5851 2719 5903 οὑ
2755 5850 2914 5904 τοῦτο
2956 5852 3135 5919 μόνον,
3178 5853 3313 5905 ἀλλὰ
3356 5854 3449 5906 καὶ
3516 5855 3754 5926 περιῆγε

2188 5943 2707 6015 θεραπεύωνπᾶσαν
2730 5943 2883 5999 νόσον
2904 5944 2994 5998 καὶ
3037 5946 3215 5999 πᾶσαν
3246 5945 3535 6015 μαλακίαν.
