4030 6504
606 412 675 467 55
1145 444 1159 458 .
1301 399 1358 455 8.
1397 393 1672 453 JOANNlS
1695 386 2165 449 CllRYSOSTOMl
2195 385 2511 443 ARClllEP.
2539 382 3065 443 CONSTANTINOP.
3784 388 3855 443 ﬂ

607 518 1004 592 dispensatione
1023 516 1308 585 ,inquam,
1342 521 1559 581 prepter
1590 510 1733 577 ipsos
1759 506 1928 561 lactus
1956 514 2039 560 est
2062 518 2178 556 ser-

604 630 723 681 vus,
752 614 989 683 seipsum
1034 606 1330 663 humiliavit
1356 647 1372 671 ,
1405 604 1715 666 evacuavit,
1764 601 1990 655 formam
2037 596 2179 652 servi

606 707 812 777 accepit
839 724 853 761 :
883 713 1080 760 etcum
1101 701 1429 761 advenisset,
1462 712 1637 766 neque
1661 697 1782 764 ipse
1802 694 1933 749 abiit
1959 694 2009 747 in
2038 692 2179 745 viam

605 801 862 869 gentium,
886 803 941 850 et
966 796 1065 848 hoc
1086 792 1372 861 imperavit
1390 788 1665 859 discipulis
1692 806 1705 841 :
1733 801 1831 841 nec
1856 785 1957 840 hoc
1980 784 2176 846 solum,

607 890 701 946 sed
730 899 784 945 ct
810 887 1057 943 circuivit
1102 899 1315 940 omnem
1360 882 1601 937 morbum
1633 893 1829 933 curans
1874 887 1929 932 et
1966 890 2180 930 munem

608 979 994 1051 aegritudinem.

678 1069 921 1124 Inimicos
949 1066 1201 1138 quomodo
1230 1064 1438 1135 diligere
1456 1096 1459 1099 -
1476 1069 1720 1132 aperteat.
1749 1089 1817 1099 —-
1842 1057 1979 1126 Quid
1999 1072 2135 1127 ergo
2156 1058 2179 1096 ν

606 1163 708 1219 Alii
730 1175 917 1216 omnes
942 1160 1226 1229 stupebant
1260 1167 1312 1210 et
1340 1154 1761 1215 admirabantur,
1794 1162 1847 1205 et
1885 1151 2133 1205 dicebant
2164 1168 2177 1203 :

611 1252 878 1308 Undenam
904 1252 948 1305 ei
969 1252 1075 1305 ἠως
1104 1250 1231 1315 ﬁunt
1263 1246 1597 1318 (MatthJS.
1626 1244 1755 1313 56)?
1785 1244 1816 1296 ii
1842 1252 2018 1297 autem
2045 1258 2180 1309 quos

606 1344 873 1400 alliciebat
897 1338 1476 1405 beneﬁciis,dicebant,
1502 1336 1817 1391 Daunoniunt
1834 1335 1977 1388 habet
1996 1332 2050 1405 (J
2060 1350 2177 1387 oan.

607 1439 695 1494 10.
722 1438 836 1508 20),
868 1446 920 1491 et
938 1437 1268 1505 blasphemat
1293 1446 1344 1488 et
1376 1432 1571 1486 insanit
1598 1440 1653 1485 et
1681 1442 1761 1484 est
1782 1430 1974 1498 planus
2002 1437 2056 1482 et
2086 1426 2182 1481 de—

605 1540 793 1599 ceptor
820 1529 1030 1600 (Matth.
1052 1527 1190 1583 9.3.
1217 1532 1263 1579 et
1291 1525 1380 1579 27.
1402 1522 1515 1593 65).
1545 1521 1805 1591 Numquid
1828 1536 1957 1590 ergo
1982 1534 2077 1574 eos
2096 1534 2182 1573 re-

607 1626 773 1694 pulit?
802 1624 1165 1693 Nequaquam,
1210 1618 1306 1675 sed
1352 1632 1447 1673 eos
1468 1615 1777 1685 majoribus
1800 1614 1982 1668 all'ecit
2012 1612 2179 1666 bene—

605 1716 742 1771 ﬂciis
772 1714 887 1768 hmc
913 1712 1155 1774 audiens,
1186 1720 1241 1765 et
1260 1709 1389 1764 abiit
1417 1706 1484 1762 ad
1510 1722 1604 1762 eos
1622 1706 1708 1776 qui
1741 1705 1913 1774 ipsum
1935 1712 2095 1759 erant
2125 1704 2176 1756 in

603 1822 818 1862 crucem
847 1802 1013 1859 acturi
1036 1843 1051 1868 ,
1083 1812 1141 1855 ut
1170 1815 1263 1855 eos
1293 1799 1470 1853 salvos
1524 1795 1845 1853 faceret.‘Et
1899 1803 2175 1863 postquam

605 1901 700 1955 luit
735 1896 1044 1960 cruciﬁxus,
1092 1894 1218 1964 quid
1260 1892 1433 1947 dicit?
1486 1889 1868 1955 Patergdimitte
1894 1888 2035 1949 illis;
2079 1904 2178 1938 non

604 1992 737 2045 enim
762 1989 925 2043 sciunt
951 1987 1072 2057 quid
1089 1986 1281 2054 faciunt
1311 1983 1458 2053 (Luc.
1483 1984 1574 2039 9.5.
1602 1983 1713 2050 54).
1758 1980 1823 2034 Et
1850 1990 2002 2034 antea
2044 1982 2178 2031 male

603 2096 814 2152 passus,
846 2090 900 2135 et
922 2088 1103 2149 postea
1160 2077 1298 2131 male
1327 2090 1537 2144 passus,
1573 2074 1636 2127 ad
1676 2082 1979 2127 extremum
2012 2087 2177 2141 usque

603 2173 847 2242 spiritum
892 2185 989 2240 pro
1016 2168 1143 2237 ipsis
1191 2168 1368 2221 omnia
1399 2167 1621 2235 agebat,
1653 2179 1751 2232 pro
1797 2160 1927 2232 ipsis
1967 2168 2175 2218 οτιινειι.

604 2266 665 2322 Et
695 2274 812 2334 post
842 2277 1055 2317 crucem
1088 2259 1215 2330 quid
1250 2275 1354 2315 non
1386 2274 1483 2329 pro
1513 2260 1594 2313 eis
1619 2257 1782 2314 iecit?
1809 2272 1985 2313 nonne
2034 2258 2178 2311 misit

643 2422 891 2431 -Αημ--υγ

2285 501 2599 569 apostolos?
2642 514 2745 554 non
2785 500 2932 569 signa
2964 497 3125 554 fecit?
3155 514 3259 553 non
3301 499 3511 568 quidvis
3540 502 3746 555 movit?
3771 512 3855 559 me

2284 600 2494 663 oportet
2519 590 2742 661 diligere
2781 590 3045 656 inimicos,
3077 590 3159 645 sic
3202 589 3397 645 imitari
3420 591 3719 647 Christum.
3772 590 3857 650 Sic

2286 682 2407 736 fecit
2434 682 2664 737 Paulus:
2695 681 2958 751 lapidibus
2985 681 3273 749 appetitus,
3325 697 3515 750 passus
3548 683 3857 739 innumera-

2285 776 2428 837 bilia,
2456 788 2556 846 pro
2581 774 2710 844 ipsis
2738 775 2928 845 agebat
2973 773 3172 827 omnia.
3207 774 3343 829 Audi
3384 789 3504 829 eum
3536 775 3809 829 dicentem
3840 792 3855 829 :

2293 866 2534 921 Voluntas
2553 866 2721 920 cordis
2739 866 2837 920 mei
2862 875 2907 919 et
2929 864 3202 919 obsecratio
3223 865 3279 933 ﬁt
3297 882 3388 934 pro
3404 866 3586 921 illisad
3608 868 3855 932 salutem;

2282 967 2335 1012 et
2355 972 2587 1024 rursum,
2623 956 2981 1012 Testimonium
3003 958 3135 1011 enim
3153 958 3256 1011 illis
3278 958 3530 1027 perhibeo,
3552 958 3687 1029 quod
3709 972 3862 1010 amu-

2284 1050 2521 1105 lationein
2549 1049 2643 1103 Dei
2668 1049 2846 1103 habent
2872 1050 3046 1117 (Rom.
3072 1049 3160 1104 10.
3187 1050 3239 1104 1.
3271 1061 3318 1103 et
3338 1049 3393 1117 2)
3416 1065 3430 1112 ;
3453 1060 3507 1104 et
3535 1051 3729 1106 iterum
3760 1068 3774 1104 :
3801 1052 3854 1106 Si

2286 1154 2337 1197 tu
2366 1131 2432 1197 ex'
2460 1144 2684 1199 naturali
2711 1143 2924 1198 excisus
2948 1143 3180 1198 oleastro
3216 1142 3446 1198 insertus
3468 1157 3527 1198 es
3552 1142 3737 1213 (Rom.
3767 1144 3851 1199 Η.

2286 1238 2395 1305 l7),
2424 1246 2621 1305 quanto
2653 1235 2820 1303 magis
2872 1235 2958 1289 isti
3011 1236 3313 1289 insereutur
3366 1251 3475 1290 sua:
3527 1231 3733 1291 olivae?
3779 1235 3849 1291 Es

2283 1339 2481 1397 quanto
2509 1344 2693 1383 amore
2724 1329 2841 1383 hate
2870 1328 3029 1383 verba
3075 1328 3178 1383 diei
3209 1330 3507 1392 existimas,
3559 1346 3623 1382 ex
3656 1340 3852 1398 quanta

2285 1420 2699 1476 benevolentia?
2723 1420 2838 1475 Non
2870 1429 3046 1489 potest
3073 1419 3199 1486 diei,
3225 1436 3328 1474 non
3344 1430 3556 1490 potest.
3580 1421 3672 1476 Sic
3698 1436 3855 1490 opor-

2286 1526 2359 1570 tet
2384 1516 2626 1569 inimicos
2654 1514 2878 1583 diligere
2908 1531 2920 1566 :
2951 1512 3052 1568 hoc
3080 1522 3163 1568 est
3193 1514 3358 1567 Deum
3382 1514 3602 1583 diligere
3626 1516 3720 1582 qui
3745 1513 3855 1581 jus-

2282 1610 2370 1673 sit,
2389 1609 2479 1678 qni
2509 1608 2676 1678 legem
2697 1607 2877 1671 dedit;
2909 1608 3058 1661 illum
3090 1607 3284 1660 imitari
3312 1616 3396 1661 est
3421 1606 3646 1677 diligere
3675 1605 3853 1661 inimi-

2283 1718 2423 1756 cum.
2450 1701 2631 1770 Cogita
2659 1700 2799 1770 quod
2828 1716 2934 1755 non
2966 1700 3183 1754 inimico
3213 1699 3515 1765 benefaeis,
3565 1698 3664 1754 sed
3716 1698 3811 1754 tibi
3838 1718 3851 1754 :

2285 1811 2389 1849 non
2432 1794 2578 1849 illum
2614 1793 2808 1861 diligis,
2867 1792 2960 1847 sed
2982 1793 3101 1847 Deo
3148 1776 3513 1848 obedisfllaec
3557 1806 3689 1861 ergo
3722 1806 3851 1845 cum

2284 1890 2513 1941 sciamus
2534 1926 2549 1944 .
2578 1884 2957 1939 conﬁrmemus
2987 1884 3126 1939 inter
3158 1900 3255 1938 nos
3282 1883 3592 1949 amicitiam,
3636 1892 3699 1937 ut
3737 1898 3853 1937 cum

2286 1992 2384 2032 nos
2410 1978 2460 2032 in
2492 1993 2553 2031 ea
2586 1989 2771 2031 exacte
2800 1976 3145 2046 gesserimus,
3182 1990 3536 2044 assequamur
3569 1974 3709 2029 bona
3746 1990 3858 2045 pm

2285 2071 2444 2127 miSsa
2472 2071 2523 2125 in
2550 2069 2906 2125 Christolesu
2942 2068 3168 2124 Domino
3195 2078 3401 2133 nostro,
3426 2083 3546 2123 cum
3578 2082 3689 2139 quo
3715 2068 3853 2122 Patri

2284 2166 2440 2220 simul
2463 2180 2583 2218 cum
2609 2176 2793 2218 sancto
2815 2164 3013 2233 Spiritu
3037 2163 3489 2233 gloria,potentia,
3507 2161 3703 2227 honor,
3724 2177 3859 2215 nunc

2291 2267 2343 2311 et
2366 2272 2599 2327 semper,
2628 2265 2682 2311 et
2712 2256 2763 2309 in
2794 2255 2984 2309 saecula
3013 2256 3350 2308 smculciruiii.
3385 2255 3568 2307 Amen.

1924 2485 2269 2550 HOMILIA
2310 2489 2478 2549 Vill.

600 2635 729 2689 Car.
758 2636 809 2688 4.
843 2650 893 2686 ν.
930 2635 977 2688 ι.
1013 2632 1232 2685 Obsecro
1284 2632 1452 2700 itaque
1494 2648 1579 2685 vos
1623 2646 1715 2699 ego
1740 2630 1935 2682 vinctus
1981 2630 2033 2681 in
2074 2628 2178 2682 Do-

671 2729 827 2786 mino,
875 2736 928 2777 ut
956 2727 1106 2795 digne
1132 2724 1395 2778 antbnletis
1435 2725 1690 2777 vocatione
1716 2741 1813 2789 qua
1851 2724 2008 2776 vocati
2038 2727 2176 2787 estis,

673 2837 784 2873 cum
811 2820 945 2870 omni
978 2818 1260 2870 humilitate
1279 2828 1324 2868 et
1357 2815 1755 2869 mansuetudine.

680 2914 731 2967 Ι.
775 2912 1059 2965 Doctorum
1090 2917 1173 2963 est
1201 2909 1402 2971 virtus,
1451 2922 1555 2961 non
1591 2906 1883 2967 thuuorem,
1918 2922 2021 2959 non
2068 2907 2180 2974 glo-

605 3008 740 3062 riam
768 3020 1012 3075 qu:erere
1048 3002 1210 3057 ab‘iis
1238 3001 1430 3071 quibus
1474 3000 1762 3069 imperant,
1794 3000 1886 3053 sed
1938 2999 2177 3068 ipsorum

608 3099 859 3165 salutem,
889 3107 943 3151 et
984 3111 1081 3167 pro
1128 3112 1190 3151 ea
1210 3112 1274 3151 re
1319 3095 1497 3149 omnia
1535 3093 1737 3149 facere.
1776 3093 1906 3149 Nam
1935 3094 2024 3163 qui
2052 3093 2180 3147 illud

604 3191 813 3260 quzerit,
845 3205 951 3244 non
991 3187 1152 3243 fuerit
1191 3188 1379 3242 doctor
1399 3224 1427 3252 ,λ
1452 3184 1555 3241 sed
1585 3194 1867 3257 tyrannus.
1894 3183 2009 3239 Non
2037 3184 2180 3239 enim

607 3283 747 3336 Deus
775 3288 1056 3351 propterea
1079 3288 1131 3335 te
1159 3278 1222 3333 iis
1245 3277 1503 3347 prazl'ecit,
1529 3285 1590 3331 ut
1614 3285 1671 3330 tu
1696 3275 1864 3347 magis
1890 3275 2091 3331 celaris
2131 3282 2186 3330 et

606 3374 930 3437 observeris,
960 3371 1055 3427 sed
1078 3380 1135 3426 ut
1163 3380 1250 3425 tua
1277 3368 1495 3440 quidem
1522 3368 1881 3439 negligantur,
1908 3382 2028 3438 qum
2050 3381 2184 3421 vero

608 3476 735 3520 sunt
770 3467 980 3520 illorum
1031 3464 1207 3518 omnia
1256 3462 1604 3517 a-dillcentur.
1656 3461 1769 3516 Hoc
1796 3460 2033 3515 doctoris
2059 3468 2181 3516 est:

607 3558 729 3612 talis
758 3568 873 3611 erat
895 3558 1082 3612 beatus
1112 3556 1332 3621 Paulus,
1362 3556 1498 3610 liber
1523 3556 1590 3610 ab
1618 3556 1764 3609 omni
1788 3554 1961 3619 fastu;
1990 3555 2062 3608 ita
2089 3569 2186 3607 au-

608 3660 716 3705 tem
758 3660 872 3705 erat
910 3650 1131 3704 allectus
1156 3658 1213 3703 ut
1251 3656 1396 3703 esset
1422 3647 1638 3719 quidem
1674 3662 1811 3702 unus
1838 3661 1907 3702 ex
1960 3647 2142 3702 multis
2167 3688 2183 3712 ,

610 3742 717 3795 imo
744 3742 904 3795 etiam
945 3741 1159 3794 illorum
1207 3740 1479 3795 minimus.
1525 3739 1816 3809 Propterea
1846 3746 1902 3793 et
1938 3752 1999 3793 se
2030 3746 2189 3792 vocat

610 3846 859 3897 servum,
906 3840 960 3886 et
1015 3832 1241 3900 plurima
1271 3841 1541 3900 tamquam
1585 3830 1892 3901 supplicans
1928 3828 2183 3900 loquitur.

612 3920 795 3991 Itaque
824 3920 943 3975 vide
971 3936 1092 3976 eum
1118 3936 1259 3976 nunc
1278 3936 1492 3990 quoque
1521 3920 1649 3975 nihil
1678 3921 1914 3976 scribere
1944 3920 2189 3993 imperio-

612 4028 753 4079 sum,
786 4011 917 4066 nihil
935 4012 1075 4083 quod
1099 4028 1208 4082 prae
1229 4027 1289 4067 se
1315 4011 1450 4067 ferat
1479 4013 1875 4077 auctoritatem,
1906 4013 1999 4068 sed
2040 4012 2182 4083 quod

614 4105 685 4158 sit
713 4111 1046 4159 contractum
1068 4118 1132 4158 ac
1158 4102 1446 4158 demissum
1478 4120 1492 4159 :
1529 4103 1745 4158 Obsecro
1771 4104 1939 4172 itaque
1966 4120 2074 4168 vos,
2101 4105 2186 4158 in-

614 4196 749 4265 quit,
777 4210 869 4265 ego
890 4194 1083 4248 cinctus
1107 4194 1160 4248 in
1194 4194 1432 4255 Domino,
1475 4204 1529 4247 ut
1558 4194 1709 4265 digne
1732 4192 1997 4247 ambuletis
2038 4209 2187 4247 voca-

618 4288 755 4340 tione
778 4302 877 4355 qua
916 4286 1076 4340 vocati
1103 4287 1239 4340 estis.
1268 4285 1405 4354 Quid
1429 4300 1603 4355 rogas,
1633 4285 1966 4356 dic.qu:eso?
1994 4293 2052 4340 ut
2076 4286 2189 4355 ipse

617 4378 817 4453 aliquid
846 4377 1190 4447 assequaris?
1230 4377 1608 4448 Nequaquam,
1642 4378 1845 4446 inquit,
1869 4377 1960 4433 sed
1988 4387 2045 4432 ut
2071 4378 2190 4433 aliis

616 4452 842 4524 salutem
865 4469 1108 4524 allen-am.
1127 4469 1285 4539 Atqui
1315 4468 1404 4536 qui
1421 4478 1628 4540 rogant,
1643 4478 1834 4539 rogant
1850 4486 1965 4537 qua:
1979 4469 2190 4537 assequi

626 4560 862 4628 ipsorum
887 4562 1129 4615 interest.
1162 4561 1225 4615 Et
1262 4576 1401 4627 mea,
1433 4561 1621 4631 inquit,
1654 4561 1754 4615 hoc
1781 4562 2032 4616 interest:
2055 4560 2193 4616 sicut

621 4652 778 4705 etiam
808 4652 931 4705 alibi
957 4651 1197 4707 scribens
1225 4652 1436 4707 dicebat
1460 4669 1476 4705 :
1510 4650 1665 4706 Nunc
1679 4653 1911 4716 vivimus,
1933 4654 1975 4707 si
1996 4662 2192 4707 vosste-

624 4743 690 4797 tis
717 4744 769 4796 in
784 4742 999 4796 Domino
1019 4743 1071 4812 (l
1096 4742 1275 4796 Thess.
1300 4742 1689 4813 5.8)-Semper
1702 4745 1841 4798 enim
1870 4745 2022 4799 valde
2050 4745 2193 4799 desi-

624 4834 845 4887 derabat
869 4834 1094 4888 salutem
1116 4839 1337 4889 suorum
1357 4834 1761 4905 discipulorum.
1794 4835 1906 4908 Ego
1922 4838 2112 4891 vinctus
2141 4836 2196 4891 in

622 4924 863 4979 Domino.
892 4924 1073 4993 Magna
1103 4934 1157 4979 et
1184 4941 1303 4993 quae
1342 4926 1445 4980 vim
1477 4941 1719 4995 magnam
1747 4926 1907 4982 habet
1942 4926 2192 4997 dignitas,

624 5026 679 5069 et
706 5031 869 5083 regno
896 5023 950 5068 et
974 5015 1253 5068 consulatu
1280 5024 1333 5071 et
1349 5016 1625 5084 quibusvis
1650 5016 1772 5071 aliis
1797 5015 1988 5085 major.
2028 5044 2031 5051 ι

696 5105 945 5159 Diudeuta
975 5105 1000 5158 1
1008 5100 1618 5174 mperatorum.Vinctum
1633 5125 1738 5164 esse
1763 5125 1854 5179 pro
1874 5109 2072 5164 Christo
2090 5127 2199 5164 ma-

623 5200 706 5267 ius
730 5206 957 5268 putatur,
980 5213 1131 5265 quam
1158 5198 1327 5253 sedere
1355 5216 1386 5252 a
1411 5199 1599 5254 dextris
1631 5201 1762 5269 ejus.
1790 5230 1862 5242 --
1885 5200 2036 5267 Quod
2076 5200 2199 5270 qui-

628 5289 749 5344 dem
780 5288 1089 5343 dii-itetiam
1124 5289 1365 5345 scribens
1390 5290 1458 5345 ad
1490 5289 1894 5347 Philemonem:
1928 5291 2053 5346 Cum
2104 5292 2198 5345 sint

618 5380 823 5435 Paulus
851 5396 1022 5445 senex,
1057 5396 1192 5435 nunc
1212 5390 1379 5435 autem
1400 5382 1595 5437 vinctus
1636 5381 1925 5447 inChristo
1949 5382 2197 5453 (Philem.

626 5473 715 5543 9)..
735 5471 876 5527 Nihil
917 5482 1001 5526 est
1046 5472 1388 5543 enisaeque
1434 5474 1749 5543 praclarum
1794 5483 1953 5545 atque
1986 5475 2195 5528 vincula

632 5574 846 5633 propter
870 5563 1163 5631 Christum,
1189 5573 1350 5635 atque
1370 5574 1573 5621 catenae
1599 5566 1797 5620 sanctis
1821 5566 1928 5621 illis
1952 5567 2199 5620 manibus

631 5654 913 5723 impositae.
943 5653 1192 5710 Vinctum
1228 5671 1349 5712 esse
1378 5666 1595 5727 propter
1629 5656 1900 5712 Christum
1945 5665 2031 5712 est
2058 5673 2198 5727 pne-

629 5744 826 5797 clarius
854 5761 1011 5814 quam
1057 5762 1177 5802 esse
1200 5749 1523 5825 apostolum,
1568 5764 1737 5825 quam
1757 5764 1877 5806 esse
1897 5750 2195 5819 doctorem,

630 5851 786 5907 quam
817 5853 934 5892 esse
958 5842 1357 5909 evangelistam.
1386 5814 1441 5899 Si
1464 5843 1584 5913 quis
1615 5856 1755 5901 amat
1778 5847 2069 5915 Christum,
2099 5866 2196 5904 uo-

2284 2631 2359 2685 vit
2385 2631 2528 2702 quod
2556 2634 2750 2690 dicitur
2779 2634 2868 2691 :si
2895 2635 3013 2705 quis
3040 2636 3092 2690 in
3112 2635 3403 2690 Dominum
3434 2634 3629 2687 insanit
3654 2642 3716 2689 et
3743 2634 3856 2696 eius

2284 2742 2467 2785 amore
2490 2729 2680 2795 uritur,
2730 2730 2877 2785 novit
2915 2732 3021 2784 vim
3055 2730 3400 2786 vinculorum.
3448 2728 3695 2782 Mttltteril
3740 2741 3856 2781 esse

2286 2820 2492 2876 vinctus
2513 2831 2730 2892 propter
2751 2821 3023 2877 Christum
3051 2837 3211 2889 quam
3242 2822 3485 2877 habitare
3506 2821 3690 2876 caelus.
3712 2820 3856 2887 Quo.

2288 2912 2368 2965 vis
2388 2926 2520 2966 auro
2540 2912 2937 2980 splendidiores
2962 2914 3041 2967 eis
3061 2912 3378 2968 ostendebat
3406 2925 3614 2975 manus,
3642 2922 3699 2965 et
3722 2925 3856 2981 quo-

2291 2999 2373 3054 vis
2404 3002 2567 3071 regali
2594 3002 2915 3058 diademate.
2950 3002 3062 3057 Non
3090 3004 3233 3057 enim
3264 3011 3370 3057 tam
3410 3002 3754 3071 splendidum
3782 3003 3858 3057 fa-

2288 3094 2363 3147 eit
2395 3102 2555 3164 caput
2590 3096 2726 3148 vitta
2780 3110 2844 3149 es
2891 3097 3116 3164 gemmis
3152 3094 3449 3161 composita
3483 3094 3532 3149 ei
3585 3093 3855 3164 imposita,

2288 3199 2446 3255 quam
2487 3194 2673 3239 catena
2716 3186 2887 3240 ferrea
2943 3196 3157 3254 propter
3204 3186 3494 3240 Christum.
3550 3184 3703 3240 Tunc
3747 3195 3861 3240 erat

2287 3276 2448 3345 regiis
2468 3275 2669 3331 adibus
2688 3291 2872 3331 carcer
2895 3278 3215 3346 praeclarior.
3230 3277 3369 3347 Quid
3391 3277 3510 3331 dico
3537 3278 3704 3346 regiis
3726 3278 3858 3330 redi-

2291 3366 2427 3421 bus?
2448 3367 2565 3436 ipso
2586 3383 2798 3437 quoque
2824 3368 2956 3422 caelo
2981 3386 2993 3419 :
3026 3367 3256 3422 habebat
3279 3369 3421 3422 enim
3448 3368 3682 3422 vinetum
3709 3369 3863 3422 Chri-

2270 3460 2376 3524 ,sti.
2404 3458 2459 3514 Si
2486 3460 2605 3528 quis
2631 3459 2900 3515 Christum
2930 3461 3136 3529 diligit,
3172 3460 3318 3514 novit
3359 3460 3495 3515 hanc
3520 3461 3857 3528 dignitatem,

2291 3551 2436 3605 novit
2462 3550 2596 3604 hanc
2622 3552 2890 3613 virtutem,
2918 3552 3330 3620 novitquautum
3358 3552 3539 3621 generi
3574 3551 3857 3607 hominum

2290 3641 2362 3694 sit
2386 3639 2756 3709 gratilleatum,
2784 3641 2924 3711 quod
2959 3651 3175 3712 pr0pter
3200 3642 3370 3711 ipsum
3397 3642 3467 3697 sit
3495 3643 3729 3698 vinctus.
3758 3645 3861 3698 Iloc

2293 3732 2515 3786 fortasse
2540 3744 2621 3786 est
2654 3734 2980 3802 pra-clarius,
3010 3749 3170 3805 quam
3201 3735 3395 3789 sedere
3422 3750 3450 3787 a
3474 3735 3685 3790 dextris
3711 3737 3859 3805 ejus:

2292 3824 2393 3878 hoc
2412 3835 2493 3879 est
2518 3826 2962 3894 magnilicentius,
2996 3840 3153 3895 quam
3176 3828 3369 3882 sedere
3392 3841 3555 3896 super
3571 3826 3859 3881 duodecim

2291 3919 2468 3981 sedes,
2501 3919 2736 3972 vinctum
2763 3934 2882 3974 esse
2921 3928 3136 3990 propter
3164 3917 3453 3974 Christum.
3484 3920 3551 3974 Et
3576 3919 3705 3990 quid
3745 3919 3863 3974 dico

2292 4012 2360 4066 de
2389 4012 2547 4066 rebus
2569 4012 2851 4066 humanis?
2886 4028 2972 4068 me
3000 4013 3161 4081 pudet
3194 4012 3438 4068 conferre
3463 4012 3679 4068 divitias
3703 4023 3759 4069 et
3778 4028 3865 4067 or-

2294 4108 2473 4154 natum
2504 4116 2719 4156 aureum
2750 4117 2870 4156 cmn
2910 4103 3155 4159 vinculis.
3199 4102 3304 4159 Sed
3347 4118 3537 4174 magna
3584 4104 3674 4159 illa
3703 4105 3863 4159 missa

2292 4193 2511 4256 faciens,
2541 4196 2699 4249 etiam
2731 4196 2775 4250 si
2807 4211 2891 4250 res
2923 4197 3118 4250 nullam
3152 4196 3372 4251 haberet
3412 4196 3738 4260 mercedem,
3767 4197 3865 4251 hoc

2293 4287 2465 4341 solum
2497 4296 2579 4341 est
2608 4303 2794 4357 magna
2824 4303 3027 4343 merces
3053 4297 3106 4343 et
3149 4287 3415 4343 sufﬁciens
3464 4290 3860 4362 remuneratio,

2295 4377 2407 4433 hare
2435 4379 2613 4449 gravia
2645 4381 2747 4448 pati
2778 4389 2992 4449 propter
3020 4395 3145 4434 eum
3163 4382 3250 4450 qui
3275 4388 3500 4434 amatur.
3522 4380 3707 4435 Sciunt
3724 4378 3861 4450 quod

2292 4468 2486 4524 dicitur
2524 4470 2612 4539 qui
2661 4481 2862 4533 amant,
2906 4471 2949 4524 si
2996 4486 3100 4524 non
3132 4472 3318 4535 Deum,
3343 4480 3399 4525 at
3448 4470 3731 4526 homines:
3776 4474 3862 4539 qui

2294 4562 2462 4631 magis
2488 4563 2733 4616 lmtantur
2758 4562 2802 4616 si
2823 4562 2959 4616 male
2983 4563 3252 4632 patiuntur
3280 4577 3377 4633 pro
3405 4563 3471 4617 iis
3498 4577 3633 4632 quos
3661 4571 3861 4624 amant,

2294 4666 2450 4721 quam
2485 4652 2529 4705 si
2580 4651 2929 4706 houoreutur.
2973 4653 3084 4707 lloc
3111 4653 3278 4707 sancti
3306 4652 3455 4707 chori
3483 4653 3660 4707 solum
3687 4665 3768 4707 est
3794 4654 3866 4707 in-

2298 4742 2556 4811 telligere,
2586 4743 2971 4812 apostolorum,
3024 4745 3258 4809 inquam.
3310 4744 3441 4798 Audi
3486 4745 3628 4797 enim
3656 4745 3863 4799 beatum

2296 4831 2494 4887 Lucam
2524 4833 2810 4899 dicentem,
2841 4832 3087 4887 Redibant
3112 4835 3430 4905 gaudentesa
3458 4848 3731 4898 conspectu
3750 4853 3868 4887 cou-

2297 4924 2422 4990 cilii,
2449 4926 2687 4995 quoniam
2714 4927 2854 4996 digni
2881 4927 3037 4980 habiti
3062 4937 3177 4981 sunt
3198 4944 3290 4996 pro
3313 4928 3510 4980 nomine
3534 4926 3720 4981 Christi
3750 4943 3867 4981 can-

2299 5018 2553 5072 tumeliam
2573 5018 2680 5086 pati
2703 5017 2837 5088 (Act.
2858 5019 2912 5073 5.
2939 5019 3055 5087 41).
3078 5020 3252 5087 Atque
3276 5018 3394 5071 aliis
3421 5016 3637 5087 quidem
3659 5018 3872 5069 videtur

2300 5124 2419 5165 esse
2440 5110 2747 5173 ridiculum,
2778 5111 2821 5166 si
2840 5112 3042 5181 probro
3063 5111 3451 5165 etcontumelia
3468 5124 3587 5164 esse
3598 5111 3871 5177 allectum,

2302 5204 2371 5257 sit
2397 5218 2516 5258 esse
2545 5203 2857 5273 dignitatem
2886 5212 3225 5273 assequutum
3251 5243 3267 5269 ,
3290 5202 3335 5256 si
3379 5202 3575 5271 probro
3600 5217 3723 5257 esse
3747 5202 3877 5257 allo.

2302 5301 2466 5359 ctum,
2493 5292 2564 5348 sit
2590 5294 2767 5348 laetari
2798 5312 2810 5348 :
2844 5295 2908 5348 iis
2933 5304 3109 5347 autem
3132 5294 3220 5363 qui
3248 5292 3642 5347 sciuntChristi
3661 5294 3878 5349 deside-

2284 5384 2586 5450 rium,hoe
2611 5400 2731 5439 esse
2755 5384 3095 5440 existimatur
3127 5384 3361 5437 omnium
3399 5382 3792 5438 beatissimum.
3826 5385 3882 5439 Si

2303 5474 2423 5544 quis
2450 5475 2578 5529 mihi
2607 5475 2824 5531 otl‘erret
2855 5485 3022 5530 totum
3059 5474 3269 5538 omium,
3304 5480 3394 5527 aut
3432 5474 3571 5528 illam
3610 5486 3887 5541 catenam,

2303 5582 2404 5637 ego
2443 5568 2583 5622 illam
2607 5568 2915 5638 praeferrem
2958 5585 2972 5621 :
3010 5568 3054 5622 si
3078 5568 3196 5637 quis
3238 5583 3325 5622 me
3352 5566 3489 5637 apud
3518 5582 3746 5636 superos
3778 5580 3888 5620 Col-

2300 5661 2509 5715 .locaret
2526 5676 2646 5716 cum
2667 5662 2890 5732 angelis,
2919 5672 3146 5716 autcum
3179 5659 3346 5714 Paulo
3386 5659 3595 5723 vincto,
3623 5659 3886 5727 eligerem

2305 5765 2575 5807 carcerem
2606 5770 2619 5806 :
2648 5753 2690 5807 si
2718 5753 2839 5823 quis
2867 5768 2954 5808 me
2979 5752 3375 5808 faceretrunum
3414 5765 3480 5805 ex
3523 5749 3893 5805 Potestatibus

2297 5863 2424 5915 .qurc
2452 5858 2571 5899 sunt
2602 5847 2741 5902 eirea
2772 5848 2957 5914 eteius,
2993 5854 3082 5900 aut
3108 5845 3247 5899 circa
3298 5843 3516 5899 thronos
3540 5881 3558 5907 ,
3595 5851 3690 5896 aut
3718 5843 3889 5898 talem
