4030 6502
222 433 293 491 55-
1087 434 1157 489 ΙΝ
1193 433 1411 489 EPIST.
1446 435 1538 489 AD
1578 433 1817 488 EPHES.
1856 433 2007 488 CAP.
2060 432 2147 487 IV.
2186 428 2419 488 "OMIL.
2462 433 2598 488 Vl".
3372 430 3442 493 Ξέιί

289 550 359 604 Τί
386 545 482 605 οῦν
508 568 522 618 ;
550 551 611 605 Ol
674 552 771 621 μὲν
809 550 957 606 ἄλλοι
1007 550 1205 614 πάντες
1259 550 1646 621 ἐξεπλήσσοντο
1688 551 1785 603 καὶ

218 633 533 703 ἐθαύμαζον
552 675 567 698 ,
602 636 695 688 καὶ
733 635 937 703 ἔλεγον,
966 634 1158 687 Πόθεν
1186 636 1373 698 τούτῳ
1395 635 1611 696 ταῦτα;
1637 628 1781 686 οὗτοι

216 718 575 786 δὲεύεργετού
583 735 731 788 μενοι
746 717 1264 785 ἐλεγον,Δαιμόνιον
1280 718 1425 783 ἔχει,
1445 717 1559 780 καὶ,
1584 717 1784 780 ﬂlac-

216 798 438 868 φημεῖ,
469 802 591 863 καὶ,
630 800 913 865 Μαίνεται,
950 800 1069 864 καί,
1100 797 1337 861 Πλάνος
1364 799 1514 851 ἐστι.
1540 796 1665 868 Ἆρ’
1690 795 1782 852 οὖν

217 882 477 936 ἀπώσατο
500 881 728 947 αὐτούς
760 882 1040 951 Οὐδαμῶς,
1083 880 1219 933 ἀλλὰ
1262 880 1355 933 καὶ
1395 882 1784 951 μειζόνωςηεύ-

213 965 443 1036 ηργέτει
460 965 633 1019 ταῦτα
648 964 879 1030 ἀκούων,
896 966 989 1018 καὶ
1008 963 1175 1034 ἀπῄει
1194 965 1329 1033 πρὸς
1344 966 1470 1027 τοὺς
1494 965 1781 1033 μέλλοντας

213 1048 384 1101 αὑτὸν
404 1048 690 1118 σταυροῦν,
715 1048 800 1101 ἵνα
832 1048 991 1117 μόνον
1012 1046 1205 1109 αὐτοὺς
1228 1046 1486 1117 διασώσῃ.
1519 1049 1626 1101 Καὶ
1645 1049 1781 1118 μετά

213 1129 277 1182 τὸ
311 1131 783 1201 σταυρωθῆναι,τί
819 1146 987 1199 φησι;
1019 1128 1230 1197 Πάτερ,
1265 1129 1413 1197 ἄφες
1436 1130 1638 1194 αὐτοῖς
1659 1146 1672 1159 ·
1708 1132 1778 1184 οὐ

214 1211 329 1280 γὰρ
395 1212 635 1266 οἴδασιν
668 1212 698 1265 ὅ
748 1211 1004 1266 ποιοῦσι.
1040 1211 1151 1264 Καὶ
1211 1212 1317 1281 πρὸ
1364 1211 1552 1265 τούτου
1598 1212 1780 1276 κακῶς

214 1294 431 1359 παθὼν,
483 1298 576 1349 καὶ
624 1295 760 1367 μετά
795 1295 967 1348 ταῦτα
1018 1294 1202 1357 κακῶς
1260 1295 1466 1359 παθὼν,
1504 1297 1694 1368 μέχρις
1721 1298 1778 1349 ὲ-

214 1380 423 1449 σχάτης
454 1379 727 1448 ἀναπνοῆς
754 1380 919 1450 περὶει
948 1378 1125 1432 αὐτῶν
1148 1380 1320 1432 πάντα
1334 1380 1621 1451 ἔπραττεν,
1641 1381 1779 1450 ὑπὲρ

211 1461 399 1513 αὐτῶν
425 1461 616 1514 ἐδεῖτο.
644 1461 752 1515 Καὶ
784 1462 921 1530 μετά
949 1460 1039 1512 τόν
1071 1460 1300 1531 σταυρὸν
1325 1462 1380 1513 τί
1417 1463 1516 1515 οὐκ
1554 1463 1776 1531 ἐποίησε

210 1543 286 1596 δι’
304 1544 507 1608 αὐτούς
534 1562 549 1610 ;
583 1545 702 1614 οὐχὶ
725 1544 1054 1607 ἀποστόλους
1077 1544 1419 1610 ἀπέστειλεν;
1440 1546 1558 1615 οὐχὶ
1582 1550 1779 1617 σημεῖα

212 1625 542 1693 είργάσατος
574 1627 693 1697 οὐχὶ
723 1629 834 1681 πᾶν
860 1626 1035 1680 ὁτιοῦν
1057 1624 1307 1697 ἐκίνησεν
1336 1644 1352 1693 ;
1386 1627 1543 1681 Οὕτω
1571 1628 1653 1681 δεῖ
1691 1647 1779 1698 φι-

210 1705 330 1759 λεῖν
393 1711 516 1771 τοὺς
559 1710 805 1780 ἐχθροὺς,
842 1708 983 1764 οὕτω
1037 1710 1322 1779 μιμεῖσθαι
1376 1711 1468 1763 τὸν
1518 1712 1775 1781 Χριστόν.

213 1790 381 1844 Οῦτω
432 1791 632 1855 Παῦλος
670 1793 889 1863 ἐποίησε
919 1792 1032 1865 [52]
1060 1793 1408 1863 λιθαζόμενος
1426 1834 1441 1857 ,
1479 1795 1648 1865 μυρία
1669 1796 1776 1849 πά-

213 1890 386 1942 σχων,
419 1875 555 1945 ὑπὲρ
596 1875 775 1927 αὐτῶν
806 1876 1023 1929 ἅπαντα
1060 1875 1346 1947 ἔπραττεν.
1384 1879 1580 1930 Ἀκουε
1608 1878 1775 1931 αὐτοῦ

210 1954 499 2025 λέγοντος·
523 1959 601 2012 ,Ἠ
633 1959 878 2012 εὐδοκία
906 1976 1026 2029 μου
1060 1961 1159 2015 καί
1191 1961 1231 2029 ἡ
1256 1959 1465 2029 δέησις
1483 1961 1636 2029 ὑπὲρ
1666 1963 1774 2016 αὺο

273 2117 292 2139 ⁸
315 2117 475 2172 Savil.
503 2123 629 2185 conj.
653 2123 787 2187 ὑπέρ.

1882 550 2003 603 τῶν
2062 549 2231 604 ἐστιν
2276 553 2362 615 εἷς
2398 552 2698 618 σωτηρίαν
2728 567 2740 583 ·
2779 552 2873 604 καὶ
2933 552 3115 616 πάλιν,
3157 554 3444 624 Μαρτυρῶ

1882 634 1992 701 γὰρ
2045 634 2268 699 αὐτοῖς,
2312 633 2402 685 ὅτι
2458 632 2640 698 ζῆλον
2668 634 2816 687 Θεοῦ
2850 634 3062 703 ἔχουσι
3087 652 3102 668 ·
3139 639 3233 689 καὶ
3256 639 3438 699 πάλιν.

1883 717 1952 769 El
1995 716 2076 768 σὺ
2115 715 2452 783 ἀγριέλαιος
2490 712 2575 766 ὢν
2612 716 3095 784 ἐνεκεντρίσθης,
3131 720 3283 789 πόσῳ
3307 722 3442 789 μᾶλ-

1882 797 1971 850 λον
2005 792 2149 852 οὗτοι
2198 798 2741 867 ἐγκεντρισθήσονται
2767 801 2795 840 ι)
2832 804 2899 873 τῇ
2926 801 3030 873 ἰδίᾳ
3069 803 3254 873 ἐλαίας
3304 805 3440 858 Ἀπὸ

1882 882 2052 952 πόσης
2083 882 2465 951 φιλοστοργίας
2489 883 2588 935 οἴει
2608 883 2781 938 ταῦτα
2805 884 3057 953 λέγεσθαι
3086 887 3154 959 τὰ
3185 889 3435 957 ρήματα;

1880 963 1987 1016 ἀπὸ
2043 965 2212 1035 πόσης
2254 966 2503 1031 εὐνοίας;
2549 966 2661 1018 Οὐκ
2698 966 2844 1020 ἐστιν
2886 970 3092 1031 εἰπεῖν,
3119 969 3217 1021 οὐκ
3261 969 3436 1033 ἔστιν.

1882 1044 2038 1099 Οῦτω
2078 1046 2156 1100 δεῖ
2198 1042 2371 1116 φιλεῖν
2401 1049 2526 1110 τοὺς
2553 1048 2781 1118 ἐχθρούς
2810 1066 2821 1077 ο
2858 1049 3019 1102 τοῦτο
3044 1050 3134 1103 τὸν
3172 1051 3302 1105 Θεόν
3322 1054 3439 1104 ἐστι

1881 1128 2197 1195 φιλεῖν,τὸν
2244 1130 2611 1196 ἐπιτάξαντα,
2663 1130 2756 1184 τὸν
2803 1133 3239 1202 νομοθετήσαντα
3300 1148 3323 1175 ε
3360 1138 3438 1187 ’τὸ

1883 1213 2164 1281 μιμεῖσθαι
2192 1215 2394 1266 ἐκεῖνον
2415 1257 2429 1279 ,
2462 1214 2521 1265 τὸ
2553 1215 2722 1281 φιλεῖν
2762 1215 2850 1267 τὸν
2880 1216 3069 1285 ἐχθρόν
3114 1218 3280 1271 ἐστιν.
3318 1218 3435 1269 Ἐν·-

1879 1295 2067 1365 νόησον
2083 1296 2163 1348 ὅτι
2191 1296 2251 1348 οὐ
2268 1296 2357 1349 τὸν
2374 1298 2465 1365 ἐχθ
2476 1295 2564 1365 ρὸν
2587 1297 2909 1366 εὐεργετεῖς,
2934 1298 3067 1351 ἀλλά
3099 1299 3314 1363 σαυτὸν,
3337 1302 3435 1353 οὐκ

1879 1377 2081 1430 ἐκεῖνον
2117 1379 2323 1447 φιλεῖς,
2359 1379 2493 1434 ἀλλὰ
2527 1379 2602 1449 τῷ
2638 1380 2754 1449 Θεῷ
2786 1381 3098 1444 ὑπακούεις.
3132 1381 3314 1435 Ταῦτα
3341 1379 3435 1436 οῦν

1878 1452 2096 1525 εἰδότες,
2125 1462 2462 1533 κυρώσωμεν
2514 1465 2592 1525 είς
2636 1464 2900 1532 ἀλλήλους
2947 1466 3046 1534 τὴν
3075 1466 3311 1536 ἀγάπην,
3349 1467 3437 1520 ἵνα

1882 1544 2017 1612 μετά
2036 1545 2316 1615 ἀκριϐείας
2330 1545 2535 1614 ταύτην
2562 1545 3001 1615 κατορθώσαντες
3018 1588 3032 1611 ,
3064 1550 3314 1617 τύχωμεν
3330 1549 3436 1601 τῶν

1877 1624 2299 1696 ἐπηγγελμένων
2321 1626 2540 1694 ἀγαθῶν
2576 1630 2632 1679 ἐν
2665 1628 2882 1697 Χριστῷ
2916 1628 3087 1698 Ἰησοῦ
3124 1629 3200 1698 τῷ
3247 1630 3436 1700 Κυρίῳ

1878 1707 2055 1775 ἡμῶν,
2093 1707 2212 1777 μεθ’
2242 1702 2303 1761 οῦ
2338 1709 2417 1779 τῷ
2462 1710 2634 1777 Πατρὶ
2689 1710 2805 1779 ἅμα
2853 1709 2930 1779 τῷ
2966 1712 3103 1781 ἁγίῳ
3160 1711 3433 1780 Πνεύματι

1876 1789 2023 1855 δόξα,
2055 1793 2274 1861 κράτος,
2302 1794 2458 1862 τιμὴ,
2495 1793 2587 1845 νῦν
2610 1794 2703 1847 καὶ
2728 1793 2835 1858 ἀεὶ,
2866 1792 2957 1846 καὶ
2985 1795 3066 1857 είς
3087 1795 3212 1858 τοὺς
3235 1793 3434 1852 αἰῶνας

1871 1874 1979 1926 τῶν
2012 1874 2243 1930 αίώνων.
2295 1875 2488 1946 Ἀμήν.

1931 2070 1959 2107 ι)
1988 2070 2095 2134 Qun
2122 2070 2269 2134 Μεει..Δ
2284 2072 2661 2134 ἐγκεντρισθῶσι.

1931 2136 1954 2163 (⁵
1986 2130 2137 2195 Marg.
2160 2130 2703 2190 Ξενίι.’νουθετήσαντα.

1661 2572 1899 2628 OMIAIA
1933 2576 2013 2629 H’.

200 2790 541 2858 Παρακαλῶ
581 2785 698 2846 οὖν
732 2788 887 2861 ὑμᾶς
913 2787 1048 2861 ἐγὼ,
1082 2789 1114 2843 ὁ
1142 2788 1389 2861 δέσμιος
1440 2790 1509 2845 ἐν
1534 2760 1765 2859 (Κυρίῳ,

268 2861 454 2927 ἀξίως
486 2860 885 2929 περιπατῆσαι
911 2858 1019 2927 τῆς
1047 2858 1321 2926 κλήσεως
1348 2858 1423 2930 ἧς
1450 2858 1764 2930 ἐκλήθητε,

264 2930 420 3000 μετὰ
455 2930 662 2999 πάσης
695 2930 1252 2999 ταπεινοφροσύνης
1280 2930 1379 2985 καί
1406 2934 1763 3001 πραότητος.

267 3053 622 3106 Διδασκάλων
668 3050 816 3104 ἐστὶν
866 3050 1031 3121 ἀρετὴ
1087 3050 1162 3121 μὴ
1218 3052 1404 3122 τιμὴν,
1439 3054 1571 3124 μηδέ
1610 3054 1767 3120 δόξαν

195 3135 385 3205 ζητεῖν
419 3134 567 3204 παρὰ
600 3134 707 3187 τῶν
739 3132 1227 3203 ἀρχομένων,ἁλλὰ
1256 3134 1352 3205 τὴν
1378 3137 1650 3205 σωτηρίαν
1672 3138 1766 3190 αῦ-

193 3218 327 3281 τῶν,
380 3219 479 3270 καὶ
511 3217 687 3271 πάντα
715 3217 855 3286 ὑπὲρ
876 3216 1065 3268 τούτου
1101 3220 1276 3271 ποιεῖν
1307 3233 1321 3249 ⁸
1349 3218 1423 3281 ώς
1446 3219 1473 3271 ὃ
1497 3236 1557 3287 γε
1591 3222 1768 3272 ἐκεῖνο

195 3300 402 3370 ζητῶν,
426 3300 525 3351 οὐκ
547 3299 613 3351 ἂν
630 3298 713 3368 εἴη
730 3298 1064 3362 διδάσκαλος,
1095 3298 1230 3353 ἀλλά
1258 3298 1538 3371 τύραννος.
1569 3302 1641 3353 Οὐ
1660 3301 1768 3371 γὰρ

192 3385 285 3438 διὰ
322 3383 481 3436 τοῦτό
532 3400 590 3434 σε
619 3384 921 3452 ἐπέστησεν
957 3383 984 3434 ό
1013 3383 1144 3445 Θεὸς
1165 3384 1368 3447 αὐτοῖς,
1397 3385 1485 3438 ἵνα
1510 3385 1573 3438 σὺ
1610 3385 1764 3437 πλεί-

190 3486 314 3531 ονος
345 3465 666 3537 ἀπολαύσῃς
720 3466 1035 3536 θεραπείας,
1063 3467 1178 3520 ἀλλ’
1203 3468 1290 3521 ἵνα
1316 3468 1382 3520 τά
1412 3468 1512 3538 μὲν
1543 3470 1611 3522 σὰ
1631 3471 1767 3537 ἀμε-

190 3553 378 3623 λῆται,
405 3552 584 3606 πάντα
615 3551 670 3604 δὲ
697 3551 766 3604 τὰ
794 3552 1015 3604 ἐκείνων
1048 3552 1423 3621 οίκοδομῆται.
1450 3553 1620 3606 Τοῦτό
1651 3556 1769 3607 ἐστι

191 3634 530 3689 διδασκάλου
563 3652 577 3665 ο
613 3633 851 3697 τοιοῦτος
897 3634 925 3686 ό
973 3633 1241 3704 μακάριος
1314 3634 1526 3698 Παῦλος
1582 3631 1670 3706 ἦν,
1711 3637 1770 3699 ὃς

191 3721 370 3787 τύφου
420 3718 521 3789 μὲν
560 3716 872 3787 ἀπήλλακτο
903 3717 1102 3780 παντὸς
1122 3756 1137 3780 ,
1158 3714 1299 3769 οὕτω
1328 3716 1383 3769 δέ
1408 3716 1660 3781 διέκειτο,
1684 3717 1761 3782 ὡς

193 3797 277 3866 εἷς
304 3803 419 3855 τῶν
437 3800 672 3864 πολλῶν,
708 3800 908 3869 μᾶλλον
931 3799 985 3852 δὲ
1015 3799 1108 3853 καὶ
1134 3800 1316 3852 αὐτῶν
1346 3800 1644 3871 ἐλάχιστος.
1668 3804 1769 3855 Διὰ

191 3885 353 3939 τοῦτο
370 3885 467 3938 καὶ
492 3882 674 3937 δοῦλον
693 3883 866 3937 αὐτῶν
887 3883 1073 3936 ἐαυτὸν
1095 3884 1265 3947 καλεῖ,
1282 3885 1373 3937 καὶ
1392 3884 1459 3936 τὰ
1480 3884 1697 3938 πλείονα
1713 3889 1768 3937 ἐν

195 3967 483 4039 ἱκετηρίας
505 3966 658 4031 τάξει
692 3964 1014 4036 φθέγγεται.
1041 3967 1183 4036 ’Ὀρα
1212 3965 1342 4034 γοῦν
1374 3967 1467 4019 καὶ
1492 3966 1587 4019 νῦν
1614 3967 1766 4019 οὐδὲν

191 4050 551 4105 ἐπιτακτικὸν
573 4050 868 4121 γράφοντα,
911 4048 1061 4103 οὐδὲν
1089 4049 1422 4112 αὐθεντικὸν,
1452 4049 1587 4103 ἀλλά
1614 4068 1765 4103 συνε-

192 4135 517 4205 σταλμένον,
538 4135 627 4187 καὶ
655 4132 1070 4203 καθυφειμένον.
1109 4132 1442 4199 Παρακαλῶ
1473 4129 1585 4187 οὖν
1629 4133 1762 4203 ἐγὼ,

192 4221 390 4290 φησὶν,
419 4214 570 4285 ὑμᾶς
605 4220 637 4271 ὁ
664 4217 906 4285 δέσμιος
945 4216 1014 4270 ἐν
1053 4220 1264 4284 Κυρίῳ,
1295 4216 1476 4282 ἀξίως
1525 4233 1766 4286 περιπα-

190 4302 384 4369 τῆσαι
412 4301 524 4368 τῆς
554 4300 832 4366 κλήσεως
854 4294 931 4368 ἧς
965 4300 1277 4365 ἐκλήθητε.
1311 4300 1374 4353 Τί
1403 4301 1762 4371 παρακαλεῖς,

193 4386 326 4438 εἰπέ
359 4401 449 4453 μοι
477 4400 493 4448 ;
525 4384 611 4435 ἶνα
647 4384 789 4445 τινὸς
835 4382 1003 4453 τύχῃς
1034 4384 1230 4448 αὑτόςς
1266 4383 1549 4451 Οὐδαμῶς,
1577 4386 1762 4454 φησὶν,

196 4468 321 4520 ἀλλ’
353 4469 444 4520 ἵνα
480 4467 661 4529 ἄλλους
701 4467 880 4519 σώσω.
922 4466 1112 4520 Καίτοι
1134 4483 1199 4533 γε
1226 4468 1273 4519 οἱ
1300 4466 1761 4537 παρακαλοῦντες,

196 4550 352 4619 ὑπὲρ
406 4549 512 4602 τῶν
552 4550 732 4611 αὐτοῖς
801 4549 1163 4617 διαφερόντων
1210 4549 1607 4619 παρακαλοῦσι.
1658 4552 1766 4604 Καὶ

191 4633 328 4703 ἐμοὶ
358 4631 512 4685 τοῦτο
553 4632 817 4701 διαφέρει,
846 4632 999 4702 φησὶ,
1038 4631 1218 4693 καθὼς
1248 4634 1340 4685 καὶ
1367 4633 1594 4703 ἑτέρωθι
1624 4634 1764 4705 γρά-

190 4732 318 4785 φων
370 4714 525 4780 ἔλεγε
553 4730 565 4742 ·
618 4715 747 4769 Νῦν
778 4713 990 4784 ζῶμεν,
1018 4714 1128 4768 ἐὰν
1185 4715 1351 4784 ὑμεῖς
1393 4716 1656 4783 στήκητε
1696 4718 1765 4769 ἐν

186 4800 417 4867 Κυρίῳ.
444 4798 656 4871 Σφόδρα
680 4798 788 4868 γὰρ
823 4799 911 4851 ἀεὶ
936 4799 1034 4869 τῆς
1054 4799 1324 4870 σωτηρίας
1343 4799 1447 4852 τῶν
1471 4800 1766 4870 μαθητευο-

189 4883 376 4954 μένων
435 4882 636 4951 ἐφίετο.
680 4881 820 4950 Ἐγὼ
863 4884 895 4934 ό
948 4880 1191 4949 δέσμιος
1232 4882 1301 4934 ἐν
1351 4884 1560 4949 Κυρίῳ.
1609 4881 1765 4951 Μέγα

184 4967 416 5036 ἀξίωμα
449 4966 545 5019 καὶ
571 4965 819 5037 σφοδρὸν,
847 4967 941 5020 καὶ
971 4966 1245 5037 βασιλείας
1269 4968 1361 5020 καὶ
1385 4965 1650 5030 ὑπατείας
1670 4967 1765 5019 καὶ

185 5050 416 5103 πάντων
450 5049 655 5118 μεῖζον.

263 5202 536 5275 [Βῦγοπε
542 5222 574 5276 ρ
587 5202 680 5258 οὖν
690 5206 786 5258 καὶ
801 5204 932 5274 πρὸς
943 5204 1215 5275 Φιλήμονα
1228 5202 1451 5275 γράφων
1468 5205 1648 5273 φησίν·
1667 5206 1764 5270 Ὧς

182 5288 442 5353 Παῦλος
457 5289 818 5356 πρεσϐύτης,
831 5286 967 5341 νυνὶ
982 5287 1048 5340 δὲ
1064 5286 1161 5341 καὶ
1177 5285 1416 5355 δέσμιος
1431 5287 1499 5341 ἐν
1510 5287 1759 5356 Χριστῷ.

184 5372 361 5425 Οὐδὲν
388 5371 504 5440 γὰρ
535 5370 676 5424 οὕτω
723 5369 990 5440 λαμπρὸν,
1020 5370 1094 5434 ὡς
1144 5370 1339 5440 δεσμὸς
1394 5370 1479 5424 διὰ
1506 5371 1763 5441 Χριστὸν,

181 5455 265 5519 ὡς
310 5454 369 5508 αἱ
419 5453 639 5517 ἁλύσεις
676 5454 735 5506 αἱ
787 5454 1163 5524 περικείμεναι
1214 5457 1332 5516 ταῖς
1363 5455 1533 5516 ὁσίαις
1580 5456 1766 5525 χερσὶν

186 5537 454 5600 ἐκείναις.
506 5536 615 5589 Τοῦ
659 5538 953 5591 ἀπόστολον
996 5532 1154 5602 εἶναι,
1203 5536 1294 5590 τοῦ
1328 5536 1643 5591 διδάσκαλον
1685 5532 1765 5590 εἷ-

184 5638 305 5680 ναι.
354 5619 453 5674 τοῦ
511 5622 902 5691 εύαγγελιστὴν
952 5616 1114 5681 εἶναι,
1164 5620 1322 5673 τοῦτο
1371 5621 1762 5693 λαμπρότερον,

183 5704 247 5755 τὸ
286 5704 514 5774 δέσμιον
550 5700 689 5757 εἶναι
740 5705 829 5758 διὰ
870 5705 960 5757 τὸν
999 5705 1252 5776 Χριστόν.
1286 5703 1351 5757 Εἴ
1373 5722 1456 5767 τις
1495 5705 1635 5773 φιλεῖ
1673 5705 1765 5759 τὸν

187 5786 454 5856 Χριστὸν,
477 5787 620 5853 ἔγνω
646 5789 707 5841 τὸ
732 5788 1017 5858 λεγόμενον
1037 5806 1050 5820 ·
1087 5790 1139 5841 εί
1162 5806 1245 5852 τις
1277 5789 1523 5857 μαίνεται
1552 5789 1646 5841 καὶ
1668 5806 1764 5841 πε-

194 5870 477 5938 ρικαίεται
498 5870 591 5922 τοῦ
607 5871 899 5934 Δεσπότου,
922 5868 1026 5926 οἶδε
1042 5873 1139 5941 τὴν
1158 5871 1384 5942 δύναμιν
1398 5872 1505 5927 τῶν
1526 5873 1760 5941 δεσμῶν.

204 5954 271 6005 '0
312 5952 558 6017 τοιοῦτος
588 5954 764 6010 ἐλοιτο
807 5956 872 6011 ἂν
903 5957 1120 6028 δέσμιος
1160 5952 1297 6013 εἶναι
1330 5957 1415 6012 διὰ
1443 5958 1695 6029 Χριστὸν,
1725 5959 1759 6031 ἢ

1867 2795 1995 2860 τοὺς
2037 2794 2297 2865 οὐρανοὺς
2330 2797 2515 2851 οίκεῖν.
2568 2795 2772 2862 Παντὸς
2811 2797 3012 2869 χρυσοῦ
3046 2794 3428 2869 λαμπροτέρας

1869 2878 2050 2940 αὐτοῖς
2076 2878 2280 2931 ἐδείκνυ
2302 2879 2401 2942 τὰς
2416 2882 2622 2951 χεῖρας,
2650 2880 2847 2943 παντὸς
2873 2880 3197 2949 διαδήματος
3223 2880 3426 2949 βασιλι-

1869 2960 1985 3013 κοῦ.
2024 2961 2096 3013 Ού
2125 2961 2231 3032 γὰρ
2258 2960 2396 3014 οῦτω
2420 2965 2562 3014 ποιεῖ
2587 2961 2840 3032 λαμπρὰν
2865 2962 3101 3032 κεφαλὴν
3134 2964 3322 3016 ταινία
3349 2964 3429 3017 λι-

1870 3042 2187 3111 θοκόλλητος
2217 3043 2588 3114 περικειμένη,
2620 3045 2693 3106 ώς
2720 3043 2905 3109 ἃλυσις
2939 3046 3131 3117 σιδηρᾶ
3169 3046 3255 3099 διὰ
3299 3047 3431 3116 Χρι-

1871 3127 2016 3179 στόν.
2052 3125 2183 3178 Τότε
2222 3127 2330 3178 τῶν
2363 3125 2644 3195 βασιλείων
2675 3128 3048 3198 λαμπρότερον
3076 3128 3137 3181 τὸ
3153 3128 3430 3199 δεσμωτή-

1875 3227 1987 3279 ριον
2000 3203 2086 3279 ἦν.
2109 3209 2173 3261 Τί
2192 3208 2332 3278 λέγω
2355 3211 2636 3281 βασιλείων
2656 3228 2668 3276 ;
2694 3213 2785 3264 καὶ
2807 3211 2971 3264 αὐτοῦ
2990 3211 3045 3264 δὲ
3066 3211 3160 3265 τοῦ
3178 3214 3237 3264 οὐ
3248 3212 3429 3280 ρανοῦ⁸

1868 3293 2088 3362 δέσμιον
2118 3294 2225 3363 γὰρ
2257 3290 2371 3362 εἶχε
2399 3293 2658 3363 Χριστοῦ.
2691 3292 2860 3356 Εῖτις
2893 3293 3037 3363 φιλεῖ
3059 3295 3148 3348 τὸν
3178 3296 3431 3366 Χριστὸν,

1868 3372 1976 3429 οἶδε
2009 3378 2164 3429 τοῦτο
2191 3378 2251 3429 τὸ
2278 3378 2514 3444 ἀξίωμα,
2537 3374 2645 3429 οἶδε
2672 3375 2875 3447 ταύτην
2904 3377 3001 3447 τὴν
3036 3378 3259 3448 ἀρετὴν,
3294 3375 3436 3432 οἶδεν

1868 3460 1990 3513 ὅσον
2018 3459 2304 3529 ἐχαρίσατο
2319 3458 2396 3528 τῷ
2423 3456 2530 3512 τῶν
2561 3459 2861 3529 ἀνθρώπιον
2879 3460 3023 3527 γένει
3044 3458 3104 3513 τὸ
3131 3460 3433 3529 δεθῆναιδι’

1870 3545 2053 3597 αὐτόν.
2090 3541 2240 3612 Τάχα
2264 3542 2355 3595 τοῦ
2385 3543 2604 3596 καθίσαι
2632 3543 2693 3595 ἐκ
2713 3542 2899 3608 δεξιῶν
2927 3543 3090 3596 αὐτοῦ
3115 3542 3271 3596 τοῦτο
3296 3542 3433 3615 λαμ-

1870 3630 2152 3701 πρότερον,
2181 3625 2275 3680 τοῦ
2296 3627 2514 3680 καθίσαι
2544 3626 2634 3679 ἐπὶ
2654 3626 2860 3679 δώδεκα
2892 3624 3094 3696 θρόνων
3118 3624 3274 3679 τοῦτο
3298 3645 3355 3679 σε
3364 3646 3431 3695 μ-

1870 3713 2103 3782 νότερον,
2146 3711 2204 3764 τὸ
2229 3710 2443 3780 δεθῆναι
2475 3710 2541 3762 δι’
2573 3707 2751 3762 αὐτόν.
2790 3710 2896 3761 Καὶ
2920 3709 2971 3761 τί
2996 3710 3137 3774 λέγω
3169 3710 3432 3779 περὶτῶν

1870 3795 2256 3866 ἀνθρωπίνων;
2286 3792 2609 3864 αἰσχύνομαι
2638 3793 2940 3862 συγκρίνων
2969 3792 3195 3846 πλοῦτον
3222 3796 3315 3848 καὶ
3341 3795 3430 3849 κό-

1871 3896 2005 3949 σμον
2043 3877 2273 3948 χρυσοῦν
2301 3878 2534 3946 δεσμοῖς.
2584 3876 2722 3930 Ἀλλ’
2760 3876 2915 3944 ἀφεὶς
2950 3879 3121 3930 εἰπεῖν
3153 3878 3281 3947 περὶ
3323 3876 3431 3931 τῶν

1873 3963 2119 4033 μεγάλων
2138 3960 2379 4024 ἐκείνων,
2406 3960 2509 4014 κᾶν
2528 3959 2732 4030 μηδένα
2758 3959 2943 4028 μισθὸν
2961 3956 3071 4029 εἶχε
3091 3960 3149 4014 τὸ
3174 3964 3428 4032 πρᾶγμα,

1868 4044 2024 4098 τοῦτο
2053 4046 2211 4115 μόνον
2242 4044 2413 4113 μέγας
2442 4044 2648 4114 μισθὸς,
2680 4042 2836 4097 τοῦτο
2859 4043 3125 4108 ἀντίδοσις
3155 4046 3335 4117 ἱκανὴ,
3368 4046 3430 4100 τὸ

1865 4125 1954 4180 διὰ
1975 4127 2065 4180 τὸν
2108 4127 2425 4197 φιλούμενον
2453 4126 2624 4180 ταῦτα
2661 4126 2887 4196 πάσχειν
2916 4126 2985 4180 τὰ
3015 4128 3182 4182 δεινά.
3222 4130 3431 4181 Ἴσασιν

1866 4213 1914 4264 οί
1938 4211 2238 4281 φιλοῦντες,
2274 4212 2322 4262 εί
2372 4209 2465 4262 καὶ
2512 4209 2585 4279 μὴ
2615 4209 2705 4262 τὸν
2740 4210 2890 4273 Θεὸν,
2928 4210 3043 4263 ἀλλ’
3090 4210 3428 4283 ἀνθρώπους,

1864 4294 1925 4347 τὸ
1951 4293 2262 4363 λεγόμενον,
2300 4289 2348 4346 οἳ
2392 4292 2605 4361 ἥδονται
2644 4292 2828 4356 κακῶς
2865 4293 3159 4363 πάσχοντες
3208 4294 3428 4363 μᾶλλον,

1864 4376 2207 4446 ἢτιμώμενοι
2233 4377 2382 4445 παρὰ
2400 4376 2508 4428 τῶν
2536 4377 2844 4446 ἐρωμένων.
2870 4377 2975 4429 Τοῦ
3001 4378 3157 4444 ἁγίου
3185 4377 3346 4447 χοροῦ
3369 4377 3429 4430 τὸ

1863 4458 2035 4511 ταῦτα
2064 4459 2293 4511 συνιδεῖν
2338 4458 2517 4528 μόνον,
2556 4459 2661 4510 τῶν
2692 4458 2999 4511 ἀποστόλων
3026 4458 3189 4526 λέγω.
3229 4460 3426 4511 ’Ἄκουε

1863 4542 1971 4614 γὰρ
1997 4543 2088 4595 τοῦ
2109 4543 2376 4613 μακαρίου
2398 4543 2581 4595 Λουκᾶ
2597 4542 2846 4610 λέγοντος
2866 4557 2879 4572 ⁸
2902 4544 2983 4596 ὅτι
3025 4542 3431 4612 ’Υπέστρεφον

1864 4627 2173 4695 χαίροντες
2193 4626 2308 4679 ἀπὸ
2334 4624 2653 4693 προσώπου
2678 4626 2781 4680 τοῦ
2803 4625 3132 4694 συνεδρίου,
3164 4625 3251 4680 ὅτι
3279 4626 3429 4695 ὑπὲρ

1864 4709 1969 4761 τοῦ
1991 4708 2278 4776 ὀνόματος
2322 4708 2428 4761 τοῦ
2456 4706 2715 4775 Χριστοῦ
2741 4708 3197 4775 κατηξιώθησαν
3228 4709 3431 4777 ἀτιμα-

1864 4790 2232 4860 σθῆναι.Τοῖς
2264 4792 2359 4861 μὲν
2394 4788 2486 4843 οῦν
2518 4790 2695 4853 ἄλλοις
2723 4790 2868 4845 δοκεῖ
2897 4791 3067 4859 γέλως
3098 4786 3255 4856 εἶναι,
3292 4793 3339 4843 εί
3370 4792 3429 4844 τὸ

1864 4873 2228 4944 ἀτιμασθῆναι
2258 4874 2652 4943 καταξιωθῆναί
2683 4876 2850 4935 ἐστιν,
2880 4874 2927 4926 εί
2952 4874 3011 4927 τὸ
3039 4874 3423 4944 ἀτιμασθῆναι,

1863 4957 2072 5027 χαίρειν
2111 4956 2259 5009 ἐστί·
2290 4959 2403 5019 τοῖς
2440 4957 2494 5011 δὲ
2527 4957 2906 5027 ἐπισταμένοις
2934 4956 3027 5009 τοῦ
3065 4957 3301 5025 Χριστοῦ
3336 4956 3425 5009 τὸν

1864 5041 2027 5093 πόθον
2068 5036 2223 5093 τοῦτο
2259 5043 2473 5094 πάντων
2508 5039 2968 5111 μακαριστότερον
2996 5041 3325 5110 νενόμισται.
3364 5038 3432 5092 Et

1863 5140 1947 5184 τις
1978 5123 2101 5191 ἐμοὶ⁸
2126 5123 2220 5175 τὸν
2250 5122 2475 5193 οὐρανὸν
2506 5123 2787 5193 ἐχαρίζετο
2818 5125 3012 5187 πάντα,
3046 5119 3077 5192 ἦ
3109 5123 3208 5193 τὴν
3236 5121 3425 5174 ἅλυσιν

1864 5206 2096 5275 ἐκείνην,
2119 5206 2331 5273 ἐκείνην
2356 5207 2421 5259 ἂν
2454 5205 2563 5274 ἐγὼ
2586 5207 2926 5277 προετίμησα
2949 5223 2962 5237 ο
2996 5207 3048 5258 εἴ
3074 5206 3157 5269 τίς
3190 5223 3257 5274 με
3288 5203 3428 5275 μετά

1864 5288 1970 5340 τῶν
1993 5289 2238 5357 ἀγγέλων
2267 5290 2385 5358 ἵστη
2413 5290 2543 5354 ἅνω,
2580 5291 2612 5357 ἦ
2644 5291 2778 5359 μετὰ
2811 5289 3020 5343 Παύλου
3043 5288 3344 5357 δεδεμένου,
3364 5289 3426 5338 τὸ

1861 5372 2228 5444 δεσμωτήριον
2248 5373 2313 5426 ἂν
2339 5374 2557 5443 εἱλόμην
2579 5391 2590 5401 ·
2610 5375 2763 5436 εἴτις
2794 5390 2859 5441 με
2883 5372 3103 5424 ἐκείνων
3132 5370 3228 5423 ἐνα
3251 5370 3423 5423 ἐποίει

1861 5456 1969 5509 τῶν
2002 5457 2283 5526 δυνάμεων
2314 5458 2421 5509 τῶν
2456 5459 2582 5528 περὶ
2614 5458 2703 5508 τὸν
2733 5456 2977 5527 οὐρανὸν,
3027 5454 3133 5506 τῶν
3175 5453 3303 5523 περὶ
3334 5452 3425 5505 τὸν

1860 5538 2070 5611 θρόνον,
2128 5539 2159 5609 ἢ
2217 5539 2499 5610 δεσμώτην
2551 5540 2807 5603 τοιοῦτον,
2872 5536 3106 5597 τοιοῦτος
3170 5535 3234 5587 ἂν
3282 5534 3422 5587 εἱλόο

1867 5640 1972 5694 μην
2007 5623 2254 5691 γενέσθαι
2296 5623 2595 5693 δεσμώτης.
2644 5620 2878 5681 Εἰκότως
2902 5636 2915 5648 ·
2953 5619 3103 5670 οὐδὲν
3149 5617 3251 5688 τῆς
3293 5617 3423 5671 ἀλύ-

1871 5724 2005 5770 σεως
2035 5707 2247 5777 ἐκείνης
2278 5705 2706 5777 μακαριώτερον.
2757 5703 3086 5770 Ἐϐουλόμην
3113 5705 3170 5755 ἐν
3198 5705 3310 5765 τοῖς
3332 5702 3424 5755 τό·

1868 5809 1990 5854 ποις
2020 5792 2273 5857 γενέσθαι
2305 5791 2399 5844 νῦν
2438 5791 2698 5851 ἐκείνοις
2729 5787 2944 5856 λέγεται
2976 5787 3082 5857 γὰρ
3121 5786 3202 5839 ἔτι
3240 5787 3422 5857 μένειν

1868 5874 1935 5927 τά
1967 5873 2141 5941 δεσμά
2163 5889 2177 5903 ο
2211 5875 2305 5927 καὶ
2334 5872 2459 5926 ξδεῖν
2487 5873 2580 5925 καὶ
2611 5870 2887 5941 θαυμάσαι
2917 5871 3041 5933 τοὺς
3065 5869 3259 5939 ἄνδρας
3280 5867 3420 5921 ἐκείσ-

1868 5973 1992 6023 νους
2039 5954 2132 6011 τοῦ
2168 5956 2332 6011 πόθον
2372 5956 2465 6010 τοῦ
2504 5954 2740 6027 Χριστοῦ
2765 5971 2779 5986 ο
2821 5953 3117 6025 ἐϐουλόμην
3153 5951 3278 6006 ἰδεῖν
3320 5950 3419 6015 τὰς
