4002 6518
520 420 600 479 Ἐῗ
1300 428 1359 485 S.
1396 430 1682 491 JOANNIS
1718 431 2198 491 CHRYSOSTOMI
2238 432 2554 491 ARCHIEP.
2587 432 3136 492 CONSTANTINOP.
3695 432 3766 491 58

531 541 770 606 ἁλύσεις,
811 543 881 607 ἀς
917 545 1182 600 δεδοίκασι
1222 548 1319 615 μὲν
1343 548 1595 620 δαίμονες
1634 552 1731 606 καὶ
1765 551 2096 623 φρίττουσιν,

529 626 803 682 αἰδοῦνται
827 631 882 683 δέ
896 632 1133 699 ἀγγελοι.
1152 634 1321 688 Οὐδὲν
1344 634 1553 706 βέλτιον
1572 637 1668 691 τοῦ
1698 637 1881 702 κακῶς
1902 637 2094 690 παθεῖν

528 726 585 763 τι
610 709 696 763 διά
727 712 975 783 Χριστόν.
1004 715 1115 786 Οὐχ
1143 717 1284 771 οὕτω
1329 720 1616 792 μακαρίζω
1640 719 1872 785 Παῦλον,
1907 721 1989 773 ὅτι
2016 721 2094 783 είς

532 794 857 865 παράδεισον
891 799 1137 871 ἡρπάγη,
1197 800 1275 866 ὡς
1305 803 1387 857 ὅτι
1417 806 1497 869 εἰς
1532 806 1591 859 τὸ
1624 805 1996 876 δεσμωτήριον
2023 805 2108 858 ἐν·

534 876 761 949 εϐλήθη.
797 877 912 953 [54]
937 883 1051 954 Οὐχ
1071 884 1244 949 οὕτως
1261 888 1422 941 αὐτὸν
1447 889 1753 960 μακαρίζω,
1780 890 1861 942 ὅτι
1876 889 2105 959 ήκουσεν

530 962 743 1062 ᾶξρξιτα
772 966 1013 1062 ῥήματα.
1036 970 1478 1062 ὡςὸτιύπέμεινε
1510 974 1579 1028 τά
1602 974 1777 1062 δεεαά
1795 973 1913 1062 ὀὐχ
1935 973 2107 1062 οὐτως

529 1045 693 1100 αὐτὸν
746 1052 1056 1124 μακαρίζω,
1098 1055 1179 1109 ὅτι
1215 1057 1440 1127 ἡρπάγη
1479 1061 1562 1122 είς
1590 1045 1770 1128 τρῆον
1805 1055 2099 1126 οὐρανὸνε,

530 1128 606 1192 ὡς
633 1134 920 1205 μακαρίζω
957 1137 1044 1191 διά
1069 1139 1136 1193 τὰ
1163 1139 1355 1210 δεσμά.
1387 1141 1507 1195 Ὅτι
1542 1141 1653 1213 γὰρ
1685 1140 1860 1196 ταῦτα
1885 1140 2107 1194 ἐκείνων

533 1214 776 1293 μείζονα,
800 1220 1031 1275 ἄκουσον
1059 1224 1150 1276 καὶ
1167 1224 1329 1288 αὐτὸς
1346 1224 1465 1289 πῶς
1488 1225 1648 1279 τοῦτο
1668 1220 1829 1279 οἶδεν.
1846 1223 1979 1277 Οὐδέ
1998 1222 2106 1293 γὰρ

531 1291 673 1364 εἶπε,
704 1300 1015 1371 Παρακαλῶ
1054 1305 1200 1375 ὑμᾶς
1228 1307 1337 1375 ἐγὼ
1365 1311 1394 1361 6
1428 1310 1648 1381 ῥήματα
1682 1310 1898 1382 ἄρρητα
1941 1291 2106 1360 ἀκού-

533 1398 653 1449 σας,
697 1385 833 1440 ἀλλὰ
861 1388 943 1454 τί;
975 1391 1305 1459 Παρακαλῶ
1344 1392 1500 1464 ὑμᾶς
1538 1392 1652 1465 ἐγὼ
1690 1397 1723 1448 ὁ
1761 1392 2006 1462 δέσμιος
2036 1389 2107 1443 έν

530 1469 748 1537 Κυρίῳ.

556 1664 559 1665 ⁷
605 1656 667 1710 El
688 1657 744 1710 δὲ
770 1657 842 1727 μὴ
859 1658 1063 1723 πάσαις
1081 1658 1239 1715 τοῦτο
1263 1662 1609 1732 προσγράφει
1626 1662 1746 1725 ταῖς
1770 1659 2102 1722 ἐπιστολαῖς,

527 1739 597 1792 οὐ
630 1741 976 1811 θαυμαστόν’
1032 1743 1150 1797 οὐδέ
1195 1744 1303 1815 γάρ
1341 1744 1572 1798 πάντοτε
1617 1745 1841 1805 ἐδέδετο,
1887 1743 2001 1797 ἀλλ’
2047 1744 2106 1795 ἐν

534 1823 746 1893 χρόνοις
773 1825 934 1881 τισίν.
970 1826 1339 1898 Αίρετώτερον
1371 1827 1492 1897 ἐμοὶ
1520 1826 1713 1880 παθεῖν
1750 1825 1938 1888 κακῶς
1966 1825 2106 1895 ὑπὲρ

533 1904 628 1959 τοῦ
664 1908 922 1978 Χριστοῦ,
962 1910 995 1981 ἦ
1039 1911 1301 1978 τιμᾶσθαι
1330 1912 1480 1982 παρὰ
1510 1910 1604 1964 τοῦ
1636 1910 1892 1980 Χριστοῦ.
1935 1909 2108 1962 Τοῦτο

538 1992 749 2061 μεγάλη
780 1994 939 2065 τιμὴ,
971 1994 1131 2048 τοῦτο
1159 1994 1285 2063 δόξα
1312 1997 1344 2065 ἡ
1378 1996 1554 2049 πάντα
1576 1994 2009 2065 ὑπερϐάλλουσα.
2042 1992 2104 2045 Et

532 2075 695 2140 αὐτὸς
723 2077 787 2129 δι’
819 2078 920 2146 ἐμὲ
944 2079 1232 2148 γενόμενος
1258 2079 1462 2145 δοῦλος,
1498 2080 1592 2135 καὶ
1625 2079 1723 2151 τὴν
1754 2077 1911 2142 δόξαν
1938 2077 2107 2131 κενώ-

536 2177 657 2223 σας,
696 2160 793 2230 οὐχ
822 2161 994 2226 οὕτως
1028 2165 1212 2234 ήγεῖτο
1236 2166 1303 2221 ἐν
1335 2164 1460 2237 δόξῃ
1488 2163 1647 2226 εἶναι,
1687 2164 1764 2228 ὡς
1794 2165 1882 2218 ὅτε
1910 2165 2105 2217 ἐσταυ-

538 2243 697 2315 ροῦτο
718 2244 855 2314 ὑπὲρ
872 2245 1028 2314 ἐμοῦ,
1050 2247 1102 2299 τί
1125 2247 1223 2316 ἐμὲ
1240 2248 1433 2302 παθεῖν
1450 2248 1512 2301 οὐ
1537 2248 1618 2301 δεῖ
1636 2267 1650 2315 ;
1673 2250 1870 2301 Ἀκουε
1890 2248 1999 2318 γάρ
2019 2247 2110 2300 αὐ-

532 2326 629 2385 τοῦ
646 2327 920 2396 λέγοντος.
959 2331 1320 2401 Δόξασόνμε
1339 2332 1440 2398 σὺ,
1461 2333 1671 2401 Πάτερ.
1695 2333 1761 2386 Τί
1779 2332 1959 2401 λέγεις
1980 2349 1995 2398 ;
2018 2333 2109 2386 ἐπὶ

536 2411 773 2482 σταυροῦ
802 2413 908 2485 ἄγῃ
941 2414 1078 2484 μετά
1098 2414 1311 2487 λῃστῶν
1334 2416 1430 2470 καὶ
1458 2416 1857 2488 τυμϐωρύχων,
1886 2417 1977 2470 τὸν
2000 2416 2109 2469 τῶν

536 2494 828 2566 ἐπαράτων
864 2495 1189 2565 ὑφίστασθαι
1223 2500 1470 2565 θάνατον,
1520 2500 1860 2570 ἐμπτύεσθαι
1898 2500 2110 2571 μέλλεις

535 2579 629 2633 καὶ
653 2578 999 2649 ῥαπίζεσθαι,
1024 2579 1307 2635 καὶταῦτα
1331 2582 1487 2647 δόξαν
1517 2582 1730 2647 καλεῖς;
1754 2584 1882 2646 Ναὶ,
1907 2584 2070 2653 φησίν
2095 2602 2108 2616 ο

536 2661 677 2731 ὑπὲρ
699 2661 807 2731 γάρ
832 2662 939 2716 τῶν
970 2663 1123 2733 φιλου
1134 2664 1310 2735 μένων
1332 2665 1440 2734 ἐγὼ
1462 2666 1655 2735 πάσχω
1686 2665 1881 2731 ταῦτα,
1906 2666 1998 2720 καὶ
2018 2684 2111 2740 τατ

535 2744 633 2799 νῦν
655 2746 812 2809 δόξαν
826 2747 961 2802 αὐτά
986 2749 1244 2819 ἠγοῦμαι.
1270 2750 1312 2801 Ε
1322 2751 1334 2801 ί
1356 2750 1383 2802 6
1405 2749 1529 2811 τοὺς
1554 2749 1805 2820 οἰκτροὺς
1822 2750 1917 2803 καὶ
1935 2749 2112 2802 ταλαισ

536 2828 754 2898 πώρους
780 2830 1033 2901 φἰλήσας,
1049 2832 1205 2897 δόξαν
1225 2832 1282 2885 τὸ
1311 2832 1542 2902 πρᾶγμα
1567 2833 1742 2895 καλεῖ,
1760 2832 1855 2885 καὶ
1888 2834 1947 2886 οὐ
1970 2833 2031 2885 τὸ
2054 2835 2110 2886 ἐν

536 2912 805 2984 τῷθρόνῳ
821 2910 958 2968 εἶναι
985 2915 1062 2985 τῷ
1088 2915 1362 2987 πατρικῷ,
1393 2916 1515 2969 οὐδὲ
1541 2917 1599 2969 τὺ
1629 2916 1686 2968 ἐν
1714 2918 1780 2987 τῇ
1801 2916 1948 2987 δόξῃ,
1976 2916 2114 2970 ἀλλὰ

535 2995 599 3051 τὸ
636 2998 694 3050 ἐν
727 2997 922 3069 ἀτιμίᾳ
958 2997 1083 3062 δόξα
1118 2994 1207 3069 ἦν,
1246 3000 1342 3052 καὶ
1371 2998 1528 3051 τοῦτο
1567 2999 1776 3052 ἐκείνου
1814 2999 2109 3068 προετίθει,

538 3078 721 3151 πολλῷ
752 3080 953 3150 μᾶλλον
990 3081 1100 3148 ἐγὼ
1131 3080 1303 3136 ταῦτα
1330 3081 1530 3149 ὀφείλω
1563 3081 1721 3146 δόξαν
1751 3083 2023 3152 ἡγεῖσθαι.
2050 3084 2114 3136 Ὢ

536 3163 646 3218 τῶν
680 3164 963 3234 μακαρίων
1000 3164 1234 3235 δεσμῶν,
1262 3164 1308 3218 ῶ
1341 3165 1448 3220 τῶν
1480 3165 1761 3236 μακαρίων
1798 3165 2013 3235 χειρῶν,
2049 3167 2115 3228 ἃς

541 3247 847 3317 ἐκόσμησεν
867 3250 900 3318 ὴ
929 3247 1119 3312 ἅλυσις
1147 3250 1349 3319 ἐκείνη.
1381 3250 1494 3303 Οὐκ
1514 3245 1654 3319 ἦσαν
1677 3252 1817 3302 οῦτω
1847 3250 2024 3319 τίμιαι
2058 3250 2114 3303 αἱ

539 3334 720 3405 χεῖρες
750 3332 962 3387 Παύλου
992 3332 1083 3387 τὸν
1115 3333 1284 3405 χωλὸν
1310 3334 1402 3387 τὸν
1435 3336 1492 3388 ἐν
1520 3333 1785 3404 Λύστροις
1811 3334 2115 3403 ἀναστήσα-

542 3433 634 3470 σαι
658 3417 752 3470 καὶ
766 3416 1160 3488 ἐγείρασαι,ὠς
1199 3418 1269 3470 τά
1292 3416 1467 3486 δεσμά
1489 3417 1888 3489 περικείμεναι.
1916 3419 2114 3471 Εἰκατ’

543 3500 783 3565 ἐκείνους
805 3502 930 3564 τοὺς
960 3501 1182 3573 χρόνους
1200 3496 1267 3572 ἦν
1288 3500 1418 3569 ἐγὼ,
1449 3501 1570 3554 τότε
1594 3500 1659 3554 ἂν
1693 3500 1925 3571 μάλιστα
1947 3502 2116 3565 αὐτὰς

542 3585 1009 3656 περιεπτυξάμην,
1033 3585 1126 3639 καὶ
1156 3587 1250 3639 ἐπὶ
1278 3585 1378 3650 τὰς
1406 3585 1572 3655 κόρας
1602 3585 1775 3655 ἔθηκα
1807 3588 1905 3651 τάς
1942 3589 2080 3657 ἐμάς
2100 3604 2114 3619 ⁸

541 3671 640 3723 οὐκ
658 3668 984 3740 ἐπαυσάμην
1005 3669 1319 3737 καταφιλῶν
1334 3672 1518 3741 χεῖρας
1532 3669 1961 3733 καταξιωθείσας
1977 3671 2078 3723 ὐπέ
2086 3688 2117 3740 ρ

540 3752 636 3805 τοῦ
666 3754 935 3807 Δεσπότου
972 3752 1190 3822 δεθῆναι
1220 3753 1313 3805 τοῦ
1342 3752 1497 3823 ἐμοῦ.
1537 3752 1851 3824 Θαυμάζεις
1880 3754 2114 3817 Παῦλον,

542 3836 631 3889 ὅτε
674 3836 918 3906 καθῆψεν
970 3836 1135 3889 αὐτοῦ
1174 3837 1207 3906 ή
1257 3836 1370 3905 ἐχις
1411 3835 1513 3905 τῆς
1564 3836 1768 3907 χειρὸς,
1823 3838 1918 3890 καὶ
1967 3838 2118 3890 οὐδὲν

545 3918 769 3987 ἐποίησε
790 3937 803 3984 ;
835 3918 925 3987 Μὴ
949 3917 1236 3989 θαυμάσῃς
1254 3934 1267 3946 ·
1298 3919 1498 3990 ᾐδέσθη
1520 3920 1630 3989 γὰρ
1646 3920 1743 3991 τὴν
1762 3920 1950 3974 ἅλυσιν
1981 3937 1994 3951 ·
2024 3922 2118 3974 καὶ

546 4002 786 4057 θάλαττα
797 4001 854 4056 δέ
876 4003 1069 4072 όλὸκλη
1080 4020 1169 4073 ρος
1183 4001 1388 4073 ταύτην
1407 4004 1586 4074 ᾐδεῖτο
1602 4022 1617 4037 υ
1632 4005 1751 4057 τότε
1765 4005 1873 4075 γὰρ
1886 4004 2114 4060 ἐδέδετο.

546 4088 614 4142 Et
649 4087 733 4152 τίς
782 4105 870 4155 μοι
910 4089 1138 4158 νεκροὺς
1167 4087 1365 4141 ἔδωκεν
1415 4087 1719 4157 ἀναστῆσαι
1753 4088 1869 4150 νῦν,
1901 4090 2003 4143 οὐκ
2053 4089 2119 4144 ἂν

546 4170 704 4226 τοῦτο
725 4170 970 4242 εἱλόμην,
995 4169 1133 4224 ἀλλά
1159 4171 1260 4239 τὴν
1283 4170 1469 4227 ἅλυσιν
1494 4189 1507 4203 ·
1536 4172 1586 4225 εί
1610 4170 2119 4241 τῶνέκκλησιαστι-

547 4256 661 4309 κῶν
695 4255 991 4328 φροντίδων
1020 4256 1178 4320 ἐκτὸς
1207 4256 1377 4327 ἢμην,
1414 4255 1507 4310 καὶ
1537 4256 1600 4311 τὸ
1641 4257 1800 4328 σῶμα
1846 4255 2119 4328 εὔρωστον

548 4336 715 4409 εἳχον,
738 4340 839 4395 οὐκ
858 4340 922 4394 ἂν
940 4339 1344 4414 παρῃτησάμην
1368 4341 1676 4412 ἀποδημίαν
1697 4339 1965 4413 τοσαύτην
1985 4344 2119 4414 ποή-

550 4422 745 4478 σασθαι
769 4423 909 4493 ὑπὲρ
927 4423 1020 4477 τοῦ
1050 4424 1147 4487 τὰς
1169 4423 1387 4487 ἁλύσεις
1418 4424 1576 4494 μόνον
1604 4425 1752 4486 ἰδεῖν,
1781 4425 1920 4494 ὑπὲρ
1943 4425 2036 4479 τοῦ
2060 4428 2120 4481 τὸ

548 4506 919 4578 δεσμωτήριον
942 4506 1069 4561 ἔνθα
1093 4507 1318 4563 ἐδέδετο.
1352 4508 1544 4561 Καίτοι
1569 4507 1665 4562 καὶ
1692 4507 1800 4561 τῶν
1823 4508 2118 4578 θαυμάτων

550 4591 717 4645 αὐτοῦ
740 4590 910 4644 πολλά
931 4591 1205 4662 πανταχοῦ
1237 4594 1440 4663 σημεῖα
1466 4593 1746 4662 τυγχάνει,
1771 4591 1885 4646 ἀλλ’
1909 4592 2006 4662 οὐχ
2027 4592 2121 4645 οὐ-

549 4692 658 4737 τως
683 4674 800 4727 ἐστὶ
828 4674 1071 4734 ποθεινὰ,
1098 4677 1174 4737 ὡς
1194 4675 1264 4727 τά
1283 4674 1390 4728 τῶν
1421 4675 1753 4745 στιγμάτων.
1788 4677 1898 4730 Καὶ
1917 4678 1976 4729 ἐν
2002 4679 2120 4740 ταῖς

550 4760 796 4831 Γραφαῖς
824 4759 881 4813 δέ
908 4758 1006 4829 οὐχ
1035 4757 1179 4812 οῦτω
1212 4776 1277 4829 με
1306 4759 1586 4829 εὐφραίνει
1616 4758 1869 4831 θαύματα
1896 4760 2121 4832 ἐργαζό-

553 4859 736 4914 μενος,
765 4840 842 4904 ὡς
872 4841 1098 4912 πάσχων
1125 4840 1329 4905 κακῶς,
1356 4843 1768 4911 μαστιζόμενος,
1798 4844 2116 4916 συρόμενος.

555 4927 763 4987 Ὄντως
793 4924 1082 4997 θαυμαστά
1102 4924 1281 4978 καὶτὰ
1305 4925 1397 4979 τοῦ
1420 4926 1629 4996 χρωτὸς
1650 4927 1906 4997 σουδάρια
1936 4927 2030 4981 καὶ
2051 4927 2119 4981 τά

552 5008 891 5078 σημικίνθια,
936 5007 1213 5078 παράδοξα
1244 5008 1585 5079 ἐργαζόμενα
1606 5027 1618 5039 ·
1654 5010 1767 5063 ἀλλ’
1800 5011 1861 5063 οὐ
1898 5010 2121 5064 τοιαῦτα

464 5114 471 5119 ·
551 5087 641 5146 οἷα
665 5092 868 5146 ἐκεῖνα.
905 5092 1215 5159 Δείραντες
1244 5092 1449 5152 αὑτὸν,
1498 5094 1652 5161 φησι,
1692 5092 1790 5146 καὶ
1817 5092 2115 5159 ἐπιθέντες

549 5177 787 5242 πολλὰς
827 5173 942 5247 [55]
983 5174 1240 5243 πληγὰς,
1278 5175 1500 5230 ἔϐαλον
1530 5178 1615 5242 εἰς
1660 5176 1979 5245 φυλακήνο
2028 5178 2121 5230 καὶ

553 5258 738 5323 πάλιν,
786 5257 1098 5327 Δεδεμένοι
1140 5258 1373 5327 ὕμνουν
1412 5258 1517 5311 τὸν
1559 5261 1706 5313 Θεόν
1729 5276 1741 5289 '
1795 5260 1887 5312 καὶ
1936 5259 2119 5326 πάλιν,

552 5341 925 5407 Διθάσαντες
951 5341 1157 5403 αὐτὸν,
1192 5341 1416 5410 ἔσυρον
1447 5342 1563 5407 ἔξω
1588 5340 1695 5412 τῆς
1733 5344 1984 5411 πόλεως,
2019 5361 2121 5398 νο-

550 5425 843 5497 μίσαντες
872 5424 1061 5479 αὐτὸν
1087 5425 1385 5480 τεθνάναι.

622 5608 889 5665 Βούλεσθε
914 5610 1107 5680 μαθεῖν
1133 5610 1256 5665 ὅσον
1281 5610 1429 5663 ἐστὶν
1451 5608 1639 5675 ἅλυσις
1666 5610 1860 5682 σιδηρᾶ
1885 5611 1971 5667 διὰ
1993 5614 2124 5685 Χρι-

555 5692 685 5750 στὸν
712 5693 1068 5766 περικειμένη
1113 5692 1327 5765 σώματι
1357 5691 1616 5763 δουλικῴ;
1651 5695 1920 5749 ἀκούσατε
1961 5698 2124 5751 αὐτοῦ

556 5776 654 5834 τοῦ
681 5777 917 5851 Χριστοῦ
942 5777 1213 5847 λέγοντος,
1240 5777 1526 5847 Μακάριοι
1551 5779 1712 5836 ἐστε.
1746 5781 1844 5850 Τίς
1881 5781 2007 5837 ὅταν
2037 5801 2125 5836 νε-

621 6004 651 6038 ⁸
674 6002 828 6065 Unus,
856 6002 920 6059 ek
940 6001 1095 6069 τρίτον
1117 6003 1400 6067 παράδεισον
1423 6002 1502 6053 τὸν
1525 6003 1733 6067 οὐρανόν.

2208 552 2370 621 κρούς
2386 552 2724 625 ἀναστήσητε
2744 572 2758 617 ;
2778 552 2942 623 Οὐχί·
2959 549 3094 604 ἀλλά
3108 547 3161 601 τί
3181 563 3195 611 ;
3213 548 3341 601 ὅταν
3360 548 3592 616 τυφλοὺς
3612 550 3775 622 θερα-

2208 635 2480 706 πεύσητε;
2519 636 2783 707 Οὐδαμῶς
2805 653 2819 668 ·
2863 634 2998 689 ἀλλά
3034 634 3122 697 τίς
3166 632 3353 685 ’Ὅταν
3388 631 3777 687 ὀνειδίσωσιν

2204 717 2378 784 ὑμᾶς,
2401 720 2500 773 καί
2525 717 2797 787 διώξωσι,
2819 719 2914 772 και
2942 718 3154 771 εἴπωσι
3175 713 3297 770 πᾶν
3311 716 3578 783 πονηρὸν
3585 715 3777 786 ῥῆμα,

2205 800 2564 870 ψευδόμενοι
2586 803 2714 857 καθ’
2732 801 2901 871 ὑμῶν
2926 800 3135 854 ἕνεκεν
3149 799 3314 867 ἐμοῦ.
3339 798 3401 850 El
3427 798 3483 851 δὲ
3501 798 3563 851 τὸ
3588 799 3776 863 κακῶς

2206 882 2435 938 ἀκοῦσαι
2468 884 2608 938 οὕτω
2636 887 2781 937 ποιεῖ
2808 882 3129 954 μακαρίους,
3179 880 3241 934 τὸ
3270 880 3456 945 κακῶς
3481 880 3695 943 παθεῖν,
3720 882 3777 935 τί

2206 967 2305 1021 οὐκ
2316 967 2381 1021 ἂν
2392 969 2685 1039 εἰργάσατο
2704 968 2733 1009 δ
2754 984 2769 1034 ;
2788 969 2987 1021 Ἄκουε
3002 964 3165 1021 αὐτοῦ
3178 963 3273 1018 τοῦ
3300 966 3573 1036 μακαρίου
3584 965 3778 1021 τούτου

2207 1050 2451 1118 λέγοντος
2480 1051 2709 1122 ἀλλαχοῦ
2735 1068 2751 1084 ’
2780 1052 3005 1107 Λοιπὸν
3035 1048 3343 1105 ἀπόκειταί
3360 1065 3463 1117 μοι
3491 1052 3525 1103 ό
3555 1047 3666 1117 τῆς
3687 1048 3778 1103 δι-

2207 1136 2536 1203 καιοσύνης
2569 1135 2889 1205 στέφανος.
2944 1135 3103 1189 Ἀλλὰ
3138 1132 3234 1187 τοῦ
3276 1135 3541 1202 στεφάνου
3580 1134 3779 1187 τούτου

2206 1217 2580 1290 λαμπρότερος
2600 1222 2627 1273 6
2647 1220 2863 1290 δεσμός.
2894 1219 3095 1272 Τούτου
3142 1234 3209 1288 με
3240 1216 3586 1283 καταξιώσει,
3617 1219 3776 1288 φησὶ,

2208 1301 2301 1353 καὶ
2336 1302 2485 1355 οὐδὲν
2514 1302 2653 1373 ὑπὲρ
2682 1304 2905 1356 ἐκείνων
2941 1299 3422 1371 ἀκριϐολογοῦμαι.
3466 1299 3653 1371 Ἀρκεῖ
3685 1318 3777 1365 μοι

2207 1383 2343 1453 πρὸς
2365 1387 2544 1438 πᾶσαν
2568 1387 2834 1441 ἀντίδοσιν
2860 1387 2919 1439 τὸ
2940 1386 3132 1441 παθεῖν
3151 1384 3339 1448 κακῶς
3367 1384 3455 1438 διὰ
3480 1383 3573 1438 τὸν
3600 1386 3644 1437 Χ
3654 1402 3777 1454 ρισ-

2204 1467 2316 1522 τόν.
2348 1469 2493 1521 Δότω
2511 1487 2600 1540 μοι
2619 1470 2951 1539 φθέγξασθαι
2988 1470 3182 1533 ἐκεῖνο,
3213 1465 3781 1535 ὃτιἊνταναπληρῶ

2204 1550 2277 1605 τὰ
2302 1552 2684 1623 ὑστερήματα
2722 1555 2842 1606 τῶν
2868 1554 3135 1621 θλίψεων
3169 1552 3276 1606 τοῦ
3310 1552 3569 1620 Χριστοῦ
3600 1552 3673 1604 ἐν
3701 1548 3779 1619 τῇ

2206 1635 2387 1701 σαρκί
2405 1653 2545 1705 μου,
2570 1639 2664 1690 καὶ
2696 1637 2910 1700 οὐδενὸς
2939 1636 3150 1706 δέομαι.
3190 1634 3518 1705 Κατηξιώθη
3543 1635 3638 1688 καὶ⁵
3669 1634 3777 1687 Πέ-

2205 1735 2333 1788 τρος
2348 1719 2550 1790 ταύτης
2572 1721 2669 1791 τῆς
2698 1720 2940 1785 ἁλύσεως
2959 1736 2974 1751 ·
3002 1716 3110 1773 Ἦν
3133 1720 3262 1790 γὰρ,
3282 1720 3436 1791 φησι,
3472 1719 3777 1789 δεδεμένος.

2207 1803 2301 1856 καὶ
2335 1804 2767 1875 παραδεδομένος
2802 1802 3182 1875 στρατιώταις,
3206 1806 3301 1857 καὶ
3333 1802 3643 1857 ἐκάθευδεν.
3670 1800 3779 1855 Οὖ-

2206 1902 2314 1950 τως
2360 1888 2569 1957 ἔχαιρε,
2609 1890 2703 1942 καὶ
2732 1889 2833 1943 οὐκ
2869 1890 3046 1960 ήλγιιι,
3072 1889 3148 1953 ὡς
3177 1889 3271 1944 καὶ
3307 1887 3588 1943 καθεύδειν
3617 1903 3633 1918 ο
3678 1886 3781 1939 οὐκ

2207 1984 2274 2037 ἂν
2305 1984 2361 2038 δὲ
2386 1984 2547 2038 αὐτὸν
2580 1984 2746 2055 βαθὺς
2785 1985 2950 2050 ὕπνος
2976 1981 3140 2057 εἶχεν,
3171 1984 3225 2037 εἴ
3256 2000 3320 2052 γε
3350 1983 3408 2036 ἐν
3442 1979 3684 2053 φροντίδι
3712 1974 3783 2050 ἦν

2209 2068 2396 2139 πολλῇ.
2441 2070 2727 2124 Ἐκάθευδε
2766 2070 2968 2141 μεταξὺ
3007 2068 3352 2138 στρατιωτῶν
3376 2066 3450 2121 ὢν
3475 2084 3489 2097 ·
3529 2067 3627 2120 καὶ
3675 2065 3781 2134 ἄγ-

2207 2152 2365 2221 γελος
2411 2150 2542 2224 ἦλθε
2588 2155 2724 2226 πρὸς
2776 2156 2959 2219 αὐτὸν,
3012 2156 3109 2209 καὶ
3151 2153 3399 2218 πατάξας
3455 2149 3622 2207 αὐτοῦ
3681 2149 3784 2220 τὴν

2209 2238 2472 2308 πλευράν,
2515 2239 2757 2310 ἤγειρεν.
2798 2238 2866 2291 EE
2888 2255 2974 2301 τις
3005 2240 3185 2291 τοίνυν
3214 2234 3339 2291 εἶπέ
3375 2253 3485 2307 μοι,
3525 2234 3590 2288 Τί
3621 2232 3782 2285 ἐϐού-

2208 2319 2329 2385 λου;
2359 2320 2589 2390 ἄγγελος
2614 2317 2751 2377 εἶναι
2780 2324 2808 2376 6
2838 2321 3042 2390 Πέτρον
3083 2320 3268 2387 νύξας,
3298 2319 3331 2391 ἢ
3366 2321 3570 2391 Πέτρος
3602 2318 3630 2370 6
3660 2317 3781 2370 δια-

2212 2404 2434 2470 σωθείς;
2476 2405 2680 2477 Πέτρος
2726 2405 2792 2459 ἂν
2837 2405 3060 2476 εἱλόμην
3093 2403 3365 2473 γενέσθαι,
3421 2403 3490 2456 δι’
3527 2400 3585 2455 ὃν
3619 2401 3717 2454 καὶ
3753 2398 3785 2449 6

2209 2487 2441 2556 ἄγγελος
2472 2485 2657 2562 ἦλθεν.
2706 2489 2847 2560 Ἐγὼ
2876 2489 2985 2542 τῶν
3015 2488 3231 2559 δεσμῶν
3263 2488 3494 2558 όναίμην
3536 2486 3782 2539 ἐκείνων.

2209 2571 2321 2625 Καὶ
2343 2571 2481 2633 πῶς,
2506 2574 2694 2643 φησὶν,
2720 2573 2795 2637 ὡς
2825 2572 3076 2644 μεγάλων
3110 2571 3297 2626 κακῶν
3326 2570 3659 2638 ἀπαλλαγεὶς
3690 2567 3782 2620 εῦ-

2210 2672 2393 2726 χεται;
2424 2655 2515 2727 Μὴ
2541 2656 2824 2728 θαυμάσῃς
2842 2673 2856 2688 ο
2882 2655 3101 2727 εὔχεται
3122 2655 3252 2728 γάρ,
3282 2654 3532 2717 δεδοικὼς
3557 2652 3630 2724 μὴ
3653 2653 3783 2704 ἀπο-

2212 2739 2367 2812 θάνῃ.
2408 2740 2480 2793 Τὸ
2508 2740 2565 2793 δὲ
2602 2739 2896 2795 ἀποθανεῖν
2934 2740 3190 2811 ἐδεδοίκει
3230 2738 3319 2792 διὰ
3375 2737 3435 2791 τὸ
3485 2737 3564 2790 ἐτι
3599 2735 3787 2806 βούλε-

2213 2823 2337 2878 σθαι
2369 2824 2532 2879 αὐτὸν
2572 2823 2668 2894 τὴν
2697 2823 2840 2895 ζωὴν
2889 2819 3029 2879 εἶναι
3071 2822 3327 2878 ὑπόθεσιν
3360 2821 3465 2876 τῶν
3517 2819 3705 2874 παθῶν
3729 2828 3783 2869 ο.

2216 2906 2482 2960 Ἀκουσον
2535 2906 2666 2975 γοῦν
2718 2908 2810 2960 καὶ
2858 2907 3020 2970 αὐτὸς
3066 2907 3096 2961 6
3148 2906 3415 2976 μακάριος
3460 2904 3674 2966 Παῦλος
3729 2900 3787 2954 τί

2213 3006 2376 3060 φησι;
2414 2990 2484 3044 Τὸ
2510 2989 2815 3044 ἀναλῦσαι
2838 2990 2935 3044 καὶ
2969 2990 3093 3044 σὺν
3114 2988 3342 3059 Χριστῷ
3375 2986 3546 3052 εἶναι,
3573 2984 3789 3051 πολλῷ

2206 3070 2449 3141 μᾶλλον
2465 3072 2773 3141 κρεῖσσον,
2792 3074 2858 3127 τὸ
2870 3074 2936 3127 δὲ
2946 3073 3310 3143 παραμένειν
3326 3070 3398 3141 τῇ
3415 3070 3591 3140 σαρκὶ
3604 3071 3787 3140 ἀναγ-

2214 3155 2524 3224 καιότερον
2537 3155 2609 3210 δι’
2623 3154 2972 3226 ὑμᾶς.Τοῦτο
2983 3158 3076 3211 καὶ
3093 3156 3251 3228 χάριν
3280 3154 3504 3208 ἐκάλεσε
3521 3154 3749 3224 γράφων
3770 3166 3785 3179 '

2227 3238 2549 3308 Ἐχαρίσθη
2581 3240 2690 3311 γὰρ
2712 3240 2872 3309 ὑμῖν,
2900 3240 3084 3311 φησὶν,
3114 3240 3229 3295 ἀπὸ
3268 3238 3375 3293 τοῦ
3405 3236 3681 3307 Χριστοῦ,
3712 3236 3789 3289 οὐ

2208 3324 2400 3393 μόνον
2426 3325 2492 3377 τὸ
2521 3326 2607 3390 είς
2637 3325 2825 3379 αὐτὸν
2852 3326 3178 3388 πιστεύειν,
3212 3321 3371 3379 ἀλλὰ
3398 3324 3495 3375 καί
3532 3321 3597 3375 τὸ
3628 3319 3785 3387 ὑπὲρ

2213 3407 2399 3461 αὐτοῦ
2437 3407 2718 3475 πάσχειν.
2750 3409 2914 3462 Ὥστε
2945 3408 3104 3461 τοῦτο
3138 3406 3346 3461 ἐκείνου
3382 3405 3565 3477 μεῖζόν
3598 3406 3747 3457 ἐστιν
3767 3420 3783 3432 ·

2214 3489 2505 3561 ἐχαρίσατο
2537 3491 2667 3562 γάρ.
2702 3493 2907 3555 Ὄντως
2934 3492 3050 3544 ἐστὶ
3081 3491 3239 3562 χάρις
3273 3490 3523 3561 μεγίστη,
3552 3486 3645 3541 καὶ
3675 3503 3786 3539 πα·-

2217 3573 2325 3625 σῶν
2362 3572 2568 3627 τούτων
2616 3572 2840 3644 μείζων,
2874 3575 2968 3628 τοῦ
3000 3574 3092 3627 τὸν
3122 3574 3275 3645 ἥλιον
3314 3574 3511 3643 στῆσαι
3553 3572 3649 3624 καὶ
3682 3569 3789 3639 τὴν

2218 3656 2469 3727 σελήνην,
2516 3656 2608 3711 τοῦ
2634 3657 2724 3712 τὸν
2754 3657 2960 3729 κόσμον
2984 3658 3244 3729 κινῆσαι·
3278 3656 3434 3710 τοῦτο
3476 3656 3659 3726 μεῖζον
3692 3653 3788 3706 τοῦ

2215 3741 2484 3812 δαιμόνων
2509 3741 2803 3813 κρατῆσαι,
2825 3744 2858 3815 ἢ
2881 3743 3152 3797 ἀπελάσαι
3181 3741 3457 3814 δαίμονας.
3483 3740 3593 3810 Οὐχ
3615 3736 3792 3800 οὕτως

2215 3824 2472 3894 άλγοῦσιν
2505 3828 2701 3879 ἐκεῖνοι
2732 3828 2913 3880 πίστει
2941 3829 3005 3898 τῇ
3053 3828 3182 3898 παρ’
3215 3826 3373 3897 ήμῶν
3418 3824 3787 3893 ἐλαυνόμενοι,

2215 3908 2291 3973 ὡς
2334 3910 2463 3963 ὅταν
2512 3911 2657 3981 ἡμᾶς
2708 3910 2856 3962 ἴδωσι
2904 3910 3074 3963 κακόν
3107 3927 3161 3964 τι
3206 3912 3515 3980 πάσχοντας
3562 3906 3649 3960 διά
3694 3907 3789 3959 τὸν

2218 3992 2471 4063 Χριστὸν,
2498 3992 2593 4045 καὶ
2618 3993 3017 4063 δεσμουμένους
3044 4010 3056 4024 ·
3090 3994 3311 4065 μείζονα
3332 3994 3441 4064 γάρ
3464 3991 3620 4044 τοῦτο
3644 3992 3795 4043 ποιεῖ

2215 4076 2313 4147 τὴν
2344 4076 2675 4149 παρρησίαν.
2722 4077 2797 4131 Οὐ
2824 4077 2911 4131 διά
2939 4077 3098 4132 τοῦτο
3134 4076 3298 4133 καλὸν
3324 4077 3385 4131 τὸ
3425 4074 3667 4130 δεδέσθαι
3699 4074 3794 4128 διά

2216 4162 2309 4214 τὸν
2363 4158 2619 4229 Χριστὸν,
2671 4161 2756 4214 ὅτι
2809 4160 3086 4231 βασιλείαν
3134 4161 3384 4234 προξενεῖ
3422 4161 3483 4214 τὸ
3531 4162 3787 4232 πρᾶγμα,

2218 4243 2333 4296 ἀλλ’
2357 4244 2438 4297 ὅτι
2464 4242 2550 4296 διὰ
2577 4244 2668 4296 τὸν
2699 4245 2933 4314 Χριστὸν
2961 4246 3168 4314 γίνεται
3189 4262 3203 4277 ο
3235 4247 3297 4299 οὐ
3327 4245 3415 4299 διὰ
3432 4244 3589 4298 τοῦτο
3610 4260 3790 4314 μακα-

2221 4326 2355 4399 ρίξω
2394 4328 2521 4390 τοὺς
2558 4325 2812 4396 δεσμοὺς,
2850 4330 2931 4383 ὃτι
2975 4331 3055 4393 είς
3095 4329 3188 4384 τὸν
3220 4329 3449 4401 οὐρανὸν
3490 4328 3788 4399 παραπέμο

2218 4427 2433 4477 πουσιν,
2469 4410 2586 4465 ἀλλ’
2625 4412 2708 4466 ὃτι
2738 4412 2826 4465 διὰ.
2857 4412 2948 4468 τὸν
2991 4414 3270 4486 Δεσπότην
3297 4410 3392 4466 τοῦ
3425 4408 3659 4483 οὐρανοῦ
3698 4407 3789 4479 γί-

2217 4512 2418 4551 νονται.

2291 4660 2406 4735 [56]
2426 4663 2595 4716 Πόσον
2608 4662 2869 4735 καύχημα
2886 4664 3102 4731 εἰδέναι,
3120 4663 3305 4719 ὅτιδιά
3319 4665 3409 4718 τδν
3421 4662 3655 4735 Χριστὸν
3673 4661 3789 4715 ἐδέ-

2218 4746 2315 4817 θη;
2344 4749 2483 4817 πόση
2504 4747 2685 4817 ἡδονὴ,
2709 4749 2848 4819 πόση
2878 4750 3035 4819 τιμὴ,
3057 4750 3197 4819 πόση
3220 4750 3570 4821 λαμπρότης;
3606 4748 3791 4802 Ἐϐου-

2218 4828 2388 4901 λύμην
2415 4828 2706 4895 διαπαντὸς
2732 4831 2905 4884 ταῦτα
2937 4831 3267 4902 φθέγγεσθαι
3290 4849 3308 4865 ο
3343 4834 3638 4902 ἐϐουλόμην
3664 4832 3790 4902 ἐχε-

2220 4913 2342 4967 σθαι
2371 4917 2470 4985 τῆς
2498 4914 2771 4978 ἁλύσεως·
2806 4916 3127 4988 ἐϐουλόμην,
3170 4919 3217 4971 εἰ
3249 4918 3343 4971 καὶ
3387 4917 3466 4988 τῷ
3504 4917 3790 4987 πράγματι

2217 4998 2620 5070 ἀπεστέρημαι,
2667 4998 2802 5052 ἀλλὰ
2839 4998 2916 5069 τῷ
2962 5000 3106 5071 λόγῳ
3144 5001 3447 5072 περιθεῖναι
3470 5002 3569 5071 τὴν
3597 5000 3789 5054 ἅλυσιν

2217 5083 2284 5152 τῇ
2314 5080 2457 5152 ψυχῇ
2487 5082 2574 5137 διά
2593 5082 2690 5153 τῆς
2716 5083 3025 5149 διαθέσεως.
3066 5086 3369 5153 Ἐσείσθη,
3404 5086 3557 5156 φησι,
3602 5087 3664 5138 τὸ
3689 5085 3789 5137 δε-

2218 5166 2555 5237 σμωτήριον
2603 5166 2922 5237 δεδεμένου
2976 5171 3254 5234 Παύλου,
3305 5169 3404 5223 καὶ
3442 5168 3681 5223 πάντων
3715 5170 3792 5224 τὰ

2219 5252 2410 5321 δεσμὰ
2443 5252 2669 5321 ἀνείθη.
2703 5247 2855 5316 Εἶδες
2900 5252 3113 5324 δεσμῶν
3163 5254 3324 5323 φύσιν
3353 5254 3422 5309 τά
3460 5253 3633 5324 δεσμὰ
3667 5254 3794 5333 ἁνα-

2217 5337 2452 5391 λύουσαν
2472 5354 2487 5403 ;
2501 5336 2709 5409 Ὥσπερ
2727 5335 2833 5409 γὰρ
2847 5339 2874 5390 6
2892 5336 2987 5391 τοῦ
3006 5338 3207 5407 Κυρίου
3222 5337 3448 5403 θάνατος
3460 5338 3549 5391 τὸν
3564 5338 3794 5391 θάνατον

2220 5420 2582 5484 ἐθανάτωσεν,
2610 5419 2749 5474 οὕτω
2782 5422 2875 5475 καὶ
2896 5421 2963 5475 τά
2990 5420 3201 5474 Παύλου
3227 5421 3402 5492 δεσμά
3428 5423 3554 5485 τοὺς
3582 5420 3790 5490 δεσμώ-

2220 5522 2319 5567 τας
2360 5505 2539 5568 ἐλυσε,
2571 5505 2631 5557 τὸ
2666 5503 3034 5577 δεσμωτήριον
3074 5504 3271 5568 ἔσεισε,
3319 5505 3416 5570 τάς
3472 5505 3641 5577 θύρας
3690 5505 3790 5557 ἀνο

2224 5588 2392 5659 έῳξεο
2427 5589 2604 5643 καίτοι
2653 5588 2749 5659 οὐχ
2784 5586 2921 5658 αὕτη
2967 5587 3075 5642 τῶν
3110 5588 3324 5660 δεσμῶν
3352 5592 3384 5661 ή
3419 5589 3579 5658 φύσις
3620 5589 3791 5651 ἐστὶν,

2221 5671 2335 5731 ἀλλ’
2366 5674 2400 5744 ἠ
2428 5670 2664 5739 ἐναντία,
2698 5672 2945 5743 κατέχειν
2977 5673 3035 5727 ἐν
3069 5673 3334 5746 ἀσφαλείᾳ
3372 5672 3465 5727 τὸν
3488 5671 3792 5743 δεδεμένον,

2294 5880 2327 5920 δ
2494 5880 2710 5945 quidam,
2732 5880 3001 5945 ἐργάσαιτο,
3026 5895 3123 5932 ποη
3145 5883 3291 5932 male.

2234 6020 2260 6068 ρ
2296 5946 2321 5974 ε
2342 5943 2698 6018 ’MarngaviL,
2723 5943 2818 5995 τῶν
2858 5945 3072 6010 ἀγώνων,
3096 5953 3152 5997 ει
3186 5946 3312 5997 infra
3336 5945 3566 6010 ἐπιμεῖναι
3588 5957 3675 6007 pro
3694 5961 3795 5995 παι

2263 6022 2462 6067 αμενειν.

2263 6022 2462 6067 αμενειν.
