4030 6500
220 423 290 480 εςτ
1110 405 1179 463 lN
1213 390 1422 463 ms‘r.
1461 404 1553 460 AD
1584 402 1830 464 eruas.“
1856 402 2007 462 CAP.
2046 404 2135 460 1v.
2176 405 2399 465 HOMIL.
2442 411 2574 475 Vlll.
3391 426 3461 484 ω

218 550 342 591 esse
377 531 634 594 vinctum,
681 524 855 596 potius
892 528 1133 591 optarem
1161 516 1281 571 talis
1306 528 1427 570 esse
1454 513 1683 567 vinctus.
1722 510 1791 563 Et

214 632 339 697 jure
366 623 580 694 quidem
608 638 622 673 :
653 618 781 672 nihil
810 614 951 670 enim
979 622 1063 668 est
1095 612 1183 666 illa
1203 619 1391 665 catena
1414 605 1641 661 beatius.
1662 602 1789 658 Vel-

219 719 323 771 lem
346 730 489 769 nunc
514 727 637 766 esse
673 711 727 763 in
763 708 868 762 illis
894 705 1061 771 locis,
1092 703 1144 758 in
1173 701 1365 773 quibus
1404 699 1649 753 dicuntur
1676 709 1787 749 tua.

217 820 349 863 nere
377 807 467 860 illa
494 802 742 866 vincula,
768 810 821 851 et
849 797 1030 851 videre
1050 837 1064 860 ,
1098 794 1347 863 virosque
1387 791 1507 846 illos
1534 787 1787 843 admirari

216 908 439 969 propter
479 893 677 950 Christi
705 889 1026 946 desiderium
1065 886 1297 941 :vellem
1325 882 1506 938 videre
1546 890 1783 943 catenas,

212 1004 349 1062 quas
376 988 755 1058 pertimescunt
780 980 993 1051 quidem
1022 986 1074 1033 et
1121 977 1339 1031 horrent
1375 975 1666 1034 drancaea,
1695 984 1789 1062 re-

210 1060 471 1137 verentur
494 1086 672 1132 autem
713 1074 904 1144 angeli.
956 1071 1095 1127 Nihil
1126 1079 1209 1124 est
1237 1068 1425 1123 melius
1454 1078 1610 1135 quam
1645 1060 1789 1118 male

211 1174 319 1243 pati
375 1181 592 1242 propter
631 1167 919 1223 Christum.
971 1164 1086 1218 Non
1134 1172 1242 1215 tam
1289 1160 1500 1215 beatum
1553 1154 1785 1226 prtedico

211 1266 436 1321 Paulum
467 1261 609 1335 quod
656 1269 837 1331 raptus
882 1258 954 1313 sit
988 1258 1039 1311 in
1083 1254 1404 1325 paradisum,
1436 1265 1594 1321 quam
1638 1247 1780 1319 quod

209 1361 487 1429 conjectus
528 1357 597 1411 sit
622 1354 674 1408 in
706 1365 975 1407 carcerem
1007 1365 1020 1400 :
1051 1364 1155 1401 non
1183 1356 1288 1400 tam
1317 1344 1458 1399 enim
1506 1342 1625 1396 dico
1656 1340 1782 1394 bea-

210 1463 324 1506 tum
368 1447 510 1519 quod
551 1444 780 1500 audierit
824 1456 1018 1495 arcana
1044 1438 1406 1506 verba,.quam
1435 1449 1555 1488 eum
1587 1444 1789 1487 censeo

211 1545 428 1598 beatum
454 1545 674 1610 propter
702 1536 911 1589 vincula
941 1550 954 1585 :
984 1547 1090 1586 non
1121 1540 1226 1583 tam
1258 1528 1466 1582 beatum
1492 1525 1613 1579 dico
1638 1522 1779 1593 quod

207 1641 397 1702 raptus
424 1631 493 1685 sit
523 1630 578 1685 in
606 1627 824 1683 tertium
860 1623 1072 1685 cadum,
1122 1635 1279 1690 quam
1306 1628 1525 1688 propter
1553 1615 1641 1669 illa
1670 1614 1783 1667 viu-

206 1725 357 1779 enla.
389 1723 520 1777 Nam
536 1719 681 1790 quod
708 1717 824 1772 haec
851 1716 954 1769 illis
980 1713 1085 1766 sint
1114 1711 1334 1779 majora.
1360 1708 1478 1762 audi
1514 1706 1787 1776 quomodo

209 1818 331 1883 ipse
356 1812 562 1885 quoque
588 1808 818 1863 noverit.
841 1805 1021 1874 Neque
1042 1802 1183 1858 enim
1206 1800 1376 1854 dixit:
1404 1793 1551 1866 Rogo
1570 1811 1664 1850 vos
1681 1810 1785 1864 ego

204 1906 301 1974 qui
330 1907 490 1958 verba
508 1901 683 1956 audivi
714 1895 1044 1954 ineﬂ‘abiiia?
1069 1893 1162 1949 sed
1193 1891 1318 1961 quid
1341 1891 1364 1944 ?
1403 1889 1548 1959 Rago
1575 1903 1662 1940 vos
1690 1902 1791 1956 ego

203 1997 401 2051 vinctus
423 1997 477 2048 in
500 1992 733 2048 Domino.

274 2088 329 2142 2.
373 2086 431 2142 Si
462 2086 562 2139 hoc
585 2094 762 2138 autem
805 2095 909 2135 non
938 2077 1189 2133 omnibus
1217 2069 1739 2140 adscribitepistolis
1759 2108 1791 2134 ,.

204 2196 311 2235 non
332 2189 419 2234 est
438 2178 633 2232 mirum
669 2189 815 2230 :non
846 2172 991 2228 enim
1041 2184 1252 2239 seraper
1291 2166 1392 2222 fuit
1429 2166 1658 2228 vinctus,
1686 2161 1783 2216 sed

204 2271 527 2343 quibusdam
557 2265 909 2337 temporibus.
941 2262 1067 2318 Mihi
1096 2269 1178 2315 est
1199 2258 1480 2329 optabilius
1505 2255 1645 2310 male
1674 2253 1780 2323 pati

205 2380 302 2433 pro
321 2362 579 2437 Christo“
606 2373 764 2429 quam
794 2354 1045 2411 honorari
1075 2369 1105 2406 a
1133 2351 1367 2406 Christo.
1398 2349 1508 2403 Hoc
1556 2358 1779 2437 magnus

201 2463 287 2508 est
308 2453 504 2516 honor,
544 2435 645 2505 hoc
689 2458 773 2504 est
808 2447 973 2518 gloria
1020 2460 1142 2515 qua
1166 2442 1344 2498 omnia
1370 2448 1675 2509 exsuperat.
1721 2435 1777 2491 Si

202 2549 316 2611 ipse
350 2546 441 2614 qui
488 2551 707 2613 prepter
736 2556 821 2595 me
849 2541 1014 2594 factus
1049 2545 1137 2593 est
1171 2550 1395 2595 servus,
1419 2544 1474 2587 et
1498 2531 1780 2587 evacuavit

198 2638 452 2705 gloriam,
485 2652 589 2689 non
627 2635 765 2689 adeo
792 2630 1131 2687 existimabat
1159 2644 1218 2683 se
1253 2643 1375 2682 esse
1405 2627 1461 2681 in
1484 2626 1669 2695 gloria,
1725 2633 1781 2678 ut

196 2730 417 2799 quando
458 2743 569 2798 pro
602 2741 689 2781 me
726 2724 980 2795 agebatur
1101 2735 1339 2783 crucem,
1384 2717 1509 2787 quid
1554 2731 1638 2770 me
1674 2729 1778 2769 non

196 2794 413 2891 oportet
430 2794 534 2890 pati
552 2821 576 2872 ἲ
599 2817 731 2872 Audi
749 2794 889 2871 enim
906 2794 1079 2883 ipsum
1097 2813 1361 2866 dicentem
1384 2828 1397 2865 :
1418 2808 1663 2876 Cleri/ica
1678 2824 1775 2871 me,

198 2914 394 2983 inquit,
426 2923 479 2965 tu
513 2910 671 2963 Pater
690 2908 866 2981 (Joan.
896 2908 981 2960 I7.
1013 2906 1090 2974 l).
1124 2901 1458 2971 Quiddieis?
1488 2899 1540 2953 in
1564 2912 1778 2951 crucem

196 3007 398 3077 ageris,
432 3014 489 3059 ut
517 3010 911 3058 exsecratorum
931 3006 1157 3053 mortem
1184 2995 1377 3049 subeas
1415 3008 1534 3046 cum
1558 2988 1777 3045 intraui—

197 3100 299 3154 bus
343 3107 403 3153 et
460 3095 829 3165 sepulcrorum
881 3089 1264 3153 eii‘ossoribus;
1307 3102 1367 3141 es
1404 3083 1777 3153 conSpuendus

195 3199 253 3244 et
278 3187 525 3259 colaphis
548 3185 854 3249 caedendus,
879 3192 933 3239 et
975 3182 1095 3236 haec
1128 3194 1286 3235 vocas
1312 3177 1571 3248 gloriam?
1597 3176 1774 3238 Certe,

196 3284 408 3353 inquit;
438 3283 554 3336 lucc
582 3280 724 3334 enim
752 3277 923 3346 patior
947 3290 1045 3346 pro
1090 3274 1165 3329 iis
1181 3287 1314 3342 quos
1340 3271 1527 3340 diligo,
1575 3280 1627 3323 et
1665 3268 1779 3321 haec

197 3391 344 3431 nunc
366 3375 591 3447 gloriam
621 3371 888 3425 existimo.
919 3368 975 3423 Si
1003 3367 1089 3437 qui
1118 3365 1453 3419 miserabiles
1480 3372 1533 3416 et
1553 3362 1778 3415 miseros

194 3470 409 3530 dilexit,
460 3481 579 3520 eam
615 3476 731 3518 rem
757 3469 911 3516 vocat
956 3458 1201 3529 gloriam,
1250 3470 1425 3525 neque
1474 3454 1526 3507 in
1584 3452 1775 3506 throno

194 3577 320 3617 esse
349 3570 573 3629 paterno
603 3571 788 3625 neque
814 3554 868 3608 in
890 3552 1077 3623 gloria,
1119 3549 1215 3605 sed
1259 3549 1315 3603 in
1344 3546 1628 3617 ignominia
1657 3559 1781 3600 esse

194 3664 250 3708 et
275 3652 545 3707 dedecore
565 3658 678 3703 erat
697 3646 884 3716 gloria,
916 3652 969 3699 et
988 3643 1090 3697 hoc
1112 3641 1186 3695 illi
1210 3638 1562 3710 praeferebat:
1610 3636 1778 3690 multo

196 3743 370 3813 magis
407 3754 511 3810 ego
546 3738 663 3791 hmc
701 3736 873 3791 debeo
914 3732 1224 3788 existimare
1274 3728 1519 3799 gloriam.
1550 3725 1775 3780 O'beata

195 3831 445 3886 vincula!
475 3845 513 3884 ο
556 3828 742 3883 beatas
776 3839 964 3879 manus
990 3837 1127 3893 quas
1161 3820 1373 3874 ornavit
1420 3818 1509 3872 illa
1552 3816 1773 3871 catena!

197 3924 312 3979 Non
346 3929 509 3976 erant
546 3918 681 3974 adeo
709 3914 1035 3971 honorandae
1061 3912 1210 3968 Pauli
1240 3926 1450 3975 manus,
1480 3925 1599 3981 qua:
1632 3908 1781 3963 cian-

195 4016 324 4070 dum
358 4014 450 4084 qui
477 4019 594 4066 erat
640 4008 847 4080 Lystris
879 4013 1166 4062 erexerunt
1192 4012 1246 4059 et
1295 4003 1536 4059 iecerunt
1556 4013 1778 4070 surgere

197 4108 216 4175 (
226 4106 338 4160 Act.
362 4103 477 4175 14),
501 4112 558 4157 ut
582 4116 701 4171 quas
721 4099 920 4155 indutae
933 4105 1085 4153 erant
1100 4095 1347 4151 vinculis.
1367 4093 1425 4148 Si
1445 4108 1544 4164 ego
1560 4091 1775 4147 fuissem

198 4200 307 4253 illis
330 4195 694 4265 temporibus,
725 4202 853 4247 tunc
892 4191 1124 4246 maxime
1159 4203 1250 4243 eas
1287 4202 1459 4243 essem
1481 4187 1776 4255 amplexus,

198 4301 257 4345 et
280 4290 498 4360 pupillis
527 4287 660 4343 meis
689 4284 1043 4340 admovissem
1070 4296 1212 4336 :non
1237 4293 1531 4335 cessassem
1555 4278 1779 4331 deoscu-

203 4384 313 4437 lari
334 4395 561 4445 manus,
580 4394 703 4450 qua:
723 4378 895 4448 digna:
918 4384 1045 4431 sunt
1072 4374 1267 4429 habitae
1292 4388 1409 4444 qua:
1436 4387 1532 4443 pro
1555 4370 1780 4426 Domino

208 4488 335 4528 meo
372 4471 712 4525 vincirentur.
740 4466 1037 4524 Admiraris
1066 4466 1286 4520 Paulum
1308 4464 1520 4534 quando
1539 4463 1655 4533 ejus
1670 4477 1781 4516 ma-

208 4579 341 4618 rium
368 4563 539 4632 tetigit
560 4565 741 4631 vipera
760 4601 776 4627 ,
805 4567 861 4616 et
888 4559 1087 4613 nihil-ei
1122 4557 1278 4613 fecit?
1303 4556 1381 4613 Ne
1418 4556 1627 4611 mireris
1656 4573 1668 4609 :
1698 4571 1785 4610 re-

200 4657 376 4712 verita
430 4656 571 4709 enim
609 4655 707 4709 fuit
744 4662 1016 4718 catemm;
1050 4661 1211 4707 totam
1260 4652 1418 4707 etiam
1467 4665 1614 4705 mare
1661 4664 1779 4705 eam

198 4748 585 4813 mverebatur;
634 4755 766 4801 tunc
793 4746 933 4801 enim
972 4753 1091 4800 erat
1137 4745 1370 4799 vinctus.
1403 4742 1459 4798 Si
1506 4743 1625 4812 quis
1651 4742 1779 4796 mihi

196 4842 417 4896 dederit
441 4856 585 4895 nunc
611 4850 667 4894 ut
694 4839 946 4894 suscitem
972 4847 1232 4903 mortuos,
1253 4853 1358 4891 non
1384 4835 1487 4890 hoe
1508 4836 1780 4906 elegerim,

196 4933 297 4988 sed
345 4940 615 4986 Catenam.
642 4930 698 4985 Si
718 4929 785 4983 ab
816 4928 1194 4984 ecclesiasticis
1219 4928 1362 4981 curis
1388 4941 1559 4981 essem
1602 4941 1781 4980 remo-

198 5036 308 5090 IIIS,
338 5033 397 5078 et
424 5030 569 5077 esset
609 5021 734 5075 mihi
764 5035 967 5090 corpus
981 5035 1168 5075 sanum
1195 5035 1255 5073 ac
1279 5020 1527 5085 validum,
1554 5035 1656 5072 nou
1692 5035 1782 5073 re-

198 5114 438 5171 cusarim
480 5114 620 5166 hanc
660 5112 930 5181 suscipere
979 5111 1479 5181 peregrinationem,
1512 5118 1569 5163 ut
1606 5110 1781 5164 solum

196 5205 447 5260 viderem
488 5212 733 5266 catenas,
766 5210 825 5255 ut
863 5215 1132 5255 carcerem
1179 5200 1232 5253 in
1281 5214 1387 5269 quo
1429 5199 1525 5253 fuit
1552 5201 1798 5255 vinctus-

194 5296 364 5366 Atqui
397 5295 519 5365 ejus
563 5294 939 5348 miraculorum
967 5294 1131 5347 multa
1162 5292 1344 5347 multis
1392 5293 1445 5347 in
1485 5294 1617 5348 locis
1658 5303 1782 5349 sunt

193 5391 375 5458 signa,
409 5387 509 5443 sed
548 5403 654 5441 non
683 5395 808 5441 sunt
828 5396 934 5441 tam
960 5386 1337 5441 desiderabilia
1365 5402 1524 5456 quam
1560 5388 1781 5457 stigma-

196 5492 335 5533 tum.
367 5479 441 5534 Et
480 5479 535 5533 in
565 5477 855 5548 Scripturis
892 5493 1001 5533 non
1024 5478 1094 5531 ita
1123 5493 1217 5531 me
1238 5476 1466 5531 delectat
1492 5478 1615 5533 dum
1656 5477 1795 5533 facit

193 5570 462 5626 miracula
484 5613 501 5637 ,
543 5585 700 5640 quam
747 5568 1040 5624 dummale
1068 5568 1283 5638 patitur,
1314 5566 1492 5638 ﬂagris
1536 5569 1777 5635 caeditur,

196 5672 363 5729 aonie
394 5672 661 5730 raptatur.
710 5659 850 5714 Vere
876 5658 1139 5714 mirabilia
1186 5668 1309 5713 sunt
1355 5659 1498 5713 illius
1542 5661 1782 5730 corporis

191 5752 419 5807 sudaria
448 5762 506 5807 et
551 5750 1025 5821 semicinctiarqum
1067 5751 1324 5820 stupenda
1359 5761 1569 5820 patrant
1599 5770 1613 5807 :
1654 5762 1779 5808 sunt

1894 514 2105 582 disserit,
2133 527 2179 570 et
2206 521 2390 577 multas
2424 526 2601 595 plagas
2646 527 2693 581 ei
2718 528 3091 600 imposuissent,
3120 537 3360 594 miserunt
3406 547 3461 598 in

1890 620 2160 700 carcerem;
2176 619 2231 665 et
2251 628 2454 700 rursus,
2493 616 2654 673 Vincti
2668 622 2944 677 laudabunt
2958 625 3118 681 Deum
3136 639 3222 691 ;et
3249 646 3459 697 rursus,

1891 693 2201 765 Lapidantes
2218 693 2479 761 traxerunt
2501 725 2613 763 eum
2657 723 2798 767 astra
2841 716 3086 771 civitatem
3110 761 3125 783 ,
3157 693 3453 777 existimari;

1891 794 1962 840 tea
1973 805 2100 882 ‘eum
2125 804 2373 849 mortuum
2386 814 2491 853 esse
2511 800 2645 871 (Act.
2670 803 2757 858 16.
2775 804 3015 863 25;!bid.
3037 810 3169 865 v.25
3193 822 3240 865 et
3262 812 3348 867 M.
3371 814 3454 882 8).

1962 878 2182 950 Propter
2208 884 2458 943 Christum
2500 893 2607 961 pati
2639 892 2782 947 bonis
2809 897 3036 951 omnibus
3064 902 3230 968 majus
3254 912 3348 958 est.
3380 878 3453 946 -έ-

1894 968 2064 1028 Vultis
2084 977 2222 1032 scire
2250 992 2443 1047 quanta
2472 999 2559 1038 res
2575 985 2646 1039 sit
2670 997 2855 1041 catena
2879 990 3045 1043 ferrea
3066 1003 3281 1061 propter
3296 994 3456 1052 Chri-

1887 1072 2027 1117 stum
2074 1066 2128 1120 in
2151 1083 2344 1139 corpus
2385 1075 2582 1130 servile
2621 1076 2850 1146 injecta?
2887 1081 3064 1135 audite
3092 1083 3263 1152 ipsum
3294 1086 3454 1142 Chri-

1886 1165 2026 1211 Stum
2072 1159 2357 1228 dicentem,
2394 1164 2538 1220 Beati
2581 1169 2716 1223 estis.
2764 1169 2822 1224 In
2862 1174 3009 1241 quo?
3053 1188 3172 1228 cum
3217 1188 3456 1235 mortuos

1888 1248 2271 1307 suscitaveritis
2291 1256 2314 1307 ?
2337 1255 2714 1327 Nequaquam;
2748 1261 2841 1317 sed
2870 1263 2920 1316 in
2947 1278 3052 1332 quo
3073 1266 3097 1316 ’ἲ
3122 1267 3332 1333 quando
3352 1284 3456 1321 em-

1886 1353 1979 1394 eos
2019 1347 2374 1402 curaveritis?
2416 1350 2665 1418 Minime;
2700 1354 2795 1409 sed
2835 1354 2886 1409 in
2928 1358 3197 1425 quonam?
3239 1360 3457 1426 Quando

1888 1434 2086 1501 probris
2116 1453 2200 1491 vos
2229 1439 2488 1506 alfecerint
2515 1446 2760 1511 homines,
2788 1456 2835 1501 et
2864 1449 3148 1517 persequuti
3176 1452 3382 1520 fuerint,
3407 1461 3457 1507 et

1884 1526 2100 1582 dixerint
2125 1546 2273 1585 omne
2296 1534 2487 1587 malum
2510 1535 2772 1591 adversam
2798 1553 2903 1598 vos,
2928 1541 3228 1604 mentientes,
3252 1552 3455 1611 propter

1885 1632 1963 1669 me
2009 1618 2224 1689 (Matth.
2257 1623 2309 1678 5.
2344 1624 2458 1691 il).
2492 1625 2548 1680 Si
2582 1635 2760 1682 autem
2802 1630 2940 1683 male
2961 1631 3145 1687 audire
3170 1632 3247 1687 sic
3271 1633 3457 1689 beatos

1883 1711 2063 1775 efﬁcit,
2096 1714 2237 1769 male
2267 1717 2371 1785 pati
2398 1719 2523 1788 quid
2563 1735 2669 1775 non
2698 1720 2923 1776 iecerit?
2952 1722 3088 1778 Audi
3116 1725 3289 1792 ipsum»
3325 1726 3455 1781 bea-

1885 1811 1995 1857 tum
2039 1804 2262 1861 Paulum
2308 1809 2571 1865 dicentem
2605 1811 2728 1866 alibi
2761 1831 2776 1867 :
2811 1812 2885 1866 In
2926 1815 3116 1883 reliquo
3142 1816 3357 1885 reposita
3380 1825 3455 1871 est

1882 1896 2007 1949 mihi
2033 1912 2220 1952 corona
2247 1899 2465 1969 jastitia:
2504 1903 2583 1970 (2.
2624 1903 2755 1957 Tim.
2782 1905 2836 1959 4.
2882 1905 2962 1967 8).
2993 1906 3097 1961 Sed
3130 1906 3229 1961 hac
3253 1924 3452 1966 corona

1882 1988 2190 2056 pneclarius
2210 1999 2293 2045 est
2320 1992 2587 2047 vinculum
2614 2013 2627 2049 :
2661 1995 2740 2050 Eo
2764 2010 2870 2061 me,
2900 1997 3089 2067 inquit,
3121 1999 3444 2069 dignabitur,

1881 2088 1935 2134 et
1964 2078 2032 2133 de
2072 2080 2191 2135 illis
2206 2096 2311 2135 non
2338 2095 2588 2140 accurate
2627 2087 2889 2156 diseepto.
2920 2088 3001 2142 Ad
3028 2103 3240 2144 omnem
3271 2105 3445 2153 remit-

1880 2172 2212 2227 notationem
2256 2175 2383 2229 mihi
2421 2177 2618 2232 sufﬁcit
2663 2178 2801 2234 male
2848 2192 3062 2248 passum
3093 2196 3212 2236 esse
3237 2194 3446 2252 proptet

1879 2262 2174 2318 Christum.
2217 2265 2325 2321 Det-
2358 2267 2486 2321 mihi
2531 2280 2588 2321 ut
2620 2269 2747 2323 illud
2777 2270 3037 2339 eioquar:
3076 2272 3343 2342 Adimpleo
3385 2290 3447 2327 ea

1879 2369 1990 2423 qua
2018 2356 2196 2410 desunt
2215 2358 2505 2427 passionum
2529 2358 2714 2415 Christi
2739 2362 2790 2414 in
2804 2378 2954 2416 came
2969 2379 3079 2417 mea
3100 2363 3235 2434 (Col.
3257 2365 3307 2418 1.
3327 2364 3443 2435 24),

1880 2455 1937 2500 et
1977 2447 2176 2501 nullius
2223 2463 2374 2519 egeo.
2426 2450 2624 2519 Dignus
2658 2467 2881 2521 quoque
2913 2462 2993 2507 est
3024 2453 3233 2508 habitus
3259 2454 3450 2510 Petrus

1881 2537 1981 2592 hac
2025 2549 2253 2594 catena:
2303 2542 2430 2595 Erat
2474 2543 2639 2608 enim,
2682 2544 2871 2614 inquit,
2914 2546 3120 2600 vinctus
3145 2556 3203 2600 et
3229 2548 3452 2602 traditus

1881 2631 2169 2694 militibus,
2199 2641 2254 2687 et
2281 2631 2576 2688 dormiebat
2610 2635 2743 2703 (Aet.
2790 2636 2876 2690 12.
2904 2638 3046 2707 4-6).
3074 2638 3223 2693 Adeo
3244 2639 3449 2708 gaudeo

1880 2720 1969 2773 hat
1994 2737 2090 2775 nec
2115 2722 2459 2789 alterabatur,
2491 2735 2545 2778 ut
2594 2726 2890 2794 profundus
2925 2742 3049 2782 eum
3077 2739 3282 2784 teneret
3309 2745 3444 2784 sumo

1880 2827 1983 2865 nus
2010 2826 2024 2864 :
2057 2827 2161 2866 non
2187 2812 2493 2880 dormisset,
2523 2816 2568 2869 si
2613 2817 2664 2869 in
2697 2831 2886 2886 magna
2914 2817 3100 2873 fuisset
3128 2820 3440 2875 soiiieituili‘

1879 2920 1966 2960 ac.
1991 2906 2293 2962 Dormiebat
2321 2908 2455 2962 inter
2475 2907 2670 2965 milites
2693 2949 2709 2975 ,
2735 2919 2791 2964 et
2813 2911 2958 2964 venit
2977 2911 3042 2965 ad
3064 2926 3189 2966 eum
3204 2915 3444 2983 angelus,

1878 3005 1932 3049 et
1955 3010 2223 3064 percusso,
2252 2997 2365 3067 ejus
2399 2999 2567 3054 latere
2606 3015 2727 3055 eum
2757 3002 3034 3057 excitavit.
3062 3004 3120 3058 Si
3159 3006 3278 3074 quis
3319 3022 3448 3075 ergo

1877 3089 2009 3142 mihi
2034 3088 2235 3144 diceret
2264 3108 2277 3145 :
2306 3092 2441 3159 Quid
2472 3093 2681 3158 malles,
2733 3109 2798 3147 an
2826 3110 2948 3151 esse
2977 3097 3201 3167 angelus
3228 3098 3317 3168 qui
3347 3100 3448 3153 lie-

1879 3190 2018 3254 trum
2048 3182 2287 3252 pupugit,
2329 3199 2395 3237 au
2427 3184 2616 3239 Petrus
2640 3186 2731 3255 qui
2773 3186 2952 3241 salvus
2991 3188 3201 3243 evasit?
3234 3190 3449 3245 mallem

1879 3285 2000 3326 ease
2048 3272 2239 3326 Petrus
2283 3284 2501 3342 propter
2535 3291 2692 3344 quem
2738 3279 2883 3333 venit
2925 3279 3166 3348 angelus.
3200 3279 3290 3334 illa
3315 3280 3446 3337 mihi

1878 3364 2207 3432 prodessent"
2238 3366 2465 3419 vincula.
2518 3369 2583 3423 Et
2628 3369 2918 3437 quomodo,
2950 3370 3142 3440 inquit,
3179 3384 3446 3442 precatur,

1878 3469 2146 3529 tamquam
2177 3460 2430 3515 liberatus
2451 3476 2477 3513 a
2509 3464 2713 3532 magnis
2734 3463 2929 3519 malis?
2953 3464 3027 3520 Ne
3051 3467 3297 3523 mireris:
3328 3482 3450 3537 pre-

1878 3558 2030 3603 catur
2054 3550 2195 3604 enim
2230 3551 2425 3606 timens
2452 3568 2520 3607 ne
2547 3554 2802 3608 moriatur
2829 3572 2841 3608 :
2874 3556 3092 3611 timebat
3118 3566 3292 3612 autem
3329 3574 3447 3612 uio-

1878 3637 1946 3701 ri,
1976 3639 2119 3706 quod
2165 3639 2339 3695 adhuc
2365 3643 2522 3697 vellet
2553 3644 2713 3698 vitam
2745 3660 2864 3701 esse
2892 3648 3251 3716 perpessionis
3285 3662 3448 3719 argu-

1879 3740 2114 3785 mentum
2165 3741 2220 3787 et
2264 3735 2565 3788 materiam.
2613 3737 2757 3791 Audi
2800 3738 2978 3807 itaque
3005 3739 3131 3808 quid
3166 3740 3280 3809 ipse
3307 3740 3450 3797 dicat

1877 3822 2066 3880 beatus
2092 3824 2325 3881 Paulus:
2358 3826 2578 3882 Dissolvi
2606 3838 2652 3883 et
2678 3846 2792 3883 cum
2821 3830 3019 3885 Christo
3041 3848 3146 3886 esse
3161 3834 3319 3888 multo
3338 3851 3446 3888 me.

1878 3916 1992 3972 (ius
2014 3934 2035 3973 :
2077 3934 2368 3990 permanere
2411 3932 2582 3976 autem
2623 3922 2677 3975 in
2725 3939 2881 3977 carne
2915 3926 3075 3995 magis
3118 3928 3449 3981 necessarium

1880 4020 2084 4081 prapler
2130 4028 2216 4067 vos
2254 4010 2513 4084 (Philipp.
2557 4015 2609 4069 Ι.
2637 4015 2727 4069 25.
2758 4015 2874 4084 24).
2914 4015 3024 4071 Hoc
3053 4016 3211 4072 etiam
3244 4018 3451 4073 vocavit

1876 4102 2125 4171 gratiam,
2153 4104 2393 4158 scribens
2418 4121 2431 4157 :
2476 4104 2863 4176 Voltis,inquit,
2893 4108 3133 4161 donatum
3160 4118 3232 4165 est
3257 4107 3451 4165 ecari-

1877 4204 1978 4261 κο,
2009 4206 2179 4249 utnon
2196 4197 2359 4251 solum
2385 4199 2436 4251 in
2462 4214 2575 4253 etim
2606 4200 2840 4263 credatis,
2870 4200 2958 4254 sed
2982 4201 3131 4255 etiam
3151 4218 3243 4270 pro
3268 4218 3324 4256 eo
3353 4219 3450 4271 pa-

1882 4289 2079 4343 tiamini
2103 4290 2209 4359 (Ib.
2237 4306 2286 4345 υ.
2332 4291 2449 4359 29).
2480 4292 2839 4359 Quamobrem
2879 4293 2978 4348 hoc
3003 4294 3099 4347 illo
3125 4303 3210 4350 est
3237 4295 3446 4365 majus:

1880 4380 2097 4435 donavit
2137 4383 2303 4438 enim.
2352 4384 2558 4439 Revera
2598 4394 2682 4439 est
2726 4386 2953 4441 maxima
2983 4388 3172 4458 gratia,
3198 4397 3253 4444 et
3279 4389 3449 4459 major

1881 4469 1989 4524 illis
2033 4472 2301 4539 omnibus,
2347 4488 2507 4543 quam
2548 4475 2715 4529 solem
2758 4484 2813 4530 et
2852 4477 3029 4530 lunam
3054 4477 3263 4545 sistere,
3290 4493 3449 4549 quam

1881 4561 2134 4616 mundum
2176 4578 2428 4619 movere:
2471 4565 2572 4620 hoc
2610 4566 2963 4637 majus-quam
2994 4569 3213 4626 vincere
3233 4581 3323 4626 aut
3349 4586 3449 4627 ex-

1883 4652 2080 4721 pellere
2106 4651 2396 4711 dmmones.
2426 4653 2541 4709 Non
2570 4656 2645 4710 illi
2673 4666 2779 4710 tam
2818 4658 3019 4727 dolent,
3041 4659 3170 4714 dum
3206 4660 3311 4716 ﬁde
3351 4677 3450 4718 ex-

1882 4746 2150 4814 pelluntur
2191 4760 2221 4798 a
2270 4746 2446 4811 nobis,
2477 4757 2533 4800 ut
2572 4748 2786 4817 quando
2811 4749 3043 4806 viderint
3068 4765 3167 4807 nos
3194 4753 3316 4809 ntali
3341 4753 3449 4808 ali-

1880 4834 2007 4905 quid
2054 4834 2429 4906 pati.propter
2469 4837 2735 4893 Christum
2775 4849 2831 4894 et
2875 4841 3064 4896 vinciri
3116 4860 3130 4896 :
3179 4841 3280 4898 hoc
3302 4845 3446 4899 enim

1880 4927 2138 4996 majorem
2170 4926 2262 4981 dat
2299 4928 2598 4984 libertatem
2626 4938 2680 4984 et
2719 4930 2985 4986 ﬁduciam.
3011 4931 3127 4988 Non
3167 4944 3447 5004 propterea

1883 5023 2082 5077 bonum
2124 5031 2207 5077 est
2242 5021 2475 5076 vinctum
2501 5038 2620 5078 esse
2649 5032 2866 5093 propter
2888 5023 3180 5091 Christum,
3212 5027 3353 5095 quod
3382 5042 3446 5081 ea

1884 5129 1970 5170 res
1992 5130 2211 5184 regnum
2256 5115 2524 5180 conciliet,
2555 5116 2651 5171 sed
2675 5116 2827 5186 quod
2853 5132 2925 5172 eo
2945 5116 3035 5173 ﬁat
3052 5129 3274 5187 propter
3294 5118 3450 5173 Cisrh-

1882 5214 2022 5260 stum
2067 5224 2080 5260 :
2134 5222 2237 5260 non
2288 5216 2568 5276 propterea
2614 5207 2764 5262 beata
2806 5209 3038 5276 prtedico
3074 5211 3277 5264 vincula
3306 5209 3448 5278 quod

1884 5298 2329 5352 transmittantiu
2350 5297 2697 5363 caelum,.sed
2717 5299 2859 5370 quod
2884 5316 2947 5356 ea
2973 5302 3081 5355 sint
3102 5310 3317 5370 propter
3345 5300 3450 5354 Do.

1882 5388 2085 5443 minam
2115 5388 2253 5441 Caeli.

1955 5483 2009 5536 '5.
2031 5482 2235 5546 Quanta
2284 5489 2367 5535 est
2409 5482 2655 5550 gloriatio
2700 5484 2836 5537 scire
2877 5483 3017 5553 quod
3048 5495 3262 5555 propter
3288 5485 3445 5539 Chri-

1884 5581 2024 5628 stum
2052 5574 2121 5627 sit
2166 5574 2394 5641 vinctus,
2436 5586 2632 5644 quanta
2675 5578 2941 5645 voluptas,
2989 5590 3217 5647 quantus
3255 5579 3445 5644 honor,

1882 5674 2113 5733 quantus
2143 5664 2432 5733 splendor?
2466 5666 2667 5721 Vellem
2699 5666 2812 5721 btet:
2844 5679 3100 5737 perpetuo
3140 5669 3310 5731 ett-iri,
3337 5680 3450 5724 vet-

1883 5756 1986 5811 leui
2014 5756 2220 5811 haerere
2248 5768 2472 5818 catenm,
2500 5758 2692 5810 vellem
2721 5758 2820 5811 etsi
2855 5759 3025 5827 reipsa
3049 5775 3164 5813 sum
3194 5764 3444 5832 privatos,

197 5845 318 5901 hac
345 5860 475 5901 vere
502 5843 787 5911 mirabilia,
815 5841 908 5901 sed
937 5856 1040 5899 non
1079 5852 1134 5899 ut
1172 5844 1277 5898 illa.
1311 5844 1435 5899 Cum
1462 5845 1786 5901 iitumceci-
1886 5863 1939 5907 at
1980 5854 2181 5906 ratione
2208 5868 2307 5922 per
2349 5850 2683 5905 uﬂ'cCtiuncm
2714 5867 2942 5907 animam
2986 5870 3046 5911 ea
3095 5855 3441 5912 circumdare.
