4002 6500
527 405 594 460 59
1256 393 1309 446 s.
1352 388 1624 445 tottvsts
1658 383 2127 445 CIIRYSOSTOMI
2167 383 2473 439 AllClllEP.
2504 380 3026 443 CONSTANTINOP.
3592 340 3597 345 ’
3700 400 3769 454 ω

527 524 699 576 ’ἱέννω
735 527 870 570 utotu
900 526 1169 566 concussus
1194 518 1266 562 est
1303 496 1474 559 carcer
1497 504 1661 556 vincto
1694 500 1878 563 Paulo,
1912 508 1958 551 et
1985 506 2097 551 sunt

530 612 698 665 omnia
726 607 953 659 relaxata
978 600 1176 655 vincula
1201 597 1336 668 (Act,
1367 596 1453 650 16.
1481 593 1596 663 26),
1626 591 1819 645 Vidisti
1848 588 2084 644 vinculo-

532 716 649 755 rum
676 708 917 750 naturam
944 691 1304 746 resolventent
1333 684 1584 739 vincula?
1615 683 1764 737 Sicut
1784 680 1926 735 enim
1957 685 2107 733 mors

538 792 748 850 Domini
775 798 947 843 morte
976 794 1204 840 mortem
1231 782 1428 846 aﬂ'ecit,
1457 782 1526 835 ita
1547 780 1707 834 etiam
1729 776 1878 831 Pauli
1894 771 2102 828 vincula

537 886 742 938 vinctos
792 880 1087 942 solverunt,
1138 888 1407 931 carcerem
1461 877 1876 931 concusserunt,
1924 873 2103 934 portas

498 974 501 977 ’
533 983 871 1046 aperuerunt.
922 972 1079 1040 Atqui
1128 984 1233 1023 non
1270 976 1353 1021 est
1379 965 1493 1019 haec
1513 962 1847 1017 vinculorum
1880 962 2099 1020 natura,

480 1050 497 1115 θ
536 1067 632 1123 sed
662 1065 951 1129 contraria,
1001 1075 1193 1129 nempe
1236 1059 1470 1112 vinctum
1500 1064 1611 1109 tuto
1637 1061 1819 1108 tenere
1843 1051 1897 1105 in
1922 1056 2102 1103 custo-

473 1138 482 1144 .
535 1158 643 1220 dia,
676 1172 782 1211 non
809 1156 855 1209 ei
885 1152 1095 1222 aperire
1117 1151 1365 1219 parietes.
1397 1146 1502 1201 Sed
1531 1143 1862 1199 vinculorum
1890 1138 2101 1209 quidem

538 1264 643 1303 non
685 1255 770 1302 est
814 1245 1059 1298 absolute
1111 1242 1223 1295 haec
1251 1247 1461 1303 natura,
1503 1235 1597 1291 sed
1626 1232 1959 1288 vinculorum
1988 1244 2106 1299 quae

537 1353 665 1398 sunt
704 1349 923 1410 propter
963 1336 1254 1391 Christum.
1302 1333 1489 1387 Custos
1528 1326 1757 1383 careeris
1784 1323 2010 1394 procidit
2039 1320 2108 1375 ad

542 1432 704 1503 pedes
738 1429 885 1485 Pattli
925 1437 976 1484 et
1004 1426 1146 1483 Silae.
1180 1423 1285 1479 Sed
1316 1437 1488 1493 neque
1513 1421 1615 1475 hoc
1640 1416 1889 1473 absolute
1910 1412 2109 1468 faciunt

539 1523 775 1587 vincula,
805 1530 862 1575 ut
890 1534 984 1575 eos
1009 1518 1099 1588 qui
1128 1512 1615 1570 vinxeruntducant
1639 1510 1704 1565 ad
1724 1509 1885 1580 pedes
1904 1506 2110 1562 vincto-

542 1633 682 1679 rum,
735 1614 829 1669 sed
873 1622 1056 1667 contra
1102 1610 1201 1665 hos
1236 1608 1343 1662 illis
1378 1605 1603 1661 reddant
1643 1602 1933 1672 subjectos.
1961 1598 2111 1653 Nunc

543 1719 721 1764 autem
754 1706 818 1769 is,
846 1706 936 1776 qui
967 1712 1081 1758 erat
1105 1702 1332 1765 solutus,
1364 1699 1716 1770 procubuerat
1740 1696 1805 1750 ad
1828 1694 1990 1751 vincti
2016 1708 2112 1762 pe-

549 1800 685 1855 des:
732 1798 819 1866 qui
867 1798 1127 1857 vinxerat,
1176 1793 1393 1861 regaliat
1441 1792 1673 1844 vinctum
1716 1796 1773 1841 ut
1815 1786 2113 1840 solveretur

546 1901 713 1946 metu.
744 1888 858 1943 Non
889 1896 940 1941 tu
970 1900 1089 1939 eum
1123 1884 1362 1949 vinxisti,
1389 1883 1473 1937 die
1503 1880 1667 1934 mihi?
1695 1893 1798 1933 non
1829 1887 1881 1931 tu
1908 1891 2028 1931 eum
2061 1876 2112 1929 in

550 1981 859 2039 interiorem
889 1976 1165 2047 conjecisti
1196 1973 1536 2030 custodiam?
1567 1987 1670 2024 non
1701 1980 1753 2023 tu
1771 1967 2115 2038 compedibus

550 2074 605 2128 in
634 2083 746 2127 tuto
777 2070 1047 2126 collocasti
1073 2067 1275 2138 pedes?
1302 2066 1425 2135 quid
1448 2064 1851 2120 contremiscis?
1879 2061 2013 2128 Quid
2043 2070 2116 2114 tu-

556 2164 829 2220 multuaris
852 2164 875 2216 ?
909 2162 1032 2232 quid
1062 2157 1413 2231 lacrymaris?
1441 2156 1566 2228 quid
1593 2155 1850 2209 strinxisti
1892 2154 2116 2208 ensem?

549 2258 691 2314 Nihil
720 2257 847 2319 tale,
872 2255 1061 2324 inquit,
1094 2253 1236 2307 vinxi
1266 2268 1279 2303 :
1308 2249 1607 2305 nesciebam
1642 2256 1838 2301 tantum
1868 2260 1989 2300 esse
2010 2246 2119 2298 vir-

553 2360 718 2406 tutem
752 2349 1047 2402 vinctorum
1069 2344 1286 2399 Christi.
1320 2342 1455 2409 Quid
1476 2339 1652 2395 dicis?
1673 2346 1992 2408 acceperunt
2019 2351 2116 2406 po-

555 2453 798 2500 testatem
845 2440 1004 2495 caelos
1057 2437 1352 2508 aperiendi,
1407 2444 1460 2490 et
1500 2447 1769 2489 carcerem
1825 2447 1931 2487 non
1967 2439 2121 2486 erant

553 2531 811 2603 aperturi?
837 2529 1110 2585 solvebant
1129 2542 1221 2583 eos
1241 2525 1331 2596 qui
1358 2524 1515 2579 vincti
1544 2536 1741 2578 eranta
1768 2520 2118 2584 daemonibus,

554 2636 609 2682 et
665 2625 863 2680 ferrum
907 2638 1001 2678 eos
1035 2628 1151 2676 erat
1177 2616 1586 2689 superaturum?
1618 2614 1733 2669 Non
1774 2615 1910 2668 nosti
1954 2612 2119 2677 viros,

556 2728 611 2775 et
641 2716 760 2771 ideo
789 2714 996 2769 veniam
1028 2728 1084 2766 es
1109 2717 1488 2778 consequutus.
1522 2706 1715 2761 Paulus
1746 2714 1829 2760 est
1872 2703 1960 2757 ille
2001 2703 2122 2756 vin-

557 2819 698 2872 ctus,
727 2820 885 2875 quem
915 2801 1090 2872 angeli
1117 2815 1303 2855 omnes
1348 2808 1471 2853 sunt
1508 2796 1719 2853 reveriti
1750 2813 1762 2848 :
1797 2794 1989 2848 Paulus
2016 2800 2121 2856 est,

561 2897 713 2966 cujus
742 2895 956 2949 sudaria
982 2904 1035 2947 et
1056 2890 1382 2946 setnicinctia
1409 2890 1676 2942 dwmones
1699 2884 2033 2954 expellebant
2071 2892 2126 2938 et

564 2989 782 3044 morbos
822 2985 1091 3054 fugahant.
1141 2981 1298 3048 Atqui
1332 2979 1474 3032 ferro
1500 2986 1583 3032 est
1613 2976 1780 3029 multo
1808 2974 1973 3044 magis
2001 2972 2127 3027 ada-

560 3079 878 3141 mantinum,
907 3086 961 3130 et
981 3074 1121 3145 quod
1144 3072 1311 3142 frangi
1336 3086 1440 3124 non
1465 3077 1660 3138 potest,
1679 3066 1935 3121 daemonis
1954 3065 2138 3119 vincu-

560 3176 670 3230 lum
699 3190 714 3228 :
756 3186 875 3226 nam
905 3170 1004 3223 hoc
1029 3166 1239 3238 quidem
1268 3165 1514 3227 animam,
1548 3160 1675 3215 illttd
1704 3174 1830 3214 vero
1859 3158 1982 3229 ligat
2009 3173 2129 3212 cor-

561 3283 684 3338 pus.
713 3264 813 3331 Qui
838 3263 1043 3317 vinetas
1067 3274 1193 3330 ergo
1207 3258 1364 3313 solvit
1390 3257 1612 3317 animas,
1636 3267 1829 3322 corpus
1848 3266 1999 3306 suum
2022 3266 2127 3305 non

563 3358 733 3429 potuit
758 3353 989 3410 solvere?
1009 3351 1099 3422 qui
1127 3350 1422 3405 daemonum
1447 3344 1725 3417 perfringit
1743 3343 1971 3407 vincula,
2001 3341 2129 3396 ferri

565 3466 672 3506 non
734 3448 952 3504 solverit
990 3443 1254 3515 ligamen?
1314 3440 1403 3510 qui
1460 3454 1553 3508 per
1606 3451 1730 3492 suas
1780 3446 1953 3489 vestes
2012 3434 2130 3489 illos

563 3539 803 3597 solvebat
826 3540 1030 3592 vinctos
1082 3543 1136 3590 et
1176 3533 1433 3588 liberabat
1471 3545 1501 3584 a
1525 3528 1873 3593 dce-monibus,
1901 3527 2013 3595 ipse
2039 3540 2131 3594 per

566 3648 625 3689 se
652 3632 883 3701 seipsum
912 3643 1016 3682 non
1042 3625 1299 3681 solverit?
1319 3624 1611 3692 Propterea
1637 3620 1749 3690 ipse
1778 3619 2004 3689 primum
2037 3617 2132 3671 fuit

563 3729 794 3785 vinetus.
821 3734 874 3779 et
895 3734 1017 3777 tunc
1045 3719 1203 3776 solvit
1231 3719 1459 3780 vinctos,
1487 3724 1543 3769 ut
1568 3714 1741 3769 discas
1766 3711 1906 3783 quod
1935 3710 2130 3766 Christi

564 3818 707 3875 servi
732 3817 891 3872 vincti
925 3817 1079 3883 longe
1100 3813 1351 3880 majorem
1374 3810 1479 3862 vim
1508 3808 1724 3872 habent,
1748 3821 1903 3877 quam
1931 3805 2018 3874 qui
2044 3819 2127 3858 so-

566 3909 659 3963 lttti
705 3915 846 3963 sunt.
892 3904 947 3960 Si
995 3904 1204 3959 solutus
1253 3901 1353 3955 hoc
1387 3899 1619 3962 fecisset,
1663 3912 1767 3951 non
1812 3906 1915 3950 tam
1948 3894 2133 3949 fuisset

566 3999 779 4053 mirum.
806 3996 921 4051 Non
950 4002 1067 4050 erat
1113 3994 1289 4061 itaque
1312 3990 1577 4044 vinculum
1610 3987 2003 4050 imbecillitatis,
2035 3985 2131 4041 sed

569 4088 786 4157 majoris
833 4085 1105 4156 potentiae.
1151 4083 1238 4139 Sic
1261 4084 1402 4138 enim
1431 4081 1601 4134 sancti
1637 4079 1938 4148 praeclarior
1964 4078 2131 4133 virtus

567 4180 887 4245 ostenditur,
912 4178 1125 4248 quando
1148 4178 1307 4233 etiam
1335 4174 1544 4229 vinctus
1568 4173 1895 4227 dominatum
1926 4171 2130 4227 obtinet

566 4275 622 4332 in
649 4274 874 4339 vinctos,
902 4287 1020 4326 cum
1050 4272 1210 4326 etiam
1250 4268 1461 4324 vinctus
1502 4282 1609 4319 non
1654 4264 1826 4318 solum
1873 4263 2125 4332 seipsum,

567 4367 663 4423 sed
689 4366 847 4423 etiam
877 4364 1083 4422 vinctos
1112 4361 1290 4418 solvit.
1333 4359 1468 4427 Quid
1493 4359 1678 4427 juvant
1707 4356 1974 4427 parietes?
2002 4355 2125 4425 quid

568 4460 786 4530 prodest
809 4474 928 4513 eum
955 4457 1005 4510 in
1033 4454 1335 4509 interiorem
1367 4450 1633 4519 conjicere
1664 4448 1975 4511 custodiam,
2007 4462 2126 4500 cum

564 4551 725 4605 etiam
760 4547 1025 4619 aperuerit
1051 4543 1411 4600 exteriorem?
1451 4542 1557 4596 Cur
1587 4540 1637 4593 id
1666 4550 1840 4593 autem
1874 4548 2051 4602 noctu,
2076 4544 2131 4593 et

566 4658 664 4699 cur
685 4657 807 4698 cum
832 4650 988 4695 terrae
1015 4648 1161 4692 motu
1187 4637 1380 4691 factum
1411 4633 1534 4689 est?
1561 4633 1751 4687 Parum
1778 4630 1904 4685 mihi
1933 4645 2126 4685 conce-

566 4734 675 4789 dite
703 4742 757 4788 et
774 4731 1080 4803 permittite,
1113 4737 1169 4782 ut
1191 4728 1318 4781 dum
1355 4741 1382 4778 a
1414 4724 1595 4779 verbis
1619 4722 1967 4777 abscesserim
1999 4736 2127 4789 apov

564 4827 790 4892 stolieis,
811 4826 930 4880 etin
955 4824 1108 4879 factis
1122 4821 1428 4892 apostolicis
1458 4835 1539 4874 me
1565 4818 1884 4887 expleverim
1902 4814 2126 4879 deliciis,

567 4919 621 4973 in
666 4917 813 4972 Pauli
849 4926 1035 4971 catena
1080 4911 1353 4970 convivari
1386 4929 1399 4964 :
1428 4911 1550 4965 date
1589 4909 1713 4963 mihi
1766 4911 1815 4960 in
1865 4922 1925 4961 ea
1973 4905 2128 4974 paulo

563 5009 793 5077 amplius
814 5007 1033 5063 versari.
1067 5005 1406 5077 Apprehendi
1434 5004 1723 5064 vinculum,
1748 5017 1902 5057 nemo
1920 5015 2004 5054 me
2032 4998 2129 5052 ab-

567 5100 746 5156 ducet.
783 5099 972 5155 Tutius
993 5114 1091 5168 ego
1118 5113 1258 5153 nunc
1284 5114 1400 5152 sum
1426 5096 1635 5151 vinctus
1656 5092 1941 5155 desiderio,
1970 5104 2126 5159 quam

564 5194 654 5249 ille
694 5204 817 5247 tunc
846 5192 1007 5261 ligno.
1051 5191 1161 5246 Hoc
1189 5205 1344 5245 nemo
1370 5189 1526 5243 solvit
1552 5187 1853 5247 vinculum;
1884 5191 1964 5237 est
1987 5182 2127 5235 enim

561 5300 593 5338 ει
619 5283 818 5338 Christi
839 5281 1105 5337 desiderio
1144 5299 1157 5334 :
1190 5282 1289 5335 hoc
1306 5296 1479 5349 neque
1497 5277 1692 5348 angeli,
1717 5290 1888 5345 neque
1908 5287 2125 5342 regnum

564 5377 817 5432 caelorum
833 5384 1003 5445 potest
1017 5375 1243 5428 solvere.
1261 5372 1603 5428 Licetaudirc
1619 5370 1789 5438 ipsum
1818 5365 2033 5421 Paulum
2052 5363 2129 5418 di—

559 5478 773 5524 cenlem
791 5483 805 5519 :
830 5465 1006 5537 Neque
1020 5464 1207 5536 angeli,
1222 5481 1376 5532 neque
1392 5463 1720 5530 principatus,
1737 5474 1892 5528 neque
1915 5465 2125 5527 potesta-

559 5568 652 5621 tes.
666 5574 822 5628 neque
834 5557 1072 5610 instantia
1084 5573 1238 5623 neque
1258 5560 1444 5626 futura,
1463 5570 1615 5622 neque
1626 5550 1841 5604 altitudo
1859 5564 2010 5617 neque
2022 5563 2129 5604 nro—

560 5650 774 5719 fundum
788 5659 944 5718 potest
957 5666 1045 5702 nos
1055 5665 1287 5719 separare
1304 5664 1333 5699 a
1345 5646 1549 5699 caritate
1566 5644 1749 5698 Christi
1776 5640 1988 5709 (Ront.8
2000 5639 2128 5710 .59).

631 5737 708 5792 De
732 5740 937 5793 custode
974 5742 1211 5802 carceris,
1257 5741 1306 5791 in
1336 5754 1432 5807 quo
1465 5721 1659 5789 Paulus
1689 5744 1794 5786 erat
1821 5733 2034 5785 vinctus.
2054 5760 2124 5769 —-

560 5832 797 5902 Quanam
822 5846 947 5902 ergo
972 5833 1038 5887 de
1079 5848 1234 5888 causa
1277 5833 1466 5889 factum
1496 5839 1574 5886 est
1601 5828 1701 5883 hoc
1729 5828 1901 5882 media
1933 5827 2129 5881 nocte?

2200 512 2365 564 quare
2390 496 2550 551 etiam
2581 514 2699 551 cum
2732 507 2888 552 terra:
2930 500 3114 552 motu?
3142 499 3334 555 Audite
3362 501 3453 557 Dei
3479 503 3764 574 dispensa-

2203 588 2420 652 tionem,
2452 598 2505 642 et
2532 589 2886 645 adtniramini.
2914 590 3160 645 Omnium
3182 604 3306 646 sunt
3329 595 3500 657 soluta
3530 598 3765 666 vincula,

2201 689 2256 736 et
2284 691 2450 751 porta:
2474 691 2597 736 sunt
2624 692 2839 751 apertae.
2867 682 2972 737 Sed
3004 683 3104 739 hoc
3127 684 3298 738 solum
3323 685 3515 741 factum
3543 699 3624 744 est
3652 705 3770 757 pro.

2202 780 2320 840 pter
2358 770 2631 827 custodem
2670 774 2934 836 carceris;
2968 788 3073 827 non
3103 774 3167 828 ad
3204 778 3634 846 ostentationem,
3663 782 3761 837 sed

2202 862 2268 916 ad
2298 862 2542 917 salutem.
2570 863 2701 918 Nam
2723 865 2863 934 quod
2893 865 3054 921 vineti
3092 868 3359 922 nescirent
3385 885 3444 925 se
3468 885 3587 927 esse
3613 874 3759 929 solu-

2203 961 2304 1017 tos,
2337 963 2420 1007 est
2453 955 2783 1023 perspicuum
2814 972 2876 1010 ex
2903 971 3032 1011 voce
3059 957 3228 1011 Pauli.
3257 959 3394 1024 Quid
3423 962 3564 1016 enim
3594 963 3768 1021 dicit?

2204 1040 2459 1096 Clamavit
2496 1060 2625 1100 voce
2651 1062 2837 1115 magna
2876 1047 3059 1102 dicens
3089 1067 3101 1102 :
3129 1048 3277 1103 Nihil
3305 1052 3393 1105 tibi
3419 1054 3539 1107 mali
3568 1057 3730 1125 facias
3754 1100 3772 1124 ,

2206 1151 2374 1189 omnes
2400 1138 2532 1190 enim
2557 1137 2636 1191 hic
2663 1154 2834 1193 sumus
2863 1141 2998 1209 (Act.
3032 1140 3118 1195 16.
3144 1141 3257 1212 28).
3294 1143 3404 1198 Non
3428 1143 3652 1201 fuissent
3678 1164 3775 1203 au-

2209 1238 2312 1284 tem
2356 1244 2544 1284 omnes
2585 1232 2748 1297 intus,
2780 1233 2821 1286 si
2873 1234 3154 1287 scivissem
3181 1244 3361 1304 portas
3391 1252 3509 1294 esse
3537 1251 3773 1310 apertas,

2207 1333 2260 1377 et
2288 1338 2346 1378 se
2392 1324 2614 1379 Solutos.
2652 1327 2780 1380 Nam
2823 1327 2912 1396 qui
2945 1344 3124 1382 muros
3150 1331 3496 1402 perfringunt,
3533 1345 3779 1408 tectaque

2206 1423 2259 1468 et
2283 1415 2605 1484 suggrundia
2649 1418 2968 1482 transiliunt,
3018 1430 3071 1473 et
3101 1421 3229 1475 nihil
3260 1438 3362 1476 non
3391 1425 3588 1480 audent
3616 1428 3780 1485 etiam

2208 1521 2327 1561 cum
2344 1508 2586 1572 vinculis,
2608 1526 2712 1563 non
2733 1510 3053 1567 tolerassent
3069 1523 3121 1567 et
3141 1513 3362 1570 vinculis
3378 1518 3564 1573 solutis
3585 1528 3636 1574 et
3651 1537 3779 1589 por—

2212 1598 2278 1651 tis
2297 1601 2496 1667 apertis
2522 1602 2662 1655 intus
2701 1617 2938 1666 manere,
2966 1603 3262 1661 dormiente
3286 1608 3399 1677 ipso
3420 1610 3641 1666 custode
3660 1628 3782 1667 car-

2210 1692 2367 1745 ceris.
2387 1691 2490 1746 Sed
2506 1708 2598 1761 pro
2618 1692 2801 1748 ferreis
2821 1694 3047 1750 vinculis
3064 1700 3266 1753 erateis
3286 1702 3459 1757 somni
3484 1704 3777 1761 vinculum.

2211 1780 2326 1846 Quo
2357 1780 2552 1836 factum
2583 1794 2666 1838 est
2695 1796 2751 1839 ut
2781 1794 2833 1839 et
2864 1786 2915 1840 id
2944 1786 3116 1853 fieret,
3154 1804 3251 1844 nec
3295 1807 3359 1846 ex
3387 1794 3645 1849 miraculo
3673 1797 3781 1851 ulla

2215 1888 2349 1925 noxa
2397 1874 2596 1929 rediret
2649 1876 2713 1930 ad
2742 1877 3016 1932 custodem
3048 1881 3297 1946 carceris,
3340 1885 3427 1951 qui
3460 1896 3573 1939 erat
3602 1889 3785 1945 salvus

2214 1963 2438 2019 futurus.
2483 1966 2551 2020 Et
2574 1968 2767 2038 alioqui
2799 1971 2958 2024 etiam
2994 1973 3223 2028 maxime
3249 1986 3407 2041 noctu
3440 1977 3671 2047 ligantur
3693 1984 3785 2048 qui

2219 2065 2341 2109 sunt
2362 2057 2663 2119 vincti.non
2694 2061 2942 2116 interdiu.
2972 2061 3184 2118 Licebat
3206 2081 3333 2136 ergo
3355 2077 3478 2124 tunc
3498 2070 3787 2141 diligenter

2214 2148 2397 2204 videre
2435 2166 2617 2206 rursus
2652 2152 2859 2208 vinctos
2895 2163 2950 2210 et
2988 2156 3337 2213 dormientes.
3371 2159 3427 2215 Si
3468 2162 3580 2216 haec
3606 2176 3786 2220 autem

2216 2240 2443 2297 interdiu
2488 2245 2619 2299 facta
2663 2257 2863 2310 essent,
2908 2264 3128 2319 magnus
3155 2263 3304 2307 ortus
3337 2265 3475 2310 esset
3506 2259 3784 2314 tumultus.

2218 2332 2325 2387 Cur
2350 2349 2477 2403 ergo
2508 2345 2664 2390 terrm.
2694 2346 2840 2391 motu
2870 2354 3160 2395 concussus
3190 2342 3287 2396 fuit
3312 2347 3537 2401 carcer?
3562 2346 3631 2403 Ut
3660 2363 3789 2403 sur-

2217 2435 2367 2491 geret
2396 2436 2573 2481 custos
2597 2430 2830 2484 carceris
2856 2431 2921 2486 ad
2944 2432 3019 2486 rei
3049 2436 3443 2502 spectaculum:
3476 2438 3520 2492 is
3540 2441 3680 2494 enim
3698 2457 3791 2497 so-

2220 2515 2302 2569 lus
2329 2515 2516 2582 dignus
2544 2528 2660 2572 erat
2687 2519 2880 2576 salute.

2292 2608 2343 2660 4.
2375 2607 2452 2661 Tu
2479 2618 2654 2663 autem
2704 2610 2835 2665 mihi
2875 2612 2997 2667 vide
3024 2612 3220 2669 Christi
3248 2629 3507 2672 summam
3536 2621 3786 2690 gratiam.

2221 2695 2351 2751 Nam
2383 2698 2520 2753 inter
2548 2699 2699 2755 Pauli
2744 2702 2974 2769 vincula,
3007 2703 3202 2759 Christi
3231 2723 3441 2777 quoque
3467 2711 3649 2777 gratia:
3672 2729 3793 2767 me-

2224 2791 2442 2846 minisse
2469 2791 2747 2860 pulchrum
2777 2801 2833 2848 et
2857 2782 3134 2850 honestum
3164 2814 3176 2849 :
3206 2799 3314 2853 imo
3338 2815 3465 2854 vero
3486 2817 3548 2856 ea
3576 2818 3792 2874 quoque

2225 2888 2377 2934 erant
2424 2881 2514 2936 Dei
2539 2883 2742 2951 gratiae.
2785 2882 2920 2939 Sunt
2948 2887 3088 2939 enim
3115 2888 3203 2956 qui
3232 2892 3622 2959 reprehendunt
3646 2896 3793 2963 quod

2226 2973 2402 3028 salvus
2431 2973 2589 3028 fuerit
2614 2984 2794 3030 custos
2841 2979 3094 3046 carceris,
3131 2989 3185 3035 et
3213 2996 3307 3050 pro
3327 2984 3515 3053 quibus
3539 2985 3793 3044 admirari

2225 3065 2503 3133 oportebat
2545 3065 2637 3120 Dei
2677 3067 3036 3133 clementiam,
3084 3086 3146 3124 ex
3192 3073 3258 3126 iis
3286 3074 3411 3142 ipsis
3439 3076 3791 3145 vituperant:

2227 3168 2327 3209 nec
2360 3157 2574 3209 mirum.
2608 3155 2860 3212 lmhecilli
2901 3160 3044 3214 enim
3070 3170 3125 3215 et
3153 3166 3335 3232 στενοιὶ
3362 3176 3487 3219 sunt
3515 3166 3793 3236 hujusmo-

2226 3246 2302 3312 di,
2329 3248 2417 3317 qui
2444 3248 2599 3302 etiam
2639 3249 2945 3304 alimentum
2991 3253 3310 3322 vituperant,
3337 3257 3479 3326 quod
3513 3269 3795 3325 oporteret

2228 3337 2499 3405 admirari,
2547 3347 2601 3393 et
2636 3340 2740 3394 mel
2768 3339 2950 3395 dicunt
2977 3356 3096 3398 esse
3124 3358 3382 3399 amarum.
3411 3346 3478 3400 Et
3504 3349 3589 3416 qui
3620 3365 3798 3404 caecu—

2229 3429 2386 3492 tiunt,
2435 3446 2499 3484 ex
2543 3445 2608 3484 eo
2636 3430 3051 3487 obtenebrantur
3076 3449 3138 3488 ex
3177 3451 3283 3505 quo
3310 3436 3567 3492 deberent
3600 3441 3799 3496 illumi-

2229 3522 2366 3587 nari,
2400 3537 2517 3576 cum
2544 3522 2657 3578 haec
2684 3524 2927 3579 accidant
2946 3540 3050 3579 non
3080 3541 3145 3580 ex
3170 3544 3345 3583 rerum
3375 3541 3581 3593 natura,
3605 3532 3699 3588 sed
3726 3550 3799 3591 ex

2230 3612 2591 3669 imbecillitate
2619 3631 2803 3671 eorum
2835 3617 2922 3687 qui
2950 3619 3029 3672 eis
3056 3620 3129 3673 uti
3160 3635 3264 3674 non
3288 3634 3528 3692 possunt.
3560 3634 3800 3695 utopor-

2228 3712 2326 3759 tet.
2350 3705 2485 3771 Quid
2503 3722 2629 3775 ergo
2642 3707 2912 3762 dicebant?
2924 3708 3054 3763 Cum
3081 3720 3353 3779 Oporteret
3376 3713 3623 3768 admirari
3652 3717 3797 3783 quod

2231 3811 2350 3850 eum
2378 3798 2608 3865 cepisset
2627 3800 2715 3868 qui
2742 3799 2808 3853 ad
2835 3809 3128 3855 extremum
3157 3804 3434 3875 prolapsus
3451 3816 3561 3861 erat
3583 3808 3794 3873 vitium,

2230 3897 2284 3941 et
2308 3888 2519 3944 fecisset
2549 3891 2844 3955 meliorem,
2876 3891 3095 3948 dicunt:
3123 3894 3401 3962 Quomodo
3428 3914 3534 3953 non
3563 3899 3797 3953 arbitra-

2231 3986 2315 4032 tus
2337 3988 2418 4033 est
2438 3995 2553 4033 eam
2570 3995 2682 4036 rem
2706 3996 2824 4037 esse
2842 3985 3227 4055 praestigiarum
3244 3996 3301 4042 et
3318 3988 3713 4052 incantationis.
3740 4003 3801 4049 et

2231 4086 2335 4127 non
2365 4087 2458 4126 eos
2498 4075 2664 4143 magis
2702 4076 2920 4129 retinuit
2972 4086 3026 4131 et
3070 4078 3354 4134 clamavit?
3380 4082 3460 4136 Ad
3490 4082 3590 4138 hoc
3613 4085 3799 4139 multis

2231 4177 2356 4216 usus
2383 4173 2464 4217 est
2505 4164 2865 4232 conjecturis:
2896 4167 3121 4236 primum
3154 4170 3389 4239 quidem,
3426 4173 3566 4241 quod
3594 4173 3801 4229 audivit

2230 4268 2324 4307 eos
2353 4253 2515 4308 Deum
2556 4255 2832 4311 laudantes
2858 4266 2909 4311 et
2934 4258 3158 4330 hymnos
3183 4270 3459 4316 cantantes
3488 4280 3502 4315 :
3533 4264 3797 4332 ejusmodi

2229 4354 2405 4401 autem
2431 4348 2654 4420 hymnos
2681 4365 2785 4404 non
2816 4349 3154 4416 cecinissent,
3182 4353 3227 4406 si
3258 4352 3478 4409 fuissent
3508 4356 3794 4425 praesagia.

2231 4448 2406 4495 tores:
2434 4440 2824 4508 Audivitenim,
2849 4443 3036 4513 inquit,
3057 4458 3149 4497 eos
3172 4443 3340 4498 Deum
3364 4445 3637 4501 laudantes
3660 4449 3793 4514 (Act.

2231 4531 2317 4586 16.
2346 4530 2459 4601 25).
2509 4532 2755 4587 Secundo
2780 4545 2978 4599 autem,
3023 4534 3162 4604 quod
3194 4535 3292 4603 ipsi
3324 4553 3426 4591 non
3457 4537 3792 4607 aufugerunt,

2229 4624 2322 4678 sed
2348 4625 2505 4678 eliam
2558 4625 2941 4692 prohibuerunt
2979 4642 3045 4681 ne
3072 4641 3131 4680 se
3158 4627 3477 4683 interficeret
3502 4647 3514 4682 :
3544 4630 3587 4683 si
3616 4640 3793 4683 autem

2231 4725 2445 4785 propter
2480 4730 2539 4769 se
2581 4715 2683 4769 hoc
2721 4715 2988 4781 fecissent,
3023 4732 3128 4771 non
3156 4717 3296 4772 intus
3324 4720 3664 4785 mansissent,
3696 4718 3794 4775 sed

2230 4821 2287 4859 sc
2315 4807 2460 4875 prius
2507 4806 2849 4861 exemissent.
2876 4805 3060 4876 Magna
3100 4818 3274 4862 autem
3306 4817 3388 4861 est
3409 4810 3568 4863 etiam
3610 4826 3795 4865 eorum

2231 4896 2533 4951 humanitas
2558 4915 2570 4950 :
2601 4896 2985 4965 prohibuerunt
3006 4914 3072 4953 ne
3091 4914 3151 4953 se
3179 4900 3523 4965 interficeret,
3542 4900 3630 4969 qui
3652 4901 3798 4968 ipsos
3883 4912 3890 4917 '

2231 4986 2403 5042 valide
2425 5003 2486 5042 ac
2514 4988 2758 5043 similiter
2780 4989 3057 5059 ligaverat.
3086 4992 3165 5044 Ac
3185 4990 3231 5044 si
3258 4991 3515 5045 dixissent
3534 4993 3609 5046 illi
3633 5009 3649 5047 :
3680 4992 3799 5046 Fir-

2232 5081 2387 5135 miter
2406 5089 2459 5134 et
2482 5080 2677 5135 acriter
2702 5096 2799 5135 nos
2826 5082 3061 5148 vinxisti,
3094 5091 3152 5136 ut
3181 5083 3294 5151 ipse
3324 5097 3472 5137 esses
3500 5083 3702 5136 Solutus
3727 5084 3799 5137 ah

2231 5170 2590 5225 acerbissimis
2615 5172 2862 5227 vinculis.
2891 5172 3106 5227 Catenis
3134 5173 3277 5227 enim
3302 5188 3520 5228 suorum
3550 5183 3804 5242 peccato-

2231 5279 2347 5320 rum
2367 5262 2728 5333 unusquisque
2750 5264 3150 5334 constringitur.
3171 5264 3302 5318 Nam
3327 5265 3413 5317 illa
3440 5264 3653 5334 quidem
3670 5278 3806 5321 sunt

2231 5355 2555 5412 exsecranda
2570 5356 2929 5412 vincula.|l:ec
2940 5366 3116 5411 autem
3132 5358 3283 5411 beata
3301 5368 3353 5410 et
3370 5357 3526 5412 valde
3543 5358 3773 5426 optanda
3786 5400 3801 5413 .

2229 5450 2363 5505 Nam
2391 5448 2531 5520 quod
2573 5448 2685 5503 lttec
2706 5448 2797 5503 illa
2822 5449 3099 5516 solverint,
3122 5449 3357 5503 ostendit
3397 5465 3459 5503 ex
3487 5450 3800 5505 sensilibus.

2232 5543 2419 5597 Vidisti
2443 5557 2537 5596 eos
2574 5542 2779 5597 solutos
2806 5542 2894 5613 qui
2924 5543 3064 5596 ferro
3102 5540 3310 5596 fuerant
3340 5540 3545 5596 vincti?
3577 5539 3803 5598 Videbis
3832 5556 3839 5611 ,

2233 5649 2284 5692 te
2308 5654 2518 5707 quoque
2541 5640 2711 5707 ipsum
2729 5636 3022 5690 relaxatum
3042 5651 3107 5691 ex
3135 5636 3250 5690 aliis
3276 5638 3521 5705 gravibus
3551 5635 3802 5689 vinculis.
3829 5618 3837 5625 ’

2233 5729 2357 5783 Πωο
2384 5730 2612 5788 vincula,
2638 5729 2955 5791 vinctorum,
2976 5729 3208 5797 inquam,
3235 5730 3461 5792 vincula,
3490 5747 3591 5781 non
3626 5726 3799 5787 Pauli.
3822 5749 3830 5757 -

2235 5812 2430 5878 faciunt
2480 5823 2566 5876 illa
2612 5821 2817 5876 vincula
2868 5821 3415 5891 peccatorumlirant
3457 5822 3562 5876 duo
3597 5837 3795 5899 genere
