4030 6520
248 423 319 481 59
1082 433 1151 489 IN
1189 436 1403 506 EPIST.
1449 440 1539 493 AI)
1577 441 1798 501 EPHES

1898 447 2011 504 ΑΡ.
2053 450 2140 504 ιν.
2180 451 2410 508 HOMIL.
2448 452 2578 509 VIII.
3393 461 3466 519 σο
3572 461 3586 481 ⁸

243 534 365 628 οὐχί
394 536 515 600 τοὺς
541 538 748 609 τοίχους
786 542 1017 613 ἀνοίγειν
1056 548 1223 620 αὐτῷ.
1268 551 1425 606 Ἀλλὰ
1453 554 1561 608 τῶν
1587 557 1685 628 μὲν
1709 558 1797 611 δε-

242 625 400 694 σμῶν
424 628 608 691 ἁπλῶς
634 630 792 697 φύσις
818 634 917 687 οὑκ
964 636 1109 690 ἔστιν
1148 639 1309 711 αὕτη.
1348 643 1562 711 δεσμῶν
1589 625 1655 699 δὲ
1692 647 1800 702 τῶν

239 712 329 804 διὰ
352 715 585 804 Χριστδν
608 716 767 789 αὕτη.
794 720 1133 791 Προσέπεσεν
1156 728 1185 779 6
1205 728 1638 804 δεσμοφύλαξτῷ
1659 735 1804 788 Παύ-

239 800 317 870 λῳ
343 803 437 855 καὶ
466 803 542 873 τῷ
567 804 715 876 Σίλᾳ.
749 807 887 861 Ἀλλ’
909 810 1027 864 οὐδὲ
1053 811 1209 865 τοῦτο
1234 819 1385 869 ποιεῖ*
1402 817 1581 889 δεσμὰ
1593 800 1799 885 άπλῶς,

238 889 368 955 τοὺς
381 889 647 960 δήσαντας
662 894 742 957 είς
756 896 880 959 τοὺς
894 896 1060 961 πόδας
1077 898 1229 967 ἄγειν
1248 902 1363 955 τῶν
1373 902 1688 975 δεδεμένων,
1712 907 1803 960 ἀλ-

236 974 308 1029 λὰ
352 979 657 1033 τοὺναντίον
701 982 1037 1053 ὑποχειρίους
1076 986 1295 1053 τούτους
1330 974 1559 1056 ἐκείνοις
1606 997 1800 1050 ποιεῖν.

236 1059 354 1115 Νῦν
375 1062 430 1116 δὲ
443 1063 474 1116 6
495 1064 777 1135 λελυμένος
796 1069 899 1121 ὑπὸ
915 1071 1041 1134 τοὺς
1064 1072 1227 1137 πόδας
1237 1070 1305 1144 ἦν
1321 1075 1413 1129 τοῦ
1427 1077 1707 1149 δεδεμένου
1728 1097 1744 1113 ο
1773 1081 1803 1134 6

233 1149 407 1236 δήσας
431 1151 583 1220 ἠξίου
610 1154 701 1207 τὸν
725 1154 945 1210 δεθέντα
974 1157 1199 1229 λυθῆναι
1227 1161 1321 1214 τοῦ
1354 1164 1539 1232 φόϐου.
1571 1167 1707 1236 Οὐχὶ
1734 1168 1800 1220 σὺ

234 1235 455 1306 ἔδησας,
478 1240 599 1293 είπέ
624 1258 710 1312 μοι
729 1258 744 1308 ;
778 1244 896 1314 οὐχὶ
916 1246 997 1308 είς
1015 1245 1112 1317 τὴν
1135 1249 1403 1319 ἐσωτέραν
1430 1250 1616 1317 ἐσαλες
1638 1235 1799 1321 φύλα·

236 1326 343 1395 κήν
368 1343 383 1390 ;
414 1327 534 1399 οὑχ).
553 1330 632 1395 είς
651 1330 711 1384 16
741 1331 893 1396 ξύλον
922 1335 1205 1404 ἠσφαλίσω
1222 1340 1347 1402 τοὺς
1372 1340 1571 1407 πόδας;
1603 1341 1657 1394 τί
1675 1343 1799 1413 τρέ-

238 1429 399 1480 μεις;
446 1415 499 1467 τί
539 1415 767 1488 θορυ6ᾔ;
795 1420 847 1472 τί
877 1420 1160 1491 δακρύεις;
1193 1424 1245 1477 τί
1273 1425 1333 1478 16
1361 1424 1512 1495 ξίφος
1541 1428 1796 1495 ἐσπάσω;

232 1500 406 1587 θύδὲν
431 1502 665 1557 τοιοῦτον
689 1506 871 1576 ἔδησα,
900 1510 1063 1579 φησίν
1085 1527 1101 1541 ο
1128 1511 1227 1564 οὑκ
1255 1512 1423 1583 ᾔδειν,
1454 1515 1537 1567 ὅτι
1565 1515 1797 1587 τοσαύτη

224 1586 347 1640 τῶν
367 1589 460 1643 τοῦ
476 1591 710 1663 Χριστοῦ
730 1594 961 1665 δεσμίων
982 1597 1015 1666 ἡ
1035 1596 1279 1668 δύναμις.
1312 1600 1376 1653 Τί
1400 1601 1575 1669 λέγεις
1596 1619 1611 1668 ;
1636 1586 1800 1673 οὑραὲ

233 1675 363 1740 νοῦς
392 1676 578 1731 ἔλαϐον
606 1679 851 1744 ἐξουσίαν
879 1682 1132 1751 ἀνοίγειν,
1174 1686 1267 1738 καὶ
1308 1686 1672 1760 δεσμωτήριον
1699 1690 1799 1743 οὑκ

235 1762 466 1832 ἔμελλον
484 1764 742 1833 ἁνοίγειν;
776 1769 901 1831 τοὺς
922 1769 1024 1823 ὑπὸ
1045 1771 1311 1842 δαιμόνων
1339 1773 1650 1845 δεδεμένους
1672 1776 1798 1829 ἔλυ-

231 1867 321 1915 ον,
355 1852 711 1923 καὶσιδήριον
734 1855 955 1925 ἔμελλεν
982 1859 1157 1913 αὑτῶν
1188 1862 1568 1930 περιέσεσθαι-;
1601 1865 1702 1918 οὑκ
1727 1860 1800 1918 οἷ-

227 1939 337 2002 δας
359 1941 485 2002 τοὺς
517 1939 713 2011 ἄνδρας
734 1958 749 1972 ·
781 1942 869 1996 διὰ
897 1944 1052 1998 τοῦτο
1093 1947 1187 2000 καὶ
1224 1948 1550 2019 συγγνώμης
1587 1950 1794 2021 ἔτυχες.

232 2024 449 2089 Παῦλος
476 2026 506 2078 6
532 2024 807 2097 δεδεμένος
827 2030 994 2095 ἐστὶν,
1023 2032 1082 2085 ὂν
1104 2033 1323 2102 ἄγγελοι
1350 2037 1545 2099 πάντες
1570 2037 1797 2108 ᾐδέσθη-

231 2128 335 2166 σαν
356 2132 372 2144 υ
405 2113 613 2179 Παῦλός
642 2117 809 2183 ἐστιν,
837 2112 898 2173 ού
936 2122 1028 2173 καὶ¹
1054 2121 1121 2174 τὰ
1151 2123 1401 2195 σουδάρια
1432 2127 1525 2178 καὶ
1552 2128 1617 2180 τά
1637 2143 1798 2196 σημι-

227 2203 413 2258 κίνθια
439 2206 696 2277 δαίμονας
723 2208 939 2278 ἤλαυνε,
978 2212 1071 2264 zeal
1095 2212 1280 2277 νόσους
1322 2216 1639 2284 ἐφυγάδευε,
1674 2219 1796 2271 καί·

228 2308 312 2343 τοι
340 2292 523 2363 πολλῷ
553 2295 769 2365 σιδήρου
800 2295 1175 2367 ἀδαμάντινος,
1215 2301 1308 2355 καὶ
1339 2302 1739 2374 ἀρραγέστερος
1767 2303 1796 2356 ὁ

229 2380 387 2448 παρὰ
428 2379 524 2433 τοῦ
567 2379 819 2451 δαίμονος
851 2384 1077 2454 δεσμός·
1107 2381 1262 2449 οὗτος
1311 2389 1408 2457 μὲν
1452 2390 1560 2460 γάρ
1596 2389 1794 2462 ψυχὴν,

228 2469 439 2532 ἐκεῖνος
473 2469 531 2523 δὲ
557 2470 726 2540 ’σῶμα
767 2470 975 2541 δεσμεῖ.
1018 2473 1077 2527 '0
1090 2474 1269 2544 ψυχὰς
1293 2477 1472 2532 τοίνυν
1510 2478 1796 2548 δεδεμένας

226 2555 397 2617 λύων,
424 2556 483 2609 16
497 2556 667 2627 6139.1:
677 2558 737 2611 16
753 2559 1035 2614 αὑτοῦ-οὑκ
1053 2562 1119 2615 ἂν
1144 2562 1325 2632 ἴσχυσε
1345 2562 1499 2617 λῦσαι
1520 2581 1535 2630 ;
1558 2566 1587 2618 6
1606 2566 1794 2637 δαιμό-

228 2661 339 2695 νων
368 2644 543 2709 δεσμὰ
569 2644 919 2717 διαρῤηγνὺς,
951 2649 1170 2720 σιδήρου
1200 2650 1345 2703 δέσιν
1363 2650 1463 2704 οὑκ
1483 2652 1549 2705 ἂν
1571 2652 1757 2707 ἔλυσεν
1779 2669 1793 2718 ;

227 2734 259 2786 ὁ
284 2732 375 2786 διά
398 2732 761 2803 τῶνθ-ίματίων
793 2736 957 2790 αὑτοῦ
985 2738 1111 2801 τοὺς
1134 2738 1414 2808 δεσμώτας
1442 2742 1681 2806 ἐκείνους
1706 2742 1798 2796 λύ-

226 2836 325 2884 ων,
361 2821 457 2873 zeal
471 2819 594 2888 ,τῶν
615 2821 881 2892 δαιμόνων
908 2822 1281 2887 ἀπαλλάττων,
1315 2824 1476 2888 αὐτὸς
1505 2826 1571 2879 δι’
1600 2825 1795 2880 ἐαυτοῦ

228 2908 426 2962 ἑαυτὸν
447 2908 550 2962 οὐκ
569 2908 635 2963 ἂν
653 2909 807 2964 ἔλυσε
828 2926 844 2974 ;
872 2909 968 2964 Διά
990 2911 1146 2965 τοῦτο
1164 2913 1376 2982 πρῶτον
1400 2914 1576 2985 ἐδέθη,
1597 2916 1692 2969 καὶ¹
1711 2916 1798 2968 τό-

226 3010 289 3047 τε
317 2995 445 3057 τοὺς
460 2994 773 3065 δεδεμένους
804 2994 1009 3063 ἔλυσεν,
1029 2998 1114 3051 ἵνα
1144 2998 1338 3071 μάθῃς,
1356 3000 1438 3053 ὃτι
1467 3002 1514 3053 οἱ
1539 3000 1631 3054 τοῦ
1660 3003 1795 3070 Χρι-

228 3081 358 3135 στοῦ
385 3081 561 3135 δοῦλοι
588 3082 875 3153 δεδεμένοι,
914 3083 1095 3154 πολλῷ
1124 3086 1230 3139 τῶν
1252 3086 1570 3157 ,λελυμένων
1612 3088 1795 3158 μείζο-

226 3169 510 3241 να-ἔχουσι
538 3172 636 3240 τὴν
669 3169 839 3240 ἰσχύν.
885 3172 948 3224 El
973 3171 1261 3243 λελυμένος
1293 3173 1450 3228 τοῦτο
1482 3177 1798 3245 εἰργάσατο,

225 3258 331 3311 οὑκ
348 3254 419 3326 ἦν
442 3257 585 3311 οὕτω
607 3258 915 3328 θαυμαστόν
937 3276 951 3289 ·
978 3258 1116 3314 ὥστε
1136 3261 1235 3314 οὑκ
1251 3261 1533 3326 ἀσθενείας
1554 3264 1585 3316 6
1600 3264 1797 3334 δεσμὸς

224 3340 323 3415 ἦν,
352 3344 491 3399 ἁλλὰ
527 3346 769 3416 μείζονος
798 3346 1095 3418 δυνάμεως.
1127 3347 1281 3401 Ούτω
1313 3350 1420 3418 γὰρ
1447 3349 1798 3420 λαμπροτέρα

224 3440 262 3502 ὴ
295 3434 450 3503 ίσχὺς
474 3432 571 3485 τοῦ
601 3433 754 3501 ἁγίου
781 3433 1071 3498 δείκνυται,
1102 3435 1229 3489 ὅταν
1261 3438 1355 3489 zeal
1382 3436 1657 3506 δεδεμένος
1689 3437 1797 3490 τῶν

226 3521 546 3591 λελυμένων
567 3523 766 3592 κρατῇ,
794 3521 921 3574 ὅταν
943 3523 971 3575 6
998 3522 1274 3593 δεδεμένος
1300 3523 1385 3594 μη
1402 3525 1560 3594 μόνον
1584 3523 1795 3591 ἐαυτὸν,

226 3609 366 3663 ἀλλὰ
388 3612 482 3663 zeal
510 3612 635 3675 τοὺς
656 3610 967 3680 δεδεμένους
992 3611 1112 3682 λύῃ.
1154 3613 1218 3665 Τί
1248 3612 1355 3666 τῶν
1384 3613 1574 3683 τοίχων
1594 3614 1651 3666 τὸ
1673 3614 1799 3682 δφες

225 3699 348 3763 Ioc;
377 3700 431 3752 τί
464 3698 526 3753 16
556 3698 716 3752 πλέον
738 3699 846 3753 άπὸ
873 3699 963 3753 τοῦ
994 3702 1072 3763 είς
1107 3701 1206 3770 τὴν
1253 3702 1524 3773 ἐσωτέραν
1554 3702 1798 3773 φυλακὴν

230 3786 417 3856 βαλεῖν
446 3786 630 3851 αὑτὸν,
652 3787 784 3839 ὅπου
807 3776 986 3855 γεκαὶ
1014 3787 1109 3858 τὴν
1133 3788 1399 3859 ἐξωτέραν
1429 3789 1629 3860 ἀνέῳξε
1649 3788 1795 3861 ;[57]

227 3874 330 3927 Διὰ
345 3875 399 3927 τί
418 3875 474 3927 δέ
503 3876 558 3927 ἐν
584 3874 757 3938 νυκτὶ,
785 3874 877 3927 καὶ
898 3874 1033 3944 μετὰ
1058 3874 1279 3945 σεισμοῦ
1301 3876 1549 3944 γέγονενς
1582 3877 1798 3951 Ἔνδοτέ

232 3980 326 4031 μοι
351 3961 547 4031 μικρὸν
580 3960 675 4014 zeal
688 3962 1141 4030 παραχωρήσατε.
1154 3961 1261 4014 τῶν
1280 3962 1645 4017 ἀποστολικῶν
1659 3965 1800 4018 ἁπο-

232 4048 487 4120 σχομένῳ
513 4047 792 4118 ῥημάτων,
826 4047 921 4100 zeal
948 4049 1341 4120 ἐντρυφήσαντι
1370 4052 1481 4114 τοῖς
1514 4051 1796 4104 61:66:61:-

230 4140 351 4200 κοῖς
375 4136 718 4207 πράγμασιν,
740 4134 1053 4207 ἐστιαθῆναι
1075 4137 1132 4190 ἐν
1153 4140 1218 4207 τῇ
1237 4138 1423 4191 ἁλύσει
1444 4138 1654 4192 Παύλου
1675 4157 1689 4171 ο
1714 4140 1798 4193 δό-

229 4243 293 4278 τε
321 4243 411 4296 μοι
430 4223 688 4278 ἐπιπλέην
703 4223 1054 4293 ἐνδιατρῖψαις
1075 4225 1445 4295 Ἐπελαϐόμην
1465 4227 1557 4279 τοῦ
1577 4227 1795 4298 δεσμοῦ,

230 4312 411 4373 οὐδείς
447 4328 513 4380 με
537 4309 845 4380 ἀφίστησιν.
891 4310 1312 4382 Ἀσφαλέστερον
1338 4311 1448 4380 ἐγὼ
1464 4311 1682 4383 δέδεμαι
1702 4315 1797 4368 νῦν

234 4400 319 4468 τῷ
338 4398 507 4468 πόθῳ.
539 4398 572 4468 ἦ
601 4399 806 4461 ἐκεῖνος
826 4397 945 4451 τότε
972 4397 1049 4467 τῷ
1072 4398 1232 4467 ξύλῳ.
1273 4398 1661 4481 Τοῦτονρὺδεὶς
1680 4400 1796 4455 λύει

237 4486 337 4538 τὸν
357 4484 567 4554 δεσμόν*
587 4487 695 4539 ἀπὸ
716 4484 937 4554 γάρρτοῦ
958 4485 1123 4538 πόθου
1147 4486 1263 4538 ἐστί
1282 4484 1371 4538 τοῦ
1392 4486 1648 4557 Χρεστοῦε
1672 4487 1798 4542 τοῦ·

238 4590 338 4627 τον
361 4573 481 4628 ούδέ
500 4575 547 4627 οί
566 4574 806 4641 ἄγγελοι,
834 4574 952 4627 οὑδέ
976 4573 1219 4644 βασιλεία
1236 4573 1475 4645 οὐρανῶν
1506 4575 1676 4646 ίσχύει
1699 4576 1798 4630 λῦ-

240 4677 370 4715 σαι·
411 4660 571 4714 αὑτοῦ
616 4660 846 4714 Παύλου.
866 4661 1014 4713 ἐστὶν
1042 4658 1270 4713 ἀκοῦσαι
1314 4660 1595 4729 λέγοντος,
1650 4664 1800 4719 Οὔτε

233 4753 499 4820 (in-8.10:,
515 4750 653 4805 οὔτε
664 4747 1014 4818 ἀρχαῂοῦτε
1033 4747 1335 4817 δυνάμεις,
1347 4749 1485 4803 οὔτε
1501 4749 1801 4807 ἐνεστῶτα

229 4840 377 4893 οὔτε
393 4837 714 4906 μέλλοντα,
736 4837 873 4891 οὔτε
889 4836 1105 4904 ὕψωμα
1122 4836 1259 4890 οὔτε
1267 4836 1460 4901 ,ϐάθος
1474 4836 1800 4903 δυνήσεται

231 4922 398 4993 ἡμᾶς
421 4926 669 4992 χωρίσαι
695 4922 812 4977 ἀπὸ
845 4921 955 4991 τῆς
982 4921 1217 4991 ἀγάπης
1248 4922 1359 4977 τοῦ
1379 4923 1657 4990 Χριστοῦ.

306 5087 464 5148 Τίνος
484 5078 577 5139 οῦν
603 5084 955 5155 ἔνεκανμέσον
983 5085 1192 5139 νυκτῶν
1208 5086 1277 5140 .16
1315 5088 1544 5158 πρᾶγμα
1574 5088 1797 5156 γέγονε;

231 5176 379 5237 τίνος
406 5174 593 5226 ἔνεκεν
618 5172 709 5225 καὶ
735 5172 871 5242 μετὰ
895 5171 1116 5242 σεισμοῦ
1137 5189 1151 5237 ;
1188 5172 1477 5227 Ἀκούσατε
1501 5174 1632 5227 Θεοῦ
1655 5176 1802 5230 οἱκο-

232 5260 451 5330 νομίαν,
488 5258 583 5311 καὶ
608 5257 943 5327 θαυμάσατε.
974 5258 1195 5311 Πάντων
1213 5259 1282 5312 τά
1301 5258 1472 5329 δεσμὰ
1494 5260 1676 5331 ἐλύθη,
1708 5263 1801 5316 zeal

231 5351 294 5403 αἱ
321 5348 485 5417 θύραι
512 5344 851 5416 ἁνεῲγησαν.
892 5343 1051 5398 Ἀλλὰ
1082 5345 1240 5399 τοῦτο
1273 5346 1431 5416 μόνον
1450 5346 1549 5400 ηδιὰ
1569 5348 1658 5401 τὸν
1678 5349 1801 5403 636-

235 5435 535 5507 μοφύλακα
578 5431 834 5500 γέγονεν,
884 5432 945 5485 οὑ
987 5432 1123 5502 πρὸς
1171 5432 1447 5500 ἐπίδειξιν,
1484 5435 1619 5490 ἁλλὰ
1667 5437 1805 5508 πρὸς.

233 5522 537 5594 σωτηρίαν.
586 5520 709 5573 Ὅτι
766 5519 874 5590 γάρ
926 5518 1024 5572 οὑκ
1064 5520 1267 5591 ᾔδεσαν.
1296 5522 1349 5574 of.
1394 5521 1666 5591 δεσμῶται
1716 5525 1800 5579 ὅτι

230 5609 523 5680 λελυμένοι
563 5607 720 5672 εἰσὶν,
751 5606 910 5675 δῆλον
940 5606 1046 5659 ἁπὸ
1080 5606 1189 5676 τῆς
1219 5608 1400 5677 φωνῆς
1448 5609 1683 5665 Παύλου.
1735 5612 1799 5665 Τί

231 5701 346 5771 γάρ
371 5713 570 5767 φησιν;
610 5693 884 5765 Ἐφώνησε
900 5694 957 5747 δέ
977 5697 1124 5765 φωνῇ
1146 5695 1545 5765 ,μεγάλῃηλέγων
1562 5714 1577 5729 ’
1599 5698 1801 5767 Μηδὲν

233 5785 473 5853 πράξῃς
491 5781 726 5847 σεαυτῷ
748 5782 956 5845 κακὸν,
992 5781 1209 5848 πάντες
1231 5780 1338 5851 γάρ
1360 5782 1545 5852 ἐσμεν
1568 5784 1795 5842 ἐνθάδε.

235 5875 353 5927 Οὑκ
397 5874 465 5925 ἂν
494 5870 557 5924 δὲ
585 5870 787 5932 πάντες
823 5864 963 5939 ἦσαν
994 5868 1161 5931 ἔνδον,
1223 5870 1273 5922 εί
1317 5865 1457 5923 εῐδον
1498 5870 1598 5933 τὰς
1630 5871 1799 5942 θύρας

238 5957 627 6032 ἀνεῳγμένας,
639 5957 736 6013 καὶ
757 5957 981 6022 ἑαυτοὺς
1001 5955 1339 6027 λελυμένους.
1372 5957 1435 6011 Οί
1463 5957 1568 6029 γάρ
1590 5958 1796 6032 τοίχους

1906 564 2301 635 διατέμνοντες,
2325 568 2417 623 zeal
2433 569 2656 639 ὀρόφους
2672 570 2764 622 καὶ
2785 567 3003 639 θριγκία
3026 571 3459 642 ὑπερϐαίνοντες,

1904 653 1996 705 zeal
2034 654 2209 706 πάντα
2249 655 2551 725 τολμῶντες
2599 656 2739 725 μετὰ
2772 656 3006 727 δεσμῶν,
3053 658 3152 711 οὑκ
3186 658 3255 713 ἃν
3297 662 3462 731 ἐκαρ-

1903 736 2159 810 τέρησαν,
2182 741 2277 794 καὶ
2306 741 2413 794 τῶν
2434 741 2644 813 δεσμῶν
2662 742 2968 813 λελυμένων
3010 744 3104 798 zeal
3130 746 3238 799 τῶν
3285 747 3462 819 θυρῶν

1900 828 2289 899 ἀνεῳγμένων,
2335 829 2481 883 ἔνδον
2516 831 2734 901 μένειν,
2775 832 2870 885 καὶ
2905 832 3002 886 τοῦ
3059 832 3463 904 δεσμοφύλακος

1901 916 2251 982 καθεύδοντος
2295 920 2482 977 αὑτοῦ.
2553 920 2701 974 Ἀλλ’
2726 921 2848 974 ἀντὶ
2892 921 3108 991 δεσμῶν
3139 923 3368 996 σιδηρῶν
3392 920 3460 997 ἦν

1900 1005 2083 1066 αὑτοῖς
2096 1008 2123 1059 6
2143 1006 2336 1077 δεσμὸς
2345 1006 2434 1060 τοῦ
2448 1005 2636 1061 ὕπνου.
2659 1008 2757 1063 Διὰ
2766 1008 2922 1063 τοῦτο
2932 1011 3102 1075 οὑτως
3112 1010 3457 1083 ᾡκονομήθη,

1900 1091 2039 1145 ὥστε
2078 1095 2171 1147 zeal
2188 1095 2249 1146 16
2274 1097 2504 1166 πρᾶγμα
2525 1095 2799 1164 γενέσθαι,
2825 1098 2920 1151 zeal
2946 1098 3215 1169 μηδεμίαν
3233 1099 3340 1153 ἁπὸ
3363 1098 3458 1153 τοῦ

1902 1178 2177 1248 θαύματος
2214 1182 2415 1252 ζημίαν
2458 1183 2730 1253 συμϐῆναι
2770 1183 2849 1255 τῷ
2900 1185 3147 1254 μέλλοντι
3191 1185 3457 1251 σώζεσθαι

1899 1266 2283 1337 δεσμοφύλακι.
2317 1269 2427 1321 Καὶ
2454 1270 2650 1340 ἑτέρως
2672 1271 2741 1323 δὲ·
2759 1271 2993 1341 μάλιστα
3030 1272 3081 1325 οἱ
3104 1272 3373 1329 δεδεμένοι
3399 1276 3458 1326 ἐν

1900 1354 2051 1406 νυκτὶ
2060 1354 2114 1407 δε
2122 1355 2503 1425 σμοῦνται,ούκ
2521 1357 2579 1409 ἐν
2589 1360 2620 1425 ἡ
2630 1358 2792 1429 μέρα.
2808 1358 2960 1413 Μετὰ
2972 1359 3170 1429 πολλῆς
3183 1355 3273 1413 οὖν
3291 1377 3455 1412 σπου-

1898 1438 1995 1510 δῆς
2009 1437 2075 1510 ἦν
2089 1440 2214 1494 ἰδεῖν
2226 1441 2538 1511 δεδεμένους
2551 1443 2733 1508 πάλιν,
2752 1445 2845 1496 zeal
2860 1444 3234 1509 καθεύδοντας.
3254 1447 3316 1498 El
3331 1446 3388 1499 δὲ
3403 1448 3458 1499 ἐν

1898 1526 2080 1598 ἡμέρα
2101 1528 2314 1595 ἐγένετο
2334 1529 2527 1593 ταῦτα,
2551 1530 2713 1593 πολὺς
2740 1530 2807 1584 ἂν
2826 1533 3039 1599 ἐγένετο
3054 1532 3460 1602 θόρυϐοςτίνος

1897 1610 1989 1667 οὖν
2011 1615 2193 1669 ἕνεκεν
2218 1616 2312 1668 zeal
2337 1617 2556 1686 ἐσείσθη
2586 1618 2645 1669 16
2660 1618 2864 1689 οἴκημα
2887 1636 2902 1685 ;
2932 1620 3092 1672 Ὥστε
3116 1620 3459 1693 διαναστῆναι

1896 1701 1988 1754 τὸν
2013 1703 2395 1773 δεσμοφύλακα
2424 1706 2514 1758 ἐπὶ
2545 1706 2642 1777 τὴν
2665 1707 2759 1761 τοῦ
2782 1708 3102 1779 πράγματος
3121 1708 3247 1762 θέαν
3270 1725 3284 1740 ο
3308 1704 3459 1773 οὗτος

1897 1787 2005 1859 γὰρ
2025 1785 2092 1860 ἦν
2114 1792 2260 1857 ἄξιος
2287 1794 2383 1861 τῆς
2415 1795 2685 1864 σωτηρίας
2714 1795 2891 1863 μόνος.

1966 1983 2039 2035 Σὺ
2060 1983 2116 2036 δέ
2147 2000 2236 2053 μοι
2264 1983 2362 2039 θέα
2390 1986 2489 2055 τῆς
2514 1986 2608 2040 τοῦ
2645 1987 2879 2058 Χριστοῦ
2916 1988 3136 2059 χάριτος
3173 1988 3270 2058 τὴν
3294 1990 3461 2061 61:59-

1896 2067 2080 2139 δολήν.
2115 2071 2334 2138 Μεταξὺ
2363 2072 2469 2143 γὰρ
2497 2072 2604 2126 τῶν
2634 2075 2843 2128 Παύλου
2868 2075 3079 2145 δεσμῶν
3107 2078 3201 2129 καὶ
3235 2078 3332 2145 τῆς
3362 2076 3460 2130 τοῦ

1896 2156 2130 2228 Χριστοῦ
2156 2159 2376 2230 χάριτος
2396 2160 2701 2231 μεμνῆσθαι
2723 2163 2904 2227 καλὸν,
2931 2164 3129 2233 μᾶλλον
3149 2163 3205 2216 δὲ
3220 2165 3314 2218 zeal
3334 2164 3462 2217 ταῦ-

1895 2260 1963 2297 τα
1992 2245 2090 2315 τῆς
2109 2247 2201 2299 τοῦ
2229 2246 2364 2300 Θεοῦ
2397 2249 2614 2320 χάριτός
2642 2251 2809 2304 ἐστιν.
2842 2251 2959 2304 Εἰσί
2991 2269 3136 2315 τινες
3170 2251 3462 2320 ἐγκαλοῦν-
3532 2236 3545 2249 ’

1894 2350 1984 2396 τες
2007 2335 2086 2387 ὅτι
2114 2334 2343 2406 διεσώθη
2361 2339 2390 2390 6
2418 2337 2777 2407 δεσμοφύλαξ,
2800 2341 2892 2393 zeal
2911 2340 3047 2412 ὑπὲρ
3067 2334 3142 2393 ὧν
3165 2340 3460 2411 θαυμάζειν

1895 2419 1989 2473 τοῦ
2019 2420 2153 2474 Θεοῦ
2176 2422 2275 2492 τὴν
2304 2423 2705 2496 φιλανθρωπίαν
2748 2426 2937 2495 ἐχρῆν,
2982 2427 3090 2481 άπὸ
3118 2427 3323 2481 τούτων
3359 2428 3459 2497 ψέ-

1896 2524 2082 2576 γοντες
2098 2524 2109 2536 ·
2136 2510 2230 2562 zea‘:
2250 2510 2399 2564 οὐδὲν
2414 2511 2743 2581 θαυμαστόν.
2769 2515 2830 2566 Οί
2850 2515 2957 2582 γὰρ
2973 2514 3214 2578 ἀσθενεῖς
3231 2515 3459 2569 τοιοῦτοί

1897 2598 2052 2659 εἰσιν,
2108 2598 2156 2651 οἳ
2188 2599 2283 2652 καὶ
2312 2600 2410 2668 τὴν
2441 2600 2745 2669 τρέφουσαν
2776 2604 2981 2672 τροφὴν
3015 2602 3356 2668 κακίζουσιν,
3392 2604 3460 2672 ἢν

1897 2683 2193 2755 θαυμάζειν
2216 2686 2402 2755 ἐχρῆν,
2430 2689 2526 2739 καὶ
2553 2687 2614 2739 16
2637 2688 2757 2758 μέλι
2779 2689 2974 2759 πικρὸν
3000 2685 3137 2742 εἷναί
3161 2706 3313 2757 φασι.
3351 2691 3460 2743 Kal

1895 2772 1950 2822 οἱ
1989 2771 2423 2841 τυφλώττοντες,
2454 2773 2547 2842 ἀφ’
2576 2766 2639 2826 οὗ
2679 2774 2905 2843 ὤφειλον
2938 2775 3266 2844 φωτίζεσθαι
3287 2816 3301 2840 ,
3351 2777 3460 2831 ἀπὸ

1894 2856 2082 2911 τούτου
2128 2858 2483 2923 σκοτίζονται,
2543 2861 2602 2914 οὑ
2629 2865 2781 2932 παρά
2827 2864 2927 2934 τὴν
2968 2864 3076 2917 τῶν
3118 2864 3460 2934 πραγμάτων

1896 2944 2057 3014 φύσιν
2084 2946 2289 3000 τούτων
2336 2946 2759 3017 συμϐαινόντων,
2806 2949 2941 3003 ἀλλά
2979 2949 3132 3021 παρὰ
3170 2952 3270 3021 τὴν
3295 2950 3459 3004 ἁσθέ-

1896 3050 2042 3087 νειαν
2069 3033 2176 3086 τῶν
2205 3036 2284 3096 είς
2312 3034 2427 3088 δέον
2450 3035 2633 3099 αὑτοῖς
2672 3038 2968 3108 κεχρῆσθαι
3019 3038 3095 3108 μὴ
3127 3039 3456 3108 δυναμένων.

1898 3120 2013 3194 [58]
2036 3122 2102 3175 Τί
2116 3118 2208 3175 οῦν
2222 3121 2404 3191 ἔλεγον
2421 3139 2435 3189 ;
2454 3123 2582 3177 Δέον
2602 3124 2894 3196 θαυμάσαι,
2918 3126 2999 3179 ὅτι
3014 3127 3095 3189 είς
3118 3127 3352 3197 ἐσχάτην
3367 3145 3459 3179 κα·-

1895 3209 2020 3263 κίαν
2047 3210 2371 3279 ἐμπεσόντα,
2402 3209 2591 3264 τοῦτον
2621 3205 2754 3276 εἷλε,
2802 3212 2898 3265 καὶ
2931 3212 3122 3283 βελτίω
3145 3214 3457 3285 εἰργάσατο.

1896 3297 2111 3365 λέγουσι
2134 3313 2148 3329 ο
2186 3296 2311 3359 Πῶς
2336 3297 2445 3369 γάρ
2474 3299 2575 3352 οὑκ
2602 3299 2819 3369 ἐνόμισε
2848 3300 2910 3353 τὸ
2942 3302 3175 3372 πρᾶγμα
3204 3303 3460 3372 γοητείας

1896 3380 2036 3437 εἶναι
2074 3386 2170 3438 zeal
2205 3385 2560 3454 μαγγανείας,
2601 3388 2695 3439 καὶ
2728 3386 2926 3457 μᾶλλον
2966 3388 3164 3451 αὑτοὺς
3200 3388 3455 3456 κατέσχε.

1896 3472 1991 3526 καὶ
2009 3471 2336 3536 ἁνωλόλυξες
2366 3473 2542 3527 Πολλὰ
2566 3474 2703 3544 πρὸς
2722 3474 2878 3527 τοῦτο
2898 3475 3248 3529 συνεϐάλλετο
3270 3491 3285 3505 ’
3308 3475 3459 3545 πρῶ-

1895 3573 1987 3610 τον
2018 3558 2136 3628 μὲν,
2162 3557 2242 3611 δτι
2268 3559 2496 3629 ἤκουσεν
2538 3560 2848 3627 ὑμνούντων
2872 3562 2963 3614 τὸν
2985 3560 3117 3614 Θεόν
3139 3577 3153 3589 ⁸
3181 3562 3281 3615 ούκ
3305 3561 3371 3614 ἂν
3400 3561 3457 3614 δὲ

1896 3644 2089 3715 γόητες
2103 3645 2371 3709 τοιούτους
2382 3641 2713 3719 ὑμνουςῇδον
2731 3664 2745 3678 ο
2770 3649 3005 3700 Ἤκουσε
3018 3645 3126 3717 γὰρ
3141 3647 3336 3710 αὑτῶν,
3356 3665 3457 3717 φη-

1899 3732 2003 3794 σὶν,
2031 3732 2338 3803 ὑμνούντων
2349 3732 2438 3786 τὸν
2458 3732 2610 3787 Θεόν.
2633 3733 2912 3805 Δεύτερον,
2936 3735 3018 3787 ὅτι
3041 3733 3194 3787 αὐτοὶ
3210 3735 3307 3787 οὑκ
3324 3734 3457 3787 άπε-

1898 3836 2085 3887 φυγον,
2121 3819 2257 3874 ἀλλὰ
2277 3821 2369 3873 zeal
2391 3820 2549 3874 αὑτὸν
2576 3820 2851 3875 ἐκώλυσαν
2884 3822 3085 3890 σφάξαι
3122 3822 3307 3875 ἔαυτόν
3325 3838 3339 3851 ·
3358 3822 3458 3875 οὑκ

1896 3906 1962 3959 ἂν
1986 3906 2063 3970 δὲ,
2099 3908 2146 3959 εἰ
2179 3907 2384 3961 ἐαυτῶν
2417 3908 2600 3961 ἕνεκεν
2627 3908 2862 3972 ἐποίουν,
2912 3908 3057 3963 ἔνδον
3087 3909 3296 3978 ἔμενον,
3322 3908 3456 3961 ἁλλὰ

1898 3996 2194 4066 προτέρους
2218 3997 2284 4050 ἂν
2314 3997 2538 4059 ἑαυτοὺς
2564 3996 2782 4061 ἐξεῖλον.
2816 3997 2988 4068 Πολλὴ
3021 3997 3077 4050 δὲ
3103 3998 3280 4052 αὑτῶν
3300 3999 3391 4051 καὶ
3422 4000 3456 4067 ὴ

1898 4083 2305 4154 φιλανθρωπία·
2348 4082 2625 4137 ἐκώλυσαν
2657 4085 2819 4139 αὑτὸν
2870 4084 3067 4155 σφάξαι
3122 4086 3329 4145 ἐαυτὸν,
3367 4086 3459 4137 τὸν

1897 4169 2129 4240 δήσαντα
2149 4171 2671 4241 αὐτοὺς,.μονονουχὶ
2699 4173 2833 4244 πρὸς
2855 4172 3016 4225 αὑτὸν
3040 4172 3319 4240 λέγοντες·
3343 4173 3456 4226 Με-

1897 4258 1965 4310 τὰ
1997 4258 2193 4328 πολλῆς
2226 4259 2323 4328 τῆς
2347 4258 2641 4327 ἀσφαλείας
2658 4258 2940 4329 ὴσφαλίσω
2968 4261 3046 4319 είς
3063 4260 3161 4330 τὴν
3182 4261 3471 4331 ἐσωτέραν-

1903 4343 2077 4412 βαλὼν
2107 4344 2368 4416 φυλακὴν,
2395 4347 2486 4398 zeal
2513 4345 2724 4417 πικρῶς
2756 4346 2901 4417 ἡμᾶς
2923 4345 3139 4417 ἔδησας,
3174 4346 3260 4400 ἶνα
3294 4347 3460 4418 λυθῇς

1899 4431 2057 4493 αὑτὸς
2084 4431 2191 4483 τῶν
2214 4432 2555 4501 πικροτάτων
2576 4431 2810 4502 δεσμῶν.
2839 4432 3053 4502 Σειραῖς
3070 4434 3176 4502 γάρ
3198 4432 3306 4486 τῶν
3333 4436 3457 4486 ἐαυ-

1900 4516 1992 4568 τοῦ
2026 4516 2304 4587 άμαρτιῶν
2345 4516 2572 4581 ἔκαστος
2618 4516 2922 4587 σφίγγεται.
2970 4520 3183 4573 Ἐκεῖνα
3206 4521 3311 4588 «μὲν
3349 4521 3471 4590 γὰρ.

1899 4603 2156 4673 ἐπάρατα.
2188 4603 2255 4655 τά
2292 4602 2487 4674 δεσμά.
2521 4603 2693 4657 ταῦτα
2724 4605 2778 4658 δὲ
2823 4605 3099 4675 μακάριαε
3121 4608 3214 4659 καὶ
3259 4608 3474 4676 πολλῆς.

1898 4691 2064 4760 εὐχῆς
2087 4690 2227 4753 ἄξια.
2265 4691 2389 4744 Ὅτι
2437 4692 2546 4762 γάρ
2576 4692 2690 4745 λύει
2728 4692 2797 4745 τὰ
2827 4694 3001 4762 δεσμὰ
3033 4695 3235 4747 ἐκεῖνα.
3259 4694 3468 4759 ταῦτα,ι

1899 4777 2095 4842 ἔδειξεν
2115 4778 2221 4830 ἀπὸ
2252 4779 2360 4833 τῶν
2383 4780 2672 4850 αίσθητῶν.
2705 4776 2856 4844 Εἶδες
2892 4782 3018 4844 τοὺς
3036 4782 3113 4851 τῷ
3139 4784 3343 4853 σιδήρῳ
3371 4785 3465 4837 δεε

1897 4865 2151 4934 δεμένους
2190 4866 2476 4935 λυθέντας;
2515 4868 2673 4938 Ὄψει
2702 4870 2794 4922 xal
2828 4870 3024 4923 σαυτὸν
3060 4871 3117 4937 ἐξ
3146 4872 3346 4941 ἐτέρων
3372 4871 3458 4924 δε-

1901 4952 2052 5021 σμῶν
2079 4952 2339 5021 ἀνεθένταΔ
2360 4954 2631 5024 χαλεπῶν.
2668 4954 2860 5013 Ἰῖαῦτα.
2898 4956 2965 5008 τὰ
3010 4956 3217 5026 δεσμά.⁸
3250 4958 3319 5010 τὰ
3344 4958 3459 5010 τῶν

1898 5041 2188 5111 δεσμωτῶν
2230 5042 2393 5110 λέγω,
2448 5044 2527 5097 οὑ,
2565 5043 2630 5097 τά
2665 5044 2900 5107 Παύλου,
2947 5045 3132 5097 ἐκεῖνα
3185 5045 3253 5099 τά
3284 5047 3465 5116 δεσμά

1900 5138 2042 5188 ποιεῖ
2066 5134 2132 5187 τά
2156 5134 2261 5187 τῶν
2286 5135 2587 5206 ἁμαρτιῶν.
2621 5136 2796 5205 Διπλῇ
2822 5131 3257 5205 ἦσανηδεσμῶται
3285 5139 3337 5191 oi
3372 5137 3456 5189 έν-

1899 5227 2006 5291 δον,
2030 5226 2125 5279 καὶ
2155 5226 2317 5289 αὐτὸς
2354 5225 2636 5297 δεσμώτης
2656 5221 2725 5296 ἦν
2756 5227 2787 5279 6
2822 5226 3207 5297 δεσμοφύλαξ..
3232 5229 3457 5280 Ἐκεῖνοι

1903 5317 2002 5386 μὲν
2050 5319 2158 5387 γὰρ
2180 5360 2183 5363 .
2205 5317 2408 5387 σιδήρῳ
2435 5317 2692 5380 ἐδέδεντο,
2745 5317 2840 5371 καὶ
2868 5318 3184 5390 ἁμαρτίαις,
3223 5314 3377 5381 οὗτος
3399 5318 3457 5371 δέ

1898 5408 2199 5476 ἁμαρτίαις
2211 5407 2421 5476 μόναις.
2443 5406 2672 5461 Ἔλυσεν
2692 5408 2936 5473 ἐκείνους
2952 5411 2982 5463 6
2995 5408 3207 5471 Παῦλος
3229 5409 3311 5472 είς
3327 5409 3456 5477 πλη·

1902 5499 2160 5568 ροφορίαν
2185 5498 2410 5553 τούτου·
2443 5499 2537 5553 zeal
2560 5501 2670 5571 γὰρ
2692 5496 2760 5571 ἦν
2798 5502 2970 5572 ὁρατὰ
2991 5502 3061 5555 τὰ
3084 5500 3280 5570 δεσμά.
3299 5499 3456 5554 Οὕτω

1900 5589 1995 5640 καὶ
2009 5591 2037 5642 6
2069 5588 2298 5657 Χριστὸς
2320 5588 2565 5660 ἐποίησε,
2586 5589 2867 5659 μᾶλλονιδέ
2886 5589 3273 5659 ἀντιστρόφως.
3310 5590 3457 5643 Ἐκεῖ

1897 5678 2056 5749 διπλῆ
2102 5679 2402 5749 παράλυσις
2424 5676 2511 5752 ἦν.
2548 5680 2679 5734 Ποία
2713 5679 2771 5732 δὲ
2804 5679 2975 5749 αὖτη;
3025 5680 3090 5733 Ἦ
3127 5679 3235 5733 τῶν
3272 5682 3453 5751 ἁμαρ-

1898 5770 2044 5834 τιῶν,
2072 5771 2323 5841 καὶὴτοῦ
2352 5771 2620 5842 σώματος.
2644 5771 2710 5825 Τί
2726 5767 2818 5825 οῦν
2834 5772 3005 5835 ποιεῖ;
3034 5770 3266 5839 Θάρσει,
3294 5774 3449 5842 φησὶ,

1897 5862 2130 5927 τέκνον,
2163 5863 2455 5932 ἀφέωνταί
2484 5881 2607 5918 σου
2626 5866 2689 5917 αι
2720 5864 3019 5934 ἁμαρτίαι.
3049 5864 3323 5937 Προτέραν
3350 5866 3449 5937 τὴν

1903 5956 2068 6020 ὄντως
2104 5955 2404 6029 παράλυσιν
2442 5955 2647 6024 ἔλυσεν,
2680 5952 2797 6013 εἶτα
2844 5958 2937 6013 ἐπὶ
2977 5958 3181 6031 ταύτην
3207 5957 3475 6031 ἔρχεται..
