4030 6502
232 407 294 461 οι
1038 403 1106 459 IN
1143 401 1355 460 EPIST.
1396 401 1488 457 AD
1524 401 1765 459 EPHES.
1805 402 1954 461 CAP.
1996 403 2083 461 IV.
2123 405 2348 471 HOHIL.
2393 408 2524 468 Vill.
3392 413 3474 475 ’69

229 535 417 576 eorum
431 516 521 589 qui
538 525 690 572 erant
708 515 850 571 intus
865 513 1046 569 vincti:
1066 514 1179 584 ipse
1194 529 1408 585 quoque
1422 523 1604 571 custos
1622 528 1798 570 carce-

230 611 308 665 ris
325 618 444 665 erat
458 609 687 663 vinctus.
699 606 830 662 Nam
850 605 926 660 illi
946 605 1159 675 quidem
1177 605 1321 661 ferro
1336 606 1498 661 vincti
1525 605 1734 661 fuerant
1748 616 1803 662 et

230 701 490 771 peccatis,
524 698 613 755 hic
636 707 812 754 autem
834 695 966 752 solis
986 697 1239 766 peccatis.
1269 696 1392 752 Illos
1413 697 1569 753 solvit
1585 697 1797 763 Paulus,

228 797 289 843 ut
318 788 390 844 de
412 787 517 843 hoc
544 785 796 842 redderet
817 785 1076 840 certiores
1101 800 1115 849 ;
1148 795 1302 839 erant
1329 785 1472 839 enim
1501 784 1799 854 aspectabi-

224 882 300 937 lia
329 881 566 936 vincula.
594 879 671 934 lta
695 879 855 934 etiam
876 876 1004 933 fecit
1027 875 1288 942 Christus,
1308 877 1414 931 imo
1440 892 1569 932 vero
1592 885 1798 932 contra.

224 977 341 1032 Illic
369 974 561 1047 duplex
589 972 993 1043 eratparalysis.
1014 973 1267 1040 Quaenam
1284 980 1459 1026 autem
1477 971 1574 1025 ea?
1607 970 1802 1025 Pecca-

223 1081 403 1125 torum
428 1078 483 1124 et
510 1067 773 1136 corporis.
803 1066 940 1134 Quid
968 1080 1096 1136 ergo
1136 1064 1306 1120 facit?
1347 1064 1575 1133 Conﬁde,
1609 1064 1797 1133 inquit,

218 1163 323 1228 ﬁli,
343 1162 665 1215 remittuntur
688 1157 776 1211 tibi
801 1166 1004 1226 peccata
1032 1155 1246 1228 (Matth.
1277 1155 1331 1212 9.
1355 1156 1436 1227 2).
1468 1156 1617 1211 Prius
1643 1157 1802 1211 solvit

220 1270 343 1309 eam
375 1269 494 1323 qua:
519 1266 644 1307 vere
665 1258 779 1305 erat
803 1250 1080 1321 paralysis,
1104 1248 1298 1303 deinde
1317 1249 1382 1302 ad
1414 1249 1549 1303 hanc
1572 1247 1796 1303 accedit.

218 1347 450 1416 Quando
470 1346 610 1402 enim
645 1343 862 1411 Quidam
889 1359 952 1397 ea:
974 1343 1151 1395 scribis
1180 1341 1413 1394 dicebant
1432 1340 1570 1408 apud
1592 1355 1665 1404 se,
1696 1338 1800 1393 Iste

214 1439 562 1508 blasphemat,
608 1436 770 1490 sciens
820 1433 972 1488 Jesus
1016 1449 1187 1487 eorum
1238 1432 1581 1502 cogitationes,
1629 1431 1798 1483 dixit:

223 1530 365 1597 Quid
393 1529 622 1599 cogitatis
646 1524 786 1580 mala
828 1527 880 1580 in
912 1526 1145 1581 cordibus
1171 1526 1387 1580 vestris?
1409 1524 1545 1589 Quid
1564 1534 1635 1578 est
1665 1523 1796 1595 faci-

218 1622 323 1675 lius
361 1621 546 1684 dicere,
588 1617 930 1671 Remittuntur
954 1627 1039 1669 tua
1066 1624 1290 1684 peccata,
1314 1632 1381 1668 an
1418 1615 1604 1681 dicere,
1633 1614 1798 1684 Surge

216 1721 272 1764 et
300 1709 545 1764 ambula?
573 1707 640 1762 Ut
667 1718 833 1761 autem
860 1708 1031 1760 sciatis
1054 1705 1190 1777 quod
1218 1714 1510 1775 potestatem
1528 1703 1674 1757 habet
1698 1702 1796 1756 Fi-

220 1803 329 1876 lius
347 1799 559 1855 hominis
576 1796 859 1852 remittendi
872 1806 1082 1866 peccata
1105 1796 1156 1850 in
1179 1806 1331 1862 terra,
1354 1795 1474 1847 dicit
1490 1794 1792 1864 paralytico,

219 1894 413 1964 Surge,
459 1901 503 1946 et
535 1891 657 1945 tolle
691 1892 871 1944 lectum
901 1899 1063 1953 tuum,
1106 1898 1153 1942 et
1181 1888 1307 1941 uade
1336 1887 1391 1941 in
1417 1887 1622 1940 domum
1655 1896 1796 1939 tuam

216 1984 348 2056 (Id.
374 2001 420 2039 υ.
447 1983 546 2039 5-6
572 1982 613 2053 ).
642 1982 721 2037 Ex
750 1981 849 2036 hoc
874 1979 1014 2050 quod
1044 1989 1126 2034 est
1153 1979 1366 2041 sensile,
1393 1977 1724 2033 continuavit
1741 1976 1795 2031 id

214 2078 365 2148 quod
412 2076 551 2131 cadit
589 2075 690 2130 sub
729 2073 1151 2143 intelligentiam,
1195 2080 1253 2127 ut
1291 2071 1382 2142 qui
1423 2086 1490 2125 ex
1529 2069 1794 2140 corporali

215 2168 414 2224 fecerit
454 2167 505 2222 id
530 2165 669 2236 quod
717 2175 801 2221 est
846 2165 900 2219 in
924 2166 1121 2219 anima.
1163 2164 1268 2219 Cur
1294 2171 1472 2218 autem
1501 2162 1603 2217 hoc
1630 2161 1794 2217 fecit?

217 2259 287 2316 Ut
316 2259 631 2329 impleretur
651 2256 791 2326 quod
813 2255 1013 2310 dictum
1040 2264 1149 2321 est,
1179 2254 1333 2309 Serve
1360 2271 1590 2324 nequam,
1618 2270 1680 2307 ea:
1707 2268 1795 2306 ore

216 2364 304 2409 tuo
328 2363 380 2407 te
400 2352 583 2423 judico
612 2349 763 2419 (Luc.
793 2349 882 2404 19.
910 2348 1026 2417 22).
1050 2346 1183 2414 Quid
1213 2346 1286 2403 illi
1318 2346 1561 2401 dixerunt
1584 2346 1607 2398 ?
1629 2345 1794 2400 Nemo

218 2452 401 2514 potest
443 2442 719 2497 remittere
759 2449 977 2509 peccata
1005 2438 1104 2492 nisi
1132 2437 1280 2493 solus
1308 2438 1465 2501 Deus,
1497 2450 1668 2506 neque
1693 2450 1794 2488 an-

216 2535 394 2604 gelus,
422 2548 597 2602 neque
619 2530 987 2601 archangelus,
1018 2545 1190 2598 neque
1214 2528 1316 2581 alia
1341 2536 1573 2597 potestas
1593 2537 1790 2581 creata.

217 2625 327 2679 Vos
372 2624 475 2679 hoc
501 2622 732 2678 confessi
775 2622 931 2676 estis.
959 2620 1096 2688 Quid
1125 2635 1252 2690 ergo
1277 2627 1546 2687 oporteret
1570 2617 1792 2672 dicere?

213 2716 273 2771 Si
293 2724 569 2769 ostensum
599 2713 758 2768 fuerit
783 2712 924 2783 quod
949 2711 1100 2766 solvo
1127 2720 1364 2780 peccata,
1394 2708 1566 2779 palam
1597 2720 1679 2763 est
1706 2723 1795 2764 me

212 2823 339 2864 esse
386 2809 573 2863 Deum.
616 2808 686 2861 At
725 2822 831 2859 non
878 2805 956 2860 sic
995 2804 1163 2870 dixit;
1186 2802 1284 2859 sed
1329 2802 1494 2872 quid?
1525 2801 1593 2857 Ut
1622 2803 1795 2857 sciatis

210 2900 353 2971 quod
380 2897 549 2952 Filius
576 2897 792 2951 hominis
819 2896 966 2950 habet
988 2905 1285 2966 potestatem
1323 2911 1474 2965 super
1500 2903 1684 2950 terram
1706 2911 1793 2949 re-

212 2991 449 3045 mittendi
493 2998 717 3061 peccata,
768 2998 887 3041 tunc
914 2988 1034 3041 dicit
1062 2987 1361 3057 paralytico,
1392 2986 1575 3056 Surge,
1601 2997 1648 3039 et
1672 2987 1789 3041 tolle

212 3086 403 3140 lectum
449 3093 612 3146 tuum,
653 3091 698 3135 et
728 3081 851 3135 uade
884 3081 937 3134 in
967 3081 1169 3133 domum
1204 3089 1364 3132 tuam.
1392 3077 1615 3146 Quando
1641 3093 1787 3147 ergo,

214 3176 413 3245 inquit.
436 3172 580 3244 quod
598 3172 957 3227 estdifficiltus
974 3172 1167 3233 fecero,
1192 3170 1363 3239 palam
1382 3179 1463 3224 est
1481 3169 1549 3223 de
1571 3183 1637 3223 eo
1653 3168 1792 3238 quod

214 3276 305 3322 est
322 3265 481 3319 facile
505 3263 705 3319 nullam
727 3262 958 3332 relinqui
985 3261 1479 3316 contradictionem.
1504 3261 1791 3331 Propterea

214 3362 315 3417 ille
345 3360 494 3431 prius
521 3357 649 3414 fecit
673 3358 723 3412 id
747 3358 887 3428 quod
915 3358 1054 3412 cadit
1080 3358 1181 3411 sub
1208 3357 1629 3428 intelligentiam,
1655 3373 1792 3428 quo-

214 3454 363 3509 niam
394 3451 548 3506 multi
576 3460 730 3505 erant
765 3451 852 3520 qui
880 3448 1352 3504 contradicebant:
1394 3450 1481 3503 hic
1514 3460 1690 3503 autem
1723 3448 1792 3503 ab

211 3562 284 3601 eo
332 3544 479 3614 quod
520 3543 662 3598 cadit
705 3542 804 3597 sub
844 3540 1269 3611 intelligentiam,
1297 3538 1500 3609 redegit
1527 3540 1697 3610 ipsum
1724 3538 1789 3594 ad

210 3639 441 3696 sepsile.
474 3635 730 3691 Levitatis
759 3648 887 3705 ergo
934 3648 1040 3687 non
1068 3643 1182 3687 erat
1207 3632 1358 3687 fides.
1390 3631 1531 3686 Vidit
1563 3632 1788 3698 vinctos,

210 3741 271 3785 et
313 3728 447 3784 nihil
495 3728 621 3781 mali
664 3726 797 3780 vidit
835 3740 935 3780 nec
975 3723 1143 3779 audiit
1189 3740 1203 3776 :
1252 3724 1385 3779 vidit
1413 3724 1466 3780 id
1497 3740 1600 3779 non
1628 3724 1793 3780 fuisse

214 3823 421 3878 factum
461 3817 747 3892 praestigiis
782 3825 842 3872 et
887 3816 1285 3881 incantatione;
1315 3817 1480 3871 Deum
1508 3817 1649 3873 enim
1678 3817 1793 3871 lauo

212 3913 418 3968 dabant
448 3928 463 3965 :
506 3909 638 3983 vidit
660 3909 837 3963 omnia
880 3907 1149 3963 factaesse
1169 3923 1232 3964 ex
1256 3909 1417 3964 multa
1442 3908 1800 3977 humanitate;

212 4019 325 4059 non
346 4002 495 4058 enim
522 4001 618 4057 ulti
644 4009 790 4063 sunt,
820 4000 922 4055 etsi
944 4008 1207 4070 poterant.
1232 3998 1486 4055 Poterant
1508 4000 1651 4055 enim
1681 4003 1795 4055 vin-

212 4096 323 4153 ctis
344 4094 540 4151 solutis
564 4093 751 4159 abire;
780 4092 824 4147 si
851 4107 956 4146 non
986 4093 1198 4158 vinctis,
1222 4092 1413 4149 saltem
1439 4093 1668 4164 seipsis;
1697 4095 1791 4150 sed

214 4204 329 4245 non
358 4186 624 4242 fecerunt.
651 4182 1010 4252 Quamobrem
1038 4198 1157 4238 eum
1184 4192 1306 4237 sunt
1327 4183 1560 4250 reveriti,
1580 4200 1685 4240 non
1707 4200 1795 4241 so-

218 4279 333 4335 lum
354 4276 426 4331 ob
450 4272 784 4338 miraculum,
798 4273 891 4328 sed
914 4273 1073 4328 etiam
1093 4274 1162 4328 ob
1182 4289 1377 4330 mores.
1398 4274 1674 4342 Quomodo
1694 4292 1793 4333 ex-

218 4367 506 4425 clamavit?
534 4365 676 4421 Voce
703 4379 891 4435 magna
917 4363 1122 4431 dicens,
1151 4363 1300 4420 Nihil
1328 4366 1417 4420 tibi
1445 4368 1567 4420 ntali
1594 4368 1792 4438 feceris;

222 4477 403 4516 omnes
431 4460 557 4512 enim
581 4458 663 4511 hic
690 4473 882 4512 sumus.
918 4456 1079 4513 Vides
1108 4457 1247 4511 inani
1272 4459 1437 4528 gloria
1465 4470 1519 4514 et
1539 4460 1673 4516 fastu
1703 4477 1794 4516 va-

224 4568 412 4615 cuum,
436 4566 614 4606 amore
632 4548 949 4606 ferventem.
980 4548 1095 4603 Non
1123 4548 1273 4614 dixit,
1306 4550 1530 4617 Propter
1556 4566 1652 4606 uos
1681 4552 1795 4609 haec

218 4646 361 4702 facta
383 4655 523 4707 sunt,
548 4643 643 4699 sed
675 4652 921 4712 tauquam
948 4656 1086 4696 unus
1111 4656 1181 4696 ex
1208 4642 1396 4697 vinctis
1416 4642 1578 4698 dicit:
1611 4646 1795 4702 Omnes

214 4739 355 4795 enim
401 4738 482 4791 Iu'c
508 4752 700 4792 sumus.
741 4734 902 4803 Atqui
935 4734 1143 4788 etiamsi
1171 4748 1274 4789 nOn
1301 4735 1470 4805 prius,
1498 4751 1671 4807 neque
1700 4753 1794 4808 per

210 4831 540 4889 miraculum
584 4843 644 4883 se
685 4828 985 4890 solvissent,
1025 4836 1080 4881 at
1117 4828 1195 4882 eis
1236 4827 1475 4885 licuisset
1514 4828 1707 4897 facere,
1739 4841 1795 4888 et

211 4937 412 4979 omnes
455 4922 616 4977 etiam
655 4919 861 4975 vinctos
892 4918 1118 4975 solvere.
1156 4918 1211 4975 Si
1238 4920 1380 4974 enim
1411 4920 1705 4989 siluisseut,
1736 4933 1793 4980 et

209 5033 324 5073 non
369 5033 471 5087 per
512 5033 758 5088 magnam
811 5032 996 5073 vocem
1034 5018 1149 5086 ejus
1193 5034 1378 5073 manus
1405 5019 1787 5088 cohibuissem,

208 5125 312 5180 per
332 5118 522 5179 guttur
537 5124 719 5164 ensem
745 5108 1172 5179 transndegisset.
1200 5108 1483 5179 Propterea
1505 5112 1663 5167 etiam
1686 5113 1793 5167 cla-

204 5201 402 5267 mavit,
436 5201 686 5269 quoniam
714 5201 768 5261 in
809 5200 1115 5255 interiorem
1165 5215 1434 5255 carcerem
1463 5210 1578 5255 erat
1606 5201 1790 5270 conje-

201 5300 370 5346 ctus:
394 5289 596 5345 Contra
625 5299 698 5355 te,
726 5290 915 5359 inquit,
940 5290 1041 5344 hoc
1071 5288 1267 5356 fecisti,
1297 5289 1516 5344 interius
1537 5290 1790 5360 conjectis

199 5381 274 5437 iis
316 5380 412 5450 qui
457 5391 510 5436 te
539 5388 691 5436 erant
735 5379 1004 5435 liberaturi
1044 5395 1075 5435 a
1106 5381 1363 5451 periculo.
1394 5380 1499 5436 Sed
1530 5397 1636 5436 non
1666 5393 1790 5437 sunt

199 5473 407 5531 imitati
436 5488 560 5543 quae
587 5473 655 5528 ab
692 5472 784 5528 illo
811 5471 951 5529 facta
976 5472 1209 5528 fuerant.
1243 5472 1339 5528 Illo
1366 5483 1543 5530 autem
1577 5485 1787 5530 mortuo

198 5580 403 5622 omnes
433 5564 771 5635 effugissent.

272 5656 331 5711 5.
363 5654 562 5711 Vidisti
580 5654 724 5726 quod
751 5654 1039 5711 maluerint
1066 5669 1186 5711 esse
1210 5656 1375 5712 vincti
1393 5698 1410 5724 ,
1453 5672 1611 5729 quam
1638 5659 1785 5717 illum

200 5761 530 5823 pereuntem
558 5749 856 5822 despicere.
897 5750 1048 5821 Apud
1073 5766 1132 5808 se
1162 5751 1281 5808 ideo
1305 5753 1590 5825 cogitavit:
1617 5754 1671 5810 Si
1700 5772 1787 5811 es-

198 5853 329 5901 sent
368 5843 792 5917 paestigiatores
810 5883 829 5915 ,
852 5852 998 5901 certe
1029 5853 1085 5900 et
1110 5844 1231 5902 illos
1271 5845 1575 5916 solvissent,
1607 5858 1661 5904 ct
1689 5864 1778 5905 se-

1907 516 2052 586 ipsos
2076 516 2389 577 liberassent
2412 538 2441 578 a
2462 525 2683 583 vinculis
2710 548 2713 549 '
2750 540 2835 587 est
2853 535 2994 592 enim
3026 541 3312 604 verisimile
3338 556 3477 609 ntul-

1909 617 1988 663 tos
2014 625 2225 681 quoque
2242 613 2380 708 tales
2400 615 2563 674 fuisse
2582 620 2823 690 injectus.
2849 627 3093 700 Alioquin
3124 647 3299 708 autem
3320 683 3333 707 ,
3353 659 3475 702 cum

1904 712 2048 769 saepe
2077 704 2368 773 accepisset
2401 710 2847 782 przestigiatores,
2893 729 2948 775 et
2976 723 3105 779 nihil
3145 728 3251 785 tale
3276 704 3475 793 iactum

1904 805 2024 847 esse
2052 793 2292 860 videret,
2324 798 2541 855 miratus
2569 812 2671 858 est.
2707 805 3066 883 Praestigiator
3104 833 3209 874 non
3249 836 3476 884 cuneus-

1904 884 2066 940 sisset
2091 884 2434 946 fundamenta
2466 897 2737 964 carceris,
2775 910 2835 955 ut
2866 903 2983 972 ejus
3010 911 3286 968 custodem
3330 921 3477 973 exci-

1904 985 2062 1068 taret,
2101 990 2155 1035 et
2178 981 2418 1040 efficeret
2458 996 2517 1041 ut
2561 989 2663 1044 sibi
2707 991 2827 1063 fuga
2870 1007 3013 1052 esset
3051 998 3337 1065 difﬁcilior.
3369 1012 3475 1068 Sed

1899 1067 2310 1170 iant-videamus
2334 1074 2491 1131 ﬁdem
2519 1081 2757 1136 custodis
2786 1088 3039 1143 careeris.
3071 1089 3259 1161 Petito,
3286 1098 3474 1170 inquit,

1900 1159 2094 1216 lumine
2116 1163 2451 1235 introgressus
2480 1180 2554 1225 est
2577 1214 2590 1237 ,
2620 1184 2667 1226 et
2691 1182 3010 1248 tremefactus
3048 1159 3262 1253 procidit
3307 1159 3478 1251 Paulo

1891 1263 1949 1307 et
1976 1254 2107 1353 Silis
2126 1257 2195 1309 ad
2214 1259 2395 1326 pedes;
2419 1269 2465 1314 et
2494 1265 2773 1330 producens
2798 1286 2883 1323 ens
2910 1272 3046 1340 {oras
3071 1277 3219 1345 dixit,
3249 1279 3475 1353 Domini,

1894 1344 2024 1448 guid
2040 1362 2116 1399 me
2143 1359 2335 1448 oportet
2356 1354 2552 1448 facere,
2564 1364 2622 1448 ut
2646 1358 2813 1413 salvus
2829 1360 3102 1434 ﬁam(Act.
3129 1344 3324 1427 16.29.
3356 1344 3477 1448 δογὲ

1896 1435 2079 1506 Ignem
2114 1441 2329 1496 tenebat
2350 1452 2409 1496 et
2435 1445 2701 1513 gladium,
2734 1458 2788 1503 et
2813 1451 2959 1519 dicit,
2993 1454 3216 1524 Domini,
3248 1463 3370 1530 quid
3398 1435 3477 1522 ηἰε

1858 1544 1861 1547 ·
1896 1536 2095 1595 Oportet
2121 1532 2321 1599 facere,
2356 1542 2411 1586 ut
2435 1535 2603 1590 salvus
2632 1539 2752 1606 [iam
2770 1541 2796 1593 1’
2824 1542 2986 1598 Atilii
3008 1547 3242 1604 dixerunt
3274 1553 3475 1612 :Crede

1900 1618 1954 1670 in
1999 1617 2273 1673 Dominum
2299 1622 2473 1678 Iesum
2495 1663 2514 1691 ,
2552 1638 2601 1681 et
2642 1632 2815 1686 salvus
2860 1636 2958 1689 eris
2987 1648 3060 1702 tu,
3092 1651 3139 1694 et
3164 1641 3344 1701 domus
3386 1644 3474 1703 tua

1895 1706 2009 1801 (ib.
2042 1726 2090 1763 ii.
2118 1712 2232 1782 51).
2266 1712 2376 1769 Hoc
2405 1730 2511 1772 non
2536 1728 2637 1786 est,
2670 1721 2857 1792 inquit,
2885 1730 3347 1801 prmstigiatorum,
3367 1741 3473 1796 tale

1894 1799 2173 1857 decretum
2202 1807 2416 1863 tradere
2445 1828 2459 1863 :
2504 1824 2760 1882 nusquam
2790 1816 2879 1872 hic
2908 1799 3160 1877 memoria
3189 1799 3467 1887 damonis.

1900 1892 2061 1949 Vides
2089 1909 2247 1966 quam
2287 1900 2358 1954 sit
2382 1901 2471 1956 ille
2497 1901 2687 1974 dignus
2714 1905 2803 1977 qui
2828 1909 2922 1963 ﬁat
2949 1914 3163 1970 salvus?
3189 1915 3321 1974 Nam
3346 1937 3468 1978 cum

1897 1985 2118 2077 vidisset
2142 1990 2480 2061 miraculum,
2507 2005 2562 2049 et
2593 2008 2734 2052 metu
2762 2011 2904 2057 esset
2935 2003 3187 2063 liberatus
3207 2051 3222 2077 ,
3255 2026 3359 2068 nou
3388 2004 3474 2071 est

1896 2076 2095 2175 oblitus
2119 2095 2307 2137 eorum
2340 2099 2461 2154 qua:
2488 2097 2645 2142 erant
2680 2092 3052 2162 conducibilia,
3081 2100 3175 2154 sed
3212 2101 3263 2155 in
3289 2118 3356 2159 eo
3378 2122 3470 2175 pe-

1897 2168 2066 2224 ricqu
2108 2186 2291 2227 curam
2336 2178 2594 2245 gerebant
2628 2183 2813 2237 salutis
2850 2186 3061 2253 animae,
3086 2201 3140 2246 et
3160 2168 3391 2251 accessit
3403 2199 3470 2254 ad

1897 2258 2146 2317 doctores
2174 2264 2241 2317 ita
2264 2274 2323 2320 ut
2346 2272 2586 2337 oportuit
2609 2274 2901 2341 accedere;
2937 2289 2993 2333 et
3018 2283 3249 2350 procidit
3277 2289 3342 2341 ad
3371 2304 3437 2345 eo
3454 2323 3469 2333 -

1896 2364 2012 2407 rum
2042 2354 2224 2447 pedes.
2256 2356 2326 2410 Et
2351 2359 2542 2429 laqueti
2564 2374 2701 2430 sunt,
2726 2366 2918 2435 inquit,
2941 2372 2987 2423 ei
3014 2374 3213 2428 verbum
3242 2374 3463 2447 Domini,

1895 2451 1944 2497 et
1969 2444 2197 2500 omnibus
2223 2447 2311 2517 qui
2324 2460 2473 2503 erant
2496 2453 2548 2505 in
2576 2454 2724 2509 domo
2749 2459 2884 2526 ejus.
2914 2459 2981 2513 Et
2998 2464 3177 2519 tollens
3194 2483 3278 2521 eos
3296 2469 3349 2523 in
3377 2444 3469 2526 illa

1897 2545 2059 2598 nocte,
2089 2538 2207 2591 lavit
2233 2540 2411 2611 plagas
2436 2560 2627 2610 eorum,
2657 2557 2703 2600 et
2727 2548 3011 2618 baptizatus
3024 2567 3092 2609 est
3109 2558 3217 2624 ipse
3239 2571 3286 2613 et
3305 2566 3468 2619 omnis

1896 2630 2007 2697 ejus
2035 2629 2213 2684 domus
2240 2636 2475 2688 continuo
2502 2636 2660 2707 (Ibid.
2709 2657 2755 2695 υ.
2785 2643 2871 2697 52.
2901 2646 3010 2717 33).
3047 2647 3206 2706 Vides
3230 2654 3327 2708 viri
3358 2656 3467 2711 ler-

1896 2724 2117 2817 vorem?
2144 2723 2255 2778 Non
2284 2727 2507 2793 distulit,
2535 2746 2645 2785 non
2673 2732 2826 2801 dixit,
2855 2736 2971 2793 Fiat
2998 2740 3135 2810 dies,
3168 2744 3464 2817 videamus,

1896 2815 2327 2883 consideremus;
2360 2820 2455 2875 sed
2501 2838 2694 2893 magno
2742 2828 2949 2885 fervore
2997 2842 3051 2886 et
3096 2835 3210 2904 ipse
3256 2847 3312 2893 et
3358 2815 3466 2900 tota

1895 2905 2013 2999 eius
2038 2907 2228 2964 domus
2264 2908 2364 2965 fuit
2397 2913 2659 2982 baptizata
2690 2933 2704 2970 :
2736 2932 2839 2972 nou
2885 2932 3063 2977 autem
3093 2934 3153 2979 ut
3177 2943 3319 2985 nunc
3349 2931 3469 2999 plu-

1897 2997 2014 3052 rimi
2044 2999 2413 3069 despiciuntet
2438 3019 2625 3061 servos
2647 3018 2917 3065 et‘uxores
2943 3028 3006 3067 ac
3037 3015 3234 3072 liberos
3268 2997 3468 3093 myste-

1894 3088 1988 3144 riis
2021 3104 2127 3143 uou
2172 3091 2427 3148 initiatos.
2463 3095 2590 3150 Sitis
2613 3137 2627 3161 ,
2660 3114 2791 3169 rogo
2814 3141 2829 3165 ,
2874 3113 2935 3156 ut
2961 3115 3142 3161 custos
3188 3088 3461 3170 carceris:

1896 3195 1999 3234 non
2021 3184 2334 3240 auctoritate
2355 3186 2498 3254 dico,
2518 3189 2614 3244 sed
2630 3190 2892 3249 institutio.
2920 3195 3056 3263 Quid
3083 3200 3223 3255 enim
3250 3205 3468 3273 prodest

1895 3276 2202 3343 auctoritas,
2234 3278 2279 3331 si
2307 3280 2552 3335 voluntas
2593 3292 2647 3336 et
2674 3284 2969 3341 institutum
3003 3290 3073 3344 sit
3103 3292 3467 3353 imbecillum?

1894 3364 2081 3436 Papae!
2134 3368 2222 3437 qui
2252 3378 2369 3423 erat
2403 3372 2636 3428 crudelis
2661 3416 2677 3440 ,
2700 3377 2792 3445 qui
2838 3377 3055 3435 immitis
3075 3423 3090 3447 ,
3119 3384 3209 3453 qui
3253 3386 3468 3445 vivebat

1894 3472 2013 3513 cum
2039 3459 2191 3513 malis
2214 3460 2519 3518 hominibus
2546 3464 3042 3535 innumerabilibus,
3067 3475 3157 3543 qui
3188 3476 3290 3532 hoc
3318 3494 3466 3536 sem-

1896 3564 1991 3618 per
2020 3550 2393 3620 meditabatur,
2425 3554 2559 3610 adeo
2602 3556 2884 3627 humanus,
2925 3562 3060 3618 adeo
3090 3567 3346 3624 sollicitus
3372 3588 3463 3628 re-

1896 3652 2055 3709 pente
2080 3644 2277 3697 evasit!
2310 3644 2478 3712 Lavit,
2509 3647 2708 3717 inquit,
2749 3651 2925 3722 plagas
2952 3670 3144 3711 eorum.
3172 3658 3465 3720 Considera

1895 3748 2079 3789 rursus
2102 3736 2264 3790 etiam
2295 3738 2441 3793 Pauli
2483 3741 2745 3797 fervorem
2776 3759 2790 3797 :
2817 3745 3045 3810 vinctus,
3071 3748 3366 3821 flagellatus
3392 3757 3465 3811 ita

1895 3828 2307 3898 evangelizabat.
2352 3829 2398 3885 Ο
2442 3831 2651 3887 beatam
2694 3838 2971 3891 catenam!
3013 3841 3185 3909 qualis
3232 3843 3331 3898 fuit
3376 3846 3467 3903 illa

1896 3927 2053 3973 nocte
2082 3919 2198 3989 ejus
2238 3922 2551 3990 parttiritio?
2595 3925 2780 3993 quales
2817 3929 3023 3997 peperit
3070 3929 3243 3987 ﬁlios?
3281 3934 3357 3992 De
3399 3939 3466 3994 iis

1894 4010 1998 4067 dici
2030 4022 2206 4082 potest
2235 4032 2248 4069 :
2276 4016 2421 4081 Quos
2446 4017 2602 4087 genii
2634 4018 2684 4073 in
2713 4021 2847 4074 meis
2872 4022 3114 4078 viticulis.
3144 4024 3304 4084 Vides
3329 4044 3461 4099 quo-

1896 4105 2055 4161 modo
2081 4109 2330 4173 exsultet,
2357 4116 2412 4163 et
2439 4108 2554 4163 vult
2590 4108 2732 4165 ﬁlios
2754 4151 2772 4177 ,
2799 4112 2888 4181 qui
2917 4114 3027 4167 nati
3066 4124 3192 4171 sunt
3227 4132 3294 4172 ex
3337 4119 3461 4187 hoc,

1894 4211 2015 4254 esse
2038 4197 2465 4266 splendidiores?
2493 4199 2643 4255 vides
2669 4201 2997 4257 vinculorum
3021 4215 3216 4274 quanta
3253 4208 3324 4263 sit
3364 4226 3465 4281 po-

1897 4289 2082 4353 tentia,
2102 4304 2225 4343 cum
2252 4303 2359 4344 non
2387 4289 2563 4345 solum
2586 4306 2710 4346 euut
2728 4293 2819 4362 qui
2842 4302 2926 4348 est
2952 4294 3057 4349 illis
3084 4297 3462 4367 circumdatus,

1898 4380 1991 4435 sed
2012 4381 2171 4436 etiam
2198 4396 2293 4436 eos
2335 4394 2469 4451 quos
2508 4382 2601 4438 ille
2638 4397 2705 4437 eo
2730 4393 2969 4454 tempore
3008 4390 3247 4457 peperit,
3278 4392 3467 4448 reddat

1897 4470 2323 4540 splendidiores?
2348 4471 2555 4526 Habent
2580 4472 2779 4543 aliquid
2806 4475 3032 4543 amplius
3052 4514 3067 4541 ,
3091 4479 3182 4548 qui
3210 4478 3317 4535 uati
3338 4493 3467 4539 sunt

1897 4561 1952 4616 in
1973 4562 2197 4617 vinculis
2213 4561 2360 4616 Pauli
2395 4578 2411 4617 :
2436 4577 2541 4616 non
2562 4562 2683 4618 dico
2709 4563 2760 4617 in
2776 4566 2981 4635 gratia;
3004 4576 3088 4621 est
3111 4569 3254 4624 enim
3276 4572 3466 4630 eadem

1895 4654 2091 4724 gratia;
2125 4667 2222 4708 nec
2249 4653 2301 4708 in
2328 4652 2678 4718 remissione;
2720 4666 2803 4710 est
2830 4657 2972 4710 enim
2998 4658 3185 4714 eadem
3224 4664 3463 4721 omnium

1896 4745 2141 4800 remissio
2169 4760 2183 4797 :
2210 4743 2305 4801 sed
2326 4744 2467 4814 quod
2482 4760 2509 4799 a
2530 4746 2803 4815 pnuemils
2823 4747 3083 4803 docentur
3107 4750 3175 4805 de
3201 4752 3463 4822 ejusmodi

1897 4835 2058 4890 rebus
2084 4835 2253 4891 laetari
2282 4846 2337 4890 et
2361 4836 2649 4893 exsultare.
2682 4834 2751 4891 Et
2794 4837 3007 4905 tollens,
3048 4842 3219 4906 inquit
3243 4882 3259 4909 ,
3289 4860 3372 4899 eos
3409 4848 3465 4902 in

1896 4928 1988 4982 illa
2012 4928 2138 4981 hora
2157 4929 2317 4982 noctis
2339 4968 2355 4993 ,
2404 4928 2522 4983 lavit
2552 4928 2728 5000 plagas
2755 4946 2948 4995 eorum,
2980 4942 3026 4985 et
3055 4933 3338 5003 baptism
3363 4949 3461 4994 est.

1898 5022 1974 5078 De
1998 5032 2194 5077 etetero
2222 5032 2399 5077 autem
2444 5021 2563 5076 vide
2604 5022 2833 5077 fructum
2868 5042 2881 5078 :
2911 5040 3006 5094 pro
3032 5026 3101 5081 iis
3128 5029 3308 5083 statim
3337 5033 3462 5085 red-

1895 5112 2031 5169 didit
2055 5113 2307 5169 carnalia.
2330 5114 2553 5185 Cumque
2574 5115 2928 5184 perduxisset,
2961 5117 3152 5188 inquit,
3181 5137 3265 5177 eos
3289 5125 3340 5178 in
3370 5128 3462 5175 do-

1894 5221 2033 5257 mum
2060 5221 2223 5268 suam,
2254 5205 2425 5259 statim
2438 5207 2677 5275 apposuit
2706 5208 2777 5262 eis
2802 5224 3022 5263 mensam
3044 5252 3062 5275 ,
3092 5222 3139 5265 et
3165 5214 3364 5267 [tutatus
3389 5228 3457 5271 est

1894 5314 2009 5351 cum
2041 5305 2147 5350 tota
2185 5296 2330 5351 domo
2359 5298 2493 5368 quod
2520 5298 2810 5352 credidisset
2840 5299 2967 5353 Deo.
3004 5301 3139 5367 Quid
3165 5303 3309 5358 enim
3353 5321 3462 5361 non
3492 5348 3503 5362 .

1893 5396 2006 5442 erat
2033 5388 2266 5442 facturus
2284 5426 2300 5452 ,
2328 5389 2460 5442 caelo
2499 5389 2550 5443 ei
2579 5398 2765 5458 aperto
2793 5404 2887 5459 per
2915 5392 3245 5459 apertionem
3266 5394 3465 5462 ianua-

1892 5493 2013 5533 rum
2040 5478 2310 5533 carceris?
2340 5478 2490 5534 Lavit
2515 5478 2810 5546 doctorem,
2839 5496 3077 5535 mensam
3105 5486 3372 5553 apposuit,
3402 5498 3458 5543 et

1892 5572 2195 5627 exsultavit.
2226 5571 2464 5643 lngressa
2491 5582 2575 5629 est
2599 5574 2651 5627 in
2675 5588 2943 5629 carcerem
2973 5582 3161 5645 catena
3189 5576 3337 5633 Pauli
3361 5620 3377 5643 ,
3405 5593 3459 5638 et

1891 5678 2238 5735 quaecumque
2261 5664 2373 5720 illic
2390 5674 2542 5721 erant
2561 5663 2687 5719 fecit
2711 5664 3009 5731 ecclesiam,
3040 5675 3095 5721 et
3118 5667 3314 5725 Christi
3335 5686 3458 5727 cor.

1891 5772 1988 5827 pus
2016 5771 2202 5812 omnes
2231 5755 2374 5822 fecit,
2401 5766 2456 5812 et
2482 5770 2719 5811 mensam
2742 5756 2990 5825 apposuit
3013 5759 3339 5829 spiritualem
3357 5805 3372 5830 ,
3404 5778 3456 5823 et

1894 5864 1989 5906 eos
2012 5852 2166 5906 {auus
2191 5860 2273 5907 est
2297 5851 2481 5906 enixus
2507 5849 2699 5919 quibus
2725 5850 2952 5921 gaudent
2978 5856 3174 5928 angeli.
3209 5857 3344 5914 Num
3373 5868 3452 5916 tc-
