4002 6514
520 418 594 481 es
1262 410 1322 465 s.
1350 405 1626 464 JO.\NNIS
1660 397 2129 459 cuavsusrou-t
2156 396 2467 453 AltClllEP.
2507 397 3033 458 CONSTANTI‘NOP.
3697 414 3770 472 (ιι

529 545 678 587 mere
716 529 957 584 dicebam
995 540 1263 582 carcerem
1304 538 1424 579 esse
1462 521 1594 577 caelo
1639 513 2091 590 splendidiorem?

528 623 659 691 Ejus
703 622 844 676 enim
884 635 1001 689 qua:
1046 617 1153 671 illic
1198 625 1283 670 est
1320 615 1516 669 iustitia:
1566 613 1653 667 hic
1690 610 1789 665 fuit
1832 623 2011 663 causa.
2038 607 2094 661 Si

523 714 669 768 enim
703 720 915 780 propter
950 724 1110 763 unum
1160 718 1493 777 peccatorem
1534 701 1897 773 paenitentiam
1931 714 2095 769 agen-

526 814 632 860 tem
674 801 921 873 gaudium
952 807 1035 855 est
1076 799 1125 851 in
1158 798 1304 853 czelis
1335 796 1488 868 (Luc.
1518 795 1604 849 15.
1635 794 1691 863 7)
1722 811 1735 848 :
1762 792 1809 847 si
1852 789 1944 845 ubi
1988 789 2096 844 duo

524 903 649 965 sunt
673 893 973 963 congregati
1004 890 1056 945 in
1087 889 1303 945 nomine
1330 887 1479 957 ejus,
1508 886 1613 940 illic
1649 894 1730 939 est
1756 882 2001 939 Christus
2041 880 2094 935 in

523 984 702 1041 medio
728 998 912 1039 eorum
940 982 1153 1053 (Matth.
1178 981 1267 1035 18.
1294 977 1389 1050 20)
1419 994 1433 1031 :
1459 977 1548 1031 ubi
1569 982 1655 1031 est
1670 974 1809 1031 Silas
1828 981 1883 1029 et
1900 972 2096 1027 Paulus

521 1087 576 1132 et
603 1087 783 1131 custos
809 1074 1041 1129 carceris
1064 1084 1118 1129 et
1144 1080 1255 1127 tota
1282 1071 1399 1139 ejus
1424 1069 1615 1124 domus
1656 1076 1719 1121 et-
1749 1074 1895 1121 tanta
1942 1064 2093 1129 ﬁdes,

521 1166 690 1221 multo
717 1165 907 1235 magis.
939 1164 1071 1220 Vide
1100 1162 1487 1219 vehementiam
1507 1160 1650 1215 ﬁdei.
1676 1158 1782 1214 Sed
1805 1158 1891 1212 hic
1913 1172 2097 1212 carcer

520 1260 650 1314 mihi
681 1258 954 1313 revocavit
982 1259 1034 1312 in
1060 1258 1371 1311 memoriam
1401 1255 1561 1308 alium
1583 1267 1872 1308 carcerem.
1900 1251 2097 1319 Quemo

520 1365 643 1404 nam
674 1351 889 1404 autem?
920 1347 1018 1405 Ubi
1049 1356 1167 1403 erat
1191 1348 1401 1403 Petrus.
1433 1348 1503 1400 At
1530 1345 1635 1401 illic
1663 1345 1791 1399 nihil
1822 1344 1920 1398 fuit
1947 1345 2094 1413 ejus-

523 1440 667 1494 modi
691 1457 706 1507 ;
735 1439 831 1495 sed
858 1439 1080 1494 traditus
1110 1436 1282 1493 fuerat
1309 1435 1692 1493 custodiendus
1710 1444 1936 1505 quatuor
1963 1449 2096 1505 qua—

520 1531 854 1587 ternionibus
905 1530 1137 1585 militum
1180 1528 1314 1601 (Act.
1343 1528 1430 1585 12.
1481 1529 1574 1599 4);
1614 1536 1669 1583 et
1714 1528 1944 1599 hymnos
1986 1541 2142 1583 non.

518 1625 767 1689 canebat,
787 1639 886 1680 nec
913 1622 1183 1693 vigilabat.
1210 1621 1305 1678 sed
1326 1620 1655 1685 dormiebat;
1702 1630 1755 1675 et
1780 1635 1951 1689 neque
1976 1618 2094 1675 fue-

522 1726 604 1773 rat
632 1718 809 1789 ﬁagris
835 1730 1027 1783 caesus,
1050 1714 1147 1771 sed
1174 1713 1347 1784 majus
1374 1722 1491 1769 erat
1518 1712 1831 1783 periculum.
1853 1711 1985 1766 Nam
2009 1711 2095 1766 hic

522 1812 737 1882 quidem
763 1822 927 1866 totum
952 1810 1063 1880 jam
1090 1818 1208 1865 erat
1235 1808 1567 1873 conlectum,
1606 1815 1662 1861 et
1706 1820 1893 1876 plenas
1932 1804 2095 1860 dede-

524 1915 646 1963 rant
675 1924 689 1960 :
719 1906 826 1961 illic
848 1914 1029 1959 autem
1058 1902 1317 1959 nondum.
1348 1901 1525 1969 Quare
1552 1900 1652 1955 etsi
1679 1898 1913 1953 nondum
1941 1906 2095 1954 erant

524 2000 693 2069 plaga:
722 1997 955 2061 inﬂictae,
979 2003 1035 2050 at
1064 1994 1226 2049 futuri
1252 1992 1579 2063 exspectatio
1608 2005 1703 2046 eos
1721 1988 2094 2045 contnrbabat.

524 2090 657 2146 Vide
677 2089 836 2145 etiam
874 2089 979 2143 illic
1007 2086 1345 2142 miraculum.
1374 2083 1507 2139 Ecce
1529 2084 1737 2155 angelus
1768 2072 1971 2135 Domini
1997 2083 2095 2135 ad—

521 2182 667 2246 stitit,
702 2190 748 2235 et
785 2181 954 2234 lumen
982 2178 1184 2248 refulsit
1209 2180 1262 2231 in
1288 2176 1573 2230 habitacula
1602 2191 1622 2229 :
1654 2190 1986 2244 percussaque
2014 2173 2096 2227 la-

524 2283 626 2328 tere
653 2271 798 2326 Petri
820 2313 835 2337 ,
878 2272 1109 2325 excitavit
1148 2286 1262 2323 eum
1286 2270 1457 2323 dicens
1486 2285 1505 2321 .'
1532 2269 1700 2337 Surge
1740 2267 1992 2322 velociter.
2027 2266 2097 2320 Et

522 2364 691 2419 statim
716 2363 1000 2418 ceciderunt
1041 2372 1232 2416 catena
1255 2362 1320 2416 de
1360 2361 1592 2415 manibus
1630 2362 1740 2431 ejus
1782 2359 1891 2429 (Ib.
1923 2375 1973 2413 υ.
2013 2360 2094 2430 7).

531 2456 609 2512 Ne
630 2456 959 2513 existimaret
984 2470 1097 2510 rem
1128 2469 1250 2511 esse
1277 2455 1453 2510 solum
1484 2454 1637 2520 lucis,
1661 2463 1715 2508 et
1744 2452 1960 2508 Petrum
1993 2468 2095 2522 pu-

526 2548 688 2619 pugit.
717 2546 883 2601 Nemo
911 2556 1090 2601 autem
1125 2545 1338 2601 videbat
1365 2546 1536 2601 lucem
1566 2546 1666 2600 nisi
1697 2547 1819 2615 ipse
1836 2547 1982 2601 solus
2001 2588 2014 2610 .
2043 2554 2098 2601 et

524 2638 861 2696 existimabat
886 2652 1007 2693 esse
1033 2638 1202 2693 visum
1236 2658 1249 2694 :
1277 2639 1354 2692 sic
1391 2641 1482 2709 qui
1518 2637 1790 2693 dormiunt
1832 2652 1943 2691 non
1976 2652 2101 2693 sen-

528 2732 663 2786 tiunt
691 2732 781 2785 Dei
824 2730 1102 2785 beneﬁcia.
1132 2728 1500 2795 Dixitautem,
1533 2729 1737 2800 inquit,
1772 2730 1819 2782 ei
1851 2731 2098 2799 angelus:

526 2823 847 2892 Prascingere
866 2862 880 2887 ,
912 2832 957 2876 et
981 2823 1149 2875 calcea
1188 2831 1234 2875 te
1258 2821 1493 2875 sandalio
1521 2831 1629 2874 tua.
1669 2820 1737 2875 Et
1773 2822 1889 2891 fecit
1914 2822 2005 2876 sic.
2030 2820 2101 2877 Et

526 2918 649 2970 dicit
687 2918 731 2970 ei
758 2932 776 2969 :
809 2914 1082 2970 Circuntda
1118 2915 1205 2968 tibi
1248 2916 1594 2970 vestimentum
1638 2923 1799 2979 tuum,
1826 2924 1876 2968 et
1897 2931 2102 2985 sequere

528 3024 627 3062 me.
658 3004 727 3060 Et
772 3021 1002 3077 egressus
1027 3016 1267 3075 sequutus
1296 3015 1369 3059 est
1397 3021 1509 3059 eum
1537 3020 1557 3058 :
1592 3014 1639 3058 et
1678 3005 1923 3058 nesciebat
1966 3006 2101 3076 quod

528 3115 698 3155 verum
722 3108 847 3153 esset
873 3098 1007 3168 quod
1031 3098 1179 3166 ﬁebat
1222 3114 1313 3167 per
1356 3099 1590 3169 angelum
1619 3115 1639 3152 :
1666 3100 1979 3153 existimabat
2008 3118 2103 3153 au-

530 3204 631 3248 tem
655 3209 709 3247 se
736 3193 898 3247 visum
923 3192 1110 3245 videre.
1143 3190 1480 3246 Transeuntes
1504 3201 1668 3245 autem
1691 3208 1779 3263 per
1808 3193 2026 3262 primam
2054 3204 2101 3247 et

530 3284 803 3339 secundam
825 3284 1130 3348 custodiam,
1160 3292 1397 3337 venerunt
1422 3283 1491 3336 ad
1515 3292 1709 3353 portam
1733 3288 1967 3355 ferream,
1991 3300 2105 3355 qua:

528 3378 667 3431 ducit
686 3377 754 3432 ad
778 3377 1048 3439 civitatem,
1077 3392 1189 3445 quis
1212 3377 1346 3430 ultro
1369 3388 1544 3446 aperta
1568 3384 1641 3430 est
1666 3376 1753 3430 eis.
1784 3375 2103 3432 [Et-exeuntes

530 3477 877 3538 processerunt
896 3468 1058 3521 uicum
1080 3483 1236 3521 unum
1264 3481 1283 3521 :
1308 3476 1354 3520 et
1374 3467 1611 3521 continuo
1631 3466 1856 3521 discessit
1893 3470 2105 3539 angelus

530 3561 592 3615 ab
621 3578 678 3615 eo
704 3560 807 3630 (Ib.
834 3577 882 3614 υ.
912 3560 1097 3631 8-10).
2002 3616 2005 3617 ,

602 3652 656 3709 6.
684 3653 786 3707 Cur
809 3652 945 3706 Deus
971 3651 1248 3722 permiserit
1272 3659 1331 3704 ut
1350 3692 1366 3717 ,
1392 3652 1478 3720 qui
1524 3649 1732 3706 Petrum
1761 3652 2108 3706 custodiebant

531 3745 585 3798 in
605 3760 824 3809 carcere,
849 3743 999 3797 occisi
1020 3743 1226 3812 fuerint.
1252 3772 1323 3783 —
1350 3742 1458 3796 Cur
1483 3741 1569 3797 hic
1596 3758 1700 3797 non
1731 3742 1923 3799 factum
1948 3753 2032 3799 est
2051 3742 2104 3799 id

531 3834 671 3904 quod
698 3836 751 3888 in
781 3834 945 3889 Paulo
990 3843 1043 3888 et
1082 3834 1229 3889 Sila?
1258 3833 1408 3899 Quod
1437 3834 1545 3888 illic
1570 3834 1781 3904 quidem
1820 3849 1915 3890 eos
1952 3846 2106 3891 erant

531 3925 858 3991 absoluturi;
887 3933 1170 3996 propterea
1209 3925 1382 3980 noluit
1417 3940 1511 3981 eos
1540 3926 1619 3981 sic
1659 3926 1793 3981 solvi
1823 3944 1837 3980 :
1870 3928 1923 3981 in
1951 3927 2107 3984 beato

532 4027 709 4073 autem
738 4016 916 4081 Petro,
946 4016 1013 4071 ad
1050 4024 1277 4072 mortem
1321 4031 1445 4072 eum
1483 4025 1638 4072 erant
1680 4017 1942 4073 educturi.
1970 4020 2106 4088 Quid

535 4126 662 4168 vero
686 4152 701 4177 ,
736 4110 928 4181 inquit,
955 4126 1132 4166 annon
1158 4110 1346 4167 luisset
1383 4110 1698 4175 mirabilius,
1729 4111 1774 4166 si
1802 4111 2025 4167 eductus
2054 4122 2108 4168 et

535 4206 759 4262 traditus
786 4206 841 4260 in
875 4218 1064 4261 manus
1092 4205 1270 4276 regis,
1302 4215 1429 4259 tunc
1454 4213 1671 4276 ereptus
1716 4215 1860 4261 esset
1885 4223 1949 4261 ex
1977 4206 2107 4277 ipsis

535 4297 724 4353 mediis
752 4296 1002 4367 periculis
1024 4336 1041 4363 ,
1068 4305 1123 4351 et
1151 4294 1284 4349 nihil
1303 4304 1448 4351 esset
1474 4297 1799 4366 perpessus?
1845 4296 1924 4352 sic
1962 4297 2105 4351 enim

537 4406 707 4462 neque
750 4391 1036 4460 periissent
1069 4389 1286 4444 milites.
1327 4388 1512 4459 Magna
1542 4388 1627 4443 hic
1656 4396 1797 4443 mota
1850 4396 1933 4444 est
1964 4404 2108 4460 quae-

535 4483 659 4537 stio.
689 4482 829 4537 Deus
853 4496 1008 4537 suum
1027 4520 1044 4545 ,
1074 4479 1283 4551 inquit,
1309 4493 1522 4536 servum
1561 4480 1793 4536 servavit
1821 4494 1941 4535 cum
1970 4481 2109 4536 alio-

536 4589 653 4629 rum
680 4573 918 4628 cruciatu
940 4613 956 4639 ,
982 4587 1103 4628 cum
1129 4572 1352 4628 aliorum
1378 4572 1613 4627 interitu.
1643 4571 1780 4639 Quid
1808 4586 1935 4642 ergo
1955 4571 2109 4627 dice-

537 4664 689 4719 mus?
719 4662 899 4718 Primo
936 4662 1149 4733 quidem
1190 4677 1300 4719 non
1329 4678 1451 4718 eum
1476 4664 1709 4718 servavit
1734 4678 1853 4718 cum
1882 4663 2109 4718 aliorum

539 4757 784 4822 interitu;
818 4756 1074 4821 secundo,
1100 4773 1203 4811 non
1233 4757 1331 4813 fuit
1356 4758 1458 4814 hoc
1492 4774 1557 4814 ex
1588 4759 1664 4814 rei
1689 4758 2104 4830 dispensatione,

537 4849 630 4903 sed
655 4864 723 4905 ex
751 4849 1080 4904 immanitate
1100 4850 1313 4919 judicis.
1358 4850 1678 4919 Quomodo?
1706 4852 1843 4907 Deus
1867 4854 2009 4908 enim
2033 4854 2109 4909 sic

539 4954 650 4995 rem
674 4938 1068 4995 administravit
1104 4956 1168 4996 ac
1192 4941 1555 5012 dispensavit,
1585 4951 1645 4998 ut
1686 4959 1793 4999 non
1834 4944 2005 5000 solum
2052 4944 2109 5000 hi

540 5046 643 5085 non
673 5032 927 5101 perirent,
958 5032 1054 5088 sed
1084 5033 1172 5088 ille
1196 5033 1354 5089 etiam
1381 5035 1557 5091 salvus
1585 5045 1765 5102 esset;
1793 5037 1929 5092 sicut
1947 5039 2109 5095 etiam

541 5127 625 5181 hic
653 5142 863 5198 quoque
892 5128 946 5181 in
974 5128 1195 5184 custode
1223 5130 1491 5195 carceris;
1528 5129 1617 5185 ille
1660 5142 1838 5185 autem
1880 5146 1985 5187 non
2028 5144 2109 5188 est

540 5234 668 5274 usus
686 5218 829 5274 dono
857 5229 915 5274 ut
940 5220 1192 5290 oportuit.
1238 5220 1404 5275 Facta
1428 5231 1597 5276 autem
1628 5222 1711 5277 die
1733 5264 1748 5288 ,
1784 5223 1973 5293 inquit,
2000 5235 2111 5280 erat

539 5328 641 5366 non
662 5328 818 5379 parva
843 5312 1057 5366 turbatio
1078 5313 1208 5367 inter
1226 5314 1409 5369 milites
1426 5314 1672 5385 quidnam
1692 5319 1881 5385 factum
1898 5327 2021 5370 esset
2048 5317 2114 5371 de

545 5404 699 5460 Petro
724 5404 829 5475 (Ib.
855 5422 903 5459 υ.
944 5406 1057 5475 18).
1102 5406 1243 5474 Quid
1286 5406 1512 5475 postea?
1543 5406 1779 5461 Herodes
1828 5422 1938 5461 rem
1986 5408 2112 5462 facit

540 5498 854 5560 examinari.
886 5507 942 5554 et
967 5499 1035 5553 de
1062 5498 1127 5553 iis
1154 5498 1286 5554 facta
1313 5499 1681 5570 inquisitione,
1706 5497 1865 5568 jussit
1894 5499 2105 5554 abduci.

542 5589 672 5645 Nam
693 5592 737 5645 si
767 5606 871 5645 non
894 5590 1221 5661 inquisisset.
1250 5592 1423 5661 aliqua
1453 5598 1596 5645 esset
1623 5591 1893 5644 excusatio
1924 5608 1936 5643 :
1969 5607 2109 5646 nunc

540 5693 718 5737 autem
746 5684 1028 5752 produxit,
1056 5684 1397 5746 examinavit,
1424 5682 1613 5736 didicit
1636 5698 1754 5737 eum
1783 5683 1948 5738 fuisse
1991 5684 2109 5737 vin-

540 5786 707 5841 ctum,
729 5790 995 5831 carcerem
1024 5791 1145 5831 esse
1169 5776 1407 5830 clausum
1425 5786 1478 5828 et
1504 5783 1694 5841 tutum,
1713 5776 1959 5831 custodes
1984 5785 2111 5833 ante

542 5878 721 5940 partas
748 5867 931 5935 luisse,
962 5884 1061 5925 nec
1105 5867 1267 5924 fuisse
1293 5866 1516 5924 cll'ossns
1539 5868 1766 5937 parietes
1785 5910 1799 5936 ,
1832 5883 1926 5926 nec
1958 5870 2098 5926 fores

2200 525 2409 582 apertas
2433 558 2448 581 ,
2494 533 2592 571 nec
2622 519 2786 574 ullum
2815 522 2952 575 aliud
2995 537 3113 577 esse
3156 524 3362 594 signum
3395 530 3636 588 sceleris.
3681 535 3764 593 Ex

2202 604 2302 660 hoc
2329 616 2506 662 autem
2534 612 2813 679 Oportebat
2836 613 2925 667 Dei
2955 616 3203 671 admirari
3232 622 3539 687 potentiam,
3563 642 3680 696 qua:
3699 646 3768 684 ex

2201 698 2390 751 mediis
2419 700 2587 768 ipsum
2609 702 2874 771 eripuerat
2903 706 3169 774 periculis,
3197 718 3252 764 et
3277 710 3500 769 adorare
3526 731 3646 771 emn
3677 724 3770 789 qui

2203 787 2318 844 lucc
2346 793 2574 859 puluerit
2604 811 2619 848 :
2647 795 2735 850 ille
2767 810 2897 852 vero
2930 797 3090 867 jussit
3128 816 3221 856 eos
3258 803 3469 865 abduci.
3512 787 3798 875 Quamam'

2200 891 2282 935 est
2310 897 2436 951 ergo
2460 885 2617 954 culpa
2645 886 2729 941 hic
2755 887 2866 943 Deo
2895 889 3239 959 imputanda?
3263 894 3392 951 Nam
3432 899 3477 954 si
3504 900 3772 961 eﬂ‘ecisset

2202 984 2260 1025 ut
2281 988 2462 1027 murus
2488 973 2923 1047 perfringeretur,
2954 991 3007 1035 et
3026 982 3103 1036 sic
3122 984 3388 1053 ejecisset,
3418 988 3553 1046 forte
3579 994 3768 1051 existi-

2202 1073 2400 1119 masset
2430 1064 2479 1117 id
2506 1081 2631 1122 esse
2655 1068 3061 1126 adscribendum
3102 1090 3283 1130 eorum
3310 1080 3643 1151 negligentiae
3678 1104 3693 1140 :
3724 1088 3772 1142 si

2200 1163 2377 1209 autem
2404 1171 2516 1211 rem
2545 1158 2623 1213 sic
2648 1159 3036 1217 administravit
3056 1174 3109 1219 et
3137 1166 3483 1241 dispensavit,
3506 1182 3564 1229 ut
3589 1186 3775 1233 osten-
3802 1228 3805 1229 ν

2203 1246 2421 1302 deretur
2448 1266 2564 1305 eam
2596 1267 2702 1307 non
2736 1268 2856 1309 esse
2890 1255 3103 1312 humani
3145 1261 3361 1317 sceleris
3393 1280 3455 1321 ac
3496 1268 3773 1337 maleﬁcii,

2200 1337 2293 1391 sed
2322 1338 2483 1393 divini
2513 1341 2777 1410 miraculi,
2799 1359 2895 1399 cur
2923 1345 3023 1401 hoc
3053 1349 3213 1403 fecit?
3242 1350 3295 1407 Si
3325 1357 3466 1410 enim
3494 1371 3609 1413 erat
3636 1360 3778 1431 fugi.

2201 1436 2370 1495 turus,
2400 1430 2470 1485 ita
2495 1431 2713 1502 fugisset
2732 1445 2789 1489 ut
2815 1434 2998 1492 habuit
3017 1449 3233 1496 catenas
3264 1461 3278 1497 :
3304 1444 3348 1499 si
3369 1458 3484 1503 erat
3508 1430 3777 1521 fugiturus

2200 1521 2577 1589 conturbatus,
2608 1540 2714 1579 non
2746 1534 2908 1582 tanta:
2949 1532 2998 1584 ei
3027 1531 3214 1587 luisset
3240 1549 3382 1591 cura:
3405 1548 3466 1593 ut
3501 1544 3777 1612 acciperet

2199 1614 2437 1668 sandalia
2461 1656 2477 1682 ,
2519 1615 2614 1670 sed
2644 1631 2707 1673 ea
2735 1618 3044 1676 dimisisset.
3087 1622 3239 1680 Nunc
3279 1638 3453 1684 autem
3488 1644 3773 1703 propterea

2199 1704 2328 1759 dicit
2351 1707 2401 1759 ei
2426 1707 2667 1777 angelus,
2698 1708 2922 1765 Induere
2946 1713 3179 1769 sandalia
3204 1758 3217 1781 ,
3251 1729 3307 1773 ut
3332 1721 3603 1779 discerent
3626 1730 3774 1797 quod

2199 1812 2317 1852 eam
2359 1813 2469 1853 rem
2502 1816 2607 1854 non
2637 1800 2855 1857 fecisset
2880 1804 3120 1875 fugiens;
3153 1810 3246 1863 sed
3281 1812 3330 1865 in
3361 1829 3552 1885 magno
3580 1822 3694 1873 otio
3719 1835 3776 1878 et

2199 1888 2395 1957 quiete.
2419 1889 2548 1943 Nam
2571 1906 2691 1945 cum
2721 1903 2865 1948 esset
2892 1897 3121 1964 vinctus,
3154 1909 3207 1954 et
3230 1902 3367 1958 inter
3387 1905 3520 1961 duos
3549 1911 3772 1979 milites,

2199 1994 2303 2033 non
2329 1989 2528 2035 tantum
2555 1983 2603 2036 ei
2633 1982 2823 2040 fuisset
2848 1988 2938 2041 otii
2965 2029 2981 2054 ,
3007 1998 3064 2043 ut
3087 1991 3318 2048 solveret
3349 2008 3583 2062 catenas.
3609 2002 3773 2073 idque

2199 2085 2319 2126 cum
2343 2084 2484 2128 esset
2510 2075 2561 2128 in
2585 2075 2819 2131 interiori
2844 2080 3102 2134 custodia.
3127 2082 3327 2139 Judicis
3345 2102 3471 2158 ergo
3497 2091 3774 2157 injustitia:

2202 2173 2287 2218 est
2327 2164 2735 2222 adscribendum
2784 2175 3066 2226 custodum
3112 2178 3447 2245 supplicium.
3494 2182 3623 2237 Nam
3674 2202 3777 2242 cur

2200 2252 2303 2309 huc
2333 2272 2436 2309 non
2464 2257 2705 2313 fecerunt
2742 2260 2955 2316 Judaei?
2998 2264 3208 2320 Memini
3238 2270 3377 2323 enim
3406 2272 3625 2328 alterius
3653 2250 3775 2333 caro

2199 2349 2358 2413 ceris,
2391 2349 2531 2404 illius
2558 2352 2772 2421 quidem
2801 2355 2993 2423 prioris
3020 2358 3108 2426 qui
3153 2358 3359 2427 Romae,
3406 2365 3561 2435 hujus
3610 2372 3773 2425 etiam

2200 2440 2289 2508 qui
2316 2439 2597 2507 Caesareae,
2627 2459 2767 2498 nunc
2806 2455 2981 2502 autem
3010 2449 3126 2518 ejus
3152 2454 3241 2521 qui
3273 2452 3371 2509 fuit
3397 2456 3773 2531 Jcrosolymis.

2200 2530 2330 2586 Nam
2374 2549 2492 2588 cum
2528 2536 2803 2604 pontiﬁces
2841 2549 2895 2595 et
2939 2540 3192 2597 Pharisaei
3230 2547 3561 2605 audivissent
3598 2530 3666 2608 ab
3710 2558 3778 2611 iis

2199 2640 2333 2694 quos
2362 2627 2827 2697 ipsimiserant‘ad
2856 2632 3186 2691 educendum
3218 2638 3451 2707 Petrum,
3481 2658 3538 2698 se
3566 2649 3776 2705 tmllunx

2202 2716 2343 2771 intus
2389 2720 2657 2776 invenisse
2680 2763 2697 2787 ,
2725 2723 2821 2778 sed
2851 2724 3010 2779 etiam
3060 2738 3240 2796 portas
3273 2732 3479 2789 clausas
3510 2752 3630 2793 esse
3656 2782 3668 2799 ,
3718 2753 3780 2796 et

2200 2813 2451 2866 custodes
2477 2822 2679 2867 stantes
2718 2829 2815 2883 pro
2829 2814 3077 2884 foribus;
3104 2835 3200 2875 cur
3220 2826 3471 2880 custodes
3502 2843 3604 2881 neu
3636 2829 3779 2885 inte-

2203 2912 2513 2967 remeruut,
2560 2904 2655 2958 sed
2704 2906 3018 2963 dubitabant
3072 2911 3322 2980 quidnam
3374 2917 3440 2971 de
3510 2918 3571 2971 iis
3619 2922 3781 2978 ﬁeret

2204 2994 2341 3062 (Act.
2364 2995 2461 3065 5)?
2490 2995 2547 3051 Si
2578 3007 2766 3052 autem
2798 2999 3055 3056 adversus
3083 3019 3176 3058 eos
3217 3006 3343 3061 licet
3375 3010 3573 3064 czedem
3620 3016 3781 3069 mide

2203 3087 2467 3155 spirantes
2490 3130 2503 3151 ,
2536 3089 2664 3145 nihil
2696 3091 2800 3147 tale
2826 3094 3125 3163 cogitarunt
3149 3139 3165 3161 ,
3198 3100 3362 3152 nmlto
3391 3104 3558 3172 magis
3588 3114 3641 3157 tu
3681 3110 3781 3174 qui

2203 3182 2380 3234 omnia
2404 3182 2531 3236 l‘acis
2554 3182 2619 3237 ad
2647 3184 3123 3257 illorum‘gratiam.
3143 3190 3425 3260 Propterea
3447 3209 3568 3250 eum
3592 3201 3778 3254 statim

2206 3270 2482 3340 insequuta
2531 3283 2614 3328 est
2662 3290 2840 3346 pteua.
2884 3278 2941 3332 Si
2983 3289 3160 3335 autem
3208 3283 3324 3352 ejus
3352 3286 3429 3341 rei
3460 3288 3668 3357 culpam
3718 3293 3784 3347 in

2210 3361 2379 3417 Deum
2400 3364 2611 3420 confers
2636 3407 2651 3431 ,
2684 3367 2870 3423 confer
2907 3370 3066 3425 etiam
3098 3370 3150 3426 in
3198 3388 3320 3428 eum
3366 3376 3574 3447 culpam
3614 3380 3682 3436 de
3711 3384 3785 3438 iis

2206 3456 2292 3525 qui
2339 3456 2518 3512 inviis
2557 3460 2907 3530 jugulantur,
2932 3474 2987 3517 et
3028 3464 3096 3520 de
3140 3466 3611 3527 innumerabilibus
3651 3477 3783 3532 aliis

2206 3548 2295 3616 qui
2327 3548 2519 3617 injuste
2547 3553 2918 3634 perimuntur,
2958 3564 3012 3609 et
3039 3555 3107 3611 de
3141 3559 3318 3626 pueris
3345 3562 3504 3616 etiam
3533 3566 3620 3632 qui
3646 3583 3781 3634 pro~

2208 3651 2326 3711 pter
2353 3641 2623 3698 Christum
2651 3654 2774 3699 sunt
2800 3625 3057 3718 peiempti
3082 3665 3095 3700 :
3124 3625 3243 3703 nam
3276 3660 3333 3705 ut
3352 3651 3430 3707 illi
3457 3625 3686 3726 quoque.
3724 3671 3784 3713 ut

2210 3742 2264 3787 tu
2305 3732 2440 3789 dicis
2463 3776 2478 3801 ,
2509 3735 2899 3804 perimerentur
2924 3780 2938 3804 ,
2963 3738 3207 3796 Christus
3237 3741 3288 3795 iu
3313 3758 3472 3798 causa
3499 3746 3613 3799 luit.
3663 3747 3783 3805 lino

2209 3839 2338 3879 vero
2357 3840 2464 3879 non
2495 3826 2739 3882 Christus
2764 3869 2779 3893 ,
2823 3828 2916 3884 sed
2962 3828 3108 3885 furor
3131 3839 3182 3886 et
3209 3836 3447 3904 tyrannis
3478 3837 3640 3906 patris
3673 3839 3784 3895 lle.

2208 3916 2373 3971 rudis.
2404 3918 2460 3973 Si
2485 3928 2660 3973 autem
2688 3919 2821 3975 dicis
2844 3936 2858 3975 :
2881 3918 2989 3975 Cur
3008 3938 3128 3976 eum
3150 3939 3257 3978 non
3278 3926 3451 3995 rapuit
3480 3942 3510 3983 e
3534 3930 3787 3986 manibus

2209 4006 2478 4062 Herodis?
2504 4008 2606 4064 hoc
2634 4026 2844 4080 quoque
2871 4021 3080 4081 poterat
3105 4013 3301 4080 facere,
3334 4017 3427 4072 sed
3457 4033 3520 4073 ex
3549 4036 3613 4074 eu
3642 4023 3783 4078 nihil

2210 4110 2354 4155 esset
2382 4102 2635 4156 lucratus.
2662 4103 2794 4157 Nam
2819 4106 3030 4174 quoties
3056 4110 3226 4161 evasit
3249 4107 3494 4165 Christus
3515 4128 3577 4165 ex
3606 4116 3784 4167 mani-

2212 4194 2311 4249 lms
2339 4210 2524 4249 eorum
2548 4194 2572 4247 ἲ
2598 4195 2724 4265 quid
2751 4199 2850 4251 hoc
2876 4212 3003 4268 ergo
3048 4200 3244 4268 profuit
3286 4202 3543 4273 ingratis?
3580 4208 3650 4259 At
3692 4207 3785 4263 hic

2211 4303 2274 4343 ex
2303 4288 2366 4342 iis
2388 4304 2505 4359 qua:
2533 4289 2665 4344 facta
2696 4299 2857 4355 sunt,
2881 4300 2935 4345 at
2960 4291 3144 4347 ﬁdeles
3175 4294 3336 4349 multa
3366 4296 3504 4351 redit
3532 4298 3735 4354 utilitas
3764 4318 3779 4354 :

2212 4396 2332 4436 nam
2360 4382 2485 4435 dum
2516 4383 2708 4438 ﬁerent
2746 4386 3071 4439 monimenta
3094 4426 3110 4449 ,
3143 4396 3197 4442 et
3224 4388 3320 4457 ipsi
3349 4389 3542 4444 inimici
3573 4392 3636 4446 iis
3658 4408 3784 4461 qua:

2211 4474 2533 4545 gerebantur
2574 4475 2777 4530 ferrent
2804 4477 3165 4531 testimonium
3189 4518 3205 4542 ,
3234 4479 3453 4535 minime
3477 4494 3784 4551 suspectum

2211 4578 2327 4623 erat
2357 4570 2735 4624 testimonium.
2767 4569 2914 4625 Sicut
2938 4584 3067 4641 ergo
3098 4572 3207 4626 illic
3235 4588 3447 4644 quoque
3477 4590 3580 4628 non
3608 4576 3788 4630 aliun-

2212 4660 2279 4715 de
2320 4660 2398 4715 eis
2421 4662 2516 4715 fuit
2554 4678 2614 4717 os
2636 4662 2961 4739 obstructum
2989 4705 3005 4729 ,
3048 4680 3204 4734 quam
3231 4682 3295 4720 ex
3321 4684 3385 4721 eo
3407 4670 3546 4738 quod
3573 4670 3661 4739 qui
3689 4686 3786 4725 ve-

2212 4762 2401 4807 nerant
2428 4752 2809 4807 conﬁterentur
2834 4770 2893 4809 ea
2923 4772 3041 4824 quae
3068 4756 3204 4812 facta
3236 4758 3445 4814 fuerant
3476 4777 3491 4811 :
3520 4761 3587 4814 ita
3616 4761 3781 4816 etiam

2214 4844 2316 4898 hic.
2346 4843 2451 4899 Cur
2476 4845 2617 4899 enim
2648 4845 2775 4900 nihil
2819 4847 3079 4917 ejusmodi
3122 4849 3249 4906 fecit
3288 4863 3468 4906 custos
3506 4853 3737 4907 carceris
3761 4856 3788 4908 Υ

2213 4939 2369 5007 Atqui
2392 4952 2509 5008 qua:
2536 4950 2893 4994 usuvenerant
2915 4942 3131 5009 Herodi,
3164 4958 3271 4997 non
3300 4954 3453 4999 erant
3481 4947 3680 5000 minora
3717 4949 3785 5002 iis

2212 5046 2330 5100 qum
2360 5030 2482 5084 huic
2510 5041 2892 5086 usuvenerunt.
2922 5031 3051 5087 Nam
3080 5034 3359 5090 rescivisse
3399 5037 3538 5103 quod
3585 5038 3785 5092 clausis

2208 5123 2386 5193 januis
2411 5123 2617 5177 vinctus
2645 5123 2859 5179 exiisset
2886 5125 2951 5179 ad
2981 5136 3252 5196 stuporem
3282 5127 3638 5183 incntiendum
3673 5147 3781 5183 non

2215 5218 2389 5272 minus
2432 5228 2568 5285 erat,
2618 5235 2774 5288 quam
2812 5219 3009 5275 vidisse
3032 5232 3241 5290 apertas
3260 5222 3449 5291 jnnuas
3477 5243 3490 5279 :
3520 5224 3624 5278 imo
3650 5226 3795 5282 illud‘

2214 5310 2371 5364 etiam
2403 5310 2535 5364 visio
2556 5325 2677 5365 esse
2706 5310 2872 5365 videri
2904 5322 3178 5380 poterant;
3216 5312 3314 5368 hoc
3340 5324 3514 5368 autem
3540 5330 3641 5368 non
3684 5316 3789 5382 ita,

2214 5401 2341 5455 dum
2388 5412 2635 5458 accurate
2693 5412 2748 5458 et
2792 5412 2976 5460 exacte
3028 5406 3377 5461 renuntiatur.
3420 5407 3783 5474 Quamobrem

2219 5496 2302 5549 hic
2330 5512 2541 5566 quoque
2569 5498 2613 5552 si
2642 5497 2833 5552 fuisset
2873 5498 3043 5553 malus
3068 5540 3085 5564 ,
3116 5498 3470 5554 interfecisset
3517 5499 3734 5554 Paulum
3764 5542 3781 5566 ,

2216 5591 2353 5643 sicut
2379 5590 2464 5644 ille
2494 5592 2690 5646 milites
2720 5611 2734 5647 :
2761 5592 2853 5647 sed
2885 5607 2989 5647 non
3015 5601 3149 5648 erat.
3211 5592 3265 5649 Si
3303 5601 3478 5647 autem
3504 5593 3784 5648 confutare

2216 5684 2471 5739 vellemus
2497 5700 2590 5739 eos
2615 5684 2702 5754 qui
2725 5684 2908 5740 dicunt
2932 5726 2948 5752 ,
2977 5701 3075 5741 cur
3102 5685 3239 5742 Deus
3265 5687 3564 5756 permiserit
3589 5700 3783 5756 pueros

2218 5775 2441 5830 interﬁci
2470 5817 2483 5839 ,
2510 5776 2715 5848 longior
2746 5776 2880 5834 lbrct
2905 5779 3078 5834 oratio
3102 5820 3116 5845 ,
3147 5793 3305 5850 quam
3350 5778 3499 5835 initio
3540 5779 3786 5833 institue~

2219 5884 2413 5922 ramus.
