4002 6500
247 386 323 447 c3
1133 384 1209 445 IN,
1240 382 1469 439 Εριετ,
1491 382 1581 436 AD
1620 382 1859 439 EPIIES.
1892 386 2043 441 CAP.
2085 389 2173 447 IV.
2210 393 2446 451 HOMIL.
2486 397 2618 454 VIII.
2766 394 2771 401 ’
3409 408 3483 464 66

245 505 472 570 τούτου;
508 502 675 557 Ἔνθα
709 500 913 571 Πέτρος
941 495 1026 573 ἦν.
1069 499 1227 554 Ἀλλά
1251 499 1488 554 τοιοῦτον
1507 500 1657 554 οὐδὲν
1692 500 1814 567 ἐγέ-

243 611 368 650 νετο
390 594 527 646 ἐκεῖ·
551 591 664 645 ἀλλ’
682 586 749 660 ἦν
768 588 1194 662 παραδεδομένος
1214 587 1328 659 [61]
1350 588 1608 660 τέσσαρσι
1623 605 1815 659 τετρα-

241 683 382 744 δίοις
432 678 776 749 στρατιωτῶν
822 675 1120 745 φυλάσσειν
1153 676 1336 740 αὐτὸν,
1381 677 1474 728 καὶ
1511 677 1610 746 οὐχ
1652 675 1811 745 ῦμνει

240 770 369 823 οὐδὲ
400 768 692 839 ἠγρύπνει,
715 765 830 817 ἀλλ’
861 763 1117 817 ἐκάθευδε
1148 780 1162 795 ⁸
1190 764 1281 817 καὶ
1313 763 1432 816 οὐδὲ
1465 779 1812 833 μεμαστιγω-

245 857 413 928 μένος
434 851 523 925 ἦν.
547 853 684 906 ἀλλὰ
707 852 909 922 μείζων
930 854 957 905 6
989 851 1250 913 κίνδυνος.
1296 850 1554 903 Ἐνταῦθα
1580 850 1677 920 μὲν
1702 852 1810 922 γὰρ

238 945 345 1014 ἤδη
379 943 441 995 τὸ
476 943 585 993 πᾶν
635 940 912 1008 εἴργαστο,
953 938 1046 991 καὶ
1088 938 1241 1009 δίκην
1286 932 1424 1007 ἦσαν
1472 936 1762 999 δεδωκότες
1791 953 1806 968 ⁸

237 1036 363 1086 ἐκεῖ
402 1032 459 1084 δὲ
488 1031 720 1084 οὐδέπω.
761 1030 924 1081 Ὥστε
955 1030 1003 1081 εί
1031 1027 1104 1097 μὴ
1132 1027 1335 1097 πληγαὶ
1364 1027 1601 1089 ὼδύνων,
1630 1026 1744 1080 ἀλλ’
1772 1028 1804 1097 ἡ

236 1124 543 1194 προσδοκία
572 1120 666 1174 τοῦ
701 1121 984 1191 μέλλοντος
1012 1117 1280 1190 ἐθορύϐει.
1318 1118 1457 1188 ’Ὀρα
1489 1117 1580 1170 καὶ
1606 1119 1722 1171 ἐκεῖ
1747 1117 1809 1169 τὸ

236 1211 449 1281 θαῦμα.
490 1209 645 1264 Ἰδοὺ
675 1210 928 1278 ἅγγελος
955 1207 1195 1274 Κυρίου,
1222 1206 1405 1275 φησιν,
1436 1204 1680 1272 ἐπέστη,
1711 1204 1808 1259 καὶ

233 1301 367 1371 φῶς
398 1301 673 1368 ἔλαμψεν
712 1298 783 1351 έν
817 1296 897 1361 τῷ
935 1296 1206 1364 οἰκήματι
1226 1313 1241 1328 ⁸
1289 1294 1557 1360 πατάξας
1592 1293 1661 1348 δὲ
1694 1294 1809 1361 τὴν

232 1388 515 1455 πλευρὰν
570 1384 677 1439 τοῦ
737 1384 983 1453 Πέτρου,
1045 1384 1283 1453 ἤγειρεν
1340 1384 1528 1436 αὐτὸν
1577 1382 1804 1451 λέγων·

245 1475 518 1530 Ἀνάστα
539 1473 609 1528 ἐν
626 1472 812 1542 τάχει.
838 1472 945 1526 Καὶ
979 1471 1195 1537 εὐθέως
1222 1470 1516 1535 ἐξέπεσον
1540 1470 1723 1524 αὑτοῦ
1749 1474 1808 1524 al

231 1567 495 1632 ἁλύσεις
537 1565 607 1619 ἐκ
658 1565 778 1618 τῶν
830 1563 1064 1633 χειρῶν.
1128 1563 1287 1614 Ὥστε
1346 1562 1420 1631 μὴ
1472 1560 1687 1631 νομίσαι
1748 1559 1807 1613 τὸ

233 1656 475 1726 πρᾶγμα
503 1654 599 1706 τοῦ
627 1653 803 1722 φωτὸς
837 1652 996 1721 μόνον
1023 1647 1185 1714 εἶναι,
1210 1651 1304 1702 καὶ
1335 1650 1428 1702 τὸν
1460 1650 1664 1717 Πέτρον
1690 1647 1809 1702 ἔνυ-

234 1744 357 1812 ξεν,
383 1743 575 1805 Οὐδεὶς
608 1742 664 1795 δὲ
694 1741 757 1793 τδ
788 1741 902 1809 φῶς
934 1740 1098 1810 ἐώρα,
1135 1738 1271 1792 ἀλλά
1308 1738 1464 1809 μόνος
1500 1737 1679 1800 αὐτὸς,
1715 1737 1807 1790 καὶ

232 1833 416 1887 ἐδόκει
445 1832 531 1885 ὅτι
554 1830 741 1901 ὅραμά
766 1830 911 1881 ἐστιν
935 1845 950 1859 ⁸
989 1827 1159 1890 οὕτως
1189 1827 1286 1879 οὐκ
1312 1825 1726 1879 ὲπαισθάνονται
1758 1828 1805 1878 οἱ

232 1919 595 1981 καθεύδοντες
624 1917 734 1971 τῶν
763 1917 857 1970 τοῦ
885 1915 1019 1969 Θεοῦ
1044 1914 1392 1984 εὐεργεσιῶν.
1421 1910 1566 1966 Εἷπε
1595 1914 1681 1973 δὲ,
1714 1932 1807 1984 φη-

231 2008 345 2066 σὶν,
371 2010 407 2061 ὀ
431 2006 688 2076 ἄγγελος
707 2006 857 2072 πρὸς
877 2003 1064 2057 αὐτόν
1090 2019 1102 2032 ⁸
1130 2002 1449 2070 Περίζωσαι
1475 2002 1571 2055 καὶ
1588 2003 1808 2070 ὑπόδη-

228 2111 340 2151 σαι
369 2080 467 2149 ι’ὰί
492 2092 798 2147 σανδάλιά
828 2106 964 2145 σου.
1009 2090 1119 2144 Καὶ
1158 2091 1450 2157 ἐποίησεν
1488 2090 1656 2144 οὕτω.
1700 2091 1806 2145 Kal

220 2181 399 2253 ,λέγει
423 2179 604 2246 αὐτῷ,
632 2178 961 2247 Περιϐαλοῦ
999 2178 1066 2230 τὸ
1096 2175 1328 2245 ἱμάτιόν
1356 2192 1491 2240 σου,
1534 2177 1632 2230 καὶ
1667 2177 1807 2231 ἁκο-

226 2261 442 2325 λοῢθει
464 2284 590 2337 μοι.
623 2268 732 2320 Καὶ
750 2265 1014 2337 ἐξελθὼν
1047 2265 1468 2337 ἠκολούθησεν
1493 2262 1670 2337 αὐτῷ,
1706 2264 1806 2337 καί

228 2343 346 2395 οὐκ
395 2334 529 2408 ᾔδει
567 2337 658 2391 ὅτι
692 2336 914 2403 ἀληθές
942 2336 1074 2387 ἐστι
1114 2336 1177 2387 τὸ
1222 2337 1534 2403 γινόμενον
1574 2334 1670 2387 διὰ
1700 2334 1805 2388 τοῦ

228 2428 535 2499 ἀγγέλου⁸
580 2426 775 2479 ἐδόκει
814 2424 882 2477 δὲ
909 2423 1099 2492 ὅραμα
1138 2421 1414 2486 βλέπειν.
1466 2423 1807 2488 Διελθόντες

227 2515 302 2569 δὲ
324 2514 574 2583 πρώτην
591 2510 882 2582 φυλακὴν
902 2510 1001 2564 καὶ
1023 2510 1333 2577 δευτέραν,
1361 2506 1559 2577 ἦλθον,
1576 2510 1669 2561 ἐπὶ
1696 2511 1807 2577 τὴν

229 2604 443 2671 πύλην
482 2600 599 2670 τὴν
640 2597 897 2667 σιδηρᾶν
926 2597 1041 2664 τὴν
1084 2597 1393 2666 φέρουσαν
1436 2600 1520 2662 εὶς
1555 2599 1668 2665 τὴν
1700 2598 1806 2649 πό-

228 2694 367 2752 λιν,
432 2690 563 2756 ἣτις
621 2686 921 2756 αὐτομάτη
960 2685 1211 2752 ἠνοίχθη
1243 2684 1460 2748 αὐτοῖς.
1499 2687 1650 2739 Καὶθ
1683 2688 1805 2738 εὶσ-

235 2777 549 2840 ελθόνέες,
578 2773 881 2842 προῆλθον
905 2775 1105 2842 ῥύμην
1122 2773 1288 2841 μίαν,
1307 2772 1403 2826 καὶ
1419 2773 1633 2839 εὐθέως
1649 2776 1680 2827 ὀ
1701 2772 1804 2842 ἆγ-

236 2869 427 2938 τελος
453 2865 554 2921 ἀπ’
575 2863 755 2918 αὑτοῦ
786 2861 1040 2930 ἀπέστη.

299 3078 405 3133 Διὰ
441 3076 498 3131 τί
529 3077 604 3149 μὴ
636 3076 796 3130 τοῦτο
845 3075 1063 3145 γέγονεν
1091 3074 1343 3140 ἐνταῦθα,
1389 3075 1525 3147 ὅπερ
1572 3074 1665 3128 ἐπὶ
1706 3076 1801 3128 τοῦ

228 3168 448 3224 Παύλου
496 3168 593 3220 καὶ
628 3167 788 3229 Σίλας
825 3165 946 3217 Ὅτι
989 3166 1105 3216 ἐκεῖ
1146 3163 1244 3234 μὲν
1275 3162 1497 3233 ἔμελλον
1547 3162 1801 3218 ἀπολύειν

226 3258 431 3319 αὐτούς
459 3272 474 3286 ⁸
512 3255 603 3309 διὰ
642 3255 801 3308 τοῦτο
826 3254 926 3307 οὐκ
960 3252 1220 3324 ἠθέλησεν
1257 3252 1429 3315 οὕτως
1465 3251 1800 3322 ἀπολυθῆναι

226 3343 432 3406 αὐτούς
456 3360 472 3375 ⁸
513 3342 613 3412 ἐπὶζ
633 3342 689 3395 δὲ
718 3341 813 3395 τοῦ
846 3340 1117 3412 μακαρίου
1152 3340 1381 3412 Πέτρου,
1413 3340 1489 3403 είς
1524 3340 1680 3408 φόνον
1706 3341 1802 3393 αὑ-

226 3431 320 3487 τὸν
346 3432 579 3502 ἔμελλον
592 3405 860 3497 ’ἐξάγεινξ
880 3429 945 3481 Τί
969 3405 1097 3491 οῦν;
1129 3429 1189 3482 ού
1226 3405 1403 3499 πολλῴ
1432 3405 1802 3498 θαυμασιώτε-

229 3536 322 3593 ρον
344 3516 438 3591 ἦν,
482 3520 671 3591 φησὶν,
716 3516 1010 3588 ἐξαχθέντα
1038 3517 1131 3569 καὶ
1168 3516 1535 3585 παραδοθέντα
1564 3518 1681 3578 ταῖς
1707 3515 1799 3568 τοῦ

228 3606 501 3678 βασιλέως
532 3605 710 3675 χερσὶ,
737 3603 858 3655 τότε
892 3604 956 3656 ὲκ
989 3603 1166 3673 μέσων
1193 3603 1372 3656 αὐτῶν
1397 3602 1799 3674 ἐξαρπασθῆναι

226 3695 338 3746 τῶν
380 3692 667 3756 κινδύνων,
699 3692 794 3745 καὶ
823 3691 984 3762 μηδὲν
1014 3690 1245 3757 παθεῖν;
1275 3688 1416 3742 οὕτω
1452 3691 1561 3761 γὰρ
1590 3689 1654 3742 ἂν
1680 3690 1801 3743 οὐδὲ

227 3785 279 3835 οῖ
320 3782 658 3853 στρατιῶται
696 3779 991 3833 ἀπώλοντο.
1033 3779 1195 3846 Μέγα
1243 3777 1475 3831 ἐνταῦθα
1522 3778 1796 3848 κεκίνηται

226 3870 475 3941 ζήτημα.
522 3868 581 3920 Ὀ
617 3867 748 3930 Θεὸς
786 3866 874 3919 τὸν
908 3863 1071 3919 αὑτοῦ
1099 3864 1304 3926 δοῦλον,
1345 3865 1498 3934 φησὶ,
1535 3865 1672 3934 μετὰ
1699 3864 1800 3933 τῆς

224 3961 437 4029 ἐτέρων
457 3958 633 4011 ἔσωσε
657 3956 949 4027 τιμωρίας,
981 3955 1121 4025 μετά
1139 3955 1237 4025 τῆς
1263 3953 1462 4025 ἐτέρων
1491 3953 1797 4021 άπωλείας;

224 4049 292 4101 Τί
320 4046 415 4103 οὖν
456 4048 731 4119 ἐροῦμενς
776 4046 997 4116 Πρῶτον
1031 4045 1128 4116 μὲν
1168 4041 1281 4108 οὖν,
1320 4045 1401 4098 ὅτι
1440 4043 1500 4097 οῦ
1533 4044 1671 4114 μετά
1698 4044 1800 4114 τῆς

226 4139 439 4207 ἑτέρων
465 4135 749 4196 ἀπωλείας
773 4149 788 4164 ⁸
814 4132 1083 4204 δεύτερον,
1114 4134 1270 4185 ὅτιού
1299 4132 1397 4201 τῆς
1419 4131 1514 4184 τοῦ
1540 4132 1800 4201 πράγμα-

223 4243 319 4288 τος
347 4223 666 4293 οἰκονομίας
690 4221 848 4275 τοῦτο
870 4222 1112 4290 γέγονεν,
1142 4220 1277 4274 ἀλλά
1298 4222 1395 4291 τῆς
1422 4220 1513 4274 τοῦ
1546 4221 1799 4274 δικαστοῦ

223 4313 481 4385 πικρίας.
514 4312 676 4376 Πῶς;
720 4310 778 4363 Ὀ
827 4311 923 4378 μὲν
954 4310 1086 4373 Θεὸς
1119 4309 1290 4372 οὕτως
1319 4309 1688 4380 ᾠκονόμησεν,
1724 4309 1799 4373 ὡς

230 4403 308 4475 μὴ
342 4402 505 4471 μόνον
554 4399 780 4461 τούτους
826 4398 901 4469 μὴ
938 4397 1252 4458 ἀπολέσθαι,
1300 4396 1435 4450 ἀλλὰ
1468 4397 1562 4450 καὶ
1595 4399 1799 4450 ἐκεῖνον

226 4489 496 4560 σωθῆναι,
530 4487 785 4556 καθάπερ
808 4486 871 4558 δὴ
897 4486 992 4539 καὶ
1023 4485 1257 4538 ἐνταῦθα
1287 4484 1380 4536 ἐπὶ
1404 4483 1499 4537 τοῦ
1530 4486 1801 4555 δεσμοφύ-

223 4578 395 4640 laxo;
423 4594 439 4608 ⁸
474 4577 683 4637 ἐκεῖνος
719 4574 776 4626 δὲ
804 4575 904 4626 οὐκ
931 4574 1205 4644 ἐχρήσατο
1234 4574 1299 4642 τῇ
1333 4572 1509 4642 δωρεᾷ
1538 4575 1615 4635 είς
1660 4574 1796 4626 δέον.

220 4665 578 4734 Γενομένης
596 4663 663 4716 δὲ
681 4662 926 4731 ἡμέρας,
952 4662 1135 4736 φησιν,
1156 4656 1235 4730 ἦν
1255 4661 1514 4728 τάραχος
1535 4664 1645 4715 οὐκ
1677 4663 1799 4716 ὀλί-

220 4772 337 4824 τος
363 4756 435 4807 ἐν
450 4753 569 4816 τοῖς
591 4755 997 4819 στρατιώταις,
1022 4752 1080 4803 τι
1104 4752 1217 4818 ἄρα
1240 4753 1271 4804 ό
1299 4749 1518 4816 Πέτρος
1542 4751 1795 4819 ἐγένετο.

222 4840 364 4897 Εἶτα
386 4843 439 4896 τί
464 4860 479 4907 ;
523 4842 801 4907 Ἐξέτασιν
832 4839 926 4891 τοῦ
958 4839 1282 4911 πράγματος
1306 4842 1540 4892 ποιεῖται
1569 4843 1596 4893 6
1627 4840 1798 4910 Ἡρώ-

217 4934 347 5005 δης,
378 4933 475 4985 καὶ
504 4930 802 5001 ἀνακρίνας
825 4930 1042 4993 αὐτοὺς,
1071 4928 1355 4983 ἐκέλευσεν
1378 4929 1704 5001 ἀπαχθῆναι.
1738 4930 1799 4982 El

222 5023 335 5092 μὲν
357 5021 469 5090 γὰρ
489 5020 565 5090 μὴ
591 5021 892 5090 ἀνέκρινεν,
912 5014 980 5089 ἦν
998 5018 1063 5073 ἄν
1087 5035 1168 5080 τις
1185 5019 1449 5087 ἀπολογία
1467 5036 1479 5048 ⁸
1504 5019 1599 5073 νῦν
1620 5019 1676 5073 δὲ
1696 5036 1799 5073 πα-

224 5113 398 5182 ρέστη
408 5126 521 5172 σεν,
538 5110 839 5180 ἀνέκρινεν,
864 5106 1064 5178 ἔμαθεν
1078 5108 1159 5160 ὅτι
1177 5108 1402 5173 ἐδέδετο,
1418 5110 1499 5162 ὅτι
1518 5108 1578 5162 τὸ
1591 5110 1799 5178 δεσμω-

220 5199 421 5269 τήριον
436 5198 757 5267 ὴσφάλιστο,
774 5197 855 5249 ὅτι
871 5197 918 5249 οἱ
936 5195 1176 5264 φύλακες
1192 5192 1329 5267 ἦσαν
1344 5197 1448 5267 πρὸ
1462 5197 1567 5250 τῶν
1589 5197 1766 5267 θυρῶν
1782 5213 1796 5228 ⁸

223 5290 291 5343 οῦ
326 5290 503 5356 τοῖχος
535 5283 907 5355 διωρώρυκτο,
935 5285 996 5337 οῦ
1022 5283 1162 5355 θύρα
1190 5285 1452 5355 ἀνέῳκτο,
1484 5285 1634 5339 οὐδὲν
1670 5286 1800 5340 ἄλλο

221 5376 573 5447 κακουργίας
586 5392 683 5426 τεκ
691 5376 763 5445 μή
771 5391 904 5445 ριον.
936 5374 1135 5445 Ἐχρῆν
1149 5374 1309 5427 αὑτὸν
1328 5374 1436 5427 ἀπὸ
1452 5374 1654 5428 τούτων
1679 5374 1801 5428 θαυ-

222 5467 401 5537 μάσαι
438 5464 530 5517 τοῦ
562 5463 695 5516 Θεοῦ
722 5463 821 5533 τὴν
853 5461 1100 5532 δύναμιν,
1131 5462 1253 5532 ἥτις
1285 5463 1379 5515 καὶ
1409 5466 1471 5516 ἐκ
1499 5463 1679 5533 μέσων
1704 5464 1800 5516 αὑ-

216 5556 319 5607 τὸν
352 5555 642 5622 ἀνήρπασε
690 5550 801 5602 τῶν
841 5550 1097 5605 κινδύνων
1118 5566 1131 5580 ⁸
1158 5552 1252 5603 καὶ
1304 5555 1679 5622 προσκυνῆσαι
1708 5552 1800 5604 τὸν

218 5642 466 5695 τοσαῦτα
493 5634 791 5709 δυνηθέντα
815 5656 827 5669 ⁸
855 5641 883 5691 6
906 5639 962 5691 δὲ
994 5639 1233 5703 ἐκείνους
1257 5641 1534 5709 ἀπήγαγε.
1564 5640 1689 5703 Πῶς
1706 5635 1799 5693 οὖν

222 5730 469 5783 ἐνταῦθα
488 5731 515 5782 6
551 5728 682 5789 Θεὸς
711 5727 915 5794 αἴτιος;
948 5729 1010 5780 El
1032 5727 1129 5798 μὲν
1156 5728 1264 5800 γὰρ
1289 5730 1466 5799 τοῖχον
1494 5729 1796 5803 διαρραγῆ..

298 5996 325 6022 ὃ
345 5982 477 6057 )Iarg
532 5980 663 6032 Savil
689 5980 957 6049 ἐξελθόντες,
982 5983 1035 6031 et
1054 5982 1120 6031 ila
1145 5979 1274 6033 Bibl.

1922 519 2009 556 ναι
2040 503 2154 577 [62]
2176 509 2401 579 ἐποίησε
2424 550 2440 576 ,
2470 512 2565 563 καὶ
2595 510 2769 575 οὕτως
2815 511 3087 579 ἐξέϐαλεν,
3116 515 3244 579 ἴσως
3272 514 3338 570 ἂν
3366 518 3478 573 ἐνο-

1924 591 2088 663 μίσθη
2130 597 2230 665 τῆς
2275 598 2499 652 ἐκείνων
2536 600 2805 671 ῥᾳθυμίας
2831 603 2892 655 τὸ
2920 605 3152 675 πρᾶγμα
3176 622 3191 636 ⁸
3216 606 3263 657 εί
3296 606 3352 659 δὲ
3386 607 3477 661 οῦ-

1916 695 2022 743 τως
2050 682 2425 755 ᾡκονόμησεν,
2450 684 2589 738 ὥστε
2605 686 2883 758 δειχθῆναι
2911 691 2995 743 ὅτι
3021 690 3120 743 οὐκ
3135 692 3480 764 ἀνθρωπίνης

1912 771 2278 852 κακουργίας,
2310 772 2447 826 ἀλλὰ
2490 772 2638 835 θείας
2676 774 3119 847 θαυματουργίας
3144 779 3204 832 τὸ
3245 782 3479 852 πρᾶγμα

1908 850 1998 927 ἦν,
2020 859 2072 911 τί
2101 860 2165 931 δὴ
2199 860 2357 914 τοῦτο
2400 862 2657 932 ἐποίησεν
2684 879 2699 928 ;
2730 864 2793 917 El
2830 866 2939 936 γάρ
2988 866 3181 936 ἔμελλε
3225 850 3473 937 φεύγειν,

1909 944 2081 1009 οὕτως
2132 947 2207 1011 ὡς
2245 942 2359 1020 εἶχε
2409 951 2508 1014 τὰς
2562 949 2782 1014 ἁλύσεις
2824 952 3021 1023 ἔφυγεν
3069 956 3132 1009 ἄν
3156 973 3170 986 ⁸
3199 959 3246 1010 εί
3285 957 3475 1028 ἔμελλε

1912 1033 2137 1102 φεύγειν
2161 1036 2615 1108 τεθορυϐημένος,
2651 1039 2751 1092 οὐκ
2784 1039 2848 1094 ἂν
2875 1043 3145 1114 τοσαύτην
3180 1047 3478 1116 ἐποιήσατο

1910 1121 2186 1191 πρόνοιαν,
2220 1123 2361 1178 ὥστε
2410 1126 2505 1179 καὶ
2541 1127 2607 1180 τὰ
2632 1127 2887 1181 σανδάλια
2917 1129 3098 1182 λαϐεῖν
3116 1171 3131 1195 ,
3161 1132 3273 1184 ἀλλ’
3297 1135 3476 1187 εἴασεν

1910 1208 1995 1263 ἄν.
2018 1208 2131 1262 Νῦν
2172 1212 2227 1264 δέ
2257 1212 2345 1266 διὰ
2378 1213 2537 1266 τοῦτό
2587 1232 2751 1286 φησιν
2775 1218 2803 1268 6
2834 1216 3062 1285 ἄγγελος
3099 1217 3235 1287 πρὸς
3290 1212 3474 1286 αὑτὸν,

1920 1296 2252 1365 ’Υπόδησαι
2279 1298 2349 1353 τὰ
2377 1300 2684 1354 σανδάλιά
2721 1316 2839 1355 σου
2860 1318 2873 1332 ⁸
2910 1302 2998 1355 ἵνα
3037 1304 3279 1373 μάθωσιν
3303 1306 3383 1359 ὃτι
3410 1308 3472 1359 οὑ

1910 1384 2152 1455 φεύγων,
2173 1385 2310 1439 ἀλλά
2346 1388 2485 1457 μετά
2514 1388 2715 1459 πολλῆς
2746 1389 2982 1453 ἀνέσεως
3002 1390 3063 1443 τὸ
3095 1393 3327 1462 πρᾶγμα
3362 1395 3475 1465 είρ-

1907 1473 2130 1540 γάσατο.
2187 1474 2478 1544 Δεδεμένος
2511 1475 2640 1545 γὰρ,
2677 1479 2771 1529 καὶ
2809 1477 3010 1547 μεταξὺ
3048 1477 3156 1531 τῶν
3185 1479 3279 1532 δύο
3299 1481 3475 1550 μένων

1910 1561 2257 1631 στρατιωτῶν
2312 1563 2412 1615 οὐκ
2470 1561 2536 1615 ἂν
2564 1562 2833 1632 τοσαύτην
2886 1566 3182 1634 ἐποιήσατο
3231 1567 3424 1638 σχολὴν
3454 1608 3472 1634 ,

1908 1645 2046 1699 ὥστε
2084 1649 2173 1700 καὶ
2203 1649 2301 1712 τὰς
2328 1650 2545 1714 ἁλύσεις
2576 1650 2758 1717 λῦσαι,
2791 1652 2884 1705 καὶ
2915 1652 3087 1706 ταῦτα
3115 1654 3195 1715 είς
3224 1654 3322 1725 τὴν
3343 1657 3476 1708 ἐσω-

1906 1732 2069 1805 τέραν
2091 1733 2164 1786 ῶν
2186 1736 2279 1787 καὶ
2306 1736 2467 1799 αὐτὸς
2502 1738 2772 1809 φυλακήν.
2804 1738 2967 1791 Ὥστε
3015 1739 3114 1809 τῆς
3143 1741 3356 1804 ἀδικίας
3376 1742 3472 1796 τοῦ

1906 1820 2160 1875 δικαστοῦ
2184 1823 2402 1891 γέγονεν
2422 1826 2455 1894 ἡ
2487 1824 2707 1888 κόλασις
2732 1825 2840 1878 τῶν
2868 1827 3143 1895 φυλάκων.
3176 1829 3274 1883 Διά
3292 1829 3345 1881 τί
3365 1830 3475 1901 γὰρ

1921 1910 2159 1963 Ἰουδαῖοι
2200 1911 2274 1982 μὴ
2320 1911 2480 1983 τοῦτο
2517 1913 2783 1985 ἐποίησαν
2815 1932 2830 1981 ;
2872 1915 2981 1968 Kal
3022 1915 3129 1986 γάρ
3161 1912 3348 1986 ἐτέρου
3388 1918 3473 1971 δε·-

1909 2000 2219 2071 σμωτηρίου
2257 2000 2562 2071 μέμνημαι,
2599 2001 2807 2055 ἐκείνου
2838 2002 2934 2071 μὲν
2966 2002 3058 2055 τοῦ
3088 2003 3357 2074 προτέρου
3375 2005 3470 2057 τοῦ

1907 2087 1964 2139 ἐν
2001 2087 2185 2157 Ῥώμῃ
2218 2128 2233 2153 ,
2283 2086 2473 2141 τούτου
2528 2088 2585 2141 δὲ
2628 2086 2723 2140 τοῦ
2792 2090 2850 2141 ὲν
2895 2090 3228 2161 Καισαρείᾳ,
3282 2091 3379 2145 νῦν
3413 2093 3473 2146 δὲ

1906 2174 2000 2227 τοῦ
2040 2176 2098 2244 ἐν
2140 2174 2558 2246 Ἱεροσολύμοις.
2600 2176 2960 2239 ’Δκούσαντες
2988 2176 3095 2249 γάρ
3120 2179 3171 2230 οἱ
3194 2180 3472 2249 ἀρχιερεῖς

1908 2264 2001 2315 καὶ
2028 2264 2079 2315 οἱ
2107 2265 2391 2334 Φαρισαῖοι
2444 2263 2599 2337 παρὰ
2623 2262 2732 2317 τῶν
2755 2262 3168 2321 ἀποσταλέντων
3201 2268 3332 2337 παρ’
3371 2269 3471 2321 αῦ-

1906 2351 2014 2404 τῶν
2037 2352 2117 2413 εἰς
2141 2351 2203 2403 τὸ
2216 2352 2613 2423 δεσμωτήριον,
2638 2352 2781 2405 ὥστε
2804 2351 3097 2422 ἐξαγαγεῖν
3121 2354 3214 2408 τὸν
3242 2354 3468 2427 Πέτρον,

1905 2440 1987 2491 ὃτι
2018 2440 2168 2491 Ἕσω
2184 2439 2374 2493 οὐδένα
2392 2438 2647 2509 εὕρομεν,
2668 2439 2802 2492 ἀλλά
2838 2442 2934 2493 καὶ
2954 2441 3343 2510 κεκλεισμένας
3370 2443 3470 2505 τὰς

1906 2525 2097 2597 θύρας,
2153 2528 2249 2579 καὶ
2295 2528 2421 2589 τοὺς
2460 2526 2707 2595 φύλακας
2729 2527 2970 2591 ἑστῶτας
2994 2529 3101 2598 πρὸ
3128 2528 3235 2581 τῶν
3266 2528 3467 2598 θυρῶν·

1904 2614 1991 2667 διὰ
2038 2614 2091 2667 τί
2139 2614 2214 2684 μὴ
2255 2614 2384 2677 τοὺς
2422 2613 2669 2682 φύλακας
2701 2615 2947 2680 ἀνεῖλον,
2985 2615 3123 2669 ἀλλά
3173 2617 3471 2687 διηπόρουν

1905 2702 2034 2771 περὶ
2066 2701 2245 2755 αὐτῶν
2298 2701 2573 2769 λέγοντες,
2610 2701 2678 2754 Τί
2716 2702 2782 2755 ἂν
2814 2702 3023 2770 γένοιτο
3073 2702 3270 2769 τοῦτο;
3315 2705 3378 2757 Εἰ
3411 2704 3469 2757 δὲ

1906 2791 2109 2861 σφόδρα
2145 2790 2264 2843 κατ’
2290 2789 2469 2843 αὐτῶν
2500 2789 2769 2858 φονῶντες
2795 2790 2944 2843 οὐδὲν
2981 2790 3223 2843 τοιοῦτον
3252 2792 3471 2862 ἐνενόη-

1906 2895 2027 2943 σαν,
2054 2870 2233 2947 πολλῷ
2286 2876 2487 2946 μᾶλλον
2530 2878 2593 2930 σὺ
2627 2879 2655 2930 6
2688 2876 2825 2948 πρὸς
2855 2876 3077 2930 ἐκείνων
3103 2878 3263 2948 χάριν
3290 2880 3469 2932 πάντα

1905 2966 2093 3019 ποιῶν.
2121 2966 2219 3019 Διά
2244 2964 2403 3017 τοῦτο
2428 2963 2692 3034 μετῆλθεν
2730 2963 2893 3017 αὑτὸν
2916 2966 2949 3034 ή
2991 2964 3113 3035 δίκη
3143 2965 3370 3035 ταχέως.
3404 2965 3468 3017 El

1902 3053 1959 3106 δὲ
2008 3052 2166 3107 τοῦτο
2223 3052 2496 3120 ἐγκαλεῖς,
2547 3051 2770 3120 ἐγκάλει
2819 3052 2913 3104 καὶ
2970 3053 3099 3122 περὶ
3121 3053 3227 3104 τῶν
3257 3054 3315 3104 ὲν
3347 3055 3471 3113 ταῖς

1902 3141 2041 3205 ὁδοῖς
2093 3140 2501 3209 σφαττομένων,
2535 3140 2631 3193 καὶ
2691 3139 2818 3208 περὶ
2852 3139 2960 3193 τῶν
2996 3138 3192 3202 ἀδίκως
3225 3140 3469 3210 ἀναιρου-
3566 3152 3567 3155 ‘

1904 3227 2080 3297 μένων
2113 3227 2321 3297 μυρίων
2351 3226 2573 3297 ἐτέρων,
2606 3226 2698 3279 καὶ
2732 3225 2812 3279 ἔτι
2838 3226 2966 3297 περὶ
2993 3227 3103 3279 τῶν
3135 3227 3340 3281 παίδων
3359 3227 3471 3280 τῶν

1901 3314 1992 3367 ἐπὶ
2023 3314 2119 3369 τοῦ
2150 3314 2386 3385 Χριστοῦ
2431 3314 2824 3384 ἀναιρεθέντων
2856 3330 2870 3345 ⁸
2903 3314 2999 3367 καὶ
3045 3314 3155 3385 γὰρ
3196 3315 3289 3368 καὶ
3332 3316 3472 3370 ὲκεί-

1900 3422 2028 3467 νοις,
2060 3406 2135 3467 ὡς
2184 3386 2247 3456 σύ
2267 3404 2466 3471 λέγεις,
2495 3406 2522 3456 6
2568 3403 2801 3474 Χριστὸς
2843 3404 3056 3472 ἐγένετο
3084 3404 3255 3469 αῐτιος
3279 3421 3295 3437 ⁸
3332 3406 3470 3476 μᾶλ-

1901 3491 1990 3543 λον
2048 3492 2144 3560 οὐχ
2163 3492 2191 3543 6
2217 3490 2450 3561 Χριστὸς
2475 3531 2489 3552 ,
2525 3490 2638 3543 ἀλλ’
2666 3493 2698 3560 ή
2730 3492 2893 3561 μανία
2922 3492 3071 3562 καὶὴ
3099 3494 3349 3563 τυραννὶς
3372 3495 3466 3547 τοῦ

1902 3580 2107 3649 πατρὸς
2168 3578 2262 3630 τοῦ
2317 3578 2559 3648 Ἡρώδου
2587 3578 2637 3632 ι).
2668 3579 2729 3631 El
2772 3580 2827 3631 δὲ
2851 3580 3050 3648 λέγεις,
3078 3580 3177 3633 Διά
3211 3582 3370 3652 τίμὴ
3402 3583 3468 3636 ἐκ

1900 3668 2009 3720 τῶν
2046 3667 2247 3738 χειρῶν
2286 3666 2450 3719 αὑτὸν
2478 3667 2698 3736 ἥρπασε
2740 3667 2835 3720 τοῦ
2880 3668 3125 3740 Ἡρώδου
3148 3688 3162 3736 ;
3187 3671 3281 3723 καὶ
3306 3670 3468 3725 τοῦτο

1901 3755 2127 3822 ἠδύνατο
2155 3753 2400 3823 ποιῆσαι,
2420 3753 2534 3806 ἀλλ’
2551 3755 2703 3808 οὐδὲν
2721 3756 3007 3826 ἐκέρδανεν
3030 3758 3098 3811 ἂν
3121 3758 3230 3810 ἀπὸ
3253 3757 3465 3817 τούτου.

1900 3843 2139 3905 Ποσάκις
2163 3841 2294 3910 γοῦν
2328 3842 2357 3893 6
2396 3842 2632 3913 Χριστὸς
2650 3845 2713 3895 ὲκ
2741 3846 2908 3913 μέσου
2941 3844 3116 3898 αὐτῶν
3144 3845 3334 3913 ἐξῆλθε
3350 3846 3464 3900 τῶν

1899 3930 2136 4001 χειρῶν;
2173 3930 2226 3983 τί
2274 3925 2581 4001 οὖντοῦτο
2632 3930 2885 4002 ὠφέλησε
2928 3934 3053 3995 τοὺς
3098 3931 3461 4003 ἀγνώμονας;

1912 4018 2175 4072 Ἐνταῦθα
2206 4018 2390 4088 μέντοι
2422 4035 2488 4088 γε
2514 4019 2607 4071 καὶ
2638 4018 2806 4090 πολλὴ
2838 4022 2949 4082 τοῖς
2975 4023 3185 4085 πιστοῖς
3228 4021 3465 4091 ὠφέλεια

1900 4106 2106 4175 γίνεται
2145 4106 2252 4159 ἀπὸ
2302 4104 2411 4159 τῶν
2446 4106 2863 4176 γεγενημένων
2898 4106 3311 4179 ὑπομνημάτων
3356 4108 3466 4180 γὰρ

1899 4193 2227 4265 γενομένων,
2276 4196 2371 4247 καὶ
2413 4193 2524 4246 τῶν
2562 4194 2773 4264 ἐχθρῶν
2816 4193 2994 4247 αὐτῶν
3041 4195 3464 4266 μαρτυρούντων

1900 4284 2011 4345 τοῖς
2064 4280 2487 4351 πραττομένοις,
2524 4281 2833 4342 ἀνύποπτος
2858 4276 2974 4351 ἦνή
3011 4286 3305 4352 μαρτυρία.
3327 4284 3462 4336 Ὥσ-

1901 4386 2006 4438 περ
2038 4364 2129 4423 οῦν
2169 4369 2330 4421 κάκεῖ
2375 4368 2671 4439 οὐδαμόθεν
2707 4367 2927 4429 ἄλλοθεν
2966 4368 3459 4440 ἐπεστομίσθησαν,

1902 4456 2017 4509 ἀλλ’
2046 4456 2078 4527 ἢ
2114 4458 2179 4509 ὲκ
2230 4458 2324 4510 τοῦ
2357 4459 2483 4519 τοῦς
2526 4456 2784 4525 ἐλθόντας
2825 4457 3109 4527 ὁμολογεῖν
3139 4458 3208 4511 τά
3237 4474 3465 4529 γεγενη-

1906 4545 2062 4615 μένα,
2096 4545 2236 4599 οῦτω
2282 4546 2345 4615 δὴ
2388 4546 2483 4598 καὶ
2527 4543 2780 4600 ἐνταῦθα.
2808 4543 2908 4598 Διὰ
2951 4544 3003 4598 τί
3052 4544 3161 4616 γὰρ
3194 4547 3222 4599 6
3268 4546 3461 4618 δεσμο-

1903 4630 2076 4698 φύλαξ
2102 4631 2252 4683 οῦδὲν
2278 4630 2518 4683 τοιοῦτον
2541 4629 2793 4702 ὲποίησε;
2831 4632 3008 4685 καίτοι
3033 4648 3096 4700 γε
3123 4632 3276 4687 οὐδὲν
3308 4633 3471 4687 ἐλάτς

1901 4736 2029 4771 τονα
2081 4718 2186 4771 τῶν
2238 4718 2425 4770 τούτου
2494 4718 2562 4770 τὰ
2625 4718 2864 4790 Ἡρώδου
2912 4714 3001 4790 ἦν.
3042 4719 3146 4772 Τοῦ
3200 4720 3310 4792 γὰρ
3336 4721 3462 4775 ίδεῖν

1901 4806 2251 4874 ἀνεῳγμένας
2302 4804 2401 4867 τάς
2450 4804 2638 4875 θύρας,
2672 4805 2793 4858 ὅσον
2818 4807 2898 4869 είς
2941 4806 3255 4877 ἐκπλήξεως
3283 4808 3459 4875 λόγον,

1899 4893 2049 4946 οῦδὲν
2098 4892 2314 4944 ἔλαττον
2360 4892 2421 4947 τὸ
2475 4893 2668 4962 μαθεῖν
2710 4893 2791 4946 ὅτι
2835 4893 3237 4965 κεκλεισμένων
3280 4896 3462 4949 αὐτῶν

1900 4979 2121 5051 ἐξῆλθεν
2150 4982 2177 5034 6
2222 4980 2536 5050 δεδεμένος·
2570 4980 2746 5033 καίτοι
2796 4980 2969 5034 ταῦτα
3028 4983 3122 5035 καὶ
3186 4984 3460 5051 φαντασία

1900 5069 2075 5133 ἔδοξεν
2092 5068 2156 5122 ἂν
2185 5063 2323 5121 εἶναι
2357 5067 2574 5137 μᾶλλον,
2604 5069 2779 5121 ἐκεῖνο
2811 5068 2867 5121 δὲ
2894 5069 3101 5135 οὐκέτι,
3144 5070 3280 5140 μετά
3294 5071 3458 5141 ἀκρι-

1901 5156 2050 5221 ϐείας
2079 5155 2572 5226 ἀπαγγελλόμενον.
2643 5155 2806 5207 Ὥστε
2828 5157 2876 5207 εί
2907 5156 3001 5208 καὶ
3027 5150 3180 5217 οὗτος
3211 5151 3459 5227 οὖτωςῆν

1900 5245 2153 5315 πονηρὸς,
2210 5242 2437 5312 ἔσφαξεν
2502 5242 2569 5295 ἂν
2623 5241 2712 5295 τὸν
2757 5242 2992 5307 Παῦλον,
3036 5241 3150 5315 [65]
3208 5242 3459 5311 καθάπερ

1900 5338 2102 5395 ἐκεῖνος
2156 5335 2280 5396 τοὺς
2339 5331 2675 5405 στρατιώτας
2705 5348 2719 5363 ⁸
2748 5331 2862 5384 ἀλλ’
2890 5333 2989 5385 οὐκ
3006 5328 3095 5402 ἦν.
3138 5332 3202 5384 Εἰ
3226 5331 3281 5383 δὲ
3324 5330 3459 5401 πρὸς

1898 5425 2021 5487 τοὺς
2068 5422 2346 5490 λέγοντας,
2385 5420 2471 5473 διὰ
2499 5422 2552 5473 τί
2580 5422 2673 5473 καὶ
2706 5422 2775 5473 τὰ
2815 5420 3003 5473 παιδία
3031 5418 3407 5489 συνεχώρησεν
3430 5420 3459 5469 ὁ

1898 5511 2030 5573 Θεὸς
2052 5509 2421 5580 ἀναιρεθῆναι,
2449 5509 2795 5579 βουληθῶμεν
2821 5506 3290 5577 ἀπολογήσασθαι,
3312 5507 3455 5574 τάχα

1900 5601 1977 5660 εἰς
2032 5597 2365 5668 μακρότερον
2422 5596 2811 5665 ἐμπεσούμεθα
2866 5594 3043 5662 λόγον,
3102 5593 3161 5647 δν
3206 5594 3266 5647 ὲν
3325 5611 3458 5665 προ-

1899 5687 2097 5758 οιμίοις
2121 5687 2228 5739 ἔδει
2254 5686 2507 5753 λέγεσθαι
2537 5686 2671 5756 πρὸς
2688 5683 2854 5752 ὑμᾶς.

1961 5858 1989 5897 1-
2011 5854 2128 5914 Alii,
2150 5855 2234 5903 τοῦ
2266 5855 2462 5903 πάππου
2487 5852 2572 5901 τοῦ
2604 5851 2838 5914 Ἡρώδου.
2869 5851 3023 5900 Paulo
3056 5857 3167 5914 post
3192 5853 3458 5914 legendum

1899 5918 2095 5967 omnino
2118 5912 2312 5978 fidelur
2340 5917 2507 5969 αὐτοὺς
2534 5917 2720 5971 ἥρπασε
2747 5912 2861 5971 τοῦ,
2889 5916 2964 5978 vel
2986 5912 3097 5978 τῶν,
3126 5912 3361 5978 Ἡρώδου,
3404 5918 3462 5964 ιιι

1904 5978 2118 6032 Samius
2145 5976 2419 6042 suspicatus
2442 5983 2548 6039 est;
2572 5988 2667 6026 non
2687 5980 2874 6036 autem,
2909 5976 3051 6025 αὐτὸν
3071 5976 3277 6039 ἥρπασε.
