  <div class='ocr_page' id='page_1' title='image "/cluster/home/n/w/nwhite01/storage/ocr_20150623/62/hvd.32044019207836/071.png"; bbox 0 0 3960 6544; ppageno 0'>
   <div class='ocr_carea' id='block_1_1' title="bbox 518 394 3760 475">
    <p class='ocr_par' dir='ltr' id='par_1_1' title="bbox 518 394 3760 475">
     <span class='ocr_line' id='line_1_1' title="bbox 518 394 3760 475; baseline 0.002 -23"><span class='ocrx_word' id='word_1_1' title='bbox 518 414 592 471; x_wconf 70' lang='lat'>65</span> <span class='ocrx_word' id='word_1_2' title='bbox 1199 401 1260 460; x_wconf 90' lang='lat' dir='ltr'><strong>S.</strong></span> <span class='ocrx_word' id='word_1_3' title='bbox 1293 397 1583 457; x_wconf 72' lang='lat' dir='ltr'>JOAniﬂS</span> <span class='ocrx_word' id='word_1_4' title='bbox 1613 394 2104 457; x_wconf 71' lang='lat' dir='ltr'>CHRYSOSTOMI</span> <span class='ocrx_word' id='word_1_5' title='bbox 2145 396 2465 455; x_wconf 78' lang='lat' dir='ltr'>ARCHIEP.</span> <span class='ocrx_word' id='word_1_6' title='bbox 2504 396 3057 475; x_wconf 70' lang='lat' dir='ltr'>CONSTANTINOP.</span> <span class='ocrx_word' id='word_1_7' title='bbox 3691 404 3760 460; x_wconf 78' lang='lat'><strong><em>66</em></strong></span> 
     </span>
    </p>
   </div>
   <div class='ocr_carea' id='block_1_2' title="bbox 591 514 2093 592">
    <p class='ocr_par' dir='ltr' id='par_1_2' title="bbox 591 514 2093 592">
     <span class='ocr_line' id='line_1_2' title="bbox 591 514 2093 592; baseline -0.01 -9"><span class='ocrx_word' id='word_1_8' title='bbox 591 527 741 591; x_wconf 86' lang='grc' dir='ltr'>Τέως</span> <span class='ocrx_word' id='word_1_9' title='bbox 777 524 836 580; x_wconf 85' lang='grc' dir='ltr'>δέ</span> <span class='ocrx_word' id='word_1_10' title='bbox 876 521 1047 579; x_wconf 87' lang='grc' dir='ltr'>πολλά</span> <span class='ocrx_word' id='word_1_11' title='bbox 1073 522 1140 592; x_wconf 79' lang='grc' dir='ltr'>τῇ</span> <span class='ocrx_word' id='word_1_12' title='bbox 1179 517 1394 573; x_wconf 83' lang='grc' dir='ltr'>Παύλου</span> <span class='ocrx_word' id='word_1_13' title='bbox 1445 515 1943 587; x_wconf 80' lang='grc' dir='ltr'>εὐχαριστήσαντες</span> <span class='ocrx_word' id='word_1_14' title='bbox 1963 514 2093 569; x_wconf 87' lang='grc' dir='ltr'>ἀλύ-</span> 
     </span>
    </p>
   </div>
   <div class='ocr_carea' id='block_1_3' title="bbox 522 599 2087 676">
    <p class='ocr_par' dir='ltr' id='par_1_3' title="bbox 522 599 2087 676">
     <span class='ocr_line' id='line_1_3' title="bbox 522 599 2087 676; baseline -0.008 -10"><span class='ocrx_word' id='word_1_15' title='bbox 522 630 626 675; x_wconf 88' lang='grc' dir='ltr'>σει,</span> <span class='ocrx_word' id='word_1_16' title='bbox 677 608 1119 676; x_wconf 82' lang='grc' dir='ltr'>καταπαύσωμεν</span> <span class='ocrx_word' id='word_1_17' title='bbox 1166 602 1258 655; x_wconf 74' lang='grc' dir='ltr'>τὸν</span> <span class='ocrx_word' id='word_1_18' title='bbox 1302 601 1481 670; x_wconf 89' lang='grc' dir='ltr'>λόγον,</span> <span class='ocrx_word' id='word_1_19' title='bbox 1518 601 1603 654; x_wconf 86' lang='grc' dir='ltr'>ὅτι</span> <span class='ocrx_word' id='word_1_20' title='bbox 1653 599 1927 654; x_wconf 81' lang='grc' dir='ltr'>τοσούτων</span> <span class='ocrx_word' id='word_1_21' title='bbox 1955 602 2087 671; x_wconf 76' lang='grc' dir='ltr'>ἡμῖν</span> 
     </span>
    </p>
   </div>
   <div class='ocr_carea' id='block_1_4' title="bbox 518 683 2079 765">
    <p class='ocr_par' dir='ltr' id='par_1_4' title="bbox 518 683 2079 765">
     <span class='ocr_line' id='line_1_4' title="bbox 518 683 2079 765; baseline -0.012 -15"><span class='ocrx_word' id='word_1_22' title='bbox 518 694 740 765; x_wconf 78' lang='grc' dir='ltr'>ἀγαθῶν</span> <span class='ocrx_word' id='word_1_23' title='bbox 772 692 922 747; x_wconf 78' lang='grc' dir='ltr'>αἰτία</span> <span class='ocrx_word' id='word_1_24' title='bbox 954 689 1167 758; x_wconf 87' lang='grc' dir='ltr'>γέγονε,</span> <span class='ocrx_word' id='word_1_25' title='bbox 1204 685 1693 758; x_wconf 80' lang='grc' dir='ltr'>παρακαλέσαντες</span> <span class='ocrx_word' id='word_1_26' title='bbox 1719 684 1863 755; x_wconf 82' lang='grc' dir='ltr'>ὑμᾶς</span> <span class='ocrx_word' id='word_1_27' title='bbox 1886 683 1963 756; x_wconf 79' lang='grc' dir='ltr'>μὴ</span> <span class='ocrx_word' id='word_1_28' title='bbox 1989 683 2079 754; x_wconf 72' lang='grc' dir='ltr'>μό.</span> 
     </span>
    </p>
   </div>
   <div class='ocr_carea' id='block_1_5' title="bbox 520 769 2094 851">
    <p class='ocr_par' dir='ltr' id='par_1_5' title="bbox 520 769 2094 851">
     <span class='ocr_line' id='line_1_5' title="bbox 520 769 2094 851; baseline -0.008 -15"><span class='ocrx_word' id='word_1_29' title='bbox 520 799 611 836; x_wconf 90' lang='grc' dir='ltr'>νον</span> <span class='ocrx_word' id='word_1_30' title='bbox 641 780 715 851; x_wconf 87' lang='grc' dir='ltr'>μὴ</span> <span class='ocrx_word' id='word_1_31' title='bbox 736 776 1130 849; x_wconf 89' lang='grc' dir='ltr'>δυσχεραίνειν,</span> <span class='ocrx_word' id='word_1_32' title='bbox 1169 775 1286 827; x_wconf 88' lang='grc' dir='ltr'>είτι</span> <span class='ocrx_word' id='word_1_33' title='bbox 1308 774 1397 827; x_wconf 90' lang='grc' dir='ltr'>διά</span> <span class='ocrx_word' id='word_1_34' title='bbox 1429 770 1663 843; x_wconf 86' lang='grc' dir='ltr'>Χριστδν</span> <span class='ocrx_word' id='word_1_35' title='bbox 1685 770 1933 834; x_wconf 82' lang='grc' dir='ltr'>πάθοιτε,</span> <span class='ocrx_word' id='word_1_36' title='bbox 1957 769 2094 824; x_wconf 87' lang='grc' dir='ltr'>ἀλλά</span> 
     </span>
    </p>
   </div>
   <div class='ocr_carea' id='block_1_6' title="bbox 521 853 2093 932">
    <p class='ocr_par' dir='ltr' id='par_1_6' title="bbox 521 853 2093 932">
     <span class='ocr_line' id='line_1_6' title="bbox 521 853 2093 932; baseline -0.008 -13"><span class='ocrx_word' id='word_1_37' title='bbox 521 865 617 920; x_wconf 77' lang='grc' dir='ltr'>καὶ</span> <span class='ocrx_word' id='word_1_38' title='bbox 650 862 861 932; x_wconf 81' lang='grc' dir='ltr'>χαίρειν</span> <span class='ocrx_word' id='word_1_39' title='bbox 886 859 962 922; x_wconf 89' lang='grc' dir='ltr'>ὡς</span> <span class='ocrx_word' id='word_1_40' title='bbox 985 860 1036 911; x_wconf 80' lang='grc' dir='ltr'>οἱ</span> <span class='ocrx_word' id='word_1_41' title='bbox 1057 856 1370 920; x_wconf 86' lang='grc' dir='ltr'>ἀπόστολοι,</span> <span class='ocrx_word' id='word_1_42' title='bbox 1396 857 1491 910; x_wconf 77' lang='grc' dir='ltr'>καὶ</span> <span class='ocrx_word' id='word_1_43' title='bbox 1514 853 1819 925; x_wconf 80' lang='grc' dir='ltr'>καυχᾶσθαι</span> <span class='ocrx_word' id='word_1_44' title='bbox 1845 854 1920 916; x_wconf 84' lang='grc' dir='ltr'>ὡς</span> <span class='ocrx_word' id='word_1_45' title='bbox 1943 853 2093 907; x_wconf 88' lang='grc' dir='ltr'>Παῦ-</span> 
     </span>
    </p>
   </div>
   <div class='ocr_carea' id='block_1_7' title="bbox 518 937 2097 1013">
    <p class='ocr_par' dir='ltr' id='par_1_7' title="bbox 518 937 2097 1013">
     <span class='ocr_line' id='line_1_7' title="bbox 518 937 2097 1013; baseline -0.013 -13"><span class='ocrx_word' id='word_1_46' title='bbox 518 950 609 1012; x_wconf 87' lang='grc' dir='ltr'>λος</span> <span class='ocrx_word' id='word_1_47' title='bbox 638 946 825 1013; x_wconf 86' lang='grc' dir='ltr'>έλεγεν</span> <span class='ocrx_word' id='word_1_48' title='bbox 861 959 875 974; x_wconf 73' lang='grc'><strong>⁸</strong></span> <span class='ocrx_word' id='word_1_49' title='bbox 921 941 1172 996; x_wconf 81' lang='grc' dir='ltr'>Ἥδιστα</span> <span class='ocrx_word' id='word_1_50' title='bbox 1223 940 1609 1009; x_wconf 77' lang='grc' dir='ltr'>καυχήσομαι</span> <span class='ocrx_word' id='word_1_51' title='bbox 1650 939 1719 991; x_wconf 81' lang='grc' dir='ltr'>ἐν</span> <span class='ocrx_word' id='word_1_52' title='bbox 1766 937 1893 1003; x_wconf 86' lang='grc' dir='ltr'>ταῖς</span> <span class='ocrx_word' id='word_1_53' title='bbox 1923 938 2097 993; x_wconf 82' lang='grc' dir='ltr'>ἀσθε.</span> 
     </span>
    </p>
   </div>
   <div class='ocr_carea' id='block_1_8' title="bbox 518 1021 2095 1098">
    <p class='ocr_par' dir='ltr' id='par_1_8' title="bbox 518 1021 2095 1098">
     <span class='ocr_line' id='line_1_8' title="bbox 518 1021 2095 1098; baseline -0.006 -13"><span class='ocrx_word' id='word_1_54' title='bbox 518 1031 706 1095; x_wconf 80' lang='grc' dir='ltr'>νείαις</span> <span class='ocrx_word' id='word_1_55' title='bbox 731 1046 875 1098; x_wconf 88' lang='grc' dir='ltr'>μου.</span> <span class='ocrx_word' id='word_1_56' title='bbox 911 1025 1011 1079; x_wconf 81' lang='grc' dir='ltr'>Διά</span> <span class='ocrx_word' id='word_1_57' title='bbox 1030 1026 1149 1097; x_wconf 81' lang='grc' dir='ltr'>,γὰρ</span> <span class='ocrx_word' id='word_1_58' title='bbox 1175 1022 1334 1077; x_wconf 83' lang='grc' dir='ltr'>τοῦτο</span> <span class='ocrx_word' id='word_1_59' title='bbox 1367 1023 1462 1076; x_wconf 76' lang='grc' dir='ltr'>καὶ</span> <span class='ocrx_word' id='word_1_60' title='bbox 1486 1023 1739 1092; x_wconf 72' lang='grc' dir='ltr'>ἤκουσεν,</span> <span class='ocrx_word' id='word_1_61' title='bbox 1780 1021 1975 1090; x_wconf 85' lang='grc' dir='ltr'>Ἀρκεῖ</span> <span class='ocrx_word' id='word_1_62' title='bbox 1995 1038 2095 1075; x_wconf 86' lang='grc' dir='ltr'>σοι</span> 
     </span>
    </p>
   </div>
   <div class='ocr_carea' id='block_1_9' title="bbox 518 1106 2093 1185">
    <p class='ocr_par' dir='ltr' id='par_1_9' title="bbox 518 1106 2093 1185">
     <span class='ocr_line' id='line_1_9' title="bbox 518 1106 2093 1185; baseline -0.005 -17"><span class='ocrx_word' id='word_1_63' title='bbox 518 1117 558 1185; x_wconf 79' lang='grc' dir='ltr'>ἡ</span> <span class='ocrx_word' id='word_1_64' title='bbox 587 1113 759 1184; x_wconf 85' lang='grc' dir='ltr'>χάρις</span> <span class='ocrx_word' id='word_1_65' title='bbox 782 1128 925 1181; x_wconf 88' lang='grc' dir='ltr'>μου.</span> <span class='ocrx_word' id='word_1_66' title='bbox 967 1109 1179 1173; x_wconf 74' lang='grc' dir='ltr'>Παῦλος</span> <span class='ocrx_word' id='word_1_67' title='bbox 1200 1108 1295 1159; x_wconf 78' lang='grc' dir='ltr'>ἐπὶ</span> <span class='ocrx_word' id='word_1_68' title='bbox 1332 1107 1551 1177; x_wconf 82' lang='grc' dir='ltr'>δεσμοῖς</span> <span class='ocrx_word' id='word_1_69' title='bbox 1578 1106 1875 1176; x_wconf 84' lang='grc' dir='ltr'>καυχᾶται,</span> <span class='ocrx_word' id='word_1_70' title='bbox 1908 1106 2093 1160; x_wconf 79' lang='grc' dir='ltr'>καὶσὺ</span> 
     </span>
    </p>
   </div>
   <div class='ocr_carea' id='block_1_10' title="bbox 518 1189 2095 1267">
    <p class='ocr_par' dir='ltr' id='par_1_10' title="bbox 518 1189 2095 1267">
     <span class='ocr_line' id='line_1_10' title="bbox 518 1189 2095 1267; baseline -0.006 -14"><span class='ocrx_word' id='word_1_71' title='bbox 518 1200 614 1255; x_wconf 67' lang='grc' dir='ltr'>ἐπὶ</span> <span class='ocrx_word' id='word_1_72' title='bbox 639 1195 857 1267; x_wconf 84' lang='grc' dir='ltr'>πλούτῳ</span> <span class='ocrx_word' id='word_1_73' title='bbox 888 1194 1031 1265; x_wconf 90' lang='grc' dir='ltr'>μέγα</span> <span class='ocrx_word' id='word_1_74' title='bbox 1061 1195 1311 1265; x_wconf 85' lang='grc' dir='ltr'>φρονεῖς;</span> <span class='ocrx_word' id='word_1_75' title='bbox 1344 1192 1394 1244; x_wconf 83' lang='grc' dir='ltr'>οἱ</span> <span class='ocrx_word' id='word_1_76' title='bbox 1422 1189 1712 1244; x_wconf 83' lang='grc' dir='ltr'>ἀπόστολοι</span> <span class='ocrx_word' id='word_1_77' title='bbox 1733 1190 1952 1261; x_wconf 81' lang='grc' dir='ltr'>ἔχαιρον</span> <span class='ocrx_word' id='word_1_78' title='bbox 1973 1230 1988 1253; x_wconf 90' lang='grc'>,</span> <span class='ocrx_word' id='word_1_79' title='bbox 2013 1191 2095 1243; x_wconf 85' lang='grc' dir='ltr'>ὅτι</span> 
     </span>
    </p>
   </div>
   <div class='ocr_carea' id='block_1_11' title="bbox 516 1273 2096 1353">
    <p class='ocr_par' dir='ltr' id='par_1_11' title="bbox 516 1273 2096 1353">
     <span class='ocr_line' id='line_1_11' title="bbox 516 1273 2096 1353; baseline -0.008 -15"><span class='ocrx_word' id='word_1_80' title='bbox 516 1278 942 1353; x_wconf 82' lang='grc' dir='ltr'>κατηξιώθησαν</span> <span class='ocrx_word' id='word_1_81' title='bbox 999 1275 1433 1348; x_wconf 81' lang='grc' dir='ltr'>μαστιγωθῆναι,</span> <span class='ocrx_word' id='word_1_82' title='bbox 1470 1274 1659 1327; x_wconf 75' lang='grc' dir='ltr'>καὶσὺ</span> <span class='ocrx_word' id='word_1_83' title='bbox 1711 1274 1894 1328; x_wconf 85' lang='grc' dir='ltr'>ἄνεσιν</span> <span class='ocrx_word' id='word_1_84' title='bbox 1914 1273 2096 1345; x_wconf 78' lang='grc' dir='ltr'>ζητεῖς</span> 
     </span>
    </p>
   </div>
   <div class='ocr_carea' id='block_1_12' title="bbox 518 1356 2097 1437">
    <p class='ocr_par' dir='ltr' id='par_1_12' title="bbox 518 1356 2097 1437">
     <span class='ocr_line' id='line_1_12' title="bbox 518 1356 2097 1437; baseline -0.008 -16"><span class='ocrx_word' id='word_1_85' title='bbox 518 1371 615 1422; x_wconf 80' lang='grc' dir='ltr'>καὶ</span> <span class='ocrx_word' id='word_1_86' title='bbox 641 1366 854 1437; x_wconf 87' lang='grc' dir='ltr'>τρυφήν</span> <span class='ocrx_word' id='word_1_87' title='bbox 883 1379 898 1429; x_wconf 89' lang='grc'>;</span> <span class='ocrx_word' id='word_1_88' title='bbox 930 1361 1054 1424; x_wconf 90' lang='grc' dir='ltr'>Πῶς</span> <span class='ocrx_word' id='word_1_89' title='bbox 1080 1356 1175 1413; x_wconf 80' lang='grc' dir='ltr'>οὖν</span> <span class='ocrx_word' id='word_1_90' title='bbox 1197 1358 1371 1422; x_wconf 87' lang='grc' dir='ltr'>θέλεις</span> <span class='ocrx_word' id='word_1_91' title='bbox 1395 1358 1502 1412; x_wconf 91' lang='grc' dir='ltr'>τῶν</span> <span class='ocrx_word' id='word_1_92' title='bbox 1533 1356 1712 1410; x_wconf 86' lang='grc' dir='ltr'>αὐτῶν</span> <span class='ocrx_word' id='word_1_93' title='bbox 1734 1357 1964 1421; x_wconf 87' lang='grc' dir='ltr'>ἐκείνοις</span> <span class='ocrx_word' id='word_1_94' title='bbox 2001 1374 2097 1410; x_wconf 89' lang='grc' dir='ltr'>τυ-</span> 
     </span>
    </p>
   </div>
   <div class='ocr_carea' id='block_1_13' title="bbox 518 1440 2094 1522">
    <p class='ocr_par' dir='ltr' id='par_1_13' title="bbox 518 1440 2094 1522">
     <span class='ocr_line' id='line_1_13' title="bbox 518 1440 2094 1522; baseline -0.006 -18"><span class='ocrx_word' id='word_1_95' title='bbox 518 1453 655 1522; x_wconf 88' lang='grc' dir='ltr'>χεῖν,</span> <span class='ocrx_word' id='word_1_96' title='bbox 687 1446 1021 1508; x_wconf 88' lang='grc' dir='ltr'>ἀπεναντίας</span> <span class='ocrx_word' id='word_1_97' title='bbox 1065 1446 1248 1507; x_wconf 84' lang='grc' dir='ltr'>αὐτοῖς</span> <span class='ocrx_word' id='word_1_98' title='bbox 1278 1441 1480 1496; x_wconf 82' lang='grc' dir='ltr'>ὁδεύων</span> <span class='ocrx_word' id='word_1_99' title='bbox 1502 1440 1736 1497; x_wconf 88' lang='grc' dir='ltr'>ἐνταῦθα</span> <span class='ocrx_word' id='word_1_100' title='bbox 1766 1459 1781 1508; x_wconf 89' lang='grc'><strong>;</strong></span> <span class='ocrx_word' id='word_1_101' title='bbox 1814 1442 1925 1496; x_wconf 79' lang='grc' dir='ltr'>Καὶ</span> <span class='ocrx_word' id='word_1_102' title='bbox 1955 1441 2094 1508; x_wconf 79' lang='grc' dir='ltr'>νῦν,</span> 
     </span>
    </p>
   </div>
   <div class='ocr_carea' id='block_1_14' title="bbox 520 1523 2097 1605">
    <p class='ocr_par' dir='ltr' id='par_1_14' title="bbox 520 1523 2097 1605">
     <span class='ocr_line' id='line_1_14' title="bbox 520 1523 2097 1605; baseline -0.006 -18"><span class='ocrx_word' id='word_1_103' title='bbox 520 1532 654 1605; x_wconf 79' lang='grc' dir='ltr'>φησὶ</span> <span class='ocrx_word' id='word_1_104' title='bbox 680 1574 693 1599; x_wconf 87' lang='grc'>,</span> <span class='ocrx_word' id='word_1_105' title='bbox 720 1531 1043 1598; x_wconf 83' lang='grc' dir='ltr'>πορεύομαι</span> <span class='ocrx_word' id='word_1_106' title='bbox 1067 1532 1155 1595; x_wconf 81' lang='grc' dir='ltr'>είς·</span> <span class='ocrx_word' id='word_1_107' title='bbox 1196 1527 1587 1595; x_wconf 81' lang='grc' dir='ltr'>Ἰεροσόλυμα</span> <span class='ocrx_word' id='word_1_108' title='bbox 1641 1524 1961 1594; x_wconf 76' lang='grc' dir='ltr'>δεδεμένος</span> <span class='ocrx_word' id='word_1_109' title='bbox 2015 1523 2097 1590; x_wconf 86' lang='grc' dir='ltr'>τῷ</span> 
     </span>
    </p>
   </div>
   <div class='ocr_carea' id='block_1_15' title="bbox 518 1606 2093 1685">
    <p class='ocr_par' dir='ltr' id='par_1_15' title="bbox 518 1606 2093 1685">
     <span class='ocr_line' id='line_1_15' title="bbox 518 1606 2093 1685; baseline -0.006 -15"><span class='ocrx_word' id='word_1_110' title='bbox 518 1616 831 1685; x_wconf 78' lang='grc' dir='ltr'>πνεύματι,</span> <span class='ocrx_word' id='word_1_111' title='bbox 867 1611 938 1665; x_wconf 84' lang='grc' dir='ltr'>τὰ</span> <span class='ocrx_word' id='word_1_112' title='bbox 977 1612 1047 1665; x_wconf 82' lang='grc' dir='ltr'>ἐν</span> <span class='ocrx_word' id='word_1_113' title='bbox 1094 1610 1298 1676; x_wconf 83' lang='grc' dir='ltr'>αὐτοῖς</span> <span class='ocrx_word' id='word_1_114' title='bbox 1348 1607 1820 1676; x_wconf 81' lang='grc' dir='ltr'>συναντήσοντά</span> <span class='ocrx_word' id='word_1_115' title='bbox 1857 1625 1959 1676; x_wconf 84' lang='grc' dir='ltr'>μοι</span> <span class='ocrx_word' id='word_1_116' title='bbox 2006 1606 2093 1677; x_wconf 82' lang='grc' dir='ltr'>μὴ</span> 
     </span>
    </p>
   </div>
   <div class='ocr_carea' id='block_1_16' title="bbox 518 1692 2095 1766">
    <p class='ocr_par' dir='ltr' id='par_1_16' title="bbox 518 1692 2095 1766">
     <span class='ocr_line' id='line_1_16' title="bbox 518 1692 2095 1766; baseline -0.006 -11"><span class='ocrx_word' id='word_1_117' title='bbox 518 1701 711 1766; x_wconf 85' lang='grc' dir='ltr'>είδὼς,</span> <span class='ocrx_word' id='word_1_118' title='bbox 757 1696 927 1765; x_wconf 77' lang='grc' dir='ltr'>πλὴν</span> <span class='ocrx_word' id='word_1_119' title='bbox 973 1694 1061 1749; x_wconf 85' lang='grc' dir='ltr'>ὅτι</span> <span class='ocrx_word' id='word_1_120' title='bbox 1091 1696 1155 1749; x_wconf 84' lang='grc' dir='ltr'>τὸ</span> <span class='ocrx_word' id='word_1_121' title='bbox 1182 1692 1428 1763; x_wconf 81' lang='grc' dir='ltr'>Πνεῦμά</span> <span class='ocrx_word' id='word_1_122' title='bbox 1447 1711 1550 1763; x_wconf 90' lang='grc' dir='ltr'>μοι</span> <span class='ocrx_word' id='word_1_123' title='bbox 1587 1692 1738 1746; x_wconf 83' lang='grc' dir='ltr'>κατὰ</span> <span class='ocrx_word' id='word_1_124' title='bbox 1754 1694 1937 1745; x_wconf 79' lang='grc' dir='ltr'>πόλιν</span> <span class='ocrx_word' id='word_1_125' title='bbox 1969 1692 2095 1745; x_wconf 89' lang='grc' dir='ltr'>δια-</span> 
     </span>
    </p>
   </div>
   <div class='ocr_carea' id='block_1_17' title="bbox 513 1774 2097 1856">
    <p class='ocr_par' dir='ltr' id='par_1_17' title="bbox 513 1774 2097 1856">
     <span class='ocr_line' id='line_1_17' title="bbox 513 1774 2097 1856; baseline -0.006 -19"><span class='ocrx_word' id='word_1_126' title='bbox 513 1784 870 1856; x_wconf 84' lang='grc' dir='ltr'>μαρτύρεται</span> <span class='ocrx_word' id='word_1_127' title='bbox 898 1780 1101 1850; x_wconf 75' lang='grc' dir='ltr'>λέγον,</span> <span class='ocrx_word' id='word_1_128' title='bbox 1156 1781 1245 1833; x_wconf 83' lang='grc' dir='ltr'>ὅτι</span> <span class='ocrx_word' id='word_1_129' title='bbox 1292 1777 1488 1848; x_wconf 85' lang='grc' dir='ltr'>δεσμά</span> <span class='ocrx_word' id='word_1_130' title='bbox 1506 1795 1584 1847; x_wconf 84' lang='grc' dir='ltr'>με</span> <span class='ocrx_word' id='word_1_131' title='bbox 1615 1778 1709 1831; x_wconf 74' lang='grc' dir='ltr'>καί</span> <span class='ocrx_word' id='word_1_132' title='bbox 1735 1778 1970 1844; x_wconf 75' lang='grc' dir='ltr'>θλίψεις</span> <span class='ocrx_word' id='word_1_133' title='bbox 1996 1774 2097 1844; x_wconf 81' lang='grc' dir='ltr'>μέ·-</span> 
     </span>
    </p>
   </div>
   <div class='ocr_carea' id='block_1_18' title="bbox 517 1859 2095 1933">
    <p class='ocr_par' dir='ltr' id='par_1_18' title="bbox 517 1859 2095 1933">
     <span class='ocr_line' id='line_1_18' title="bbox 517 1859 2095 1933; baseline -0.008 -11"><span class='ocrx_word' id='word_1_134' title='bbox 517 1882 720 1922; x_wconf 70' lang='lat' dir='ltr'>roum.</span> <span class='ocrx_word' id='word_1_135' title='bbox 757 1864 827 1919; x_wconf 87' lang='grc' dir='ltr'>Τί</span> <span class='ocrx_word' id='word_1_136' title='bbox 850 1859 942 1918; x_wconf 82' lang='grc' dir='ltr'>οὖν</span> <span class='ocrx_word' id='word_1_137' title='bbox 975 1863 1213 1933; x_wconf 74' lang='grc' dir='ltr'>ἀπέρχῃ,</span> <span class='ocrx_word' id='word_1_138' title='bbox 1247 1863 1296 1914; x_wconf 87' lang='grc' dir='ltr'>εί</span> <span class='ocrx_word' id='word_1_139' title='bbox 1320 1860 1495 1932; x_wconf 88' lang='grc' dir='ltr'>δεσμά</span> <span class='ocrx_word' id='word_1_140' title='bbox 1540 1877 1599 1913; x_wconf 91' lang='grc' dir='ltr'>σε</span> <span class='ocrx_word' id='word_1_141' title='bbox 1631 1862 1725 1913; x_wconf 71' lang='grc' dir='ltr'>καὶ</span> <span class='ocrx_word' id='word_1_142' title='bbox 1756 1859 1962 1929; x_wconf 78' lang='grc' dir='ltr'>θλίψεις</span> <span class='ocrx_word' id='word_1_143' title='bbox 1996 1859 2095 1931; x_wconf 90' lang='grc' dir='ltr'>μέ-</span> 
     </span>
    </p>
   </div>
   <div class='ocr_carea' id='block_1_19' title="bbox 519 1942 2096 2016">
    <p class='ocr_par' dir='ltr' id='par_1_19' title="bbox 519 1942 2096 2016">
     <span class='ocr_line' id='line_1_19' title="bbox 519 1942 2096 2016; baseline -0.004 -12"><span class='ocrx_word' id='word_1_144' title='bbox 519 1948 836 2016; x_wconf 89' lang='grc' dir='ltr'>νουσι;Διά</span> <span class='ocrx_word' id='word_1_145' title='bbox 883 1945 1042 2001; x_wconf 84' lang='grc' dir='ltr'>τοῦτο</span> <span class='ocrx_word' id='word_1_146' title='bbox 1106 1945 1259 2009; x_wconf 74' lang='grc' dir='ltr'>αὐτὸ,</span> <span class='ocrx_word' id='word_1_147' title='bbox 1317 1944 1505 2015; x_wconf 76' lang='grc' dir='ltr'>φησὶν,</span> <span class='ocrx_word' id='word_1_148' title='bbox 1546 1943 1633 1997; x_wconf 81' lang='grc' dir='ltr'>ἴνα</span> <span class='ocrx_word' id='word_1_149' title='bbox 1681 1943 1965 2014; x_wconf 87' lang='grc' dir='ltr'>δεσμευθῶ</span> <span class='ocrx_word' id='word_1_150' title='bbox 2009 1942 2096 1997; x_wconf 86' lang='grc' dir='ltr'>διά</span> 
     </span>
    </p>
   </div>
   <div class='ocr_carea' id='block_1_20' title="bbox 522 2026 2096 2107">
    <p class='ocr_par' dir='ltr' id='par_1_20' title="bbox 522 2026 2096 2107">
     <span class='ocr_line' id='line_1_20' title="bbox 522 2026 2096 2107; baseline -0.006 -18"><span class='ocrx_word' id='word_1_151' title='bbox 522 2035 778 2107; x_wconf 80' lang='grc' dir='ltr'>Χριστὸν,</span> <span class='ocrx_word' id='word_1_152' title='bbox 815 2033 905 2086; x_wconf 79' lang='grc' dir='ltr'>ἵνα</span> <span class='ocrx_word' id='word_1_153' title='bbox 941 2030 1201 2085; x_wconf 82' lang='grc' dir='ltr'>ἀποθάνω</span> <span class='ocrx_word' id='word_1_154' title='bbox 1238 2028 1305 2082; x_wconf 88' lang='grc' dir='ltr'>δι’</span> <span class='ocrx_word' id='word_1_155' title='bbox 1328 2028 1512 2082; x_wconf 83' lang='grc' dir='ltr'>αὐτόν.</span> <span class='ocrx_word' id='word_1_156' title='bbox 1564 2028 1638 2081; x_wconf 87' lang='grc' dir='ltr'>Ού</span> <span class='ocrx_word' id='word_1_157' title='bbox 1670 2026 1777 2099; x_wconf 84' lang='lat'>7&amp;9</span> <span class='ocrx_word' id='word_1_158' title='bbox 1817 2029 1979 2098; x_wconf 87' lang='grc' dir='ltr'>μόνον</span> <span class='ocrx_word' id='word_1_159' title='bbox 2007 2029 2096 2081; x_wconf 89' lang='grc' dir='ltr'>δε-</span> 
     </span>
    </p>
   </div>
   <div class='ocr_carea' id='block_1_21' title="bbox 527 2110 2097 2189">
    <p class='ocr_par' dir='ltr' id='par_1_21' title="bbox 527 2110 2097 2189">
     <span class='ocr_line' id='line_1_21' title="bbox 527 2110 2097 2189; baseline -0.006 -16"><span class='ocrx_word' id='word_1_160' title='bbox 527 2120 712 2189; x_wconf 89' lang='grc' dir='ltr'>θῆναι,</span> <span class='ocrx_word' id='word_1_161' title='bbox 758 2116 895 2172; x_wconf 84' lang='grc' dir='ltr'>ἀλλὰ</span> <span class='ocrx_word' id='word_1_162' title='bbox 962 2116 1057 2169; x_wconf 80' lang='grc' dir='ltr'>καὶ</span> <span class='ocrx_word' id='word_1_163' title='bbox 1110 2112 1404 2167; x_wconf 86' lang='grc' dir='ltr'>ἀποθανεῖν</span> <span class='ocrx_word' id='word_1_164' title='bbox 1434 2111 1669 2181; x_wconf 82' lang='grc' dir='ltr'>ἑτοίμως</span> <span class='ocrx_word' id='word_1_165' title='bbox 1697 2112 1806 2181; x_wconf 85' lang='grc' dir='ltr'>έχω</span> <span class='ocrx_word' id='word_1_166' title='bbox 1834 2112 1974 2183; x_wconf 83' lang='grc' dir='ltr'>ὑπὲρ</span> <span class='ocrx_word' id='word_1_167' title='bbox 2002 2110 2097 2164; x_wconf 90' lang='grc' dir='ltr'>τοῦ</span> 
     </span>
    </p>
   </div>
   <div class='ocr_carea' id='block_1_22' title="bbox 523 2194 1832 2273">
    <p class='ocr_par' dir='ltr' id='par_1_22' title="bbox 523 2194 1832 2273">
     <span class='ocr_line' id='line_1_22' title="bbox 523 2194 1832 2273; baseline -0.006 -15"><span class='ocrx_word' id='word_1_168' title='bbox 523 2202 790 2273; x_wconf 86' lang='grc' dir='ltr'>ὀνόματος</span> <span class='ocrx_word' id='word_1_169' title='bbox 813 2198 909 2253; x_wconf 87' lang='grc' dir='ltr'>τοῦ</span> <span class='ocrx_word' id='word_1_170' title='bbox 932 2197 1139 2270; x_wconf 81' lang='grc' dir='ltr'>Κυρίου</span> <span class='ocrx_word' id='word_1_171' title='bbox 1169 2195 1329 2266; x_wconf 81' lang='grc' dir='ltr'>ημῶν</span> <span class='ocrx_word' id='word_1_172' title='bbox 1357 2194 1534 2266; x_wconf 84' lang='grc' dir='ltr'>Ἰησοῦ</span> <span class='ocrx_word' id='word_1_173' title='bbox 1568 2195 1832 2265; x_wconf 84' lang='grc' dir='ltr'>Χριστοῦ.</span> 
     </span>
    </p>
   </div>
   <div class='ocr_carea' id='block_1_23' title="bbox 595 2376 2097 2457">
    <p class='ocr_par' dir='ltr' id='par_1_23' title="bbox 595 2376 2097 2457">
     <span class='ocr_line' id='line_1_23' title="bbox 595 2376 2097 2457; baseline -0.007 -16"><span class='ocrx_word' id='word_1_174' title='bbox 595 2388 762 2441; x_wconf 78' lang='grc' dir='ltr'>οὐδὲν</span> <span class='ocrx_word' id='word_1_175' title='bbox 791 2385 891 2457; x_wconf 83' lang='grc' dir='ltr'>τῆς</span> <span class='ocrx_word' id='word_1_176' title='bbox 920 2383 1099 2455; x_wconf 69' lang='grc' dir='ltr'>ψυχῆς</span> <span class='ocrx_word' id='word_1_177' title='bbox 1138 2379 1360 2450; x_wconf 90' lang='grc' dir='ltr'>ἐκείνης</span> <span class='ocrx_word' id='word_1_178' title='bbox 1396 2376 1832 2449; x_wconf 84' lang='grc' dir='ltr'>μακαριώτερον.</span> <span class='ocrx_word' id='word_1_179' title='bbox 1875 2378 1966 2431; x_wconf 86' lang='grc' dir='ltr'>Ἐν</span> <span class='ocrx_word' id='word_1_180' title='bbox 1988 2377 2097 2431; x_wconf 91' lang='grc' dir='ltr'>τίσι</span> 
     </span>
    </p>
   </div>
   <div class='ocr_carea' id='block_1_24' title="bbox 524 2461 2098 2542">
    <p class='ocr_par' dir='ltr' id='par_1_24' title="bbox 524 2461 2098 2542">
     <span class='ocr_line' id='line_1_24' title="bbox 524 2461 2098 2542; baseline -0.01 -15"><span class='ocrx_word' id='word_1_181' title='bbox 524 2472 796 2542; x_wconf 80' lang='grc' dir='ltr'>καυχᾶται</span> <span class='ocrx_word' id='word_1_182' title='bbox 814 2486 830 2536; x_wconf 91' lang='lat'><strong>;</strong></span> <span class='ocrx_word' id='word_1_183' title='bbox 849 2469 936 2521; x_wconf 85' lang='lat' dir='ltr'>’Ev</span> <span class='ocrx_word' id='word_1_184' title='bbox 956 2467 1194 2537; x_wconf 80' lang='grc' dir='ltr'>δεσμοῖς,</span> <span class='ocrx_word' id='word_1_185' title='bbox 1214 2466 1273 2517; x_wconf 85' lang='grc' dir='ltr'>ἐν</span> <span class='ocrx_word' id='word_1_186' title='bbox 1295 2461 1559 2532; x_wconf 82' lang='grc' dir='ltr'>θλίψεσιν,</span> <span class='ocrx_word' id='word_1_187' title='bbox 1572 2462 1629 2515; x_wconf 84' lang='grc' dir='ltr'>ἐν</span> <span class='ocrx_word' id='word_1_188' title='bbox 1649 2462 1855 2528; x_wconf 81' lang='grc' dir='ltr'>ἁλύσει,</span> <span class='ocrx_word' id='word_1_189' title='bbox 1872 2463 1929 2514; x_wconf 89' lang='grc' dir='ltr'>ἐν</span> <span class='ocrx_word' id='word_1_190' title='bbox 1946 2462 2098 2529; x_wconf 90' lang='grc' dir='ltr'>στίγ-</span> 
     </span>
    </p>
   </div>
   <div class='ocr_carea' id='block_1_25' title="bbox 530 2543 2099 2629">
    <p class='ocr_par' dir='ltr' id='par_1_25' title="bbox 530 2543 2099 2629">
     <span class='ocr_line' id='line_1_25' title="bbox 530 2543 2099 2629; baseline -0.006 -21"><span class='ocrx_word' id='word_1_191' title='bbox 530 2573 716 2629; x_wconf 81' lang='grc' dir='ltr'>μασιν.</span> <span class='ocrx_word' id='word_1_192' title='bbox 782 2550 931 2621; x_wconf 67' lang='grc' dir='ltr'>Ἐνὼ</span> <span class='ocrx_word' id='word_1_193' title='bbox 988 2550 1063 2603; x_wconf 89' lang='grc' dir='ltr'>τὰ</span> <span class='ocrx_word' id='word_1_194' title='bbox 1119 2548 1417 2617; x_wconf 82' lang='grc' dir='ltr'>στίγματα</span> <span class='ocrx_word' id='word_1_195' title='bbox 1462 2546 1571 2600; x_wconf 85' lang='grc' dir='ltr'>τοῦ</span> <span class='ocrx_word' id='word_1_196' title='bbox 1609 2548 1847 2629; x_wconf 53' lang='grc' dir='ltr'>Κυρίοιι</span> <span class='ocrx_word' id='word_1_197' title='bbox 1905 2543 2099 2629; x_wconf 83' lang='grc' dir='ltr'>Ἰησοῦ</span> 
     </span>
    </p>
   </div>
   <div class='ocr_carea' id='block_1_26' title="bbox 523 2627 2095 2710">
    <p class='ocr_par' dir='ltr' id='par_1_26' title="bbox 523 2627 2095 2710">
     <span class='ocr_line' id='line_1_26' title="bbox 523 2627 2095 2710; baseline -0.008 -16"><span class='ocrx_word' id='word_1_198' title='bbox 523 2627 1003 2710; x_wconf 77' lang='grc' dir='ltr'>Χριστοῦ,φησὶν,</span> <span class='ocrx_word' id='word_1_199' title='bbox 1023 2634 1094 2687; x_wconf 78' lang='grc' dir='ltr'>ἐν</span> <span class='ocrx_word' id='word_1_200' title='bbox 1114 2631 1196 2699; x_wconf 86' lang='grc' dir='ltr'>τῷ</span> <span class='ocrx_word' id='word_1_201' title='bbox 1212 2631 1440 2700; x_wconf 85' lang='grc' dir='ltr'>σώματί</span> <span class='ocrx_word' id='word_1_202' title='bbox 1464 2647 1584 2700; x_wconf 86' lang='grc' dir='ltr'>μου</span> <span class='ocrx_word' id='word_1_203' title='bbox 1603 2627 1903 2694; x_wconf 78' lang='grc' dir='ltr'>βαστάζω,</span> <span class='ocrx_word' id='word_1_204' title='bbox 1930 2628 2095 2682; x_wconf 84' lang='grc' dir='ltr'>καθά-</span> 
     </span>
    </p>
   </div>
   <div class='ocr_carea' id='block_1_27' title="bbox 523 2713 2096 2796">
    <p class='ocr_par' dir='ltr' id='par_1_27' title="bbox 523 2713 2096 2796">
     <span class='ocr_line' id='line_1_27' title="bbox 523 2713 2096 2796; baseline -0.007 -18"><span class='ocrx_word' id='word_1_205' title='bbox 523 2742 629 2796; x_wconf 83' lang='grc' dir='ltr'>περ</span> <span class='ocrx_word' id='word_1_206' title='bbox 643 2720 898 2794; x_wconf 83' lang='grc' dir='ltr'>τρόπαιόν</span> <span class='ocrx_word' id='word_1_207' title='bbox 912 2736 966 2772; x_wconf 91' lang='grc' dir='ltr'>τι</span> <span class='ocrx_word' id='word_1_208' title='bbox 984 2716 1143 2788; x_wconf 80' lang='grc' dir='ltr'>μέγα³</span> <span class='ocrx_word' id='word_1_209' title='bbox 1158 2716 1253 2769; x_wconf 76' lang='grc' dir='ltr'>καὶ</span> <span class='ocrx_word' id='word_1_210' title='bbox 1268 2715 1708 2781; x_wconf 78' lang='grc' dir='ltr'>πάλιν,“Ενεκεν</span> <span class='ocrx_word' id='word_1_211' title='bbox 1719 2713 1824 2767; x_wconf 89' lang='grc' dir='ltr'>τοῦ</span> <span class='ocrx_word' id='word_1_212' title='bbox 1841 2714 2096 2782; x_wconf 78' lang='grc' dir='ltr'>Ἰσραὴλ,</span> 
     </span>
    </p>
   </div>
   <div class='ocr_carea' id='block_1_28' title="bbox 525 2796 2097 2878">
    <p class='ocr_par' dir='ltr' id='par_1_28' title="bbox 525 2796 2097 2878">
     <span class='ocr_line' id='line_1_28' title="bbox 525 2796 2097 2878; baseline -0.007 -18"><span class='ocrx_word' id='word_1_213' title='bbox 525 2807 682 2878; x_wconf 71' lang='grc' dir='ltr'>φησὶ,</span> <span class='ocrx_word' id='word_1_214' title='bbox 722 2808 836 2871; x_wconf 74' lang='grc' dir='ltr'>τὴν</span> <span class='ocrx_word' id='word_1_215' title='bbox 856 2802 1084 2857; x_wconf 69' lang='grc' dir='ltr'>ἅλυσιν</span> <span class='ocrx_word' id='word_1_216' title='bbox 1105 2799 1336 2867; x_wconf 80' lang='grc' dir='ltr'>ταύτην</span> <span class='ocrx_word' id='word_1_217' title='bbox 1368 2798 1704 2867; x_wconf 78' lang='grc' dir='ltr'>περίκειμαι</span> <span class='ocrx_word' id='word_1_218' title='bbox 1738 2814 1752 2828; x_wconf 88' lang='grc'>·</span> <span class='ocrx_word' id='word_1_219' title='bbox 1782 2797 1875 2851; x_wconf 73' lang='grc' dir='ltr'>καὶ</span> <span class='ocrx_word' id='word_1_220' title='bbox 1914 2796 2097 2860; x_wconf 87' lang='grc' dir='ltr'>πάλιν,</span> 
     </span>
    </p>
   </div>
   <div class='ocr_carea' id='block_1_29' title="bbox 538 2879 2101 2959">
    <p class='ocr_par' dir='ltr' id='par_1_29' title="bbox 538 2879 2101 2959">
     <span class='ocr_line' id='line_1_29' title="bbox 538 2879 2101 2959; baseline -0.001 -23"><span class='ocrx_word' id='word_1_221' title='bbox 538 2893 643 2945; x_wconf 78' lang='grc' dir='ltr'>Ἐν</span> <span class='ocrx_word' id='word_1_222' title='bbox 672 2883 712 2959; x_wconf 79' lang='grc' dir='ltr'><strong><em>ᾗ</em></strong></span> <span class='ocrx_word' id='word_1_223' title='bbox 765 2884 1075 2955; x_wconf 83' lang='grc' dir='ltr'>πρεσϐεύω</span> <span class='ocrx_word' id='word_1_224' title='bbox 1138 2883 1206 2936; x_wconf 80' lang='grc' dir='ltr'>ἐν</span> <span class='ocrx_word' id='word_1_225' title='bbox 1256 2881 1493 2936; x_wconf 69' lang='grc' dir='ltr'>ἁλύσει.</span> <span class='ocrx_word' id='word_1_226' title='bbox 1537 2881 1601 2932; x_wconf 90' lang='grc' dir='ltr'>Τί</span> <span class='ocrx_word' id='word_1_227' title='bbox 1627 2881 1744 2932; x_wconf 87' lang='grc' dir='ltr'>ἐστι</span> <span class='ocrx_word' id='word_1_228' title='bbox 1770 2879 1927 2933; x_wconf 85' lang='grc' dir='ltr'>τοῦτο</span> <span class='ocrx_word' id='word_1_229' title='bbox 1960 2881 2101 2945; x_wconf 80' lang='grc' dir='ltr'>;ούκ</span> 
     </span>
    </p>
   </div>
   <div class='ocr_carea' id='block_1_30' title="bbox 526 2963 2102 3044">
    <p class='ocr_par' dir='ltr' id='par_1_30' title="bbox 526 2963 2102 3044">
     <span class='ocr_line' id='line_1_30' title="bbox 526 2963 2102 3044; baseline -0.013 -17"><span class='ocrx_word' id='word_1_230' title='bbox 526 2972 794 3044; x_wconf 76' lang='grc' dir='ltr'>αἰσχύνῃ;</span> <span class='ocrx_word' id='word_1_231' title='bbox 826 2969 885 3022; x_wconf 85' lang='grc' dir='ltr'>ού</span> <span class='ocrx_word' id='word_1_232' title='bbox 915 2967 1165 3030; x_wconf 86' lang='grc' dir='ltr'>δέδοικας</span> <span class='ocrx_word' id='word_1_233' title='bbox 1207 2969 1308 3036; x_wconf 82' lang='grc' dir='ltr'>τὴν</span> <span class='ocrx_word' id='word_1_234' title='bbox 1352 2963 1680 3034; x_wconf 77' lang='grc' dir='ltr'>οἰκουμένην</span> <span class='ocrx_word' id='word_1_235' title='bbox 1696 2963 1981 3035; x_wconf 82' lang='grc' dir='ltr'>δεσμώτης</span> <span class='ocrx_word' id='word_1_236' title='bbox 2002 2982 2102 3018; x_wconf 86' lang='grc' dir='ltr'>πε-</span> 
     </span>
    </p>
   </div>
   <div class='ocr_carea' id='block_1_31' title="bbox 531 3048 2103 3131">
    <p class='ocr_par' dir='ltr' id='par_1_31' title="bbox 531 3048 2103 3131">
     <span class='ocr_line' id='line_1_31' title="bbox 531 3048 2103 3131; baseline -0.006 -20"><span class='ocrx_word' id='word_1_237' title='bbox 531 3056 686 3131; x_wconf 85' lang='grc' dir='ltr'>ριιών</span> <span class='ocrx_word' id='word_1_238' title='bbox 715 3072 732 3122; x_wconf 90' lang='lat'><strong>;</strong></span> <span class='ocrx_word' id='word_1_239' title='bbox 762 3054 822 3107; x_wconf 88' lang='grc' dir='ltr'>ού</span> <span class='ocrx_word' id='word_1_240' title='bbox 855 3052 994 3123; x_wconf 75' lang='grc' dir='ltr'>φοϐῇ</span> <span class='ocrx_word' id='word_1_241' title='bbox 1026 3052 1100 3122; x_wconf 89' lang='grc' dir='ltr'>μή</span> <span class='ocrx_word' id='word_1_242' title='bbox 1154 3064 1239 3113; x_wconf 86' lang='grc' dir='ltr'>τις</span> <span class='ocrx_word' id='word_1_243' title='bbox 1272 3049 1563 3103; x_wconf 86' lang='grc' dir='ltr'>ἀσθένειαν</span> <span class='ocrx_word' id='word_1_244' title='bbox 1590 3048 1685 3102; x_wconf 87' lang='grc' dir='ltr'>τοῦ</span> <span class='ocrx_word' id='word_1_245' title='bbox 1712 3049 1847 3102; x_wconf 84' lang='grc' dir='ltr'>Θεοῦ</span> <span class='ocrx_word' id='word_1_246' title='bbox 1886 3066 1978 3103; x_wconf 86' lang='grc' dir='ltr'>σου</span> <span class='ocrx_word' id='word_1_247' title='bbox 2005 3067 2103 3102; x_wconf 81' lang='grc' dir='ltr'>κα-</span> 
     </span>
    </p>
   </div>
   <div class='ocr_carea' id='block_1_32' title="bbox 525 3131 2103 3211">
    <p class='ocr_par' dir='ltr' id='par_1_32' title="bbox 525 3131 2103 3211">
     <span class='ocr_line' id='line_1_32' title="bbox 525 3131 2103 3211; baseline -0.006 -16"><span class='ocrx_word' id='word_1_248' title='bbox 525 3138 744 3211; x_wconf 84' lang='grc' dir='ltr'>ταγνῷ;</span> <span class='ocrx_word' id='word_1_249' title='bbox 770 3137 845 3209; x_wconf 89' lang='grc' dir='ltr'>μή</span> <span class='ocrx_word' id='word_1_250' title='bbox 865 3152 949 3198; x_wconf 92' lang='grc' dir='ltr'>τις</span> <span class='ocrx_word' id='word_1_251' title='bbox 974 3135 1065 3187; x_wconf 79' lang='grc' dir='ltr'>διὰ</span> <span class='ocrx_word' id='word_1_252' title='bbox 1084 3132 1245 3187; x_wconf 88' lang='grc' dir='ltr'>τοῦτο</span> <span class='ocrx_word' id='word_1_253' title='bbox 1268 3134 1328 3185; x_wconf 86' lang='grc' dir='ltr'>οὐ</span> <span class='ocrx_word' id='word_1_254' title='bbox 1359 3132 1434 3205; x_wconf 79' lang='grc' dir='ltr'>μὴ</span> <span class='ocrx_word' id='word_1_255' title='bbox 1469 3131 1748 3203; x_wconf 78' lang='grc' dir='ltr'>προσέλθῃ</span> <span class='ocrx_word' id='word_1_256' title='bbox 1777 3149 1791 3198; x_wconf 91' lang='grc'>;</span> <span class='ocrx_word' id='word_1_257' title='bbox 1828 3132 1901 3185; x_wconf 85' lang='grc' dir='ltr'>Ού</span> <span class='ocrx_word' id='word_1_258' title='bbox 1918 3132 2103 3186; x_wconf 76' lang='grc' dir='ltr'>τοιαῦ·</span> 
     </span>
    </p>
   </div>
   <div class='ocr_carea' id='block_1_33' title="bbox 526 3211 2101 3296">
    <p class='ocr_par' dir='ltr' id='par_1_33' title="bbox 526 3211 2101 3296">
     <span class='ocr_line' id='line_1_33' title="bbox 526 3211 2101 3296; baseline -0.008 -15"><span class='ocrx_word' id='word_1_259' title='bbox 526 3225 598 3280; x_wconf 89' lang='grc' dir='ltr'>τά</span> <span class='ocrx_word' id='word_1_260' title='bbox 627 3240 750 3296; x_wconf 87' lang='grc' dir='ltr'>μου,</span> <span class='ocrx_word' id='word_1_261' title='bbox 780 3218 1020 3292; x_wconf 74' lang='grc' dir='ltr'>φησὶ,τά</span> <span class='ocrx_word' id='word_1_262' title='bbox 1047 3217 1226 3287; x_wconf 86' lang='grc' dir='ltr'>δεσμά</span> <span class='ocrx_word' id='word_1_263' title='bbox 1252 3232 1266 3247; x_wconf 87' lang='grc'><strong>·</strong></span> <span class='ocrx_word' id='word_1_264' title='bbox 1300 3211 1407 3269; x_wconf 67' lang='grc' dir='ltr'>οἶδε</span> <span class='ocrx_word' id='word_1_265' title='bbox 1439 3216 1536 3270; x_wconf 77' lang='grc' dir='ltr'>καὶ</span> <span class='ocrx_word' id='word_1_266' title='bbox 1562 3217 1620 3269; x_wconf 94' lang='grc' dir='ltr'>ἐν</span> <span class='ocrx_word' id='word_1_267' title='bbox 1642 3216 1933 3287; x_wconf 83' lang='grc' dir='ltr'>βασιλείοις</span> <span class='ocrx_word' id='word_1_268' title='bbox 1964 3216 2101 3288; x_wconf 86' lang='grc' dir='ltr'>λάμ-</span> 
     </span>
    </p>
   </div>
   <div class='ocr_carea' id='block_1_34' title="bbox 529 3300 2103 3370">
    <p class='ocr_par' dir='ltr' id='par_1_34' title="bbox 529 3300 2103 3370">
     <span class='ocr_line' id='line_1_34' title="bbox 529 3300 2103 3370; baseline -0.007 -8"><span class='ocrx_word' id='word_1_269' title='bbox 529 3326 672 3362; x_wconf 87' lang='grc' dir='ltr'>πειν.</span> <span class='ocrx_word' id='word_1_270' title='bbox 695 3306 879 3359; x_wconf 80' lang='grc' dir='ltr'>’Ὥστε</span> <span class='ocrx_word' id='word_1_271' title='bbox 934 3301 1079 3368; x_wconf 85' lang='grc' dir='ltr'>τοὺς</span> <span class='ocrx_word' id='word_1_272' title='bbox 1129 3300 1394 3369; x_wconf 82' lang='grc' dir='ltr'>δεσμούς</span> <span class='ocrx_word' id='word_1_273' title='bbox 1426 3317 1570 3368; x_wconf 89' lang='grc' dir='ltr'>μου,</span> <span class='ocrx_word' id='word_1_274' title='bbox 1616 3302 1771 3370; x_wconf 80' lang='grc' dir='ltr'>φησὶ,</span> <span class='ocrx_word' id='word_1_275' title='bbox 1806 3300 2103 3368; x_wconf 74' lang='grc' dir='ltr'>φανεροὺς</span> 
     </span>
    </p>
   </div>
   <div class='ocr_carea' id='block_1_35' title="bbox 527 3382 2100 3461">
    <p class='ocr_par' dir='ltr' id='par_1_35' title="bbox 527 3382 2100 3461">
     <span class='ocr_line' id='line_1_35' title="bbox 527 3382 2100 3461; baseline -0.006 -15"><span class='ocrx_word' id='word_1_276' title='bbox 527 3389 809 3461; x_wconf 72' lang='grc' dir='ltr'>γενέσθαι</span> <span class='ocrx_word' id='word_1_277' title='bbox 843 3386 914 3440; x_wconf 80' lang='grc' dir='ltr'>ἐν</span> <span class='ocrx_word' id='word_1_278' title='bbox 957 3385 1079 3452; x_wconf 79' lang='grc' dir='ltr'>ὅλῳ</span> <span class='ocrx_word' id='word_1_279' title='bbox 1115 3382 1195 3449; x_wconf 81' lang='grc' dir='ltr'>τῷ</span> <span class='ocrx_word' id='word_1_280' title='bbox 1219 3383 1571 3451; x_wconf 79' lang='grc' dir='ltr'>πραιτωρίῳ,</span> <span class='ocrx_word' id='word_1_281' title='bbox 1607 3382 1864 3448; x_wconf 73' lang='grc' dir='ltr'>καὶτοὺς</span> <span class='ocrx_word' id='word_1_282' title='bbox 1893 3384 2100 3437; x_wconf 69' lang='grc' dir='ltr'>πλείο-</span> 
     </span>
    </p>
   </div>
   <div class='ocr_carea' id='block_1_36' title="bbox 527 3465 2106 3539">
    <p class='ocr_par' dir='ltr' id='par_1_36' title="bbox 527 3465 2106 3539">
     <span class='ocr_line' id='line_1_36' title="bbox 527 3465 2106 3539; baseline -0.006 -10"><span class='ocrx_word' id='word_1_283' title='bbox 527 3492 641 3539; x_wconf 79' lang='grc' dir='ltr'>⁴νας</span> <span class='ocrx_word' id='word_1_284' title='bbox 659 3472 779 3528; x_wconf 82' lang='grc' dir='ltr'>τῶν</span> <span class='ocrx_word' id='word_1_285' title='bbox 807 3466 1089 3539; x_wconf 68' lang='grc' dir='ltr'>ἀδελφῶν·</span> <span class='ocrx_word' id='word_1_286' title='bbox 1133 3467 1204 3521; x_wconf 80' lang='grc' dir='ltr'>ἐν</span> <span class='ocrx_word' id='word_1_287' title='bbox 1244 3467 1440 3537; x_wconf 81' lang='grc' dir='ltr'>Κυρίῳ</span> <span class='ocrx_word' id='word_1_288' title='bbox 1481 3468 1842 3533; x_wconf 80' lang='grc' dir='ltr'>πεποιθότας</span> <span class='ocrx_word' id='word_1_289' title='bbox 1866 3470 1990 3532; x_wconf 83' lang='grc' dir='ltr'>τοῖς</span> <span class='ocrx_word' id='word_1_290' title='bbox 2016 3465 2106 3520; x_wconf 77' lang='grc' dir='ltr'>δε-</span> 
     </span>
    </p>
   </div>
   <div class='ocr_carea' id='block_1_37' title="bbox 528 3549 2104 3627">
    <p class='ocr_par' dir='ltr' id='par_1_37' title="bbox 528 3549 2104 3627">
     <span class='ocr_line' id='line_1_37' title="bbox 528 3549 2104 3627; baseline -0.005 -15"><span class='ocrx_word' id='word_1_291' title='bbox 528 3555 706 3627; x_wconf 85' lang='grc' dir='ltr'>σμοῖς</span> <span class='ocrx_word' id='word_1_292' title='bbox 729 3572 847 3625; x_wconf 87' lang='grc' dir='ltr'>μου</span> <span class='ocrx_word' id='word_1_293' title='bbox 884 3549 1330 3619; x_wconf 78' lang='grc' dir='ltr'>περισσοτέρως</span> <span class='ocrx_word' id='word_1_294' title='bbox 1373 3549 1604 3619; x_wconf 81' lang='grc' dir='ltr'>τολμᾷν</span> <span class='ocrx_word' id='word_1_295' title='bbox 1629 3550 1866 3619; x_wconf 69' lang='grc' dir='ltr'>ἀφόϐως</span> <span class='ocrx_word' id='word_1_296' title='bbox 1888 3552 2104 3604; x_wconf 69' lang='grc' dir='ltr'>λαλεῖν</span> 
     </span>
    </p>
   </div>
   <div class='ocr_carea' id='block_1_38' title="bbox 528 3633 2103 3708">
    <p class='ocr_par' dir='ltr' id='par_1_38' title="bbox 528 3633 2103 3708">
     <span class='ocr_line' id='line_1_38' title="bbox 528 3633 2103 3708; baseline -0.004 -14"><span class='ocrx_word' id='word_1_297' title='bbox 528 3642 637 3694; x_wconf 82' lang='grc' dir='ltr'>τὸν</span> <span class='ocrx_word' id='word_1_298' title='bbox 685 3639 875 3708; x_wconf 71' lang='grc' dir='ltr'>λόγον</span> <span class='ocrx_word' id='word_1_299' title='bbox 929 3636 1097 3706; x_wconf 76' lang='grc' dir='ltr'>Ὁρᾷς</span> <span class='ocrx_word' id='word_1_300' title='bbox 1141 3633 1357 3704; x_wconf 83' lang='grc' dir='ltr'>δεσμῶν</span> <span class='ocrx_word' id='word_1_301' title='bbox 1389 3635 1541 3704; x_wconf 85' lang='grc' dir='ltr'>ίσχὺν</span> <span class='ocrx_word' id='word_1_302' title='bbox 1572 3633 1856 3705; x_wconf 79' lang='grc' dir='ltr'>μᾶλλον,ἢ</span> <span class='ocrx_word' id='word_1_303' title='bbox 1893 3634 2103 3704; x_wconf 83' lang='grc' dir='ltr'>νεκρῶν</span> 
     </span>
    </p>
   </div>
   <div class='ocr_carea' id='block_1_39' title="bbox 529 3713 2104 3790">
    <p class='ocr_par' dir='ltr' id='par_1_39' title="bbox 529 3713 2104 3790">
     <span class='ocr_line' id='line_1_39' title="bbox 529 3713 2104 3790; baseline -0.005 -11"><span class='ocrx_word' id='word_1_304' title='bbox 529 3724 915 3787; x_wconf 81' lang='grc' dir='ltr'>ἀναστάσεως;</span> <span class='ocrx_word' id='word_1_305' title='bbox 948 3717 1244 3790; x_wconf 89' lang='grc' dir='ltr'>Δεδεμένον</span> <span class='ocrx_word' id='word_1_306' title='bbox 1276 3735 1345 3789; x_wconf 92' lang='grc' dir='ltr'>με</span> <span class='ocrx_word' id='word_1_307' title='bbox 1380 3713 1521 3771; x_wconf 76' lang='grc' dir='ltr'>εἶδον</span> <span class='ocrx_word' id='word_1_308' title='bbox 1546 3758 1561 3779; x_wconf 89' lang='grc'>,</span> <span class='ocrx_word' id='word_1_309' title='bbox 1593 3718 1689 3771; x_wconf 73' lang='grc' dir='ltr'>καὶ</span> <span class='ocrx_word' id='word_1_310' title='bbox 1733 3717 1931 3789; x_wconf 84' lang='grc' dir='ltr'>μᾶλλον</span> <span class='ocrx_word' id='word_1_311' title='bbox 1972 3719 2104 3790; x_wconf 79' lang='grc' dir='ltr'>θαρ-</span> 
     </span>
    </p>
   </div>
   <div class='ocr_carea' id='block_1_40' title="bbox 531 3800 2102 3878">
    <p class='ocr_par' dir='ltr' id='par_1_40' title="bbox 531 3800 2102 3878">
     <span class='ocr_line' id='line_1_40' title="bbox 531 3800 2102 3878; baseline -0.003 -19"><span class='ocrx_word' id='word_1_312' title='bbox 531 3806 738 3878; x_wconf 81' lang='grc' dir='ltr'>ροῦσιν.</span> <span class='ocrx_word' id='word_1_313' title='bbox 774 3806 948 3859; x_wconf 86' lang='grc' dir='ltr'>Ὅπου</span> <span class='ocrx_word' id='word_1_314' title='bbox 986 3803 1095 3873; x_wconf 86' lang='grc' dir='ltr'>γὰρ</span> <span class='ocrx_word' id='word_1_315' title='bbox 1133 3802 1346 3872; x_wconf 82' lang='grc' dir='ltr'>δεσμὰ,</span> <span class='ocrx_word' id='word_1_316' title='bbox 1377 3800 1592 3871; x_wconf 80' lang='grc' dir='ltr'>ἀνάγκη</span> <span class='ocrx_word' id='word_1_317' title='bbox 1623 3801 1719 3855; x_wconf 77' lang='grc' dir='ltr'>καὶ</span> <span class='ocrx_word' id='word_1_318' title='bbox 1750 3801 1894 3873; x_wconf 85' lang='grc' dir='ltr'>μέγα</span> <span class='ocrx_word' id='word_1_319' title='bbox 1924 3820 1976 3856; x_wconf 95' lang='grc' dir='ltr'>τι</span> <span class='ocrx_word' id='word_1_320' title='bbox 2006 3819 2102 3871; x_wconf 82' lang='grc' dir='ltr'>γε-</span> 
     </span>
    </p>
   </div>
   <div class='ocr_carea' id='block_1_41' title="bbox 528 3884 2099 3956">
    <p class='ocr_par' dir='ltr' id='par_1_41' title="bbox 528 3884 2099 3956">
     <span class='ocr_line' id='line_1_41' title="bbox 528 3884 2099 3956; baseline -0.003 -13"><span class='ocrx_word' id='word_1_321' title='bbox 528 3890 716 3943; x_wconf 81' lang='grc' dir='ltr'>νέσθαι</span> <span class='ocrx_word' id='word_1_322' title='bbox 739 3889 858 3941; x_wconf 81' lang='grc' dir='ltr'>ἐκεῖ</span> <span class='ocrx_word' id='word_1_323' title='bbox 887 3903 903 3918; x_wconf 88' lang='grc'><strong>·</strong></span> <span class='ocrx_word' id='word_1_324' title='bbox 933 3886 1067 3939; x_wconf 79' lang='grc' dir='ltr'>ὅπου</span> <span class='ocrx_word' id='word_1_325' title='bbox 1098 3884 1298 3954; x_wconf 80' lang='grc' dir='ltr'>θλῖψις,</span> <span class='ocrx_word' id='word_1_326' title='bbox 1333 3885 1552 3947; x_wconf 89' lang='grc' dir='ltr'>πάντως</span> <span class='ocrx_word' id='word_1_327' title='bbox 1571 3886 1691 3937; x_wconf 88' lang='grc' dir='ltr'>ἐκεῖ</span> <span class='ocrx_word' id='word_1_328' title='bbox 1712 3886 1805 3938; x_wconf 78' lang='grc' dir='ltr'>καὶ</span> <span class='ocrx_word' id='word_1_329' title='bbox 1833 3885 2099 3956; x_wconf 86' lang='grc' dir='ltr'>σωτηρία,</span> 
     </span>
    </p>
   </div>
   <div class='ocr_carea' id='block_1_42' title="bbox 530 3968 2102 4041">
    <p class='ocr_par' dir='ltr' id='par_1_42' title="bbox 530 3968 2102 4041">
     <span class='ocr_line' id='line_1_42' title="bbox 530 3968 2102 4041; baseline -0.005 -12"><span class='ocrx_word' id='word_1_330' title='bbox 530 3975 751 4035; x_wconf 86' lang='grc' dir='ltr'>πάντως</span> <span class='ocrx_word' id='word_1_331' title='bbox 780 3972 900 4023; x_wconf 81' lang='grc' dir='ltr'>ἐκεῖ</span> <span class='ocrx_word' id='word_1_332' title='bbox 926 3969 1109 4031; x_wconf 81' lang='grc' dir='ltr'>ἄνεσις</span> <span class='ocrx_word' id='word_1_333' title='bbox 1130 4007 1145 4032; x_wconf 92' lang='grc'>,</span> <span class='ocrx_word' id='word_1_334' title='bbox 1175 3969 1398 4031; x_wconf 87' lang='grc' dir='ltr'>πάντως</span> <span class='ocrx_word' id='word_1_335' title='bbox 1425 3969 1543 4021; x_wconf 81' lang='grc' dir='ltr'>ἐκεῖ</span> <span class='ocrx_word' id='word_1_336' title='bbox 1578 3968 1790 4037; x_wconf 88' lang='grc' dir='ltr'>μεγάλα</span> <span class='ocrx_word' id='word_1_337' title='bbox 1820 3968 2102 4041; x_wconf 82' lang='grc' dir='ltr'>κατορθὼ-</span> 
     </span>
    </p>
   </div>
   <div class='ocr_carea' id='block_1_43' title="bbox 536 4049 2103 4128">
    <p class='ocr_par' dir='ltr' id='par_1_43' title="bbox 536 4049 2103 4128">
     <span class='ocr_line' id='line_1_43' title="bbox 536 4049 2103 4128; baseline -0.004 -17"><span class='ocrx_word' id='word_1_338' title='bbox 536 4072 704 4128; x_wconf 88' lang='grc' dir='ltr'>ματα.</span> <span class='ocrx_word' id='word_1_339' title='bbox 742 4054 802 4107; x_wconf 80' lang='grc' dir='ltr'>ὐ</span> <span class='ocrx_word' id='word_1_340' title='bbox 831 4052 941 4122; x_wconf 82' lang='grc' dir='ltr'>γὰρ</span> <span class='ocrx_word' id='word_1_341' title='bbox 970 4050 1217 4114; x_wconf 87' lang='grc' dir='ltr'>διάϐολος</span> <span class='ocrx_word' id='word_1_342' title='bbox 1272 4050 1403 4104; x_wconf 80' lang='grc' dir='ltr'>ὅταν</span> <span class='ocrx_word' id='word_1_343' title='bbox 1430 4049 1681 4121; x_wconf 85' lang='grc' dir='ltr'>λακτίσῃ,</span> <span class='ocrx_word' id='word_1_344' title='bbox 1716 4052 1838 4105; x_wconf 86' lang='grc' dir='ltr'>τότε</span> <span class='ocrx_word' id='word_1_345' title='bbox 1867 4051 2103 4124; x_wconf 89' lang='grc' dir='ltr'>πλήττε-</span> 
     </span>
    </p>
   </div>
   <div class='ocr_carea' id='block_1_44' title="bbox 530 4132 2105 4208">
    <p class='ocr_par' dir='ltr' id='par_1_44' title="bbox 530 4132 2105 4208">
     <span class='ocr_line' id='line_1_44' title="bbox 530 4132 2105 4208; baseline -0.004 -14"><span class='ocrx_word' id='word_1_346' title='bbox 530 4158 622 4194; x_wconf 85' lang='grc' dir='ltr'>ται</span> <span class='ocrx_word' id='word_1_347' title='bbox 646 4155 660 4168; x_wconf 84' lang='lat'><strong>&#39;</strong></span> <span class='ocrx_word' id='word_1_348' title='bbox 685 4140 814 4193; x_wconf 80' lang='grc' dir='ltr'>ὃταν</span> <span class='ocrx_word' id='word_1_349' title='bbox 832 4137 969 4208; x_wconf 83' lang='grc' dir='ltr'>δήσῃ</span> <span class='ocrx_word' id='word_1_350' title='bbox 999 4135 1127 4199; x_wconf 81' lang='grc' dir='ltr'>τοὺς</span> <span class='ocrx_word' id='word_1_351' title='bbox 1150 4132 1246 4187; x_wconf 86' lang='grc' dir='ltr'>τοῦ</span> <span class='ocrx_word' id='word_1_352' title='bbox 1276 4132 1414 4187; x_wconf 88' lang='grc' dir='ltr'>Θεοῦ</span> <span class='ocrx_word' id='word_1_353' title='bbox 1445 4132 1683 4198; x_wconf 84' lang='grc' dir='ltr'>δούλους,</span> <span class='ocrx_word' id='word_1_354' title='bbox 1712 4134 1835 4187; x_wconf 87' lang='grc' dir='ltr'>τότε</span> <span class='ocrx_word' id='word_1_355' title='bbox 1868 4135 2105 4205; x_wconf 86' lang='grc' dir='ltr'>μάλιστα</span> 
     </span>
    </p>
   </div>
   <div class='ocr_carea' id='block_1_45' title="bbox 530 4216 2105 4291">
    <p class='ocr_par' dir='ltr' id='par_1_45' title="bbox 530 4216 2105 4291">
     <span class='ocr_line' id='line_1_45' title="bbox 530 4216 2105 4291; baseline -0.004 -13"><span class='ocrx_word' id='word_1_356' title='bbox 530 4226 562 4278; x_wconf 86' lang='grc' dir='ltr'>ὁ</span> <span class='ocrx_word' id='word_1_357' title='bbox 598 4222 753 4291; x_wconf 83' lang='grc' dir='ltr'>λόγος</span> <span class='ocrx_word' id='word_1_358' title='bbox 804 4219 1103 4273; x_wconf 90' lang='grc' dir='ltr'>ἐπιδίδωσι.</span> <span class='ocrx_word' id='word_1_359' title='bbox 1140 4216 1253 4270; x_wconf 76' lang='grc' dir='ltr'>Καὶ</span> <span class='ocrx_word' id='word_1_360' title='bbox 1284 4217 1385 4271; x_wconf 85' lang='grc' dir='ltr'>θέα</span> <span class='ocrx_word' id='word_1_361' title='bbox 1428 4217 1704 4287; x_wconf 80' lang='grc' dir='ltr'>πανταχοῦ</span> <span class='ocrx_word' id='word_1_362' title='bbox 1765 4216 1927 4272; x_wconf 90' lang='grc' dir='ltr'>τοῦτο</span> <span class='ocrx_word' id='word_1_363' title='bbox 1957 4218 2105 4286; x_wconf 88' lang='grc' dir='ltr'>γινό-</span> 
     </span>
    </p>
   </div>
   <div class='ocr_carea' id='block_1_46' title="bbox 535 4299 2103 4377">
    <p class='ocr_par' dir='ltr' id='par_1_46' title="bbox 535 4299 2103 4377">
     <span class='ocr_line' id='line_1_46' title="bbox 535 4299 2103 4377; baseline -0.003 -18"><span class='ocrx_word' id='word_1_364' title='bbox 535 4321 719 4377; x_wconf 85' lang='grc' dir='ltr'>μενον.</span> <span class='ocrx_word' id='word_1_365' title='bbox 760 4301 1115 4374; x_wconf 81' lang='grc' dir='ltr'>Ἐδεσμεύθη,</span> <span class='ocrx_word' id='word_1_366' title='bbox 1146 4301 1240 4355; x_wconf 76' lang='grc' dir='ltr'>καὶ</span> <span class='ocrx_word' id='word_1_367' title='bbox 1287 4302 1347 4355; x_wconf 81' lang='grc' dir='ltr'>ἐν</span> <span class='ocrx_word' id='word_1_368' title='bbox 1391 4299 1470 4372; x_wconf 83' lang='grc' dir='ltr'>τῷ</span> <span class='ocrx_word' id='word_1_369' title='bbox 1520 4300 1880 4373; x_wconf 82' lang='grc' dir='ltr'>δεσμωτηρίῳ</span> <span class='ocrx_word' id='word_1_370' title='bbox 1928 4302 2103 4355; x_wconf 89' lang='grc' dir='ltr'>ταῦτα</span> 
     </span>
    </p>
   </div>
   <div class='ocr_carea' id='block_1_47' title="bbox 532 4384 2100 4459">
    <p class='ocr_par' dir='ltr' id='par_1_47' title="bbox 532 4384 2100 4459">
     <span class='ocr_line' id='line_1_47' title="bbox 532 4384 2100 4459; baseline -0.001 -15"><span class='ocrx_word' id='word_1_371' title='bbox 532 4389 846 4459; x_wconf 74' lang='grc' dir='ltr'>εἰργάσατο.</span> <span class='ocrx_word' id='word_1_372' title='bbox 879 4386 983 4442; x_wconf 77' lang='grc' dir='ltr'>Ἐν</span> <span class='ocrx_word' id='word_1_373' title='bbox 999 4386 1181 4449; x_wconf 84' lang='grc' dir='ltr'>αὐτοῖς</span> <span class='ocrx_word' id='word_1_374' title='bbox 1209 4384 1341 4457; x_wconf 72' lang='grc' dir='ltr'>γάρ,</span> <span class='ocrx_word' id='word_1_375' title='bbox 1363 4386 1518 4457; x_wconf 80' lang='grc' dir='ltr'>φησὶ,</span> <span class='ocrx_word' id='word_1_376' title='bbox 1546 4384 1671 4452; x_wconf 83' lang='grc' dir='ltr'>τοῖς</span> <span class='ocrx_word' id='word_1_377' title='bbox 1691 4385 1943 4456; x_wconf 84' lang='grc' dir='ltr'>δεσμοῖς</span> <span class='ocrx_word' id='word_1_378' title='bbox 1958 4404 2100 4456; x_wconf 82' lang='grc' dir='ltr'>μου.</span> 
     </span>
    </p>
   </div>
   <div class='ocr_carea' id='block_1_48' title="bbox 545 4469 2100 4545">
    <p class='ocr_par' dir='ltr' id='par_1_48' title="bbox 545 4469 2100 4545">
     <span class='ocr_line' id='line_1_48' title="bbox 545 4469 2100 4545; baseline -0.003 -17"><span class='ocrx_word' id='word_1_379' title='bbox 545 4473 877 4544; x_wconf 81' lang='grc' dir='ltr'>Ἐδεσμεύθη</span> <span class='ocrx_word' id='word_1_380' title='bbox 908 4473 966 4526; x_wconf 82' lang='grc' dir='ltr'>ἐν</span> <span class='ocrx_word' id='word_1_381' title='bbox 1007 4469 1219 4544; x_wconf 79' lang='grc' dir='ltr'>Ῥώμῃ,</span> <span class='ocrx_word' id='word_1_382' title='bbox 1250 4471 1345 4545; x_wconf 63' lang='grc' dir='ltr'>καξι</span> <span class='ocrx_word' id='word_1_383' title='bbox 1389 4469 1638 4535; x_wconf 83' lang='grc' dir='ltr'>πλείονας</span> <span class='ocrx_word' id='word_1_384' title='bbox 1660 4471 1969 4541; x_wconf 88' lang='grc' dir='ltr'>ἐπηγάγετο</span> <span class='ocrx_word' id='word_1_385' title='bbox 1994 4486 2007 4499; x_wconf 82' lang='lat'>&#39;</span> <span class='ocrx_word' id='word_1_386' title='bbox 2036 4472 2100 4525; x_wconf 87' lang='grc' dir='ltr'>ού</span> 
     </span>
    </p>
   </div>
   <div class='ocr_carea' id='block_1_49' title="bbox 532 4551 2103 4628">
    <p class='ocr_par' dir='ltr' id='par_1_49' title="bbox 532 4551 2103 4628">
     <span class='ocr_line' id='line_1_49' title="bbox 532 4551 2103 4628; baseline -0.003 -18"><span class='ocrx_word' id='word_1_387' title='bbox 532 4558 641 4628; x_wconf 87' lang='lat'>7&amp;9</span> <span class='ocrx_word' id='word_1_388' title='bbox 659 4556 824 4620; x_wconf 68' lang='grc' dir='ltr'>αὐτὸς</span> <span class='ocrx_word' id='word_1_389' title='bbox 850 4554 1008 4626; x_wconf 86' lang='grc' dir='ltr'>μόνος</span> <span class='ocrx_word' id='word_1_390' title='bbox 1024 4554 1267 4625; x_wconf 75' lang='grc' dir='ltr'>ἐθάρρει,</span> <span class='ocrx_word' id='word_1_391' title='bbox 1284 4551 1421 4607; x_wconf 87' lang='grc' dir='ltr'>ἀλλά</span> <span class='ocrx_word' id='word_1_392' title='bbox 1443 4554 1535 4608; x_wconf 71' lang='grc' dir='ltr'>καὶ</span> <span class='ocrx_word' id='word_1_393' title='bbox 1555 4554 1703 4609; x_wconf 82' lang='grc' dir='ltr'>ἄλλοι</span> <span class='ocrx_word' id='word_1_394' title='bbox 1722 4554 1905 4607; x_wconf 71' lang='grc' dir='ltr'>πολλοὶ</span> <span class='ocrx_word' id='word_1_395' title='bbox 1919 4553 1989 4607; x_wconf 91' lang='grc' dir='ltr'>δι’</span> <span class='ocrx_word' id='word_1_396' title='bbox 2006 4554 2103 4607; x_wconf 84' lang='grc' dir='ltr'>αύ-</span> 
     </span>
    </p>
   </div>
   <div class='ocr_carea' id='block_1_50' title="bbox 532 4636 2104 4709">
    <p class='ocr_par' dir='ltr' id='par_1_50' title="bbox 532 4636 2104 4709">
     <span class='ocr_line' id='line_1_50' title="bbox 532 4636 2104 4709; baseline -0.001 -16"><span class='ocrx_word' id='word_1_397' title='bbox 532 4640 651 4695; x_wconf 90' lang='grc' dir='ltr'>τοῦ.</span> <span class='ocrx_word' id='word_1_398' title='bbox 682 4637 1011 4709; x_wconf 81' lang='grc' dir='ltr'>Ἐδεσμεύθη</span> <span class='ocrx_word' id='word_1_399' title='bbox 1042 4639 1099 4690; x_wconf 83' lang='grc' dir='ltr'>ἐν</span> <span class='ocrx_word' id='word_1_400' title='bbox 1133 4636 1559 4708; x_wconf 78' lang='grc' dir='ltr'>Ἰεροσολύμοις,</span> <span class='ocrx_word' id='word_1_401' title='bbox 1591 4638 1683 4691; x_wconf 76' lang='grc' dir='ltr'>καὶ</span> <span class='ocrx_word' id='word_1_402' title='bbox 1706 4638 1991 4709; x_wconf 88' lang='grc' dir='ltr'>δεδεμένος</span> <span class='ocrx_word' id='word_1_403' title='bbox 2009 4639 2104 4709; x_wconf 86' lang='grc' dir='ltr'>δη-</span> 
     </span>
    </p>
   </div>
   <div class='ocr_carea' id='block_1_51' title="bbox 540 4720 2105 4795">
    <p class='ocr_par' dir='ltr' id='par_1_51' title="bbox 540 4720 2105 4795">
     <span class='ocr_line' id='line_1_51' title="bbox 540 4720 2105 4795; baseline 0.001 -18"><span class='ocrx_word' id='word_1_404' title='bbox 540 4724 795 4795; x_wconf 89' lang='grc' dir='ltr'>μηγορῶν</span> <span class='ocrx_word' id='word_1_405' title='bbox 845 4722 937 4775; x_wconf 80' lang='grc' dir='ltr'>τὸν</span> <span class='ocrx_word' id='word_1_406' title='bbox 992 4720 1214 4791; x_wconf 84' lang='grc' dir='ltr'>βασιλέα</span> <span class='ocrx_word' id='word_1_407' title='bbox 1251 4720 1580 4791; x_wconf 81' lang='grc' dir='ltr'>κατέπληξε,</span> <span class='ocrx_word' id='word_1_408' title='bbox 1612 4721 1705 4775; x_wconf 64' lang='grc' dir='ltr'>καὶ¹</span> <span class='ocrx_word' id='word_1_409' title='bbox 1744 4722 1833 4777; x_wconf 77' lang='grc' dir='ltr'>τὸν</span> <span class='ocrx_word' id='word_1_410' title='bbox 1866 4723 2105 4794; x_wconf 78' lang='grc' dir='ltr'>ἄρχοντα</span> 
     </span>
    </p>
   </div>
   <div class='ocr_carea' id='block_1_52' title="bbox 537 4803 2100 4881">
    <p class='ocr_par' dir='ltr' id='par_1_52' title="bbox 537 4803 2100 4881">
     <span class='ocr_line' id='line_1_52' title="bbox 537 4803 2100 4881; baseline 0.001 -24"><span class='ocrx_word' id='word_1_411' title='bbox 537 4807 655 4881; x_wconf 66' lang='grc'>[64]</span> <span class='ocrx_word' id='word_1_412' title='bbox 686 4807 766 4869; x_wconf 80' lang='grc' dir='ltr'>εἰς</span> <span class='ocrx_word' id='word_1_413' title='bbox 819 4803 984 4874; x_wconf 90' lang='grc' dir='ltr'>φόϐον</span> <span class='ocrx_word' id='word_1_414' title='bbox 1042 4804 1250 4872; x_wconf 84' lang='grc' dir='ltr'>ήγαγεν</span> <span class='ocrx_word' id='word_1_415' title='bbox 1284 4819 1298 4836; x_wconf 78' lang='grc' dir='ltr'><strong><em>ο</em></strong></span> <span class='ocrx_word' id='word_1_416' title='bbox 1328 4803 1571 4874; x_wconf 77' lang='grc' dir='ltr'>ἔμφοϐος</span> <span class='ocrx_word' id='word_1_417' title='bbox 1622 4806 1730 4876; x_wconf 85' lang='grc' dir='ltr'>γὰρ</span> <span class='ocrx_word' id='word_1_418' title='bbox 1773 4807 2100 4877; x_wconf 87' lang='grc' dir='ltr'>γενόμενος,</span> 
     </span>
    </p>
   </div>
   <div class='ocr_carea' id='block_1_53' title="bbox 535 4888 2100 4961">
    <p class='ocr_par' dir='ltr' id='par_1_53' title="bbox 535 4888 2100 4961">
     <span class='ocr_line' id='line_1_53' title="bbox 535 4888 2100 4961; baseline -0.001 -16"><span class='ocrx_word' id='word_1_419' title='bbox 535 4894 731 4961; x_wconf 75' lang='grc' dir='ltr'>φησὶν,</span> <span class='ocrx_word' id='word_1_420' title='bbox 768 4889 1037 4944; x_wconf 85' lang='grc' dir='ltr'>ἀπέλυσεν</span> <span class='ocrx_word' id='word_1_421' title='bbox 1087 4888 1272 4951; x_wconf 81' lang='grc' dir='ltr'>αὑτὸν,</span> <span class='ocrx_word' id='word_1_422' title='bbox 1302 4888 1398 4941; x_wconf 78' lang='grc' dir='ltr'>καὶ</span> <span class='ocrx_word' id='word_1_423' title='bbox 1419 4888 1518 4941; x_wconf 78' lang='grc' dir='ltr'>οὐκ</span> <span class='ocrx_word' id='word_1_424' title='bbox 1548 4888 1810 4958; x_wconf 70' lang='grc' dir='ltr'>ᾐσχύνετο</span> <span class='ocrx_word' id='word_1_425' title='bbox 1834 4891 1985 4961; x_wconf 79' lang='grc' dir='ltr'>παρὰ</span> <span class='ocrx_word' id='word_1_426' title='bbox 2006 4891 2100 4944; x_wconf 80' lang='grc' dir='ltr'>τοῦ</span> 
     </span>
    </p>
   </div>
   <div class='ocr_carea' id='block_1_54' title="bbox 533 4970 2100 5043">
    <p class='ocr_par' dir='ltr' id='par_1_54' title="bbox 533 4970 2100 5043">
     <span class='ocr_line' id='line_1_54' title="bbox 533 4970 2100 5043; baseline -0.001 -16"><span class='ocrx_word' id='word_1_427' title='bbox 533 4973 817 5043; x_wconf 80' lang='grc' dir='ltr'>δεδεμένου</span> <span class='ocrx_word' id='word_1_428' title='bbox 861 4970 1146 5041; x_wconf 85' lang='grc' dir='ltr'>μανθάνων</span> <span class='ocrx_word' id='word_1_429' title='bbox 1198 4970 1325 5041; x_wconf 77' lang='grc' dir='ltr'>περὶ</span> <span class='ocrx_word' id='word_1_430' title='bbox 1366 4970 1474 5024; x_wconf 87' lang='grc' dir='ltr'>τῶν</span> <span class='ocrx_word' id='word_1_431' title='bbox 1524 4970 1822 5042; x_wconf 88' lang='grc' dir='ltr'>μελλόντων</span> <span class='ocrx_word' id='word_1_432' title='bbox 1858 4973 1889 5025; x_wconf 87' lang='grc' dir='ltr'>ό</span> <span class='ocrx_word' id='word_1_433' title='bbox 1931 4974 2100 5043; x_wconf 86' lang='grc' dir='ltr'>δήσας</span> 
     </span>
    </p>
   </div>
   <div class='ocr_carea' id='block_1_55' title="bbox 535 5054 2099 5127">
    <p class='ocr_par' dir='ltr' id='par_1_55' title="bbox 535 5054 2099 5127">
     <span class='ocr_line' id='line_1_55' title="bbox 535 5054 2099 5127; baseline -0.002 -15"><span class='ocrx_word' id='word_1_434' title='bbox 535 5059 717 5112; x_wconf 82' lang='grc' dir='ltr'>αὐτόν.</span> <span class='ocrx_word' id='word_1_435' title='bbox 758 5054 1051 5127; x_wconf 89' lang='grc' dir='ltr'>Δεδεμένος</span> <span class='ocrx_word' id='word_1_436' title='bbox 1068 5054 1242 5119; x_wconf 75' lang='grc' dir='ltr'>ἔπλει,</span> <span class='ocrx_word' id='word_1_437' title='bbox 1278 5056 1372 5108; x_wconf 73' lang='grc' dir='ltr'>καὶ</span> <span class='ocrx_word' id='word_1_438' title='bbox 1395 5056 1648 5123; x_wconf 81' lang='grc' dir='ltr'>ναυάγιον</span> <span class='ocrx_word' id='word_1_439' title='bbox 1676 5055 1855 5119; x_wconf 83' lang='grc' dir='ltr'>ἐλυσε,</span> <span class='ocrx_word' id='word_1_440' title='bbox 1887 5057 1980 5111; x_wconf 80' lang='grc' dir='ltr'>καὶ</span> <span class='ocrx_word' id='word_1_441' title='bbox 2006 5058 2099 5109; x_wconf 79' lang='grc' dir='ltr'>τὸν</span> 
     </span>
    </p>
   </div>
   <div class='ocr_carea' id='block_1_56' title="bbox 534 5138 2100 5215">
    <p class='ocr_par' dir='ltr' id='par_1_56' title="bbox 534 5138 2100 5215">
     <span class='ocr_line' id='line_1_56' title="bbox 534 5138 2100 5215; baseline -0.001 -20"><span class='ocrx_word' id='word_1_442' title='bbox 534 5141 783 5215; x_wconf 84' lang='grc' dir='ltr'>χειμῶνα</span> <span class='ocrx_word' id='word_1_443' title='bbox 835 5138 1117 5209; x_wconf 87' lang='grc' dir='ltr'>ἐπέδησεν.</span> <span class='ocrx_word' id='word_1_444' title='bbox 1155 5139 1245 5192; x_wconf 87' lang='grc' dir='ltr'>Ἐν</span> <span class='ocrx_word' id='word_1_445' title='bbox 1291 5139 1509 5209; x_wconf 86' lang='grc' dir='ltr'>δεσμοῖς</span> <span class='ocrx_word' id='word_1_446' title='bbox 1538 5139 1688 5202; x_wconf 82' lang='grc' dir='ltr'>ὄντος</span> <span class='ocrx_word' id='word_1_447' title='bbox 1719 5139 1883 5193; x_wconf 83' lang='grc' dir='ltr'>αὐτοῦ</span> <span class='ocrx_word' id='word_1_448' title='bbox 1913 5141 1974 5193; x_wconf 87' lang='grc' dir='ltr'>τὸ</span> <span class='ocrx_word' id='word_1_449' title='bbox 2003 5140 2100 5209; x_wconf 89' lang='grc' dir='ltr'>θη-</span> 
     </span>
    </p>
   </div>
   <div class='ocr_carea' id='block_1_57' title="bbox 537 5223 2101 5300">
    <p class='ocr_par' dir='ltr' id='par_1_57' title="bbox 537 5223 2101 5300">
     <span class='ocr_line' id='line_1_57' title="bbox 537 5223 2101 5300; baseline -0.003 -20"><span class='ocrx_word' id='word_1_450' title='bbox 537 5229 653 5300; x_wconf 91' lang='grc' dir='ltr'>ρίον</span> <span class='ocrx_word' id='word_1_451' title='bbox 676 5226 850 5279; x_wconf 86' lang='grc' dir='ltr'>ἐκεῖνο</span> <span class='ocrx_word' id='word_1_452' title='bbox 878 5223 1181 5294; x_wconf 74' lang='grc' dir='ltr'>καθήψατο,</span> <span class='ocrx_word' id='word_1_453' title='bbox 1208 5223 1303 5277; x_wconf 77' lang='grc' dir='ltr'>καὶ</span> <span class='ocrx_word' id='word_1_454' title='bbox 1324 5223 1492 5294; x_wconf 84' lang='grc' dir='ltr'>μηδὲν</span> <span class='ocrx_word' id='word_1_455' title='bbox 1517 5224 1896 5294; x_wconf 85' lang='grc' dir='ltr'>λυμηνάμενον</span> <span class='ocrx_word' id='word_1_456' title='bbox 1918 5224 2101 5290; x_wconf 78' lang='grc' dir='ltr'>ἐξέπε-</span> 
     </span>
    </p>
   </div>
   <div class='ocr_carea' id='block_1_58' title="bbox 536 5305 2098 5379">
    <p class='ocr_par' dir='ltr' id='par_1_58' title="bbox 536 5305 2098 5379">
     <span class='ocr_line' id='line_1_58' title="bbox 536 5305 2098 5379; baseline -0.005 -12"><span class='ocrx_word' id='word_1_457' title='bbox 536 5331 627 5367; x_wconf 82' lang='grc' dir='ltr'>οεν</span> <span class='ocrx_word' id='word_1_458' title='bbox 660 5323 709 5364; x_wconf 77' lang='grc' dir='ltr'>ι.</span> <span class='ocrx_word' id='word_1_459' title='bbox 757 5306 945 5377; x_wconf 82' lang='grc' dir='ltr'>Ἐδέθη</span> <span class='ocrx_word' id='word_1_460' title='bbox 982 5307 1040 5359; x_wconf 87' lang='grc' dir='ltr'>ἐν</span> <span class='ocrx_word' id='word_1_461' title='bbox 1075 5305 1285 5378; x_wconf 74' lang='grc' dir='ltr'>Ῥώμῃ,</span> <span class='ocrx_word' id='word_1_462' title='bbox 1317 5309 1410 5360; x_wconf 75' lang='grc' dir='ltr'>καὶ</span> <span class='ocrx_word' id='word_1_463' title='bbox 1448 5307 1727 5378; x_wconf 87' lang='grc' dir='ltr'>δεδεμένος</span> <span class='ocrx_word' id='word_1_464' title='bbox 1770 5308 2098 5379; x_wconf 83' lang='grc' dir='ltr'>δημηγορῶν</span> 
     </span>
    </p>
   </div>
   <div class='ocr_carea' id='block_1_59' title="bbox 537 5390 2099 5467">
    <p class='ocr_par' dir='ltr' id='par_1_59' title="bbox 537 5390 2099 5467">
     <span class='ocr_line' id='line_1_59' title="bbox 537 5390 2099 5467; baseline -0.003 -18"><span class='ocrx_word' id='word_1_465' title='bbox 537 5396 765 5467; x_wconf 82' lang='grc' dir='ltr'>μυρίους</span> <span class='ocrx_word' id='word_1_466' title='bbox 806 5390 1176 5455; x_wconf 89' lang='grc' dir='ltr'>ἐπεσπάσατο,</span> <span class='ocrx_word' id='word_1_467' title='bbox 1204 5391 1325 5444; x_wconf 76' lang='grc' dir='ltr'>ἀντὶ</span> <span class='ocrx_word' id='word_1_468' title='bbox 1379 5391 1598 5446; x_wconf 89' lang='grc' dir='ltr'>πάντων</span> <span class='ocrx_word' id='word_1_469' title='bbox 1622 5390 1781 5446; x_wconf 86' lang='grc' dir='ltr'>τοῦτο</span> <span class='ocrx_word' id='word_1_470' title='bbox 1809 5391 1939 5445; x_wconf 79' lang='grc' dir='ltr'>αὐτὸ</span> <span class='ocrx_word' id='word_1_471' title='bbox 1969 5410 2099 5462; x_wconf 86' lang='grc' dir='ltr'>προ-</span> 
     </span>
    </p>
   </div>
   <div class='ocr_carea' id='block_1_60' title="bbox 537 5473 2018 5550">
    <p class='ocr_par' dir='ltr' id='par_1_60' title="bbox 537 5473 2018 5550">
     <span class='ocr_line' id='line_1_60' title="bbox 537 5473 2018 5550; baseline -0.003 -19"><span class='ocrx_word' id='word_1_472' title='bbox 537 5481 884 5550; x_wconf 72' lang='grc' dir='ltr'>ϐαλλόμενος,</span> <span class='ocrx_word' id='word_1_473' title='bbox 909 5476 1009 5545; x_wconf 77' lang='grc' dir='ltr'>τὴν</span> <span class='ocrx_word' id='word_1_474' title='bbox 1043 5475 1233 5529; x_wconf 81' lang='grc' dir='ltr'>ἆλυσιν</span> <span class='ocrx_word' id='word_1_475' title='bbox 1263 5473 1423 5543; x_wconf 90' lang='grc' dir='ltr'>λέγω.</span> <span class='ocrx_word' id='word_1_476' title='bbox 2016 5490 2018 5493; x_wconf 87' lang='grc'>·</span> 
     </span>
    </p>
   </div>
   <div class='ocr_carea' id='block_1_61' title="bbox 620 5672 2099 5744">
    <p class='ocr_par' dir='ltr' id='par_1_61' title="bbox 620 5672 2099 5744">
     <span class='ocr_line' id='line_1_61' title="bbox 620 5672 2099 5744; baseline -0.001 -14"><span class='ocrx_word' id='word_1_477' title='bbox 620 5676 759 5730; x_wconf 80' lang='grc' dir='ltr'>’Δλλ⁹</span> <span class='ocrx_word' id='word_1_478' title='bbox 797 5677 898 5730; x_wconf 84' lang='grc' dir='ltr'>οὐκ</span> <span class='ocrx_word' id='word_1_479' title='bbox 924 5675 1071 5729; x_wconf 81' lang='grc' dir='ltr'>ἐστιν</span> <span class='ocrx_word' id='word_1_480' title='bbox 1125 5672 1312 5728; x_wconf 84' lang='grc' dir='ltr'>ἁλύσει</span> <span class='ocrx_word' id='word_1_481' title='bbox 1349 5672 1567 5744; x_wconf 82' lang='grc' dir='ltr'>δεθῆναι</span> <span class='ocrx_word' id='word_1_482' title='bbox 1616 5673 1728 5729; x_wconf 91' lang='grc' dir='ltr'>νῦν.</span> <span class='ocrx_word' id='word_1_483' title='bbox 1763 5674 1903 5729; x_wconf 85' lang='grc' dir='ltr'>Ἀλλ’</span> <span class='ocrx_word' id='word_1_484' title='bbox 1953 5676 2099 5730; x_wconf 83' lang='grc' dir='ltr'>ἐστιν</span> 
     </span>
    </p>
   </div>
   <div class='ocr_carea' id='block_1_62' title="bbox 540 5759 2099 5834">
    <p class='ocr_par' dir='ltr' id='par_1_62' title="bbox 540 5759 2099 5834">
     <span class='ocr_line' id='line_1_62' title="bbox 540 5759 2099 5834; baseline 0 -18"><span class='ocrx_word' id='word_1_485' title='bbox 540 5762 703 5834; x_wconf 79' lang='grc' dir='ltr'>ἐτέρα</span> <span class='ocrx_word' id='word_1_486' title='bbox 738 5761 945 5826; x_wconf 73' lang='grc' dir='ltr'>ἅλυσις,</span> <span class='ocrx_word' id='word_1_487' title='bbox 981 5760 1047 5814; x_wconf 82' lang='grc' dir='ltr'>ἂν</span> <span class='ocrx_word' id='word_1_488' title='bbox 1089 5759 1382 5831; x_wconf 82' lang='grc' dir='ltr'>ἐθέλωμεν.</span> <span class='ocrx_word' id='word_1_489' title='bbox 1427 5761 1562 5815; x_wconf 85' lang='grc' dir='ltr'>Ποία</span> <span class='ocrx_word' id='word_1_490' title='bbox 1590 5761 1655 5831; x_wconf 82' lang='grc' dir='ltr'>δὴ</span> <span class='ocrx_word' id='word_1_491' title='bbox 1688 5759 1868 5831; x_wconf 78' lang='grc' dir='ltr'>αὓτη;</span> <span class='ocrx_word' id='word_1_492' title='bbox 1900 5760 1973 5815; x_wconf 86' lang='grc' dir='ltr'>Τὸ</span> <span class='ocrx_word' id='word_1_493' title='bbox 1999 5760 2099 5830; x_wconf 87' lang='grc' dir='ltr'>τῆς</span> 
     </span>
    </p>
   </div>
   <div class='ocr_carea' id='block_1_63' title="bbox 603 5983 1352 6060">
    <p class='ocr_par' dir='ltr' id='par_1_63' title="bbox 603 5983 1352 6060">
     <span class='ocr_line' id='line_1_63' title="bbox 603 5983 1352 6060; baseline -0.005 -10"><span class='ocrx_word' id='word_1_494' title='bbox 603 6001 632 6037; x_wconf 71' lang='lat'>“</span> <span class='ocrx_word' id='word_1_495' title='bbox 652 6001 726 6054; x_wconf 75' lang='lat' dir='ltr'>An</span> <span class='ocrx_word' id='word_1_496' title='bbox 750 5983 1087 6060; x_wconf 65' lang='grc' dir='ltr'>λνιίθιινομένου</span> <span class='ocrx_word' id='word_1_497' title='bbox 1107 5993 1352 6053; x_wconf 65' lang='grc' dir='ltr'>ἐξὲπεσενῗ</span> 
     </span>
    </p>
   </div>
   <div class='ocr_carea' id='block_1_64' title="bbox 2198 511 3758 589">
    <p class='ocr_par' dir='ltr' id='par_1_64' title="bbox 2198 511 3758 589">
     <span class='ocr_line' id='line_1_64' title="bbox 2198 511 3758 589; baseline 0.002 -19"><span class='ocrx_word' id='word_1_498' title='bbox 2198 516 2380 589; x_wconf 78' lang='grc' dir='ltr'>χειρὸς</span> <span class='ocrx_word' id='word_1_499' title='bbox 2403 519 2645 589; x_wconf 86' lang='grc' dir='ltr'>κρατεῖν,</span> <span class='ocrx_word' id='word_1_500' title='bbox 2670 516 2732 570; x_wconf 77' lang='grc' dir='ltr'>τὸ</span> <span class='ocrx_word' id='word_1_501' title='bbox 2755 514 2831 587; x_wconf 81' lang='grc' dir='ltr'>μὴ</span> <span class='ocrx_word' id='word_1_502' title='bbox 2852 515 2989 588; x_wconf 81' lang='grc' dir='ltr'>πρὸς</span> <span class='ocrx_word' id='word_1_503' title='bbox 3013 515 3328 585; x_wconf 82' lang='grc' dir='ltr'>πλεονεξίαν</span> <span class='ocrx_word' id='word_1_504' title='bbox 3349 516 3567 588; x_wconf 70' lang='grc' dir='ltr'>ἕτοιμον</span> <span class='ocrx_word' id='word_1_505' title='bbox 3602 511 3758 573; x_wconf 71' lang='grc' dir='ltr'>εἶναι.</span> 
     </span>
    </p>
   </div>
   <div class='ocr_carea' id='block_1_65' title="bbox 2195 600 3761 675">
    <p class='ocr_par' dir='ltr' id='par_1_65' title="bbox 2195 600 3761 675">
     <span class='ocr_line' id='line_1_65' title="bbox 2195 600 3761 675; baseline 0 -20"><span class='ocrx_word' id='word_1_506' title='bbox 2195 602 2383 675; x_wconf 76' lang='grc' dir='ltr'>Ταύτῃ</span> <span class='ocrx_word' id='word_1_507' title='bbox 2427 604 2494 672; x_wconf 74' lang='grc' dir='ltr'>τῇ</span> <span class='ocrx_word' id='word_1_508' title='bbox 2542 600 2731 654; x_wconf 85' lang='grc' dir='ltr'>ἁλύσει</span> <span class='ocrx_word' id='word_1_509' title='bbox 2780 600 3031 671; x_wconf 79' lang='grc' dir='ltr'>δήσωμτν</span> <span class='ocrx_word' id='word_1_510' title='bbox 3056 600 3282 665; x_wconf 87' lang='grc' dir='ltr'>ἐαυτούς</span> <span class='ocrx_word' id='word_1_511' title='bbox 3303 616 3320 633; x_wconf 75' lang='grc' dir='ltr'><strong>ο</strong></span> <span class='ocrx_word' id='word_1_512' title='bbox 3365 602 3487 657; x_wconf 71' lang='grc' dir='ltr'>ἀντὶ</span> <span class='ocrx_word' id='word_1_513' title='bbox 3520 600 3761 671; x_wconf 82' lang='grc' dir='ltr'>σιδηρίου</span> 
     </span>
    </p>
   </div>
   <div class='ocr_carea' id='block_1_66' title="bbox 2201 683 3762 757">
    <p class='ocr_par' dir='ltr' id='par_1_66' title="bbox 2201 683 3762 757">
     <span class='ocr_line' id='line_1_66' title="bbox 2201 683 3762 757; baseline 0 -18"><span class='ocrx_word' id='word_1_514' title='bbox 2201 685 2442 757; x_wconf 89' lang='grc' dir='ltr'>γενέσθω</span> <span class='ocrx_word' id='word_1_515' title='bbox 2463 688 2596 756; x_wconf 81' lang='grc' dir='ltr'>ἡμῖν</span> <span class='ocrx_word' id='word_1_516' title='bbox 2626 687 2657 740; x_wconf 86' lang='grc' dir='ltr'>ό</span> <span class='ocrx_word' id='word_1_517' title='bbox 2679 683 2777 739; x_wconf 91' lang='grc' dir='ltr'>τοῦ</span> <span class='ocrx_word' id='word_1_518' title='bbox 2803 684 2939 738; x_wconf 86' lang='grc' dir='ltr'>Θεοῦ</span> <span class='ocrx_word' id='word_1_519' title='bbox 2963 684 3149 753; x_wconf 87' lang='grc' dir='ltr'>φόϐος.</span> <span class='ocrx_word' id='word_1_520' title='bbox 3179 684 3445 757; x_wconf 81' lang='grc' dir='ltr'>Λύσωμεν</span> <span class='ocrx_word' id='word_1_521' title='bbox 3470 686 3597 750; x_wconf 79' lang='grc' dir='ltr'>τοὺς</span> <span class='ocrx_word' id='word_1_522' title='bbox 3623 686 3762 739; x_wconf 85' lang='grc' dir='ltr'>δεδε-</span> 
     </span>
    </p>
   </div>
   <div class='ocr_carea' id='block_1_67' title="bbox 2198 768 3762 840">
    <p class='ocr_par' dir='ltr' id='par_1_67' title="bbox 2198 768 3762 840">
     <span class='ocr_line' id='line_1_67' title="bbox 2198 768 3762 840; baseline -0.001 -17"><span class='ocrx_word' id='word_1_523' title='bbox 2198 771 2395 840; x_wconf 89' lang='grc' dir='ltr'>μένους</span> <span class='ocrx_word' id='word_1_524' title='bbox 2441 770 2545 824; x_wconf 83' lang='grc' dir='ltr'>ὑπὸ</span> <span class='ocrx_word' id='word_1_525' title='bbox 2591 771 2803 836; x_wconf 88' lang='grc' dir='ltr'>πενίας,</span> <span class='ocrx_word' id='word_1_526' title='bbox 2840 768 2946 823; x_wconf 76' lang='grc' dir='ltr'>ὑπὸ</span> <span class='ocrx_word' id='word_1_527' title='bbox 2999 768 3252 840; x_wconf 83' lang='grc' dir='ltr'>θλίψεως.</span> <span class='ocrx_word' id='word_1_528' title='bbox 3305 771 3435 823; x_wconf 84' lang='grc' dir='ltr'>ούκ”</span> <span class='ocrx_word' id='word_1_529' title='bbox 3474 771 3622 824; x_wconf 82' lang='grc' dir='ltr'>ἐστιν</span> <span class='ocrx_word' id='word_1_530' title='bbox 3651 771 3762 823; x_wconf 87' lang='grc' dir='ltr'>ίσον</span> 
     </span>
    </p>
   </div>
   <div class='ocr_carea' id='block_1_68' title="bbox 2195 851 3762 927">
    <p class='ocr_par' dir='ltr' id='par_1_68' title="bbox 2195 851 3762 927">
     <span class='ocr_line' id='line_1_68' title="bbox 2195 851 3762 927; baseline 0 -20"><span class='ocrx_word' id='word_1_531' title='bbox 2195 854 2569 925; x_wconf 86' lang='grc' dir='ltr'>δεσμωτηρίου</span> <span class='ocrx_word' id='word_1_532' title='bbox 2611 852 2779 927; x_wconf 89' lang='grc' dir='ltr'>θύρας</span> <span class='ocrx_word' id='word_1_533' title='bbox 2814 851 3045 917; x_wconf 83' lang='grc' dir='ltr'>ἀνοῖξαι,</span> <span class='ocrx_word' id='word_1_534' title='bbox 3103 852 3200 907; x_wconf 74' lang='grc' dir='ltr'>καὶ</span> <span class='ocrx_word' id='word_1_535' title='bbox 3226 851 3404 922; x_wconf 80' lang='grc' dir='ltr'>ψυχὴν</span> <span class='ocrx_word' id='word_1_536' title='bbox 3445 852 3762 921; x_wconf 84' lang='grc' dir='ltr'>συγκεκλει-</span> 
     </span>
    </p>
   </div>
   <div class='ocr_carea' id='block_1_69' title="bbox 2198 935 3760 1009">
    <p class='ocr_par' dir='ltr' id='par_1_69' title="bbox 2198 935 3760 1009">
     <span class='ocr_line' id='line_1_69' title="bbox 2198 935 3760 1009; baseline -0.001 -19"><span class='ocrx_word' id='word_1_537' title='bbox 2198 939 2406 1009; x_wconf 89' lang='grc' dir='ltr'>σμένην</span> <span class='ocrx_word' id='word_1_538' title='bbox 2427 939 2684 1006; x_wconf 84' lang='grc' dir='ltr'>ἀφεῖναι·</span> <span class='ocrx_word' id='word_1_539' title='bbox 2712 937 2811 991; x_wconf 87' lang='grc' dir='ltr'>ούκ</span> <span class='ocrx_word' id='word_1_540' title='bbox 2834 937 2980 991; x_wconf 79' lang='grc' dir='ltr'>ἐστιν</span> <span class='ocrx_word' id='word_1_541' title='bbox 3017 936 3131 990; x_wconf 78' lang='grc' dir='ltr'>ἴσον</span> <span class='ocrx_word' id='word_1_542' title='bbox 3162 936 3323 990; x_wconf 85' lang='grc' dir='ltr'>λῦσαι</span> <span class='ocrx_word' id='word_1_543' title='bbox 3351 936 3525 1009; x_wconf 87' lang='grc' dir='ltr'>δεσμά</span> <span class='ocrx_word' id='word_1_544' title='bbox 3547 935 3760 1005; x_wconf 81' lang='grc' dir='ltr'>δεσμω-</span> 
     </span>
    </p>
   </div>
   <div class='ocr_carea' id='block_1_70' title="bbox 2194 1008 3765 1093">
    <p class='ocr_par' dir='ltr' id='par_1_70' title="bbox 2194 1008 3765 1093">
     <span class='ocr_line' id='line_1_70' title="bbox 2194 1008 3765 1093; baseline -0.003 -16"><span class='ocrx_word' id='word_1_545' title='bbox 2194 1022 2306 1077; x_wconf 86' lang='grc' dir='ltr'>τῶν</span> <span class='ocrx_word' id='word_1_546' title='bbox 2328 1008 2648 1093; x_wconf 84' lang='grc' dir='ltr'>δεδεμένων,</span> <span class='ocrx_word' id='word_1_547' title='bbox 2677 1023 2773 1076; x_wconf 72' lang='grc' dir='ltr'>καὶ</span> <span class='ocrx_word' id='word_1_548' title='bbox 2799 1021 3237 1092; x_wconf 87' lang='grc' dir='ltr'>τεθραυσμένους</span> <span class='ocrx_word' id='word_1_549' title='bbox 3254 1008 3522 1075; x_wconf 81' lang='grc' dir='ltr'>ἀπολῦσαῖ</span> <span class='ocrx_word' id='word_1_550' title='bbox 3545 1023 3603 1074; x_wconf 84' lang='grc' dir='ltr'>ἐν</span> <span class='ocrx_word' id='word_1_551' title='bbox 3630 1021 3765 1089; x_wconf 77' lang='grc' dir='ltr'>ἀφέο</span> 
     </span>
    </p>
   </div>
   <div class='ocr_carea' id='block_1_71' title="bbox 2199 1103 3767 1176">
    <p class='ocr_par' dir='ltr' id='par_1_71' title="bbox 2199 1103 3767 1176">
     <span class='ocr_line' id='line_1_71' title="bbox 2199 1103 3767 1176; baseline -0.001 -18"><span class='ocrx_word' id='word_1_552' title='bbox 2199 1122 2301 1163; x_wconf 89' lang='grc' dir='ltr'>σει.</span> <span class='ocrx_word' id='word_1_553' title='bbox 2330 1105 2500 1161; x_wconf 86' lang='grc' dir='ltr'>Τοῦτο</span> <span class='ocrx_word' id='word_1_554' title='bbox 2521 1106 2729 1159; x_wconf 82' lang='grc' dir='ltr'>ἐκείνου</span> <span class='ocrx_word' id='word_1_555' title='bbox 2753 1105 2938 1176; x_wconf 81' lang='grc' dir='ltr'>μεῖζόν</span> <span class='ocrx_word' id='word_1_556' title='bbox 2959 1107 3106 1158; x_wconf 86' lang='grc' dir='ltr'>ἐστιν</span> <span class='ocrx_word' id='word_1_557' title='bbox 3130 1120 3145 1133; x_wconf 81' lang='lat'><strong><em>°</em></strong></span> <span class='ocrx_word' id='word_1_558' title='bbox 3177 1104 3386 1158; x_wconf 82' lang='grc' dir='ltr'>ἐκείνου</span> <span class='ocrx_word' id='word_1_559' title='bbox 3416 1104 3513 1174; x_wconf 77' lang='grc' dir='ltr'>μὲν</span> <span class='ocrx_word' id='word_1_560' title='bbox 3541 1103 3652 1175; x_wconf 85' lang='grc' dir='ltr'>γὰρ</span> <span class='ocrx_word' id='word_1_561' title='bbox 3677 1103 3767 1157; x_wconf 84' lang='grc' dir='ltr'>ού-</span> 
     </span>
    </p>
   </div>
   <div class='ocr_carea' id='block_1_72' title="bbox 2197 1186 3766 1262">
    <p class='ocr_par' dir='ltr' id='par_1_72' title="bbox 2197 1186 3766 1262">
     <span class='ocr_line' id='line_1_72' title="bbox 2197 1186 3766 1262; baseline -0.003 -17"><span class='ocrx_word' id='word_1_562' title='bbox 2197 1192 2307 1254; x_wconf 84' lang='grc' dir='ltr'>δεὶς</span> <span class='ocrx_word' id='word_1_563' title='bbox 2339 1194 2515 1245; x_wconf 86' lang='grc' dir='ltr'>κεῖται</span> <span class='ocrx_word' id='word_1_564' title='bbox 2552 1191 2763 1262; x_wconf 82' lang='grc' dir='ltr'>μισθὸς,</span> <span class='ocrx_word' id='word_1_565' title='bbox 2794 1189 2987 1244; x_wconf 87' lang='grc' dir='ltr'>τούτου</span> <span class='ocrx_word' id='word_1_566' title='bbox 3018 1190 3077 1243; x_wconf 78' lang='grc' dir='ltr'>δὲ</span> <span class='ocrx_word' id='word_1_567' title='bbox 3126 1188 3329 1261; x_wconf 80' lang='grc' dir='ltr'>μυρίοι.</span> <span class='ocrx_word' id='word_1_568' title='bbox 3375 1187 3582 1259; x_wconf 80' lang='grc' dir='ltr'>Μακρά</span> <span class='ocrx_word' id='word_1_569' title='bbox 3611 1189 3648 1258; x_wconf 82' lang='grc' dir='ltr'>ὴ</span> <span class='ocrx_word' id='word_1_570' title='bbox 3672 1186 3766 1241; x_wconf 83' lang='grc' dir='ltr'>τοῦ</span> 
     </span>
    </p>
   </div>
   <div class='ocr_carea' id='block_1_73' title="bbox 2199 1271 3764 1344">
    <p class='ocr_par' dir='ltr' id='par_1_73' title="bbox 2199 1271 3764 1344">
     <span class='ocr_line' id='line_1_73' title="bbox 2199 1271 3764 1344; baseline -0.006 -14"><span class='ocrx_word' id='word_1_571' title='bbox 2199 1274 2413 1330; x_wconf 83' lang='grc' dir='ltr'>Παύλου</span> <span class='ocrx_word' id='word_1_572' title='bbox 2433 1274 2658 1344; x_wconf 89' lang='grc' dir='ltr'>γέγονεν</span> <span class='ocrx_word' id='word_1_573' title='bbox 2686 1274 2895 1339; x_wconf 72' lang='grc' dir='ltr'>ἅλυσις,</span> <span class='ocrx_word' id='word_1_574' title='bbox 2916 1273 3010 1327; x_wconf 75' lang='grc' dir='ltr'>καὶ</span> <span class='ocrx_word' id='word_1_575' title='bbox 3029 1272 3125 1326; x_wconf 75' lang='grc' dir='ltr'>ἐπὶ</span> <span class='ocrx_word' id='word_1_576' title='bbox 3141 1271 3281 1326; x_wconf 78' lang='grc' dir='ltr'>πολὺ</span> <span class='ocrx_word' id='word_1_577' title='bbox 3301 1271 3571 1341; x_wconf 83' lang='grc' dir='ltr'>κατέσχεν</span> <span class='ocrx_word' id='word_1_578' title='bbox 3597 1273 3764 1342; x_wconf 74' lang='grc' dir='ltr'>ἡμᾶς’</span> 
     </span>
    </p>
   </div>
   <div class='ocr_carea' id='block_1_74' title="bbox 2198 1357 3767 1432">
    <p class='ocr_par' dir='ltr' id='par_1_74' title="bbox 2198 1357 3767 1432">
     <span class='ocr_line' id='line_1_74' title="bbox 2198 1357 3767 1432; baseline 0.006 -19"><span class='ocrx_word' id='word_1_579' title='bbox 2198 1360 2295 1414; x_wconf 76' lang='grc' dir='ltr'>καὶ</span> <span class='ocrx_word' id='word_1_580' title='bbox 2324 1360 2432 1432; x_wconf 86' lang='grc' dir='ltr'>γάρ</span> <span class='ocrx_word' id='word_1_581' title='bbox 2457 1360 2605 1413; x_wconf 84' lang='grc' dir='ltr'>ἐστιν</span> <span class='ocrx_word' id='word_1_582' title='bbox 2634 1359 2803 1423; x_wconf 85' lang='grc' dir='ltr'>δντως</span> <span class='ocrx_word' id='word_1_583' title='bbox 2834 1358 3039 1430; x_wconf 86' lang='grc' dir='ltr'>μακρὰ,</span> <span class='ocrx_word' id='word_1_584' title='bbox 3073 1358 3167 1412; x_wconf 78' lang='grc' dir='ltr'>καὶ</span> <span class='ocrx_word' id='word_1_585' title='bbox 3197 1357 3381 1428; x_wconf 84' lang='grc' dir='ltr'>πάσης</span> <span class='ocrx_word' id='word_1_586' title='bbox 3408 1358 3596 1428; x_wconf 76' lang='grc' dir='ltr'>σειρᾶς</span> <span class='ocrx_word' id='word_1_587' title='bbox 3633 1373 3767 1427; x_wconf 79' lang='grc' dir='ltr'>χρυ·</span> 
     </span>
    </p>
   </div>
   <div class='ocr_carea' id='block_1_75' title="bbox 2201 1441 3768 1517">
    <p class='ocr_par' dir='ltr' id='par_1_75' title="bbox 2201 1441 3768 1517">
     <span class='ocr_line' id='line_1_75' title="bbox 2201 1441 3768 1517; baseline -0.001 -18"><span class='ocrx_word' id='word_1_588' title='bbox 2201 1445 2301 1515; x_wconf 84' lang='grc' dir='ltr'>σῆς</span> <span class='ocrx_word' id='word_1_589' title='bbox 2329 1443 2697 1516; x_wconf 86' lang='grc' dir='ltr'>κοσμιωτέρα.</span> <span class='ocrx_word' id='word_1_590' title='bbox 2726 1442 2881 1515; x_wconf 73' lang='grc' dir='ltr'>Αὕτη</span> <span class='ocrx_word' id='word_1_591' title='bbox 2904 1444 3031 1508; x_wconf 80' lang='grc' dir='ltr'>τοὺς</span> <span class='ocrx_word' id='word_1_592' title='bbox 3050 1442 3369 1517; x_wconf 85' lang='grc' dir='ltr'>δεδεμένους</span> <span class='ocrx_word' id='word_1_593' title='bbox 3399 1441 3655 1514; x_wconf 85' lang='grc' dir='ltr'>καθάπερ</span> <span class='ocrx_word' id='word_1_594' title='bbox 3683 1442 3768 1497; x_wconf 84' lang='grc' dir='ltr'>διά</span> 
     </span>
    </p>
   </div>
   <div class='ocr_carea' id='block_1_76' title="bbox 2198 1525 3766 1600">
    <p class='ocr_par' dir='ltr' id='par_1_76' title="bbox 2198 1525 3766 1600">
     <span class='ocr_line' id='line_1_76' title="bbox 2198 1525 3766 1600; baseline -0.002 -19"><span class='ocrx_word' id='word_1_595' title='bbox 2198 1545 2343 1592; x_wconf 92' lang='grc' dir='ltr'>τινος</span> <span class='ocrx_word' id='word_1_596' title='bbox 2376 1528 2627 1600; x_wconf 82' lang='grc' dir='ltr'>μηχανῆς</span> <span class='ocrx_word' id='word_1_597' title='bbox 2652 1528 2801 1582; x_wconf 82' lang='grc' dir='ltr'>ἐλκει</span> <span class='ocrx_word' id='word_1_598' title='bbox 2830 1527 2992 1598; x_wconf 69' lang='grc' dir='ltr'>ιπρὸς</span> <span class='ocrx_word' id='word_1_599' title='bbox 3034 1526 3128 1581; x_wconf 77' lang='grc' dir='ltr'>τὸν</span> <span class='ocrx_word' id='word_1_600' title='bbox 3162 1526 3412 1599; x_wconf 85' lang='grc' dir='ltr'>οὐρανὸν,</span> <span class='ocrx_word' id='word_1_601' title='bbox 3453 1527 3549 1581; x_wconf 76' lang='grc' dir='ltr'>καὶ</span> <span class='ocrx_word' id='word_1_602' title='bbox 3578 1525 3766 1597; x_wconf 85' lang='grc' dir='ltr'>ῶσπερ</span> 
     </span>
    </p>
   </div>
   <div class='ocr_carea' id='block_1_77' title="bbox 2199 1608 3766 1684">
    <p class='ocr_par' dir='ltr' id='par_1_77' title="bbox 2199 1608 3766 1684">
     <span class='ocr_line' id='line_1_77' title="bbox 2199 1608 3766 1684; baseline -0.003 -19"><span class='ocrx_word' id='word_1_603' title='bbox 2199 1611 2376 1684; x_wconf 88' lang='grc' dir='ltr'>χρυσῆ</span> <span class='ocrx_word' id='word_1_604' title='bbox 2428 1612 2584 1683; x_wconf 81' lang='grc' dir='ltr'>σειρά</span> <span class='ocrx_word' id='word_1_605' title='bbox 2626 1610 3009 1683; x_wconf 80' lang='grc' dir='ltr'>ἐξαρτηθεῖσα,</span> <span class='ocrx_word' id='word_1_606' title='bbox 3065 1609 3281 1664; x_wconf 86' lang='grc' dir='ltr'>ἀνέλκει</span> <span class='ocrx_word' id='word_1_607' title='bbox 3313 1609 3451 1680; x_wconf 76' lang='grc' dir='ltr'>πρὸς</span> <span class='ocrx_word' id='word_1_608' title='bbox 3482 1608 3644 1663; x_wconf 76' lang='grc' dir='ltr'>αὑτὸν</span> <span class='ocrx_word' id='word_1_609' title='bbox 3679 1608 3766 1661; x_wconf 86' lang='grc' dir='ltr'>τὸν</span> 
     </span>
    </p>
   </div>
   <div class='ocr_carea' id='block_1_78' title="bbox 2198 1684 3768 1767">
    <p class='ocr_par' dir='ltr' id='par_1_78' title="bbox 2198 1684 3768 1767">
     <span class='ocr_line' id='line_1_78' title="bbox 2198 1684 3768 1767; baseline -0.002 -20"><span class='ocrx_word' id='word_1_610' title='bbox 2198 1695 2445 1767; x_wconf 76' lang='grc' dir='ltr'>οὐρανόν·</span> <span class='ocrx_word' id='word_1_611' title='bbox 2477 1696 2570 1748; x_wconf 79' lang='grc' dir='ltr'>καὶ</span> <span class='ocrx_word' id='word_1_612' title='bbox 2600 1694 2661 1748; x_wconf 82' lang='grc' dir='ltr'>τὸ</span> <span class='ocrx_word' id='word_1_613' title='bbox 2688 1694 2752 1766; x_wconf 83' lang='grc' dir='ltr'>δὴ</span> <span class='ocrx_word' id='word_1_614' title='bbox 2800 1693 3137 1765; x_wconf 78' lang='grc' dir='ltr'>θαυμαστὸν,</span> <span class='ocrx_word' id='word_1_615' title='bbox 3168 1692 3317 1747; x_wconf 88' lang='grc' dir='ltr'>κάτω</span> <span class='ocrx_word' id='word_1_616' title='bbox 3357 1692 3595 1758; x_wconf 85' lang='grc' dir='ltr'>δεθεῖσα,</span> <span class='ocrx_word' id='word_1_617' title='bbox 3639 1684 3768 1755; x_wconf 75' lang='grc' dir='ltr'>τοῦς</span> 
     </span>
    </p>
   </div>
   <div class='ocr_carea' id='block_1_79' title="bbox 2198 1777 3765 1851">
    <p class='ocr_par' dir='ltr' id='par_1_79' title="bbox 2198 1777 3765 1851">
     <span class='ocr_line' id='line_1_79' title="bbox 2198 1777 3765 1851; baseline -0.001 -20"><span class='ocrx_word' id='word_1_618' title='bbox 2198 1778 2513 1851; x_wconf 85' lang='grc' dir='ltr'>δεδεμένους</span> <span class='ocrx_word' id='word_1_619' title='bbox 2542 1780 2655 1834; x_wconf 84' lang='grc' dir='ltr'>ἄνω</span> <span class='ocrx_word' id='word_1_620' title='bbox 2687 1779 2856 1833; x_wconf 73' lang='grc' dir='ltr'>ἕλκει.</span> <span class='ocrx_word' id='word_1_621' title='bbox 2897 1778 3092 1833; x_wconf 85' lang='grc' dir='ltr'>Καίτοι</span> <span class='ocrx_word' id='word_1_622' title='bbox 3121 1778 3221 1849; x_wconf 90' lang='grc' dir='ltr'>ούχ</span> <span class='ocrx_word' id='word_1_623' title='bbox 3249 1777 3389 1849; x_wconf 83' lang='grc' dir='ltr'>αῦτη</span> <span class='ocrx_word' id='word_1_624' title='bbox 3440 1777 3550 1831; x_wconf 90' lang='grc' dir='ltr'>τῶν</span> <span class='ocrx_word' id='word_1_625' title='bbox 3579 1795 3765 1847; x_wconf 89' lang='grc' dir='ltr'>πραγ-</span> 
     </span>
    </p>
   </div>
   <div class='ocr_carea' id='block_1_80' title="bbox 2203 1862 3769 1936">
    <p class='ocr_par' dir='ltr' id='par_1_80' title="bbox 2203 1862 3769 1936">
     <span class='ocr_line' id='line_1_80' title="bbox 2203 1862 3769 1936; baseline -0.004 -16"><span class='ocrx_word' id='word_1_626' title='bbox 2203 1867 2387 1936; x_wconf 89' lang='grc' dir='ltr'>μάτων</span> <span class='ocrx_word' id='word_1_627' title='bbox 2415 1866 2448 1935; x_wconf 80' lang='grc' dir='ltr'><strong>ἡ</strong></span> <span class='ocrx_word' id='word_1_628' title='bbox 2484 1864 2645 1935; x_wconf 87' lang='grc' dir='ltr'>φύσις</span> <span class='ocrx_word' id='word_1_629' title='bbox 2665 1879 2679 1895; x_wconf 77' lang='grc'><strong><em>⁸</em></strong></span> <span class='ocrx_word' id='word_1_630' title='bbox 2710 1863 2826 1918; x_wconf 86' lang='grc' dir='ltr'>ἀλλ’</span> <span class='ocrx_word' id='word_1_631' title='bbox 2886 1863 3015 1918; x_wconf 79' lang='grc' dir='ltr'>’ὁταν</span> <span class='ocrx_word' id='word_1_632' title='bbox 3042 1862 3176 1926; x_wconf 82' lang='grc' dir='ltr'>Θεὸς</span> <span class='ocrx_word' id='word_1_633' title='bbox 3204 1864 3482 1933; x_wconf 81' lang='grc' dir='ltr'>οίκονομῇ,</span> <span class='ocrx_word' id='word_1_634' title='bbox 3509 1862 3586 1933; x_wconf 82' lang='grc' dir='ltr'>μὴ</span> <span class='ocrx_word' id='word_1_635' title='bbox 3618 1862 3769 1931; x_wconf 75' lang='grc' dir='ltr'>ζήτει</span> 
     </span>
    </p>
   </div>
   <div class='ocr_carea' id='block_1_81' title="bbox 2201 1945 3767 2019">
    <p class='ocr_par' dir='ltr' id='par_1_81' title="bbox 2201 1945 3767 2019">
     <span class='ocr_line' id='line_1_81' title="bbox 2201 1945 3767 2019; baseline -0.003 -18"><span class='ocrx_word' id='word_1_636' title='bbox 2201 1948 2542 2019; x_wconf 85' lang='grc' dir='ltr'>πραγμάτων</span> <span class='ocrx_word' id='word_1_637' title='bbox 2571 1947 2733 2018; x_wconf 85' lang='grc' dir='ltr'>φύσιν</span> <span class='ocrx_word' id='word_1_638' title='bbox 2782 1947 2918 2018; x_wconf 86' lang='grc' dir='ltr'>μηδέ</span> <span class='ocrx_word' id='word_1_639' title='bbox 2974 1945 3317 2008; x_wconf 88' lang='grc' dir='ltr'>ἀκολουθίαν,</span> <span class='ocrx_word' id='word_1_640' title='bbox 3349 1946 3485 1999; x_wconf 89' lang='grc' dir='ltr'>ἀλλά</span> <span class='ocrx_word' id='word_1_641' title='bbox 3523 1946 3595 1999; x_wconf 88' lang='grc' dir='ltr'>τά</span> <span class='ocrx_word' id='word_1_642' title='bbox 3629 1945 3767 2017; x_wconf 77' lang='grc' dir='ltr'>ὑπὲρ</span> 
     </span>
    </p>
   </div>
   <div class='ocr_carea' id='block_1_82' title="bbox 2201 2029 3770 2101">
    <p class='ocr_par' dir='ltr' id='par_1_82' title="bbox 2201 2029 3770 2101">
     <span class='ocr_line' id='line_1_82' title="bbox 2201 2029 3770 2101; baseline -0.002 -16"><span class='ocrx_word' id='word_1_643' title='bbox 2201 2033 2363 2101; x_wconf 88' lang='grc' dir='ltr'>φύσιν</span> <span class='ocrx_word' id='word_1_644' title='bbox 2388 2033 2483 2086; x_wconf 74' lang='grc' dir='ltr'>καὶ</span> <span class='ocrx_word' id='word_1_645' title='bbox 2511 2031 2854 2086; x_wconf 87' lang='grc' dir='ltr'>ἀκολουθίαν.</span> <span class='ocrx_word' id='word_1_646' title='bbox 2906 2029 3186 2101; x_wconf 86' lang='grc' dir='ltr'>Μάθωμεν</span> <span class='ocrx_word' id='word_1_647' title='bbox 3219 2029 3355 2100; x_wconf 86' lang='grc' dir='ltr'>μηδέ</span> <span class='ocrx_word' id='word_1_648' title='bbox 3410 2030 3470 2083; x_wconf 88' lang='grc' dir='ltr'>ἐν</span> <span class='ocrx_word' id='word_1_649' title='bbox 3504 2033 3629 2093; x_wconf 84' lang='grc' dir='ltr'>ταῖς</span> <span class='ocrx_word' id='word_1_650' title='bbox 3659 2029 3770 2082; x_wconf 59' lang='grc' dir='ltr'>θλίι</span> 
     </span>
    </p>
   </div>
   <div class='ocr_carea' id='block_1_83' title="bbox 2198 2111 3770 2187">
    <p class='ocr_par' dir='ltr' id='par_1_83' title="bbox 2198 2111 3770 2187">
     <span class='ocr_line' id='line_1_83' title="bbox 2198 2111 3770 2187; baseline -0.002 -19"><span class='ocrx_word' id='word_1_651' title='bbox 2198 2116 2325 2185; x_wconf 76' lang='grc' dir='ltr'>ψεσι</span> <span class='ocrx_word' id='word_1_652' title='bbox 2350 2116 2733 2179; x_wconf 84' lang='grc' dir='ltr'>καταπίπτειν,</span> <span class='ocrx_word' id='word_1_653' title='bbox 2770 2113 2907 2187; x_wconf 89' lang='grc' dir='ltr'>μηδέ</span> <span class='ocrx_word' id='word_1_654' title='bbox 2934 2113 3331 2186; x_wconf 84' lang='grc' dir='ltr'>δυσχεραίνειν.</span> <span class='ocrx_word' id='word_1_655' title='bbox 3364 2113 3506 2184; x_wconf 88' lang='grc' dir='ltr'>Ὅρα</span> <span class='ocrx_word' id='word_1_656' title='bbox 3540 2112 3652 2182; x_wconf 87' lang='lat'>7&amp;9</span> <span class='ocrx_word' id='word_1_657' title='bbox 3678 2111 3770 2166; x_wconf 82' lang='grc' dir='ltr'>τὸν</span> 
     </span>
    </p>
   </div>
   <div class='ocr_carea' id='block_1_84' title="bbox 2204 2197 3771 2273">
    <p class='ocr_par' dir='ltr' id='par_1_84' title="bbox 2204 2197 3771 2273">
     <span class='ocr_line' id='line_1_84' title="bbox 2204 2197 3771 2273; baseline -0.002 -20"><span class='ocrx_word' id='word_1_658' title='bbox 2204 2200 2473 2273; x_wconf 89' lang='grc' dir='ltr'>μακάριον</span> <span class='ocrx_word' id='word_1_659' title='bbox 2517 2200 2749 2253; x_wconf 79' lang='grc' dir='ltr'>τοῦτον·</span> <span class='ocrx_word' id='word_1_660' title='bbox 2798 2198 3207 2270; x_wconf 87' lang='grc' dir='ltr'>μεμαστίγωτο,</span> <span class='ocrx_word' id='word_1_661' title='bbox 3255 2198 3350 2251; x_wconf 76' lang='grc' dir='ltr'>καὶ</span> <span class='ocrx_word' id='word_1_662' title='bbox 3380 2197 3771 2268; x_wconf 86' lang='grc' dir='ltr'>μεμαστίγωτο</span> 
     </span>
    </p>
   </div>
   <div class='ocr_carea' id='block_1_85' title="bbox 2205 2280 3771 2356">
    <p class='ocr_par' dir='ltr' id='par_1_85' title="bbox 2205 2280 3771 2356">
     <span class='ocr_line' id='line_1_85' title="bbox 2205 2280 3771 2356; baseline -0.002 -18"><span class='ocrx_word' id='word_1_663' title='bbox 2205 2285 2438 2356; x_wconf 78' lang='grc' dir='ltr'>ἰσχυρῶς</span> <span class='ocrx_word' id='word_1_664' title='bbox 2461 2300 2480 2315; x_wconf 73' lang='grc' dir='ltr'><strong>ο</strong></span> <span class='ocrx_word' id='word_1_665' title='bbox 2529 2284 2773 2349; x_wconf 78' lang='grc' dir='ltr'>Πολλὰς</span> <span class='ocrx_word' id='word_1_666' title='bbox 2822 2284 2932 2353; x_wconf 86' lang='grc' dir='ltr'>γὰρ</span> <span class='ocrx_word' id='word_1_667' title='bbox 2978 2282 3205 2350; x_wconf 78' lang='grc' dir='ltr'>αὐτοῖς,</span> <span class='ocrx_word' id='word_1_668' title='bbox 3240 2282 3428 2353; x_wconf 71' lang='grc' dir='ltr'>φησὶν,</span> <span class='ocrx_word' id='word_1_669' title='bbox 3463 2280 3771 2348; x_wconf 69' lang='grc' dir='ltr'>ἐπιθέντες</span> 
     </span>
    </p>
   </div>
   <div class='ocr_carea' id='block_1_86' title="bbox 2201 2365 3777 2439">
    <p class='ocr_par' dir='ltr' id='par_1_86' title="bbox 2201 2365 3777 2439">
     <span class='ocr_line' id='line_1_86' title="bbox 2201 2365 3777 2439; baseline -0.003 -17"><span class='ocrx_word' id='word_1_670' title='bbox 2201 2370 2436 2439; x_wconf 72' lang='grc' dir='ltr'>πληγάς</span> <span class='ocrx_word' id='word_1_671' title='bbox 2457 2384 2471 2398; x_wconf 78' lang='grc' dir='ltr'><strong><em>ο</em></strong></span> <span class='ocrx_word' id='word_1_672' title='bbox 2508 2370 2605 2422; x_wconf 70' lang='grc' dir='ltr'>καὶ</span> <span class='ocrx_word' id='word_1_673' title='bbox 2627 2368 2855 2434; x_wconf 83' lang='grc' dir='ltr'>ἐδέδετο,</span> <span class='ocrx_word' id='word_1_674' title='bbox 2881 2366 3159 2421; x_wconf 74' lang='grc' dir='ltr'>καὶτοῦτο</span> <span class='ocrx_word' id='word_1_675' title='bbox 3186 2367 3352 2421; x_wconf 90' lang='grc' dir='ltr'>πάλιν</span> <span class='ocrx_word' id='word_1_676' title='bbox 3380 2365 3620 2437; x_wconf 79' lang='grc' dir='ltr'>ἰσχυρῶς</span> <span class='ocrx_word' id='word_1_677' title='bbox 3639 2382 3657 2396; x_wconf 71' lang='grc'><strong>⁸</strong></span> <span class='ocrx_word' id='word_1_678' title='bbox 3695 2368 3777 2430; x_wconf 84' lang='grc' dir='ltr'>είς</span> 
     </span>
    </p>
   </div>
   <div class='ocr_carea' id='block_1_87' title="bbox 2201 2450 3774 2526">
    <p class='ocr_par' dir='ltr' id='par_1_87' title="bbox 2201 2450 3774 2526">
     <span class='ocr_line' id='line_1_87' title="bbox 2201 2450 3774 2526; baseline -0.001 -21"><span class='ocrx_word' id='word_1_679' title='bbox 2201 2454 2309 2525; x_wconf 80' lang='lat'>7&amp;9</span> <span class='ocrx_word' id='word_1_680' title='bbox 2328 2456 2427 2526; x_wconf 84' lang='grc' dir='ltr'>τὴν</span> <span class='ocrx_word' id='word_1_681' title='bbox 2455 2453 2731 2524; x_wconf 79' lang='grc' dir='ltr'>ἐσωτέραν</span> <span class='ocrx_word' id='word_1_682' title='bbox 2759 2452 3009 2522; x_wconf 88' lang='grc' dir='ltr'>φυλακὴν</span> <span class='ocrx_word' id='word_1_683' title='bbox 3033 2450 3288 2507; x_wconf 86' lang='grc' dir='ltr'>ἐνέϐαλεν</span> <span class='ocrx_word' id='word_1_684' title='bbox 3308 2450 3491 2514; x_wconf 74' lang='grc' dir='ltr'>αὑτὸν,</span> <span class='ocrx_word' id='word_1_685' title='bbox 3515 2450 3611 2503; x_wconf 74' lang='grc' dir='ltr'>καὶ</span> <span class='ocrx_word' id='word_1_686' title='bbox 3636 2450 3774 2520; x_wconf 79' lang='grc' dir='ltr'>μετὰ</span> 
     </span>
    </p>
   </div>
   <div class='ocr_carea' id='block_1_88' title="bbox 2204 2532 3784 2606">
    <p class='ocr_par' dir='ltr' id='par_1_88' title="bbox 2204 2532 3784 2606">
     <span class='ocr_line' id='line_1_88' title="bbox 2204 2532 3784 2606; baseline -0.004 -15"><span class='ocrx_word' id='word_1_687' title='bbox 2204 2539 2449 2601; x_wconf 82' lang='grc' dir='ltr'>πλείονος</span> <span class='ocrx_word' id='word_1_688' title='bbox 2500 2535 2822 2606; x_wconf 86' lang='grc' dir='ltr'>ἀσφαλείας.</span> <span class='ocrx_word' id='word_1_689' title='bbox 2872 2536 2984 2589; x_wconf 76' lang='grc' dir='ltr'>Καὶ</span> <span class='ocrx_word' id='word_1_690' title='bbox 3018 2534 3078 2588; x_wconf 88' lang='grc' dir='ltr'>ἐν</span> <span class='ocrx_word' id='word_1_691' title='bbox 3110 2532 3390 2598; x_wconf 89' lang='grc' dir='ltr'>τοσούτοις</span> <span class='ocrx_word' id='word_1_692' title='bbox 3416 2532 3493 2587; x_wconf 84' lang='grc' dir='ltr'>ῶν</span> <span class='ocrx_word' id='word_1_693' title='bbox 3540 2533 3689 2586; x_wconf 87' lang='grc' dir='ltr'>κατά</span> <span class='ocrx_word' id='word_1_694' title='bbox 3716 2533 3784 2585; x_wconf 74' lang='grc' dir='ltr'>τδ</span> 
     </span>
    </p>
   </div>
   <div class='ocr_carea' id='block_1_89' title="bbox 2204 2616 3774 2692">
    <p class='ocr_par' dir='ltr' id='par_1_89' title="bbox 2204 2616 3774 2692">
     <span class='ocr_line' id='line_1_89' title="bbox 2204 2616 3774 2692; baseline -0.004 -17"><span class='ocrx_word' id='word_1_695' title='bbox 2204 2621 2574 2692; x_wconf 87' lang='grc' dir='ltr'>μεσονύκτιον,</span> <span class='ocrx_word' id='word_1_696' title='bbox 2604 2621 2694 2674; x_wconf 86' lang='grc' dir='ltr'>ὅτε</span> <span class='ocrx_word' id='word_1_697' title='bbox 2728 2619 2821 2673; x_wconf 78' lang='grc' dir='ltr'>καὶ</span> <span class='ocrx_word' id='word_1_698' title='bbox 2845 2619 2897 2671; x_wconf 85' lang='grc' dir='ltr'>οί</span> <span class='ocrx_word' id='word_1_699' title='bbox 2930 2618 3137 2689; x_wconf 86' lang='grc' dir='ltr'>σφόδρα</span> <span class='ocrx_word' id='word_1_700' title='bbox 3181 2618 3543 2690; x_wconf 84' lang='grc' dir='ltr'>ἐγηγερμένοι</span> <span class='ocrx_word' id='word_1_701' title='bbox 3569 2616 3774 2671; x_wconf 85' lang='grc' dir='ltr'>καθεύ-</span> 
     </span>
    </p>
   </div>
   <div class='ocr_carea' id='block_1_90' title="bbox 2201 2699 3773 2776">
    <p class='ocr_par' dir='ltr' id='par_1_90' title="bbox 2201 2699 3773 2776">
     <span class='ocr_line' id='line_1_90' title="bbox 2201 2699 3773 2776; baseline -0.003 -18"><span class='ocrx_word' id='word_1_702' title='bbox 2201 2707 2402 2769; x_wconf 91' lang='grc' dir='ltr'>δουσιν,</span> <span class='ocrx_word' id='word_1_703' title='bbox 2454 2705 2647 2776; x_wconf 85' lang='grc' dir='ltr'>ἐτέρου</span> <span class='ocrx_word' id='word_1_704' title='bbox 2707 2702 2907 2774; x_wconf 90' lang='grc' dir='ltr'>δεσμοῦ</span> <span class='ocrx_word' id='word_1_705' title='bbox 2984 2703 3389 2774; x_wconf 85' lang='grc' dir='ltr'>χαλεπωτέρου,</span> <span class='ocrx_word' id='word_1_706' title='bbox 3442 2701 3554 2776; x_wconf 15' lang='grc' dir='ltr'>τοῦ»</span> <span class='ocrx_word' id='word_1_707' title='bbox 3603 2699 3773 2754; x_wconf 77' lang='grc' dir='ltr'>ὕπνου</span> 
     </span>
    </p>
   </div>
   <div class='ocr_carea' id='block_1_91' title="bbox 2202 2774 3774 2861">
    <p class='ocr_par' dir='ltr' id='par_1_91' title="bbox 2202 2774 3774 2861">
     <span class='ocr_line' id='line_1_91' title="bbox 2202 2774 3774 2861; baseline -0.004 -17"><span class='ocrx_word' id='word_1_708' title='bbox 2202 2774 2570 2861; x_wconf 81' lang='grc' dir='ltr'>ἐπικειμένου,</span> <span class='ocrx_word' id='word_1_709' title='bbox 2597 2786 2726 2861; x_wconf 83' lang='grc' dir='ltr'>ᾖδον</span> <span class='ocrx_word' id='word_1_710' title='bbox 2745 2789 2838 2842; x_wconf 76' lang='grc' dir='ltr'>καὶ</span> <span class='ocrx_word' id='word_1_711' title='bbox 2867 2786 3071 2859; x_wconf 85' lang='grc' dir='ltr'>ὖμνουν</span> <span class='ocrx_word' id='word_1_712' title='bbox 3098 2788 3189 2842; x_wconf 76' lang='grc' dir='ltr'>τὸν</span> <span class='ocrx_word' id='word_1_713' title='bbox 3216 2786 3441 2859; x_wconf 86' lang='grc' dir='ltr'>Κύριον.</span> <span class='ocrx_word' id='word_1_714' title='bbox 3472 2774 3774 2839; x_wconf 70' lang='grc' dir='ltr'>Τι’τούτων</span> 
     </span>
    </p>
   </div>
   <div class='ocr_carea' id='block_1_92' title="bbox 2202 2870 3775 2946">
    <p class='ocr_par' dir='ltr' id='par_1_92' title="bbox 2202 2870 3775 2946">
     <span class='ocr_line' id='line_1_92' title="bbox 2202 2870 3775 2946; baseline -0.005 -16"><span class='ocrx_word' id='word_1_715' title='bbox 2202 2876 2399 2946; x_wconf 85' lang='grc' dir='ltr'>γένοιτ’</span> <span class='ocrx_word' id='word_1_716' title='bbox 2434 2877 2501 2930; x_wconf 86' lang='grc' dir='ltr'>ἂν</span> <span class='ocrx_word' id='word_1_717' title='bbox 2546 2875 2654 2929; x_wconf 91' lang='grc' dir='ltr'>τῶν</span> <span class='ocrx_word' id='word_1_718' title='bbox 2687 2873 2879 2944; x_wconf 78' lang='grc' dir='ltr'>ψυχῶν</span> <span class='ocrx_word' id='word_1_719' title='bbox 2910 2870 3451 2943; x_wconf 70' lang='grc' dir='ltr'>ἀδαμαντινιὶιτερον;</span> <span class='ocrx_word' id='word_1_720' title='bbox 3495 2870 3775 2924; x_wconf 81' lang='grc' dir='ltr'>Ἐνενόουν</span> 
     </span>
    </p>
   </div>
   <div class='ocr_carea' id='block_1_93' title="bbox 2202 2952 3774 3030">
    <p class='ocr_par' dir='ltr' id='par_1_93' title="bbox 2202 2952 3774 3030">
     <span class='ocr_line' id='line_1_93' title="bbox 2202 2952 3774 3030; baseline -0.006 -17"><span class='ocrx_word' id='word_1_721' title='bbox 2202 2962 2285 3014; x_wconf 77' lang='grc' dir='ltr'>ὅτι</span> <span class='ocrx_word' id='word_1_722' title='bbox 2314 2960 2410 3014; x_wconf 73' lang='grc' dir='ltr'>καὶ</span> <span class='ocrx_word' id='word_1_723' title='bbox 2436 2959 2485 3011; x_wconf 86' lang='grc' dir='ltr'>οί</span> <span class='ocrx_word' id='word_1_724' title='bbox 2516 2958 2705 3022; x_wconf 91' lang='grc' dir='ltr'>παῖδες</span> <span class='ocrx_word' id='word_1_725' title='bbox 2732 2960 2790 3012; x_wconf 90' lang='grc' dir='ltr'>ἐν</span> <span class='ocrx_word' id='word_1_726' title='bbox 2823 2958 2959 3028; x_wconf 76' lang='grc' dir='ltr'>πυρὶ</span> <span class='ocrx_word' id='word_1_727' title='bbox 2984 2952 3109 3030; x_wconf 81' lang='grc' dir='ltr'>ᾖδον</span> <span class='ocrx_word' id='word_1_728' title='bbox 3142 2956 3238 3009; x_wconf 77' lang='grc' dir='ltr'>καὶ</span> <span class='ocrx_word' id='word_1_729' title='bbox 3263 2959 3320 3010; x_wconf 90' lang='grc' dir='ltr'>ἐν</span> <span class='ocrx_word' id='word_1_730' title='bbox 3342 2954 3558 3025; x_wconf 79' lang='grc' dir='ltr'>καμίνῳ</span> <span class='ocrx_word' id='word_1_731' title='bbox 3578 2970 3594 2983; x_wconf 84' lang='grc'><em>’</em></span> <span class='ocrx_word' id='word_1_732' title='bbox 3645 2954 3774 3015; x_wconf 85' lang='grc' dir='ltr'>ίσως</span> 
     </span>
    </p>
   </div>
   <div class='ocr_carea' id='block_1_94' title="bbox 2202 3038 3775 3113">
    <p class='ocr_par' dir='ltr' id='par_1_94' title="bbox 2202 3038 3775 3113">
     <span class='ocr_line' id='line_1_94' title="bbox 2202 3038 3775 3113; baseline -0.006 -16"><span class='ocrx_word' id='word_1_733' title='bbox 2202 3044 2524 3113; x_wconf 75' lang='grc' dir='ltr'>ἐλογίζοντο,</span> <span class='ocrx_word' id='word_1_734' title='bbox 2557 3043 2640 3096; x_wconf 84' lang='grc' dir='ltr'>ὅτι</span> <span class='ocrx_word' id='word_1_735' title='bbox 2659 3041 2852 3113; x_wconf 85' lang='grc' dir='ltr'>Ἡμεῖς</span> <span class='ocrx_word' id='word_1_736' title='bbox 2881 3041 3034 3095; x_wconf 82' lang='grc' dir='ltr'>οὐδὲν</span> <span class='ocrx_word' id='word_1_737' title='bbox 3062 3039 3303 3094; x_wconf 88' lang='grc' dir='ltr'>τοιοῦτον</span> <span class='ocrx_word' id='word_1_738' title='bbox 3333 3038 3546 3093; x_wconf 79' lang='grc' dir='ltr'>οὐδέπω</span> <span class='ocrx_word' id='word_1_739' title='bbox 3571 3038 3775 3089; x_wconf 86' lang='grc' dir='ltr'>πεπόν-</span> 
     </span>
    </p>
   </div>
   <div class='ocr_carea' id='block_1_95' title="bbox 2204 3120 3774 3197">
    <p class='ocr_par' dir='ltr' id='par_1_95' title="bbox 2204 3120 3774 3197">
     <span class='ocr_line' id='line_1_95' title="bbox 2204 3120 3774 3197; baseline -0.007 -16"><span class='ocrx_word' id='word_1_740' title='bbox 2204 3128 2398 3197; x_wconf 90' lang='grc' dir='ltr'>θαμεν.</span> <span class='ocrx_word' id='word_1_741' title='bbox 2456 3125 2617 3179; x_wconf 86' lang='grc' dir='ltr'>Ἀλλά</span> <span class='ocrx_word' id='word_1_742' title='bbox 2668 3125 2851 3189; x_wconf 89' lang='grc' dir='ltr'>καλῶς</span> <span class='ocrx_word' id='word_1_743' title='bbox 2904 3124 3077 3177; x_wconf 89' lang='grc' dir='ltr'>ποιῶν</span> <span class='ocrx_word' id='word_1_744' title='bbox 3119 3124 3150 3176; x_wconf 85' lang='grc' dir='ltr'>ό</span> <span class='ocrx_word' id='word_1_745' title='bbox 3204 3121 3362 3190; x_wconf 85' lang='grc' dir='ltr'>λόγος</span> <span class='ocrx_word' id='word_1_746' title='bbox 3416 3120 3497 3184; x_wconf 86' lang='grc' dir='ltr'>είς</span> <span class='ocrx_word' id='word_1_747' title='bbox 3553 3120 3774 3189; x_wconf 88' lang='grc' dir='ltr'>ἐτέρους</span> 
     </span>
    </p>
   </div>
   <div class='ocr_carea' id='block_1_96' title="bbox 2203 3204 3783 3284">
    <p class='ocr_par' dir='ltr' id='par_1_96' title="bbox 2203 3204 3783 3284">
     <span class='ocr_line' id='line_1_96' title="bbox 2203 3204 3783 3284; baseline -0.018 1"><span class='ocrx_word' id='word_1_748' title='bbox 2203 3214 2351 3284; x_wconf 78' lang='grc' dir='ltr'>ἡμᾶς</span> <span class='ocrx_word' id='word_1_749' title='bbox 2401 3211 2566 3267; x_wconf 85' lang='grc' dir='ltr'>πάλιν</span> <span class='ocrx_word' id='word_1_750' title='bbox 2624 3210 2884 3282; x_wconf 80' lang='grc' dir='ltr'>ἐξήνεγκε</span> <span class='ocrx_word' id='word_1_751' title='bbox 2947 3206 3179 3280; x_wconf 76' lang='grc' dir='ltr'>δεσμοὺς</span> <span class='ocrx_word' id='word_1_752' title='bbox 3248 3207 3345 3260; x_wconf 73' lang='grc' dir='ltr'>καὶ</span> <span class='ocrx_word' id='word_1_753' title='bbox 3397 3204 3783 3276; x_wconf 75' lang='grc' dir='ltr'>δεσμωτήριον</span> 
     </span>
    </p>
   </div>
   <div class='ocr_carea' id='block_1_97' title="bbox 2204 3297 2406 3369">
    <p class='ocr_par' dir='ltr' id='par_1_97' title="bbox 2204 3297 2406 3369">
     <span class='ocr_line' id='line_1_97' title="bbox 2204 3297 2406 3369; baseline 0.005 -19"><span class='ocrx_word' id='word_1_754' title='bbox 2204 3297 2406 3369; x_wconf 70' lang='grc' dir='ltr'>ἕτερον.</span> 
     </span>
    </p>
   </div>
   <div class='ocr_carea' id='block_1_98' title="bbox 2274 3454 3772 3533">
    <p class='ocr_par' dir='ltr' id='par_1_98' title="bbox 2274 3454 3772 3533">
     <span class='ocr_line' id='line_1_98' title="bbox 2274 3454 3772 3533; baseline -0.006 -16"><span class='ocrx_word' id='word_1_755' title='bbox 2274 3463 2341 3517; x_wconf 86' lang='grc' dir='ltr'>Τί</span> <span class='ocrx_word' id='word_1_756' title='bbox 2373 3462 2565 3527; x_wconf 86' lang='grc' dir='ltr'>πάθω;</span> <span class='ocrx_word' id='word_1_757' title='bbox 2626 3458 2887 3533; x_wconf 79' lang='grc' dir='ltr'>βούλομαι</span> <span class='ocrx_word' id='word_1_758' title='bbox 2946 3458 3199 3532; x_wconf 76' lang='grc' dir='ltr'>σιγῆσαι,</span> <span class='ocrx_word' id='word_1_759' title='bbox 3246 3455 3362 3513; x_wconf 79' lang='grc' dir='ltr'>ἀλλ’</span> <span class='ocrx_word' id='word_1_760' title='bbox 3404 3454 3466 3510; x_wconf 83' lang='grc' dir='ltr'>οὐ</span> <span class='ocrx_word' id='word_1_761' title='bbox 3511 3455 3772 3528; x_wconf 81' lang='grc' dir='ltr'>δύναμαι.</span> 
     </span>
    </p>
   </div>
   <div class='ocr_carea' id='block_1_99' title="bbox 2205 3539 3772 3620">
    <p class='ocr_par' dir='ltr' id='par_1_99' title="bbox 2205 3539 3772 3620">
     <span class='ocr_line' id='line_1_99' title="bbox 2205 3539 3772 3620; baseline -0.007 -15"><span class='ocrx_word' id='word_1_762' title='bbox 2205 3550 2435 3620; x_wconf 88' lang='grc' dir='ltr'>Ἕτερον</span> <span class='ocrx_word' id='word_1_763' title='bbox 2485 3546 2861 3617; x_wconf 81' lang='grc' dir='ltr'>δεσμωτήριον</span> <span class='ocrx_word' id='word_1_764' title='bbox 2893 3539 3052 3617; x_wconf 78' lang='grc' dir='ltr'>εὖρον</span> <span class='ocrx_word' id='word_1_765' title='bbox 3082 3544 3292 3599; x_wconf 88' lang='grc' dir='ltr'>ἐκείνου</span> <span class='ocrx_word' id='word_1_766' title='bbox 3342 3540 3524 3613; x_wconf 82' lang='grc' dir='ltr'>πολλῷ</span> <span class='ocrx_word' id='word_1_767' title='bbox 3557 3542 3772 3615; x_wconf 83' lang='grc' dir='ltr'>θαυμα-</span> 
     </span>
    </p>
   </div>
   <div class='ocr_carea' id='block_1_100' title="bbox 2206 3627 3777 3704">
    <p class='ocr_par' dir='ltr' id='par_1_100' title="bbox 2206 3627 3777 3704">
     <span class='ocr_line' id='line_1_100' title="bbox 2206 3627 3777 3704; baseline -0.003 -17"><span class='ocrx_word' id='word_1_768' title='bbox 2206 3633 2463 3704; x_wconf 84' lang='grc' dir='ltr'>σιώτερον</span> <span class='ocrx_word' id='word_1_769' title='bbox 2511 3632 2606 3685; x_wconf 77' lang='grc' dir='ltr'>καὶ</span> <span class='ocrx_word' id='word_1_770' title='bbox 2652 3630 3185 3702; x_wconf 85' lang='grc' dir='ltr'>ἐκπληκτικώτερον.</span> <span class='ocrx_word' id='word_1_771' title='bbox 3222 3627 3384 3685; x_wconf 80' lang='grc' dir='ltr'>Ἀλλά</span> <span class='ocrx_word' id='word_1_772' title='bbox 3450 3644 3541 3698; x_wconf 87' lang='grc' dir='ltr'>μοι</span> <span class='ocrx_word' id='word_1_773' title='bbox 3591 3628 3777 3682; x_wconf 82' lang='grc' dir='ltr'>διανά-</span> 
     </span>
    </p>
   </div>
   <div class='ocr_carea' id='block_1_101' title="bbox 2205 3711 3775 3789">
    <p class='ocr_par' dir='ltr' id='par_1_101' title="bbox 2205 3711 3775 3789">
     <span class='ocr_line' id='line_1_101' title="bbox 2205 3711 3775 3789; baseline -0.004 -18"><span class='ocrx_word' id='word_1_774' title='bbox 2205 3734 2390 3789; x_wconf 87' lang='grc' dir='ltr'>στητε,</span> <span class='ocrx_word' id='word_1_775' title='bbox 2418 3718 2493 3781; x_wconf 84' lang='grc' dir='ltr'>ὡς</span> <span class='ocrx_word' id='word_1_776' title='bbox 2521 3715 2616 3769; x_wconf 88' lang='grc' dir='ltr'>νῦν</span> <span class='ocrx_word' id='word_1_777' title='bbox 2665 3715 2971 3788; x_wconf 86' lang='grc' dir='ltr'>ἀρχομένου</span> <span class='ocrx_word' id='word_1_778' title='bbox 3007 3714 3103 3768; x_wconf 90' lang='grc' dir='ltr'>τοῦ</span> <span class='ocrx_word' id='word_1_779' title='bbox 3150 3712 3332 3782; x_wconf 88' lang='grc' dir='ltr'>λόγου,</span> <span class='ocrx_word' id='word_1_780' title='bbox 3371 3711 3465 3765; x_wconf 74' lang='grc' dir='ltr'>καὶ</span> <span class='ocrx_word' id='word_1_781' title='bbox 3493 3711 3775 3782; x_wconf 73' lang='grc' dir='ltr'>ἀκμαζού-</span> 
     </span>
    </p>
   </div>
   <div class='ocr_carea' id='block_1_102' title="bbox 2207 3795 3777 3872">
    <p class='ocr_par' dir='ltr' id='par_1_102' title="bbox 2207 3795 3777 3872">
     <span class='ocr_line' id='line_1_102' title="bbox 2207 3795 3777 3872; baseline -0.003 -18"><span class='ocrx_word' id='word_1_782' title='bbox 2207 3817 2327 3864; x_wconf 92' lang='grc' dir='ltr'>σαις</span> <span class='ocrx_word' id='word_1_783' title='bbox 2363 3799 2692 3872; x_wconf 87' lang='grc' dir='ltr'>προσέλθετε</span> <span class='ocrx_word' id='word_1_784' title='bbox 2732 3801 2853 3862; x_wconf 91' lang='grc' dir='ltr'>ταῖς</span> <span class='ocrx_word' id='word_1_785' title='bbox 2898 3797 3184 3860; x_wconf 86' lang='grc' dir='ltr'>διανοίαις.</span> <span class='ocrx_word' id='word_1_786' title='bbox 3214 3795 3485 3865; x_wconf 83' lang='grc' dir='ltr'>Βούλομαι</span> <span class='ocrx_word' id='word_1_787' title='bbox 3514 3795 3777 3866; x_wconf 72' lang='grc' dir='ltr'>διακόψαι</span> 
     </span>
    </p>
   </div>
   <div class='ocr_carea' id='block_1_103' title="bbox 2202 3881 3771 3955">
    <p class='ocr_par' dir='ltr' id='par_1_103' title="bbox 2202 3881 3771 3955">
     <span class='ocr_line' id='line_1_103' title="bbox 2202 3881 3771 3955; baseline -0.003 -15"><span class='ocrx_word' id='word_1_788' title='bbox 2202 3887 2299 3940; x_wconf 85' lang='grc' dir='ltr'>τὸν</span> <span class='ocrx_word' id='word_1_789' title='bbox 2317 3886 2494 3954; x_wconf 87' lang='grc' dir='ltr'>λόγον,</span> <span class='ocrx_word' id='word_1_790' title='bbox 2523 3885 2619 3939; x_wconf 80' lang='grc' dir='ltr'>καὶ</span> <span class='ocrx_word' id='word_1_791' title='bbox 2634 3883 2735 3937; x_wconf 82' lang='grc' dir='ltr'>οὐκ</span> <span class='ocrx_word' id='word_1_792' title='bbox 2760 3882 3037 3954; x_wconf 84' lang='grc' dir='ltr'>ἀνέχεται.</span> <span class='ocrx_word' id='word_1_793' title='bbox 3053 3881 3323 3955; x_wconf 82' lang='grc' dir='ltr'>Καθάπερ</span> <span class='ocrx_word' id='word_1_794' title='bbox 3338 3885 3445 3955; x_wconf 89' lang='grc' dir='ltr'>γάρ</span> <span class='ocrx_word' id='word_1_795' title='bbox 3459 3901 3546 3948; x_wconf 88' lang='grc' dir='ltr'>τις</span> <span class='ocrx_word' id='word_1_796' title='bbox 3566 3883 3771 3955; x_wconf 73' lang='grc' dir='ltr'>μεταξὺ</span> 
     </span>
    </p>
   </div>
   <div class='ocr_carea' id='block_1_104' title="bbox 2205 3968 3779 4041">
    <p class='ocr_par' dir='ltr' id='par_1_104' title="bbox 2205 3968 3779 4041">
     <span class='ocr_line' id='line_1_104' title="bbox 2205 3968 3779 4041; baseline -0.004 -13"><span class='ocrx_word' id='word_1_797' title='bbox 2205 3973 2376 4028; x_wconf 81' lang='grc' dir='ltr'>πίνων</span> <span class='ocrx_word' id='word_1_798' title='bbox 2408 3972 2508 4025; x_wconf 82' lang='grc' dir='ltr'>οὐκ</span> <span class='ocrx_word' id='word_1_799' title='bbox 2560 3970 2626 4024; x_wconf 84' lang='grc' dir='ltr'>ἂν</span> <span class='ocrx_word' id='word_1_800' title='bbox 2681 3970 2970 4041; x_wconf 89' lang='grc' dir='ltr'>ἀνάσχοιτο</span> <span class='ocrx_word' id='word_1_801' title='bbox 3022 3969 3298 4039; x_wconf 79' lang='grc' dir='ltr'>διακόψαι,</span> <span class='ocrx_word' id='word_1_802' title='bbox 3352 3970 3455 4024; x_wconf 77' lang='grc' dir='ltr'>κᾶν</span> <span class='ocrx_word' id='word_1_803' title='bbox 3484 3968 3669 4024; x_wconf 83' lang='grc' dir='ltr'>ὁτιοῦν</span> <span class='ocrx_word' id='word_1_804' title='bbox 3693 3985 3779 4032; x_wconf 82' lang='grc' dir='ltr'>τις</span> 
     </span>
    </p>
   </div>
   <div class='ocr_carea' id='block_1_105' title="bbox 2205 4052 3772 4126">
    <p class='ocr_par' dir='ltr' id='par_1_105' title="bbox 2205 4052 3772 4126">
     <span class='ocr_line' id='line_1_105' title="bbox 2205 4052 3772 4126; baseline -0.003 -16"><span class='ocrx_word' id='word_1_805' title='bbox 2205 4055 2607 4126; x_wconf 83' lang='grc' dir='ltr'>ἐπαγγέλληται</span> <span class='ocrx_word' id='word_1_806' title='bbox 2626 4068 2649 4084; x_wconf 63' lang='grc' dir='ltr'><strong>θ</strong></span> <span class='ocrx_word' id='word_1_807' title='bbox 2678 4052 2821 4107; x_wconf 73' lang='grc' dir='ltr'>οὕτω</span> <span class='ocrx_word' id='word_1_808' title='bbox 2837 4053 2994 4122; x_wconf 88' lang='grc' dir='ltr'>κάγὼ</span> <span class='ocrx_word' id='word_1_809' title='bbox 3009 4054 3111 4125; x_wconf 86' lang='grc' dir='ltr'>τῆς</span> <span class='ocrx_word' id='word_1_810' title='bbox 3136 4053 3354 4118; x_wconf 76' lang='grc' dir='ltr'>κύλικος</span> <span class='ocrx_word' id='word_1_811' title='bbox 3378 4053 3772 4123; x_wconf 88' lang='grc' dir='ltr'>ἐπιλαϐόμενος</span> 
     </span>
    </p>
   </div>
   <div class='ocr_carea' id='block_1_106' title="bbox 2203 4135 3771 4211">
    <p class='ocr_par' dir='ltr' id='par_1_106' title="bbox 2203 4135 3771 4211">
     <span class='ocr_line' id='line_1_106' title="bbox 2203 4135 3771 4211; baseline -0.003 -18"><span class='ocrx_word' id='word_1_812' title='bbox 2203 4140 2305 4211; x_wconf 85' lang='grc' dir='ltr'>τῆς</span> <span class='ocrx_word' id='word_1_813' title='bbox 2342 4136 2662 4211; x_wconf 87' lang='grc' dir='ltr'>θαυμαστῆς</span> <span class='ocrx_word' id='word_1_814' title='bbox 2689 4136 2786 4190; x_wconf 83' lang='grc' dir='ltr'>τοῦ</span> <span class='ocrx_word' id='word_1_815' title='bbox 2822 4136 3199 4209; x_wconf 83' lang='grc' dir='ltr'>δεσμωτηρίου</span> <span class='ocrx_word' id='word_1_816' title='bbox 3224 4136 3335 4191; x_wconf 87' lang='grc' dir='ltr'>τῶν</span> <span class='ocrx_word' id='word_1_817' title='bbox 3364 4136 3453 4190; x_wconf 84' lang='grc' dir='ltr'>διὰ</span> <span class='ocrx_word' id='word_1_818' title='bbox 3635 4137 3771 4207; x_wconf 82' lang='grc' dir='ltr'>Χρι-</span> 
     </span>
    </p>
   </div>
   <div class='ocr_carea' id='block_1_107' title="bbox 2207 4219 3781 4292">
    <p class='ocr_par' dir='ltr' id='par_1_107' title="bbox 2207 4219 3781 4292">
     <span class='ocr_line' id='line_1_107' title="bbox 2207 4219 3781 4292; baseline -0.006 -12"><span class='ocrx_word' id='word_1_819' title='bbox 2207 4225 2331 4280; x_wconf 82' lang='grc' dir='ltr'>στὸν</span> <span class='ocrx_word' id='word_1_820' title='bbox 2364 4220 2685 4292; x_wconf 82' lang='grc' dir='ltr'>δεδεμένων,</span> <span class='ocrx_word' id='word_1_821' title='bbox 2717 4221 2779 4274; x_wconf 85' lang='grc' dir='ltr'>ού</span> <span class='ocrx_word' id='word_1_822' title='bbox 2824 4219 3058 4291; x_wconf 87' lang='grc' dir='ltr'>δύναμαι</span> <span class='ocrx_word' id='word_1_823' title='bbox 3086 4220 3418 4287; x_wconf 87' lang='grc' dir='ltr'>παύσασθαι,</span> <span class='ocrx_word' id='word_1_824' title='bbox 3445 4224 3508 4275; x_wconf 83' lang='grc' dir='ltr'>ού</span> <span class='ocrx_word' id='word_1_825' title='bbox 3535 4220 3781 4290; x_wconf 27' lang='grc' dir='ltr'>δύναμαι.</span> 
     </span>
    </p>
   </div>
   <div class='ocr_carea' id='block_1_108' title="bbox 2206 4302 3781 4381">
    <p class='ocr_par' dir='ltr' id='par_1_108' title="bbox 2206 4302 3781 4381">
     <span class='ocr_line' id='line_1_108' title="bbox 2206 4302 3781 4381; baseline -0.006 -18"><span class='ocrx_word' id='word_1_826' title='bbox 2206 4309 2446 4381; x_wconf 90' lang='grc' dir='ltr'>σιγῆσαι.</span> <span class='ocrx_word' id='word_1_827' title='bbox 2490 4307 2555 4361; x_wconf 70' lang='lat' dir='ltr'><strong>Et</strong></span> <span class='ocrx_word' id='word_1_828' title='bbox 2580 4306 2691 4377; x_wconf 89' lang='lat'>7&amp;9</span> <span class='ocrx_word' id='word_1_829' title='bbox 2724 4304 2885 4369; x_wconf 82' lang='grc' dir='ltr'>αὐτὸς</span> <span class='ocrx_word' id='word_1_830' title='bbox 2913 4308 2971 4358; x_wconf 88' lang='grc' dir='ltr'>ἐν</span> <span class='ocrx_word' id='word_1_831' title='bbox 2994 4304 3350 4376; x_wconf 84' lang='grc' dir='ltr'>δεσμωτηρίῳ</span> <span class='ocrx_word' id='word_1_832' title='bbox 3390 4305 3487 4359; x_wconf 77' lang='grc' dir='ltr'>καὶ</span> <span class='ocrx_word' id='word_1_833' title='bbox 3532 4306 3595 4358; x_wconf 86' lang='grc' dir='ltr'>ἐν</span> <span class='ocrx_word' id='word_1_834' title='bbox 3620 4302 3781 4357; x_wconf 77' lang='grc' dir='ltr'>νυκτὶ</span> 
     </span>
    </p>
   </div>
   <div class='ocr_carea' id='block_1_109' title="bbox 2203 4388 3775 4461">
    <p class='ocr_par' dir='ltr' id='par_1_109' title="bbox 2203 4388 3775 4461">
     <span class='ocr_line' id='line_1_109' title="bbox 2203 4388 3775 4461; baseline -0.002 -14"><span class='ocrx_word' id='word_1_835' title='bbox 2203 4394 2303 4447; x_wconf 84' lang='grc' dir='ltr'>οὐκ</span> <span class='ocrx_word' id='word_1_836' title='bbox 2337 4391 2609 4461; x_wconf 86' lang='grc' dir='ltr'>ἐσίγησεν,</span> <span class='ocrx_word' id='word_1_837' title='bbox 2637 4389 2760 4443; x_wconf 88' lang='grc' dir='ltr'>ούδέ</span> <span class='ocrx_word' id='word_1_838' title='bbox 2786 4390 2845 4443; x_wconf 82' lang='grc' dir='ltr'>ἐν</span> <span class='ocrx_word' id='word_1_839' title='bbox 2872 4389 3144 4459; x_wconf 74' lang='grc' dir='ltr'>μάστιξιν,</span> <span class='ocrx_word' id='word_1_840' title='bbox 3174 4388 3286 4457; x_wconf 82' lang='grc' dir='ltr'>ἐγὼ</span> <span class='ocrx_word' id='word_1_841' title='bbox 3316 4391 3615 4461; x_wconf 83' lang='grc' dir='ltr'>σιγήσομαι</span> <span class='ocrx_word' id='word_1_842' title='bbox 3638 4391 3775 4445; x_wconf 85' lang='grc' dir='ltr'>καθ-</span> 
     </span>
    </p>
   </div>
   <div class='ocr_carea' id='block_1_110' title="bbox 2203 4471 3773 4549">
    <p class='ocr_par' dir='ltr' id='par_1_110' title="bbox 2203 4471 3773 4549">
     <span class='ocr_line' id='line_1_110' title="bbox 2203 4471 3773 4549; baseline -0.003 -18"><span class='ocrx_word' id='word_1_843' title='bbox 2203 4478 2405 4549; x_wconf 82' lang='grc' dir='ltr'>ήμενος</span> <span class='ocrx_word' id='word_1_844' title='bbox 2443 4473 2658 4546; x_wconf 82' lang='grc' dir='ltr'>ἡμέρας</span> <span class='ocrx_word' id='word_1_845' title='bbox 2701 4471 2890 4542; x_wconf 79' lang='grc' dir='ltr'>οῦσης,</span> <span class='ocrx_word' id='word_1_846' title='bbox 2943 4473 3081 4542; x_wconf 86' lang='grc' dir='ltr'>μετά</span> <span class='ocrx_word' id='word_1_847' title='bbox 3126 4472 3328 4543; x_wconf 81' lang='grc' dir='ltr'>πολλῆς</span> <span class='ocrx_word' id='word_1_848' title='bbox 3382 4476 3481 4545; x_wconf 83' lang='grc' dir='ltr'>τῆς</span> <span class='ocrx_word' id='word_1_849' title='bbox 3535 4475 3773 4534; x_wconf 79' lang='grc' dir='ltr'>ἀνέσεως</span> 
     </span>
    </p>
   </div>
   <div class='ocr_carea' id='block_1_111' title="bbox 2204 4555 3781 4631">
    <p class='ocr_par' dir='ltr' id='par_1_111' title="bbox 2204 4555 3781 4631">
     <span class='ocr_line' id='line_1_111' title="bbox 2204 4555 3781 4631; baseline -0.003 -16"><span class='ocrx_word' id='word_1_850' title='bbox 2204 4561 2593 4631; x_wconf 85' lang='grc' dir='ltr'>φθεγγόμενος,</span> <span class='ocrx_word' id='word_1_851' title='bbox 2617 4556 2724 4610; x_wconf 92' lang='grc' dir='ltr'>τῶν</span> <span class='ocrx_word' id='word_1_852' title='bbox 2753 4555 3074 4627; x_wconf 86' lang='grc' dir='ltr'>δεδεμένων,</span> <span class='ocrx_word' id='word_1_853' title='bbox 3102 4556 3219 4611; x_wconf 85' lang='grc' dir='ltr'>τῶν</span> <span class='ocrx_word' id='word_1_854' title='bbox 3240 4558 3781 4630; x_wconf 67' lang='grc' dir='ltr'>μεμαστιγωμένων,</span> 
     </span>
    </p>
   </div>
   <div class='ocr_carea' id='block_1_112' title="bbox 2202 4639 3395 4715">
    <p class='ocr_par' dir='ltr' id='par_1_112' title="bbox 2202 4639 3395 4715">
     <span class='ocr_line' id='line_1_112' title="bbox 2202 4639 3395 4715; baseline -0.003 -16"><span class='ocrx_word' id='word_1_855' title='bbox 2202 4643 2311 4699; x_wconf 86' lang='grc' dir='ltr'>τῶν</span> <span class='ocrx_word' id='word_1_856' title='bbox 2344 4646 2401 4698; x_wconf 87' lang='grc' dir='ltr'>ἐν</span> <span class='ocrx_word' id='word_1_857' title='bbox 2432 4642 2573 4715; x_wconf 78' lang='grc' dir='ltr'>μέσῃ</span> <span class='ocrx_word' id='word_1_858' title='bbox 2604 4640 2760 4695; x_wconf 78' lang='grc' dir='ltr'>νυκτὶ</span> <span class='ocrx_word' id='word_1_859' title='bbox 2786 4640 2944 4694; x_wconf 82' lang='grc' dir='ltr'>τοῦτο</span> <span class='ocrx_word' id='word_1_860' title='bbox 2977 4639 3057 4712; x_wconf 9' lang='grc' dir='ltr'>μὴ,</span> <span class='ocrx_word' id='word_1_861' title='bbox 3080 4640 3395 4709; x_wconf 78' lang='grc' dir='ltr'>παθόντων;</span> 
     </span>
    </p>
   </div>
   <div class='ocr_carea' id='block_1_113' title="bbox 2273 4803 3779 4881">
    <p class='ocr_par' dir='ltr' id='par_1_113' title="bbox 2273 4803 3779 4881">
     <span class='ocr_line' id='line_1_113' title="bbox 2273 4803 3779 4881; baseline -0.005 -17"><span class='ocrx_word' id='word_1_862' title='bbox 2273 4810 2336 4863; x_wconf 87' lang='grc' dir='ltr'>Οί</span> <span class='ocrx_word' id='word_1_863' title='bbox 2369 4807 2557 4869; x_wconf 83' lang='grc' dir='ltr'>παῖδες</span> <span class='ocrx_word' id='word_1_864' title='bbox 2582 4805 2683 4859; x_wconf 86' lang='grc' dir='ltr'>ούκ</span> <span class='ocrx_word' id='word_1_865' title='bbox 2715 4803 2915 4874; x_wconf 82' lang='grc' dir='ltr'>ἐσίγων</span> <span class='ocrx_word' id='word_1_866' title='bbox 2947 4806 3005 4859; x_wconf 90' lang='grc' dir='ltr'>ἐν</span> <span class='ocrx_word' id='word_1_867' title='bbox 3024 4807 3240 4879; x_wconf 84' lang='grc' dir='ltr'>καμίνῳ</span> <span class='ocrx_word' id='word_1_868' title='bbox 3259 4807 3354 4862; x_wconf 74' lang='grc' dir='ltr'>καὶ</span> <span class='ocrx_word' id='word_1_869' title='bbox 3384 4807 3444 4862; x_wconf 87' lang='grc' dir='ltr'>ἐν</span> <span class='ocrx_word' id='word_1_870' title='bbox 3468 4808 3635 4881; x_wconf 61' lang='grc' dir='ltr'>»πυρίο</span> <span class='ocrx_word' id='word_1_871' title='bbox 3677 4811 3779 4864; x_wconf 59' lang='grc' dir='ltr'>καὶ</span> 
     </span>
    </p>
   </div>
   <div class='ocr_carea' id='block_1_114' title="bbox 2202 4888 3770 4965">
    <p class='ocr_par' dir='ltr' id='par_1_114' title="bbox 2202 4888 3770 4965">
     <span class='ocr_line' id='line_1_114' title="bbox 2202 4888 3770 4965; baseline 0 -20"><span class='ocrx_word' id='word_1_872' title='bbox 2202 4894 2362 4965; x_wconf 83' lang='grc' dir='ltr'>ἡμεῖς</span> <span class='ocrx_word' id='word_1_873' title='bbox 2396 4893 2497 4945; x_wconf 89' lang='grc' dir='ltr'>ούκ</span> <span class='ocrx_word' id='word_1_874' title='bbox 2521 4888 2889 4965; x_wconf 84' lang='grc' dir='ltr'>αἰσχυνόμεθα</span> <span class='ocrx_word' id='word_1_875' title='bbox 2918 4890 3217 4957; x_wconf 88' lang='grc' dir='ltr'>σιγῶντες;</span> <span class='ocrx_word' id='word_1_876' title='bbox 3258 4891 3486 4962; x_wconf 86' lang='grc' dir='ltr'>Ἴδωμεν</span> <span class='ocrx_word' id='word_1_877' title='bbox 3536 4888 3630 4945; x_wconf 82' lang='grc' dir='ltr'>οὖν</span> <span class='ocrx_word' id='word_1_878' title='bbox 3679 4894 3770 4946; x_wconf 81' lang='grc' dir='ltr'>καὶ</span> 
     </span>
    </p>
   </div>
   <div class='ocr_carea' id='block_1_115' title="bbox 2200 4974 3779 5048">
    <p class='ocr_par' dir='ltr' id='par_1_115' title="bbox 2200 4974 3779 5048">
     <span class='ocr_line' id='line_1_115' title="bbox 2200 4974 3779 5048; baseline -0.003 -15"><span class='ocrx_word' id='word_1_879' title='bbox 2200 4978 2358 5033; x_wconf 82' lang='grc' dir='ltr'>τοῦτο</span> <span class='ocrx_word' id='word_1_880' title='bbox 2382 4975 2444 5030; x_wconf 79' lang='grc' dir='ltr'>τὸ</span> <span class='ocrx_word' id='word_1_881' title='bbox 2482 4975 2879 5048; x_wconf 84' lang='grc' dir='ltr'>δεσμωτήριον.</span> <span class='ocrx_word' id='word_1_882' title='bbox 2906 4974 3196 5045; x_wconf 82' lang='grc' dir='ltr'>Ἐδέθησαν</span> <span class='ocrx_word' id='word_1_883' title='bbox 3229 4977 3325 5029; x_wconf 78' lang='grc' dir='ltr'>καὶ</span> <span class='ocrx_word' id='word_1_884' title='bbox 3368 4975 3625 5038; x_wconf 84' lang='grc' dir='ltr'>ἐνταῦθα,</span> <span class='ocrx_word' id='word_1_885' title='bbox 3654 4977 3779 5029; x_wconf 64' lang='lat' dir='ltr'>«m&#39;</span> 
     </span>
    </p>
   </div>
   <div class='ocr_carea' id='block_1_116' title="bbox 2202 5058 3769 5129">
    <p class='ocr_par' dir='ltr' id='par_1_116' title="bbox 2202 5058 3769 5129">
     <span class='ocr_line' id='line_1_116' title="bbox 2202 5058 3769 5129; baseline -0.003 -13"><span class='ocrx_word' id='word_1_886' title='bbox 2202 5061 2402 5123; x_wconf 79' lang='grc' dir='ltr'>εὐθέως</span> <span class='ocrx_word' id='word_1_887' title='bbox 2430 5059 2524 5114; x_wconf 81' lang='grc' dir='ltr'>καὶ</span> <span class='ocrx_word' id='word_1_888' title='bbox 2560 5060 2625 5112; x_wconf 84' lang='grc' dir='ltr'>ἐκ</span> <span class='ocrx_word' id='word_1_889' title='bbox 2653 5059 2958 5129; x_wconf 86' lang='grc' dir='ltr'>προοιμίων</span> <span class='ocrx_word' id='word_1_890' title='bbox 2984 5058 3276 5123; x_wconf 87' lang='grc' dir='ltr'>ἐδείκνυτο,</span> <span class='ocrx_word' id='word_1_891' title='bbox 3310 5059 3391 5112; x_wconf 86' lang='grc' dir='ltr'>δτι</span> <span class='ocrx_word' id='word_1_892' title='bbox 3416 5059 3516 5111; x_wconf 79' lang='grc' dir='ltr'>οὐκ</span> <span class='ocrx_word' id='word_1_893' title='bbox 3546 5060 3769 5129; x_wconf 82' lang='grc' dir='ltr'>ἔμελλον</span> 
     </span>
    </p>
   </div>
   <div class='ocr_carea' id='block_1_117' title="bbox 2202 5142 3771 5216">
    <p class='ocr_par' dir='ltr' id='par_1_117' title="bbox 2202 5142 3771 5216">
     <span class='ocr_line' id='line_1_117' title="bbox 2202 5142 3771 5216; baseline -0.003 -16"><span class='ocrx_word' id='word_1_894' title='bbox 2202 5146 2473 5211; x_wconf 87' lang='grc' dir='ltr'>καίεσθαι,</span> <span class='ocrx_word' id='word_1_895' title='bbox 2512 5142 2627 5197; x_wconf 79' lang='grc' dir='ltr'>ἀλλ’</span> <span class='ocrx_word' id='word_1_896' title='bbox 2657 5143 2732 5208; x_wconf 88' lang='grc' dir='ltr'>ὡς</span> <span class='ocrx_word' id='word_1_897' title='bbox 2766 5145 2846 5207; x_wconf 88' lang='grc' dir='ltr'>είς</span> <span class='ocrx_word' id='word_1_898' title='bbox 2878 5143 3247 5214; x_wconf 85' lang='grc' dir='ltr'>δεσμωτήριον</span> <span class='ocrx_word' id='word_1_899' title='bbox 3280 5145 3527 5198; x_wconf 88' lang='grc' dir='ltr'>είσιέναι.</span> <span class='ocrx_word' id='word_1_900' title='bbox 3563 5144 3631 5197; x_wconf 90' lang='grc' dir='ltr'>Τί</span> <span class='ocrx_word' id='word_1_901' title='bbox 3664 5146 3771 5216; x_wconf 80' lang='grc' dir='ltr'>γάρ</span> 
     </span>
    </p>
   </div>
   <div class='ocr_carea' id='block_1_118' title="bbox 2201 5226 3766 5299">
    <p class='ocr_par' dir='ltr' id='par_1_118' title="bbox 2201 5226 3766 5299">
     <span class='ocr_line' id='line_1_118' title="bbox 2201 5226 3766 5299; baseline -0.004 -15"><span class='ocrx_word' id='word_1_902' title='bbox 2201 5229 2419 5299; x_wconf 86' lang='grc' dir='ltr'>δεσμεῖς</span> <span class='ocrx_word' id='word_1_903' title='bbox 2464 5227 2592 5291; x_wconf 78' lang='grc' dir='ltr'>τοὺς</span> <span class='ocrx_word' id='word_1_904' title='bbox 2649 5227 2947 5299; x_wconf 82' lang='grc' dir='ltr'>μέλλοντας</span> <span class='ocrx_word' id='word_1_905' title='bbox 3002 5226 3386 5295; x_wconf 78' lang='grc' dir='ltr'>φλογίζεσθαι;</span> <span class='ocrx_word' id='word_1_906' title='bbox 3452 5227 3766 5297; x_wconf 82' lang='grc' dir='ltr'>Ἐδὲθησαν,</span> 
     </span>
    </p>
   </div>
   <div class='ocr_carea' id='block_1_119' title="bbox 2202 5311 3777 5381">
    <p class='ocr_par' dir='ltr' id='par_1_119' title="bbox 2202 5311 3777 5381">
     <span class='ocr_line' id='line_1_119' title="bbox 2202 5311 3777 5381; baseline -0.003 -14"><span class='ocrx_word' id='word_1_907' title='bbox 2202 5311 2384 5375; x_wconf 87' lang='grc' dir='ltr'>καθὼς</span> <span class='ocrx_word' id='word_1_908' title='bbox 2434 5311 2669 5378; x_wconf 86' lang='grc' dir='ltr'>Παῦλος,</span> <span class='ocrx_word' id='word_1_909' title='bbox 2724 5311 2820 5365; x_wconf 74' lang='grc' dir='ltr'>καὶ</span> <span class='ocrx_word' id='word_1_910' title='bbox 2876 5311 3045 5374; x_wconf 86' lang='grc' dir='ltr'>πόδας</span> <span class='ocrx_word' id='word_1_911' title='bbox 3090 5311 3185 5363; x_wconf 77' lang='grc' dir='ltr'>καὶ</span> <span class='ocrx_word' id='word_1_912' title='bbox 3231 5312 3417 5381; x_wconf 84' lang='grc' dir='ltr'>χεῖρας</span> <span class='ocrx_word' id='word_1_913' title='bbox 3444 5327 3457 5340; x_wconf 89' lang='grc'><strong>·</strong></span> <span class='ocrx_word' id='word_1_914' title='bbox 3506 5312 3777 5380; x_wconf 86' lang='grc' dir='ltr'>ἐδέθησαν</span> 
     </span>
    </p>
   </div>
   <div class='ocr_carea' id='block_1_120' title="bbox 2205 5393 3771 5469">
    <p class='ocr_par' dir='ltr' id='par_1_120' title="bbox 2205 5393 3771 5469">
     <span class='ocr_line' id='line_1_120' title="bbox 2205 5393 3771 5469; baseline -0.002 -19"><span class='ocrx_word' id='word_1_915' title='bbox 2205 5397 2343 5469; x_wconf 89' lang='grc' dir='ltr'>μετά</span> <span class='ocrx_word' id='word_1_916' title='bbox 2369 5395 2623 5449; x_wconf 86' lang='grc' dir='ltr'>τοσούτου</span> <span class='ocrx_word' id='word_1_917' title='bbox 2658 5393 2854 5467; x_wconf 87' lang='grc' dir='ltr'>θυμοῦ.</span> <span class='ocrx_word' id='word_1_918' title='bbox 2882 5396 2993 5450; x_wconf 85' lang='grc' dir='ltr'>Καί</span> <span class='ocrx_word' id='word_1_919' title='bbox 3017 5395 3127 5466; x_wconf 84' lang='lat'>7&amp;9</span> <span class='ocrx_word' id='word_1_920' title='bbox 3158 5395 3365 5458; x_wconf 88' lang='grc' dir='ltr'>ἐκεῖνος</span> <span class='ocrx_word' id='word_1_921' title='bbox 3399 5396 3478 5457; x_wconf 88' lang='grc' dir='ltr'>είς</span> <span class='ocrx_word' id='word_1_922' title='bbox 3511 5396 3613 5464; x_wconf 78' lang='grc' dir='ltr'>τὴν</span> <span class='ocrx_word' id='word_1_923' title='bbox 3636 5395 3771 5447; x_wconf 86' lang='grc' dir='ltr'>ἐσω-</span> 
     </span>
    </p>
   </div>
   <div class='ocr_carea' id='block_1_121' title="bbox 2201 5470 3771 5553">
    <p class='ocr_par' dir='ltr' id='par_1_121' title="bbox 2201 5470 3771 5553">
     <span class='ocr_line' id='line_1_121' title="bbox 2201 5470 3771 5553; baseline -0.003 -19"><span class='ocrx_word' id='word_1_924' title='bbox 2201 5481 2364 5553; x_wconf 88' lang='grc' dir='ltr'>τέραν</span> <span class='ocrx_word' id='word_1_925' title='bbox 2416 5479 2575 5533; x_wconf 81' lang='grc' dir='ltr'>ἐϐαλε</span> <span class='ocrx_word' id='word_1_926' title='bbox 2631 5478 2905 5551; x_wconf 84' lang='grc' dir='ltr'>φυλακὴν,</span> <span class='ocrx_word' id='word_1_927' title='bbox 2951 5478 3048 5533; x_wconf 78' lang='grc' dir='ltr'>καὶ</span> <span class='ocrx_word' id='word_1_928' title='bbox 3097 5470 3251 5541; x_wconf 72' lang='grc' dir='ltr'>οὗτος</span> <span class='ocrx_word' id='word_1_929' title='bbox 3285 5477 3379 5530; x_wconf 72' lang='grc' dir='ltr'>ἐπὶ</span> <span class='ocrx_word' id='word_1_930' title='bbox 3407 5477 3541 5531; x_wconf 80' lang='grc' dir='ltr'>πολὺ</span> <span class='ocrx_word' id='word_1_931' title='bbox 3569 5478 3771 5548; x_wconf 88' lang='grc' dir='ltr'>καῆναι</span> 
     </span>
    </p>
   </div>
   <div class='ocr_carea' id='block_1_122' title="bbox 2200 5560 3759 5635">
    <p class='ocr_par' dir='ltr' id='par_1_122' title="bbox 2200 5560 3759 5635">
     <span class='ocr_line' id='line_1_122' title="bbox 2200 5560 3759 5635; baseline -0.002 -17"><span class='ocrx_word' id='word_1_932' title='bbox 2200 5566 2303 5632; x_wconf 84' lang='grc' dir='ltr'>τὴν</span> <span class='ocrx_word' id='word_1_933' title='bbox 2334 5566 2567 5635; x_wconf 88' lang='grc' dir='ltr'>κάμινον</span> <span class='ocrx_word' id='word_1_934' title='bbox 2586 5562 2886 5617; x_wconf 86' lang='grc' dir='ltr'>ἐκέλευσεν.</span> <span class='ocrx_word' id='word_1_935' title='bbox 2920 5560 3062 5615; x_wconf 82' lang='grc' dir='ltr'>Ἀλλ’</span> <span class='ocrx_word' id='word_1_936' title='bbox 3092 5560 3290 5631; x_wconf 81' lang='grc' dir='ltr'>ίδωμεν</span> <span class='ocrx_word' id='word_1_937' title='bbox 3303 5562 3374 5616; x_wconf 84' lang='grc' dir='ltr'>τὰ</span> <span class='ocrx_word' id='word_1_938' title='bbox 3398 5562 3537 5633; x_wconf 85' lang='grc' dir='ltr'>μετά</span> <span class='ocrx_word' id='word_1_939' title='bbox 3565 5562 3759 5616; x_wconf 88' lang='grc' dir='ltr'>ταῦτα.</span> 
     </span>
    </p>
   </div>
   <div class='ocr_carea' id='block_1_123' title="bbox 2214 5644 3768 5716">
    <p class='ocr_par' dir='ltr' id='par_1_123' title="bbox 2214 5644 3768 5716">
     <span class='ocr_line' id='line_1_123' title="bbox 2214 5644 3768 5716; baseline -0.004 -15"><span class='ocrx_word' id='word_1_940' title='bbox 2214 5646 2556 5714; x_wconf 84' lang='grc' dir='ltr'>Ὑμνούντων</span> <span class='ocrx_word' id='word_1_941' title='bbox 2611 5646 2836 5700; x_wconf 88' lang='grc' dir='ltr'>ἐκείνων</span> <span class='ocrx_word' id='word_1_942' title='bbox 2882 5645 3090 5698; x_wconf 88' lang='grc' dir='ltr'>ἐσείετο</span> <span class='ocrx_word' id='word_1_943' title='bbox 3140 5644 3203 5697; x_wconf 78' lang='grc' dir='ltr'>τὸ</span> <span class='ocrx_word' id='word_1_944' title='bbox 3246 5644 3642 5716; x_wconf 86' lang='grc' dir='ltr'>δεσμωτήριον,</span> <span class='ocrx_word' id='word_1_945' title='bbox 3671 5645 3768 5697; x_wconf 83' lang='grc' dir='ltr'>καὶ</span> 
     </span>
    </p>
   </div>
   <div class='ocr_carea' id='block_1_124' title="bbox 2202 5727 3773 5801">
    <p class='ocr_par' dir='ltr' id='par_1_124' title="bbox 2202 5727 3773 5801">
     <span class='ocr_line' id='line_1_124' title="bbox 2202 5727 3773 5801; baseline -0.004 -16"><span class='ocrx_word' id='word_1_946' title='bbox 2202 5730 2550 5800; x_wconf 81' lang='grc' dir='ltr'>ἀνεῴχθησαν</span> <span class='ocrx_word' id='word_1_947' title='bbox 2580 5729 2636 5783; x_wconf 87' lang='grc' dir='ltr'>αἱ</span> <span class='ocrx_word' id='word_1_948' title='bbox 2670 5729 2829 5801; x_wconf 87' lang='grc' dir='ltr'>θύραι</span> <span class='ocrx_word' id='word_1_949' title='bbox 2851 5746 2873 5762; x_wconf 71' lang='grc' dir='ltr'>σ</span> <span class='ocrx_word' id='word_1_950' title='bbox 2902 5729 2996 5783; x_wconf 77' lang='grc' dir='ltr'>καὶ</span> <span class='ocrx_word' id='word_1_951' title='bbox 3022 5727 3227 5783; x_wconf 89' lang='grc' dir='ltr'>τούτων</span> <span class='ocrx_word' id='word_1_952' title='bbox 3261 5727 3574 5799; x_wconf 80' lang='grc' dir='ltr'>ὑμνούντων</span> <span class='ocrx_word' id='word_1_953' title='bbox 3598 5728 3773 5799; x_wconf 81' lang='grc' dir='ltr'>ἐλύθη</span> 
     </span>
    </p>
   </div>
   <div class='ocr_carea' id='block_1_125' title="bbox 2203 5810 3762 5885">
    <p class='ocr_par' dir='ltr' id='par_1_125' title="bbox 2203 5810 3762 5885">
     <span class='ocr_line' id='line_1_125' title="bbox 2203 5810 3762 5885; baseline -0.004 -16"><span class='ocrx_word' id='word_1_954' title='bbox 2203 5817 2271 5869; x_wconf 79' lang='grc' dir='ltr'>τὰ</span> <span class='ocrx_word' id='word_1_955' title='bbox 2304 5814 2479 5883; x_wconf 79' lang='grc' dir='ltr'>δεσμὰ</span> <span class='ocrx_word' id='word_1_956' title='bbox 2507 5814 2601 5867; x_wconf 80' lang='grc' dir='ltr'>καὶ</span> <span class='ocrx_word' id='word_1_957' title='bbox 2622 5813 2731 5867; x_wconf 89' lang='grc' dir='ltr'>τῶν</span> <span class='ocrx_word' id='word_1_958' title='bbox 2764 5813 2942 5867; x_wconf 88' lang='grc' dir='ltr'>ποδῶν</span> <span class='ocrx_word' id='word_1_959' title='bbox 2979 5814 3074 5867; x_wconf 75' lang='grc' dir='ltr'>καὶ</span> <span class='ocrx_word' id='word_1_960' title='bbox 3098 5813 3208 5866; x_wconf 85' lang='grc' dir='ltr'>τῶν</span> <span class='ocrx_word' id='word_1_961' title='bbox 3234 5811 3435 5885; x_wconf 89' lang='grc' dir='ltr'>χειρῶν</span> <span class='ocrx_word' id='word_1_962' title='bbox 3464 5825 3477 5839; x_wconf 77' lang='grc'><strong><em>⁸</em></strong></span> <span class='ocrx_word' id='word_1_963' title='bbox 3515 5810 3762 5882; x_wconf 79' lang='grc' dir='ltr'>ἀνεῴχθη</span> 
     </span>
    </p>
   </div>
   <div class='ocr_carea' id='block_1_126' title="bbox 2202 5896 3762 5971">
    <p class='ocr_par' dir='ltr' id='par_1_126' title="bbox 2202 5896 3762 5971">
     <span class='ocr_line' id='line_1_126' title="bbox 2202 5896 3762 5971; baseline -0.003 -19"><span class='ocrx_word' id='word_1_964' title='bbox 2202 5901 2263 5953; x_wconf 85' lang='grc' dir='ltr'>τὸ</span> <span class='ocrx_word' id='word_1_965' title='bbox 2295 5901 2689 5971; x_wconf 88' lang='grc' dir='ltr'>δεσμωτήριον,</span> <span class='ocrx_word' id='word_1_966' title='bbox 2734 5898 2828 5952; x_wconf 76' lang='grc' dir='ltr'>καὶ</span> <span class='ocrx_word' id='word_1_967' title='bbox 2862 5896 3213 5968; x_wconf 86' lang='grc' dir='ltr'>ἀνεῴχθησαν</span> <span class='ocrx_word' id='word_1_968' title='bbox 3241 5898 3298 5950; x_wconf 87' lang='grc' dir='ltr'>αί</span> <span class='ocrx_word' id='word_1_969' title='bbox 3332 5896 3492 5969; x_wconf 89' lang='grc' dir='ltr'>θύραι</span> <span class='ocrx_word' id='word_1_970' title='bbox 3527 5896 3626 5966; x_wconf 88' lang='grc' dir='ltr'>τῆς</span> <span class='ocrx_word' id='word_1_971' title='bbox 3659 5914 3762 5948; x_wconf 81' lang='grc' dir='ltr'>κα-</span> 
     </span>
    </p>
   </div>
   <div class='ocr_carea' id='block_1_127' title="bbox 2208 5980 3760 6055">
    <p class='ocr_par' dir='ltr' id='par_1_127' title="bbox 2208 5980 3760 6055">
     <span class='ocr_line' id='line_1_127' title="bbox 2208 5980 3760 6055; baseline -0.002 -18"><span class='ocrx_word' id='word_1_972' title='bbox 2208 5984 2361 6055; x_wconf 87' lang='grc' dir='ltr'>μίνου</span> <span class='ocrx_word' id='word_1_973' title='bbox 2381 6001 2395 6015; x_wconf 87' lang='grc'><strong>·</strong></span> <span class='ocrx_word' id='word_1_974' title='bbox 2435 5983 2625 6054; x_wconf 76' lang='grc' dir='ltr'>δρόσος</span> <span class='ocrx_word' id='word_1_975' title='bbox 2650 5982 2758 6053; x_wconf 75' lang='grc' dir='ltr'>γὰρ</span> <span class='ocrx_word' id='word_1_976' title='bbox 2783 5981 3086 6053; x_wconf 85' lang='grc' dir='ltr'>πνεύματος</span> <span class='ocrx_word' id='word_1_977' title='bbox 3109 5980 3431 6053; x_wconf 71' lang='grc' dir='ltr'>διεσύριζεν.</span> <span class='ocrx_word' id='word_1_978' title='bbox 3451 5981 3589 6037; x_wconf 77' lang='grc' dir='ltr'>Ἀλλ’</span> <span class='ocrx_word' id='word_1_979' title='bbox 3614 5982 3760 6050; x_wconf 81' lang='grc' dir='ltr'>δμως</span> 
     </span>
    </p>
   </div>
  </div>
