3960 6498
182 411 255 469 55
1064 398 1129 456 ΙΝ
1166 396 1381 454 EPIST.
1423 395 1516 451 AD
1554 391 1795 449 EPHES.
1832 390 1983 447 CAP.
2019 391 2105 447 IV.
2148 392 2372 449 llOMIL.
2398 393 2550 450 ‘Vlll.
3367 404 3437 462 (:5

258 528 313 580 7.
338 523 492 581 Nunc
510 529 694 575 mitem
720 517 867 574 Pauli
892 525 1099 571 catena:
1140 514 1320 570 multis
1359 512 1493 566 actis
1535 507 1751 581 gratiis,

182 619 343 674 ﬁnem
375 619 707 685 imponamus
727 609 972 673 orationi,
990 606 1130 678 quod
1148 616 1254 660 tam
1285 605 1572 660 multorum
1601 600 1755 656 nobis

182 711 444 763 bonorum
473 706 629 759 fuerit
652 716 810 756 causa
832 740 850 766 ,
879 715 999 753 cum
1031 713 1126 751 vos
1152 696 1517 767 rogaverimus
1556 703 1613 748 ut
1647 707 1754 747 non

178 802 352 856 solum
381 814 489 853 non
520 811 660 865 mgre
686 794 887 857 feratis,
919 792 965 845 si
995 790 1119 861 quid
1148 789 1288 858 passi
1313 787 1519 843 fueritis
1540 794 1756 855 propter

172 893 489 955 Christum,
525 886 620 941 sed
669 884 831 940 etiam
882 881 1157 951 gaudeatis
1203 881 1339 935 sicut
1389 876 1652 946 apostoli,
1702 884 1756 929 et

170 980 477 1055 gloriemini
504 1020 521 1044 ,
553 989 609 1032 ut
632 976 844 1031 dicebat
867 974 1091 1037 Paulus,
1118 970 1479 1025 Lubentissime
1503 966 1756 1039 gloriabor

170 1078 227 1130 in
265 1071 645 1142 inﬁrmitatibus
680 1069 820 1123 meis.
851 1068 1137 1135 Propterea
1163 1063 1397 1130 audivit,
1430 1061 1625 1131 Sufﬁcit
1668 1060 1754 1114 tibi

170 1169 343 1238 gratia
380 1181 491 1217 mea
519 1161 610 1235 (2.
640 1160 762 1216 Cor.
796 1158 882 1213 η.
917 1158 1002 1227 9).
1035 1156 1228 1211 Paulus
1256 1155 1513 1224 gloriatur
1538 1162 1754 1223 pr0pter

171 1261 383 1313 vincula
412 1299 428 1323 ,
473 1266 525 1309 et
548 1266 602 1308 ιιι
629 1261 841 1322 propter
890 1249 1104 1304 divitias
1127 1248 1291 1301 altmn
1322 1244 1501 1315 Sapis?
1528 1244 1753 1313 apostoli

169 1349 478 1421 gaudebant
504 1345 643 1415 quod
673 1344 817 1412 digm
847 1350 1027 1395 essent
1056 1338 1218 1393 habiti
1258 1338 1346 1407 qui
1375 1336 1553 1405 flagris
1575 1335 1754 1389 caede-

172 1456 393 1508 rentur,
440 1451 496 1496 et
536 1451 588 1494 tu
636 1441 803 1494 otium
849 1436 1045 1507 quieris
1081 1442 1137 1489 et
1181 1430 1438 1489 delicias?
1474 1428 1753 1500 Quomodo

168 1553 305 1607 ergo
326 1539 405 1590 vis
430 1534 614 1589 eadem
645 1547 763 1602 quae
791 1531 864 1585 illi
894 1526 1188 1597 consequi,
1231 1540 1351 1582 cum
1384 1525 1470 1579 hic
1493 1522 1751 1593 gradiaris

169 1630 257 1683 via
282 1631 368 1683 eis
402 1623 701 1681 contraria?
730 1621 798 1675 Et
840 1636 1004 1685 nunc,
1043 1617 1248 1689 inquit,
1295 1616 1426 1671 vado
1459 1617 1514 1669 in
1539 1613 1752 1669 Jerusa-

166 1722 278 1775 ἰείη
303 1720 535 1786 alligatus
583 1715 793 1783 spiritu,
851 1726 964 1781 qua:
1012 1710 1068 1763 in
1115 1724 1174 1763 ea
1216 1718 1426 1762 ventura
1466 1706 1590 1759 mihi
1636 1712 1752 1760 sunt

166 1814 420 1882 ignorans
441 1826 459 1863 :
479 1808 572 1861 nisi
595 1804 733 1876 quod
762 1803 990 1874 Spiritus
1017 1809 1221 1855 sanctus
1244 1815 1333 1870 per
1353 1814 1548 1852 omnem
1571 1797 1747 1850 civita-

165 1910 274 1954 tem
297 1900 421 1953 mihi
443 1904 744 1967 protestath
778 1893 950 1945 dicens
969 1930 984 1954 ,
1013 1889 1150 1960 quod
1174 1888 1377 1943 vincula
1400 1897 1447 1942 et
1470 1887 1749 1941 tribulatio-

166 2009 261 2046 κει
307 2008 385 2043 me
434 1995 634 2041 manent
685 1986 830 2056 (Act.
853 1982 947 2039 20.
972 1981 1063 2035 22.
1275 1978 1385 2034 Cur
1409 1992 1538 2048 ergo
1566 1977 1743 2043 vadis,

165 2085 213 2137 si
261 2082 469 2136 vincula
524 2091 579 2135 et
616 2078 932 2131 afﬂictiones
982 2084 1032 2129 te
1084 2072 1338 2127 manent?
1378 2070 1603 2141 Propter
1645 2069 1747 2124 hoc

163 2175 343 2244 ipsum
409 2179 466 2225 ut
526 2170 727 2223 viuciar
786 2174 1005 2238 propter
1055 2163 1359 2229 Christum,
1428 2172 1487 2216 ut
1550 2161 1747 2215 moriar

166 2277 391 2337 propter
420 2264 614 2333 ipsum.
642 2260 755 2316 Non
804 2260 977 2314 solum
1019 2257 1162 2311 enim
1213 2264 1424 2326 paratus
1466 2269 1582 2309 sum
1626 2253 1743 2306 vin-

161 2358 264 2412 ciri
290 2398 308 2422 ,
338 2354 436 2410 sed
468 2354 629 2409 etiam
657 2350 790 2407 mori
815 2364 914 2420 pro
944 2349 1160 2402 nomine
1186 2345 1396 2400 Domini
1424 2343 1591 2399 nostri
1620 2342 1745 2399 Jesu

161 2448 390 2503 Christi.

238 2538 437 2590 Paulus
462 2536 515 2588 in
536 2532 749 2588 vinculis
777 2539 827 2585 et
859 2529 1009 2583 malis
1045 2527 1377 2599 gloriabatur.
1402 2554 1475 2566 —-
1497 2524 1636 2579 Nihil
1663 2532 1747 2579 est

161 2630 253 2684 illa
274 2632 449 2682 anima
480 2626 707 2680 beatius.
740 2624 796 2678 In
821 2620 1139 2691 quibusnam
1161 2616 1453 2690 gloriatur?
1473 2616 1530 2671 In
1560 2616 1746 2670 vincu-

160 2723 262 2788 lis,
290 2723 345 2776 in
388 2718 770 2776 afﬂictionibus
792 2757 808 2782 ,
840 2716 891 2769 in
921 2724 1107 2769 catena
1129 2753 1145 2779 ,
1174 2712 1225 2766 in
1249 2708 1601 2781 stigmatibus.
1634 2709 1744 2779 Ego

158 2816 402 2885 stigmata
455 2809 660 2864 Domini
697 2805 825 2861 Iesu
867 2803 1058 2860 Christi
1096 2804 1149 2856 in
1189 2818 1398 2872 corpore
1437 2817 1548 2855 meo
1600 2810 1745 2870 porto

163 2904 323 2975 (Gal.
357 2904 409 2958 6.
444 2903 576 2972 17),
609 2910 876 2969 tamquam
918 2911 1167 2967 magnum
1210 2893 1437 2964 aliquod.
1452 2903 1741 2963 tropaeum;

159 3010 211 3052 et
239 3011 452 3060 rursus,
483 2993 700 3063 Propter
722 2988 914 3054 Israel,
942 2988 1128 3059 inquit,
1155 2996 1331 3041 catena
1346 2988 1440 3039 hac
1455 2985 1741 3039 circumda-

158 3100 241 3143 tus
280 3104 397 3141 sum
446 3086 469 3157 (
490 3088 600 3139 Act.
641 3083 734 3138 28.
759 3081 905 3150 20);
934 3090 988 3136 et
1016 3094 1202 3134 rursus
1232 3096 1246 3132 :
1279 3077 1343 3132 In
1372 3094 1470 3146 quo
1499 3078 1743 3149 legatione

157 3182 427 3255 [erigarin
478 3189 654 3236 catena
699 3175 867 3247 (Eph.
917 3174 971 3229 6.
1023 3171 1150 3243 20).
1183 3170 1319 3239 Quid
1344 3170 1444 3224 hoc
1469 3184 1596 3241 ergo
1622 3171 1742 3226 est?

158 3291 267 3328 non
297 3285 353 3328 te
387 3271 586 3343 pudet?
613 3284 719 3324 non
757 3265 1097 3331 extimescis,
1144 3274 1309 3319 totum
1354 3263 1537 3318 orbem
1586 3274 1742 3319 terra:

160 3367 380 3420 vinctus
420 3361 776 3418 circumiens?
804 3374 907 3414 non
938 3358 1130 3413 metuis
1156 3372 1224 3411 ne
1246 3356 1366 3427 quis
1399 3357 1561 3410 Deum
1595 3368 1739 3410 tuum

155 3454 799 3515 accnsetimbccillitatis?
824 3469 890 3507 ne
911 3452 1029 3521 quis
1051 3460 1331 3521 propterea
1356 3465 1459 3503 non
1486 3448 1743 3503 accedat?

157 3553 273 3608 Non
301 3561 468 3614 sunt,
521 3547 723 3617 inquit,
772 3545 891 3598 talia
920 3558 1037 3597 mea
1078 3541 1284 3595 vincula
1319 3558 1332 3594 :
1363 3541 1537 3595 sciunt
1581 3542 1740 3594 etiam

157 3644 445 3714 splendere
473 3643 522 3694 in
544 3641 679 3693 aulis
706 3653 910 3708 regum.
935 3635 1019 3688 Ita
1050 3645 1102 3688 ut
1130 3635 1329 3688 vincula
1356 3650 1467 3687 mea
1491 3675 1504 3697 ,
1535 3634 1736 3703 inquit,

160 3736 432 3803 manifesta
458 3734 633 3799 ﬁerent
662 3732 713 3782 in
739 3729 874 3782 omni
903 3727 1160 3797 prwtorio,
1183 3736 1229 3778 et
1258 3726 1427 3795 plures
1452 3740 1479 3778 ι
1502 3725 1742 3795 fratribus

157 3832 209 3884 in
241 3828 470 3882 Domino
511 3824 818 3892 confidentes
861 3823 913 3874 in
965 3819 1178 3875 vinculis
1220 3821 1362 3882 meis,
1406 3819 1742 3874 abundantius

161 3926 404 3977 auderent
445 3920 555 3973 sine
583 3919 758 3970 timore
784 3915 982 3968 verbum
1028 3911 1125 3966 Dei
1177 3910 1313 3981 loqui
1364 3909 1633 3983 (Philipp.
1684 3912 1738 3965 1.

160 4018 250 4073 15.
278 4016 405 4084 14).
437 4009 973 4066 Viden‘vinculormn
1011 4005 1118 4059 vim
1150 4005 1347 4073 magis,
1386 4020 1542 4074 quam
1575 4006 1626 4058 in
1659 4018 1744 4059 re-

159 4098 501 4165 sulrectione
528 4100 901 4158 mortuorum?
928 4100 1169 4154 Vinctum
1197 4097 1462 4162 viderunt,
1496 4106 1550 4151 et
1574 4097 1741 4168 magis

160 4200 461 4257 conﬁdunt.
495 4196 594 4252 Ubi
642 4198 783 4249 enim
821 4199 945 4246 sunt
989 4190 1231 4254 vincula,
1278 4189 1386 4242 illic
1430 4204 1641 4259 quoque
1685 4197 1742 4244 ut

160 4292 343 4363 magni
371 4288 570 4358 aliquid
598 4288 792 4339 factum
831 4284 901 4338 sit
941 4295 1161 4336 necesse
1199 4289 1324 4334 est:
1358 4279 1444 4333 ubi
1488 4279 1738 4346 afﬂictio,

164 4385 280 4440 illic
306 4396 516 4453 quoque
540 4378 760 4433 omnino
788 4385 869 4431 est
906 4375 1050 4429 salus
1071 4415 1085 4437 ,
1142 4372 1359 4427 omnino
1396 4372 1502 4427 illic
1550 4383 1628 4426 est
1658 4387 1743 4428 re-

168 4476 408 4539 laxatio,
462 4473 568 4527 illic
610 4471 830 4525 omnino
880 4476 1004 4522 sunt
1054 4466 1305 4536 prmclara
1347 4475 1399 4519 et
1440 4481 1504 4519 ex
1548 4468 1742 4521 virtute

166 4575 324 4637 gesta
357 4563 607 4618 facinora.
631 4560 762 4615 Nam
805 4558 1047 4613 diabolus
1099 4556 1310 4625 quando
1356 4556 1738 4622 calcitraverit,

167 4669 300 4713 tunc
351 4654 541 4709 feritur
587 4670 602 4707 :
654 4650 866 4722 quando
912 4648 1142 4702 vinxerit
1199 4645 1287 4699 Dei
1352 4659 1564 4709 servos,
1619 4654 1744 4699 tunc

162 4750 400 4804 maxime
428 4746 621 4800 crescit
641 4742 882 4797 verbum.
914 4740 1044 4794 Vide
1064 4747 1240 4792 autem
1264 4739 1366 4791 hoc
1392 4736 1582 4804 ubique
1606 4736 1738 4790 fieri.

161 4840 389 4895 Vinctus
418 4836 547 4900 fuit,
577 4843 629 4888 et
658 4834 772 4887 haec
793 4830 918 4885 fecit
952 4831 1003 4883 in
1043 4843 1258 4884 carcere
1282 4845 1295 4880 :
1320 4826 1386 4880 In
1414 4830 1539 4897 ipsis
1560 4830 1698 4881 enim
1723 4870 1739 4896 ,

161 4940 357 5001 inquit,
381 4927 598 4981 vinculis
618 4925 772 4993 meis(
792 4922 929 4977 Ibid.
958 4921 1009 4975 ‘l.
1038 4921 1128 4990 7).
1162 4919 1379 4974 Vinctus
1405 4917 1739 4983 fuitllornte,

160 5023 428 5092 etplnres
458 5018 709 5073 induxit:
737 5030 842 5069 non
873 5012 1014 5068 enim
1061 5014 1174 5081 ipse
1214 5011 1357 5064 solus
1406 5011 1739 5076 confidebat,

161 5115 258 5170 sed
286 5114 452 5168 etiam
474 5110 563 5164 alii
592 5106 745 5162 multi
774 5121 868 5175 per
907 5105 1097 5174 ipsum.
1151 5101 1374 5156 Vinctus
1397 5103 1492 5156 fuit
1530 5101 1745 5156 Jeroso-

163 5207 350 5276 lyinis,
382 5212 436 5258 et
458 5202 672 5256 vinctus
695 5199 1019 5254 concionans
1064 5209 1242 5265 regem
1283 5193 1663 5263 obstupefecit,
1690 5203 1746 5248 et

163 5302 363 5354 timore
405 5295 586 5350 aﬂecit
636 5290 944 5363 praefectum
976 5304 990 5342 :
1020 5303 1141 5343 nam
1194 5287 1386 5341 timore
1435 5288 1739 5355 perculsus,

161 5407 290 5447 eum
320 5387 588 5451 absolvit;
620 5398 721 5439 nec
741 5397 863 5438 eum
888 5379 979 5450 qui
1012 5382 1251 5433 vinxerat
1281 5377 1468 5447 puduit
1509 5391 1538 5430 a
1569 5378 1746 5430 vincto

160 5484 381 5539 discere
399 5480 469 5534 de
490 5477 703 5532 futuris.
740 5472 959 5528 Vinctus
1000 5469 1313 5539 navigabat,
1347 5476 1402 5521 et
1427 5466 1585 5521 solvit
1611 5481 1743 5520 nan.

159 5573 430 5644 fragium,
459 5577 516 5625 et
534 5568 703 5623 vinxit
729 5571 1118 5636 tempestatem.
1141 5560 1276 5615 Cum
1314 5568 1457 5614 esset
1487 5561 1538 5613 in
1566 5564 1747 5613 vincu-

162 5663 230 5719 lis
254 5704 271 5727 ,
300 5663 459 5717 illum
487 5658 662 5729 tetigit
686 5656 854 5711 bestia
879 5695 897 5721 ,
926 5662 979 5709 et
1003 5668 1070 5707 eo
1112 5651 1328 5706 minime
1372 5651 1498 5704 laeso
1532 5650 1742 5705 ci-cidit.

166 5757 396 5813 Vinctus
441 5762 526 5809 est
571 5751 756 5807 [totum
780 5787 797 5815 ,
824 5756 879 5803 et
908 5747 1111 5801 vinctus
1149 5744 1494 5799 concinnatus
1531 5741 1747 5796 attraxit

1866 508 2277 565 innumerabiles
2295 550 2311 575 ,
2341 526 2451 581 prae
2473 512 2723 570 omnibus
2748 513 2850 570 hoc
2892 517 3065 588 ipsum
3092 536 3395 592 proponens
3413 570 3430 594 ,

1859 614 2052 669 nempe
2077 609 2341 657 catenam.

1927 690 2115 748 Contra
2135 710 2313 749 avaros
2340 705 2387 749 et
2407 697 2557 767 plura
2594 697 2812 754 habendi
2836 703 3067 771 rapidos.
3090 733 3161 746 --
3186 704 3295 763 Sed
3323 725 3429 766 non

1857 783 1981 839 licet
2006 799 2167 850 nunc,
2199 786 2389 857 inquit,
2423 788 2610 844 vinciri
2634 793 2857 847 catenis.
2880 793 2984 850 Sed
3008 796 3111 852 alia
3135 811 3216 853 est
3242 813 3430 860 catena

1856 875 1901 930 si
1951 876 2191 931 velimus.
2220 878 2473 945 Quaenam
2517 889 2694 937 autem
2746 884 2860 941 hinc
2884 890 3009 942 est?
3050 889 3232 945 Manus
3260 895 3430 948 conti-

1856 982 2019 1035 nere,
2049 970 2113 1023 ad
2144 972 2416 1027 avaritiam
2439 984 2492 1029 et
2519 976 2666 1044 plura
2690 975 2920 1034 habendi
2956 983 3299 1051 cupiditatem
3322 1003 3426 1042 non

1856 1074 1977 1115 esse
2006 1072 2238 1129 paratos.
2280 1063 2403 1119 Haec
2432 1075 2619 1120 catena
2651 1083 2750 1123 nos
2795 1070 2938 1140 ipsos
2964 1073 3257 1132 vinciamus
3290 1096 3303 1131 :
3333 1095 3429 1149 pro

1854 1152 1998 1205 ferro
2027 1152 2099 1207 sit
2143 1153 2296 1208 nobis
2328 1156 2485 1211 timor
2515 1157 2628 1213 Dei.
2661 1158 2940 1215 Solvamus
2969 1178 3098 1228 eos,
3130 1168 3219 1235 qui
3267 1170 3425 1224 vincti

1855 1252 2011 1312 sunt,
2042 1259 2071 1299 a
2116 1257 2428 1317 paupertate
2454 1290 2468 1313 ,
2508 1252 2576 1304 ab
2616 1251 2925 1310 afﬂictione.
2970 1256 3082 1311 Non
3133 1272 3257 1314 sunt
3281 1265 3426 1331 paria

1854 1340 2062 1407 aperire
2085 1352 2262 1409 portas
2281 1344 2533 1409 carceris,
2556 1353 2610 1400 et
2627 1344 2880 1401 inclusam
2899 1349 3139 1407 relaxare
3158 1354 3385 1408 animam
3410 1374 3424 1411 :

1853 1446 1959 1485 non
1991 1442 2118 1486 sunt
2143 1433 2309 1502 paria,
2343 1435 2639 1490 vinctorum
2677 1438 2888 1494 solvere
2917 1442 3126 1496 vincula
3149 1486 3164 1509 ,
3193 1452 3248 1499 et
3292 1460 3423 1500 con-

1853 1523 2005 1577 tritos
2032 1524 2311 1580 absolvere
2336 1525 2388 1579 in
2417 1528 2753 1585 remissione.
2800 1531 2913 1587 Hoc
2942 1534 3031 1589 illo
3079 1545 3161 1591 est
3208 1538 3378 1609 majus
3407 1559 3422 1595 :

1850 1628 1973 1667 nam
2003 1615 2144 1669 illius
2169 1616 2384 1684 quidem
2412 1618 2556 1672 nulla
2585 1630 2669 1674 est
2691 1637 2899 1678 merces
2927 1628 3194 1695 proposita
3216 1672 3230 1696 ,
3264 1632 3424 1700 hujus

1849 1716 2027 1762 autem
2056 1709 2491 1767 innumerabiles.
2514 1712 2692 1785 Longa
2722 1713 2822 1771 fuit
2842 1717 2989 1773 Pauli
3009 1731 3195 1777 catena
3217 1766 3231 1788 ,
3259 1735 3313 1780 et
3333 1727 3422 1782 diu

1849 1800 2179 1872 multumque
2222 1817 2319 1856 nos
2350 1804 2516 1858 tenuit
2550 1827 2564 1861 :
2609 1817 2691 1862 est
2735 1811 2878 1865 enim
2920 1828 3101 1869 revera
3149 1816 3337 1889 longa,
3368 1834 3425 1878 et

1848 1893 2034 1962 quavis
2062 1902 2247 1948 catena
2280 1910 2438 1949 aurea
2486 1896 2782 1954 honestior.
2833 1902 2951 1973 Ipsa
2997 1907 3205 1965 vinctos
3256 1914 3423 1971 veluti

1846 1980 2071 2051 quadam
2094 1984 2338 2039 machina
2366 1986 2523 2041 trahit
2544 1988 2611 2043 ad
2640 1993 2850 2059 cailum,
2877 2005 2930 2049 et
2950 2006 3213 2069 tamquam
3234 2015 3421 2062 catena

1846 2087 2007 2127 aurea
2037 2087 2288 2145 suspensa
2316 2076 2381 2131 ad
2408 2078 2594 2134 caelum
2620 2098 2829 2139 sursum
2859 2087 3021 2143 trahit
3045 2109 3058 2145 :
3089 2102 3143 2146 et
3170 2097 3312 2162 quod
3337 2109 3422 2155 est

1846 2164 2145 2221 mirandum
2167 2209 2181 2234 ,
2215 2168 2422 2225 inferne
2450 2171 2624 2228 vincta
2654 2175 2860 2232 vinctos
2880 2196 3091 2238 sursum
3122 2187 3300 2242 trahit.
3326 2192 3424 2245 At-

1845 2258 1935 2328 qui
1982 2272 2087 2312 non
2116 2269 2198 2313 est
2225 2259 2338 2315 lunt:
2385 2277 2561 2317 rerum
2602 2274 2827 2336 natura;
2876 2272 2969 2327 sed
3016 2277 3230 2345 quando
3282 2282 3421 2338 Dens

1845 2348 2178 2404 administrat
2205 2367 2267 2405 ac
2293 2352 2583 2422 dispensat,
2615 2372 2681 2411 ne
2713 2376 2919 2428 qumras
2948 2380 3122 2420 rerum
3150 2379 3415 2440 naturam,

1846 2455 2019 2510 neque
2044 2445 2514 2512 consequentiam,
2546 2448 2641 2502 sed
2671 2464 2792 2519 qua:
2821 2462 2947 2507 sunt
2972 2470 3129 2525 supra
3174 2471 3417 2519 naturam

1846 2541 1900 2586 et
1916 2537 2375 2603 consequentiam.
2397 2537 2671 2594 Discamus
2697 2540 2749 2595 in
2770 2542 3145 2604 afﬂictionibus
3169 2567 3273 2607 non
3320 2555 3414 2609 de-

1839 2620 1932 2693 jiei
1950 2663 1964 2688 ,
1995 2639 2093 2717 nec
2120 2641 2259 2695 aegre
2286 2627 2441 2682 ferre.
2476 2628 2605 2684 Vide
2624 2633 2766 2687 enim
2808 2633 2947 2691 hunc
2968 2638 3214 2697 beatum:
3240 2644 3416 2717 ﬂagris

1844 2728 2015 2806 caasus
2035 2714 2209 2770 fuerat
2233 2726 2286 2771 et
2329 2718 2484 2775 valde
2511 2735 2715 2788 cassus;
2749 2722 2944 2782 Multas
2989 2731 3129 2785 enim
3155 2774 3170 2799 ,
3217 2714 3411 2806 inquit,

1844 2805 2024 2876 plagas
2049 2808 2095 2860 ei
2119 2810 2430 2878 impatientes
2452 2810 2603 2883 (Act.
2627 2814 2715 2868 16.
2741 2814 2878 2887 25);
2908 2828 2963 2874 et
2985 2822 3193 2879 vinctus
3219 2805 3412 2897 fuerat,

1844 2897 2003 2970 idque
2044 2916 2229 2956 rursus
2254 2903 2436 2969 valde;
2489 2906 2542 2961 in
2597 2907 2903 2965 interiorem
2943 2916 3084 2969 enim
3120 2922 3415 2979 custodiam

1842 3004 1963 3045 eum
1993 2991 2204 3062 injecit,
2228 2994 2387 3065 idque
2412 2996 2634 3052 firmiter
2657 3008 2711 3053 et
2732 3011 2789 3055 ut
2806 3014 2946 3058 esset
2967 3004 3019 3059 in
3046 3018 3175 3064 tuto.
3201 3010 3414 3069 Etcum

1842 3084 1895 3140 in
1942 3094 2048 3141 tam
2104 3088 2285 3142 multis
2332 3100 2479 3144 esset
2532 3090 2962 3162 difﬁcultatibus,
3017 3101 3189 3155 media
3222 3116 3411 3175 nocte,

1841 3176 2053 3279 quando
2079 3180 2239 3233 etiam
2267 3179 2540 3236 dormiunt
2582 3184 2672 3253 qui
2717 3185 2871 3241 valde
2913 3199 3041 3244 sunt
3085 3201 3411 3263 experremi,

1843 3272 2094 3337 imposito
2120 3273 2278 3325 etiam
2301 3272 2490 3341 majori
2519 3275 2730 3330 vinculo
2749 3319 2764 3343 ,
2794 3294 2987 3352 nempe
3011 3299 3200 3341 somno
3217 3330 3233 3355 ,
3256 3306 3415 3346 caue-

1842 3358 1973 3414 bant
1999 3370 2055 3415 et
2083 3361 2367 3416 laudabant
2400 3364 2700 3420 Dominum.
2742 3368 2879 3435 Quid
2927 3371 3008 3427 his
3037 3376 3226 3431 animis
3253 3378 3415 3436 fuerit

1844 3453 2010 3522 magis
2038 3452 2478 3510 adamantinmu?
2520 3455 2834 3528 Cogitabam
2855 3466 2993 3532 quod
3026 3471 3177 3536 pueri
3205 3488 3414 3542 quoque

1841 3544 2103 3598 canebant
2126 3546 2179 3599 in
2208 3547 2325 3616 igne
2363 3559 2414 3601 et
2446 3550 2497 3602 in
2528 3550 2740 3607 fornace
2779 3570 2793 3605 :
2823 3554 3045 3613 fortasse
3098 3566 3415 3631 reputabant

1842 3635 2100 3698 dicentes,
2129 3638 2236 3693 Nos
2268 3639 2394 3693 nihil
2417 3641 2589 3697 adlmc
2618 3645 2721 3699 tale
2744 3648 2881 3714 passi
2909 3663 3112 3707 smnus.
3136 3653 3238 3710 Sed
3268 3669 3413 3714 recte
3479 3698 3485 3709 κ

1842 3740 1901 3781 se
1921 3742 2111 3798 gerens
2134 3732 2323 3792 oratio,
2378 3747 2474 3787 uos
2503 3734 2568 3787 ad
2596 3735 2697 3789 alia
2727 3753 2912 3794 rursus
2945 3741 3162 3799 abduxit
3202 3748 3412 3805 vincula

1845 3828 1899 3872 et
1925 3819 2087 3873 alium
2110 3836 2403 3877 carcerem.

1913 3913 1965 3968 8.
1995 3912 2128 3981 Quid
2156 3922 2344 3985 agam?
2370 3918 2486 3973 volo
2510 3928 2703 3987 tacere,
2727 3922 2820 3977 sed
2843 3940 2945 3980 non
2980 3942 3214 3996 possum.
3237 3933 3409 3988 Alium

1843 4007 2019 4063 inveni
2049 4023 2313 4064 carcerem
2345 4011 2435 4064 illo
2454 4012 2922 4084 admirabiliorem,
2956 4030 3009 4074 et
3038 4025 3123 4091 qui
3157 4018 3413 4093 majorem

1843 4097 1995 4153 aﬂ'ert
2016 4110 2303 4169 stuporem.
2349 4101 2454 4155 Sed
2485 4118 2627 4158 nunc
2656 4104 2784 4159 mihi
2814 4111 3114 4180 exsurgite,
3148 4124 3410 4186 tamquam

1843 4206 1983 4246 nunc
2026 4192 2237 4261 incipiant
2267 4194 2459 4255 oratio,
2508 4196 2816 4267 vegetisque
2844 4216 2983 4256 nunc
3026 4205 3264 4262 accedite
3294 4213 3409 4263 ani-

1844 4285 1965 4338 mis.
2001 4284 2132 4338 Volo
2161 4295 2387 4355 emptam
2418 4287 2802 4357 interrumpere
2827 4293 3148 4360 orationem;
3181 4311 3241 4352 ca
3287 4316 3412 4353 vero

1844 4390 1948 4429 non
1980 4376 2125 4429 sinit.
2158 4375 2288 4430 Nam
2313 4387 2367 4431 ut
2396 4380 2543 4448 quis,
2568 4380 2692 4433 dum
2722 4380 2873 4449 bibit,
2906 4400 3008 4438 non
3039 4402 3223 4455 passus
3252 4390 3412 4447 fuerit

1846 4466 2157 4536 interrumpi
2181 4508 2195 4531 ,
2218 4468 2471 4537 quidquid
2500 4470 2547 4523 ei
2577 4473 2945 4529 renuntietur:
2978 4475 3047 4529 ita
3078 4493 3177 4548 ego
3202 4494 3412 4552 quoque

1845 4558 2178 4628 apprehenso
2228 4560 2520 4614 admirabili
2573 4563 2804 4617 carceris
2851 4566 3042 4633 poculo
3090 4584 3273 4625 eorum
3322 4578 3409 4643 qui

1844 4651 2006 4705 vincti
2033 4662 2156 4705 sunt
2186 4662 2399 4721 prOptcr
2442 4653 2710 4711 Christum
2732 4697 2747 4723 ,
2780 4674 2883 4712 non
2920 4676 3134 4730 possum
3163 4680 3373 4722 cessare
3392 4711 3410 4737 ,

1846 4760 1950 4797 non
1977 4758 2189 4813 possum
2221 4744 2396 4798 silere.
2441 4744 2571 4799 Nam
2599 4748 2643 4800 si
2692 4748 2805 4817 ipse
2832 4751 2882 4803 in
2934 4767 3150 4809 carcere
3178 4766 3230 4810 et
3259 4772 3412 4816 nocte

1846 4851 1951 4890 non
1974 4834 2137 4901 siluit,
2162 4850 2259 4889 nec
2287 4835 2337 4889 in
2370 4836 2591 4905 ﬂagellis
2624 4854 2760 4909 :ego
2784 4840 2951 4895 silebo
2977 4843 3169 4900 sedens
3196 4864 3315 4903 cum
3343 4851 3415 4905 sit

1846 4926 1960 4980 dies
1979 4965 1994 4990 ,
2023 4935 2075 4979 et
2104 4925 2154 4978 in
2187 4927 2350 4979 multo
2371 4927 2481 4981 otio
2510 4927 2727 4997 loquens
2746 4939 2798 4983 et
2818 4932 3012 5000 quiete,
3041 4949 3159 4989 cum
3187 4937 3285 4992 hoc
3307 4957 3412 4997 non

1846 5020 2148 5073 usuvenerit
2173 5019 2236 5072 iis
2265 5020 2353 5090 qui
2380 5021 2537 5075 vincti
2556 5062 2573 5088 ,
2604 5022 2693 5092 qui
2722 5021 2900 5094 ﬂagris
2937 5028 3060 5082 caesi
3086 5027 3327 5099 fuerant,
3357 5043 3412 5090 et

1849 5110 2020 5166 media
2046 5109 2234 5164 nocte?
2991 5170 2999 5181 υ

1919 5203 1997 5257 De
2019 5204 2173 5256 tribus
2197 5204 2384 5270 pueris.
2404 5231 2477 5244 -—
2494 5203 2647 5259 Pueri
2676 5221 2782 5261 non
2809 5207 3036 5264 silebant
3055 5210 3108 5264 in
3131 5211 3342 5269 fornace
3362 5225 3414 5270 et

1847 5297 1969 5365 igne
1994 5293 2166 5367 (Dan.
2197 5297 2230 5350 5
2248 5295 2267 5361 )
2286 5336 2301 5361 ,
2332 5304 2385 5350 et
2410 5310 2507 5350 nos
2532 5313 2634 5350 non
2663 5298 2883 5368 pudebit
2909 5301 3103 5356 silere?
3128 5302 3415 5360 Videamus

1849 5401 1976 5457 ergo
1998 5386 2136 5441 hunc
2154 5402 2441 5441 carcerem.
2468 5388 2564 5442 Hic
2586 5405 2799 5460 quoque
2826 5393 2985 5447 vincti
3007 5404 3161 5459 sunt;
3194 5396 3286 5449 sed
3308 5408 3416 5449 sta-

1849 5479 1943 5532 tim
1966 5479 2033 5533 ab
2059 5478 2278 5533 exordio
2305 5479 2689 5535 ostendebatur
2715 5482 2853 5551 quod
2876 5498 2980 5537 non
3004 5494 3183 5539 essent
3204 5487 3412 5555 urcndi,

1850 5569 1945 5625 sed
1966 5570 2115 5640 quasi
2141 5570 2384 5625 intraturi
2412 5571 2464 5625 in
2486 5585 2776 5628 carcerem.
2808 5573 2915 5628 Cur
2935 5584 3110 5629 autem
3142 5590 3235 5631 eos
3264 5578 3413 5649 ligas,

1850 5663 1937 5734 qui
1968 5671 2093 5718 sunt
2130 5664 2517 5721 comburendi?
2571 5664 2743 5721 Vincti
2786 5674 2973 5734 erant,
3015 5668 3151 5723 sicut
3180 5668 3411 5739 Paulus,

1852 5754 2072 5824 pedibus
2099 5764 2154 5809 et
2177 5756 2417 5811 manibus
2448 5774 2463 5810 :
2493 5755 2657 5810 vincti
2684 5767 2835 5812 erant
2879 5773 2983 5814 non
3024 5761 3211 5816 minori
3257 5763 3331 5818 ira
3362 5775 3417 5820 et

1855 5847 2053 5904 furore.
2082 5846 2213 5903 Nam
2237 5857 2292 5904 et
2319 5848 2408 5904 ille
2433 5848 2614 5919 injecit
2651 5849 2702 5906 in
2743 5849 3049 5909 interiorem
3088 5856 3413 5921 custodiam,
