4002 6514
570 374 642 429 67
1265 370 1324 427 S.
1362 370 1639 430 JOANNIS
1674 373 2147 435 CIIRVSOSTOMI
2182 380 2491 442 ARCHIEP.
2530 388 3057 453 CONSTANTINOP.
3741 406 3807 459 68

569 501 626 544 et
651 489 775 544 hinc
798 488 958 559 jussit
984 486 1136 542 valde
1160 486 1376 541 accendi
1400 487 1691 543 fornacem.
1725 490 1828 545 Sed
1867 492 2140 547 videamus

569 598 689 652 qua:
705 591 828 636 sunt
845 588 1191 648 consequuta.
1211 577 1319 632 lllis
1336 578 1562 649 hymnos
1584 582 1898 636 canentibus
1917 597 2141 639 concus-

567 690 659 727 sus
684 683 767 727 est
792 686 996 735 carcer,
1025 678 1081 723 et
1105 678 1302 739 apertae
1323 681 1448 724 sunt
1481 682 1645 740 porta:
1673 689 1687 725 :
1718 682 1774 727 et
1803 672 1884 728 his
1912 673 2138 744 hymnos

566 762 878 819 canentibus
928 761 1101 815 soluta
1141 770 1266 815 sunt
1309 762 1517 816 vincula
1552 762 1742 831 pedum
1768 772 1821 819 et
1859 779 2133 833 manuum,

567 864 780 921 apertus
805 861 890 907 cst
917 867 1122 920 carcer,
1161 862 1217 909 et
1241 864 1440 922 aperta:
1467 864 1591 909 sunt
1637 866 1803 925 portae
1856 860 2087 913 fornacis
2119 876 2133 911 :

562 943 811 999 sibilabat
837 942 985 998 enim
1025 957 1114 998 ros
1143 942 1393 1013 Spiritus.
1440 943 1814 1001 Verumtamen
1845 963 1929 1003 me
1968 949 2135 1002 multa

563 1034 938 1089 circumfluunt
967 1052 980 1088 :
1011 1034 1194 1089 nescio
1223 1033 1473 1104 quidnam
1506 1036 1731 1104 primum
1760 1037 1955 1104 dicam,
1984 1040 2136 1108 quid-

561 1142 684 1182 nam
721 1127 1013 1182 secundum
1040 1144 1054 1180 :
1086 1126 1207 1181 ideo
1232 1142 1362 1196 rogo
1380 1142 1446 1181 ne
1475 1127 1594 1197 quis
1619 1144 1649 1181 a
1676 1145 1763 1184 me
1790 1130 1965 1200 exigat
1988 1132 2133 1185 ordi-

559 1235 717 1284 nem;
745 1228 828 1273 est
856 1219 996 1272 enim
1024 1233 1205 1273 rerum
1231 1218 1395 1272 multa
1426 1220 1689 1290 cognatio.
1713 1219 1881 1276 Soluti
1898 1231 2020 1276 sunt
2044 1224 2131 1291 qui

558 1328 679 1367 cum
698 1313 776 1367 eis
797 1312 955 1366 vincti
978 1310 1206 1375 fuerant,
1228 1311 1322 1365 sed
1348 1321 1521 1365 tamen
1543 1311 1879 1366 dormiebant
1901 1329 1914 1367 :
1940 1313 2024 1367 hic
2040 1330 2134 1384 au-~

559 1412 665 1459 tem
686 1419 779 1473 pro
808 1404 869 1457 iis
889 1402 1086 1473 aliquid
1108 1402 1249 1457 aliud
1271 1402 1467 1458 factum
1484 1411 1595 1458 est:
1615 1405 1879 1460 combuSti
1896 1418 2017 1461 sunt
2041 1409 2130 1476 qui

558 1513 652 1552 eos
684 1494 1006 1566 iujiciebant.
1031 1494 1137 1549 Sed
1164 1495 1306 1564 quod
1334 1496 1576 1550 volebam
1605 1496 1807 1562 dicere,
1830 1497 1961 1552 vidit
1980 1499 2129 1552 solu-

559 1601 641 1644 tos
672 1605 785 1651 rex,
815 1598 869 1643 et
896 1597 1019 1642 ante
1049 1602 1143 1642 eos
1167 1586 1429 1656 procidit:
1453 1588 1585 1641 vidit
1610 1589 1835 1659 hymnus
1854 1601 2125 1656 canentes,

554 1689 611 1734 et
655 1689 878 1748 quatuor
923 1677 1053 1733 vidit
1080 1678 1454 1744 ambulantes,
1487 1688 1541 1733 et
1581 1680 1793 1734 vocavit
1827 1695 1941 1736 eos.
1982 1681 2129 1735 Sicut

546 1758 683 1840 ergo
712 1769 904 1825 Paulus
928 1785 1032 1824 non
1060 1770 1318 1824 exivissct
1337 1811 1353 1836 ,
1386 1771 1483 1824 etsi
1516 1782 1728 1840 posset,
1752 1772 1853 1826 nisi
1881 1774 1967 1842 qui
1996 1774 2128 1843 injc-

553 1870 703 1915 cerat
729 1876 849 1915 eum
895 1870 1172 1924 vocasset,
1204 1872 1259 1916 ct
1287 1861 1599 1917 eduxisset:
1630 1864 1700 1917 ita
1749 1878 1847 1920 nec
1892 1866 1967 1919 illi
2017 1875 2125 1921 tres

552 1950 702 2020 pueri
731 1950 1008 2017 exierunt,
1042 1951 1213 2006 donec
1242 1952 1287 2005 is
1308 1953 1398 2021 qui
1425 1952 1776 2022 injecitjussit
1801 1954 1965 2009 exire.
1988 1956 2123 2023 Quid

551 2060 615 2097 ex
646 2042 745 2097 hoc
769 2042 1064 2097 discimus?
1091 2041 1209 2097 Non
1261 2044 1511 2099 festinare
1559 2043 1628 2098 ad
1673 2059 1970 2113 aerumnas,
2024 2061 2124 2102 nec

549 2149 838 2204 properare
865 2133 933 2188 ad
963 2133 1315 2200 afﬂictiones;
1346 2149 1444 2189 nec
1472 2148 1657 2191 rursus
1683 2137 1734 2190 in
1757 2137 1836 2192 eis
1864 2152 2080 2193 manere
2100 2179 2117 2205 ,

548 2231 593 2284 si
616 2231 722 2285 sint
741 2229 830 2300 qui
852 2230 1083 2284 solvant.
1111 2229 1215 2283 Sed
1244 2229 1333 2283 ille
1358 2228 1574 2298 quidem
1595 2230 1819 2300 procidit
1838 2232 1904 2286 ad
1927 2231 2115 2300 pedes;

546 2332 757 2392 poterat
782 2322 924 2376 enim
950 2321 1156 2393 ingredi
1178 2321 1266 2377 ubi
1286 2332 1440 2377 erant
1458 2323 1627 2377 sancti
1655 2340 1669 2377 :
1693 2323 1780 2380 hic
1801 2335 1975 2380 autem
1997 2340 2118 2381 cum

548 2414 786 2468 venisset
808 2413 873 2467 ad
903 2415 1134 2481 ostium,
1162 2414 1309 2469 stetit
1344 2432 1357 2467 :
1387 2428 1492 2469 non
1523 2414 1753 2470 audebat
1791 2416 1931 2470 enim
1962 2431 2116 2472 acce-

542 2507 671 2561 dere
700 2505 765 2560 ad
791 2522 910 2560 eum
940 2506 1028 2575 qui
1052 2507 1191 2560 intus
1207 2516 1322 2560 erat
1342 2520 1633 2573 carcerem,
1655 2522 1813 2577 quem
1841 2508 1966 2576 ipsis
1990 2520 2117 2561 con-

545 2606 816 2652 struxerat
846 2612 940 2665 per
966 2597 1163 2667 ignem.
1191 2595 1567 2667 Contemplare
1594 2606 1772 2653 autem
1797 2599 1978 2653 verba.
2020 2598 2115 2653 lllc

540 2691 671 2746 dicit
697 2709 709 2743 :
747 2689 979 2756 Domini,
1011 2689 1133 2759 quid
1156 2705 1239 2743 me
1260 2699 1453 2760 Oportet
1479 2684 1645 2761 facere
1662 2730 1677 2754 ,
1703 2699 1758 2744 ut
1785 2691 1880 2744 sim
1903 2688 2071 2744 salvus
2089 2690 2115 2744 .9

540 2784 639 2838 Hic
659 2782 749 2837 ille
770 2800 873 2837 non
899 2797 1018 2836 cum
1056 2791 1199 2836 tanta
1224 2783 1437 2852 quidem
1462 2782 1758 2838 humilitate
1775 2825 1790 2851 ,
1812 2799 1995 2838 vocem
2017 2799 2112 2838 au-

542 2883 647 2927 tem
678 2873 854 2927 emisit
880 2888 985 2927 non
1017 2873 1192 2928 minus
1213 2873 1504 2942 jucundam
1535 2890 1549 2926 :
1583 2874 1768 2928 Sidrac
1787 2914 1801 2938 ,
1846 2874 2037 2941 Misac,
2064 2884 2112 2927 et

540 2964 847 3034 Abdenago,
892 2964 1021 3017 servi
1075 2963 1171 3017 Dei
1232 2964 1448 3029 excelsi,
1508 2966 1821 3035 egredimini,
1864 2976 1912 3020 et
1955 2970 2112 3021 venite

539 3054 779 3124 (Daniel.
806 3056 859 3109 3.
890 3071 938 3109 υ.
962 3054 1087 3124 93).
1109 3054 1328 3126 Magnus
1357 3059 1527 3113 honor
1551 3076 1563 3112 :
1594 3058 1741 3112 Servi
1768 3057 1865 3113 Dei
1886 3059 2066 3114 excelsi
2088 3102 2105 3128 ,

537 3146 851 3215 egredimini,
870 3156 913 3199 et
930 3147 1105 3201 venite.
1123 3147 1401 3213 Quomodo
1432 3148 1789 3219 egredientur,
1813 3165 1845 3204 ο
1860 3150 1980 3205 rex?
1996 3152 2110 3204 vin-

536 3246 652 3292 ctos
673 3236 896 3306 injecisti
922 3238 973 3292 in
997 3238 1170 3308 ignem
1206 3256 1220 3293 :
1245 3247 1353 3292 tam
1375 3239 1533 3309 longo
1561 3250 1798 3311 tempore
1824 3240 2034 3296 fuerunt
2056 3248 2107 3298 in

537 3331 695 3400 igne?
723 3329 854 3384 Nam
881 3330 924 3385 si
955 3330 1176 3387 fuissent
1208 3331 1552 3398 adamantini,
1580 3332 1623 3386 si
1654 3334 1890 3389 materiae
1916 3337 2107 3390 metal-

536 3422 652 3476 lica:
676 3462 690 3487 ,
721 3422 809 3492 qui
842 3431 1007 3477 totum
1034 3423 1181 3477 illum
1210 3422 1472 3477 canebant
1497 3422 1749 3495 hymnum
1770 3466 1784 3491 ,
1813 3442 1989 3481 annon
2014 3443 2107 3497 pe-

535 3514 783 3568 riissent?
811 3515 1033 3586 Propter
1054 3514 1157 3571 hoc
1183 3516 1356 3585 ipsum
1384 3516 1516 3570 salvi
1560 3516 1805 3585 fuerunt,
1837 3520 1977 3590 quod
2006 3522 2104 3592 hy-

534 3620 689 3659 mnos
713 3618 987 3660 canerent.
1023 3606 1201 3660 Animi
1248 3620 1435 3661 eorum
1477 3606 1801 3663 alacritatem
1846 3612 2104 3667 reveritus

533 3705 617 3750 est
640 3695 775 3765 ignis
806 3714 818 3751 :
844 3696 1102 3751 reveritus
1131 3703 1214 3751 est
1237 3696 1398 3751 etiam
1423 3699 1685 3751 canticum
1716 3699 1845 3754 illud
1872 3700 2103 3755 admira-

452 3801 467 3817 ⁸
533 3785 641 3841 bile
667 3796 721 3840 et
749 3786 995 3858 hymnos.
1035 3788 1315 3854 Quomodo
1344 3803 1436 3843 eos
1464 3791 1664 3844 vocas?
1692 3792 1923 3846 Primum
1945 3793 2052 3847 dixi
2084 3809 2100 3848 :

534 3874 679 3930 Servi
704 3873 800 3927 Dei
814 3877 994 3929 excelsi
1017 3892 1035 3930 :
1058 3878 1235 3930 omnia
1265 3878 1404 3931 enim
1434 3889 1655 3946 possunt
1676 3880 1768 3936 Dei
1789 3883 1948 3936 servi.
1970 3881 2100 3937 Nam

533 3967 578 4021 si
605 3976 729 4021 sunt
755 3967 918 4036 aliqui
941 3969 1077 4022 servi
1101 3968 1395 4034 hominum,
1418 3979 1473 4023 et
1502 3969 1553 4023 in
1582 3970 1739 4026 rebus
1766 3972 1972 4027 illorum
1995 3990 2103 4029 non

534 4057 791 4113 minorem
819 4058 1015 4113 habent
1039 4068 1377 4127 potestatem,
1396 4060 1674 4129 imperium
1694 4070 1748 4116 et
1762 4062 2099 4119 administra-

533 4150 733 4205 tionem
752 4191 768 4216 ,
793 4152 957 4205 multo
979 4152 1146 4222 magis
1170 4154 1309 4207 servi
1329 4153 1442 4210 Dei.
1479 4153 1672 4209 Vocem
1706 4157 1882 4211 emisit
1904 4157 2099 4227 jucun-

531 4243 806 4298 dissimam
839 4259 852 4297 :
876 4244 1079 4299 sciebat
1102 4259 1161 4300 se
1182 4260 1244 4301 ea
1260 4248 1488 4302 maxime
1515 4248 1643 4317 ipsis
1667 4253 1945 4306 assentari.
1965 4252 2099 4310 Nam

530 4338 616 4404 si,
648 4347 705 4392 ut
731 4337 873 4393 servi
922 4338 1016 4393 Dei
1047 4349 1363 4403 manerent,
1396 4339 1447 4395 in
1493 4342 1664 4410 ignem
1693 4352 1818 4397 sunt
1842 4344 2093 4415 ingressi,

532 4448 638 4487 non
664 4442 779 4487 erat
806 4433 910 4486 alia
929 4448 1032 4486 vox
1062 4432 1160 4487 hac
1180 4432 1463 4501 jucundior
1494 4451 1508 4488 :
1536 4449 1640 4489 non
1665 4437 1708 4489 si
1744 4452 1837 4492 eos
1860 4450 2099 4495 vocasset

532 4538 683 4593 rcges
700 4564 716 4588 ,
748 4539 853 4579 non
875 4523 920 4576 si
948 4523 1190 4577 dominos
1218 4523 1362 4577 orbis
1389 4533 1541 4578 terrae
1561 4566 1575 4589 ,
1607 4534 1748 4581 tanta
1779 4543 1871 4583 eos
1894 4529 2100 4586 affecis-

530 4626 612 4670 set
632 4615 899 4686 voluptate
916 4656 933 4683 ,
963 4625 1158 4686 quanta
1180 4632 1299 4671 cum
1321 4618 1399 4673 eis
1418 4618 1583 4684 dixit,
1610 4620 1755 4675 Serui
1779 4622 1875 4676 Dei
1893 4626 2094 4680 excelsi.

532 4709 601 4763 Et
628 4710 754 4779 quid
791 4708 1040 4763 miraris?
1067 4710 1145 4763 Ad
1175 4724 1416 4779 magnam
1447 4712 1588 4766 enim
1611 4713 1827 4779 urbem,
1858 4731 1976 4785 qua:
2004 4732 2095 4770 or-

530 4802 612 4856 bis
658 4811 813 4855 terra:
861 4800 1134 4855 obtinebat
1177 4799 1538 4868 dominatum,
1594 4812 1647 4857 ct
1688 4804 1774 4859 cui
1812 4807 2096 4862 auctoritas

530 4907 749 4962 magnos
792 4892 1017 4948 faciebat
1058 4893 1310 4962 spiritus,
1355 4894 1549 4950 Paulus
1592 4897 1830 4952 scribens
1876 4898 1976 4952 hoc
2000 4914 2095 4968 po-

527 4986 664 5049 suit,
711 4986 931 5055 utquod
981 4986 1219 5056 dignitati
1256 5001 1318 5041 ex
1370 4989 1663 5057 :equilibrio
1708 4991 2093 5059 re5p0uderet,

529 5080 636 5133 imo
660 5092 787 5133 vero
816 5088 867 5131 et
892 5078 1165 5132 consulatu
1187 5088 1241 5131 et
1267 5094 1428 5150 regno
1456 5092 1509 5134 et
1528 5082 1669 5136 orbis
1698 5092 1851 5138 terra:
1875 5084 2094 5155 imperio

526 5171 682 5240 longe
702 5168 872 5239 majus
881 5180 1045 5241 atque
1066 5169 1200 5225 adeo
1221 5171 1704 5241 incomparabiliter
1721 5177 1889 5246 majus
1914 5190 2089 5245 esset;

526 5263 724 5317 Paulus
771 5277 942 5317 servus
990 5260 1116 5317 Jesu
1153 5262 1339 5318 Christi
1391 5264 1574 5338 (Rom.
1601 5270 1652 5323 1.
1680 5269 1768 5338 1).
1826 5268 1969 5323 Servi
1996 5269 2094 5325 Dei

524 5355 723 5408 excelsi.
752 5351 808 5408 Si
835 5354 1000 5416 enim,
1049 5353 1251 5422 inquit,
1284 5363 1485 5411 tantum
1531 5369 1731 5427 ponunt
1758 5360 1988 5415 studium
2036 5372 2093 5418 ut

522 5446 632 5499 sint
658 5444 834 5511 servi,
857 5444 1074 5499 omnino
1093 5447 1169 5500 eis
1198 5446 1299 5502 hoc
1327 5449 1777 5518 persuadebimus.
1808 5451 1940 5509 Vide
1965 5470 2091 5525 ergo

522 5536 680 5588 etiam
709 5549 986 5603 puerorum
1014 5534 1259 5604 pietatem
1294 5555 1308 5591 :
1347 5553 1451 5591 non
1476 5553 1893 5596 succensuerunt
1917 5559 2089 5614 neque

523 5625 641 5678 irati
671 5634 794 5679 sunt
836 5640 1006 5695 neque
1044 5628 1505 5693 contradixerunt,
1552 5630 1646 5684 sed
1691 5634 1891 5701 egressi
1941 5645 2083 5690 sunt.

520 5716 650 5771 Nam
680 5716 725 5769 si
749 5717 1061 5788 supplicium
1089 5721 1479 5776 existimassem
1498 5763 1513 5788 ,
1535 5722 1673 5791 quod
1696 5723 1875 5793 injecti
1902 5739 2082 5784 essent

522 5812 574 5866 in
602 5813 868 5866 lornaccm
893 5845 906 5865 ι
952 5817 1378 5873 succcnsuissent
1408 5817 1456 5872 ei
1497 5818 1583 5887 qui
1625 5817 2081 5889 iujeceratznunc

2243 505 2419 553 autem
2446 500 2574 555 nihil
2603 502 2825 573 horum;
2874 509 2968 562 sed
3011 511 3081 565 ita
3125 513 3364 570 exierunt
3417 527 3681 591 tamquam
3719 530 3811 596 qui

2244 588 2515 685 prodirent
2554 609 2586 645 e
2613 594 2785 649 caelo:
2815 606 2870 651 et
2906 600 3044 665 quod
3073 600 3141 654 de
3185 605 3297 659 sole
3339 610 3467 664 dicit
3515 588 3771 684 propheta
3793 661 3810 685 ,

2246 676 2521 772 Tamquam
2545 697 2761 748 sponsus
2788 687 3057 754 procedens
3079 707 3107 742 e
3130 693 3351 747 thalamo
3391 714 3480 751 suo
3546 676 3688 758 Psal.
3719 676 3809 763 l8;

2244 765 2343 836 6),
2378 767 2477 822 hoc
2503 770 2659 825 etiam
2688 774 2778 843 qui
2794 775 2861 830 de
2880 777 2959 832 eis
2979 778 3204 848 dixerit,
3235 799 3338 838 non
3362 765 3636 847 aberrarit.
3664 795 3807 862 Quo.

2242 860 2437 915 modo?
2492 863 2585 919 Illo
2631 866 2708 920 sic
2737 870 3059 938 procedente
3109 874 3209 944 ipsi
3259 886 3384 932 tunc
3436 860 3809 949 processerunt

2239 949 2585 1019 splendidius.
2636 954 2767 1010 Nam
2822 959 2934 1027 ipse
2979 962 3193 1031 quidem
3223 969 3575 1038 procedebat,
3620 976 3805 1034 orbem

2241 1048 2399 1096 terra:
2428 1044 2699 1100 illustrans
2722 1050 2903 1104 sensili
2936 1052 3163 1119 lumine,
3198 1057 3269 1111 illi
3302 1075 3425 1114 vero
3444 1062 3596 1119 aliter
3620 1072 3805 1125 orbem

2241 1139 2394 1185 terra:
2452 1132 2845 1203 illuminantes,
2900 1156 3093 1212 nempe
3140 1147 3398 1214 spirituali
3443 1155 3621 1210 modo.
3669 1158 3804 1215 Nam

2238 1232 2456 1292 propter
2483 1225 2626 1294 ipsos
2652 1243 2747 1283 rex
2777 1231 2956 1286 Statim
2986 1235 3129 1290 misit
3168 1238 3441 1296 decretum
3461 1284 3477 1309 ,
3521 1250 3659 1314 quod
3690 1250 3806 1307 hzec

2238 1314 2401 1368 verba
2428 1317 2764 1373 continebat:
2786 1321 3299 1385 Placueruntcoram
3329 1350 3411 1388 me
3438 1337 3583 1406 signa
3607 1351 3659 1395 ct
3678 1359 3803 1411 pro-

2236 1403 2396 1502 digia,
2420 1406 2699 1502 quae-fecit
2725 1411 2864 1467 Deus
2893 1416 3046 1471 nobis
3073 1421 3276 1474 ostendi
3304 1403 3565 1494 tamquam
3613 1403 3803 1502 magna

2198 1578 2201 1579 ν
2234 1503 2289 1590 et
2312 1493 2465 1548 fortia
2490 1495 2663 1566 (Dan.
2696 1500 2749 1554 3.
2776 1501 2863 1557 99.
2892 1504 3049 1576 100).
3079 1507 3334 1567 Exierunt
3358 1493 3533 1584 itaque
3566 1493 3804 1590 splendi-

2232 1586 2358 1640 dum
2384 1590 2686 1647 emittentes
2712 1594 2917 1650 radium
2937 1638 2952 1664 ,
2974 1600 3063 1668 qui
3089 1600 3240 1658 hctus
3266 1606 3477 1674 quidem
3496 1586 3612 1667 erat
3637 1619 3797 1671 etiam

2232 1675 2284 1729 in
2312 1678 2440 1746 ipsis
2466 1680 2811 1750 regionibus:
2849 1689 3078 1744 maxime
3127 1701 3301 1747 autem
3344 1708 3549 1767 poterat
3604 1704 3799 1776 ubique

2230 1769 2450 1824 extendi
2491 1786 2586 1841 per
2635 1773 2820 1831 literas
2855 1779 3058 1848 regias,
3085 1791 3139 1835 et
3176 1785 3384 1843 solvere
3410 1792 3651 1849 tenebras
3676 1769 3797 1867 quae

2230 1870 2383 1915 erant
2416 1862 2610 1933 ubique
2656 1875 2913 1922 extensae.
2965 1869 3315 1941 Egredimini,
3363 1889 3411 1932 et
3455 1886 3630 1940 venite.
3677 1862 3795 1944 Non

2224 1951 2382 2020 jussit
2433 1954 2704 2010 fornacem
2764 1960 3133 2030 exstinguere,
3185 1966 3280 2020 scd
3330 1969 3433 2027 hoc
3495 1977 3653 2029 etiam
3697 1995 3795 2036 eos

2227 2045 2456 2100 maxime
2486 2046 2798 2116 honoravit,
2843 2052 2983 2120 quod
3019 2055 3302 2111 crediderit
3333 2074 3426 2114 eos
3463 2079 3565 2118 non
3616 2069 3792 2125 solum

2226 2148 2383 2204 posse
2411 2136 2552 2191 intus
2576 2139 2882 2207 ambulare,
2905 2142 2999 2197 sed
3030 2144 3187 2199 etiam
3229 2162 3295 2202 eo
3332 2152 3550 2210 ardente
3588 2162 3791 2227 egredi.

2294 2227 2345 2282 9.
2381 2227 2663 2283 Videamus
2684 2242 2861 2286 autem
2891 2274 2907 2299 ,
2938 2234 2981 2287 si
3013 2234 3187 2303 placet
3216 2279 3232 2304 ,
3262 2242 3420 2296 verba
3448 2259 3659 2315 quoque
3686 2265 3787 2305 cu-

2222 2320 2389 2375 stodis
2428 2323 2661 2377 carceris
2694 2338 2708 2374 :
2739 2322 2949 2378 Domini
2979 2365 2994 2390 ,
3024 2328 3145 2395 quid
3183 2347 3261 2384 me
3288 2346 3480 2401 oportet
3524 2343 3692 2408 facere
3731 2356 3791 2397 ut

2219 2411 2388 2464 salvas
2415 2411 2534 2478 ﬁam
2564 2410 2697 2483 (Act.
2729 2413 2816 2468 16.
2846 2416 2974 2486 30)?
3027 2416 3160 2484 Quid
3184 2421 3281 2476 hac
3310 2439 3437 2479 voce
3461 2426 3745 2496 jucundius
3766 2437 3792 2489 ?

2219 2501 2369 2558 Facit
2395 2504 2539 2573 ipsos
2563 2505 2780 2575 angelos
2806 2509 3023 2565 exsilire
3051 2530 3066 2565 :
3094 2522 3151 2565 ut
3178 2513 3313 2568 hanc
3337 2518 3545 2574 audiret
3576 2540 3783 2592 mecm,

2216 2610 2402 2650 servus
2426 2612 2638 2668 quoque
2665 2599 2834 2655 factus
2862 2610 2945 2655 est
2969 2602 3060 2658 Dei
3089 2603 3398 2675 Unigcnitus
3420 2628 3433 2664 :
3455 2614 3591 2667 hanc
3624 2616 3787 2672 Petro

2216 2689 2467 2744 dicebant
2487 2706 2673 2747 vocem
2700 2694 2789 2763 qui
2816 2694 3163 2751 crediderunt
3189 2699 3256 2753 ab
3284 2700 3436 2757 initio
3468 2722 3482 2758 :
3529 2706 3665 2773 Quid
3695 2714 3782 2780 [a-

2214 2782 2399 2836 ciemus
2427 2792 2484 2837 ut
2513 2784 2643 2838 salvi
2673 2785 2872 2840 simus?
2905 2786 2969 2840 Et
2993 2788 3116 2855 quid
3146 2788 3313 2845 dicit?
3340 2792 3570 2863 Credite,
3604 2810 3658 2853 ct
3686 2801 3784 2854 ba-

2213 2874 2485 2943 ptizemini
2529 2875 2547 2946 (
2575 2874 2711 2929 Ibid.
2742 2876 2796 2930 2.
2824 2877 2912 2932 37.
2946 2879 3016 2934 38
3044 2880 3085 2950 ).
3128 2881 3392 2938 Lubenter
3421 2887 3580 2942 etiam
3612 2890 3663 2943 in
3689 2907 3786 2962 ge-

2216 2964 2445 3020 hennam
2472 2968 2755 3023 cecidisset
2784 2969 2978 3025 Paulus
3002 3012 3018 3038 ,
3050 2982 3107 3026 ut
3132 2973 3270 3029 hanc
3300 2992 3483 3033 vocem
3515 2982 3722 3036 audiret
3748 3000 3781 3039 a

2212 3056 2429 3123 Iudaeis,
2454 3068 2671 3128 propter
2696 3061 3018 3116 desiderium
3041 3080 3223 3119 eorum
3241 3067 3425 3122 salutis
3446 3079 3500 3123 et
3523 3073 3780 3128 obedien-

2214 3147 2321 3200 tiaz.
2354 3146 2488 3203 Vide
2515 3158 2692 3203 autem
2717 3190 2733 3217 ,
2762 3150 2840 3205 eis
2870 3153 3130 3222 permittit
3162 3163 3328 3210 totum
3360 3160 3539 3230 ,.nihil
3567 3163 3717 3216 curio
3747 3182 3781 3217 e

2213 3241 2451 3309 inquirit.
2487 3240 2774 3297 Videamus
2814 3254 2990 3299 autem
3020 3261 3139 3314 qua:
3176 3258 3490 3317 sequuntur.
3532 3251 3627 3305 llic
3668 3270 3778 3308 non

2211 3331 2338 3387 dicit
2371 3351 2385 3387 :
2431 3332 2501 3387 Ut
2543 3335 2720 3388 salvus
2754 3336 2874 3390 tiam
2899 3377 2915 3401 ,
2959 3338 3055 3392 sed
3094 3340 3281 3408 quavis
3323 3356 3455 3397 voce
3486 3344 3681 3400 clarior
3721 3360 3781 3402 et

2210 3425 2506 3481 evidentior
2532 3429 2738 3482 exstitit
2764 3429 3027 3496 doctrina,
3060 3442 3116 3487 et
3144 3434 3320 3488 statim
3351 3435 3409 3490 fit
3438 3438 3773 3506 praedicator.

2208 3515 2323 3570 Non
2350 3532 2483 3586 opus
2513 3517 2671 3573 habet
2696 3528 2754 3572 ut
2778 3521 3044 3577 catechesi
3072 3523 3376 3580 instituatur
3395 3568 3409 3591 ,
3438 3529 3572 3583 sicut
3590 3542 3779 3588 custos

2206 3610 2435 3663 carceris
2460 3625 2474 3675 ;
2505 3609 2599 3665 sed
2623 3612 2795 3681 quid?
2828 3612 2994 3667 Deum
3026 3616 3294 3685 praedicat,
3325 3629 3379 3673 et
3405 3619 3598 3676 fatetur
3620 3634 3774 3692 pote-

2207 3710 2401 3754 statem
2431 3716 2446 3756 :
2480 3700 2538 3756 In
2568 3703 2795 3758 veritate
2827 3704 2949 3759 novi
2975 3746 2989 3769 ,
3019 3706 3157 3775 quod
3190 3708 3329 3762 Deus
3353 3720 3529 3767 vester
3552 3714 3665 3782 ipse
3689 3726 3776 3771 est

2206 3792 2346 3848 Deus
2370 3794 2613 3861 deorum,
2635 3805 2689 3851 ct
2716 3796 2969 3852 Dominus
2989 3798 3345 3869 dominorum,
3362 3806 3606 3872 quoniam
3626 3809 3773 3865 misit

2205 3886 2448 3955 angelum
2470 3904 2645 3951 suum,
2665 3898 2719 3943 et
2739 3888 2987 3945 liberavit
3002 3906 3097 3946 vos
3111 3907 3141 3945 a
3162 3892 3371 3949 fornace
3389 3894 3546 3967 (Dan.
3573 3899 3767 3971 3.95).

2206 3974 2274 4031 Et
2301 3976 2427 4046 quid
2457 3989 2634 4047 postea
2654 3980 2677 4032 ?
2698 3978 2812 4035 Non
2838 3997 2974 4035 unus
2999 3992 3179 4037 custos
3199 3988 3428 4041 carceris
3446 4029 3463 4055 ,
3491 3992 3583 4043 sed
3615 3992 3773 4049 multi

2204 4069 2469 4124 catechesi
2490 4071 2841 4127 instituuntur
2861 4088 2955 4143 per
2976 4075 3157 4130 literas
3174 4078 3366 4146 regias,
3384 4095 3477 4149 per
3492 4094 3769 4152 aspectum

2203 4176 2402 4216 rerum.
2436 4162 2567 4218 Nam
2595 4165 2733 4235 quod
2766 4181 2856 4220 rex
2886 4182 2990 4221 non
3019 4178 3160 4222 esset
3199 4172 3453 4227 mentitus
3475 4214 3489 4236 ,
3521 4178 3771 4233 omnibus

2203 4254 2539 4323 perspicumn
2585 4264 2701 4311 erat
2730 4275 2743 4311 :
2772 4274 2876 4311 non
2916 4259 3058 4313 enim
3108 4260 3362 4317 voluisset
3394 4265 3611 4333 captivis
3653 4267 3772 4326 hzec

2203 4346 2341 4402 ferre
2368 4348 2671 4403 testimonia
2695 4392 2709 4415 ,
2741 4365 2916 4420 neque
2954 4367 3046 4405 sua
3078 4350 3309 4422 dejicere
3337 4370 3399 4409 ac
3424 4356 3725 4428 deprimere
3751 4380 3766 4416 :

2203 4442 2461 4497 noluisset
2482 4451 2640 4499 tantae
2667 4445 2914 4498 amentia:
2942 4445 3181 4514 praebere
3209 4448 3537 4517 opinionem.
3566 4447 3797 4518 Quam—1

2201 4532 2386 4588 obrem
2406 4575 2420 4598 ,
2450 4534 2548 4589 nisi
2577 4535 2815 4590 veritatis
2845 4537 3006 4589 multa
3047 4536 3233 4592 fuisset
3260 4541 3627 4609 perspicuitas,
3657 4524 3793 4602 non!

2202 4623 2315 4679 haec
2343 4626 2662 4694 scripsisset,
2687 4626 2843 4695 idque
2859 4643 2978 4681 cum
3008 4637 3111 4682 tam
3141 4629 3292 4683 multi
3316 4630 3583 4688 adessent.
3607 4634 3771 4692 Vide-

2202 4718 2270 4770 tis
2295 4727 2491 4786 quanta
2518 4717 2589 4775 sit
2624 4719 2703 4772 vis
2733 4719 3090 4786 vinculorum,
3124 4731 3320 4790 quanta
3348 4723 3515 4778 virtus
3542 4720 3786 4796 hymno-’

2200 4822 2315 4860 rum
2346 4808 2437 4877 qui
2483 4817 2763 4864 cantantur
2792 4809 2844 4864 in
2880 4811 3217 4867 afflictione?
3252 4812 3502 4869 Animum
3536 4831 3639 4872 nou
3668 4796 3789 4876 de-sr

2199 4902 2530 4970 Sponderunt
2579 4920 2752 4974 neque
2807 4905 3000 4975 dejecn
3060 4918 3227 4973 sunt,
3285 4909 3377 4964 sed
3435 4920 3559 4966 tunc
3609 4927 3770 4971 erant

2199 4993 2641 5063 vehementiores,
2666 5007 2789 5053 tunc
2809 5014 2992 5053 eorum
3016 4999 3112 5053 fuit
3135 5002 3302 5069 major
3318 5002 3477 5058 animi
3493 5005 3766 5064 alacritas.

2198 5088 2385 5144 Merito
2425 5091 2537 5147 haec
2576 5093 2895 5162 cogitarunt.
2930 5094 3113 5149 Restat
3151 5096 3324 5151 adhuc
3349 5113 3532 5151 unum.
3570 5098 3676 5153 Cur
3707 5100 3767 5157 in

2197 5194 2410 5234 carcere
2450 5181 2484 5235 ii
2523 5183 2611 5253 qui
2650 5184 2813 5237 vincti
2843 5194 2997 5239 erant
3027 5228 3043 5251 ,
3072 5195 3195 5240 sunt
3219 5187 3374 5241 soluti
3405 5206 3416 5247 ;
3451 5189 3503 5242 in
3548 5189 3767 5247 fornace

2197 5279 2371 5325 autem
2402 5273 2575 5327 exusti
2617 5282 2741 5328 sunt
2767 5276 2857 5343 qui
2888 5275 3237 5345 injiciebant?
3279 5278 3437 5347 Atqui
3482 5280 3768 5349 oportebat

2198 5365 2299 5421 hoc
2321 5368 2424 5436 pati
2456 5384 2633 5440 regem
2664 5386 2677 5423 :
2706 5385 2879 5441 neque
2917 5373 3056 5427 enim
3090 5382 3291 5429 tantum
3324 5387 3627 5445 peccarunt,
3659 5394 3766 5434 nec

2194 5459 2283 5529 qui
2310 5459 2611 5516 vinciebant
2636 5477 2810 5533 neque
2834 5467 2923 5533 qui
2949 5465 3278 5533 iujiciebant,
3310 5478 3568 5537 quantum
3598 5470 3642 5524 is
3665 5473 3762 5539 qui

2189 5550 2350 5619 jussit
2390 5552 2489 5608 hoc
2529 5556 2665 5609 ﬁeri.
2712 5553 2821 5609 Cur
2864 5571 2990 5624 ergo
3036 5557 3109 5611 illi
3151 5557 3466 5627 perierunt?
3504 5559 3599 5614 Hic
3648 5575 3763 5617 non

2196 5643 2347 5697 valde
2389 5660 2520 5712 opus
2562 5656 2643 5699 est
2692 5657 2747 5699 ut
2789 5663 2875 5701 res
2912 5659 3159 5704 accurate
3201 5650 3544 5722 disceptetur.
3589 5652 3764 5707 Erant

2193 5734 2332 5787 enim
2365 5736 2507 5803 impii
2543 5754 2555 5790 :
2587 5746 2867 5807 propterea
2899 5739 2998 5792 hoc
3034 5740 3259 5795 consilio
3289 5742 3339 5797 id
3369 5744 3619 5813 agebatur
3644 5786 3664 5809 ,
3701 5756 3762 5798 nt

2198 5826 2563 5883 ostenderetur
2585 5846 2661 5883 \‘ls
2684 5830 2842 5897 ignis,
2874 5841 2925 5885 ct
2956 5834 3124 5903 majus
3158 5836 3306 5891 fieret
3339 5834 3669 5891 miraculum.
3698 5835 3756 5891 Si
