3960 6494
182 392 263 449 (Π
1022 391 1089 447 ΙΝ
1122 389 1342 449 EPIST.
1421 389 1513 445 AD
1546 391 1790 450 EPHES.
1822 392 1980 455 CAP.
2039 398 2129 456 IV.
2171 401 2411 459 IlO’MlL.
2456 402 2592 459 VIII.
3370 415 3445 469 68

190 504 370 558 πολλά
412 519 486 574 ’με
532 504 815 575 περιρρεῖ·
876 501 975 554 οὒκ
1013 495 1132 554 οἶδα
1169 503 1322 554 ποῖον
1354 501 1493 555 εἴπω
1523 504 1761 575 πρῶτον,
1872 509 2196 585 οἰκουμένην
2237 515 2565 584 φωτίζοντες
2614 517 2836 589 ἑτέρως,
2871 519 3077 590 νοητῶς
3130 520 3292 591 λέγω,
3344 530 3449 581 Διὰ

186 600 347 651 ποῖον
375 596 432 649 δὲ
457 594 723 678 δεύτερον.
771 591 864 678 Διὸ
904 591 1238 678 παρακαλῶ,
1277 593 1351 678 μῆ
1396 611 1463 663 με
1491 593 1645 658 τάξιν
1674 611 1759 657 τις
1872 594 1982 666 γάρ
2024 599 2219 664 αὐτοὺς
2263 600 2465 664 εὐθέως
2506 604 2782 675 διάταγμα
2821 605 3069 675 ἔπεμπεν
3106 607 3135 659 6
3182 607 3443 678 βασιλεὺς

188 681 498 737 άπαιτείτω
521 696 534 709 ·
567 674 733 747 πολλὴ
759 677 868 747 γάρ
890 677 924 747 ἡ
954 676 1244 744 συγγένεια
1271 677 1380 729 τῶν
1399 684 1768 749 πραγμάτων.

201 764 507 832 Ἐλύθησαν
559 762 608 813 οί
654 759 1027 830 συνδεδεμένοι
1079 760 1406 823 αύτοῖς,καὶ
1451 763 1598 833 ὅμως
1648 762 1770 816 ἐκάο

185 847 421 900 θευδονν
456 842 697 896 ἐνταῦθα
723 843 780 895 δέ
822 843 943 895 ἀντὶ
984 841 1177 895 τούτου
1203 844 1428 913 γέγονεν
1458 845 1648 916 ἐτερόν
1676 863 1728 898 τι
1750 862 1765 877 °

186 928 544 995 κατεκάησαν
571 928 621 980 οἱ
647 926 978 998 ἐμϐαλόντες
1003 926 1222 991 αύτούς.
1258 928 1417 994 Ἀλλ’,
1443 930 1580 1001 ὅπερ
1621 929 1769 982 ἐϐου-

184 1013 365 1083 λόμην
391 1014 587 1075 εἰπεῖν,
634 1007 740 1064 εἶδε
771 1010 1119 1080 λελυμένους,
1173 1011 1268 1064 καὶ
1302 1012 1641 1084 προσέπεσεν
1667 1014 1767 1066 αύ-

182 1102 298 1161 τοῖς
322 1098 354 1150 6
385 1096 637 1167 βασιλεύς
659 1108 707 1136 ε·
727 1097 962 1167 ἤκουσεν
1005 1096 1345 1165 ὑμνούντων,
1381 1098 1475 1151 καὶ
1496 1100 1766 1167 τέσσαρας

183 1179 295 1236 εἶδε
326 1181 788 1252 περιπατοῦντας,
826 1182 920 1234 καὶ
965 1180 1225 1234 ἐκάλεσεν
1254 1182 1469 1247 αύτούς.
1498 1182 1766 1252 Καθάπερ

165 1261 279 1320 »οὖν
312 1267 344 1318 6
385 1264 595 1327 Παῦλος
639 1266 739 1318 οὐκ
777 1264 989 1334 ἐξῆλθε,
1023 1266 1199 1319 καίτοι
1242 1266 1558 1337 δυνάμενος,
1602 1267 1707 1330 ἕως
1738 1267 1767 1318 6

168 1350 446 1420 ἐμϐαλὼν
488 1350 744 1403 ἐκάλεσεν
773 1350 936 1403 αὑτὸν
988 1351 1081 1403 καὶ
1123 1349 1411 1420 ἐξήγαγεν,
1441 1350 1615 1413 οὕτως
1644 1350 1764 1404 οὐδὲ

166 1436 235 1488 ὀἱ
265 1437 420 1505 τρεῖς
454 1434 642 1496 παῖδες
671 1431 915 1504 ἐξῆλθον,
947 1432 1052 1497 ἕως
1086 1428 1149 1487 οὗ
1175 1438 1203 1488 6
1247 1433 1499 1505 ἐμϐαλὼν
1528 1432 1764 1498 ἐξελθεῖν

168 1517 465 1571 ῖέκέλευσε.
493 1516 558 1569 Τί
592 1516 701 1570 ἀπὸ
729 1516 917 1570 τούτου
948 1517 1353 1586 παιδευόμεθα;
1388 1516 1481 1585 Μὴ
1515 1517 1763 1570 σπεύδειν

168 1603 246 1653 ἐν
272 1602 396 1662 ταῖς
420 1600 757 1667 ἐπαγωγαῖς,
787 1599 919 1670 μηδὲ
949 1598 1265 1665 ἐπείγεσθαι
1293 1602 1352 1651 ἐν
1377 1601 1497 1662 ταῖς
1527 1599 1759 1668 θλίψεσι,

172 1684 338 1755 μήτε
365 1683 523 1736 πάλιν
540 1681 775 1736 λυόντων
800 1681 1081 1751 ἐμμένειν.
1115 1681 1254 1734 Ἀλλ’
1287 1677 1441 1745 οὗτος
1474 1682 1573 1752 μὲν
1603 1700 1764 1755 προσ-

187 1767 397 1820 έπεσε·
434 1766 525 1820 καὶ
581 1765 691 1836 γάρ
729 1763 990 1819 εἰσελθεῖν
1038 1764 1290 1835 ἠδύνατο,
1334 1765 1464 1819 ἔνθα
1514 1760 1655 1837 ἦσαν
1714 1770 1761 1821 οί

174 1850 372 1918 am:-
410 1851 611 1911 ἐκεῖνος
661 1848 718 1901 δέ
762 1847 899 1918 πρὸς
926 1847 1022 1918 τὴν
1052 1847 1223 1918 θύραν
1264 1848 1456 1913 ἐλθὼν,
1489 1849 1618 1919 ἔστη
1642 1866 1656 1879 ·
1699 1850 1759 1902 06

168 1935 296 2003 γάρ
323 1933 526 2002 ἐτόλμα
555 1930 874 2001 προσελθεῖν
908 1932 988 1994 εἰς
1020 1933 1080 1985 τὸ
1105 1932 1478 2004 δεσμωτήριον
1506 1931 1569 1984 τὸ
1591 1932 1759 1995 ἔνδον,

168 2016 324 2086 ὅπερ
371 2016 555 2078 αὐτοῖς
600 2014 687 2068 6:6
735 2015 829 2068 :06
864 2014 1037 2085 πυρὸς
1085 2016 1481 2070 κατεσκεύασε.
1517 2016 1627 2070 Καὶ
1662 2016 1760 2069 θέα

184 2099 367 2168 μοιτά
389 2101 631 2171 ῥήματα.
660 2094 827 2162 Οὗτός
855 2116 1006 2170 φησι,
1034 2100 1257 2166 Κύριοι,
1276 2101 1333 2153 τί
1356 2117 1431 2169 με
1458 2099 1553 2153 δεῖ
1568 2101 1762 2155 ποιεῖν

168 2184 285 2243 ’ἵνα
317 2182 535 2247 σωθῶ;
570 2183 779 2245 ἐκεῖνος
822 2182 883 2234 06
915 2180 1053 2246 μετά
1074 2182 1344 2252 τοσαύτης
1385 2183 1483 2254 μὲν
1509 2201 1761 2237 ταπεινο-

180 2262 483 2333 φροσύνης,
535 2260 635 2314 οὐκ
676 2259 898 2313 ἔλαττον
930 2260 988 2313 δὲ
1040 2261 1224 2330 φωνὴν
1248 2260 1381 2332 ἡδίω
1428 2262 1628 2334 ἀφῆκε,
1658 2267 1771 2317 Σε-⁴

179 2347 356 2416 δρὰχ,
388 2344 612 2411 Μισὰκ,
650 2345 996 2415 Ἀϐδεναγώ,
1028 2347 1080 2399 οΙ
1102 2345 1310 2400 δοῦλοι
1339 2347 1446 2402 τοῦ
1473 2349 1620 2403 Θεοῦ
1658 2349 1760 2404 τοῦ

178 2432 476 2499 ὑψίστου,
516 2429 815 2495 ὲξέλθετε,
856 2429 955 2484 καί
985 2428 1177 2486 δεῦτε.
1224 2431 1451 2502 Μεγάλη
1483 2433 1654 2504 τιμήο
1694 2435 1759 2486 οι

164 2514 394 2568 δοῦλοι
442 2512 553 2567 τοῦ
602 2513 751 2568 Θεοῦ
804 2512 911 2567 τοῦ
964 2513 1251 2579 ὑψίστου,
1304 2513 1601 2582 ἐξέλθετε,
1657 2517 1757 2571 καί

174 2596 375 2651 δεῦτε.
422 2597 547 2661 Πῶς
582 2596 893 2662 ἐξέλθωσιν,
921 2588 965 2647 ὦ
1004 2595 1263 2664 βασιλεῦς
1322 2590 1637 2670 δεδεμένους
1668 2600 1759 2655 ὲν-

170 2680 377 2743 έϐαλες
400 2681 481 2751 τῷ
510 2680 664 2749 πυρὶ,
694 2676 950 2730 τοσοῦτον
974 2678 1321 2747 ἐνεχρόνισαν
1360 2680 1440 2751 τῷ
1470 2683 1601 2754 πυρὶ
1633 2684 1759 2754 χρό-

172 2781 309 2831 νον;
344 2764 408 2816 Εἰ
439 2764 546 2831 γάρ
574 2759 928 2830 ἀδαμάντινοι
980 2756 1141 2832 ἦσαν,
1170 2763 1220 2815 εἰ
1253 2762 1361 2835 γάρ
1400 2762 1525 2818 ὗλαι
1556 2766 1756 2835 μεταλ-

166 2848 350 2910 λικαί,
388 2846 486 2897 καὶ
543 2842 713 2915 ῦμνον
750 2843 998 2912 λέγοντες
1029 2845 1235 2899 ἐκεῖνον
1271 2844 1508 2912 ἅπαντα,
1555 2849 1655 2902 οὑκ
1691 2850 1757 2903 ἂν

170 2928 462 2982 ἀπώλοντο
488 2945 502 2995 ;
534 2926 635 2980 Διὰ
662 2926 819 2980 τοῦτο
848 2927 948 2998 μὲν
972 2923 1064 2981 οὖν
1091 2928 1394 2999 ἐσώθησαν,
1423 2931 1504 2988 ὅτι
1531 2930 1751 3001 ὕμνουν.

186 3012 423 3085 ᾞδέσθη
477 3012 577 3083 τὴν
617 3012 927 3085 προθυμίαν
953 3012 1135 3064 αὐτῶν
1162 3010 1223 3064 :6
1255 3013 1388 3085 πῦρ,
1430 3015 1628 3087 ᾐδέσθη
1662 3017 1756 3070 καὶ

168 3100 275 3166 τὴν
303 3096 453 3167 ᾠδὴν
486 3098 585 3166 τὴν
636 3095 957 3167 θαυμαστὴν
988 3095 1203 3165 ἐκείνην
1230 3098 1324 3149 καὶ
1355 3099 1482 3161 :06;
1525 3098 1748 3169 ὕμνους.

171 3181 302 3243 Πῶς
322 3181 524 3243 αὐτοὺς
553 3179 767 3246 καλεῖς;
800 3178 1092 3250 Προλαϐὼν
1116 3174 1289 3245 εἷπον,
1318 3184 1381 3235 Ol
1412 3181 1622 3237 δοῦλοι
1648 3184 1756 3239 τοῦ

152 3265 329 3320 Θεοῦ
369 3264 479 3317 τοῦ
528 3264 831 3332 ὑψίστουο
889 3266 1002 3327 τοῖς
1053 3264 1163 3335 γὰρ
1211 3262 1306 3317 τοῦ
1368 3263 1503 3319 Θεοῦ
1548 3266 1757 3332 δούλοις

164 3352 362 3404 πάντα
389 3348 615 3403 δυνατά.
642 3348 707 3400 Ei
729 3347 839 3419 γάρ
868 3346 1170 3419 ἀνθρώπων
1193 3349 1301 3402 είσ“ι
1335 3348 1449 3422 [66]
1479 3350 1652 3404 δοῦλοί
1674 3370 1756 3405 τι-

168 3453 285 3498 νες,
322 3435 422 3487 καὶ
470 3434 530 3487 ἐν
579 3434 691 3496 τοῖς
739 3433 966 3486 ἐκείνων
1013 3434 1111 3503 οὐχ
1146 3426 1309 3504 ἦττον
1362 3434 1604 3505 ἰσχύουσι
1662 3438 1755 3491 καὶ

169 3518 447 3591 κρατοῦσι
487 3516 583 3570 καὶ
624 3515 1019 3581 διατάττονται,
1063 3515 1239 3587 πολλῷ
1296 3518 1509 3588 μᾶλλον·
1546 3520 1597 3573 οἱ
1660 3521 1753 3574 τοῦ

170 3600 311 3656 Θεοῦ
338 3599 543 3654 δοῦλοι.
570 3600 613 3651 Τ
617 3598 684 3670 ὴν
711 3598 934 3671 ἡδίστην
960 3603 1144 3670 φωνὴν
1166 3600 1455 3655 ἐκάλεσεν·
1488 3602 1603 3674 ᾔδει
1626 3601 1754 3657 τού-

167 3702 252 3754 τῳ
284 3684 531 3754 μάλιστα
580 3681 894 3736 κολακεύων
945 3682 1163 3746 αύτούς.
1217 3684 1282 3736 Et
1312 3684 1423 3750 γὰρ
1454 3684 1542 3739 ἵνα
1578 3686 1755 3740 δοῦλοι

167 3767 267 3822 τοῦ
304 3766 446 3821 Θεοῦ
482 3765 740 3836 μένωσιν,
775 3768 855 3829 είς
893 3766 1005 3838 πῦρ
1034 3766 1320 3839 ἐνέϐησαν,
1350 3769 1449 3822 οὐκ
1480 3766 1548 3841 ἦν
1573 3771 1755 3834 αὐτοῖς

170 3854 336 3924 ἐτέρα
372 3851 527 3922 φωνὴ
556 3848 762 3920 ταύτης
792 3850 956 3921 ἡδίων
978 3867 991 3882 ·
1054 3851 1153 3904 οὐκ
1183 3852 1267 3914 ἂν,
1314 3854 1362 3906 εί
1391 3852 1625 3923 βασιλεῖς
1657 3855 1755 3908 αύ-

171 3937 303 3997 τοὺς
331 3933 621 3999 ἐκάλεσεν,
656 3934 874 4000 ούκ.ἂν,
901 3935 950 3986 εί
978 3933 1079 4003 τῆς
1113 3936 1437 4008 οίκουμένης
1468 3936 1751 4005 δεσπότας,

169 4018 349 4081 οῦτως
376 4019 445 4071 ἂν
481 4017 677 4081 αὐτοὺς
700 4016 993 4089 ηὖφρανεν.
1025 4017 1099 4080 ῶς
1126 4019 1215 4071 ὅτε
1248 4016 1422 4085 εἶπεν,
1461 4023 1524 4074 Οἱ
1546 4021 1754 4075 δοῦλοι

173 4101 328 4157 Θεοῦ
383 4101 495 4154 τοῦ
532 4101 825 4169 ὑψίστου.
887 4100 997 4155 Καὶ
1046 4101 1099 4153 τί
1147 4101 1478 4171 θαυμάζεις;
1531 4104 1609 4176 Τῇ
1645 4106 1754 4176 γὰρ

173 4186 396 4257 μεγάλῃ
452 4185 628 4251 πόλει,
682 4188 749 4256 τῇ
805 4184 1084 4257 κρατούσῃ
1119 4185 1219 4255 τῆς
1264 4188 1609 4257 οἰκουμένης,
1659 4189 1755 4242 καὶ

175 4273 325 4342 μέγα
357 4270 634 4345 φρονούσῃ
674 4271 761 4323 ἐπ’
801 4268 1127 4340 ἀξιώμασιν,
1158 4270 1233 4333 ὠς
1266 4271 1590 4343 ἀντίρροπον
1618 4272 1755 4343 πρὸς

172 4354 363 4420 ἀξίαν,
404 4354 604 4423 μᾶλλον
631 4354 687 4407 δὲ
714 4353 898 4423 πολλῷ
925 4354 1112 4424 μεῖζον
1138 4354 1231 4406 καὶ
1256 4356 1601 4426 ἁσυγκρίτως
1633 4359 1754 4427 μεῖ-

176 4438 274 4503 ζον
304 4438 405 4489 καὶ
450 4437 711 4501 ὑπατείας
751 4438 846 4491 καὶ.
874 4436 1150 4507 βασιλείας
1190 4437 1285 4491 καὶ
1313 4439 1413 4509 τῆς
1445 4439 1618 4510 ἀρχῆς
1652 4440 1755 4511 τῆς

176 4522 533 4592 οἰκουμένης,
565 4524 592 4575 6
622 4521 835 4584 Παῦλος
876 4521 1034 4574 τοῦτο
1058 4521 1271 4575 τέθεικε
1301 4522 1558 4593 γράφων·
1591 4523 1757 4578 Παῦ-

173 4611 292 4673 λος
329 4605 553 4673 δοῦλος
588 4606 794 4674 Ἰησοῦ
830 4605 1110 4674 Χριστοῦ.
1143 4609 1206 4659 Οἱ
1232 4605 1443 4661 δοῦλοι
1470 4606 1577 4661 τοῦ
1604 4609 1754 4664 Θεοῦ

170 4691 284 4745 τοῦ
330 4692 625 4758 ὑψίστου.
681 4690 745 4742 El
792 4689 902 4760 γάρ
951 4688 1238 4761 τοσαύτην,
1275 4690 1431 4761 φησὶ,
1477 4690 1754 4746 ποιοῦνται

172 4775 445 4845 σπουδὴν,
478 4773 621 4826 ὥστε
652 4772 830 4827 δοῦλοι
857 4768 1015 4834 εἶναι,
1047 4774 1265 4837 πάντως
1284 4773 1460 4845 τούτῳ
1494 4775 1755 4846 πείσομεν

172 4859 402 4920 αὐτούς.
435 4856 586 4928 Ὀρα
609 4856 789 4911 τοίνυν
812 4855 909 4910 καὶ
938 4855 1041 4927 τὴν
1079 4856 1363 4911 εὐλάϐειαν
1386 4856 1494 4910 τῶν
1524 4859 1753 4913 παίδων.

174 4944 292 4995 Οὐκ
320 4942 747 5011 ἠγανάκτησαν,
772 4939 895 4993 ούδέ
927 4939 1297 5011 ὠργίσθησαν,
1329 4941 1450 4994 οὐδὲ
1482 4942 1752 5008 ἀντεῖπον,

172 5027 292 5080 ἀλλ’
331 5025 583 5095 ἐξῆλθον.
620 5025 682 5077 El
701 5026 810 5097 γὰρ
838 5025 1109 5096 τιμωρίαν
1137 5025 1198 5078 τὸ
1225 5026 1455 5097 πρᾶγμα
1485 5025 1754 5096 ἐνόμιζον,

172 5113 236 5166 :6
258 5111 533 5180 ἐμπεσεῖν
562 5110 640 5173 είς
662 5110 762 5180 τὴν
785 5109 1035 5179 κάμινον,
1082 5107 1184 5162 κᾶν
1216 5108 1459 5179 ῆλγησαν
1490 5102 1640 5179 ’πρὸς
1664 5110 1756 5162 τὸν

173 5194 530 5267 ἐμϐαλόντα⁸
590 5192 685 5247 νῦν
710 5192 771 5246 δέ
799 5192 951 5247 οὐδὲν
994 5192 1222 5257 τούτων,
1245 5191 1361 5246 ἀλλ’
1391 5192 1467 5257 ὡς
1496 5192 1553 5259 ἐξ
1592 5193 1755 5247 αὑτοῦ

173 5264 470 5351 προῖόντες
511 5276 608 5331 τοῦ
649 5277 711 5330 06
720 5278 908 5348 ρανοῦ,
938 5276 1080 5332 οὓτω
1105 5276 1402 5349 προῄεσαν.
1429 5278 1541 5331 Καὶ
1574 5276 1602 5331 6
1630 5280 1759 5350 περὶ

169 5363 271 5416 τοῦ
304 5363 467 5433 ἡλίου
498 5362 667 5435 φησὶν
704 5363 733 5415 6
762 5365 1068 5436 προφήτης,
1098 5364 1181 5416 ὃτι
1216 5362 1309 5428 Ὠς
1353 5361 1612 5432 νυμφίος
1661 5363 1758 5417 ἐκ-

171 5447 593 5516 πορευόμενος
646 5446 715 5502 ἐκ
772 5446 1010 5502 παστοῦ
1047 5445 1257 5512 αὐτοῦ,
1292 5444 1450 5498 τοῦτο
1490 5450 1579 5501 καὶ
1629 5446 1758 5519 περὶ

169 5532 385 5585 τούτων
414 5530 589 5586 εἰπών
609 5548 696 5596 τις
723 5532 825 5585 οὐκ
850 5532 916 5585 ἂν
939 5532 1192 5603 ἁμάρτοι.
1224 5530 1349 5593 Πῶς
1373 5547 1388 5596 ;
1418 5530 1538 5583 Ὀτι
1568 5529 1757 5583 τούτου

168 5613 238 5684 δὴ
266 5613 366 5668 τοῦ
398 5613 577 5686 οῦτως
612 5615 1052 5687 ἐκπορευομένου
1084 5615 1282 5669 ἐκεῖνοι
1302 5613 1421 5667 τότε
1449 5612 1759 5684 λαμπρότε-

173 5716 269 5767 ρον
289 5698 709 5773 ἐξεπορεύοντο.
743 5691 912 5763 Οὗτος
936 5700 1034 5770 μὲν
1060 5698 1167 5770 γάρ
1192 5696 1548 5768 ἐξεπορεύετο
1562 5698 1761 5769 τὴν-οἰ·-

170 5784 455 5854 κουμένην
490 5784 744 5853 φωτίζων
773 5782 853 5854 τῷ
880 5782 1123 5855 αἰσθητῷ
1167 5782 1326 5853 φωτὶ,
1362 5784 1558 5836 ἐκεῖνοι
1585 5783 1641 5836 δέ
1664 5781 1760 5853 τὴν

201 5992 215 6002 ,
240 5937 266 6002 ξ
291 5932 626 6002 Ιηλδειίριιιιίθ
652 5948 784 6002 εδει-ε
804 5948 903 6002 pan
925 5933 1136 5999 legitur,
1160 5934 1289 5996 quod
1311 5939 1426 5985 ante
1449 5939 1552 5983 tres
1573 5946 1753 5996 pueros

174 5996 631 6048 :iabuchodouosor
651 5996 932 6059 procidorit.

1865 680 2037 734 ταῦτα
2069 682 2190 754 ἔχον
2216 686 2286 738 τά
2339 687 2586 757 ῥήματα·
2616 690 2852 758 Ἤρεσεν
2906 689 3150 744 ἐναντίον
3194 693 3327 759 ἐμοῦ
3372 698 3443 750 :‘1

1871 768 2075 849 σημεῖα
2104 767 2200 822 καὶ
2228 767 2297 823 :6
2344 770 2569 841 τέρατα,
2600 770 2636 825 ἃ
2686 772 2943 844 ἐποίησεν
2973 775 3001 828 6
3028 773 3159 839 Θεὸς
3201 778 3442 849 δηλῶσαι

1867 848 2020 933 ήμῖν,
2056 850 2132 914 ὡς
2185 852 2400 923 μεγάλα
2454 854 2548 906 καὶ
2604 855 3002 924 ίσχυρά.”Ωστε
3052 848 3441 933 λαμπροτέραν

1867 928 2097 1003 ἐξῄεσαν
2131 935 2387 1005 ἀφιέντες
2410 936 2628 1000 ἀκτῖνα,
2663 938 2896 1008 φαιδρὰν
2927 939 3026 1009 μὲν
3058 928 3224 995 οὖσαν
3252 928 3348 997 καί
3380 947 3440 999 ἐν

1865 1015 2048 1080 αὐτοῖς
2078 1020 2185 1084 τοῖς
2213 1021 2455 1092 χωρίοις,
2487 1022 2724 1092 μάλιστα
2749 1022 2806 1075 δὲ
2840 1024 3120 1095 πανταχοῦ
3142 1027 3439 1099 ἐκταθῆναι

1864 1106 2168 1193 δυναμένην
2212 1111 2298 1166 διὰ
2345 1112 2829 1193 τῶνεγραμμάτων
2854 1115 2966 1168 τῶν
2994 1117 3309 1185 βασιλικῶν,
3345 1124 3441 1175 καὶ

1864 1189 2023 1246 λῦσαι
2055 1193 2118 1246 τὸ
2166 1195 2443 1266 πανταχοῦ
2468 1189 2764 1268 τεταμένον
2800 1200 2827 1240 δ
2861 1201 3071 1264 σκότος.
3109 1203 3436 1269 Ἐξέλθετε,

1863 1274 1963 1327 καί
2000 1275 2193 1336 δεῦτε.
2245 1279 2359 1332 υύκ
2386 1280 2638 1335 ἐκέλευσε
2668 1283 2859 1337 σϐέσαι
2892 1284 2990 1357 τὴν
3018 1285 3269 1355 κάμινον,
3303 1289 3438 1344 ἀλλὰ

1863 1358 1959 1411 καὶ
1984 1360 2160 1431 τούτῳ
2211 1361 2447 1432 μάλιστα
2477 1365 2674 1429 αὐτοὺς
2707 1369 2958 1439 ἐτίμησε,
3003 1368 3081 1438 τῷ
3119 1372 3434 1434 πιστεῦσαι,

1862 1440 1945 1493 ὅτι
1982 1441 2305 1525 δυνήσονται
2340 1445 2415 1518 μὴ
2444 1449 2603 1516 μόνον
2634 1450 2782 1505 ἔνδον
2808 1455 3155 1525 περιπατεῖν,
3186 1454 3322 1509 ἀλλὰ
3346 1458 3439 1510 καὶ

1862 1524 2163 1596 καιομένης
2176 1524 2445 1603 ἐξελθεῖν.
2886 1524 2891 1525 ν
3410 1549 3418 1555 ’

1936 1689 2164 1761 Ἰδωμεν
2200 1692 2279 1757 δέ,
2343 1697 2393 1749 εί
2451 1695 2618 1763 δοκεῖ,
2670 1700 2765 1753 καὶ
2801 1701 2894 1755 τοῦ
2926 1702 3438 1774 δεσμοφύλακας-τά

1862 1774 2101 1845 ῥήματα.
2134 1778 2362 1845 Κύριοι,
2393 1781 2451 1833 τί
2480 1798 2556 1849 με
2598 1782 2688 1836 δεῖ
2719 1785 2937 1854 ποιεῖν,
2986 1788 3086 1842 ἵνα
3119 1787 3331 1854 σωθῶ;
3368 1791 3436 1844 Τί

1858 1856 2063 1928 ταύτης
2084 1860 2180 1931 τῆς
2202 1862 2385 1932 φωνῆς
2400 1863 2583 1934 ἦδιον;
2621 1865 2768 1936 Αὕτη
2800 1872 3032 1941 σκιρτᾷν
3051 1872 3144 1924 καὶ
3166 1872 3432 1941 ἀγγέλους

1859 1944 2030 1995 ποιεῖ’
2066 1943 2153 1996 ἵνα
2177 1944 2384 2015 ταύτην
2405 1947 2614 2019 ἀκούσῃ
2638 1948 2738 2019 τὴν
2761 1954 2965 2021 φωνὴν,
2990 1955 3084 2008 καὶ
3111 1955 3293 2020 δοῦλος
3316 1956 3436 2025 ἐγέ-

1858 2042 1979 2114 νετο
2032 2027 2062 2079 6
2100 2027 2194 2114 τοῦ
2227 2028 2363 2114 Θεοῦ
2412 2031 2725 2102 Μονογενής
2747 2047 2761 2061 ⁸
2814 2032 3020 2106 ταύτην
3054 2037 3189 2106 πρὸς
3219 2039 3428 2114 Πέτρον

1859 2108 2043 2178 ἔλεγον
2066 2110 2164 2182 τὴν
2195 2112 2378 2185 φωνὴν
2399 2114 2449 2168 οῖ
2487 2114 2640 2185 παρὰ
2670 2114 2769 2186 τὴν
2794 2116 2970 2186 ἀρχὴν
2999 2108 3387 2187 πιστεύσαντες
3408 2143 3424 2158 -

1865 2195 1929 2247 Τί
1976 2194 2335 2266 ποιήσομεν,
2368 2198 2455 2251 ἵνα
2489 2199 2785 2275 σωθῶμεν;
2822 2201 2930 2255 Καὶ
2968 2201 3020 2256 τί
3046 2220 3211 2274 φησιν
3236 2205 3434 2275 αὑτός;

1859 2278 2216 2346 Πιστεύσατε,
2239 2282 2335 2336 καὶ
2369 2282 2725 2354 βαπτίσθητε.
2754 2284 2955 2349 Ἡδέως
2981 2287 3047 2340 ἂν
3074 2289 3167 2341 καὶ
3185 2289 3266 2353 είς
3281 2290 3435 2358 γέεν-

1856 2378 1954 2416 ναν
1988 2363 2243 2418 ἐνέπεσεν
2286 2366 2315 2418 6
2367 2365 2600 2432 Παῦλος,
2642 2366 2785 2421 ὥστε
2828 2368 3037 2440 ταύτην
3069 2370 3302 2425 ἀκοῦσαι
3334 2374 3437 2445 τὴν

1857 2444 2041 2515 φωνὴν
2088 2447 2241 2511 παρὰ
2271 2446 2559 2515 Ἰουδαίων,
2600 2450 2666 2504 δι’
2692 2452 2992 2523 ἐπιθυμίαν
3026 2455 3302 2526 σωτηρίας
3338 2444 3434 2511 καὶ

1858 2529 2107 2602 ὑπακοῆς
2137 2532 2337 2585 αὐτῶν.
2364 2533 2506 2604 Ὅρα
2550 2533 2607 2587 δέ
2630 2551 2644 2566 ο
2684 2535 2745 2588 τὸ
2770 2537 2877 2590 πᾶν
2907 2537 3090 2602 αὐτοῖς
3124 2539 3430 2612 ἐπιτρέπει,

1856 2613 2009 2667 οὐδὲν
2046 2616 2508 2692 ᾼπεριεργάζεται.
2545 2619 2687 2673 Ἀλλ’
2737 2619 2935 2689 ἴδωμεν
2968 2621 3035 2675 :6
3066 2625 3205 2692 μετὰ
3238 2624 3431 2680 ταῦτα.

1860 2688 2168 2781 [6714οὗτος
2188 2698 2249 2752 06
2268 2698 2561 2768 λέγει,Ἴνα
2584 2702 2764 2767 σωθῶ,
2782 2688 2918 2756 ἀλλὰ
2933 2688 3235 2777 τρανοτέρα
3251 2709 3432 2781 πάσης

1858 2779 2041 2850 φωνῆς
2072 2780 2222 2851 αύτῷ
2253 2783 2286 2853 ἠ
2315 2783 2634 2838 διδασκαλία
2676 2785 2868 2854 γέγονε
2893 2802 2906 2815 -
2962 2789 3058 2840 καὶ
3092 2789 3201 2859 γάρ
3228 2779 3428 2856 εὐθέως

1855 2862 2067 2930 γίνεται
2123 2863 2324 2936 κήρυξ.
2376 2868 2451 2921 Οὐ
2482 2867 2652 2921 δεῖται
2688 2868 3091 2940 κατηχηθῆναι,
3128 2872 3374 2946 καθάπερ
3403 2877 3433 2929 6

1853 2946 2219 3016 δεσμοφύλαξ,
2276 2949 2414 3004 ἀλλὰ
2465 2950 2555 3018 τί;
2612 2952 3007 3022 Ἀνακηρύττει
3034 2954 3126 3008 τὸν
3152 2956 3307 3023 Θεὸν,
3339 2959 3433 3028 καὶ

1853 3030 2107 3100 ὁμολογεῖ
2127 3031 2227 3101 τὴν
2254 3032 2487 3104 δύναμιν
2511 3051 2524 3065 ·
2564 3035 2679 3088 Ἐπ’
2705 3035 2961 3108 ἀληθείας
2988 3035 3126 3106 οἶδα,
3150 3040 3231 3093 ὅτι
3259 3041 3434 3105 όΘεὸς

1855 3114 2008 3184 ὑμῶν
2039 3117 2201 3181 αὑτός
2223 3119 2339 3171 ἐστι
2358 3117 2467 3171 τῶν
2497 3117 2633 3171 θεῶν
2653 3118 2806 3183 Θεὸς,
2841 3122 2937 3174 καὶ
2969 3122 3172 3193 Κύριος
3199 3124 3311 3178 τῶν
3336 3140 3434 3179 κυ-

1857 3197 1987 3268 ρίων
2006 3217 2019 3230 ·
2055 3201 2138 3254 ὅτι
2178 3200 2527 3265 ἐξαπέστειλε
2559 3202 2651 3255 τὸν
2671 3202 2906 3272 ἄγγελον
2929 3206 3115 3273 αὐτοῦ,
3149 3209 3242 3261 καὶ
3272 3210 3435 3280 ὲρῤύ-

1856 3298 1985 3364 σατο
2006 3283 2151 3353 ὑμᾶς
2180 3284 2290 3337 ἀπὸ
2303 3283 2402 3356 τῆς
2426 3285 2681 3356 καμίνου.
2708 3287 2819 3340 Καὶ
2839 3287 2893 3340 τί
2929 3290 3067 3360 μετά
3101 3291 3292 3359 ταῦτα;
3320 3293 3432 3364 Οὐχ

1853 3359 1933 3429 είς
1961 3365 2326 3437 δεσμοφύλαξ,
2377 3368 2516 3423 ἀλλά
2552 3370 2740 3424 πολλοὶ
2776 3359 3142 3444 κατηχοῦνται
3187 3377 3275 3430 διά
3320 3359 3432 3430 τῶίᾶ

1853 3450 2199 3519 γραμμάτων
2215 3451 2324 3504 τῶν
2348 3451 2663 3522 βασιλικῶν,
2687 3453 2776 3507 διά
2794 3455 2893 3525 τῆς
2908 3456 3034 3520 θέας
3056 3458 3164 3511 τῶν
3179 3460 3435 3531 πραγμά-

1852 3549 1977 3587 των.
2004 3532 2126 3586 Ὅτι
2161 3534 2271 3607 γάρ
2315 3537 2417 3590 οὐκ
2450 3537 2518 3590 ἂν
2562 3536 2830 3606 ἐψεύσατο
2857 3541 2885 3592 6
2940 3540 3213 3610 βασιλεὺς,
3265 3546 3431 3598 παντί

1852 3631 1956 3667 που
1985 3614 2171 3685 δῆλον·
2202 3618 2263 3672 ού
2295 3622 2404 3691 γὰρ
2424 3618 2491 3672 ἂν
2507 3619 2740 3691 ἠθέλησε
2765 3621 2994 3676 τοιαῦτα
3011 3626 3123 3684 τοῖς
3152 3626 3431 3696 αίχμαλωο

1852 3696 2083 3752 τισθεῖσι
2107 3703 2476 3775 μαρτυρῆσαι,
2514 3703 2633 3757 ούδέ
2663 3704 2733 3757 :6
2759 3705 2925 3759 αὐτοῦ
2945 3708 3303 3763 καταϐαλεῖ-ι’
3331 3712 3431 3766 οὐκ

1854 3783 1920 3835 ἂν
1941 3780 2175 3855 ἠθέλησε
2228 3786 2498 3857 τοσαύτης
2554 3787 2740 3851 ἀνοίας
2769 3788 2929 3853 δόξαν
2959 3789 3165 3845 λαϐεῖν.
3186 3792 3347 3846 Ὥστε
3380 3795 3430 3847 εί

1856 3866 1931 3939 μὴ
1960 3866 2126 3939 πολλὴ
2156 3867 2255 3940 τῆς
2275 3869 2529 3941 ἀληθείας
2550 3871 2584 3941 ἡ
2607 3872 2952 3943 περιφάνεια,
2988 3874 3088 3927 οὐκ
3109 3874 3176 3928 ἂν
3205 3876 3433 3931 τοιαῦτα

1853 3949 2079 4022 ἔγραψε,
2112 3951 2208 4005 καὶ
2244 3952 2513 4008 τοσούτων
2558 3954 2861 4026 παρόντων.
2910 3956 3100 4027 Ὁρᾶτε
3142 3959 3283 4029 πόση
3322 3960 3430 4012 τῶν

1852 4034 2067 4107 δεσμῶν
2096 4036 2130 4107 ή
2158 4035 2419 4105 δύναμις;
2454 4038 2597 4109 πόση
2629 4038 2728 4109 τῆς
2754 4039 3027 4111 ὑμνῳδίας
3056 4041 3155 4112 τῆς
3176 4045 3233 4094 ἐν
3254 4042 3430 4114 θλίψει

1854 4120 1888 4191 ὴ
1925 4119 2110 4190 ἰσχύςς
2145 4120 2259 4174 Οὐκ
2287 4121 2671 4194 ἀπηγόρευσαν
2698 4123 2820 4176 ούδέ
2842 4125 3123 4188 ἀνέπεσον,
3153 4126 3286 4180 ἀλλά
3307 4128 3429 4187 τότε

1856 4203 2057 4275 μᾶλλον
2083 4199 2225 4275 ἦσαν
2259 4206 2499 4276 σφοδροὶ,
2527 4207 2649 4260 τότε
2678 4206 2890 4273 ,πλείων
2920 4210 2955 4279 ὴ
2997 4211 3294 4281 προθυμία.
3341 4212 3425 4263 E1-

1853 4288 2027 4351 κότως
2047 4287 2220 4342 ταῦτα
2243 4289 2533 4345 ἐννοοῦσιν.
2580 4291 2703 4344 Ἔτι
2732 4291 2790 4346 ἐν
2823 4292 3193 4347 ὑπολείπεται.
3247 4294 3344 4347 Διά
3378 4295 3431 4347 τί

1854 4372 1913 4425 ἐν
1955 4371 2055 4443 μὲν
2073 4371 2151 4441 τῷ
2189 4372 2547 4445 δεσμωτηρίῳ
2577 4375 2628 4428 οί
2656 4375 2928 4446 δεδεμένοι
2965 4377 3255 4448 ἐλύθησαν,
3294 4379 3351 4431 ἐν
3373 4378 3430 4432 δὲ

1852 4447 1919 4527 τῇ
1959 4455 2176 4526 καμίνῳ
2220 4456 2269 4508 οἱ
2314 4456 2642 4527 ἐμϐαλόντες
2688 4460 3073 4530 κατεκάησαν;
3107 4447 3314 4527 είΚαίτοι
3366 4478 3429 4532 γε

1854 4539 2043 4610 ἐχρῆν..
2055 4538 2146 4591 τὸν
2170 4537 2394 4611 βασιλω
2418 4538 2576 4593 τοῦτο
2601 4540 2792 4595 παθεῖν
2817 4558 2831 4572 ·
2858 4542 2919 4595 06
2951 4543 3060 4615 γὰρ
3090 4543 3140 4596 οἱ
3170 4543 3432 4616 δεσμοῦν-

1853 4640 1944 4687 τες
1984 4622 2104 4675 ούδέ
2140 4625 2188 4676 οί
2234 4622 2593 4694 ἐμϐάλλοντες
2629 4625 2881 4679 τοσοῦτον
2931 4627 3198 4697 ἥμαρτον,
3238 4628 3360 4680 ὅσον
3402 4632 3433 4682 6

1855 4706 2094 4762 κελεύων
2142 4704 2300 4761 τοῦτο
2344 4708 2620 4776 γενέσθαι.
2682 4709 2841 4774 Τίνος
2877 4705 2969 4763 οῦν
3006 4710 3188 4763 ἕνεκεν
3232 4713 3433 4765 ἐκεῖνοι

1854 4791 2168 4858 ἀπώλοντο;
2214 4790 2476 4845 Ἐνταῦθα
2509 4792 2569 4845 06
2616 4784 2786 4865 πολλή
2821 4810 2906 4855 τις
2950 4794 3105 4866 χρεία
3141 4795 3239 4866 τῆς
3272 4796 3434 4867 ἀκρι-

1857 4875 2121 4943 ϐολογίας.
2166 4874 2408 4939 Ἀσεϐεῖς
2438 4875 2546 4947 γάρ
2576 4871 2717 4948 ἦσαν
2736 4893 2751 4907 ·
2782 4877 2871 4930 διὰ
2901 4877 3060 4931 τοῦτο
3095 4879 3432 4950 ᾠκονόμητο,

1857 4960 1944 5013 ἵνα
1972 4958 2153 5031 δειχθῇ
2183 4957 2276 5012 τοῦ
2317 4958 2548 5030 πυρὸςή
2583 4959 2754 5032 ίσχὺς,
2796 4962 2891 5015 καὶ
2928 4961 3109 5034 μεῖζον
3148 4964 3207 5015 τὸ
3247 4963 3434 5034 θαῦμα

1856 5045 2100 5113 γένηται.
2147 5044 2208 5096 Et
2230 5042 2337 5115 γὰρ
2363 5044 2487 5107 τοὺς
2521 5042 2627 5108 ἕξω
2648 5043 2790 5098 οὕτω
2818 5045 3146 5115 κατέφαγεν,
3174 5046 3265 5111 οὓς
3288 5048 3433 5101 ἔνδον

1858 5124 1992 5200 εἶχε,
2024 5127 2142 5190 πῶς
2168 5128 2400 5190 ἀπαθεῖς
2427 5127 2669 5193 ἐδείκνυ;
2707 5128 2824 5182 Ἵνα
2857 5129 2990 5202 δήλη
3030 5132 3254 5203 γένηται
3283 5133 3433 5202 ἢτοῦ

1858 5209 1991 5263 Θεοῦ
2020 5209 2271 5278 δύναμις.
2297 5210 2408 5263 Καὶ
2434 5211 2623 5281 μηδεὶς
2647 5210 2993 5282 θαυμαζέτω,
3020 5216 3066 5267 εί
3098 5214 3189 5267 τὸν
3210 5213 3433 5284 βασιλέα

1859 5298 1918 5350 ἐν
1934 5292 2085 5360 τάξει
2108 5294 2201 5347 τοῦ
2226 5295 2632 5366 δεσμοφύλακος
2656 5295 2829 5366 ἔθηκα
2853 5313 2867 5327 ο
2892 5297 2952 5351 τὸ
2971 5299 3079 5368 γάρ
3102 5300 3231 5352 αὐτὸ
3252 5298 3435 5369 εἰργά-

1860 5394 2009 5431 σατο.
2076 5372 2246 5430 Οὐδὲν
2301 5376 2409 5448 γὰρ
2448 5371 2601 5440 06:0;
2645 5378 2853 5432 ἐκείνου
2899 5379 3279 5450 λαμπρότερος
3323 5374 3391 5449 ἧν
3416 5391 3431 5407 ⁸

1861 5460 2145 5515 ἀπώναντο
2183 5460 2292 5532 γὰρ
2323 5460 2643 5532 ἀμφότεροι.
2690 5461 2849 5527 Ἀλλ’,
2885 5464 3021 5534 ὅπερ
3063 5462 3219 5533 ἔφην,
3254 5463 3337 5515 6::
3377 5464 3433 5516 ἐν

1859 5546 1979 5608 ταῖς
2006 5543 2247 5614 θλίψεσιν
2271 5544 2423 5608 ὄντες
2455 5545 2505 5597 οἱ
2526 5544 2743 5608 δίκαιοι,
2769 5546 2891 5598 τότε
2920 5546 3155 5616 μάλιστά
3176 5547 3280 5599 εἰσι
3307 5563 3437 5615 σφο-

1860 5628 2121 5699 δρότεροι,
2148 5628 2278 5682 ὃταν
2323 5630 2381 5682 ἐν
2427 5626 2642 5699 δεσμοῖς
2671 5622 2791 5684 ὦσι.
2811 5630 2884 5682 Τὸ
2925 5628 3031 5703 γάρ
3071 5628 3158 5683 6:6
3202 5629 3435 5703 Χριστόν

1862 5730 1913 5765 τι
1945 5712 2155 5777 παθεῖν,
2189 5713 2369 5784 πάσης
2399 5712 2755 5783 παραμυθίας
2780 5711 2948 5783 ἦδιον.
3001 5712 3264 5767 Βούλεσθε
3297 5713 3433 5767 61:0-

1941 5931 1968 5972 δ
2006 5930 2155 5995 Marg.
2193 5929 2365 5993 Sa\'il.,
2401 5931 2674 5995 κεχυμένον,
2704 5939 2759 5983 ει
2777 5945 2911 5995 mox,
2955 5934 3042 5984 οὐκ
3067 5934 3299 5998 ἐτόλμησε
3321 5932 3437 5982 σει.

1869 6009 1967 6042 σαι.
