3960 6500
256 331 331 389 69
1133 312 1201 368 IN
1228 307 1441 368 EPIST.
1481 302 1574 365 AD
1610 300 1853 364 EPHES.
1892 303 2046 360 CAP.
2087 304 2175 361 IV.
2219 303 2453 361 IIOMIL.
2496 302 2586 359 IX.
3436 309 3507 371 7o

256 444 403 499 enim
430 453 520 495 eos
543 431 631 504 qui
659 429 790 485 forts
816 436 974 486 erant
998 426 1076 483 sic
1093 423 1297 489 exedit,
1318 420 1588 493 quomodo
1615 432 1711 473 eos
1735 416 1825 487 qui

256 542 407 587 erant
436 524 580 579 intus
605 520 869 579 reddebat
907 518 1105 575 illaesos
1128 525 1183 570 et
1212 510 1532 583 impatibiles
1558 510 1583 564 ?
1618 508 1689 564 Ut
1717 522 1829 563 ma-

252 618 451 676 nifesta
480 615 633 673 fieret
657 614 755 669 Dei
777 611 1034 685 potentia.
1056 607 1227 665 Nemo
1246 616 1424 662 autem
1442 605 1667 660 miretur
1685 600 1829 672 quod

251 724 438 781 regem
470 707 523 762 in
552 704 743 761 eodem
764 703 955 759 ordine
977 699 1246 771 posuerim
1275 711 1381 769 quo
1403 693 1681 751 custodem
1706 705 1828 749 car-

251 801 398 856 ceris
431 815 447 853 :
488 797 721 872 idipsum
766 793 909 849 enim
938 790 1085 847 fecit.
1119 789 1220 845 Hic
1255 787 1398 843 enim
1435 785 1527 843 illo
1551 783 1685 839 nihil
1710 792 1831 838 erat

253 886 604 961 praeclarior:
637 884 899 940 ambobus
934 882 1076 937 enim
1107 878 1324 950 profuit.
1366 876 1474 933 Sed
1504 876 1642 931 sicut
1677 874 1826 939 dixi,

246 982 380 1051 justi
407 980 535 1035 dum
556 977 608 1032 in
639 975 890 1030 aerumnis
917 982 1217 1038 versantur,
1250 980 1374 1026 tunc
1396 979 1513 1025 sunt
1540 967 1830 1023 vehemen-

254 1074 423 1126 tiores
446 1110 463 1138 ,
494 1068 706 1140 quando
734 1076 860 1122 sunt
898 1066 949 1121 in
997 1065 1242 1120 vinculis.
1274 1062 1404 1115 Nam
1432 1071 1651 1130 propter
1678 1059 1830 1117 Chri-

252 1176 400 1219 stum
427 1162 627 1232 aliquid
655 1175 776 1216 esse
804 1172 1017 1230 passum
1048 1192 1063 1220 ,
1092 1163 1175 1209 est
1199 1153 1391 1222 quovis
1422 1151 1613 1206 solatio
1639 1150 1832 1221 jucun-

252 1256 397 1310 dius.
441 1253 615 1309 Vultis
645 1253 805 1306 alium
834 1261 1047 1318 quoque
1075 1259 1347 1300 carcerem
1388 1244 1541 1298 vobis
1583 1257 1830 1298 revocem

255 1346 307 1397 in
358 1339 713 1398 memoriam?
754 1336 837 1391 Ab
885 1335 983 1389 hac
1028 1345 1215 1390 catena
1261 1334 1312 1388 in
1355 1333 1518 1387 alium
1559 1347 1831 1388 carcerem

253 1435 579 1492 veniendum
626 1438 727 1484 est.
780 1428 1075 1495 Quemnam
1118 1424 1328 1480 vultis?
1365 1423 1684 1481 Jercmiaene
1711 1463 1727 1492 ,
1764 1438 1832 1478 an

252 1524 475 1594 Iosephi
502 1564 519 1591 ,
548 1538 613 1576 an
662 1520 885 1576 Joannis
913 1518 937 1571 ?
977 1516 1125 1573 Pauli
1171 1523 1376 1572 catenis
1421 1516 1594 1586 gratia
1624 1531 1639 1569 :
1670 1530 1834 1583 quam

256 1616 461 1672 multos
501 1612 730 1668 orationi
779 1620 979 1665 nostrae
1019 1609 1231 1680 aperuit
1275 1608 1559 1663 carceres!
1594 1605 1834 1661 Voltisne

254 1705 523 1765 Joannis?
569 1703 792 1760 Vinctus
824 1702 921 1757 fuit
956 1700 1042 1757 hic
1080 1714 1293 1771 quoque
1320 1706 1537 1769 propter
1565 1696 1832 1755 Christum

256 1809 319 1857 et
363 1799 529 1869 legem
565 1796 681 1850 Dei.
723 1793 862 1870 Quid
895 1807 1024 1864 ergo
1047 1832 1063 1859 ,
1094 1791 1263 1847 fuitne
1306 1790 1511 1846 otiosus
1536 1804 1659 1844 cum
1688 1797 1834 1844 esset

256 1893 314 1947 in
357 1888 615 1945 carcere?
644 1901 824 1941 annon
871 1885 996 1940 inde
1033 1900 1100 1939 ex
1142 1897 1361 1939 carcere
1405 1881 1582 1937 missis
1620 1881 1834 1936 dicebat

256 1982 532 2053 discipulis
552 1980 665 2035 suis
687 2021 703 2045 ,
736 1979 937 2033 Ettntes
961 1977 1122 2031 dicite
1149 1975 1394 2031 Christo:
1415 1974 1495 2028 Tu
1519 1991 1571 2027 es
1596 1974 1683 2044 qui
1710 1988 1828 2026 ven-

1935 424 2074 471 turus
2103 431 2255 481 es,an
2274 416 2431 471 alium
2450 410 2794 487 exspectamus
2815 414 3034 489 (Matth.
3055 418 3143 473 ll.
3172 419 3233 490 5)
3252 420 3275 474 l
3292 423 3359 478 Et
3382 438 3505 478 enin

1937 506 2042 560 illic
2069 514 2214 561 esset
2245 545 2261 571 ,
2293 505 2520 565 docebat
2551 524 2566 563 :
2598 523 2701 563 non
2741 523 2883 563 enim
2910 518 3027 564 erat
3052 509 3351 581 negligens.
3395 512 3505 567 Seu

1935 596 2191 655 Ieremias
2217 614 2393 654 annon
2422 599 2668 670 praedixit
2692 599 2759 656 de
2782 600 3104 673 Babylonio,
3134 619 3253 673 quae
3279 605 3361 660 sui
3383 603 3514 660 offi-

1935 693 2004 748 cii
2024 701 2179 748 erant
2194 692 2374 747 omnia
2394 693 2554 749 etiam
2587 694 2696 749 illic
2714 692 2916 749 faciens
2938 695 2961 748 ?
2985 695 3123 762 Quid
3145 712 3272 752 vero
3289 696 3515 768 Ioseph?

1935 800 2114 841 annon
2142 784 2352 840 vinctus
2381 796 2493 841 erat
2526 800 2621 854 per
2648 786 2901 841 tredecim
2933 790 3146 843 annos?
3173 791 3419 845 Attamen
3445 805 3515 845 ne

1937 876 2046 931 illic
2073 875 2290 946 quidem
2337 877 2540 933 oblitus
2584 886 2667 933 cst
2707 878 2940 935 virtutis.
2990 879 3122 935 Cum
3154 880 3330 936 adhuc
3355 880 3513 936 unius

1936 967 2145 1023 vincula
2174 966 2469 1024 dixerimus
2492 1010 2508 1034 ,
2541 960 2698 1023 linem
2729 969 3064 1040 imponemus
3091 974 3343 1027 orationi.
3378 972 3511 1027 Vin-

1934 1069 2056 1115 ctus
2094 1074 2306 1130 quoque
2334 1060 2432 1115 fuit
2463 1061 2721 1116 Dominus
2756 1073 2940 1117 noster
2965 1103 2980 1127 ,
3013 1063 3103 1132 qui
3135 1064 3320 1119 orbem
3356 1073 3516 1120 terra:

1936 1151 2096 1205 solvit
2122 1166 2151 1205 a
2181 1151 2414 1220 peccatis
2445 1168 2460 1205 :
2491 1156 2684 1207 vinctae
2715 1164 2838 1208 sunt
2870 1169 3058 1209 manus
3077 1196 3091 1220 ,
3124 1171 3243 1226 quae
3268 1157 3411 1214 bona
3439 1159 3516 1215 fe-

1936 1250 2124 1297 cerunt
2158 1243 2606 1299 innumerabilia:
2648 1243 2880 1299 Vinctum
2925 1246 3071 1300 enim
3097 1285 3114 1313 ,
3146 1246 3361 1316 inquit,
3404 1265 3517 1303 eum

1937 1332 2190 1388 duxerunt
2231 1333 2299 1388 ad
2344 1332 2592 1404 Caipham
2622 1333 2642 1407 (
2674 1332 2757 1387 Id.
2794 1334 2883 1389 26.
2916 1336 2983 1391 57
3012 1336 3053 1406 ).
3091 1334 3153 1390 Et
3181 1338 3389 1391 vinctus
3418 1337 3517 1392 fuit

1938 1424 2027 1495 qui
2075 1433 2181 1477 tam
2239 1423 2406 1477 multa
2456 1425 2656 1483 fecerat
2704 1424 2985 1479 miracula.
3046 1426 3169 1480 llwc
3220 1428 3517 1498 cogitantes

1941 1530 2225 1585 numquam
2245 1530 2388 1585 tegre
2417 1513 2670 1582 feramus,
2692 1515 2784 1569 sed
2812 1516 3021 1571 etiamsi
3047 1516 3300 1573 fuerimus
3330 1511 3517 1587 v'iucti,

1938 1606 2293 1676 gaudeamus:
2318 1606 2419 1661 etsi
2448 1622 2554 1662 non
2581 1622 2767 1665 sumus
2800 1609 2852 1662 in
2884 1608 3128 1673 vinculis,
3157 1610 3326 1665 simus
3373 1621 3514 1664 tam-

1941 1713 2098 1763 quam
2142 1696 2399 1768 colligati.
2426 1696 2587 1753 Vides
2617 1710 2873 1766 quantum
2907 1699 3102 1754 bonum
3134 1701 3205 1755 sit
3228 1701 3517 1756 vinculum.

1941 1787 2065 1842 ilch
2086 1788 2264 1841 omnia
2305 1802 2425 1841 cum
2455 1786 2689 1843 sciamus
2704 1819 2727 1855 ι,
2753 1789 2863 1844 Deo
2899 1792 3096 1859 gratias
3133 1805 3233 1860 pro
3274 1793 3521 1848 omnibus

1940 1881 2267 1946 omittamus,
2292 1880 2345 1933 in
2374 1880 2591 1935 Christo
2614 1880 2741 1939 Jesu
2776 1882 2999 1935 Domino
3026 1894 3235 1937 nostro.

1660 2110 2004 2175 HOMILIA
2048 2105 2165 2166 IX.

255 2232 390 2287 Car.
431 2228 487 2282 Δ.
519 2242 571 2279 v.
608 2226 656 2281 I.
691 2222 908 2278 Obsecro
949 2222 1117 2290 itaque
1158 2236 1245 2274 vos
1282 2235 1372 2290 ego
1417 2219 1611 2272 vinctus
1657 2219 1709 2271 in
1737 2216 1841 2271 Do-

332 2320 493 2382 mino,
524 2324 577 2369 ut
603 2314 754 2385 digne
779 2311 1043 2365 ambuletis
1068 2310 1335 2363 vocatione
1362 2325 1463 2379 qua
1487 2308 1651 2361 vocati
1676 2307 1794 2363 estis
1823 2348 1839 2375 ,

328 2411 385 2463 2.
417 2424 531 2463 cum
549 2407 684 2461 omni
714 2403 998 2457 humilitate
1016 2412 1062 2454 et
1078 2400 1477 2461 mansuetudine,
1506 2415 1617 2451 cum
1642 2399 1839 2467 patieno

332 2503 428 2562 tia,
456 2504 810 2568 supportantes
838 2493 1049 2547 invicem
1073 2492 1126 2545 in
1151 2491 1394 2557 caritate,
1426 2490 1478 2545 5.
1503 2488 1707 2542 solliciti
1730 2502 1841 2541 ser-

331 2609 452 2646 vare
477 2590 722 2643 unitatem
748 2585 957 2656 spiritus
982 2586 1035 2637 in
1064 2582 1269 2637 vinculo
1291 2582 1447 2653 pacis.

335 2685 391 2737 1.
424 2682 649 2736 Ostensa
677 2687 761 2733 est
786 2686 987 2733 catenae
1014 2676 1162 2731 Pauli
1188 2689 1379 2744 magna
1394 2675 1562 2730 virtus
1581 2716 1595 2741 ,
1619 2682 1673 2729 et
1697 2687 1836 2744 prai-

266 2777 462 2831 clarior
486 2773 671 2843 signis.
688 2771 801 2826 Non
819 2779 1021 2826 temere
1038 2783 1169 2840 ergo
1183 2782 1283 2824 nec
1302 2767 1518 2833 frustra,
1539 2766 1836 2829 utvidetur,

262 2881 389 2922 eam
424 2866 625 2936 profert
649 2905 665 2929 ,
696 2863 793 2919 sed
821 2870 1088 2931 tamquam
1116 2875 1212 2930 per
1236 2859 1406 2929 ipsam
1429 2857 1637 2930 pudore
1667 2855 1837 2913 suffu-

265 2977 447 3015 surus.
480 2959 547 3013 Et
571 2956 700 3028 quid
729 2955 848 3011 ait?
875 2953 1094 3009 Obsecro
1131 2954 1300 3021 itaque
1337 2968 1425 3005 vos
1447 2967 1539 3022 ego
1569 2951 1764 3004 vinctus
1785 2951 1839 3002 in

267 3052 494 3107 Domino
510 3092 525 3114 ,
555 3059 607 3105 ut
632 3050 782 3119 digne
811 3046 1075 3101 ambuletis
1094 3044 1351 3098 vocatione
1374 3059 1473 3113 qua
1500 3042 1661 3097 uocati
1698 3042 1836 3097 estis.

268 3142 552 3213 Quomodo
575 3142 600 3195 ?
627 3140 753 3195 Cum
780 3138 915 3193 omni
948 3136 1232 3190 humilitate
1259 3176 1275 3201 ,
1319 3150 1433 3188 cum
1461 3134 1843 3188 mansuetudine

268 3245 319 3290 et
351 3232 596 3305 patientia
614 3271 631 3297 ,
663 3230 792 3283 alter
818 3229 1033 3283 alterum
1060 3226 1358 3281 sustinentes
1386 3225 1437 3278 in
1462 3226 1696 3280 caritate.
1724 3224 1841 3280 Non

271 3325 591 3397 simpliciter
640 3322 875 3376 vinctum
928 3333 1047 3374 esse
1087 3318 1284 3371 bonum
1323 3325 1406 3372 est
1434 3351 1450 3383 ,
1485 3317 1578 3371 sed
1627 3328 1845 3387 propter

270 3416 547 3473 Christum
578 3427 702 3468 esse
734 3413 993 3464 vinctum.
1020 3406 1312 3477 Propterea
1343 3406 1475 3462 dicit
1500 3449 1515 3472 ,
1554 3406 1762 3461 Vinctus
1790 3409 1845 3461 in

272 3508 518 3569 Domino,
550 3505 602 3559 id
623 3512 726 3569 est,
752 3509 967 3570 propter
991 3498 1281 3554 Christum.
1300 3498 1443 3552 Nihil
1466 3498 1542 3552 illi
1570 3498 1647 3552 rei
1675 3506 1848 3567 potest

271 3596 615 3670 aquiparari.
663 3593 769 3649 Sed
807 3599 998 3647 catena
1027 3605 1127 3646 nos
1150 3589 1319 3659 magis
1344 3589 1606 3645 abstrahit
1632 3598 1689 3645 et
1711 3590 1848 3645 avel-

276 3694 339 3746 lit
366 3706 397 3745 a
425 3685 736 3759 pr0positis,
771 3692 827 3739 et
852 3697 960 3737 non
981 3682 1307 3736 sustinemus
1328 3680 1580 3735 resistere
1599 3719 1615 3747 ,
1645 3678 1739 3735 sed
1769 3680 1849 3733 in:-

274 3782 369 3836 viti
410 3778 715 3838 trahimur;
747 3775 855 3829 imo
878 3772 1120 3828 volentes
1147 3780 1201 3826 et
1223 3780 1493 3841 Optantes.
1537 3770 1607 3825 Et
1644 3771 1847 3826 utinam

271 3887 491 3941 semper
519 3867 647 3923 mihi
669 3867 852 3921 liceret
877 3864 1020 3935 loqui
1042 3863 1108 3917 de
1128 3870 1316 3919 catena
1337 3861 1508 3917 Pauli.
1532 3861 1637 3917 Sed
1665 3876 1734 3917 ne
1762 3863 1852 3917 oh-

274 3963 595 4033 torpeseatis
622 3977 637 4014 :
668 3958 789 4012 volo
812 3955 987 4011 adhuc
1015 3954 1363 4025 qumstionem
1393 3961 1625 4009 tractare
1644 3994 1659 4020 ,
1691 3967 1851 4024 quam

275 4054 434 4110 multi
462 4051 729 4108 efferunt:
758 4047 867 4104 Sed
895 4047 940 4102 si
965 4048 1120 4102 bona:
1144 4054 1271 4101 sunt
1295 4060 1548 4101 aerumna:
1573 4086 1588 4111 ,
1621 4060 1717 4100 cur
1738 4046 1854 4116 ipse

274 4163 335 4202 se
374 4142 672 4201 defendens
707 4140 847 4211 apud
900 4139 1189 4210 Agrippam
1235 4137 1488 4205 dicebat,
1531 4137 1665 4207 Opto
1712 4135 1855 4207 apud

276 4237 447 4291 Deum
474 4244 520 4290 et
546 4235 601 4288 in
631 4232 829 4287 modico
865 4241 915 4285 et
956 4232 1010 4285 in
1035 4247 1220 4302 magno
1252 4270 1268 4297 ,
1296 4247 1398 4285 non
1432 4240 1629 4284 tantum
1655 4241 1735 4296 te,
1766 4230 1855 4285 sed

277 4329 433 4382 etiam
456 4340 648 4391 omnes,
666 4323 753 4395 qui
776 4339 857 4377 me
880 4322 1094 4376 audiunt
1118 4321 1285 4389 hodie,
1310 4321 1419 4390 ﬁeri
1441 4322 1589 4389 tales,
1618 4322 1784 4393 qualis
1808 4330 1857 4375 et

284 4435 379 4490 ego
408 4435 539 4483 sum,
554 4416 772 4485 exceptis
796 4415 1010 4469 vinculis
1035 4414 1113 4468 his
1142 4415 1162 4484 (
1187 4414 1300 4467 Act.
1325 4413 1415 4469 26.
1446 4413 1518 4469 29
1540 4416 1585 4486 )3
1604 4414 1718 4468 Non
1742 4414 1856 4470 haec

285 4510 507 4566 dicebat
531 4520 792 4578 tamquam
822 4506 1137 4561 existimans
1168 4520 1283 4560 rem
1315 4521 1435 4560 esse
1465 4505 1856 4575 deprecandam

285 4610 343 4655 et
368 4598 783 4663 exsecrandam;
814 4597 955 4652 absit
980 4611 1001 4655 ί
1031 4611 1136 4651 non
1157 4597 1298 4650 enim
1327 4637 1341 4659 ,
1370 4595 1414 4651 si
1443 4611 1530 4652 res
1558 4605 1704 4652 esset
1724 4599 1856 4653 abo-

283 4690 540 4748 minanda
566 4732 582 4757 ,
613 4690 934 4759 gloriaretur
956 4688 1024 4743 de
1050 4688 1276 4744 vinculis
1294 4722 1311 4756 ,
1338 4689 1406 4745 de
1427 4690 1733 4746 carceribus
1753 4732 1768 4757 ,
1791 4691 1858 4747 de

286 4784 415 4838 aliis
453 4780 874 4836 afflictionibus:
900 4794 1001 4835 nec
1034 4780 1278 4836 scribens
1319 4781 1584 4848 dixisset,
1612 4781 1861 4839 Lubente:-

279 4876 547 4948 gloriabor
570 4876 623 4928 in
651 4874 1032 4943 inﬁrmitatibus
1064 4876 1186 4928 meis
1219 4872 1239 4947 (
1264 4874 1318 4927 2.
1355 4874 1474 4929 Cor.
1500 4875 1587 4930 η.
1618 4876 1733 4949 9);
1764 4877 1859 4933 sed

281 4967 456 5038 quid?
484 4967 594 5022 lloc
618 4966 791 5038 ipsum
822 4975 940 5022 erat
962 4966 1213 5021 indicium
1241 5007 1257 5031 ,
1285 4969 1427 5037 quod
1457 4971 1629 5039 magni
1664 4969 1863 5026 faceret

282 5059 523 5114 vincula.
544 5059 694 5113 Sicut
717 5060 863 5112 enim
888 5057 1101 5113 dicebat
1131 5059 1373 5115 scribens
1411 5062 1477 5115 ad
1509 5060 1816 5119 Corinthios
1842 5083 1856 5119 :

282 5149 393 5204 Lac
413 5150 551 5204 vobis
580 5159 753 5220 potum
780 5149 917 5215 dedi,
947 5165 1049 5203 non
1076 5165 1283 5215 escam;
1308 5151 1531 5205 nondum
1556 5154 1689 5208 enim
1717 5165 1862 5226 pote-

285 5243 416 5295 ratis
445 5241 523 5311 (Ι.
545 5239 665 5295 Cor.
697 5242 750 5296 5.
781 5240 840 5312 2)
875 5257 887 5294 :
918 5241 991 5295 ita
1022 5241 1108 5297 hie
1130 5258 1344 5313 quoque
1369 5260 1473 5298 non
1498 5256 1744 5315 poterant
1762 5263 1859 5303 au-

285 5334 410 5387 dire
438 5331 891 5401 pulchritudinem
920 5348 1017 5387 nec
1042 5333 1292 5389 decorem
1321 5350 1419 5390 nec
1445 5337 1725 5393 utilitatem
1748 5341 1865 5396 vin-

283 5425 561 5480 culorum.
588 5423 876 5493 Propterea
898 5423 1044 5490 dicit,
1073 5421 1312 5496 Exceptis
1340 5428 1418 5482 his
1441 5429 1650 5484 vinculis
1676 5430 1863 5505 (Hebr.

288 5518 381 5574 t3.
409 5516 490 5587 5).
536 5514 690 5586 Apud
720 5515 980 5572 Hebraea
1006 5526 1183 5572 autem
1214 5534 1320 5573 non
1351 5520 1423 5575 ita
1443 5561 1459 5586 ,
1487 5522 1582 5576 sed
1608 5523 1869 5581 suadebat

286 5616 349 5663 ut
376 5602 559 5663 simul
582 5606 909 5662 viueirentur
934 5621 1055 5664 cum
1096 5609 1307 5665 vinctis.
1347 5610 1634 5682 Propterea
1672 5624 1727 5670 et
1755 5618 1869 5686 ipse

288 5699 578 5756 laetabatur
608 5710 828 5770 propter
855 5699 1063 5755 vincula
1096 5740 1111 5765 ,
1158 5710 1213 5755 et
1250 5702 1580 5759 vinciebatur
1604 5744 1621 5773 ,
1663 5716 1717 5762 et
1744 5722 1867 5764 cum

291 5790 488 5849 vinctis
529 5791 890 5849 abducebatur
916 5792 967 5847 in
1005 5794 1320 5856 custodiam.
1352 5796 1539 5870 Magna
1560 5809 1643 5856 est
1673 5803 1750 5859 vis
1771 5817 1862 5860 ca-

612 5912 882 5977 Ρηιιοι.
927 5916 1043 5979 Cn.
1088 5913 1281 5978 LXII.

1950 2238 2086 2284 lente
2128 2228 2272 2282 Pauli
2304 2245 2318 2282 :
2348 2227 2547 2283 sufficit
2580 2243 2677 2298 pro
2704 2230 2952 2287 omnibus
2982 2231 3084 2289 hoc
3111 2239 3473 2304 spectaculum
3504 2284 3522 2308 ,

1947 2319 2169 2374 Paulum
2196 2318 2374 2373 videre
2397 2319 2652 2386 vinctum,
2682 2329 2736 2374 et
2757 2321 3005 2377 eductum
3028 2340 3307 2383 ecarcere.
3334 2329 3527 2387 Videre

1946 2412 2177 2467 vinctum
2219 2418 2274 2464 et
2304 2410 2446 2464 intus
2474 2411 2751 2473 sedentem
2781 2452 2797 2478 ,
2826 2428 2927 2481 qua
2971 2415 3245 2486 voluptate
3288 2436 3395 2474 non
3439 2432 3523 2478 est

1946 2503 2060 2557 hac
2086 2500 2298 2570 major?
2324 2515 2430 2570 quo
2457 2503 2628 2571 pretio
2651 2516 2763 2556 rem
2789 2518 2897 2557 non
2925 2506 3298 2564 aestimaverim
3328 2512 3352 2565 ?

2012 2592 2387 2664 Imperatorum
2422 2602 2469 2646 et
2503 2592 2779 2647 Consulum
2812 2597 2977 2650 cultus
3007 2615 3121 2651 cum
3148 2601 3366 2670 spiritali
3388 2606 3527 2659 cultu

1944 2684 2107 2738 Pauli
2129 2701 2156 2738 e
2176 2699 2376 2738 carcere
2394 2685 2620 2739 exeuntis
2638 2697 2977 2756 comparatus.
2997 2708 3068 2728 —
3080 2689 3196 2745 Non
3218 2692 3406 2749 videtis
3426 2696 3529 2750 lm-

1952 2783 2226 2844 peratores
2252 2783 2308 2829 et
2330 2774 2586 2831 Consules
2611 2790 2770 2831 curru
2796 2788 3049 2849 gestatus,
3065 2791 3119 2835 et
3138 2799 3269 2839 auro
3288 2798 3528 2856 ornatos,

1946 2877 2001 2923 et
2039 2868 2296 2923 satellites
2333 2870 2511 2924 omnia
2542 2869 2800 2927 habentes
2828 2884 2987 2930 aurea
3008 2915 3022 2939 ,
3055 2892 3245 2933 aureas
3275 2878 3487 2938 lanceas
3511 2927 3528 2951 ,

1946 2975 2138 3018 aureos
2162 2962 2378 3033 clypeos
2398 3003 2415 3027 ,
2444 2977 2634 3017 aureas
2658 2974 2835 3020 vestes
2855 3007 2869 3031 ,
2899 2982 3066 3037 equos
3104 2972 3278 3028 aureis
3313 2985 3531 3032 ornatos

1947 3054 2250 3124 ephippiis?
2277 3053 2446 3122 Quam
2472 3064 2556 3111 est
2580 3054 2683 3111 hoc
2707 3061 3071 3128 spectaculum
3098 3063 3189 3119 illo
3210 3066 3533 3132 jucundius?

1948 3144 2158 3201 Mallem
2184 3145 2351 3202 semel
2372 3147 2553 3203 videre
2583 3147 2803 3205 Paulum
2823 3166 2857 3207 e
2876 3168 3091 3211 carcere
3111 3168 3390 3216 exeuntem
3406 3175 3530 3219 cum

1947 3237 2142 3293 vinctis
2166 3280 2182 3305 ,
2214 3254 2373 3310 quam
2410 3240 2601 3297 millies
2639 3242 2759 3298 illos
2782 3244 3041 3304 deductos
3064 3265 3184 3304 cum
3212 3252 3300 3308 illa
3328 3256 3531 3311 satelli-

1950 3337 2060 3383 tum
2090 3330 2399 3399 stipantium
2426 3342 2659 3387 caterva.
2687 3333 2854 3402 Quam
2885 3337 3082 3393 multos
3102 3342 3413 3399 existimatis
3434 3362 3534 3402 an-

1949 3422 2098 3492 gelos
2125 3438 2245 3478 eum
2270 3425 2630 3493 praecessisse,
2653 3429 2867 3497 quando
2892 3430 2969 3484 sic
2993 3431 3355 3490 educebatur?
3378 3437 3532 3506 Quod

1952 3523 2126 3569 autem
2159 3530 2263 3569 non
2295 3518 2556 3583 mentiar,
2588 3533 2655 3573 ex
2683 3521 2847 3574 veteri
2876 3523 3103 3591 quadam
3137 3527 3355 3584 historia
3384 3533 3535 3588 vobis

1954 3604 2141 3659 faciam
2185 3605 2544 3677 perspicuum.
2589 3609 2812 3665 Elismus
2850 3612 3145 3684 propheta,
3178 3618 3316 3676 forte
3356 3632 3532 3679 autem

1955 3698 2195 3767 quisnam
2243 3699 2311 3753 sit
2355 3700 2534 3767 scitis,
2575 3715 2696 3756 cum
2740 3718 2834 3758 rex
2875 3703 3047 3777 Syria:
3085 3707 3282 3765 bellum
3325 3726 3537 3783 gereret

1955 3788 2210 3846 adversus
2248 3805 2425 3862 regem
2466 3792 2669 3859 Israel,
2710 3794 2904 3851 sedens
2941 3798 3081 3868 apud
3121 3814 3181 3855 se
3214 3800 3269 3856 in
3300 3805 3537 3861 medium

1957 3879 2259 3949 proferebat
2300 3897 2648 3955 quaecumque
2694 3885 2782 3940 ille
2828 3887 2879 3941 in
2925 3887 3128 3944 intimis
3174 3897 3537 3960 penetralibus

1952 3971 2290 4027 consultabat
2320 3988 2440 4027 cum
2479 3974 2544 4027 iis
2571 3989 2707 4044 quos
2734 3976 3019 4033 adhibebat
3048 3980 3114 4035 ad
3143 3984 3423 4041 consilium
3456 3990 3536 4059 (4.

1958 4060 2087 4133 Reg.
2113 4062 2165 4117 6.
2191 4063 2270 4133 8);
2302 4073 2356 4118 et
2383 4063 2523 4135 regis
2547 4066 2767 4121 consilia
2795 4067 3022 4124 faciebat
3050 4071 3218 4143 irrita,
3241 4077 3541 4148 praedicens

1958 4167 2151 4207 arcana
2176 4194 2191 4218 ,
2225 4165 2278 4209 et
2307 4170 2412 4209 non
2449 4156 2632 4211 sin'ens
2672 4157 2909 4215 incidere
2951 4162 3003 4217 in
3046 4163 3264 4234 laqueos
3292 4184 3427 4240 quos
3451 4172 3541 4228 ille

1960 4243 2230 4300 tendebat.
2265 4245 2375 4300 lloc
2403 4262 2582 4317 regem
2609 4249 2748 4304 male
2776 4249 3034 4318 habebat,
3065 4266 3119 4311 et
3146 4252 3325 4316 anim/0
3351 4265 3541 4323 anxius

1962 4338 2014 4392 in
2042 4352 2227 4407 magna
2257 4348 2370 4392 erat
2395 4340 2743 4408 perplexitate
2772 4352 2826 4396 et
2855 4343 3210 4418 limsitatione,
3234 4356 3402 4425 utqui
3431 4374 3539 4414 non

1964 4435 2145 4497 posset
2168 4427 2480 4494 resciscere,
2501 4429 2743 4498 quisnam
2771 4444 2913 4488 esset
2935 4436 3025 4505 qui
3050 4442 3227 4497 omnia
3252 4445 3536 4517 proferret,

1964 4527 2018 4573 et
2046 4518 2286 4572 tenderet
2313 4517 2531 4574 insidias
2560 4521 2839 4593 irritasque
2863 4526 3111 4585 redderet
3129 4532 3247 4603 ejus
3268 4540 3543 4599 machina-

1965 4611 2157 4665 tiones.
2202 4610 2265 4664 Ei
2309 4625 2437 4681 ergo
2477 4612 2734 4669 dubitanti
2778 4625 2833 4671 et
2867 4632 3080 4676 causam
3115 4632 3372 4693 quaerenti
3410 4635 3544 4694 dixit

1967 4702 2179 4773 quidam
2210 4720 2273 4757 ex
2304 4704 2621 4762 satellitibus
2643 4749 2658 4775 ,
2687 4724 2808 4765 esse
2832 4715 3115 4782 quemdam
3142 4719 3394 4781 Elisaaum
3420 4744 3544 4799 pro-

1968 4798 2183 4867 phetam
2224 4797 2496 4854 sedentem
2531 4800 2583 4855 in
2614 4801 2851 4859 Samaria
2876 4849 2891 4874 ,
2920 4809 3008 4878 qui
3040 4827 3145 4868 non
3173 4814 3375 4875 sineret
3405 4797 3546 4895 regis

1967 4890 2283 4944 sententiam
2314 4905 2434 4946 esse
2464 4892 2691 4962 ﬁrmam,
2718 4897 2810 4951 sed
2841 4902 3017 4956 omnia
3050 4908 3328 4974 proferret.
3357 4913 3407 4969 Is
3435 4890 3547 4974 exi-

1969 4983 2201 5038 stimavit
2224 4998 2284 5039 se
2314 4992 2479 5039 totum
2509 4986 2796 5046 invenisse.
2828 4991 2963 5060 Sed,
2995 5006 3051 5051 ut
3077 4998 3291 5071 videas,
3320 5023 3386 5062 eo
3415 5011 3547 5068 nihil

1969 5084 2083 5130 erat
2110 5076 2377 5133 miserius.
2404 5076 2538 5133 Cum
2563 5093 2834 5150 Oporteret
2859 5087 3026 5142 virum
3056 5091 3349 5167 honorare,
3377 5103 3548 5160 admi-

1972 5167 2099 5230 rari,
2143 5176 2379 5237 stupere,
2410 5169 2452 5223 si
2484 5179 2681 5227 tantam
2715 5174 2937 5234 haberet
2972 5182 3239 5253 virtutem,
3272 5200 3328 5245 ut
3355 5194 3549 5251 sedens

1972 5268 2079 5350 tam
2106 5257 2286 5350 multis
2313 5268 2550 5315 remotus
2575 5264 2782 5332 stadiis,
2806 5269 2969 5324 sciret
2991 5289 3336 5350 quiscumque
3362 5285 3549 5342 fierent

1974 5348 2025 5401 in
2051 5349 2572 5446 regis-penetralibus
2592 5395 2605 5417 ,
2637 5357 2781 5410 nullo
2806 5367 3175 5435 renuntiante;
3206 5348 3308 5427 hoc
3333 5377 3547 5446 quidem

1976 5453 2082 5493 non
2109 5438 2253 5505 fecit,
2285 5442 2379 5496 sed
2410 5442 2646 5501 irritatus
2671 5458 2723 5502 et
2754 5451 2829 5504 ira
2860 5456 3112 5523 percitus,
3141 5438 3550 5537 coactis-equiti-

1976 5530 2077 5587 bus
2101 5540 2156 5586 et
2181 5534 2400 5589 armatis
2424 5536 2702 5607 militibus,
2726 5557 2821 5597 eos
2847 5546 3006 5601 mittit
3031 5552 3344 5622 prophetam
3370 5530 3551 5621 obses-

1977 5637 2153 5679 suros.
2199 5624 2330 5680 Erat
2358 5636 2531 5682 autem
2566 5630 2759 5687 Elismo
2788 5635 3078 5706 discipulus
3104 5644 3279 5703 adhuc
3307 5650 3360 5707 in
3388 5659 3551 5713 vesti-

1979 5716 2117 5819 bulis
2144 5719 2455 5819 prophetim,
2486 5725 2573 5792 qui
2602 5726 2837 5783 nondum
2864 5730 3111 5802 dignatus
3135 5753 3280 5798 esset
3304 5754 3556 5819 consequi

1978 5812 2238 5883 ejusmodi
2288 5816 2656 5875 revelationes.
2717 5822 3070 5884 Accesserunt
3125 5837 3265 5905 regis
3318 5812 3543 5909 milites,

3130 5942 3169 6004 5
