4002 6500
294 364 351 418 π
1158 348 1221 402 ΙΝ
1261 349 1473 405 EPIST.
1518 350 1609 403 Al)
1646 350 1890 406 EPHES.
1921 349 2073 403 CAP.
2110 350 2195 405 IV.
2242 351 2470 407 HOMIL.
2508 354 2593 408 IX.
3451 369 3518 418 7‘2

289 472 593 539 διδασκάλῳ
612 510 625 531 ,
657 469 756 538 τὴν
785 466 1087 537 συμφορὰν,
1116 465 1189 527 ὠς
1212 465 1368 535 ᾤετο,
1399 467 1718 537 ἀπήγγειλε,
1761 466 1854 517 καί

285 561 379 612 τὸν
420 558 663 624 ἄφυκτον
700 553 937 621 ἐμήνυσε
959 550 1217 603 κίνδυνον.
1258 552 1637 619 Κατεγέλασεν
1668 555 1696 605 ὁ
1726 553 1858 621 Προ-

283 642 487 713 φήτης,
513 639 597 692 δτι
627 637 697 690 τά
722 636 822 688 οὐκ
852 634 978 699 ἄξια
1007 633 1156 695 δέους
1189 633 1459 697 ἐδεδοίκει,
1493 636 1587 688 καὶ
1626 635 1856 704 παρῄνει

284 725 533 795 θαρρεῖν.
578 722 813 782 Ἐκεῖνος
857 718 915 771 δὲ
958 716 1155 787 ἀτελὴς
1192 718 1271 769 ἔτι
1304 716 1400 783 ὢν,
1445 718 1545 771 οὐκ
1589 716 1853 778 ἐπείθετο,

282 808 401 861 ἀλλ’
443 806 527 859 ἔτι
568 803 676 857 ὑπὸ
699 802 802 870 τῆς
832 800 1004 869 όψεως
1042 799 1477 869 ἐκπληττόμενος
1505 801 1742 854 ἐνέκειτο
1776 797 1856 869 τῷ

288 890 466 961 φόϐῳ.
507 888 573 940 Τί
603 882 695 940 οὖν
725 888 754 938 6
787 885 1117 954 Προφήτης;
1144 883 1321 949 Κύριε
1343 919 1361 947 ,
1388 882 1665 947 ἄνοιξον,
1701 882 1855 952 φησὶ,

284 975 428 1040 τοὺς
449 969 794 1041 ὀφθαλμοὺς
816 968 923 1022 τοῦ
945 965 1259 1034 παιδαρίου
1282 967 1517 1032 τούτου,
1549 968 1646 1020 καὶ
1668 967 1853 1026 ίδέτω.

283 1057 403 1130 [70]
434 1058 519 1110 δτι
554 1054 773 1115 πλείους
796 1054 845 1105 οἰ
869 1049 987 1122 μεθ’
1014 1049 1173 1120 ἡμῶν
1200 1047 1340 1119 ὑπὲρ
1360 1051 1486 1112 τοὺς
1510 1052 1626 1117 μετ’
1656 1050 1853 1103 αὐτῶν.

284 1143 400 1194 Καὶ
427 1139 583 1207 ἄφνω
619 1137 679 1190 τὸ
719 1136 842 1205 όρος
882 1133 1001 1187 ὅλον
1028 1132 1147 1201 ὁρᾷ.
1180 1131 1317 1200 ὅπερ
1344 1133 1372 1183 6
1407 1133 1700 1202 Προφήτης
1726 1132 1858 1202 ᾤκει

282 1226 430 1288 τότε,
465 1222 648 1273 ἵππων
674 1218 941 1288 πυρίνων,
973 1215 1065 1268 καὶ
1102 1211 1364 1282 ἁρμάτων
1394 1215 1650 1268 τοιούτων
1689 1217 1851 1284 ἐμπε-

284 1306 621 1377 πλησμένον.
654 1301 826 1355 Τοῦτο
852 1299 910 1352 δέ
935 1298 1085 1351 οὐδὲν
1114 1299 1298 1364 ἕτερον
1323 1291 1410 1367 ἦν,
1430 1300 1479 1350 εἰ
1509 1299 1582 1368 μὴ
1610 1297 1857 1367 ἀγγέλων

284 1389 646 1463 παρατάξεις.

358 1535 426 1605 β’.
448 1533 509 1587 Εἰ
536 1532 593 1585 δὲ
623 1530 915 1601 Ἐλισσαίῳ
932 1531 1070 1602 ὑπὲρ
1085 1530 1272 1584 τούτου
1294 1532 1454 1601 μόνου
1468 1530 1700 1600 τοσαύτη
1719 1546 1858 1597 παρ-

284 1620 475 1673 είπετο
500 1615 652 1680 τάξις
695 1614 965 1684 ἀγγέλων,
1004 1614 1057 1667 τί
1084 1615 1316 1686 Παύλῳ;
1343 1614 1511 1668 Τοῦτο
1548 1615 1643 1668 καὶ
1667 1615 1695 1667 ό
1726 1631 1860 1684 προ-

286 1704 465 1774 φήτης
505 1699 666 1753 Δαυῖδ
716 1699 898 1767 ἔλεγε·
940 1699 1314 1769 Παρεμϐωεῖ
1344 1698 1597 1769 ἄγγελος
1640 1700 1859 1766 Κυρίου

286 1789 491 1849 κύκλῳ
526 1780 645 1837 τῶν
680 1781 1067 1852 φοϐουμένων
1093 1783 1313 1837 αὐτόν·
1369 1784 1464 1835 καὶ
1503 1782 1686 1847 πάλιν,
1736 1782 1860 1834 Ἐπὶ

285 1868 503 1940 χειρῶν
518 1866 734 1934 ἀροῦσί
758 1881 849 1930 σε,
874 1863 1103 1941 μήποτε
1131 1865 1496 1933 προσκόψῃς
1514 1864 1663 1933 πρὸς
1686 1865 1860 1918 λίθον

286 1956 395 2008 τὸν
426 1950 588 2006 πόδα
614 1966 752 2003 σου.
791 1948 901 2001 Kal
935 1947 988 2000 τί
1019 1946 1160 2015 λέγω
1194 1948 1490 2015 ἀγγέλους;
1531 1947 1690 2010 αὐτὸς
1717 1949 1745 2001 6
1771 1952 1862 2000 Δε-

284 2038 493 2105 σπότης
522 2034 643 2087 τότε
692 2034 808 2103 μετ’
847 2029 1012 2084 αὑτοῦ
1043 2027 1113 2102 ἦν
1137 2030 1391 2096 ἐξιόντος.
1431 2033 1506 2085 Οὐ
1544 2032 1651 2101 γὰρ
1685 2033 1857 2104 δήπου

281 2122 364 2193 τῷ
393 2121 499 2192 μὲν
544 2118 797 2188 Ἀϐραὰμ
820 2116 1120 2182 ὡπτάνετο,
1149 2117 1288 2187 μετὰ
1316 2117 1388 2204 δέ⁸
1403 2117 1595 2204 τούτου
1627 2119 1727 2173 οὐκ
1756 2115 1855 2204 ἦν·

284 2204 451 2267 αὐτὸς
478 2202 589 2273 γὰρ
610 2198 977 2271 ἐπηγγείλατο
1000 2200 1173 2267 λέγων
1198 2218 1211 2231 ·
1253 2200 1400 2270 Ἐγώ
1414 2203 1530 2270 ειμι
1547 2203 1676 2270 μεθ’
1692 2198 1860 2273 ὑμῶν

283 2288 492 2352 πάσας
516 2286 617 2348 τὰς
637 2284 859 2352 ἡμέρας
874 2282 983 2349 ἕως
1000 2282 1109 2351 τῆς
1128 2284 1485 2349 συντελείας
1502 2284 1608 2343 τοῦ
1624 2284 1856 2352 αἰῶνος.

284 2371 397 2425 Καὶ
445 2370 611 2423 πάλιν
647 2366 832 2436 ὀφθεὶς
859 2366 1027 2437 αὐτῷ,
1064 2366 1219 2435 ἔλεγε
1243 2382 1255 2395 ο
1302 2366 1400 2434 Μὴ
1443 2367 1655 2435 φοϐοῦ,
1698 2369 1860 2423 ἀλλὰ

280 2453 481 2517 λάλει,
524 2452 617 2505 ὅτι
643 2448 758 2519 ἐγώ
794 2450 910 2518 εἰμι
937 2449 1088 2519 μετὰ
1105 2449 1241 2512 σοῦ,
1282 2449 1381 2502 καὶ
1416 2450 1615 2516 οὐδεὶς
1641 2451 1859 2516 ἐπιθή-

282 2538 459 2593 σεταί
482 2551 584 2591 σοι
622 2534 730 2588 τοῦ
755 2534 1023 2587 κακῶσαί
1044 2549 1140 2588 σε.
1167 2533 1276 2587 Kal
1310 2535 1430 2587 κατ’
1464 2534 1595 2606 όναρ
1628 2535 1684 2588 δέ
1709 2536 1857 2605 αὐτῷ

287 2623 495 2691 ἐπέστη
525 2620 737 2687 λέγωνῖ
804 2617 1049 2686 Θάρσει·
1087 2619 1167 2684 ὡς
1218 2618 1327 2688 γὰρ
1370 2618 1735 2688 διεμαρτύρω
1786 2622 1859 2675 τὰ

290 2705 427 2773 περὶ
468 2705 612 2774 ἐμοῦ
644 2705 730 2769 εἰς
768 2702 1179 2771 Ἰερουσαλὴμ,
1209 2701 1361 2755 οὕτω
1408 2720 1483 2757 σε
1510 2704 1606 2757 δεῖ
1643 2705 1744 2759 καὶ
1790 2707 1861 2760 ἐν

306 2786 499 2856 Ῥώμῃ
512 2782 906 2855 μαρτυρῆσαι.
943 2784 1053 2836 Ἀεὶ
1073 2784 1170 2854 μὲν
1195 2780 1287 2837 οῦν
1302 2786 1350 2837 οἱ
1369 2784 1514 2853 ἅγιοι
1536 2787 1856 2857 θαυμαστοὶ,

295 2872 392 2925 καὶ
422 2870 623 2940 πολλῆς
650 2869 882 2937 γέμουσι
925 2867 1165 2939 χάριτος,
1225 2866 1459 2937 μάλιστα
1506 2869 1562 2923 δὲ
1600 2870 1728 2924 ὅταν
1772 2872 1861 2925 διὰ

289 2953 531 3025 Χριστὸν
559 2951 956 3016 κινδυνεύωσιν,
982 2951 1107 3004 ὅταν
1133 2950 1342 3020 δέσμιοι
1390 2951 1669 3019 γίνωνται.
1708 2955 1860 3008 Καθ-

286 3039 432 3108 άπερ
466 3038 574 3108 γὰρ
612 3035 952 3107 στρατιώτης
994 3037 1241 3103 γενναῖος
1280 3035 1366 3088 ἀεὶ
1412 3035 1509 3105 μὲν
1540 3038 1638 3090 καὶ
1670 3038 1860 3101 ἁπλῶς

284 3122 385 3192 ἡδὺ
414 3120 593 3189 θέαμα
607 3121 722 3181 τοῖς
737 3118 905 3189 όρῶσι
926 3117 1155 3186 γίνεται,
1183 3117 1413 3188 μάλιστα
1427 3119 1483 3172 δὲ
1500 3120 1626 3173 ὅταν
1652 3123 1859 3195 ἑστήκῃ

282 3206 381 3258 καὶ
412 3202 759 3275 παρατάττῃ
812 3201 941 3272 παρ’
988 3200 1150 3253 αὑτὸν
1181 3201 1270 3252 τὸν
1323 3201 1577 3272 βασιλέα·
1620 3204 1762 3258 οὕτω
1794 3206 1858 3276 δὴ

283 3290 380 3342 καὶ
410 3286 628 3342 Παῦλον
650 3286 923 3356 ἐννόησον,
951 3287 1073 3338 ὅσον
1096 3280 1169 3356 ἦν
1197 3286 1323 3338 ἰδεῖν
1348 3286 1486 3357 μετὰ
1510 3288 1617 3339 τῶν
1645 3290 1859 3359 δεσμῶν

281 3372 447 3427 αὐτὸν
484 3370 826 3423 διδάσκοντα.
872 3370 1026 3423 Εἴπω
1058 3386 1109 3420 τι
1145 3369 1347 3439 μεταξὺ
1395 3370 1488 3423 νῦν
1526 3371 1754 3425 ὑπελθόν
1792 3391 1859 3444 με

280 3455 499 3525 νόημα
564 3452 623 3506 '0
679 3454 950 3521 μακάριος
993 3451 1204 3522 μάρτυς
1250 3450 1497 3517 Βαϐύλας
1548 3454 1722 3525 ἐδέθη,
1767 3458 1860 3509 καὶ⁹

281 3537 447 3599 αὐτὸς
476 3535 587 3589 άπὸ
631 3535 732 3604 τῆς
758 3534 926 3603 αὐτῆς
957 3534 1156 3598 αἰτίας,
1206 3535 1298 3602 ἀφ’
1340 3532 1406 3607 ἧς
1441 3537 1534 3589 καὶ
1583 3538 1856 3608 Ἰωάννης,

284 3619 512 3691 βασιλέα
570 3616 992 3688 παρανομοῦντα
1045 3614 1289 3684 ἐλέγξας.
1358 3611 1525 3681 Οὗτος
1593 3620 1859 3676 τελευτῶν

282 3701 555 3772 ἐπέτρεψε
585 3701 655 3754 τὰ
692 3700 868 3769 δεσμά
900 3697 1121 3769 τεθῆναι
1166 3702 1304 3770 μετά
1335 3702 1427 3755 τοῦ
1466 3702 1734 3772 σώματος,
1764 3708 1858 3760 καὶ

280 3786 343 3839 τὸ
376 3787 540 3855 σῶμα
570 3784 853 3854 δεδεμένον
892 3784 1128 3853 ταφῆναι
1154 3802 1168 3815 ’
1196 3786 1289 3837 καὶ
1322 3785 1416 3839 νῦν
1444 3787 1498 3839 αἱ
1533 3788 1691 3841 πέδαι
1722 3792 1858 3842 κεῖν-

279 3886 373 3923 ται
416 3869 560 3939 μετά
586 3866 687 3935 τῆς
726 3866 952 3937 τέφρας.
990 3866 1255 3930 Τοσοῦτος
1286 3863 1355 3939 ἦν
1382 3870 1529 3940 αὐτῷ
1560 3871 1723 3935 πόθος
1748 3874 1857 3926 τῶν

278 3953 371 4005 διὰ
396 3951 635 4023 Χριστὸν
657 3948 892 4017 δεσμῶν.
923 3949 1178 4019 Σίδηρον
1216 3949 1463 4020 διῆλθεν
1484 3955 1523 4021 ἡ
1549 3956 1720 4023 ψυχὴ
1750 3959 1858 4012 αὑ-

280 4034 414 4099 τοῦ,
444 4036 473 4087 6
496 4034 793 4104 Προφήτης
816 4034 950 4102 φησὶ
978 4033 1105 4103 περὶ
1129 4032 1225 4085 τοῦ
1264 4034 1480 4106 Ἰωσήφ.
1512 4037 1650 4109 Ἤδη
1677 4039 1733 4092 δὲ
1762 4041 1858 4093 καὶ

278 4120 545 4188 γυναῖκες
581 4116 786 4169 τούτων
812 4114 1004 4168 ἔλαϐον
1052 4119 1244 4186 πεῖραν
1276 4117 1385 4171 τῶν
1434 4118 1649 4190 δεσμῶν
1679 4138 1692 4152 ·
1742 4122 1856 4176 ἀλλ’

278 4205 445 4273 ἡμεῖς
461 4201 524 4253 οὐ
547 4197 913 4268 δεσμούμεθα.
933 4198 1067 4251 Οὐδέ
1083 4199 1241 4252 τοῦτο
1261 4202 1533 4267 παραινῶ,
1553 4204 1747 4275 καιροῦ
1765 4206 1858 4260 νῦν

279 4289 384 4341 οὐκ
410 4287 567 4348 ὄντος
585 4303 599 4315 ·
637 4284 771 4337 ἁλλά
799 4284 862 4336 σὺ
893 4285 967 4355 μὴ
993 4285 1161 4357 δήσῃς
1189 4286 1286 4349 τάς
1308 4290 1516 4358 χεῖρας,
1538 4289 1676 4343 ἀλλά
1700 4292 1859 4362 δῆσον

277 4372 378 4440 τήν
408 4370 678 4423 διάνοιαν.
716 4367 873 4420 Ἔστι
928 4368 1024 4420 καὶ
1053 4368 1188 4423 ἄλλα
1234 4369 1441 4438 δεσμά’
1486 4373 1535 4423 οἱ
1582 4372 1751 4427 ταῦτα
1785 4374 1859 4445 μὴ

277 4458 565 4526 φέροντες,
601 4455 785 4506 ἐκεῖνα
813 4453 1072 4505 οἴσουσιν.
1113 4455 1313 4507 ’Ἄκουε
1358 4454 1453 4508 τοῦ
1501 4457 1735 4527 Χριστοῦ
1770 4458 1858 4510 λέ-

278 4556 472 4608 γοντος
494 4556 507 4568 ·
536 4535 769 4602 Δήσατε
790 4536 977 4590 αὑτοῦ
999 4536 1200 4605 χεῖρας
1225 4537 1325 4591 καί
1354 4538 1562 4606 πόδας.
1598 4539 1759 4593 Ἀλλά
1784 4542 1858 4613 μὴ

278 4622 496 4690 γένοιτο
515 4623 714 4688 πεῖραν
739 4618 960 4672 ἐκείνων
977 4620 1178 4687 λαϐεῖν,
1200 4620 1407 4675 τούτων
1432 4623 1487 4676 δέ
1513 4623 1620 4676 τῶν
1645 4624 1859 4695 δεσμῶν

278 4705 377 4758 καὶ
401 4701 789 4774 ἐμπλησθῆναι
816 4702 1047 4770 γένοιτο.
1081 4705 1178 4757 Διά
1209 4703 1381 4758 ταῦτα
1405 4705 1591 4775 ἔλεγεν
1610 4724 1623 4736 ·
1661 4707 1803 4778 Ἐγὼ
1827 4712 1859 4763 ὀ

278 4788 533 4857 δέσμιος
550 4786 623 4839 ἐν
649 4785 841 4853 Κυρίῳ
866 4787 1191 4854 παρακαλῶ
1211 4788 1388 4857 ὑμᾶς,
1420 4790 1601 4857 ἀξίως
1615 4806 1858 4861 περιπα-

279 4870 466 4939 τῆσαι
519 4868 633 4937 τῆς
686 4869 964 4936 κλήσεως
1010 4865 1085 4940 ἧς
1133 4871 1457 4942 ἐκλήθητε·
1520 4876 1615 4928 καὶ
1672 4877 1856 4941 πάλιν,

279 4954 550 5022 Κεφαλήν
598 4952 799 5023 έχομεν
850 4952 942 5005 τὸν
974 4954 1231 5023 Χριστόν.
1284 4957 1579 5028 Συνήγειρε
1625 4958 1735 5029 γάρ
1765 4964 1858 5013 καὶ

281 5038 641 5094 συνεκάθισεν
666 5038 819 5109 ἡμᾶς
848 5040 907 5090 ἐν
933 5042 1042 5101 τοῖς
1070 5041 1410 5110 ἐπουρανίοις
1435 5043 1660 5112 ἐχθροὺς
1680 5044 1856 5108 ὄντας,

279 5123 379 5177 καὶ
402 5123 577 5194 μυρία
598 5122 1011 5193 ἐργασαμένους
1034 5124 1198 5178 κακά.
1226 5125 1502 5196 Μεγάληή
1530 5127 1741 5198 κλῆσις,
1764 5131 1858 5182 καὶ

281 5208 376 5259 ἐπὶ
412 5205 697 5277 μεγάλοις,
734 5207 833 5276 οὐχ
874 5208 954 5259 ὅτι
989 5208 1084 5261 ἀπ’
1132 5209 1358 5262 ἐκείνων
1407 5210 1588 5281 μόνον,
1622 5210 1737 5264 ἀλλ’
1777 5214 1859 5266 ὅτι

282 5293 377 5344 καὶ
408 5290 504 5342 ἐπὶ
538 5289 786 5356 τοιαῦτα,
819 5291 911 5344 καὶ
941 5290 1164 5361 τοιούτῳ
1189 5292 1394 5365 τρόπῳ.

353 5438 481 5502 Πῶς
510 5438 570 5491 δέ
600 5440 748 5493 ἑστιν
794 5441 959 5505 ἀξίως
1009 5443 1418 5515 περιπατῆσαι;
1458 5446 1618 5499 Μετὰ
1654 5447 1860 5516 πάσης

285 5524 870 5590 ταπεινοφροσύνης.
938 5526 995 5578 '0
1035 5527 1275 5590 τοιοῦτος
1330 5524 1495 5592 ἀξίως
1532 5524 1857 5601 περιπατεῖ·

284 5605 442 5658 τοῦτο
480 5606 684 5676 ἀρετῆς
715 5607 899 5678 πάσης
933 5609 1207 5673 ὑπόθεσις.
1242 5610 1353 5682 [Ἠ]
1376 5613 1471 5664 Ἂν
1491 5615 1743 5679 ταπεινὸς
1769 5613 1856 5687 ᾗς,

283 5689 382 5740 καὶ
422 5689 689 5760 ἐννοήσῃς
733 5692 816 5754 τίς
864 5692 940 5744 ὢν
967 5693 1083 5756 πῶς
1133 5693 1362 5763 ἐσώθης,
1423 5696 1678 5768 ἀφορμὴν
1725 5701 1862 5771 πρὸς

286 5773 487 5843 ἀρετὴν
532 5773 830 5843 λαμϐάνεις
882 5778 981 5847 τὴν
1024 5779 1262 5849 μνήμην,
1324 5778 1445 5833 οὔτε
1482 5785 1593 5845 τοῖς
1640 5782 1856 5855 δεσμοῖς

1958 465 2197 534 ἐπαίρῃ.
2252 465 2370 517 οὔτε
2405 468 2585 531 αὐτοῖς
2636 470 2841 533 τούτοις
2885 466 2966 535 οἷς
3011 470 3180 536 εἶπον,
3217 476 3333 528 ἀλλ’
3368 479 3521 541 εἰδὼς

1956 544 2036 597 ὅτι
2063 546 2123 598 τὸ
2154 549 2261 598 πᾶν
2297 547 2401 615 τῆς
2436 550 2654 619 χάριτός
2688 555 2823 616 ἐστι,
2865 555 3169 620 συστέλλεις
3208 558 3422 612 σαυτόν.
3467 560 3524 610 '(l

1954 630 2333 700 ταπεινόφρων
2364 632 2458 683 καὶ
2490 634 2784 704 εὐγνώμων
2821 636 3042 691 δύναται
3072 634 3211 693 εἶναι
3239 641 3334 693 καὶ
3362 642 3525 711 εὐχά-

1958 727 2138 781 ριστος
2164 713 2400 782 οἰκέτης.
2432 716 2494 768 Τί
2519 716 2627 784 γὰρ
2652 718 2832 787 ἔχεις,
2865 723 3049 792 φησὶν,
3068 723 3100 777 ὃ
3129 726 3241 779 οὐκ
3269 724 3521 791 ἐλαϐες;

1960 795 2157 848 ’Δκουε
2199 797 2255 848 δὲ
2311 798 2470 850 πάλιν
2524 799 2688 852 αὑτοῦ
2748 802 2993 870 λέγοντος
3023 821 3037 835 °
3088 810 3525 875 Περισσότερον

1955 877 2155 932 αὐτῶν
2193 879 2435 933 πάντων
2473 883 2792 948 ἐκοπίασα,
2834 888 2944 940 οὐκ
2998 888 3113 959 ἐγὼ
3162 890 3250 956 δὲ,
3313 891 3450 945 ἀλλ’
3484 893 3521 957 ἡ

1955 960 2129 1030 χάρις
2171 964 2277 1018 τοῦ
2320 965 2468 1019 Θεοῦ
2504 966 2698 1031 τΥσὺν
2726 968 2877 1036 ἐμοί.
2908 974 3071 1025 Μετὰ
3109 973 3332 1040 πάσης,
3366 974 3521 1046 φησὶ.

1956 1049 2530 1115 ταπεινοφροσύνης,
2569 1049 2643 1119 μὴ
2670 1049 2771 1120 τῆς
2802 1052 2860 1103 ἐν
2892 1053 3123 1123 ῥήμασι.
3144 1056 3277 1125 μηδὲ
3307 1058 3363 1109 ἐν
3386 1056 3526 1125 πρά-

1955 1143 2126 1195 γμασι
2162 1130 2364 1196 μόνοις,
2389 1130 2527 1184 ἀλλά
2547 1131 2640 1185 καὶ
2672 1133 2730 1185 ἐν
2755 1136 2994 1204 σχήματι
3021 1137 3113 1189 καί
3136 1139 3193 1190 ἐν
3212 1138 3485 1209 φθέγματι
3506 1153 3519 1165 ⁸

1959 1210 2036 1280 μὴ
2070 1214 2208 1284 πρὸς
2237 1214 2422 1267 τοῦτον
2459 1214 2558 1284 μὲν
2585 1218 2858 1283 ταπεινὸς,
2891 1219 3026 1289 πρὸς
3065 1221 3121 1273 δέ
3148 1223 3351 1275 ἐκεῖνον
3390 1222 3524 1296 θρα-

1960 1294 2082 1357 σύς’
2134 1297 2271 1366 πρὸς
2306 1298 2514 1362 πάντας
2566 1298 2657 1351 ἔσο
2696 1302 2972 1365 ταπεινὸς,
3016 1304 3120 1357 κᾶν
3172 1302 3383 1377 φίλοςῇ
3421 1294 3524 1358 κᾶν

1956 1376 2170 1450 ἐχθρὸς,
2206 1381 2309 1434 κᾶν
2341 1381 2513 1451 μέγας
2552 1382 2653 1436 κᾶν
2688 1387 2885 1455 μικρός
2918 1404 2933 1419 ·
2975 1388 3134 1441 τοῦτο
3164 1376 3523 1459 ταπεινοφροοι

1960 1461 2114 1531 σύνη.
2172 1463 2281 1516 Kal
2334 1465 2391 1516 ἐν
2450 1466 2564 1529 τοῖς
2619 1468 3039 1539 κατορθώμασιν
3104 1471 3194 1524 ἔσο
3246 1470 3519 1535 ταπεινός.

1961 1546 2159 1598 ’Λκουε
2212 1547 2319 1616 γάρ
2374 1548 2469 1601 τοῦ
2523 1550 2761 1621 Χριστοῦ
2818 1552 3101 1620 λέγοντος,
3138 1554 3428 1624 Μακάριοι
3472 1559 3524 1607 οί

1957 1628 2177 1697 πτωχοὶ
2208 1629 2288 1694 τῷ
2324 1632 2638 1700 πνεύματι,
2680 1635 2960 1689 καὶτοῦτο
3008 1638 3223 1708 πρῶτον
3261 1637 3521 1699 τιθέντος.

1957 1712 2055 1764 Διὰ
2092 1710 2252 1766 τοῦτο
2279 1716 2376 1767 καὶ
2404 1714 2569 1778 αὑτός
2614 1734 2767 1787 φησι”
2803 1719 2964 1773 Μετὰ
3012 1721 3216 1789 πάσης
3255 1736 3526 1776 ταπεινο-

1957 1796 2270 1863 φροσύνης
2296 1797 2396 1849 καὶ
2425 1799 2759 1865 πραότητος
2783 1802 2881 1855 καὶ
2903 1805 3335 1873 μακροθυμίας.
3369 1805 3525 1857 Ἔστι

1956 1880 2066 1949 γὰρ
2099 1881 2355 1933 ταπεινὸν
2392 1881 2489 1951 μὲν
2519 1876 2678 1941 εἶναι.
2719 1883 2846 1947 ὀξὺν
2892 1885 2950 1938 δὲ
2990 1890 3085 1939 καὶ
3126 1889 3375 1959 ὀργίλον·
3408 1888 3525 1942 ἀλλ’

1884 2026 1887 2029 μ
1958 1963 2107 2016 οὐδὲν
2147 1963 2341 2032 ὄφελος
2362 1981 2375 1994 °
2406 1964 2663 2029 πολλάκις
2686 1966 2795 2037 γὰρ
2825 1968 2930 2022 ὑπὸ
2961 1971 3060 2039 τῆς
3085 1971 3257 2043 όργῆς
3300 1977 3527 2044 κατεχὸ-

1959 2062 2138 2115 μενος.
2164 2047 2339 2101 πάντα
2360 2047 2656 2102 ἀπώλεσεν.
2706 2049 3105 2121 Ἀνεχόμενοι,
3132 2057 3314 2125 φησὶν,
3337 2058 3529 2121 ἀλλή-

1956 2131 2081 2212 λων
2107 2129 2177 2182 ἐν
2204 2128 2426 2198 ἀγάπῃ.
2459 2131 2583 2212 Πῶς
2611 2134 2897 2205 ἀνέχεσθαι
2931 2136 3175 2202 δυνατὸν,
3216 2138 3283 2191 ἂν
3311 2139 3526 2212 ὀργίλος

1958 2208 2013 2285 ᾗ,
2046 2210 2112 2265 ἂν
2128 2214 2431 2284 κατήγορος
2454 2232 2469 2281 ;
2501 2211 2636 2269 Εῖπε
2656 2218 2858 2271 καὶτὸν
2882 2219 3111 2288 τρόπον·
3176 2220 3271 2273 Ἐν
3301 2208 3523 2291 ἀγάπῃ,

1960 2294 2143 2365 φησίν.
2173 2295 2235 2348 ΕΙ
2272 2296 2365 2350 τοῦ
2403 2298 2649 2368 πλησίον,
2682 2301 2865 2371 φησὶν,
2901 2304 3003 2356 οὐκ
3037 2303 3226 2374 ἀνέχῃ,
3277 2305 3395 2369 πῶς
3430 2307 3524 2360 σοῦ

1958 2376 2203 2441 ἀνέξεται
2234 2380 2262 2431 6
2298 2379 2464 2446 856;;
2501 2384 2549 2435 εἰ
2577 2384 2737 2446 αὐτὸς
2770 2384 2860 2437 τὸν
2890 2382 3176 2455 ὁμόδουλον
3217 2388 3275 2440 οὐ
3314 2389 3518 2459 φέρεις.

1956 2461 2075 2525 πῶς
2105 2463 2169 2515 σέ
2195 2464 2331 2516 οίσει
2355 2466 2382 2516 6
2408 2467 2715 2537 Δεσπότης;
2751 2468 2918 2522 Ἔνθα
2949 2469 3015 2524 ἂν
3111 2472 3320 2543 ἀγάπη,
3347 2474 3525 2528 πάντα

1956 2547 2112 2600 οἰστά
2140 2549 2278 2600 ἐστι.
2320 2548 2782 2617 Σπουδάζοντες,
2820 2553 2974 2623 φησὶ,
3005 2554 3205 2624 τηρεῖν
3233 2556 3347 2624 τὴν
3387 2558 3522 2613 ἐνό-

1957 2647 2103 2698 τητα
2118 2630 2222 2710 τοῦ
2249 2633 2585 2701 πνεύματος
2606 2635 2674 2687 ἐν
2692 2635 2771 2700 τῷ
2788 2636 3110 2706 συνδέσμῳ
3130 2638 3239 2707 τῆς
3256 2642 3518 2710 εἰρήνης.

1957 2713 2127 2784 Δῆσον
2161 2709 2254 2767 οῦν
2278 2715 2378 2779 τάς
2407 2719 2594 2786 χεῖρας
2627 2721 2693 2788 τῇ
2732 2720 3021 2791 ἐπιεικείᾳ.
3060 2722 3227 2777 Πάλιν
3261 2725 3323 2778 τὸ
3357 2728 3521 2781 καλὸν

1956 2798 2127 2866 ὄνομα
2154 2797 2411 2867 ἤνθησεν,
2433 2801 2460 2850 ό
2485 2799 2703 2870 δεσμός·
2728 2801 3021 2872 ἀφήκαμεν
3043 2804 3331 2868 αὐτὸν,καὶ
3351 2810 3513 2875 αὐτὸς

1957 2883 2088 2952 ἡμῖν
2113 2879 2275 2959 πάλιν
2309 2882 2601 2952 ἐπέδραμε.
2632 2883 2812 2947 Καλὺς
2840 2888 3045 2951 ἐκεῖνος
3073 2890 3101 2941 6
3122 2889 3339 2959 δεσμὸς,
3357 2893 3519 2958 καλὸς

1957 2964 2051 3017 καὶ
2087 2954 2268 3027 οὗτος
2302 2964 2395 3018 καὶ
2426 2967 2631 3029 ἐκεῖνος
2661 2967 2768 3020 ἀπὸ
2793 2968 2988 3021 τούτου
3018 2971 3280 3026 τίκτεται.
3328 2974 3522 3046 Σύνδη-

1959 3064 2050 3099 σον
2092 3047 2288 3100 σαυτὸν
2325 3048 2402 3117 τῷ
2429 3048 2642 3119 ἀδελφῷ
2665 3065 2679 3079 ο
2726 3052 2774 3103 οἰ
2804 3051 3036 3106 τοιοῦτοι
3066 3052 3281 3110 ἅπαντα
3310 3057 3525 3126 κούφως

1956 3129 2215 3200 φέρουσιν
2255 3131 2306 3183 οἱ
2336 3132 2708 3202 συνδεδεμένοι
2743 3137 2810 3205 τῇ
2847 3135 3055 3208 ἀγάπῃ.
3095 3137 3297 3192 Σαυτὸν
3331 3141 3526 3213 ἐκείνῳ

1957 3213 2282 3286 πρόσδησον,
2318 3215 2571 3268 κάκεῖνον
2604 3216 2685 3268 σοί
2707 3232 2718 3244 °
2761 3220 3089 3291 ἀμφοτέρων
3118 3222 3182 3277 σὺ
3215 3222 3405 3295 κύριος
3429 3243 3441 3254 '
3467 3228 3526 3281 ὂν

1956 3298 2065 3369 γὰρ
2089 3298 2154 3352 ἂν
2193 3298 2546 3369 βουλήσωμαι
2572 3301 2796 3370 ποιῆσαι
2833 3302 3008 3370 φίλον,
3035 3304 3355 3378 δυνήσομαι.
3387 3313 3526 3364 Μετ’

1954 3382 2238 3447 εὐκολίας
2291 3381 2755 3449 σπουδάζοντες.
2828 3386 3117 3441 Δείκνυσιν
3165 3390 3264 3461 οὐχ
3318 3394 3524 3458 ἁπλῶς,

1955 3465 2189 3519 οὐδὲτοῦ
2226 3465 2479 3534 τυχόντος
2511 3465 2573 3518 τὸ
2609 3468 2839 3537 πρᾶγμα
2868 3465 3026 3524 εἶναι.
3059 3474 3523 3546 Σπουδάζοντες,

1956 3548 2111 3619 φησὶ,
2137 3548 2337 3615 τηρεῖν
2356 3546 2471 3613 τὴν
2502 3548 2754 3616 ἑνότητα
2776 3551 2879 3605 τοῦ
2913 3554 3274 3623 πνεύματος.

2024 3702 2094 3765 γ’.
2117 3696 2183 3749 Τί
2211 3697 2357 3748 ἐστιν
2378 3695 2567 3765 ἑνότης
2593 3697 2898 3769 πνεύματος
2916 3716 2930 3763 ;
2954 3701 3223 3774 Καθάπερ
3239 3707 3296 3757 ἐν
3316 3708 3523 3777 σώματι

1956 3780 2175 3851 πνεῦμά
2204 3781 2322 3832 ἐστι
2353 3780 2414 3832 τὸ
2438 3781 2614 3834 πάντα
2657 3783 2902 3853 συνέχον,
2936 3787 3031 3839 καὶ
3068 3787 3127 3839 ἓν
3158 3805 3211 3841 τι
3241 3791 3428 3845 ποιοῦν
3468 3796 3529 3847 τὸ

1954 3866 2012 3918 ἐν
2037 3863 2314 3934 διαφόροις
2353 3862 2412 3916 ὃν
2449 3864 2666 3933 μέλεσιν
2692 3882 2705 3896 ·
2735 3866 2879 3920 οὕτω
2913 3868 2977 3940 δὴ
3023 3871 3115 3923 καὶ
3144 3873 3395 3929 ἐνταῦθα.
3429 3879 3528 3936 Διά

1955 3948 2064 4037 γὰρ
2092 3947 2335 4037 τ-οῦτοιτὸ
2363 3947 2583 4037 πνεῦμα
2610 3948 2785 4037 ἐδόθη,
2808 3952 2907 4037 γῖνα
2946 3955 3073 4019 τοὺς
3105 3956 3249 4024 γένει
3277 3960 3372 4013 καὶ
3404 3963 3529 4033 τρό-

1956 4030 2078 4094 ποις
2110 4030 2387 4102 διαφόροις
2419 4031 2770 4102 διεστηκότας
2799 4036 2996 4107 ἑνώσῃ.
3022 4039 3081 4090 Ὀ
3102 4039 3210 4112 γὰρ
3230 4042 3407 4113 γέρων
3433 4030 3528 4098 καὶ

1955 4117 1983 4168 6
2004 4116 2142 4178 νέος,
2176 4116 2203 4167 ό
2225 4116 2390 4184 πένης
2414 4115 2506 4167 καὶ
2532 4115 2559 4166 ό
2591 4114 2863 4182 πλούσιος,
2911 4122 2937 4172 6
2962 4123 3087 4185 παῖς
3120 4123 3216 4176 καὶ
3244 4126 3270 4177 6
3300 4125 3523 4197 ἔφηϐος,

1953 4203 1986 4271 ἡ
2018 4200 2156 4268 γυνὴ
2212 4199 2304 4251 καὶ
2332 4201 2360 4251 ό
2394 4198 2552 4270 ἀνὴρ,
2594 4202 2686 4253 καὶ
2723 4204 2867 4255 πᾶσα
2918 4204 3062 4276 ψυχὴ
3100 4206 3158 4258 ἐν
3207 4226 3258 4262 τι
3295 4211 3522 4277 γίνεται,

1956 4284 2047 4336 καὶ
2079 4280 2278 4353 μᾶλλον
2305 4280 2337 4352 ἢ
2373 4283 2420 4334 εἰ
2444 4283 2602 4352 σῶμα
2626 4283 2684 4338 ἓν
2715 4281 2802 4356 ἦν.
2823 4287 3037 4357 Ταύτης
3070 4290 3176 4360 γὰρ
3204 4292 3303 4361 τῆς
3328 4311 3525 4363 συγγε-

1956 4368 2104 4431 νείας
2143 4366 2323 4436 πολλῷ
2354 4367 2555 4437 μείζων
2591 4369 2794 4441 ἐκείνη,
2850 4373 2942 4423 καὶ
2978 4373 3177 4427 πλείων
3208 4378 3240 4447 ή
3272 4378 3525 4449 ἀκρίϐεια

1954 4452 2055 4519 τῆς
2097 4452 2361 4512 ἑνώσεως.
2410 4451 2474 4502 Ἦ
2510 4451 2619 4523 γὰρ
2648 4454 2744 4522 τῆς
2790 4453 2967 4525 ψυχῆς
2998 4457 3261 4527 συνάφεια
3302 4461 3525 4533 ἀκριϐε-

1958 4536 2123 4605 στέρα
2149 4535 2314 4599 ἐστὶν,
2347 4534 2456 4604 ὅσῳ
2485 4537 2579 4588 καὶ
2608 4535 2753 4604 ἀπλῆ
2780 4537 2875 4589 καὶ
2928 4541 3207 4613 μονοειδής
3234 4545 3368 4599 ἐστι.
3400 4549 3525 4613 Πῶς

1955 4618 2012 4671 δέ
2040 4615 2181 4686 αὕτη
2215 4616 2540 4685 φυλάττεται
2567 4634 2581 4681 ;
2627 4619 2726 4672 Ἐν
2757 4617 2836 4683 τῷ
2874 4622 3195 4692 συνδέσμῳ
3230 4626 3341 4694 τῆς
3369 4631 3528 4699 εἰρή-

1956 4718 2089 4766 νης.
2123 4701 2236 4752 Οὐκ
2258 4698 2404 4751 ἐστιν
2427 4701 2483 4752 ἐν
2505 4699 2674 4771 ἔχθρᾳ
2706 4704 2799 4754 καὶ
2825 4703 3104 4759 διαστάσει
3132 4708 3335 4780 ταύτην
3362 4698 3522 4770 εἶναι.

1958 4786 2149 4837 Ὅπου
2183 4784 2290 4853 γὰρ
2346 4782 2536 4851 ἔριδες
2568 4782 2682 4858 [72]
2718 4787 2786 4839 ἐν
2812 4787 2974 4856 ἡμῖν.
3027 4793 3179 4861 φησὶ,
3230 4795 3324 4848 καί
3360 4796 3525 4865 ζῆλοι

1956 4868 2053 4921 καὶ
2092 4867 2497 4935 διχοστασίαι,
2530 4869 2666 4938 οὐχί
2716 4875 2994 4938 σαρκικοί
3041 4875 3202 4939 ἐστε,
3248 4879 3348 4931 καὶ
3377 4884 3526 4936 κατὰ

1956 4950 2270 5018 ἄνθρωπον
2322 4954 2733 5019 περιπατεῖτε;
2796 4956 3063 5028 Καθάπερ
3125 4958 3233 5031 γάρ
3280 4961 3338 5014 τὸ
3393 4964 3523 5035 πῦρ,

1955 5032 2081 5085 ὅταν
2121 5033 2218 5102 μὲν
2250 5030 2392 5101 ξηρὰ
2424 5031 2559 5103 εὕρῃ
2590 5033 2740 5099 ξύλα,
2773 5038 2902 5106 μίαν
2932 5039 2998 5091 τά
3026 5030 3210 5094 πάντα
3232 5030 3522 5115 ἐργάζεται

1959 5119 2161 5188 πυράν,
2190 5118 2319 5170 ὅταν
2346 5117 2401 5170 δὲ
2422 5119 2585 5189 ὑγρὰ,
2612 5120 2733 5173 οὐδὲ
2752 5124 2962 5191 ἐνεργεῖ
2986 5126 3103 5178 οὐδέ
3128 5130 3484 5195 συγκολλᾶται
3505 5150 3518 5163 ·

1956 5201 2097 5253 οὕτω
2140 5200 2235 5253 καὶ
2286 5200 2559 5253 ἐνταῦθα·
2605 5203 2755 5256 οὐδὲν
2812 5205 2920 5257 τῶν
2957 5208 3180 5281 ψυχρῶν
3225 5213 3392 5282 αὐτὴν
3438 5229 3524 5265 συ-

1959 5283 2177 5352 σφίγξαι
2195 5283 2434 5348 δύναται,
2464 5284 2693 5339 ἕκαστον
2712 5287 2769 5341 δὲ
2792 5287 2866 5351 ὡς
2892 5291 2985 5343 ἐπὶ
3008 5292 3067 5343 τὸ
3095 5292 3229 5344 πολὺ
3254 5293 3363 5346 τῶν
3392 5294 3518 5365 θερ-

1960 5366 2098 5438 μῶν.
2146 5367 2276 5420 Ἀπὸ
2309 5368 2498 5421 τούτου
2523 5369 2654 5437 γοῦν
2685 5371 2778 5423 καὶ
2806 5373 2839 5442 ή
2874 5372 3146 5443 θερμότης
3171 5375 3271 5445 τῆς
3295 5376 3520 5448 ἀγάπης

1956 5451 2197 5504 τίκτεται
2222 5466 2237 5482 ·
2278 5451 2388 5504 ἀπὸ
2430 5451 2524 5505 τοῦ
2560 5453 2858 5523 συνδέσμου
2896 5457 2994 5525 τῆς
3022 5456 3245 5528 εἰρήνης
3276 5458 3521 5529 βούλεται

1959 5534 2216 5604 συνδῆσαι
2246 5535 2450 5597 πάντας
2505 5537 2673 5606 ἡμᾶς.
2703 5536 2969 5609 Καθάπερ
3012 5541 3140 5610 γὰρ,
3187 5544 3372 5615 φησὶν,
3423 5548 3520 5601 ἐὰν

1959 5618 2115 5689 θέλῃς
2147 5618 2340 5671 σαυτὸν
2386 5617 2556 5690 ἑτέρῳ
2590 5620 2932 5704 προσδῆσαι,
2973 5621 3148 5686 ἄλλως
3187 5627 3247 5679 οὑ
3289 5628 3513 5704 δυνήσῃ,

1959 5704 2072 5757 ἀλλ’
2103 5703 2137 5772 ἢ
2184 5703 2270 5756 διὰ
2298 5704 2393 5757 τοῦ
2428 5706 2678 5757 κάκεῖνον
2736 5703 2915 5773 σαυτῷ
2968 5709 3288 5781 προσδῆσαι,
3324 5716 3419 5768 καὶ
3466 5703 3521 5770 εἰ

1964 5786 2165 5850 ἐθέλοις
2186 5786 2402 5841 διπλοῦν
2425 5788 2644 5856 ποιῆσαι
2673 5784 2763 5839 τὸν
2794 5786 3010 5859 δεσμὸν,
3039 5795 3140 5863 χρὴ
3169 5796 3418 5853 κάκεῖνόν
3444 5815 3524 5855 σοι
