3960 6538
249 473 315 532 τε
1121 459 1187 515 IN
1225 458 1440 516 EPIST.
1479 457 1573 514 AD
1611 455 1856 513 senss.
1900 453 2055 510 car.
2097 451 2182 505 tv.
2227 451 2455 507 llOMIL.
2501 452 2585 506 Ix.
3431 464 3509 518 τι,

210 649 223 662 ,
247 589 450 664 qiizindo
498 585 637 653 ligna
678 579 889 651 quidem
935 577 1195 632 invenerit
1234 576 1374 631 sicca
1399 616 1413 638 ,
1443 573 1621 627 omnia
1649 585 1805 624 unam

245 681 402 739 efficit
437 690 657 748 pyram;
690 670 900 743 quando
927 678 1101 724 autem
1142 666 1358 721 humida
1381 706 1396 729 .
1430 678 1530 720 nec
1557 671 1809 734 operatur

243 788 338 829 nec
359 765 689 838 conglutinat
718 781 734 818 :
762 764 833 819 ita
861 761 946 816 hic
972 770 1132 816 etiam
1159 776 1175 812 :
1203 757 1335 813 nihil
1362 773 1428 812 ex
1457 755 1662 826 frigidis
1686 768 1807 809 eum

243 870 412 935 potest
432 859 818 927 constringere,
843 853 936 909 sed
962 869 1026 908 ex
1048 851 1234 906 calidis
1259 849 1670 919 unumquodque
1695 859 1809 899 ma-

239 956 375 1011 xima
417 967 485 1007 ex
532 957 701 1020 parte.
747 947 824 1001 Ex
868 945 970 999 hoc
1013 958 1142 1013 ergo
1179 943 1337 997 etiam
1388 940 1620 994 nascitur
1661 937 1808 992 calor

238 1045 470 1103 caritatis
498 1061 510 1096 :
541 1057 569 1094 a
607 1039 818 1095 vinculo
858 1037 1003 1108 pacis
1036 1035 1148 1088 vult
1182 1047 1281 1088 nos
1317 1046 1506 1086 omnes
1530 1030 1801 1100 colligare.

237 1133 686 1206 Quemadmodum
714 1130 856 1186 enim
882 1170 897 1194 ,
927 1128 1134 1196 inquit,
1162 1125 1204 1179 si
1234 1124 1366 1178 velis
1397 1123 1622 1192 teipsum
1653 1118 1805 1174 alteri

237 1233 472 1300 alligare,
497 1243 600 1282 non
626 1225 781 1279 aliter
806 1221 1026 1293 poteris,
1052 1219 1152 1273 nisi
1179 1218 1327 1272 illum
1350 1230 1560 1286 quoque
1586 1214 1677 1274 tibi
1703 1213 1804 1282 ipsi

236 1326 451 1395 alliges;
482 1319 620 1393 quod
649 1319 692 1374 si
720 1317 852 1374 velis
875 1314 1072 1384 duplex
1110 1311 1286 1367 facere
1312 1309 1581 1364 vinculum
1604 1349 1621 1372 ,
1654 1307 1805 1362 illum

236 1431 443 1488 quoque
464 1421 672 1485 oportet
691 1411 782 1466 tibi
805 1424 923 1466 esse
943 1407 1210 1476 alligatum
1231 1421 1244 1456 :
1267 1404 1336 1458 ita
1361 1403 1446 1456 hic
1464 1416 1676 1472 quoque
1697 1400 1808 1453 vult

234 1528 327 1568 eos
352 1513 492 1566 inter
513 1524 572 1564 se
593 1520 713 1563 esse
737 1504 997 1576 alligatos,
1025 1516 1127 1556 non
1153 1501 1324 1559 solum
1353 1499 1405 1554 in
1432 1513 1560 1568 pace
1586 1496 1802 1565 degere,

237 1620 332 1659 nec
365 1601 536 1658 soluat
565 1599 818 1669 diligere,
849 1595 945 1651 sed
974 1607 1161 1650 omnes
1200 1607 1320 1648 esse
1361 1606 1520 1645 unam
1550 1589 1801 1643 animam.

238 1693 519 1751 Pulchrum
544 1701 628 1747 est
654 1690 756 1745 hoc
774 1688 1042 1743 vinculum
1070 1705 1083 1739 :
1109 1686 1208 1741 hoc
1229 1683 1438 1740 vinculo
1464 1691 1513 1737 et
1543 1697 1640 1736 nos
1667 1681 1807 1736 inter

238 1801 357 1851 nos,
381 1796 432 1840 et
458 1799 551 1838 nos
578 1781 724 1852 ipsos
744 1795 864 1835 cum
889 1781 997 1834 Deo
1017 1778 1343 1847 colligemus.
1369 1774 1483 1830 Non
1505 1773 1690 1843 affligit
1710 1786 1807 1827 nec

236 1877 533 1947 comprimit
551 1875 737 1944 colliga
747 1883 825 1927 tas
848 1887 1033 1925 manus
1058 1873 1158 1923 hoc
1177 1867 1464 1931 vinculum,
1485 1864 1580 1919 sed
1603 1863 1808 1918 relaxat

231 1978 288 2024 et
325 1969 375 2022 in
403 1967 581 2036 amplo
609 1982 671 2020 ac
696 1965 801 2019 lato
831 1964 956 2018 sinit
979 1976 1100 2017 esse
1127 1960 1332 2030 spatio;
1359 1966 1412 2012 et
1439 1956 1602 2012 efficit
1631 1964 1688 2009 ut
1715 1955 1806 2024 qui

228 2067 351 2112 sunt
391 2056 552 2111 vincti
576 2098 590 2122 ,
622 2055 728 2109 sint
769 2054 1001 2109 laetiores
1042 2051 1106 2106 iis
1134 2050 1224 2121 qui
1272 2047 1432 2105 soluti
1460 2054 1604 2102 sunt.
1633 2045 1809 2100 Fortis

229 2148 388 2203 etiam
419 2163 537 2202 cum
565 2146 724 2201 debili
754 2145 946 2215 ligatus
965 2185 978 2208 ,
1010 2152 1063 2199 et
1089 2142 1238 2197 illum
1265 2149 1441 2211 portat
1468 2149 1521 2195 et
1545 2153 1652 2194 non
1680 2136 1805 2192 sinit

225 2241 406 2312 perire
429 2280 443 2304 ,
471 2238 678 2293 etiamsi
706 2251 826 2291 cum
851 2235 998 2306 segni
1025 2243 1078 2290 et
1113 2234 1304 2304 ignavo
1333 2231 1491 2287 fuerit
1521 2231 1767 2301 alligatus
1786 2268 1802 2296 ,

227 2334 398 2403 ipsum
431 2334 597 2400 magis
622 2330 844 2386 excitat.
869 2327 1053 2382 Frater
1076 2327 1227 2392 enim,
1257 2325 1445 2396 inquit,
1475 2340 1506 2377 a
1530 2327 1689 2395 fratre
1714 2321 1807 2374 ad-

222 2425 385 2494 iutus,
415 2434 486 2478 est
512 2431 766 2491 tamquam
792 2421 908 2474 urbs
934 2419 1128 2473 munita
1154 2416 1348 2490 (Prov.
1381 2417 1469 2472 18.
1498 2415 1624 2486 19).
1658 2413 1806 2469 Hanc

223 2526 468 2572 catenam
498 2530 604 2570 non
643 2521 818 2583 potest
858 2510 1138 2582 prohibere
1165 2510 1367 2564 viarum
1398 2508 1625 2578 spatium
1651 2548 1666 2572 ,
1698 2521 1804 2560 nou

223 2609 438 2671 cadum,
464 2621 570 2660 non
597 2614 764 2672 terra,
795 2618 898 2658 non
926 2618 1093 2670 mors,
1124 2617 1298 2672 neque
1324 2600 1476 2655 aliud
1496 2599 1803 2670 quidquam,

223 2698 316 2754 sed
361 2705 452 2752 est
491 2697 738 2750 omnibus
780 2693 1051 2765 potentior
1095 2701 1149 2747 et
1192 2691 1456 2746 validior:
1488 2689 1602 2744 lucc
1641 2689 1804 2744 etiam

223 2798 345 2842 nata
375 2803 448 2842 ex
473 2803 574 2841 una
602 2786 808 2849 anima,
837 2791 1012 2854 potest
1042 2782 1238 2837 multos
1267 2781 1422 2836 simul
1449 2779 1804 2849 comprehen-

220 2883 370 2938 dere.
402 2877 544 2932 Audi
565 2878 706 2932 enim
731 2875 948 2931 Paulum
973 2875 1236 2929 dicentem
1263 2891 1277 2927 :
1303 2871 1423 2925 Non
1444 2870 1808 2942 angustiamini

221 2974 274 3026 in
317 2969 468 3023 nobis
491 3010 506 3033 ,
545 2966 903 3037 angustiamini
940 2974 1107 3018 autem
1145 2964 1197 3017 in
1225 2961 1494 3016 visceribus
1521 2961 1695 3015 vestris
1724 2960 1802 3031 (2.

219 3063 341 3120 Cor.
368 3062 426 3117 6.
457 3061 523 3114 12
549 3061 586 3130 ).
622 3057 921 3113 Dilatemini
953 3065 1007 3111 et
1031 3070 1145 3109 vos.
1178 3053 1315 3124 Quid
1341 3069 1470 3124 ergo
1499 3054 1600 3109 hoc
1622 3054 1806 3107 vincu-

221 3157 331 3209 lum
360 3150 691 3208 labefactat?
722 3153 886 3206 Amor
912 3149 1150 3220 pecuniae
1175 3189 1190 3212 ,
1224 3147 1432 3217 imperii
1457 3156 1510 3202 et
1540 3147 1803 3202 honorum

218 3247 518 3317 glorimque
543 3242 802 3312 cupiditas
830 3252 884 3297 et
912 3241 1139 3294 aliorum
1170 3238 1470 3307 hujusmodi
1498 3256 1510 3290 :
1538 3252 1631 3292 eos
1657 3239 1810 3293 laxos

219 3340 402 3397 reddit
431 3348 486 3394 et
515 3337 704 3392 molles
727 3377 742 3400 ,
774 3335 1024 3405 ipsosque
1051 3331 1322 3387 discindit.
1371 3330 1651 3399 Quomodo
1679 3347 1818 3401 ergo.

219 3432 344 3496 dat,
377 3440 440 3485 ut
471 3444 574 3483 non
603 3425 1009 3483 discindantur?
1044 3423 1101 3480 Si
1130 3423 1245 3478 haec
1272 3422 1446 3478 ablata
1477 3422 1674 3478 fuerint
1704 3423 1806 3475 im-

218 3524 552 3593 pedimenta,
580 3528 634 3575 et
661 3518 791 3573 nihil
815 3517 1111 3572 molestiam
1135 3515 1322 3571 afferat
1344 3530 1412 3569 ex
1438 3516 1502 3570 iis
1527 3530 1646 3584 qua:
1670 3515 1808 3570 cari—

215 3625 384 3670 tatem
425 3619 793 3680 corrumpunt.
833 3609 970 3664 Audi
1009 3607 1151 3663 enim
1185 3606 1454 3663 Christum
1493 3606 1756 3662 dicentem
1788 3625 1801 3661 :

216 3705 449 3771 Quando
479 3702 806 3757 abundaverit
848 3700 1088 3771 iniquitas
1106 3741 1122 3765 ,
1152 3699 1437 3769 refrigescet
1465 3699 1647 3752 caritas
1676 3697 1808 3751 mul—

211 3811 386 3855 torum
418 3801 438 3870 (
471 3797 658 3851 Matth.
685 3796 777 3851 24.
808 3796 876 3850 12
901 3795 943 3864 ).
976 3793 1191 3848 Caritati
1223 3792 1352 3846 nihil
1382 3799 1464 3846 est
1507 3807 1656 3861 aeque
1681 3806 1807 3846 con-

215 3895 452 3946 trarium
496 3898 657 3959 atque
696 3897 970 3959 peccaturo
1000 3902 1013 3940 :
1043 3899 1142 3941 nec
1171 3885 1289 3940 dico
1317 3885 1487 3940 solum
1517 3884 1721 3939 caritati
1752 3884 1804 3937 in

214 3985 416 4048 Deum,
438 3980 532 4036 sed
556 3981 713 4036 etiam
736 3979 942 4038 caritati
966 3979 1017 4032 in
1042 3978 1361 4048 proximum.
1384 3975 1659 4047 Quomodo
1679 3990 1820 4045 ergo.

209 4076 464 4131 latrones
483 4115 498 4137 ,
526 4073 730 4140 inquit,
761 4073 957 4142 degunt
982 4072 1036 4124 in
1063 4070 1229 4140 pace?
1254 4069 1496 4137 Quando,
1526 4068 1611 4122 dic
1635 4067 1762 4122 mihi
1790 4108 1804 4131 ,

210 4167 465 4238 degunt?
489 4165 623 4219 Cum
649 4165 911 4217 latronum
939 4163 1176 4216 moribus
1197 4176 1301 4215 non
1324 4169 1561 4215 utuntur.
1585 4159 1639 4215 Si
1662 4159 1804 4215 enim

211 4261 271 4314 in
305 4259 377 4313 iis
404 4257 532 4328 ipsis
554 4255 745 4326 quibus
768 4254 1092 4317 dividuntur,
1117 4269 1222 4307 non
1247 4261 1461 4307 servent
1487 4252 1630 4322 leges
1650 4251 1804 4321 justi-

215 4351 314 4404 tia:
335 4389 354 4415 ,
381 4359 442 4402 ut
467 4347 748 4415 unicuique
774 4345 912 4415 quod
936 4345 1137 4414 justum
1163 4354 1244 4398 est
1273 4344 1540 4407 tribuant,
1569 4344 1806 4397 invenies

215 4441 353 4495 illos
379 4454 584 4509 quoque
606 4452 724 4492 esse
751 4438 802 4491 in
831 4437 985 4491 bellis
1008 4445 1062 4490 et
1089 4435 1296 4504 pugnis.
1325 4433 1681 4502 Quamobrem
1709 4448 1806 4488 nec

220 4532 281 4586 in
306 4531 465 4584 malis
486 4531 600 4584 licet
621 4543 806 4599 pacem
830 4528 1069 4582 invenire
1091 4545 1103 4581 :
1125 4527 1319 4596 ubique
1339 4533 1516 4579 autem
1539 4539 1656 4579 eam
1683 4525 1807 4578 licet

215 4624 494 4687 invenire,
517 4622 600 4676 ubi
620 4636 742 4675 cum
766 4620 971 4689 justitia
993 4627 1046 4673 et
1069 4617 1497 4673 virtute’vivitur.
1521 4616 1624 4671 Sed
1647 4617 1805 4685 quid?

208 4720 494 4776 rivalesne
510 4725 564 4772 et
584 4715 759 4770 aemuli
785 4715 836 4768 in
862 4728 992 4783 pace
1011 4711 1226 4766 vivunt?
1247 4711 1482 4765 Minime.
1505 4709 1608 4765 Sed
1629 4724 1806 4779 quem-

204 4826 350 4865 nam
391 4810 471 4864 vis
510 4807 722 4862 dicam?
759 4807 964 4859 Avarus
991 4818 1276 4873 numquam
1306 4802 1410 4858 erit
1444 4802 1496 4856 in
1528 4817 1658 4871 pace
1682 4816 1803 4856 cum

201 4917 392 4956 avaro
421 4918 435 4954 :
465 4915 587 4955 nam
618 4899 663 4952 si
705 4913 809 4952 non
837 4906 1017 4951 essent
1053 4896 1194 4950 inter
1224 4909 1282 4949 se
1315 4893 1442 4964 justi
1471 4902 1526 4948 et
1550 4895 1685 4963 aequi
1707 4935 1722 4959 ,
1752 4902 1806 4948 et

198 4998 303 5051 alii
354 4994 497 5048 alios
539 4991 814 5045 allicercnt
855 4989 1064 5057 injuria,
1098 4985 1408 5056 dissipatum
1444 4993 1586 5040 esset
1617 5001 1802 5040 eorum

200 5101 414 5157 genus.
463 5084 613 5138 Sicut
650 5081 790 5134 enim
832 5078 958 5133 fera:
995 5079 1113 5132 dua:
1154 5075 1305 5131 valde
1343 5076 1672 5140 esurientes,
1704 5075 1804 5129 nisi

195 5178 422 5252 aliquid
453 5175 748 5231 intercedat
788 5175 1015 5228 medium
1043 5171 1181 5243 quod
1211 5172 1380 5242 possit
1407 5172 1476 5227 ab
1501 5172 1580 5227 eis
1605 5186 1803 5226 consu-

199 5275 280 5329 mi
305 5316 324 5337 ,
359 5272 472 5327 illae
503 5285 561 5324 se
592 5268 824 5323 exedunt
849 5285 862 5319 :
891 5266 960 5319 ita
987 5267 1144 5319 etiam
1174 5266 1312 5319 inter
1338 5279 1526 5318 avaros
1555 5275 1608 5318 ct
1637 5265 1811 5318 malos.

195 5366 490 5422 eveniret.
520 5361 874 5429 Quamobrem
903 5358 1016 5411 fieri
1041 5373 1146 5411 non
1178 5365 1351 5427 potest
1378 5367 1434 5411 ut
1458 5358 1526 5411 sit
1554 5372 1673 5426 pax,
1705 5357 1803 5411 nisi

196 5460 398 5513 virtus
421 5462 756 5510 exerceatur.
784 5451 1196 5516 Construamus,
1229 5449 1273 5503 si
1305 5448 1507 5518 placet,
1537 5450 1815 5503 civitatem.

192 5563 515 5607 avarorum
546 5555 600 5601 et
626 5545 714 5616 qui
746 5559 899 5613 pares
927 5545 1033 5598 sint
1063 5543 1114 5597 in
1141 5543 1377 5607 honore,
1409 5550 1464 5595 et
1491 5557 1646 5595 nemo
1673 5557 1801 5604 con-

195 5644 446 5698 demnet
489 5637 772 5707 injuriam,
805 5634 896 5689 sed
937 5647 1121 5687 omnes
1158 5632 1404 5701 injuriam
1444 5631 1704 5695 inferant;
1735 5648 1799 5684 an

196 5739 406 5802 potest
440 5727 748 5798 hujusmodi
777 5725 964 5781 civitas
986 5724 1318 5780 consistere?
1349 5723 1579 5776 Minime.
1609 5726 1676 5775 At
1705 5738 1806 5791 pax

193 5833 292 5883 est
320 5821 744 5878 adulterorum?
770 5817 876 5875 Sed
903 5833 971 5873 ne
1003 5817 1137 5874 duos
1166 5816 1378 5888 quidem
1411 5817 1648 5871 invenies
1673 5831 1803 5870 con-

191 5919 437 5978 cerdcs.
467 5914 826 5982 Quamobrem
859 5927 963 5970 non
992 5923 1072 5970 est
1099 5925 1284 5970 rursus
1312 5910 1413 5967 alia
1440 5910 1596 5982 hujus
1621 5927 1800 5981 causa,

1918 582 2074 636 quam
2121 566 2260 636 quod
2299 567 2563 621 refrixerit
2591 567 2785 623 caritas
2811 584 2824 621 :
2856 569 2994 638 quod
3023 581 3198 628 autem
3228 565 3497 633 refrixerit

1915 658 2134 724 caritas,
2159 673 2318 713 causa
2340 669 2442 724 est,
2465 659 2605 730 quod
2627 661 2905 716 abundarit
2926 663 3193 734 iniquitas.
3219 668 3329 722 lloc
3351 672 3492 727 enim

1915 750 2060 804 ducit
2105 750 2172 806 ad
2222 752 2494 820 proprium
2544 768 2779 810 amorem
2807 796 2822 821 ,
2871 767 2926 812 et
2968 759 3155 815 dividit
3197 773 3250 817 et
3295 780 3490 836 corpus

1919 843 2150 910 scindit,
2179 844 2486 915 emollitque
2511 854 2566 900 et
2594 846 2813 901 divellit.
2843 848 2942 905 Ubi
2970 861 3145 907 autem
3176 866 3258 910 est
3287 860 3451 914 virtus
3479 905 3494 926 ,

1914 934 2040 990 facit
2063 936 2388 992 contrariqu
2417 955 2430 992 :
2465 951 2586 992 nam
2616 938 2808 995 virtute
2839 943 3107 1011 praeditus,
3141 956 3224 1002 est
3253 953 3493 1017 pecuniis

1913 1029 2178 1098 superior.
2209 1029 2393 1101 Itaque
2413 1031 2619 1086 etiamsi
2643 1032 3053 1093 innumerabiles
3072 1040 3265 1112 degant
3285 1045 3336 1098 in
3361 1063 3491 1114 pan-

1913 1129 2139 1187 pertate,
2169 1122 2442 1190 potuerint
2465 1138 2584 1178 esse
2613 1125 2813 1194 pacifici
2840 1144 2852 1180 :
2877 1131 3020 1184 avari
3051 1141 3248 1201 autem,
3278 1138 3487 1195 etiamsi

1911 1209 2018 1264 sint
2065 1211 2172 1266 duo
2219 1221 2463 1281 tantum,
2501 1231 2787 1287 numquam
2827 1231 3048 1288 possunt
3091 1238 3210 1282 esse
3252 1228 3304 1283 in
3335 1245 3488 1299 pace.

1981 1300 2034 1355 4.
2078 1301 2156 1356 De
2179 1304 2404 1358 caritate.
2436 1305 2582 1360 Unde
2615 1318 2725 1362 orta
2765 1311 2864 1363 sint
2890 1327 3082 1367 arcana
3117 1325 3164 1370 et
3191 1331 3402 1377 secreta.
3421 1353 3491 1362 —

1911 1390 2290 1462 Quamobrem,
2338 1396 2384 1452 si
2430 1397 2623 1453 virtute
2664 1400 2832 1456 simus
2874 1404 3105 1472 prmditi,
3147 1422 3254 1463 non
3294 1413 3500 1479 peribit.

1910 1486 2106 1540 caritas
2137 1503 2151 1539 :
2182 1486 2350 1543 virtus
2378 1488 2520 1544 enim
2549 1499 2630 1544 est
2654 1506 2721 1546 ex
2742 1493 2984 1562 caritate,
3008 1505 3063 1550 et
3083 1499 3276 1555 caritas
3295 1517 3359 1557 ex
3383 1506 3488 1558 vir-

1914 1583 2045 1630 tute.
2077 1575 2356 1644 Quomodo
2383 1588 2582 1645 autem,
2613 1597 2713 1652 ego
2747 1583 2941 1639 dicam.
2984 1585 3086 1653 Qui
3123 1598 3205 1646 est
3235 1593 3488 1662 praeditus

1911 1669 2128 1736 virtute,
2159 1686 2264 1726 non
2296 1672 2511 1742 praefert
2532 1677 2812 1743 pecuniam
2841 1679 3108 1748 amicitiae,
3137 1700 3242 1739 non
3272 1696 3355 1742 est
3378 1705 3487 1743 tne-

1912 1775 2032 1815 mor-
2065 1761 2274 1829 injuria:
2317 1776 2569 1834 acceptae,
2603 1769 2903 1836 proximum
2949 1787 3048 1827 nec
3085 1773 3279 1845 injuria
3323 1777 3500 1836 afficiu

1912 1866 2010 1905 nec
2035 1856 2380 1917 contumelia.
2412 1860 2586 1913 omnia
2630 1859 2733 1916 fert
2761 1862 2881 1919 forti
2909 1873 2959 1919 et
2986 1881 3248 1936 generoso
3286 1872 3483 1929 animo.

1912 1944 1988 1998 Ex
2015 1944 2098 2000 his
2126 1958 2336 2003 constat
2359 1951 2573 2006 caritas.
2603 1953 2804 2010 Rursus
2832 1959 2919 2027 qui
2948 1960 3137 2031 diligit,
3169 1963 3281 2020 haec
3307 1970 3503 2024 omnia.

1909 2041 2151 2109 suscipit.
2182 2041 2270 2098 Sic
2299 2059 2360 2099 ea
2401 2054 2527 2101 sunt
2557 2046 2884 2120 hujusmodi,
2926 2063 2984 2109 ut
3009 2057 3232 2114 alterum
3263 2061 3486 2118 alterum

1909 2134 2219 2190 constituat.
2253 2137 2319 2192 Et
2347 2154 2416 2194 ex
2448 2138 2551 2196 hoc
2575 2145 2895 2214 ostenditur,
2939 2149 3077 2218 quod
3106 2153 3300 2209 caritas
3329 2155 3397 2210 sit
3422 2172 3490 2213 ex

1911 2225 2107 2282 virtute
2137 2245 2150 2282 :
2184 2227 2414 2284 dicendo
2433 2231 2598 2300 enim,
2631 2233 2849 2300 Quando
2875 2236 3203 2296 abundaverit
3229 2243 3488 2315 iniquitas,

1909 2319 2196 2390 refrigescet
2222 2321 2429 2388 caritas,
2477 2322 2578 2379 hoc
2617 2325 2935 2396 significavit
2966 2350 2978 2386 :
3007 2332 3148 2402 quod
3175 2345 3354 2392 autem
3383 2341 3493 2393 vir-

1913 2420 1996 2465 tus
2024 2426 2088 2465 ex
2118 2412 2340 2469 caritate
2373 2431 2385 2467 :
2421 2412 2523 2479 Qui
2549 2415 2738 2487 diligit,
2770 2417 2962 2489 inquit,
2994 2425 3302 2493 proximum,
3332 2429 3490 2499 legem

1909 2502 2132 2573 implevit
2162 2503 2337 2573 (Rom.
2365 2507 2450 2563 15.
2480 2508 2560 2579 8).
2593 2509 2952 2578 Quamobrem
2986 2531 3051 2570 ex
3091 2518 3298 2575 duobus
3324 2537 3487 2577 unum

1909 2609 2029 2650 esse
2057 2607 2287 2666 oportet,
2327 2611 2416 2655 aut
2460 2603 2613 2659 valde
2642 2604 2947 2676 diligentem
2991 2617 3044 2664 et
3085 2611 3358 2683 dilectum,
3400 2631 3493 2673 aut

1915 2686 2067 2741 valde
2097 2688 2296 2746 virtute
2336 2692 2638 2760 praeditum.
2667 2695 2766 2763 Qui
2797 2699 2938 2753 enim
2971 2699 3133 2758 habet
3167 2721 3347 2771 unum,
3391 2725 3488 2764 ne-

1909 2780 2408 2870 cessariorquoque
2450 2786 2687 2853 possidet
2730 2788 2957 2844 alterum
3001 2809 3014 2844 :
3058 2802 3113 2847 et
3163 2806 3347 2852 contra
3399 2805 3490 2870 qui

1912 2870 2080 2957 nescit
2103 2869 2348 2940 diligere,
2391 2873 2554 2928 multa
2581 2891 2794 2946 quoque
2834 2879 2972 2934 mala
3004 2880 3199 2948 faciet;
3232 2888 3323 2957 qui
3354 2869 3492 2947 mala

1911 2956 2057 3026 facit,
2090 2961 2263 3016 nescit
2301 2963 2542 3033 diligere.
2586 2965 2975 3038 Persequamur
2999 2986 3128 3043 ergo
3163 2956 3438 3034 caritatem
3475 2999 3489 3035 :

1910 3059 1993 3104 est
2022 3053 2164 3106 enim
2196 3053 2500 3121 praesidium
2520 3056 2588 3111 ad
2618 3057 2732 3134 hoc.
2751 3068 2809 3114 ut
2835 3075 2940 3116 non
2969 3066 3306 3132 permittatur
3339 3072 3492 3128 nobis

1911 3141 2124 3213 aliquid.
2142 3143 2268 3198 mali
2298 3147 2403 3216 pati
2439 3165 2452 3202 :
2478 3148 2790 3220 colligemus
2812 3167 2928 3207 nos.
2959 3153 3098 3211 Nihil
3131 3158 3200 3213 sit
3227 3162 3365 3231 apud
3393 3180 3492 3219 nos

1909 3233 2177 3303 dolosum,
2234 3236 2383 3291 nihil.
2425 3237 2814 3297 fraudulentum
2869 3254 2924 3300 et
2968 3247 3280 3307 insidiosum
3317 3255 3492 3312 :nihil

1912 3326 2052 3382 enim
2081 3329 2354 3383 invenitur
2377 3329 2678 3400 hujusmodi
2705 3334 2794 3390 ubi
2819 3335 2974 3392 fuerit
3002 3341 3256 3398 amicitia.
3287 3344 3398 3401 Hoc
3418 3348 3492 3402 di-

1911 3417 1989 3472 xit
2007 3419 2088 3473 vir
2107 3434 2317 3490 quoque
2343 3422 2479 3477 alius
2499 3424 2713 3494 sapiens
2743 3444 2756 3481 :
2786 3425 2854 3482 In
2874 3430 3089 3486 amicum
3118 3434 3313 3490 etiamsi
3340 3440 3494 3491 strin-

1911 3511 2045 3564 πει-ξε
2072 3527 2258 3579 ensem,
2285 3531 2349 3569 ne
2380 3515 2651 3586 desperes;
2678 3529 2750 3573 est
2774 3522 2906 3574 enim
2933 3539 3189 3593 regressus
3219 3542 3239 3580 :
3264 3530 3331 3582 ad
3357 3533 3490 3583 ami-

1913 3619 2044 3668 cum,
2092 3607 2136 3660 si
2187 3623 2251 3661 os.
2289 3610 2582 3676 aperueris,
2629 3627 2694 3665 ne
2742 3614 3054 3684 despondeas
3105 3620 3367 3684 animum;
3420 3636 3490 3678 est

1911 3695 2251 3749 reconciliatio
2285 3707 2465 3765 praeter
2497 3699 3007 3768 exprobrationem,et
3023 3722 3321 3762 arcanorum
3350 3729 3490 3766 rere--

1912 3787 2167 3851 lationem,
2197 3796 2244 3840 et
2273 3788 2476 3857 plagam
2522 3789 2749 3844 dolosam
2791 3791 2977 3861 (Eccli.
3017 3795 3108 3851 2‘2.
3147 3797 3237 3853 26.
3281 3799 3393 3872 9.7).
3433 3805 3490 3858 In

1914 3879 1996 3931 his
2027 3878 2230 3950 aufugit
2257 3880 2482 3948 amicus,
2513 3882 2565 3936 in
2605 3898 2921 3939 arcanorum
2954 3891 3304 3950 revelatioue.
3332 3896 3388 3951 Si
3419 3899 3491 3954 si-

1911 3984 2036 4024 mus
2062 3970 2240 4040 itaque
2269 3986 2455 4026 omnes
2476 3973 2654 4041 amici,
2679 3990 2746 4030 ne
2766 3979 2976 4034 arcanis
2997 3982 3209 4051 quidem
3236 3995 3317 4041 est
3334 4002 3487 4059 opus.

1917 4061 1982 4116 Ut
2010 4063 2152 4116 enim
2187 4079 2292 4117 non
2334 4064 2495 4120 habet
2531 4068 2810 4137 quisquam
2848 4072 2987 4140 apud
3023 4089 3084 4135 se
3132 4076 3297 4134 ullum
3339 4096 3492 4137 arca-

1913 4172 2059 4220 num,
2091 4173 2264 4226 neque
2292 4159 2405 4228 ipse
2434 4161 2668 4231 seipsum
2699 4173 2874 4232 potest
2899 4166 3092 4232 celare,
3125 4169 3196 4224 ita
3224 4186 3322 4228 nec
3349 4176 3486 4230 arni-

1913 4262 2024 4301 cos.
2057 4248 2189 4302 Cum
2224 4249 2382 4319 igitur
2407 4265 2514 4306 non
2552 4252 2658 4306 sint
2683 4269 2894 4319 arcana,
2941 4257 3055 4312 fieri
3093 4276 3198 4316 non
3230 4274 3404 4332 potest
3433 4279 3490 4323 ut

1911 4355 1975 4393 ex
2017 4353 2080 4394 ea
2127 4355 2184 4394 re
2231 4341 2302 4394 sit
2341 4342 2618 4398 abscissio.
2648 4346 2856 4401 Arcana
2895 4349 3036 4404 enim
3079 4367 3186 4408 non
3229 4355 3493 4414 habemus

1914 4440 2132 4500 propter
2152 4432 2319 4498 aliud,
2344 4448 2501 4503 quam
2528 4435 2668 4504 quod
2694 4453 2796 4490 non
2819 4439 3067 4496 omnibus
3096 4443 3322 4501 fidamus
3355 4465 3368 4501 :
3399 4466 3488 4504 ca-

1911 4522 2084 4576 ritatis
2112 4522 2288 4591 itaque
2313 4524 2799 4594 refrigeratiofecit
2826 4543 3040 4586 arcana.
3073 4533 3205 4590 Nam
3232 4539 3359 4607 quid
3388 4539 3486 4595 ha-

1911 4615 2005 4670 bes
2056 4617 2362 4670 arcanum?
2407 4617 2489 4672 vis
2537 4617 2784 4687 injuriam
2831 4620 3008 4680 facere
3057 4629 3344 4694 proximo?
3391 4643 3493 4689 aut.

1913 4707 2164 4777 prohibes
2191 4723 2258 4763 ne
2284 4708 2363 4762 sit
2381 4708 2604 4780 alicujus
2632 4712 2753 4767 boni
2787 4715 3074 4786 particeps,
3116 4729 3169 4773 et
3199 4731 3482 4792 propterea

1911 4815 2033 4855 eum
2061 4799 2245 4854 celas?
2268 4800 2337 4854 At
2374 4800 2504 4854 nihil
2535 4811 2617 4856 est
2651 4802 2838 4858 horum
2863 4823 2877 4871 ;
2907 4807 3002 4861 sed
3032 4810 3344 4868 erubescis?
3373 4815 3492 4871 lloc

1911 4899 1995 4945 est
2021 4906 2148 4961 ergo
2176 4891 2383 4962 signum
2411 4893 2553 4964 quod
2586 4909 2689 4949 non
2735 4895 2871 4951 fidis.
2913 4898 2966 4953 Si
3009 4901 3078 4955 sit
3114 4916 3241 4972 ergo
3266 4908 3483 4974 caritas,

1912 5000 2018 5040 non
2049 4985 2150 5040 erit
2188 4985 2420 5041 detectio
2469 5001 2807 5053 arcanorum,
2849 4991 2944 5044 sed
2975 5008 3072 5047 nec
3116 4999 3478 5065 exprobratio.

1911 5079 2039 5148 Quis
2062 5078 2224 5143 enim,
2240 5078 2348 5142 dic,
2365 5093 2566 5144 quzeso,
2591 5079 2782 5133 anima:
2803 5096 2914 5136 suae
2945 5099 3192 5154 umquam
3207 5089 3500 5157 exprobra-

1915 5171 2090 5226 verit?
2120 5171 2271 5239 Quod
2307 5173 2353 5225 si
2393 5173 2551 5226 etiam
2592 5172 2700 5238 liat,
2735 5176 2791 5227 lit
2835 5187 3050 5244 promer
3088 5179 3316 5235 lucrum.
3349 5180 3480 5234 Nam

1912 5265 2070 5319 etiam
2117 5263 2296 5332 pueris
2343 5262 2726 5331 exprobramus
2770 5265 3011 5322 volentes
3054 5282 3148 5322 eos
3186 5270 3432 5325 mordere
3469 5289 3482 5326 :

1911 5359 2153 5413 Christus
2188 5370 2400 5425 quoque
2442 5357 2746 5410 civitatibus
2795 5368 2917 5412 tunc
2957 5359 3484 5428 cmpitexprobrare,

1921 5449 2010 5504 γω
2036 5449 2121 5504 tibi
2150 5447 2418 5512 Corozain,
2451 5462 2525 5500 va:
2554 5448 2640 5500 tibi
2667 5447 2941 5503 Bethsaida
2971 5449 3120 5521 (Luc.
3163 5451 3246 5504 10.
3284 5453 3393 5519 15),
3426 5461 3484 5507 ut

1913 5560 2003 5597 eas
2033 5542 2285 5597 liberaret
2308 5555 2336 5594 a
2365 5541 2594 5610 probris.
2622 5539 2764 5595 Nihil
2793 5542 2934 5596 enim
2956 5542 3191 5596 animum
3217 5544 3285 5597 ita
3310 5555 3486 5612 potest

1915 5645 2150 5704 tangere,
2182 5641 2238 5688 et
2264 5649 2386 5688 eum
2412 5634 2582 5701 magis
2609 5637 2862 5698 excitare,
2893 5641 2947 5686 et
2976 5631 3241 5702 dejectum
3277 5653 3339 5691 ac
3371 5634 3487 5692 dis-

1913 5725 2141 5778 Solutum
2189 5724 2415 5794 erigere.
2465 5723 2648 5792 Neque
2696 5738 2794 5777 nos
2839 5732 3041 5779 temere
3077 5725 3212 5781 alter
3257 5729 3482 5783 alterum

1917 5815 2124 5886 probris
2161 5823 2492 5886 appetamus.
2529 5815 2664 5881 Quid
2695 5815 2878 5870 enim?
2906 5827 3122 5886 propter
3164 5820 3487 5888 peettniaSttc

1918 5909 2109 5981 probra
2150 5909 2398 5981 ingeras?
2445 5908 2808 5979 Nequaquam,
2845 5909 3100 5981 siquidem
3135 5928 3250 5981 qua:
3291 5912 3484 5979 habes,
