3960 6500
491 450 563 507 75
1195 436 1256 493 S.
1296 432 1572 493 JOANNIS
1608 427 2083 487 CHRYSOSTOMI
2122 424 2435 481 ARCHIEP.
2476 421 3010 479 CONSTANTINOP.
3695 431 3755 483 7t;

501 566 745 642 possides
770 560 1089 619 communia.
1116 558 1184 611 At
1208 556 1424 625 propter
1449 551 1708 623 peccata?
1735 548 1809 603 Ne
1831 548 1928 601 hoc
1956 546 2073 615 qui-

501 639 646 723 dem,
674 656 766 713 sed
799 654 971 725 potius
990 649 1253 718 corriges.
1280 644 1350 700 Et
1372 646 1597 716 plagam,
1628 640 1819 711 inquit,
1850 639 2076 692 dolosam

502 754 583 820 (1.
612 752 728 804 Cor.
764 747 849 800 14.
890 745 968 813 1).
1000 741 1138 802 Ouid
1166 737 1337 794 vero?
1367 739 1601 807 seipsum
1646 731 1914 803 perimet?
1957 732 2077 799 quis

502 842 673 914 ipsum
720 834 1019 905 percutiet?
1059 831 1248 886 Nemo.
1289 829 1682 898 Persequamur
1720 839 1849 893 ergo
1888 821 2077 876 carita-

502 913 629 988 tem.
661 929 775 984 Non
819 926 953 980 dixit
990 923 1320 992 simpliciter,
1366 920 1675 988 Diligamns,
1725 915 1842 979 sed,
1892 913 2078 967 Perse-

498 1036 747 1095 quamur.
779 1018 942 1073 Multo
972 1015 1150 1071 studio
1185 1028 1322 1083 opus
1355 1022 1407 1066 et
1445 1008 1713 1080 diligentia
1758 1025 1771 1060 :
1813 1006 1919 1060 cito
1950 1018 2076 1058 eva-

500 1116 691 1178 nescit,
718 1114 874 1169 velox
899 1121 983 1167 est
1010 1110 1076 1163 ad
1118 1106 1473 1163 recedendum
1508 1121 1521 1155 :
1555 1111 1662 1157 tam
1703 1101 1866 1155 multa
1896 1099 1947 1152 in
1972 1098 2077 1151 vita

500 1206 627 1261 huic
654 1205 731 1260 rei
757 1204 975 1259 exitium
1017 1200 1264 1255 all‘erunt.
1293 1197 1346 1252 Si
1383 1211 1501 1251 eam
1534 1206 1936 1264 persequamur,
1971 1202 2076 1243 non

502 1298 649 1368 prius
687 1296 992 1360 recesserit,
1036 1308 1191 1363 quam
1235 1306 1353 1345 eam
1382 1290 1489 1344 cito
1536 1284 1932 1342 attraxerimus.
1982 1280 2079 1336 Dei

500 1390 695 1444 caritas
720 1387 853 1442 caelo
880 1396 1075 1441 terram
1105 1382 1413 1453 conjunxit;
1460 1379 1550 1434 Dei
1588 1378 1784 1433 caritas
1810 1374 2078 1429 hominem

504 1480 693 1537 sedere
715 1480 1013 1547 fecitsnper
1034 1477 1280 1531 thronum
1312 1474 1549 1544 regium;
1580 1470 1670 1525 Dei
1695 1469 1888 1523 caritas
1913 1467 2078 1522 Deum

502 1570 736 1645 ostendit
776 1584 939 1639 super
983 1579 1224 1632 terram;
1266 1564 1363 1620 Dei
1402 1563 1600 1618 caritas
1636 1560 1912 1614 dominum
1956 1556 2081 1611 fecit

2185 558 2434 606 servum;
2482 542 2574 597 Dei
2604 541 2798 595 caritas
2829 539 2953 595 fecit
2992 548 3049 594 ut
3077 539 3375 596 traderetur
3411 541 3635 597 dilectus
3668 559 3757 613 pro

2184 636 2431 698 inimicis,
2469 633 2610 687 [ilius
2644 646 2741 701 pro
2768 632 2833 686 iis
2858 632 2948 701 qui
2995 632 3239 696 oderant,
3269 632 3501 689 dominis
3523 649 3621 703 pro
3644 650 3759 691 ser-

2187 728 2287 793 vis,
2329 726 2466 780 Dens
2492 739 2591 794 pro
2618 723 2943 786 hominibus,
2990 723 3126 779 liber
3164 738 3262 792 pro
3291 724 3524 781 famulis.
3562 726 3672 782 Nec
3697 743 3758 783 eo

2148 806 2153 811 ’
2186 834 2353 888 usque
2374 817 2634 880 constitit,
2653 816 2749 870 sed
2770 830 2869 871 nos
2888 816 3094 881 vocavit
3117 815 3182 870 ad
3206 816 3429 886 majora.
3457 816 3574 872 Non
3594 806 3769 876 soluml

2185 912 2327 965 enim
2358 924 2455 963 nos
2482 908 2725 962 liberavit
2748 922 2777 960 a
2810 906 3075 977 prioribus
3102 906 3274 971 malis,
3296 907 3391 963 sed
3418 909 3577 963 etiam
3600 912 3760 967 multo

2187 1004 2385 1073 majora
2412 1017 2472 1058 se
2503 1001 2750 1057 daturum
2783 1010 2867 1056 est
2904 999 3190 1069 pollicitus.
3227 1000 3334 1055 Pro
3361 1000 3467 1067 his,
3498 1003 3632 1057 actis
3656 999 3762 1060 Deo

2183 1095 2388 1164 gratiis,
2416 1109 2629 1150 omnem
2660 1108 3046 1164 persequamur
3068 1097 3342 1160 virtutem,
3376 1102 3433 1148 et
3458 1109 3570 1163 prae
3588 1097 3760 1152 omni-

2188 1188 2287 1242 bus
2331 1187 2604 1242 caritatem
2651 1200 3017 1250 exerceamus,
3055 1194 3113 1239 ut
3151 1184 3294 1256 digni
3341 1185 3633 1242 habeamur
3674 1191 3761 1259 qui

2187 1291 2587 1347 consequamur
2608 1275 2747 1331 bona
2776 1275 3060 1344 promissa,
3092 1290 3187 1344 per
3208 1276 3430 1346 gratiam
3455 1288 3509 1331 et
3535 1278 3765 1349 benigni-

2188 1378 2349 1424 tatem
2380 1368 2589 1424 Domini
2618 1367 2790 1422 nostri
2818 1366 2945 1422 Jesu
2980 1365 3199 1431 Christi,
3245 1369 3328 1422 cui
3369 1383 3491 1424 cum
3522 1369 3683 1426 Patre
3717 1382 3766 1427 et

2186 1462 2387 1531 Spiritu
2413 1471 2598 1515 sancto
2620 1459 2811 1529 gloria,
2840 1459 3143 1528 imperium,
3167 1458 3357 1527 honor,
3380 1476 3521 1516 nunc
3546 1471 3603 1517 et
3628 1478 3766 1518 sem-

2188 1569 2304 1624 per,
2332 1562 2387 1609 et
2411 1553 2463 1607 in
2490 1552 2686 1607 saecula
2713 1551 3052 1606 saeculorum.
3085 1551 3277 1606 Amen.

507 1684 3761 1728 ________________._..___________————————————————

1906 1761 2249 1823 HOMlLlA
2294 1758 2351 1818 Χ
2365 1803 2378 1816 .

502 1928 631 1982 Car.
670 1927 724 1981 4.
757 1941 809 1977 v.
841 1926 895 1979 4.
941 1922 1109 1977 Unum
1142 1935 1325 1989 corpus
1362 1928 1406 1971 et
1437 1933 1567 1969 unus
1604 1914 1834 1987 spiritus,
1866 1911 1994 1965 sicut
2032 1918 2078 1961 et

574 2019 733 2072 vocati
755 2017 873 2071 estis
894 2015 945 2068 in
976 2030 1080 2067 una
1105 2028 1193 2083 spe
1215 2008 1488 2064 vocationis
1516 2014 1710 2063 vestra.

576 2117 629 2163 1.
668 2106 890 2176 Quando
910 2104 973 2158 ad
1001 2118 1247 2173 magnum
1273 2098 1468 2169 aliquid
1496 2112 1595 2151 nos
1614 2094 1924 2151 exhortatur
1946 2093 2079 2147 Pau—

506 2205 610 2264 lus,
642 2212 698 2257 nt
722 2202 810 2271 qui
840 2200 910 2256 sit
942 2197 1096 2253 valde
1125 2196 1339 2266 sapiens
1367 2202 1423 2248 et
1452 2190 1763 2261 Spiritualis,
1802 2188 1947 2243 ducit
1983 2202 2078 2240 ex-

505 2294 859 2349 hortationem
907 2291 974 2345 ab
1016 2289 1082 2344 iis
1128 2303 1247 2356 qua:
1277 2294 1403 2340 sunt
1444 2284 1497 2337 in
1542 2280 1708 2345 caelis,
1752 2288 1810 2333 ut
1845 2278 1933 2348 qui
1977 2277 2080 2330 hoc

506 2391 679 2459 ipsmn
722 2401 753 2440 a
798 2384 1021 2440 Domino
1060 2379 1346 2436 didicerit:
1378 2377 1517 2432 sicut
1555 2376 1713 2429 etiam
1756 2371 1888 2427 dicit
1930 2370 2076 2431 alibi,

505 2478 772 2536 Ambulate
796 2478 849 2531 in
871 2474 1155 2538 dilectione,
1183 2472 1314 2525 sicut
1340 2477 1387 2523 et
1410 2467 1638 2522 Christus
1676 2464 1853 2519 dilexit
1891 2478 2003 2525 nos,
2036 2469 2080 2513 et

506 2572 714 2629 tradidit
727 2568 1053 2638 semetipsum
1072 2582 1163 2635 pro
1189 2562 1329 2618 nobis
1349 2560 1564 2629 (Ep/tes.
1592 2559 1645 2614 5.
1671 2557 1764 2629 2);
1795 2564 1849 2611 et
1872 2569 2078 2617 rursus,

509 2663 623 2720 [Ioc
643 2664 891 2718 sentiatur
916 2663 970 2713 in
996 2657 1133 2712 vobis
1154 2654 1290 2725 quod
1310 2654 1429 2707 etin
1454 2651 1652 2706 Christo
1678 2648 1709 2701 .l
1717 2664 1823 2713 esu,
1860 2646 1943 2715 qui
1970 2661 2083 2698 cum

504 2754 745 2825 informa
780 2751 875 2806 Dei
901 2760 1049 2811 esset,
1092 2764 1194 2801 non
1234 2746 1468 2815 rapinam
1502 2742 1774 2795 arbitratus
1800 2749 1871 2793 est
1899 2754 2004 2791 esse
2031 2751 2084 2789 se

506 2845 752 2917 a'qualem
782 2842 890 2897 Deo
912 2841 1170 2913 (Philipp.
1193 2837 1251 2890 2.
1282 2837 1335 2892 5.
1366 2835 1446 2902 6).
1482 2835 1591 2887 11οο
1618 2832 1779 2886 etiam
1811 2829 1898 2882 hic
1937 2827 2079 2881 facit.

508 2935 729 3005 Quando
781 2933 922 2989 cnim
970 2929 1212 2999 exempla
1267 2925 1536 3007 proposita
1582 2932 1705 2978 sunt
1747 2935 1957 2991 magna,
2004 2928 2085 2972 est

510 3028 777 3084 aemulatio
818 3024 1110 3080 vehemens
1148 3030 1202 3075 et
1242 3017 1584 3073 desiderium.
1630 3013 1767 3080 Quid
1807 3026 1935 3081 ergo
1961 3010 2087 3065 dicit

511 3136 609 3177 nos
636 3119 928 3175 adhortans
972 3114 1039 3169 ad
1089 3109 1387 3168 unitatem?
1438 3107 1606 3163 Unum
1640 3090 1833 3175 corpus
1872 3113 1916 3157 et
1958 3118 2087 3155 unus

510 3213 739 3282 spiritus,
775 3212 903 3263 sicut
951 3217 998 3261 et
1044 3204 1207 3259 vocati
1247 3203 1364 3258 estis
1414 3203 1469 3254 in
1517 3216 1619 3254 una
1670 3214 1762 3268 spe
1808 3195 2087 3251 vocationis

512 3316 687 3360 vestra:
711 3319 729 3355 :
756 3303 809 3359 5.
842 3316 973 3355 unus
999 3296 1269 3359 Dominus,
1301 3310 1403 3347 una
1427 3292 1578 3361 ﬁdes,
1637 3306 1793 3343 unum
1813 3287 2082 3361 baptisma.

511 3396 650 3465 Quid
676 3403 757 3451 est
784 3404 962 3449 autem
996 3406 1156 3445 unum
1188 3384 1425 3456 corpus?
1453 3384 1553 3450 Qui
1583 3389 1706 3438 sunt
1746 3380 1941 3448 ubique
1982 3360 2088 3432 ter-

511 3502 695 3545 rarum
731 3485 915 3541 lideles
946 3492 999 3536 et
1028 3481 1240 3536 fuerunt
1260 3488 1309 3532 et
1342 3476 1502 3530 futuri
1528 3482 1672 3528 sunt.
1698 3472 1900 3525 Rursus
1924 3477 1979 3523 et
1999 3467 2087 3537 qui

511 3590 637 3635 ante
663 3577 861 3634 Christi
882 3574 1164 3630 adventum
1197 3571 1529 3640 placuerunt,
1551 3573 1675 3620 sunt
1691 3579 1851 3618 unum
1873 3575 2085 3629 corpus.

512 3668 833 3742 Quomodo?
871 3668 1130 3734 Quoniam
1177 3663 1250 3716 illi
1301 3674 1511 3731 quoque
1559 3657 1826 3712 Christum
1870 3660 2085 3707 norunt.

512 3762 793 3819 Undenam
820 3759 922 3812 hoc
946 3755 1193 3812 constat?
1220 3751 1473 3806 Abraham
1517 3758 1661 3817 pater
1689 3756 1866 3808 vester,
1895 3743 2086 3812 inquit,

515 3853 779 3911 exsultavit
816 3861 870 3904 ut
915 3848 1101 3902 videret
1130 3847 1262 3901 dicm
1295 3857 1502 3905 nteant;
1541 3851 1584 3893 et
1618 3840 1764 3903 vidit,
1802 3847 1847 3891 et
1890 3835 2090 3907 gavisus

514 3955 590 4000 est
612 3943 791 4015 (Joan.
823 3942 876 3995 8.
904 3940 1032 4008 56);
1059 3947 1113 3991 et
1142 3950 1346 3994 rursus,
1377 3933 1437 3987 Si
1462 3931 1729 3985 crederetis
1759 3928 1948 3997 Moysi,
1984 3942 2091 3979 cre-

516 4036 701 4093 deretis
729 4033 896 4101 utique
922 4040 966 4084 et
994 4029 1118 4082 mihi
1149 4043 1166 4080 :
1194 4028 1256 4080 de
1286 4041 1362 4078 me
1402 4023 1532 4076 enim
1559 4022 1647 4075 ille
1687 4020 1887 4089 scripsit
1922 4016 1974 4088 (1
1982 4018 2087 4070 bid.

517 4130 574 4185 5.
604 4126 721 4197 46).
754 4135 807 4179 et
837 4121 1128 4193 prophetae.
1167 4118 1280 4171 Non
1321 4115 1660 4183 scripsissent
1702 4121 1901 4175 autem,
1940 4109 1986 4162 si
2024 4106 2091 4163 de

518 4236 584 4277 eo
637 4220 970 4289 ignorasscnt
1016 4226 1133 4284 qua:
1178 4207 1424 4263 dicebant
1470 4223 1484 4257 :
1522 4220 1642 4258 eum
1691 4203 1861 4271 ipsum
1913 4211 2091 4254 autem

519 4319 757 4377 nossent,
799 4308 957 4366 etiam
996 4303 1307 4359 adorabant.
1359 4298 1715 4366 Qnamohrem
1767 4295 1837 4348 illi
1882 4308 2091 4362 quoque

438 4456 441 4457 ν
519 4414 641 4459 sunt
672 4418 833 4459 unum
855 4413 1070 4468 Corpus.
1103 4394 1218 4449 Non
1249 4402 1331 4448 est
1356 4392 1676 4460 disjunctum
1703 4403 1896 4456 corpus
1921 4401 1952 4440 a
1978 4386 2091 4455 spi-

520 4500 622 4551 ritu
650 4516 663 4551 :
695 4493 892 4563 alioqui
924 4505 1027 4545 non
1058 4486 1215 4542 fuerit
1239 4499 1449 4557 corpus.
1476 4482 1586 4538 Nos
1611 4481 1753 4537 enim
1779 4479 2014 4534 solemus
2039 4480 2090 4532 in

520 4589 701 4653 nnitis,
724 4596 777 4642 et
799 4600 916 4654 quae
938 4583 1157 4639 multam
1183 4579 1380 4634 habent
1404 4573 1861 4643 consequentiam,
1890 4571 2089 4635 dicere,

522 4686 615 4737 list
642 4696 801 4735 unum
834 4693 1046 4747 corpus.
1078 4674 1152 4728 Ita
1181 4674 1338 4725 etiam
1366 4684 1464 4724 nos
1489 4670 1540 4723 in
1568 4668 1763 4723 unione
1800 4664 2093 4735 accipimus

520 4788 682 4827 mmm
715 4784 910 4839 corpus
938 4781 1044 4821 uno
1066 4764 1258 4833 capite.
1283 4762 1337 4817 Si
1366 4770 1447 4816 est
1469 4768 1643 4815 autem
1673 4774 1832 4813 unum
1856 4765 2013 4826 caput
2038 4764 2093 4809 et

522 4880 683 4918 unum
711 4874 927 4930 corpus,
955 4864 1167 4919 constat
1191 4868 1384 4922 corpus
1404 4867 1471 4907 ex
1496 4850 1749 4906 membris
1773 4847 2011 4903 honestis
2041 4856 2095 4899 et

520 4975 627 5013 non
657 4954 914 5011 honestis.
942 4950 1205 5004 Czrterutn
1247 4959 1419 5014 neque
1450 4944 1503 4996 in
1533 4940 1844 4994 vilissimum
1873 4937 2096 5007 insurgit

520 5051 571 5105 id
603 5046 745 5119 quod
769 5055 851 5100 cst
877 5042 1070 5111 majus,
1119 5054 1290 5107 neque
1326 5034 1453 5090 illud
1500 5034 1624 5087 huic
1666 5030 1885 5085 invidet.
1933 5028 2093 5100 Atqui

522 5159 627 5198 non
656 5139 902 5196 eumdem
943 5148 1095 5188 usum
1139 5146 1235 5185 nec
1274 5127 1517 5183 eamdem
1560 5123 1886 5178 iunctionem
1918 5122 2094 5173 omnia

518 5239 768 5298 alterunt,
818 5231 913 5285 sed
960 5225 1339 5283 convenienter
1379 5219 1566 5274 rationi
1618 5215 1949 5271 necessitatis
1987 5232 2001 5267 :
2042 5225 2096 5270 et

518 5332 643 5403 quia
673 5329 804 5383 facta
834 5332 955 5380 sunt
985 5320 1160 5375 omnia
1186 5314 1489 5371 necessario
1515 5321 1567 5365 et
1593 5310 1657 5365 ad
1679 5310 1920 5364 diversos
1947 5322 2092 5369 usus,

519 5399 700 5477 omnia
744 5428 870 5474 sunt
915 5416 1115 5468 honore
1146 5409 1313 5477 paria.
1356 5406 1492 5460 Sunt
1528 5411 1703 5458 autem
1745 5402 1846 5454 alia
1883 5399 2093 5469 quidem

522 5509 979 5584 praestantissima,
1010 5514 1061 5559 et
1087 5518 1203 5573 qua:
1231 5500 1459 5553 maxime
1480 5495 1807 5550 dominatum
1831 5492 2090 5552 obtinent,

491 5583 623 5657 iulia
652 5618 779 5657 vero
812 5601 986 5654 minus
1020 5614 1033 5650 :
1070 5606 1125 5649 ut
1167 5602 1326 5661 caput
1368 5598 1450 5643 est
1494 5587 1654 5640 totius
1687 5583 1928 5653 corporis
1960 5598 2065 5650 prae

522 5694 908 5750 stantissimum
940 5706 988 5745 et
1020 5688 1188 5757 magis
1214 5685 1543 5739 dominatum
1576 5679 1841 5740 obtinens,
1868 5685 1925 5728 ut
1957 5674 2095 5741 quod

524 5792 578 5843 in
616 5806 673 5841 se
713 5788 903 5840 habent
938 5798 1127 5838 omnes
1156 5793 1345 5835 sensus
1384 5786 1438 5831 et
1467 5774 1658 5828 animm
1702 5769 2050 5839 principatum
2082 5786 2094 5820 :

526 5897 695 5951 neque
723 5879 918 5947 absque
944 5875 1113 5944 capite
1146 5871 1243 5927 vivi
1283 5878 1485 5939 potest;
1518 5863 1738 5935 pedibus
1764 5870 1939 5915 autem
1973 5874 2083 5912 am-

2188 1902 2386 1973 putatis
2415 1903 2568 1956 multi
2597 1903 2838 1957 vixerunt
2875 1902 3032 1974 longo
3074 1914 3331 1975 tempore.
3363 1906 3458 1962 Est
3495 1908 3677 1979 itaque
3717 1910 3765 1967 id

2188 1995 2291 2049 illis
2318 2009 2421 2048 non
2449 1994 2618 2049 solum
2645 1995 2749 2050 situ
2771 1999 3129 2064 praestantius,
3154 1997 3249 2053 sed
3270 2000 3428 2054 etiam
3458 2003 3766 2071 operatione

2188 2098 2242 2143 et
2270 2088 2478 2142 ordine.
2507 2087 2684 2155 Quare
2721 2087 2821 2142 hoc
2861 2088 2983 2144 dico
3013 2108 3026 2144 :
3057 2089 3192 2145 Sunt
3238 2093 3288 2146 in
3320 2094 3555 2149 Ecclesia
3593 2097 3764 2164 multi,

2186 2178 2275 2248 qui
2303 2192 2427 2233 sunt
2464 2179 2516 2232 in
2547 2180 2709 2233 altum
2754 2181 2941 2247 erecti,
2975 2190 3031 2235 ut
3067 2192 3246 2252 caput,
3277 2186 3682 2243 considerantes
3716 2199 3767 2244 et

2187 2272 2526 2340 speculantes
2552 2272 2804 2337 caelestia,
2849 2274 2986 2327 sicut
3027 2275 3167 2330 oculi
3212 2278 3262 2331 in
3306 2278 3501 2347 capite,
3542 2281 3765 2335 multum

2187 2363 2444 2418 distantes
2468 2379 2496 2415 a
2527 2372 2687 2429 terra,
2724 2373 2779 2418 et
2816 2365 3053 2434 quicum
3099 2381 3163 2421 ea
3202 2367 3333 2422 nihil
3376 2369 3575 2426 habent
3618 2386 3767 2426 com-

2190 2472 2349 2512 mune
2400 2474 2415 2510 :
2473 2456 2560 2511 alii
2610 2464 2787 2511 autem
2838 2465 3019 2512 tenent
3069 2459 3242 2514 locum
3289 2460 3517 2529 pedum,
3569 2472 3767 2517 terram

2188 2550 2477 2615 calcantes,
2517 2548 2612 2605 sed
2650 2549 2842 2619 pedum
2886 2564 3155 2605 sanorum.
3195 2551 3309 2608 Non
3356 2555 3499 2609 enim
3545 2556 3769 2625 pedibus

2190 2642 2345 2696 datur
2368 2642 2496 2695 vitio
2522 2642 2661 2710 quod
2694 2652 2887 2697 terram
2918 2643 3148 2710 calcent,
3192 2643 3285 2699 sed
3311 2646 3450 2715 quod
3476 2647 3542 2701 ad
3572 2648 3768 2701 malum

2189 2741 2407 2787 currant
2436 2751 2449 2786 :
2473 2746 2593 2786 nam
2622 2731 2807 2799 Pedes,
2836 2735 3024 2803 inquit,
3047 2751 3219 2789 eorum
3243 2748 3454 2791 currunt
3482 2740 3551 2793 ad
3574 2742 3769 2795 malum

2192 2823 2344 2894 (lsai.
2376 2824 2465 2879 59.
2490 2825 2567 2894 7).
2595 2824 2776 2894 Neque
2805 2839 2954 2895 ergo,
2988 2826 3177 2896 inquit,
3205 2829 3345 2884 oculi
3366 2831 3699 2888 extollantur
3722 2846 3772 2891 et

2191 2914 2418 2985 superbe
2441 2930 2499 2969 se
2527 2925 2714 2984 gerant
2739 2914 2995 2971 adversus
3028 2918 3226 2986 pedes;
3259 2935 3429 2991 neque
3449 2923 3611 2990 pedes
3640 2941 3772 2980 ocu-

2192 3007 2257 3060 lis
2286 3004 2575 3071 invideant,
2610 3006 2843 3076 alioquin
2873 3007 3156 3078 unicuique
3195 3024 3290 3065 sua
3330 3014 3539 3082 pr0pria
3571 3016 3772 3070 tollitur

2195 3098 2550 3168 pulchritudo,
2585 3109 2640 3154 et
2667 3115 2795 3155 suus
2824 3099 3088 3169 perfectus
3122 3102 3409 3172 impeditur
3435 3122 3563 3161 usus
3592 3117 3651 3163 et
3681 3124 3773 3163 sua

2197 3193 2393 3245 iunctio
2414 3208 2425 3244 :
2452 3201 2503 3247 et
2519 3192 2638 3262 jure
2655 3192 2704 3246 id
2726 3192 2917 3247 dicitur
2939 3214 2951 3248 :
2972 3209 3091 3249 nam
3110 3195 3198 3265 qui
3215 3196 3490 3253 insidiatur
3504 3202 3771 3269 proximo,

2195 3286 2292 3340 sibi
2327 3288 2552 3354 primum
2582 3295 2732 3355 parat
2760 3286 2996 3341 insidias.
3026 3287 3080 3342 Si
3105 3304 3231 3359 ergo
3251 3289 3413 3359 pedes
3439 3292 3612 3347 nolint
3637 3309 3771 3366 por-

2197 3387 2308 3431 tare
2336 3386 2492 3446 caput
2540 3376 2866 3446 cumvegredi
2896 3379 3256 3433 necessarium
3284 3390 3399 3444 est,
3427 3382 3529 3437 sibi
3559 3400 3775 3454 quoque

2197 3468 2466 3521 interitum
2487 3466 2717 3522 aderunt
2733 3476 2949 3537 propter
2965 3468 3386 3525 immobilitatem
3407 3482 3461 3527 et
3481 3474 3770 3544 pigritiam:

2195 3567 2251 3613 et
2278 3559 2321 3612 si
2357 3569 2514 3627 caput
2554 3558 2754 3611 nullam
2787 3558 2915 3611 velit
2940 3558 3130 3627 pedum
3158 3574 3339 3615 curam
3359 3576 3572 3632 gerere,
3601 3566 3774 3634 ipsum

2196 3650 2422 3719 primum
2456 3648 2684 3703 laeditur.
2723 3650 2793 3702 At
2822 3648 2908 3702 illa
2934 3650 3147 3718 quidem
3189 3650 3417 3706 alterum
3452 3654 3506 3708 in
3542 3656 3773 3711 alterum

2197 3756 2301 3795 non
2328 3741 2601 3811 insurgere
2617 3750 2699 3795 est
2717 3751 3131 3797 consentaneum
3156 3760 3171 3796 :
3191 3743 3269 3798 sic
3293 3745 3434 3801 enim
3459 3751 3775 3806 naturaliter

2196 3834 2494 3887 ordinatum
2521 3842 2604 3887 est
2636 3850 2648 3885 :
2682 3832 2775 3888 sed
2803 3832 3071 3902 quomodo
3102 3833 3215 3888 lieri
3246 3842 3420 3904 potest
3449 3846 3506 3891 ut
3534 3837 3705 3895 homo
3725 3843 3774 3897 in

2196 3926 2468 3981 hominem
2495 3940 2600 3979 non
2630 3925 2908 3995 insurgat?
2933 3925 3116 3995 Neque
3148 3927 3288 3995 enim
3316 3930 3625 3999 angelorum
3656 3936 3775 4005 quis

2199 4017 2454 4087 insurgit,
2504 4016 2751 4085 quoniam
2794 4031 2893 4071 nec
2949 4016 3025 4070 illi
3075 4016 3334 4073 adversus
3383 4021 3773 4094 archangelos;

2198 4123 2372 4178 neque
2401 4123 2585 4163 rursus
2610 4107 2766 4162 bruta
2796 4107 2915 4176 plus
2942 4123 3101 4178 quam
3126 4124 3228 4179 ego
3256 4110 3433 4166 eﬂ‘erri
3461 4121 3518 4169 et
3541 4116 3776 4184 majores

2198 4200 2415 4269 spiritus
2440 4207 2665 4271 possunt
2687 4200 2966 4268 concipere
2992 4217 3006 4254 :
3033 4199 3120 4255 ubi
3141 4210 3317 4256 autem
3347 4218 3441 4271 par
3462 4214 3545 4258 est
3566 4205 3777 4263 honore

2197 4300 2408 4359 natura,
2441 4299 2497 4346 et
2524 4305 2689 4345 unum
2711 4288 2929 4354 donum,
2960 4298 3014 4346 et
3038 4292 3136 4345 iste
3165 4291 3282 4361 plus
3319 4308 3476 4362 quam
3517 4295 3608 4350 ille
3640 4297 3776 4351 nihil

2198 4384 2359 4440 habet
2385 4400 2483 4439 nec
2503 4391 2807 4454 superatur,
2829 4383 3097 4453 quomodo
3123 4398 3229 4439 non
3252 4386 3605 4443 insurrexerit
3620 4389 3647 4442 τ
3665 4390 3780 4444 lmo

2199 4492 2325 4532 vero
2354 4485 2574 4547 prepter
2604 4475 2717 4529 hazc
2742 4490 2846 4528 non
2872 4474 3035 4529 debes
3064 4474 3337 4545 insurgere
3365 4476 3419 4530 in
3445 4479 3778 4546 proximum.

2199 4570 2328 4624 Nam
2356 4570 2401 4623 si
2435 4569 2614 4624 omnia
2652 4576 2777 4622 sunt
2817 4568 3140 4632 communia,
3188 4576 3243 4622 et
3284 4568 3420 4623 alter
3450 4570 3571 4639 plus
3616 4586 3780 4642 quam

2199 4663 2335 4725 alter
2356 4677 2459 4716 non
2478 4660 2659 4725 habet,
2684 4657 2948 4714 undenam
2964 4661 3299 4729 arrogantia?
3316 4660 3569 4730 Ejusdem
3590 4678 3781 4719 sumus

2204 4763 2405 4807 natura:
2427 4752 2733 4822 participes,
2765 4750 2958 4804 anima:
2984 4758 3038 4804 et
3063 4751 3304 4820 corporis
3325 4752 3595 4819 similiter,
3620 4771 3780 4811 eum-

2201 4844 2322 4898 dem
2353 4843 2618 4919 spiramus
2653 4856 2853 4905 aerem,
2885 4839 3073 4895 iisdem
3116 4841 3314 4896 utimur
3340 4841 3650 4909 alimentis;
3686 4860 3783 4900 un—

2201 4937 2390 4991 denam
2420 4934 2782 4990 insurrectio?
2812 4933 2879 4987 At
2901 4947 3057 5001 posse
3085 4941 3298 5000 propter
3322 4933 3572 4990 virtutem
3600 4938 3780 4991 incor-

2203 5040 2390 5096 porcas
2431 5038 2685 5094 superare
2726 5030 3032 5092 potestates,
3076 5021 3272 5076 sul‘licit
3307 5022 3373 5077 ad
3421 5023 3782 5080 inducendam

2202 5114 2559 5186 arrogantiam
2591 5131 2604 5166 :
2635 5115 2741 5168 imo
2782 5127 2912 5167 vero
2954 5127 3058 5165 non
3109 5112 3266 5166 luerit
3310 5113 3411 5168 hoc
3446 5117 3783 5185 arrogantia.

2204 5210 2315 5278 Ego
2361 5216 2537 5261 autem
2580 5207 2769 5259 merito
2804 5205 3065 5259 adversus
3105 5204 3402 5259 daemonem
3450 5208 3687 5263 extollor
3730 5219 3787 5264 et

2202 5298 2355 5352 valde
2379 5297 2626 5351 extollor.
2664 5295 2798 5350 Vide
2826 5306 3002 5350 autem
3032 5294 3301 5364 quomodo
3335 5295 3528 5351 Paulus
3566 5314 3786 5369 quoque

2203 5391 2354 5445 valde
2384 5388 2744 5444 extollebatur
2767 5387 3021 5441 adversus
3042 5388 3361 5443 daemonem.
3387 5390 3611 5455 Quando
3634 5394 3785 5447 enim

2205 5498 2390 5574 tmtng
2438 5492 2491 5535 et
2531 5480 2857 5534 admirabilia
2903 5479 2970 5532 de
3007 5494 3072 5533 eo
3108 5478 3322 5535 diccbat
3366 5480 3598 5547 daemon,
3628 5485 3679 5537 ei
3724 5499 3789 5538 os

2204 5573 2485 5640 obstruxit,
2529 5591 2595 5629 ne
2638 5574 2945 5629 adulantem
2976 5573 3188 5641 quidem
3233 5573 3431 5628 ferens.
3477 5574 3609 5628 Nam
3655 5592 3787 5630 cum

2204 5670 2475 5734 ancillula,
2522 5684 2640 5737 qua:
2679 5666 2922 5737 spiritum
2974 5665 3199 5718 habebat
3239 5664 3518 5735 Pythonis,
3550 5668 3785 5733 diceret,

2210 5761 2277 5814 lli
2304 5761 2525 5814 homines
2552 5767 2665 5811 sunt
2694 5758 2819 5811 servi
2848 5756 2943 5810 Dei
2968 5756 3173 5817 excelsi,
3203 5756 3289 5825 qui
3317 5758 3451 5811 vobis
3478 5760 3790 5812 (tmtuntiant

2206 5856 2335 5909 viam
2372 5853 2591 5909 veritatis
2619 5853 2753 5925 (Act.
2801 5851 2881 5906 16.
2929 5848 3033 5920 Π),
3071 5850 3223 5904 valde
3266 5850 3562 5920 increpans,
3602 5852 3786 5916 impu-
