3960 6496
248 426 314 483 15
1146 424 1213 478 IN
1253 424 1468 480 EPIST.
1520 426 1617 479 Αυι
1646 426 1815 480 ΕΙἸΙΕ

1925 426 2075 481 CAP.
2119 426 2202 480 IV.
2246 426 2478 481 HOMIL.
2519 424 2587 479 Χ.
3396 432 3466 485 76

258 537 421 606 ’Υπὲρ
460 536 523 607 δὴ
571 536 774 592 τούτων
812 538 1297 611 εὐχαριστήσαντες
1337 542 1414 614 τῷ
1441 542 1580 613 θεῷ,
1624 544 1801 596 πᾶσαν

246 620 441 689 ἀρετὴν
493 619 860 691 μετέλθωμεν,
901 623 995 675 καὶ
1041 623 1146 693 πρὸ
1194 625 1409 678 πάντων
1450 625 1550 695 τὴν
1583 625 1801 695 ἀγάπην

250 702 363 772 μετ’
401 702 683 772 ἀκριὸείας
732 704 1187 776 κατορθώσωμεν,
1239 708 1327 760 ἵνα
1379 708 1801 779 καταξιωθῶμεν

249 788 520 855 ἐπιτυχεῖν
566 785 676 839 τῶν
720 786 1145 859 ἐπηγγελμένων
1195 789 1436 856 ἀγαθῶν,
1478 792 1660 861 χάριτι
1710 792 1803 843 καὶ

1906 542 2279 611 φιλανθρωπίᾳ
2310 541 2403 594 τοῦ
2430 541 2634 612 Κυρίου
2662 539 2831 611 ἡμῶν.
2862 538 3034 610 Ὶνησοῦ
3064 541 3321 611 Χριστοῦ,
3350 545 3466 612 μεθ’

1905 621 1964 679 οῦ
1993 626 2071 694 τῷ
2105 624 2279 695 Πατρί
2310 624 2425 694 ἅμα
2458 624 2534 693 τῷ
2562 624 2701 693 ἀγίῳ
2739 622 3037 693 Πνεύματι,
3073 623 3219 688 δόξα,
3249 623 3469 695 κράτος.

1904 708 2061 776 τιμὴ,
2095 705 2189 760 νῦν
2219 707 2309 760 καὶ
2347 706 2458 773 ἀεὶ,
2487 706 2581 760 καί
2608 707 2687 770 είς
2718 706 2846 769 τοὺς
2867 705 3068 769 αίῶνας
3100 706 3207 760 τῶν
3234 705 3467 759 αἰώνων.

1920 791 2113 860 Ἀμήν.

1715 1194 1956 1247 OMIAIA
1997 1194 2053 1251 ι’.

254 1398 362 1450 Ἐν
382 1394 551 1465 σῶμα
583 1396 678 1448 καὶ
706 1395 776 1448 ἓν
805 1396 1060 1463 πνεῦμα,
1087 1399 1277 1463 καθὼς
1304 1397 1399 1451 καὶ
1425 1397 1721 1465 ἐκλήθητε
1742 1397 1811 1450 ἐν

521 1477 628 1546 μιᾷ
660 1477 863 1531 ἐλπίδι
886 1477 995 1545 τῆς
1025 1482 1299 1546 κλήσεως
1326 1480 1508 1549 ὑμῶν.

320 1581 658 1636 α’.”οτανὲπί
678 1599 728 1634 τι
749 1583 928 1652 μεῖζον
946 1584 1235 1654 παρακαλῇ
1251 1586 1278 1637 6
1296 1584 1561 1653 μακάριος
1579 1582 1808 1647 Παῦλος,

254 1666 468 1727 συνετὸς
489 1664 564 1716 ὣν
592 1664 795 1735 σφόδρα
819 1668 911 1719 καί
932 1668 1319 1736 πνευματικὸς,
1353 1667 1459 1720 ἀπὸ
1484 1666 1590 1719 τῶν
1624 1667 1680 1717 ἐν
1701 1668 1811 1729 τοῖς

257 1752 315 1803 ού
324 1752 496 1821 ρανοῖς
512 1752 741 1802 ποιεῖται
762 1750 859 1819 τὴν
876 1750 1238 1822 παράκλησιν,
1253 1751 1409 1803 τοῦτο
1429 1750 1492 1821 δὴ
1507 1747 1639 1803 αὐτὸ
1662 1750 1813 1819 παρὰ

256 1835 348 1888 τοῦ
376 1834 575 1905 Κυρίου
615 1833 949 1903 μεμαθηκώς
968 1852 985 1867 ο
1014 1834 1197 1897 καθὼς
1231 1836 1322 1888 καὶ
1360 1834 1593 1904 ἀλλαχοῦ
1636 1850 1768 1903 φησι
1797 1851 1809 1864 ·

252 1916 623 1985 Περιπατεῒτε
645 1918 716 1969 ἐν
745 1917 965 1987 ἀγάπῃ,
996 1918 1190 1982 καθὼς
1214 1919 1312 1971 καί
1339 1920 1373 1972 ό
1394 1917 1644 1985 Χριστὸς
1671 1915 1812 1984 ἠγά-

251 2015 445 2067 πησεν
485 1999 597 2071 [75]
636 1999 813 2068 ἡμᾶς,
868 2002 965 2055 καὶ
1011 2003 1350 2069 παρέδωκεν
1393 2002 1609 2058 ἑαυτὸν
1662 2000 1812 2068 ὑπὲρ

248 2082 434 2151 ἡμῶν·
452 2084 543 2136 καὶ
564 2083 743 2147 πάλιν,
766 2084 941 2137 Τοῦτο
961 2085 1293 2153 sapore!an
1315 2084 1556 2153 ἐνὺμῖν,
1578 2083 1610 2137 ὃ
1633 2083 1729 2136 καί
1747 2083 1814 2136 ἐν

246 2164 477 2232 Χριστῷ
517 2166 740 2232 Ἰησοῦ,
772 2166 838 2232 ὃς
864 2166 933 2220 ἐν
960 2165 1159 2237 μορφῇ
1184 2168 1331 2221 Θεοῦ
1359 2166 1664 2234 ὑπάρχων,
1701 2167 1811 2231 οὺχ

246 2250 560 2318 ἁρπαγμὸν
597 2248 866 2317 ἡγήσατο
902 2250 967 2301 τὸ
998 2246 1150 2302 εἶναι
1191 2250 1295 2301 ἶσα
1348 2248 1485 2313 Θεῷ.
1521 2248 1690 2300 Τοῦτο
1722 2249 1813 2300 καί

248 2330 483 2383 ἐνταῦθα
502 2333 661 2383 ποιεῖ.
699 2332 863 2383 Ὅταν
893 2326 1054 2402 γάρῇ
1084 2331 1151 2384 τά
1176 2332 1548 2401 ὑποδείγματα
1579 2330 1647 2383 τὰ
1677 2347 1811 2400 προ-

247 2415 476 2484 κείμενα
507 2415 735 2485 μεγάλα,
776 2416 1001 2486 σφοδρός
1018 2416 1133 2468 ’ἐστι
1164 2416 1311 2488 ζήλῳ
1334 2418 1429 2470 καὶ
1456 2416 1532 2487 τῷ
1554 2416 1720 2486 πόθῳ.
1749 2415 1813 2467 Τί

246 2493 335 2550 οῦν
368 2514 557 2567 φησιν,
586 2501 665 2560 είς
700 2498 923 2567 ἑνότητα
946 2499 1272 2567 προτρέπων
1304 2501 1449 2569 ἡμᾶς
1473 2517 1487 2565 ;
1515 2501 1616 2552 Ἓν
1645 2497 1814 2564 σῶμα

247 2581 340 2633 καί
367 2580 441 2633 ἒν
458 2579 713 2649 πνεῦμα,
738 2579 934 2645 καθὼς
962 2582 1060 2633 καὶ
1077 2582 1371 2650 ἐκλήθητε
1389 2583 1473 2635 ἐν’
1489 2580 1596 2651 μιᾷ
1615 2581 1812 2635 ἐλπίδι

247 2661 352 2727 τῆς
395 2662 671 2728 κλήσεως
711 2663 905 2730 ὑμῶν’
941 2658 1029 2729 εἷς
1066 2665 1301 2731 Κύριος,
1343 2666 1451 2733 μία
1488 2666 1709 2729 πίστις,
1744 2664 1813 2717 ἐν

242 2745 577 2815 βάπτισμα.
604 2746 669 2798 Τί
692 2746 748 2799 δέ
772 2748 940 2809 ἐστιν,
970 2750 1073 2801 Ἔν
1098 2748 1303 2818 σῶμα;
1331 2751 1391 2801 UE
1420 2750 1692 2818 πανταχοῦ
1715 2749 1813 2818 τῆς

245 2832 569 2900 οἰκουμένης
602 2833 785 2885 πιστοὶ
827 2834 919 2887 καὶ
946 2834 1099 2898 ὄντες
1128 2837 1222 2888 καὶ
1252 2836 1533 2905 γενόμενοι
1564 2836 1657 2888 καὶ
1696 2836 1815 2888 ἐσό-

251 2931 425 2983 μενοι.
456 2914 623 2968 Πάλιν
656 2915 752 2968 καὶ
777 2917 827 2969 οἰ
859 2916 965 2986 πρὸ
992 2916 1092 2988 τῆς
1123 2918 1215 2970 τοῦ
1246 2917 1480 2989 Χριστοῦ
1512 2919 1814 2989 παρουσίας

246 2999 700 3070 εύηρεστηκότες.
744 2998 803 3053 ἐν
854 3000 1013 3068 σῶμά
1038 3004 1164 3054 εἰσι.
1211 3002 1368 3067 Πῶς;
1411 3002 1533 3054 Ὅτι
1573 3003 1813 3055 κάκεῖνοι

247 3082 332 3134 τὸν
364 3082 603 3151 Χριστὸν
641 3082 857 3153 ᾔδεσαν.
905 3084 1075 3136 Πόθεν
1111 3084 1305 3155 δῆλονς
1352 3083 1606 3154 Ἀϐραὰμ
1639 3086 1671 3137 ό
1702 3100 1815 3138 πα-

246 3164 353 3232 τὴρ
390 3164 580 3233 ἡμῶν,
616 3167 798 3235 φησὶν,
830 3166 1258 3241 ἠγαλλιάσατο,
1288 3168 1387 3221 ἵνα
1410 3168 1508 3235 ἴδῃ
1540 3167 1655 3234 τὴν·
1676 3169 1816 3237 ήμέ-

244 3266 361 3314 par
396 3246 515 3315 τὴν
538 3248 713 3316 ἐμὴν,
745 3248 845 3302 καί
874 3246 1016 3313 εἶδε,
1045 3250 1143 3303 καὶ
1164 3249 1347 3318 ἐχάρη
1375 3265 1388 3278 ·
1422 3249 1518 3303 καί⁵
1539 3251 1721 3314 πάλιν,
1748 3253 1817 3304 Et

248 3332 668 3393 ἐπιστεύσατε,
691 3333 843 3402 φησί,
869 3332 1113 3401 Μωῠσῇ,
1138 3334 1532 3387 ἐπιστεύσατε
1548 3333 1624 3387 ἂν
1650 3335 1781 3402 ἐμοί
1798 3350 1813 3367 ·

250 3415 379 3484 περὶ
405 3414 519 3483 γὰρ
539 3414 685 3483 ἐμοῦ
701 3415 932 3480 ἐκεῖνος
946 3417 1191 3485 ἔγραψε,
1211 3417 1305 3468 καί⁷
1320 3418 1369 3469 οἰ
1384 3417 1678 3488 προφῆται.
1703 3419 1817 3471 υύκ

246 3499 312 3553 ἂν
342 3499 405 3551 δὲ
431 3498 677 3567 ἔγραψαν
711 3500 839 3567 περὶ
858 3495 919 3553 οὗ
951 3500 1182 3568 ἠγνόουν
1212 3499 1247 3554 ἀ
1275 3500 1459 3568 ἔλεγον
1482 3514 1497 3531 ⁸
1533 3500 1732 3565 εἰδότες
1758 3501 1815 3554 δέ

246 3582 435 3647 αὐτὸν,
467 3582 560 3635 καὶ
586 3583 969 3654 προσεκύνουν.
998 3584 1163 3636 Ὥστε
1184 3584 1422 3637 κάκεῖνοι
1448 3584 1507 3637 ἓν
1538 3584 1717 3653 σῶμα.
1741 3585 1815 3639 Οὐ

248 3666 505 3735 διέστηκε
547 3666 709 3735 σῶμα
748 3666 1076 3736 πνεύματος,
1114 3667 1236 3719 ἐπεὶ
1265 3668 1367 3720 οὐκ
1406 3667 1473 3721 ἂν
1511 3667 1595 3737 εἴη
1635 3666 1814 3737 σῶμα.

252 3750 412 3802 Οῦτω
442 3750 533 3802 καὶ
558 3752 590 3818 ἡ
601 3754 691 3818 μίν
723 3749 841 3813 ἔθος
870 3750 963 3802 ἐπὶ
1006 3750 1113 3801 τῶν
1154 3750 1450 3819 ὴνωμένων
1491 3751 1586 3803 καὶ
1619 3750 1819 3821 πολλὴν

250 3832 348 3900 τὴν
401 3831 724 3885 ἀκολουθίαν
771 3832 1002 3902 ἐχόντων
1055 3832 1262 3899 λέγειν·
1304 3834 1398 3885 Ἐν
1443 3833 1604 3903 σῶμά
1649 3835 1816 3890 ἐστιν.

250 3916 408 3970 οὕτω
447 3915 541 3967 κα)⁵
586 3916 679 3967 ἐπὶ
724 3915 823 3984 τῆς
867 3914 1111 3977 ἑνώσεως
1153 3915 1216 3968 τὸ
1268 3915 1426 3986 σῶμα
1468 3916 1817 3987 λαμϐάνομεν

256 4000 354 4069 μιᾷ
382 3997 618 4068 κεφαλῇ.
642 3998 703 4050 Εἰ
724 3998 778 4050 δὲ
810 3996 907 4068 μία
928 3996 1136 4067 κεφαλὴ
1168 3999 1259 4051 καὶ
1281 3998 1339 4051 ἒν
1372 4000 1549 4069 σῶμα.
1571 4000 1631 4052 τὸ
1659 3999 1817 4069 σῶμα

250 4082 311 4147 ἐξ
342 4081 580 4150 ἐντίμων
616 4080 711 4133 καὶ
746 4082 955 4151 ἀτίμων
986 4081 1268 4149 σύγκειται
1307 4081 1500 4151 μελῶν.
1538 4082 1681 4153 Πλὴν
1706 4080 1819 4134 ἀλλ’

252 4164 376 4217 οῦτε
398 4164 494 4217 τοῦ
533 4164 869 4233 φαυλοτάτου
901 4164 961 4216 τὸ
990 4164 1171 4235 μεῖζον
1200 4164 1670 4229 κατεξανίσταται,
1695 4164 1818 4217 οὔτε

254 4249 414 4301 τοῦτο
446 4250 640 4318 ἐκείνῳ
667 4248 1033 4316 διαφθονεῖται
1054 4257 1095 4301 ⁸.
1122 4248 1315 4301 Καίτοι
1346 4264 1409 4315 γε
1440 4249 1498 4300 ού
1524 4248 1623 4317 τὴν
1651 4250 1820 4318 αὐτὴν

258 4331 570 4385 συντέλειαν
608 4332 677 4383 τὰ
710 4333 888 4385 πάντα
926 4330 1191 4400 εἰσφέρει,
1237 4330 1371 4383 ἀλλά
1422 4331 1564 4383 κατά
1594 4332 1686 4383 τὸν
1723 4333 1821 4401 τῆς

260 4415 505 4484 ἀνάγκης
551 4414 729 4483 λόγον.
772 4415 883 4467 Καὶ
924 4414 1007 4467 ὅτι
1045 4414 1223 4467 πάντα
1256 4414 1566 4481 ἀναγκαίως
1599 4414 1822 4485 γεγένη-

266 4513 379 4556 ται,
408 4499 499 4550 καὶ
520 4500 594 4561 εἰς
619 4498 806 4568 χρείας
825 4496 1133 4567 διαφόρους.
1164 4496 1342 4549 πάντα
1369 4496 1626 4565 ὀμότιμα.
1669 4497 1821 4549 Ἔστι

262 4582 322 4632 δὲ
354 4580 422 4632 τά
461 4580 555 4650 μὲν
592 4580 927 4650 κυριώτατα,
962 4581 1030 4633 τά
1054 4580 1111 4633 δὲ
1145 4577 1306 4651 ¹ἧττον
1327 4597 1339 4610 ο
1384 4575 1515 4641 οἷον,
1548 4582 1579 4650 ἡ
1615 4581 1822 4651 κεφαλὴ

261 4663 462 4726 παντὸς
492 4662 586 4716 τοῦ
616 4663 866 4733 σώματός
900 4667 1013 4737 ἐστι
1044 4663 1372 4733 κυριωτέρα.
1412 4664 1509 4725 τάς
1539 4681 1598 4716 τε
1631 4664 1822 4736 αίσθή-

257 4765 374 4811 αεις
405 4748 583 4811 πάσας
613 4751 670 4801 ἐν
706 4750 870 4819 ἑαυτῇ
898 4750 1115 4819 ἔχουσα,
1155 4751 1245 4802 καὶ
1280 4750 1341 4801 τὸ
1366 4752 1465 4819 τῆς
1493 4750 1668 4820 ψυχῆς
1699 4752 1824 4818 ἠγε-

256 4832 485 4901 μονικόν
510 4848 524 4862 ·
570 4832 667 4885 καὶ
707 4832 952 4902 κεφαλῆς
998 4833 1125 4887 ἀνευ
1160 4832 1321 4903 ζῆσαι
1360 4834 1460 4885 ούκ
1488 4834 1567 4886 ἔνι
1592 4850 1604 4862 ·
1646 4832 1824 4886 ποδῶν

250 4914 311 4968 δὲ
357 4910 703 4969 ἐκκοπέντων
741 4914 925 4968 πολλοί
963 4914 1127 4967 πολὺν
1153 4915 1347 4985 χρόνον
1378 4916 1627 4969 ἐϐίωσαν,
1664 4918 1823 4969 Ὥστε

252 4998 315 5049 ού
346 5000 418 5068 τῇ
463 4996 606 5051 θέσει
651 4998 810 5068 μόνον
839 4997 977 5067 αῦτη
1017 4997 1237 5066 βελτίων
1280 4998 1521 5062 ἐκείνων,
1563 4998 1697 5051 ἀλλά
1731 4999 1825 5051 καὶ

250 5082 396 5152 αὐτῇ
441 5084 508 5150 τῇ
553 5081 803 5152 ἐνεργείᾳ
835 5080 932 5134 καὶ
969 5083 1035 5151 τῇ
1066 5080 1235 5146 τάξει.
1268 5081 1332 5133 Τί
1368 5082 1431 5151 δὴ
1467 5080 1623 5134 τοῦτο
1652 5082 1821 5147 λέγω;

250 5164 413 5216 Είσίν
472 5165 531 5217 ἐν
582 5167 646 5234 τῇ
716 5163 1011 5233 Ἐκκλησία
1064 5162 1270 5225 πολλοὶ,
1321 5164 1457 5216 εἰσὶν
1510 5164 1638 5226 είςι)
1689 5162 1821 5231 ῦψος

249 5247 667 5317 ἀνωρθωμένοι,
697 5246 947 5317 καθάπερ
974 5250 1006 5316 ὴ
1031 5246 1262 5317 κεφαλὴ,
1289 5246 1357 5300 τὰ
1384 5249 1609 5317 οὐράνια
1672 5263 1823 5315 περι-

251 5329 611 5393 σκοποῦντες,
644 5332 894 5402 καθάπερ
922 5331 972 5383 οἱ
1022 5330 1288 5400 ὀφθαλμοὶ
1332 5332 1381 5382 οἰ
1409 5332 1466 5382 ἐν
1494 5333 1567 5401 τῇ
1595 5330 1823 5399 κεφαλῇ,

249 5415 391 5467 πολὺ
451 5413 553 5483 τῆς
590 5413 692 5483 γῆς
741 5413 1132 5481 ἀφεστηκότες.
1188 5414 1337 5466 οὐδὲν
1391 5414 1602 5483 ἔχοντες
1652 5413 1825 5466 κοινὸν

247 5497 395 5567 πρὸς
426 5497 629 5567 αὐτήν·
659 5495 809 5549 ἄλλοι
834 5495 891 5547 δὲ
923 5495 1098 5548 ποδῶν
1127 5497 1276 5560 τάξιν
1301 5497 1574 5567 ἐπέχουσι,
1604 5496 1701 5567 τὴν
1725 5498 1827 5565 γῆν

254 5578 585 5644 πατοῦντες,
616 5578 791 5632 ποδῶν
825 5578 1008 5648 μέντοι
1052 5579 1321 5647 ὑγιεινῶν.
1372 5581 1445 5633 Οὐ
1485 5579 1595 5651 γὰρ
1631 5580 1689 5633 τὸ
1731 5583 1827 5647 τὴν

312 5797 341 5865 τ
371 5798 528 5865 ἓδνίίι
553 5797 604 5865 in
631 5812 807 5865 marg,
832 5802 985 5865 τούτῳ
1007 5803 1154 5850 ἐκεῖνο
1178 5804 1423 5865 διαφθονεῖ.

317 5856 349 5900 δ
370 5858 527 5911 Forte
551 5856 816 5923 legendim
841 5866 882 5911 οἱ
909 5856 988 5920 μὲν
1013 5865 1089 5919 εἰς.

1912 1398 2014 1466 γῆν
2048 1400 2237 1451 πατεῖν
2289 1395 2539 1467 ἔγκλημα
2580 1397 2778 1464 ποδῶν,
2813 1398 2948 1453 ἀλλά
2993 1399 3053 1453 τὸ
3090 1402 3172 1464 εἰς
3214 1405 3476 1474 πονηρίαν

1911 1480 2125 1549 τρέχειν
2146 1497 2158 1509 ·
2192 1483 2257 1533 Ol
2281 1480 2463 1546 πόδες
2488 1481 2596 1550 γὰρ
2623 1478 2842 1545 αὐτῶν,
2862 1482 3049 1552 φησὶν,
3076 1486 3164 1549 είς
3182 1487 3476 1553 πονηρίαν

1911 1563 2214 1630 τρέχουσι.
2261 1563 2417 1633 Μήτε
2463 1563 2528 1634 δὴ
2562 1558 2653 1616 οὖν
2681 1555 2848 1626 οὗτοι,
2891 1564 3046 1633 φησὶ,
3086 1566 3227 1635 μέγα
3257 1569 3474 1637 φρονεί-

1911 1662 2090 1699 τωσαν
2132 1647 2273 1701 κατὰ
2299 1648 2409 1699 τῶν
2451 1646 2649 1709 ποδῶν,
2685 1647 2819 1718 μηδὲ
2860 1650 3058 1701 ἐκεῖνοι
3098 1650 3309 1713 τούτοις
3383 1652 3477 1721 βαρ

1916 1731 2304 1783 σκαινέτωσαν·
2342 1730 2463 1782 ἐπεὶ
2490 1729 2552 1782 τὸ
2573 1732 2769 1783 οἰκεῖον
2794 1732 3022 1785 ἑκάστου
3048 1733 3241 1797 κάλλος
3270 1736 3475 1805 ἀνῄρη-

1912 1828 2021 1869 ται.
2070 1813 2165 1865 καὶ
2204 1815 2237 1882 ἡ
2284 1813 2439 1881 χρεία
2490 1814 2522 1882 ἠ
2581 1813 2870 1884 αὐτοτελὴς
2922 1814 3345 1883 ἐμπεπόδισται·
3385 1819 3477 1870 καὶ

1914 1895 2168 1958 εἰκότως·
2227 1897 2255 1947 6
2307 1894 2415 1965 γάρ
2460 1896 2538 1965 τῷ
2581 1896 2804 1966 πλησίον
2862 1897 3250 1963 ἐπιϐουλεύων,
3301 1899 3478 1970 ἐαυτῷ

1914 1978 2124 2046 πρῶτον
2146 1977 2259 2051 [76]
2278 1978 2690 2032 ἐπεϐούλευσεν.
2716 1980 2814 2032 "Av
2832 1997 2891 2032 τε
2909 1976 2999 2032 οῦν
3016 1982 3064 2034 οί
3088 1981 3243 2044 πόδες
3262 1983 3336 2052 μὴ
3359 1983 3480 2053 βουο

1913 2059 2118 2129 ληθῶσι
2164 2061 2388 2131 κομίσαι
2433 2079 2535 2113 που
2578 2060 2676 2132 τὴν
2710 2061 2951 2133 κεφαλὴν
2989 2064 3068 2126 εἰς
3102 2062 3280 2127 ἔξοδον
3312 2067 3479 2133 ἀναγ-

1914 2144 2075 2195 καίαν
2092 2184 2106 2207 ,
2143 2144 2235 2195 καί
2263 2145 2474 2206 ἑαυτοῖς
2499 2143 2831 2213 ἐλυμήναντο
2853 2144 2939 2197 διὰ
2959 2145 3059 2206 τῆς
3083 2146 3365 2214 ἀκινησίας
3389 2150 3481 2201 καὶ

1912 2227 2005 2278 τοῦ
2040 2226 2197 2279 δκνου
2222 2243 2234 2255 ·
2279 2228 2345 2280 ἀν
2371 2228 2491 2297 τεὴ
2538 2228 2757 2296 κεφαλὴ
2793 2229 3061 2297 μηδεμίαν
3107 2229 3340 2302 βουληθῇ
3373 2232 3480 2284 τῶν

1914 2308 2087 2361 ποδῶν
2121 2310 2445 2380 ποιήσασθαι
2496 2311 2597 2378 τὴν
2647 2310 2924 2380 πρόνοιαν,
2969 2311 3106 2383 αὕτη
3150 2313 3340 2383 πρώτη
3384 2315 3481 2383 τὴν

1916 2391 2118 2462 βλάὗην
2152 2393 2393 2456 ἐδέξατο.
2447 2392 2586 2445 Ἀλλ’
2623 2394 2805 2445 ἐκεῖνα
2851 2395 2949 2463 μὲν
2981 2396 3203 2459 εἰκότως
3240 2397 3481 2467 ἀλλήλων

1913 2475 1974 2527 ού
2024 2476 2507 2541 κατεξανίσταται·
2559 2478 2806 2545 φυσικῶς
2844 2479 2953 2549 γὰρ
3008 2479 3150 2532 οὕτω
3185 2481 3479 2535 τέτακται·

1914 2558 2196 2630 ἄνθρωπον
2222 2559 2278 2611 δὲ
2315 2560 2433 2622 πῶς
2455 2560 2681 2613 δυνατὸν
2720 2561 3006 2631 ἀνθρώπου
3043 2563 3117 2633 μὴ
3178 2564 3476 2628 κατεξανα-

1916 2642 2131 2710 στῆναι;
2157 2643 2289 2695 Οὐδὲ
2309 2643 2416 2712 γὰρ
2436 2644 2682 2711 ἀγγέλων
2702 2662 2786 2707 τις
2802 2645 3273 2711 κατεξανίσταται·
3295 2649 3481 2719 ἐπειδὴ

1911 2722 2033 2775 οὔτε
2063 2726 2258 2777 ἐκεῖνοι
2304 2725 2413 2777 τῶν
2447 2726 2803 2795 ἀρχαγγέλων
2833 2743 2847 2757 ο
2881 2728 3004 2780 οὐδὲ
3045 2729 3178 2798 ἐμοῦ
3214 2731 3376 2783 πάλιν
3415 2731 3484 2783 τά

1910 2805 2079 2874 ἄλογα
2107 2805 2288 2876 μεῖζόν
2313 2824 2365 2859 τι
2391 2809 2657 2879 φρονῆσαι
2687 2808 2909 2861 δύναται
2935 2827 2947 2839 ·
2978 2810 3107 2862 ἐνθα
3139 2811 3195 2863 δὲ
3224 2812 3481 2881 ὁμότιμος

1912 2890 1945 2957 ἡ
1982 2888 2140 2956 φύσις
2181 2890 2274 2942 καὶ
2320 2891 2418 2961 μία
2460 2893 2493 2961 ἡ
2531 2891 2728 2962 δωρεά,
2758 2893 2853 2945 καὶ
2897 2892 3049 2944 οὐδὲν
3079 2888 3232 2955 οὗτος
3270 2896 3479 2946 ἐκείνου

1914 2971 2073 3023 πλέον
2102 2970 2323 3042 ἔσχηκε,
2359 2972 2477 3035 πῶς
2523 2975 2583 3026 οὐ
2657 2974 2732 3044 μὴ
2777 2974 3181 3046 κατεξαναστῇ;
3226 2978 3334 3029 Καὶ
3378 2977 3482 3047 μὴν

1912 3054 2000 3107 διὰ
2040 3054 2213 3108 ταῦτα
2249 3054 2718 3126 κατεξαναστῆναι
2768 3058 2868 3110 οὐκ
2912 3058 3151 3127 ὀφείλεις
3198 3059 3339 3111 κατά
3389 3060 3482 3112 τοῦ

1914 3137 2161 3207 πλησίον.
2196 3139 2256 3191 Εἰ
2284 3139 2393 3210 γὰρ
2424 3138 2603 3193 πάντα
2639 3141 2814 3199 κοινὰ.
2846 3141 2940 3193 καὶ
2969 3141 3120 3194 οὐδὲν
3151 3142 3337 3213 ἕτερος
3372 3146 3485 3197 ἐτέ-

1916 3238 2011 3290 ρου
2041 3220 2200 3274 πλέον
2248 3221 2381 3291 ἔχει,
2421 3222 2586 3275 πόθεν
2620 3225 2653 3291 ἡ
2699 3223 2956 3290 ἀπόνοια;
3002 3224 3223 3289 Φύσεως
3265 3228 3485 3297 μετέχο-

1919 3324 2016 3375 μεν
2045 3306 2144 3374 τῆς
2174 3306 2363 3376 αύ.τῆς,
2392 3306 2574 3375 ψυχῆς
2605 3307 2699 3360 καὶ
2732 3307 2984 3376 σώματος
3015 3310 3239 3378 ὁμοίως,
3272 3311 3363 3364 τὸν
3390 3312 3485 3364 αύ-

1914 3388 2006 3441 τδν
2050 3388 2391 3459 ἀναπνέομεν
2424 3389 2583 3461 ἀέρα,
2628 3393 2747 3453 ταῖς
2785 3392 2977 3453 αὐταῖς
3005 3392 3327 3462 κεχρήμεθα.
3359 3412 3485 3463 τρο-

1919 3474 2045 3540 φαῖς
2074 3488 2085 3500 ο
2132 3471 2297 3524 πόθεν
2331 3473 2363 3542 ἡ
2403 3472 2796 3539 ἐξανάστασις;
2842 3473 2953 3526 Καὶ
2986 3474 3091 3544 μὴν
3125 3474 3185 3526 τὸ
3230 3475 3487 3531 δύνασθαι

1917 3555 2006 3608 διά
2035 3554 2135 3624 τὴν
2176 3553 2375 3624 ἀρετὴν
2410 3554 2517 3607 τῶν
2563 3555 2868 3624 ἀσωμάτων
2904 3556 3280 3626 περιγίνεσθαι
3329 3559 3486 3612 δυνά-

1922 3654 2065 3709 μεων
2103 3637 2282 3690 ἱκανὸν
2312 3639 2392 3699 εἰς
2416 3638 2734 3702 ἀλαζονείαν
2772 3639 3000 3706 ἀγαγεῖν
3028 3656 3040 3669 ·
3076 3640 3275 3710 μᾶλλον
3300 3642 3357 3694 δὲ
3387 3647 3486 3696 οὐκ

1920 3723 1987 3777 ἂν
2024 3722 2108 3791 εἴη
2145 3722 2301 3775 τοῦτο
2327 3720 2631 3787 ἀλαζονεία.
2670 3722 2808 3790 Ἐγὼ
2836 3723 2943 3794 γάρ
2969 3724 3194 3787 εἰκότως
3228 3726 3368 3778 κατά
3393 3727 3485 3779 τοῦ

1920 3807 2171 3876 δαίμονος
2196 3805 2337 3875 μέγα
2360 3807 2561 3877 φρονῶ,
2590 3807 2684 3860 καὶ
2709 3807 2913 3877 σφόδρα
2936 3806 3101 3876 μέγα.
3136 3809 3245 3861 Καὶ
3271 3810 3371 3878 ὅρα
3394 3813 3486 3863 καὶ

1923 3889 2132 3952 Παῦλος
2165 3890 2280 3952 πῶς
2326 3889 2467 3959 μέγα
2504 3888 2722 3959 ἐφρόνει
2748 3890 2888 3942 κατὰ
2917 3890 3011 3942 τοῦ
3037 3890 3312 3959 δαίμονος.
3356 3894 3485 3945 Ὅτε

1920 3972 2030 4044 γὰρ
2080 3972 2287 4043 μεγάλα
2323 3974 2451 4044 περὶ
2480 3971 2643 4025 αὑτοῦ
2685 3971 2836 4039 ἔλεγε
2868 3974 2960 4026 καί
3002 3972 3291 4043 θαυμαστά
3317 3977 3344 4029 6
3369 3976 3485 4028 δαί-

1925 4074 2061 4126 μων,
2102 4055 2460 4125 ἐπεστόμισεν
2515 4055 2695 4119 αύτδν,
2742 4055 2865 4108 οὐδὲ
2912 4055 3302 4120 κολακεύοντος
3360 4060 3488 4113 ἀναν

1924 4139 2202 4208 σχόμενος.
2255 4138 2535 4207 Λεγούσης
2574 4138 2681 4208 γὰρ
2708 4137 2922 4208 ἐκείνης
2949 4138 3049 4207 τῆς
3072 4140 3360 4209 παιδίσκης
3388 4139 3487 4209 τῆς

1920 4221 1981 4272 τὸ
2010 4220 2224 4290 πνεῦμα
2251 4220 2345 4272 τοῦ
2372 4220 2614 4281 πύθωνος
2640 4220 2891 4289 ἐχούσης.
2919 4216 3095 4273 Οὗτοι
3116 4224 3169 4274 οἱ
3193 4222 3487 4289 ἅνθρωποι

1922 4301 2128 4356 δοῦλοι
2154 4304 2256 4357 τοῦ
2279 4304 2427 4357 Θεοῦ
2457 4304 2565 4357 τοῦ
2601 4304 2865 4370 ὑψίστου
2898 4303 3075 4367 εἰσιν,
3103 4305 3319 4368 οἵτινες
3351 4322 3487 4358 κατ-

1922 4386 2327 4454 αγγέλλουσιν
2385 4386 2527 4455 ὑμῖν
2580 4385 2722 4439 ὁδὸν
2772 4386 3100 4452 σωτηρίας,
3161 4387 3489 4457 ἐπιτιμήσας

1926 4466 2169 4537 σφοδρῶς
2195 4468 2554 4537 ἐπεστόμισεν
2585 4465 2746 4520 αὐτοῦ
2784 4467 2883 4538 τὴν
2920 4468 3272 4538 ἀναίσχυντον
3311 4470 3487 4535 γλῶσ-

1926 4568 2040 4602 σαν.
2073 4551 2183 4603 Καὶ
2200 4550 2362 4603 πάλιν
2385 4549 2618 4620 ἀλλαχοῦ
2645 4550 2844 4620 γράφει
2870 4549 3043 4617 λέγων
3068 4567 3081 4580 '
3112 4554 3429 4619 Συντρίψει
3456 4560 3491 4613 δ

1927 4633 2070 4699 Θεὸς
2088 4632 2195 4684 τὸν
2214 4629 2488 4687 Σατανᾶν
2508 4632 2625 4686 ὑπὸ
2652 4631 2793 4697 τοὺς
2812 4633 3002 4699 πόδας
3026 4630 3191 4702 ὑμῶν
3210 4634 3279 4687 ἐν
3299 4634 3485 4702 τάχει.

1924 4716 2015 4785 Μή
2050 4734 2103 4769 τι
2125 4715 2183 4768 τὸ
2215 4715 2311 4786 τῆς
2340 4716 2553 4784 φύσεως
2580 4715 3031 4785 παρηλλαγμένον
3062 4715 3349 4787 ἐποίησεν;

1997 4862 2063 4931 β’.
2081 4863 2243 4932 Ὁρᾷς
2261 4861 2341 4915 ὅτι
2359 4861 2508 4915 οὐδὲν
2531 4864 2675 4915 ποιεῖ
2694 4863 2754 4916 τὸ
2778 4863 2887 4916 τῶν
2909 4862 3121 4932 φύσεων
3150 4861 3334 4932 μέσον,
3357 4862 3493 4916 ἀλλὰ
3546 4870 3547 4873 “

1924 4944 1984 4996 τὸ
2004 4945 2103 5013 τῆς
2128 4943 2498 5015 προαιρέσεως
2521 4962 2536 5009 ;
2571 4945 2671 4997 Διά
2695 4945 2793 5016 τὴν
2817 4946 3136 5016 προαίρεσιν
3152 4944 3330 4997 τοίνυν
3361 4944 3491 4997 πολὺ

1926 5028 2140 5097 χείρους
2194 5028 2449 5081 ἁπάντων
2498 5027 2654 5081 εἰσίν.
2688 5028 2826 5079 Ἀλλ’
2873 5028 3104 5097 ἀγγέλου
3132 5028 3192 5079 ού
3239 5028 3492 5091 κατεξαν-

1932 5108 2173 5179 ίσταμαι,
2206 5110 2372 5180 φησί·
2410 5110 2542 5163 πολὺ
2598 5110 2706 5181 γὰρ
2735 5110 2796 5162 τὸ
2828 5112 2993 5181 μέσον
3040 5109 3174 5181 ἐμοῦ
3217 5110 3488 5163 κάκείνου.

1932 5191 2043 5245 Καὶ
2093 5192 2198 5261 μὴν
2242 5192 2530 5263 ἀνθρώπου
2582 5192 3067 5258 κατεξανίστασθαι
3104 5194 3203 5245 ούκ
3236 5192 3488 5260 ὀφείλεις,

1930 5277 1992 5329 ού
2027 5276 2225 5346 μᾶλλον
2253 5278 2285 5347 ἢ
2316 5279 2571 5346 ἀγγέλου.
2607 5279 2663 5331 Ὀ
2706 5278 2807 5348 μὲν
2844 5278 2952 5348 γὰρ
2982 5278 3209 5345 ἄγγελος
3236 5278 3299 5344 τῇ
3334 5276 3492 5343 φύσει

1932 5358 2026 5411 σοῦ
2052 5360 2354 5428 διέστηκεν,
2385 5361 2521 5432 ὅπερ
2549 5358 2673 5412 οὔτε
2697 5360 2969 5429 ἐγκώμιον
2993 5360 3223 5419 ἐκείνου,
3248 5356 3370 5409 οὔτε
3395 5374 3493 5411 κα-

1932 5443 2025 5496 κία
2048 5443 2255 5510 γένοιτο
2281 5458 2294 5471 ·
2334 5443 2619 5513 ἄνθρωπος
2674 5443 2729 5494 δὲ
2780 5442 3066 5512 ἀνθρώπου
3097 5440 3278 5492 οὐκέτι
3312 5439 3493 5507 φύσει,

1930 5524 2067 5578 ἀλλά
2100 5524 2415 5596 προαιρέσει
2467 5525 2715 5595 διέστηκε
2735 5541 2747 5553 ·
2797 5525 2888 5575 καὶ
2915 5523 3030 5575 ἐστι
3074 5522 3168 5575 καὶ
3201 5523 3259 5573 ἐν
3284 5522 3497 5593 ἀνθρώ-

1932 5623 2056 5669 ποις
2104 5606 2352 5675 άγγελος.
2383 5608 2544 5660 Ὥστε
2584 5610 2631 5659 εἰ
2665 5606 2786 5659 κατ’
2832 5606 3077 5673 ἀγγέλων
3108 5603 3182 5674 μὴ
3239 5604 3497 5669 κατεξαν-

1943 5690 2181 5755 ίστασαι,
2213 5688 2394 5759 πολλῷ
2435 5690 2634 5760 μᾶλλον
2680 5690 2822 5741 κατὰ
2868 5687 3174 5755 ἀνθρώπων
3214 5687 3323 5741 τῶν
3344 5690 3400 5741 ἐν
3429 5691 3494 5757 τῇ

1936 5772 2093 5837 φύσει
2125 5770 2296 5843 ταύτῃ
2326 5772 2632 5841 γενομένων
2672 5771 2937 5838 ἀγγέλων.
2970 5772 3031 5824 Εἰ
3074 5772 3181 5841 γὰρ
3204 5771 3413 5839 γένοιτο
3437 5772 3496 5823 ἐν

1933 5854 2237 5925 ἀνθρώποις
2290 5856 2541 5926 ἐνάρετος
2585 5854 2755 5918 οὕτως
2801 5856 2875 5919 ὡς
2916 5855 3163 5924 ἄγγελος,
3210 5854 3343 5908 πολύ
3401 5866 3507 5907 σου,
