  <div class='ocr_page' id='page_1' title='image "/cluster/home/n/w/nwhite01/storage/ocr_20150623/62/hvd.32044019207836/083.png"; bbox 0 0 3960 6524; ppageno 0'>
   <div class='ocr_carea' id='block_1_1' title="bbox 546 443 2085 539">
    <p class='ocr_par' dir='ltr' id='par_1_1' title="bbox 546 443 2085 525">
     <span class='ocr_line' id='line_1_1' title="bbox 546 443 2085 525; baseline 0.002 -21"><span class='ocrx_word' id='word_1_1' title='bbox 546 450 617 507; x_wconf 77' lang='lat'><strong><em>11</em></strong></span> <span class='ocrx_word' id='word_1_2' title='bbox 733 520 737 525; x_wconf 26' lang='grc' dir='ltr'><strong>ε</strong></span> <span class='ocrx_word' id='word_1_3' title='bbox 1263 446 1321 501; x_wconf 92' lang='lat' dir='ltr'><strong>s.</strong></span> <span class='ocrx_word' id='word_1_4' title='bbox 1360 443 1651 503; x_wconf 80' lang='lat' dir='ltr'><strong>JOANNIS</strong></span> <span class='ocrx_word' id='word_1_5' title='bbox 1686 446 2085 507; x_wconf 68' lang='lat' dir='ltr'><strong>cnmsosu</strong></span> 
     </span>
    </p>
   </div>
   <div class='ocr_carea' id='block_1_2' title="bbox 2188 443 3719 539">
    <p class='ocr_par' dir='ltr' id='par_1_2' title="bbox 2218 453 3719 539">
     <span class='ocr_line' id='line_1_2' title="bbox 2218 453 3719 539; baseline 0.013 -33"><span class='ocrx_word' id='word_1_6' title='bbox 2218 453 2537 511; x_wconf 75' lang='lat' dir='ltr'><strong>ARCHIEP.</strong></span> <span class='ocrx_word' id='word_1_7' title='bbox 2576 454 3122 517; x_wconf 80' lang='lat' dir='ltr'><strong>CONSTANTINOP.</strong></span> <span class='ocrx_word' id='word_1_8' title='bbox 3661 482 3719 539; x_wconf 66' lang='grc' dir='ltr'><strong>πθ</strong></span> 
     </span>
    </p>
   </div>
   <div class='ocr_carea' id='block_1_3' title="bbox 544 556 2104 641">
    <p class='ocr_par' dir='ltr' id='par_1_3' title="bbox 544 556 2104 641">
     <span class='ocr_line' id='line_1_3' title="bbox 544 556 2104 641; baseline -0.017 0"><span class='ocrx_word' id='word_1_9' title='bbox 544 568 744 641; x_wconf 63' lang='grc' dir='ltr'><strong>μᾶλλον</strong></span> <span class='ocrx_word' id='word_1_10' title='bbox 796 556 947 625; x_wconf 70' lang='grc' dir='ltr'><strong>οὗτος</strong></span> <span class='ocrx_word' id='word_1_11' title='bbox 984 558 1204 631; x_wconf 68' lang='grc' dir='ltr'><strong>μείζων»</strong></span> <span class='ocrx_word' id='word_1_12' title='bbox 1260 559 1293 629; x_wconf 83' lang='grc' dir='ltr'>ἢ</span> <span class='ocrx_word' id='word_1_13' title='bbox 1348 560 1554 623; x_wconf 75' lang='grc' dir='ltr'><strong>ἐκεῖνός</strong></span> <span class='ocrx_word' id='word_1_14' title='bbox 1586 564 1721 616; x_wconf 75' lang='grc' dir='ltr'><strong>ἐστι.</strong></span> <span class='ocrx_word' id='word_1_15' title='bbox 1774 564 1839 617; x_wconf 88' lang='grc' dir='ltr'><strong>Τί</strong></span> <span class='ocrx_word' id='word_1_16' title='bbox 1867 564 2104 635; x_wconf 87' lang='grc' dir='ltr'><strong>δήποτε;</strong></span> 
     </span>
    </p>
   </div>
   <div class='ocr_carea' id='block_1_4' title="bbox 542 642 2106 719">
    <p class='ocr_par' dir='ltr' id='par_1_4' title="bbox 542 642 2106 719">
     <span class='ocr_line' id='line_1_4' title="bbox 542 642 2106 719; baseline -0.004 -12"><span class='ocrx_word' id='word_1_17' title='bbox 542 655 663 707; x_wconf 82' lang='grc' dir='ltr'><strong>’Ὁτι</strong></span> <span class='ocrx_word' id='word_1_18' title='bbox 694 650 830 718; x_wconf 82' lang='grc' dir='ltr'><strong>ὅπερ</strong></span> <span class='ocrx_word' id='word_1_19' title='bbox 856 645 961 699; x_wconf 82' lang='grc' dir='ltr'><strong>ἀπὸ</strong></span> <span class='ocrx_word' id='word_1_20' title='bbox 1003 643 1219 713; x_wconf 87' lang='grc' dir='ltr'><strong>φύσεως</strong></span> <span class='ocrx_word' id='word_1_21' title='bbox 1249 642 1407 715; x_wconf 83' lang='grc' dir='ltr'><strong>ἐσχεν</strong></span> <span class='ocrx_word' id='word_1_22' title='bbox 1434 646 1665 711; x_wconf 88' lang='grc' dir='ltr'><strong>ἐκεῖνος,</strong></span> <span class='ocrx_word' id='word_1_23' title='bbox 1706 646 1863 702; x_wconf 87' lang='grc' dir='ltr'><strong>τοῦτο</strong></span> <span class='ocrx_word' id='word_1_24' title='bbox 1892 647 2106 719; x_wconf 56' lang='grc' dir='ltr'><strong>κατώρυ</strong></span> 
     </span>
    </p>
   </div>
   <div class='ocr_carea' id='block_1_5' title="bbox 538 727 2107 803">
    <p class='ocr_par' dir='ltr' id='par_1_5' title="bbox 538 727 2107 803">
     <span class='ocr_line' id='line_1_5' title="bbox 538 727 2107 803; baseline -0.004 -14"><span class='ocrx_word' id='word_1_25' title='bbox 538 737 711 791; x_wconf 83' lang='grc' dir='ltr'><strong>θωσεν</strong></span> <span class='ocrx_word' id='word_1_26' title='bbox 743 731 851 785; x_wconf 81' lang='grc' dir='ltr'><strong>ἀπὸ</strong></span> <span class='ocrx_word' id='word_1_27' title='bbox 894 727 1269 803; x_wconf 87' lang='grc' dir='ltr'><strong>προαιρέσεως</strong></span> <span class='ocrx_word' id='word_1_28' title='bbox 1317 727 1481 792; x_wconf 86' lang='grc' dir='ltr'><strong>αὐτός</strong></span> <span class='ocrx_word' id='word_1_29' title='bbox 1504 745 1518 760; x_wconf 88' lang='grc'><strong>·</strong></span> <span class='ocrx_word' id='word_1_30' title='bbox 1566 731 1661 784; x_wconf 74' lang='grc' dir='ltr'><strong>καὶ</strong></span> <span class='ocrx_word' id='word_1_31' title='bbox 1690 732 1771 785; x_wconf 76' lang='grc' dir='ltr'><strong>ὅτι</strong></span> <span class='ocrx_word' id='word_1_32' title='bbox 1797 730 2107 802; x_wconf 75' lang='grc' dir='ltr'><strong>ἀπῴκισται</strong></span> 
     </span>
    </p>
   </div>
   <div class='ocr_carea' id='block_1_6' title="bbox 541 810 2101 884">
    <p class='ocr_par' dir='ltr' id='par_1_6' title="bbox 541 810 2101 884">
     <span class='ocr_line' id='line_1_6' title="bbox 541 810 2101 884; baseline -0.004 -13"><span class='ocrx_word' id='word_1_33' title='bbox 541 835 634 870; x_wconf 92' lang='grc' dir='ltr'><strong>σου</strong></span> <span class='ocrx_word' id='word_1_34' title='bbox 662 818 690 869; x_wconf 83' lang='grc' dir='ltr'><strong>ό</strong></span> <span class='ocrx_word' id='word_1_35' title='bbox 718 811 949 882; x_wconf 79' lang='grc' dir='ltr'><strong>ἄγγελος</strong></span> <span class='ocrx_word' id='word_1_36' title='bbox 987 810 1083 863; x_wconf 77' lang='grc' dir='ltr'><strong>καὶ</strong></span> <span class='ocrx_word' id='word_1_37' title='bbox 1122 810 1203 881; x_wconf 86' lang='grc' dir='ltr'><strong>τῷ</strong></span> <span class='ocrx_word' id='word_1_38' title='bbox 1233 810 1384 881; x_wconf 86' lang='grc' dir='ltr'><strong>τόπῳ</strong></span> <span class='ocrx_word' id='word_1_39' title='bbox 1418 812 1513 864; x_wconf 81' lang='grc' dir='ltr'><strong>καὶ</strong></span> <span class='ocrx_word' id='word_1_40' title='bbox 1546 812 1640 865; x_wconf 81' lang='grc' dir='ltr'><strong>τὸν</strong></span> <span class='ocrx_word' id='word_1_41' title='bbox 1670 813 1898 884; x_wconf 83' lang='grc' dir='ltr'><strong>οὐρανὸν</strong></span> <span class='ocrx_word' id='word_1_42' title='bbox 1943 814 2101 867; x_wconf 77' lang='grc' dir='ltr'><strong>οἰκεῖ’</strong></span> 
     </span>
    </p>
   </div>
   <div class='ocr_carea' id='block_1_7' title="bbox 534 893 2104 965">
    <p class='ocr_par' dir='ltr' id='par_1_7' title="bbox 534 893 2104 965">
     <span class='ocr_line' id='line_1_7' title="bbox 534 893 2104 965; baseline -0.003 -12"><span class='ocrx_word' id='word_1_43' title='bbox 534 893 689 962; x_wconf 71' lang='grc' dir='ltr'><strong>οὗτος</strong></span> <span class='ocrx_word' id='word_1_44' title='bbox 719 897 777 959; x_wconf 80' lang='grc' dir='ltr'><strong>δέ</strong></span> <span class='ocrx_word' id='word_1_45' title='bbox 804 893 1207 965; x_wconf 72' lang='grc' dir='ltr'><strong>ἀναστρέφεται</strong></span> <span class='ocrx_word' id='word_1_46' title='bbox 1240 894 1379 965; x_wconf 83' lang='grc' dir='ltr'><strong>μετά</strong></span> <span class='ocrx_word' id='word_1_47' title='bbox 1404 894 1523 959; x_wconf 85' lang='grc' dir='ltr'><strong>σοῦ,</strong></span> <span class='ocrx_word' id='word_1_48' title='bbox 1552 896 1649 949; x_wconf 78' lang='grc' dir='ltr'><strong>καὶ</strong></span> <span class='ocrx_word' id='word_1_49' title='bbox 1676 896 1861 950; x_wconf 89' lang='grc' dir='ltr'><strong>δίδωσί</strong></span> <span class='ocrx_word' id='word_1_50' title='bbox 1900 913 1982 949; x_wconf 92' lang='grc' dir='ltr'><strong>σοι</strong></span> <span class='ocrx_word' id='word_1_51' title='bbox 2009 895 2104 949; x_wconf 92' lang='grc' dir='ltr'><strong>τοῦ</strong></span> 
     </span>
    </p>
   </div>
   <div class='ocr_carea' id='block_1_8' title="bbox 534 971 2105 1054">
    <p class='ocr_par' dir='ltr' id='par_1_8' title="bbox 534 971 2105 1054">
     <span class='ocr_line' id='line_1_8' title="bbox 534 971 2105 1054; baseline -0.003 -18"><span class='ocrx_word' id='word_1_52' title='bbox 534 984 697 1054; x_wconf 80' lang='grc' dir='ltr'><strong>ζήλου</strong></span> <span class='ocrx_word' id='word_1_53' title='bbox 732 980 926 1051; x_wconf 79' lang='grc' dir='ltr'><strong>ῥοπήν.</strong></span> <span class='ocrx_word' id='word_1_54' title='bbox 962 979 1070 1032; x_wconf 71' lang='grc' dir='ltr'><strong>Καὶ</strong></span> <span class='ocrx_word' id='word_1_55' title='bbox 1109 979 1217 1049; x_wconf 82' lang='grc' dir='ltr'><strong>μήν</strong></span> <span class='ocrx_word' id='word_1_56' title='bbox 1257 980 1354 1033; x_wconf 73' lang='grc' dir='ltr'><strong>καὶ</strong></span> <span class='ocrx_word' id='word_1_57' title='bbox 1379 971 1536 1042; x_wconf 73' lang='grc' dir='ltr'><strong>οὗτος</strong></span> <span class='ocrx_word' id='word_1_58' title='bbox 1564 980 1876 1049; x_wconf 69' lang='grc' dir='ltr'><strong>ἀπῴκισται</strong></span> <span class='ocrx_word' id='word_1_59' title='bbox 1905 978 2105 1048; x_wconf 77' lang='grc' dir='ltr'><strong>μᾶλλον</strong></span> 
     </span>
    </p>
   </div>
   <div class='ocr_carea' id='block_1_9' title="bbox 531 1060 2105 1136">
    <p class='ocr_par' dir='ltr' id='par_1_9' title="bbox 531 1060 2105 1136">
     <span class='ocr_line' id='line_1_9' title="bbox 531 1060 2105 1136; baseline -0.001 -19"><span class='ocrx_word' id='word_1_60' title='bbox 531 1068 566 1136; x_wconf 76' lang='grc' dir='ltr'>ἦ</span> <span class='ocrx_word' id='word_1_61' title='bbox 596 1066 821 1127; x_wconf 74' lang='grc' dir='ltr'><strong>ἐκεῖνος.</strong></span> <span class='ocrx_word' id='word_1_62' title='bbox 874 1060 1075 1130; x_wconf 78' lang='grc' dir='ltr'><strong>Ἠμῶν</strong></span> <span class='ocrx_word' id='word_1_63' title='bbox 1121 1061 1252 1132; x_wconf 85' lang='grc' dir='ltr'><strong>γὰρ,</strong></span> <span class='ocrx_word' id='word_1_64' title='bbox 1298 1061 1456 1132; x_wconf 69' lang='grc' dir='ltr'><strong>φησι,</strong></span> <span class='ocrx_word' id='word_1_65' title='bbox 1491 1062 1559 1116; x_wconf 86' lang='grc' dir='ltr'><strong>τὸ</strong></span> <span class='ocrx_word' id='word_1_66' title='bbox 1607 1061 1723 1136; x_wconf 83' lang='lat'><strong>[77]</strong></span> <span class='ocrx_word' id='word_1_67' title='bbox 1773 1063 2105 1130; x_wconf 81' lang='grc' dir='ltr'><strong>πολίτευμα</strong></span> 
     </span>
    </p>
   </div>
   <div class='ocr_carea' id='block_1_10' title="bbox 527 1137 2103 1217">
    <p class='ocr_par' dir='ltr' id='par_1_10' title="bbox 527 1137 2103 1217">
     <span class='ocr_line' id='line_1_10' title="bbox 527 1137 2103 1217; baseline -0.004 -13"><span class='ocrx_word' id='word_1_68' title='bbox 527 1150 599 1203; x_wconf 75' lang='grc' dir='ltr'><strong>ἐν</strong></span> <span class='ocrx_word' id='word_1_69' title='bbox 629 1145 928 1217; x_wconf 81' lang='grc' dir='ltr'><strong>οὐρανοῖς.</strong></span> <span class='ocrx_word' id='word_1_70' title='bbox 949 1146 1071 1197; x_wconf 75' lang='grc' dir='ltr'><strong>Ὅτι</strong></span> <span class='ocrx_word' id='word_1_71' title='bbox 1095 1144 1152 1198; x_wconf 88' lang='grc' dir='ltr'><strong>δὲ</strong></span> <span class='ocrx_word' id='word_1_72' title='bbox 1180 1144 1380 1215; x_wconf 79' lang='grc' dir='ltr'><strong>μᾶλλον</strong></span> <span class='ocrx_word' id='word_1_73' title='bbox 1407 1137 1563 1207; x_wconf 73' lang='grc' dir='ltr'><strong>οὗτος</strong></span> <span class='ocrx_word' id='word_1_74' title='bbox 1591 1145 1919 1215; x_wconf 82' lang='grc' dir='ltr'><strong>ἀπῴκισται,</strong></span> <span class='ocrx_word' id='word_1_75' title='bbox 1939 1146 2103 1201; x_wconf 59' lang='grc' dir='ltr'><strong>ἀκουφ</strong></span> 
     </span>
    </p>
   </div>
   <div class='ocr_carea' id='block_1_11' title="bbox 530 1227 2097 1299">
    <p class='ocr_par' dir='ltr' id='par_1_11' title="bbox 530 1227 2097 1299">
     <span class='ocr_line' id='line_1_11' title="bbox 530 1227 2097 1299; baseline -0.004 -14"><span class='ocrx_word' id='word_1_76' title='bbox 530 1249 645 1297; x_wconf 92' lang='grc' dir='ltr'><strong>σον,</strong></span> <span class='ocrx_word' id='word_1_77' title='bbox 677 1229 783 1284; x_wconf 91' lang='grc' dir='ltr'><strong>ποῦ</strong></span> <span class='ocrx_word' id='word_1_78' title='bbox 812 1228 978 1282; x_wconf 79' lang='grc' dir='ltr'><strong>αὑτοῦ</strong></span> <span class='ocrx_word' id='word_1_79' title='bbox 1029 1227 1264 1299; x_wconf 87' lang='grc' dir='ltr'><strong>κάθηται</strong></span> <span class='ocrx_word' id='word_1_80' title='bbox 1300 1230 1331 1296; x_wconf 86' lang='grc' dir='ltr'>ἠ</span> <span class='ocrx_word' id='word_1_81' title='bbox 1371 1227 1604 1299; x_wconf 85' lang='grc' dir='ltr'><strong>κεφαλή·</strong></span> <span class='ocrx_word' id='word_1_82' title='bbox 1639 1228 1734 1290; x_wconf 86' lang='grc' dir='ltr'><strong>Εἰς</strong></span> <span class='ocrx_word' id='word_1_83' title='bbox 1765 1227 1857 1285; x_wconf 82' lang='grc' dir='ltr'><strong>τὸν</strong></span> <span class='ocrx_word' id='word_1_84' title='bbox 1890 1227 2097 1299; x_wconf 89' lang='grc' dir='ltr'><strong>θρόνον,</strong></span> 
     </span>
    </p>
   </div>
   <div class='ocr_carea' id='block_1_12' title="bbox 528 1311 2099 1386">
    <p class='ocr_par' dir='ltr' id='par_1_12' title="bbox 528 1311 2099 1386">
     <span class='ocr_line' id='line_1_12' title="bbox 528 1311 2099 1386; baseline -0.002 -18"><span class='ocrx_word' id='word_1_85' title='bbox 528 1316 685 1386; x_wconf 75' lang='grc' dir='ltr'><strong>φησὶ,</strong></span> <span class='ocrx_word' id='word_1_86' title='bbox 710 1315 800 1367; x_wconf 81' lang='grc' dir='ltr'><strong>τὸν</strong></span> <span class='ocrx_word' id='word_1_87' title='bbox 828 1312 1103 1383; x_wconf 86' lang='grc' dir='ltr'><strong>βασιλικόν</strong></span> <span class='ocrx_word' id='word_1_88' title='bbox 1124 1329 1138 1342; x_wconf 77' lang='grc' dir='ltr'><strong>ο</strong></span> <span class='ocrx_word' id='word_1_89' title='bbox 1176 1314 1285 1382; x_wconf 81' lang='grc' dir='ltr'><strong>ὅσῳ</strong></span> <span class='ocrx_word' id='word_1_90' title='bbox 1314 1311 1370 1363; x_wconf 90' lang='grc' dir='ltr'><strong>δέ</strong></span> <span class='ocrx_word' id='word_1_91' title='bbox 1402 1312 1589 1385; x_wconf 79' lang='grc' dir='ltr'><strong>πόρρω</strong></span> <span class='ocrx_word' id='word_1_92' title='bbox 1611 1311 1769 1381; x_wconf 81' lang='grc' dir='ltr'><strong>ήμῶν</strong></span> <span class='ocrx_word' id='word_1_93' title='bbox 1817 1313 1847 1364; x_wconf 87' lang='grc' dir='ltr'>ὁ</span> <span class='ocrx_word' id='word_1_94' title='bbox 1891 1312 2099 1383; x_wconf 87' lang='grc' dir='ltr'><strong>θρόνος,</strong></span> 
     </span>
    </p>
   </div>
   <div class='ocr_carea' id='block_1_13' title="bbox 525 1390 2099 1469">
    <p class='ocr_par' dir='ltr' id='par_1_13' title="bbox 525 1390 2099 1469">
     <span class='ocr_line' id='line_1_13' title="bbox 525 1390 2099 1469; baseline -0.004 -16"><span class='ocrx_word' id='word_1_95' title='bbox 525 1398 768 1469; x_wconf 85' lang='grc' dir='ltr'><strong>τοσούτῳ</strong></span> <span class='ocrx_word' id='word_1_96' title='bbox 791 1399 883 1450; x_wconf 62' lang='grc' dir='ltr'><strong>καῖ⁵</strong></span> <span class='ocrx_word' id='word_1_97' title='bbox 908 1390 1080 1457; x_wconf 78' lang='grc' dir='ltr'><strong>οὗτος.</strong></span> <span class='ocrx_word' id='word_1_98' title='bbox 1113 1393 1251 1449; x_wconf 81' lang='grc' dir='ltr'><strong>Ἀλλ’</strong></span> <span class='ocrx_word' id='word_1_99' title='bbox 1272 1394 1382 1463; x_wconf 81' lang='grc' dir='ltr'><strong>ὁρῶ</strong></span> <span class='ocrx_word' id='word_1_100' title='bbox 1410 1396 1571 1464; x_wconf 84' lang='grc' dir='ltr'><strong>τιμῆς</strong></span> <span class='ocrx_word' id='word_1_101' title='bbox 1602 1393 1965 1456; x_wconf 86' lang='grc' dir='ltr'><strong>ἀπολαύοντα,</strong></span> <span class='ocrx_word' id='word_1_102' title='bbox 1993 1413 2099 1465; x_wconf 87' lang='grc' dir='ltr'><strong>φη-</strong></span> 
     </span>
    </p>
   </div>
   <div class='ocr_carea' id='block_1_14' title="bbox 528 1477 2104 1550">
    <p class='ocr_par' dir='ltr' id='par_1_14' title="bbox 528 1477 2104 1550">
     <span class='ocr_line' id='line_1_14' title="bbox 528 1477 2104 1550; baseline -0.003 -13"><span class='ocrx_word' id='word_1_103' title='bbox 528 1484 604 1549; x_wconf 79' lang='grc' dir='ltr'><strong>σὶ,</strong></span> <span class='ocrx_word' id='word_1_104' title='bbox 635 1483 732 1537; x_wconf 79' lang='grc' dir='ltr'><strong>καὶ</strong></span> <span class='ocrx_word' id='word_1_105' title='bbox 761 1483 841 1544; x_wconf 87' lang='grc' dir='ltr'><strong>εἰς</strong></span> <span class='ocrx_word' id='word_1_106' title='bbox 877 1477 1214 1550; x_wconf 73' lang='grc' dir='ltr'><strong>ζηλοτυπίαν</strong></span> <span class='ocrx_word' id='word_1_107' title='bbox 1262 1478 1487 1547; x_wconf 78' lang='grc' dir='ltr'><strong>ἄγομαι.</strong></span> <span class='ocrx_word' id='word_1_108' title='bbox 1541 1477 1711 1541; x_wconf 82' lang='grc' dir='ltr'><strong>Τοῦτο</strong></span> <span class='ocrx_word' id='word_1_109' title='bbox 1746 1479 1853 1550; x_wconf 89' lang='grc' dir='ltr'><strong>γάρ</strong></span> <span class='ocrx_word' id='word_1_110' title='bbox 1901 1481 2049 1535; x_wconf 87' lang='grc' dir='ltr'><strong>ἐστιν</strong></span> <span class='ocrx_word' id='word_1_111' title='bbox 2071 1479 2104 1537; x_wconf 78' lang='grc' dir='ltr'><strong>δ</strong></span> 
     </span>
    </p>
   </div>
   <div class='ocr_carea' id='block_1_15' title="bbox 526 1561 2099 1634">
    <p class='ocr_par' dir='ltr' id='par_1_15' title="bbox 526 1561 2099 1634">
     <span class='ocr_line' id='line_1_15' title="bbox 526 1561 2099 1634; baseline -0.003 -12"><span class='ocrx_word' id='word_1_112' title='bbox 526 1569 706 1622; x_wconf 81' lang='grc' dir='ltr'><strong>πάντα</strong></span> <span class='ocrx_word' id='word_1_113' title='bbox 733 1567 845 1621; x_wconf 83' lang='grc' dir='ltr'><strong>ἄνω</strong></span> <span class='ocrx_word' id='word_1_114' title='bbox 876 1564 974 1616; x_wconf 76' lang='grc' dir='ltr'><strong>καὶ</strong></span> <span class='ocrx_word' id='word_1_115' title='bbox 1002 1562 1156 1616; x_wconf 88' lang='grc' dir='ltr'><strong>κάτω</strong></span> <span class='ocrx_word' id='word_1_116' title='bbox 1185 1561 1477 1631; x_wconf 88' lang='grc' dir='ltr'><strong>πεποίηκε,</strong></span> <span class='ocrx_word' id='word_1_117' title='bbox 1508 1562 1603 1615; x_wconf 77' lang='grc' dir='ltr'><strong>καὶ</strong></span> <span class='ocrx_word' id='word_1_118' title='bbox 1635 1564 1696 1616; x_wconf 88' lang='grc' dir='ltr'><strong>ού</strong></span> <span class='ocrx_word' id='word_1_119' title='bbox 1720 1564 1818 1634; x_wconf 84' lang='grc' dir='ltr'><strong>τὴν</strong></span> <span class='ocrx_word' id='word_1_120' title='bbox 1846 1564 2099 1632; x_wconf 83' lang='grc' dir='ltr'><strong>οἰκουμέ-</strong></span> 
     </span>
    </p>
   </div>
   <div class='ocr_carea' id='block_1_16' title="bbox 524 1644 2096 1724">
    <p class='ocr_par' dir='ltr' id='par_1_16' title="bbox 524 1644 2096 1724">
     <span class='ocr_line' id='line_1_16' title="bbox 524 1644 2096 1724; baseline -0.003 -20"><span class='ocrx_word' id='word_1_121' title='bbox 524 1669 623 1724; x_wconf 76' lang='grc' dir='ltr'><strong>νην</strong></span> <span class='ocrx_word' id='word_1_122' title='bbox 655 1649 836 1720; x_wconf 91' lang='grc' dir='ltr'><strong>μόνον,</strong></span> <span class='ocrx_word' id='word_1_123' title='bbox 863 1645 999 1699; x_wconf 90' lang='grc' dir='ltr'><strong>ἀλλά</strong></span> <span class='ocrx_word' id='word_1_124' title='bbox 1022 1645 1115 1699; x_wconf 74' lang='grc' dir='ltr'><strong>καὶ</strong></span> <span class='ocrx_word' id='word_1_125' title='bbox 1135 1644 1232 1713; x_wconf 83' lang='grc' dir='ltr'><strong>τὴν</strong></span> <span class='ocrx_word' id='word_1_126' title='bbox 1263 1644 1587 1716; x_wconf 70' lang='grc' dir='ltr'><strong>Ἐκκλησίαν</strong></span> <span class='ocrx_word' id='word_1_127' title='bbox 1610 1645 1815 1717; x_wconf 82' lang='grc' dir='ltr'><strong>μυρίων</strong></span> <span class='ocrx_word' id='word_1_128' title='bbox 1830 1645 2096 1716; x_wconf 75' lang='grc' dir='ltr'><strong>ἐνέπλησε</strong></span> 
     </span>
    </p>
   </div>
   <div class='ocr_carea' id='block_1_17' title="bbox 522 1727 2096 1805">
    <p class='ocr_par' dir='ltr' id='par_1_17' title="bbox 522 1727 2096 1805">
     <span class='ocr_line' id='line_1_17' title="bbox 522 1727 2096 1805; baseline -0.003 -18"><span class='ocrx_word' id='word_1_129' title='bbox 522 1731 788 1805; x_wconf 83' lang='grc' dir='ltr'><strong>θορύϐων.</strong></span> <span class='ocrx_word' id='word_1_130' title='bbox 820 1731 930 1783; x_wconf 78' lang='grc' dir='ltr'><strong>Καὶ</strong></span> <span class='ocrx_word' id='word_1_131' title='bbox 951 1729 1201 1798; x_wconf 84' lang='grc' dir='ltr'><strong>καθάπερ</strong></span> <span class='ocrx_word' id='word_1_132' title='bbox 1228 1729 1309 1791; x_wconf 87' lang='grc' dir='ltr'><strong>εἰς</strong></span> <span class='ocrx_word' id='word_1_133' title='bbox 1329 1727 1524 1798; x_wconf 79' lang='grc' dir='ltr'><strong>λιμένα</strong></span> <span class='ocrx_word' id='word_1_134' title='bbox 1546 1729 1782 1800; x_wconf 86' lang='grc' dir='ltr'><strong>γαληνὸν</strong></span> <span class='ocrx_word' id='word_1_135' title='bbox 1810 1728 2096 1800; x_wconf 89' lang='grc' dir='ltr'><strong>πνεύματα</strong></span> 
     </span>
    </p>
   </div>
   <div class='ocr_carea' id='block_1_18' title="bbox 521 1812 2097 1890">
    <p class='ocr_par' dir='ltr' id='par_1_18' title="bbox 521 1812 2097 1890">
     <span class='ocr_line' id='line_1_18' title="bbox 521 1812 2097 1890; baseline -0.002 -19"><span class='ocrx_word' id='word_1_136' title='bbox 521 1820 691 1890; x_wconf 76' lang='grc' dir='ltr'><strong>ἄγρια</strong></span> <span class='ocrx_word' id='word_1_137' title='bbox 723 1817 783 1882; x_wconf 84' lang='grc' dir='ltr'><strong>ἐξ</strong></span> <span class='ocrx_word' id='word_1_138' title='bbox 831 1813 1081 1875; x_wconf 81' lang='grc' dir='ltr'><strong>ἐναντίας</strong></span> <span class='ocrx_word' id='word_1_139' title='bbox 1134 1812 1469 1882; x_wconf 64' lang='grc' dir='ltr'><strong>ἐμπεσόντα,</strong></span> <span class='ocrx_word' id='word_1_140' title='bbox 1500 1815 1683 1883; x_wconf 81' lang='grc' dir='ltr'><strong>πάσης</strong></span> <span class='ocrx_word' id='word_1_141' title='bbox 1714 1814 1973 1879; x_wconf 81' lang='grc' dir='ltr'><strong>σπιλάδος</strong></span> <span class='ocrx_word' id='word_1_142' title='bbox 2000 1816 2097 1869; x_wconf 80' lang='grc' dir='ltr'><strong>καὶ</strong></span> 
     </span>
    </p>
   </div>
   <div class='ocr_carea' id='block_1_19' title="bbox 520 1895 2093 1968">
    <p class='ocr_par' dir='ltr' id='par_1_19' title="bbox 520 1895 2093 1968">
     <span class='ocr_line' id='line_1_19' title="bbox 520 1895 2093 1968; baseline -0.018 -11"><span class='ocrx_word' id='word_1_143' title='bbox 520 1900 723 1963; x_wconf 80' lang='grc' dir='ltr'><strong>παντὸς</strong></span> <span class='ocrx_word' id='word_1_144' title='bbox 760 1896 1011 1968; x_wconf 78' lang='grc' dir='ltr'><strong>πορθμοῦ</strong></span> <span class='ocrx_word' id='word_1_145' title='bbox 1044 1895 1507 1966; x_wconf 70' lang='grc' dir='ltr'><strong>ἐπισφαλέστερον</strong></span> <span class='ocrx_word' id='word_1_146' title='bbox 1550 1897 1711 1957; x_wconf 76' lang='grc' dir='ltr'><strong>αὑτὸν</strong></span> <span class='ocrx_word' id='word_1_147' title='bbox 1740 1896 2093 1967; x_wconf 75' lang='grc' dir='ltr'><strong>καθίστησιν.</strong></span> 
     </span>
    </p>
   </div>
   <div class='ocr_carea' id='block_1_20' title="bbox 517 1978 2095 2054">
    <p class='ocr_par' dir='ltr' id='par_1_20' title="bbox 517 1978 2095 2054">
     <span class='ocr_line' id='line_1_20' title="bbox 517 1978 2095 2054; baseline -0.003 -16"><span class='ocrx_word' id='word_1_148' title='bbox 517 1986 661 2039; x_wconf 78' lang='grc' dir='ltr'><strong>οὕτω</strong></span> <span class='ocrx_word' id='word_1_149' title='bbox 689 1984 755 2054; x_wconf 85' lang='grc' dir='ltr'><strong>δὴ</strong></span> <span class='ocrx_word' id='word_1_150' title='bbox 788 1982 884 2035; x_wconf 70' lang='grc' dir='ltr'><strong>καὶ</strong></span> <span class='ocrx_word' id='word_1_151' title='bbox 932 1981 962 2033; x_wconf 83' lang='grc' dir='ltr'>ὁ</span> <span class='ocrx_word' id='word_1_152' title='bbox 999 1979 1099 2049; x_wconf 80' lang='grc' dir='ltr'><strong>τῆς</strong></span> <span class='ocrx_word' id='word_1_153' title='bbox 1143 1978 1306 2050; x_wconf 80' lang='grc' dir='ltr'><strong>δόξης</strong></span> <span class='ocrx_word' id='word_1_154' title='bbox 1346 1979 1486 2050; x_wconf 79' lang='grc' dir='ltr'><strong>ἐρως</strong></span> <span class='ocrx_word' id='word_1_155' title='bbox 1521 1979 1876 2047; x_wconf 76' lang='grc' dir='ltr'><strong>ἐπεισελθὼν,</strong></span> <span class='ocrx_word' id='word_1_156' title='bbox 1915 1980 2095 2039; x_wconf 88' lang='grc' dir='ltr'><strong>πάντα</strong></span> 
     </span>
    </p>
   </div>
   <div class='ocr_carea' id='block_1_21' title="bbox 518 2063 2097 2141">
    <p class='ocr_par' dir='ltr' id='par_1_21' title="bbox 518 2063 2097 2141">
     <span class='ocr_line' id='line_1_21' title="bbox 518 2063 2097 2141; baseline -0.006 -17"><span class='ocrx_word' id='word_1_157' title='bbox 518 2067 785 2141; x_wconf 76' lang='grc' dir='ltr'><strong>ἀνέτρεψε</strong></span> <span class='ocrx_word' id='word_1_158' title='bbox 816 2064 911 2119; x_wconf 72' lang='grc' dir='ltr'><strong>καὶ</strong></span> <span class='ocrx_word' id='word_1_159' title='bbox 942 2064 1189 2135; x_wconf 66' lang='grc' dir='ltr'><strong>συνέχεε.</strong></span> <span class='ocrx_word' id='word_1_160' title='bbox 1240 2064 1663 2135; x_wconf 85' lang='grc' dir='ltr'><strong>Παραγεγόνατε</strong></span> <span class='ocrx_word' id='word_1_161' title='bbox 1706 2063 1967 2128; x_wconf 84' lang='grc' dir='ltr'><strong>πολλάκις</strong></span> <span class='ocrx_word' id='word_1_162' title='bbox 1994 2064 2097 2135; x_wconf 59' lang='grc' dir='ltr'><strong>ἐμε</strong></span> 
     </span>
    </p>
   </div>
   <div class='ocr_carea' id='block_1_22' title="bbox 516 2146 2093 2226">
    <p class='ocr_par' dir='ltr' id='par_1_22' title="bbox 516 2146 2093 2226">
     <span class='ocr_line' id='line_1_22' title="bbox 516 2146 2093 2226; baseline -0.004 -19"><span class='ocrx_word' id='word_1_163' title='bbox 516 2150 760 2226; x_wconf 86' lang='grc' dir='ltr'><strong>πρησμῷ</strong></span> <span class='ocrx_word' id='word_1_164' title='bbox 786 2148 974 2204; x_wconf 90' lang='grc' dir='ltr'><strong>οἰκιῶν</strong></span> <span class='ocrx_word' id='word_1_165' title='bbox 997 2147 1251 2218; x_wconf 82' lang='grc' dir='ltr'><strong>μεγάλων</strong></span> <span class='ocrx_word' id='word_1_166' title='bbox 1270 2163 1283 2175; x_wconf 78' lang='lat'>&#39;</span> <span class='ocrx_word' id='word_1_167' title='bbox 1321 2146 1491 2201; x_wconf 75' lang='grc' dir='ltr'><strong>εἴδετε</strong></span> <span class='ocrx_word' id='word_1_168' title='bbox 1522 2148 1640 2211; x_wconf 87' lang='grc' dir='ltr'><strong>πῶς</strong></span> <span class='ocrx_word' id='word_1_169' title='bbox 1666 2148 1872 2202; x_wconf 73' lang='grc' dir='ltr'><strong>ἄνεισιν</strong></span> <span class='ocrx_word' id='word_1_170' title='bbox 1897 2149 1979 2211; x_wconf 91' lang='grc' dir='ltr'><strong>εἰς</strong></span> <span class='ocrx_word' id='word_1_171' title='bbox 2002 2148 2093 2201; x_wconf 83' lang='grc' dir='ltr'><strong>τὸν</strong></span> 
     </span>
    </p>
   </div>
   <div class='ocr_carea' id='block_1_23' title="bbox 515 2228 2093 2308">
    <p class='ocr_par' dir='ltr' id='par_1_23' title="bbox 515 2228 2093 2308">
     <span class='ocr_line' id='line_1_23' title="bbox 515 2228 2093 2308; baseline -0.004 -18"><span class='ocrx_word' id='word_1_172' title='bbox 515 2228 743 2308; x_wconf 77' lang='grc' dir='ltr'><strong>ούρανδν</strong></span> <span class='ocrx_word' id='word_1_173' title='bbox 771 2236 800 2288; x_wconf 86' lang='grc' dir='ltr'><strong>δ</strong></span> <span class='ocrx_word' id='word_1_174' title='bbox 833 2232 1061 2303; x_wconf 83' lang='grc' dir='ltr'><strong>καπνὸς,</strong></span> <span class='ocrx_word' id='word_1_175' title='bbox 1095 2232 1189 2285; x_wconf 79' lang='grc' dir='ltr'><strong>καὶ</strong></span> <span class='ocrx_word' id='word_1_176' title='bbox 1216 2230 1445 2301; x_wconf 78' lang='grc' dir='ltr'><strong>μηδενὸς</strong></span> <span class='ocrx_word' id='word_1_177' title='bbox 1470 2230 1788 2304; x_wconf 80' lang='grc' dir='ltr'><strong>προσιόντος</strong></span> <span class='ocrx_word' id='word_1_178' title='bbox 1817 2230 2007 2284; x_wconf 89' lang='grc' dir='ltr'><strong>σϐέσαι</strong></span> <span class='ocrx_word' id='word_1_179' title='bbox 2031 2231 2093 2283; x_wconf 86' lang='grc' dir='ltr'><strong>τὸ</strong></span> 
     </span>
    </p>
   </div>
   <div class='ocr_carea' id='block_1_24' title="bbox 516 2314 2089 2385">
    <p class='ocr_par' dir='ltr' id='par_1_24' title="bbox 516 2314 2089 2385">
     <span class='ocr_line' id='line_1_24' title="bbox 516 2314 2089 2385; baseline -0.006 -9"><span class='ocrx_word' id='word_1_180' title='bbox 516 2322 706 2385; x_wconf 80' lang='grc' dir='ltr'><strong>κακὸν,</strong></span> <span class='ocrx_word' id='word_1_181' title='bbox 735 2318 872 2372; x_wconf 84' lang='grc' dir='ltr'><strong>ἀλλὰ</strong></span> <span class='ocrx_word' id='word_1_182' title='bbox 914 2316 977 2370; x_wconf 84' lang='grc' dir='ltr'><strong>τὸ</strong></span> <span class='ocrx_word' id='word_1_183' title='bbox 1014 2316 1138 2375; x_wconf 84' lang='grc' dir='ltr'><strong>καθ’</strong></span> <span class='ocrx_word' id='word_1_184' title='bbox 1187 2315 1379 2369; x_wconf 83' lang='grc' dir='ltr'><strong>ἐαυτὸν</strong></span> <span class='ocrx_word' id='word_1_185' title='bbox 1407 2314 1641 2368; x_wconf 79' lang='grc' dir='ltr'><strong>ἑκάστου</strong></span> <span class='ocrx_word' id='word_1_186' title='bbox 1691 2315 2089 2383; x_wconf 88' lang='grc' dir='ltr'><strong>σκοπουμένου,</strong></span> 
     </span>
    </p>
   </div>
   <div class='ocr_carea' id='block_1_25' title="bbox 518 2398 2087 2478">
    <p class='ocr_par' dir='ltr' id='par_1_25' title="bbox 518 2398 2087 2478">
     <span class='ocr_line' id='line_1_25' title="bbox 518 2398 2087 2478; baseline -0.005 -18"><span class='ocrx_word' id='word_1_187' title='bbox 518 2404 659 2478; x_wconf 88' lang='grc' dir='ltr'><strong>μετά</strong></span> <span class='ocrx_word' id='word_1_188' title='bbox 677 2402 878 2472; x_wconf 85' lang='grc' dir='ltr'><strong>πολλῆς</strong></span> <span class='ocrx_word' id='word_1_189' title='bbox 909 2401 1008 2470; x_wconf 80' lang='grc' dir='ltr'><strong>τῆς</strong></span> <span class='ocrx_word' id='word_1_190' title='bbox 1033 2399 1263 2473; x_wconf 77' lang='grc' dir='ltr'><strong>ἡσυχίας</strong></span> <span class='ocrx_word' id='word_1_191' title='bbox 1286 2399 1347 2453; x_wconf 83' lang='grc' dir='ltr'><strong>τὸ</strong></span> <span class='ocrx_word' id='word_1_192' title='bbox 1371 2398 1483 2471; x_wconf 84' lang='grc' dir='ltr'><strong>πῦρ</strong></span> <span class='ocrx_word' id='word_1_193' title='bbox 1506 2399 1721 2462; x_wconf 71' lang='grc' dir='ltr'><strong>ᾶπαντα</strong></span> <span class='ocrx_word' id='word_1_194' title='bbox 1745 2401 2087 2470; x_wconf 85' lang='grc' dir='ltr'><strong>ἐπινέμεται·</strong></span> 
     </span>
    </p>
   </div>
   <div class='ocr_carea' id='block_1_26' title="bbox 514 2482 2087 2558">
    <p class='ocr_par' dir='ltr' id='par_1_26' title="bbox 514 2482 2087 2558">
     <span class='ocr_line' id='line_1_26' title="bbox 514 2482 2087 2558; baseline -0.005 -14"><span class='ocrx_word' id='word_1_195' title='bbox 514 2490 610 2545; x_wconf 76' lang='grc' dir='ltr'><strong>καὶ</strong></span> <span class='ocrx_word' id='word_1_196' title='bbox 633 2485 963 2558; x_wconf 82' lang='grc' dir='ltr'><strong>περιέστηκε</strong></span> <span class='ocrx_word' id='word_1_197' title='bbox 994 2482 1095 2554; x_wconf 88' lang='grc' dir='ltr'><strong>μέν</strong></span> <span class='ocrx_word' id='word_1_198' title='bbox 1125 2482 1385 2546; x_wconf 83' lang='grc' dir='ltr'><strong>πολλάκις</strong></span> <span class='ocrx_word' id='word_1_199' title='bbox 1436 2482 1623 2553; x_wconf 83' lang='grc' dir='ltr'><strong>κύκλῳ</strong></span> <span class='ocrx_word' id='word_1_200' title='bbox 1650 2485 1801 2545; x_wconf 71' lang='grc' dir='ltr'><strong>πᾶσα</strong></span> <span class='ocrx_word' id='word_1_201' title='bbox 1828 2486 1861 2554; x_wconf 86' lang='grc' dir='ltr'><strong>ή</strong></span> <span class='ocrx_word' id='word_1_202' title='bbox 1910 2483 2087 2548; x_wconf 83' lang='grc' dir='ltr'><strong>πόλις,</strong></span> 
     </span>
    </p>
   </div>
   <div class='ocr_carea' id='block_1_27' title="bbox 514 2564 2090 2644">
    <p class='ocr_par' dir='ltr' id='par_1_27' title="bbox 514 2564 2090 2644">
     <span class='ocr_line' id='line_1_27' title="bbox 514 2564 2090 2644; baseline -0.003 -18"><span class='ocrx_word' id='word_1_203' title='bbox 514 2572 907 2644; x_wconf 87' lang='grc' dir='ltr'><strong>περιεστήκασι</strong></span> <span class='ocrx_word' id='word_1_204' title='bbox 960 2567 1017 2633; x_wconf 73' lang='grc' dir='ltr'><strong>δέ</strong></span> <span class='ocrx_word' id='word_1_205' title='bbox 1062 2565 1253 2620; x_wconf 73' lang='grc' dir='ltr'><strong>θεαταὶ</strong></span> <span class='ocrx_word' id='word_1_206' title='bbox 1287 2564 1497 2633; x_wconf 83' lang='grc' dir='ltr'><strong>κακῶν,</strong></span> <span class='ocrx_word' id='word_1_207' title='bbox 1544 2567 1604 2621; x_wconf 90' lang='grc' dir='ltr'><strong>ού</strong></span> <span class='ocrx_word' id='word_1_208' title='bbox 1656 2567 1938 2639; x_wconf 84' lang='grc' dir='ltr'><strong>σύμμαχοι</strong></span> <span class='ocrx_word' id='word_1_209' title='bbox 1968 2567 2090 2621; x_wconf 80' lang='grc' dir='ltr'><strong>οὐδὲ</strong></span> 
     </span>
    </p>
   </div>
   <div class='ocr_carea' id='block_1_28' title="bbox 514 2648 2089 2727">
    <p class='ocr_par' dir='ltr' id='par_1_28' title="bbox 514 2648 2089 2727">
     <span class='ocr_line' id='line_1_28' title="bbox 514 2648 2089 2727; baseline -0.003 -19"><span class='ocrx_word' id='word_1_210' title='bbox 514 2654 701 2727; x_wconf 82' lang='grc' dir='ltr'><strong>βοηθοί</strong></span> <span class='ocrx_word' id='word_1_211' title='bbox 722 2670 736 2683; x_wconf 80' lang='grc'><em>’</em></span> <span class='ocrx_word' id='word_1_212' title='bbox 796 2652 891 2705; x_wconf 79' lang='grc' dir='ltr'><strong>καὶ</strong></span> <span class='ocrx_word' id='word_1_213' title='bbox 924 2650 1072 2711; x_wconf 77' lang='grc' dir='ltr'><strong>ἐστιν</strong></span> <span class='ocrx_word' id='word_1_214' title='bbox 1123 2650 1252 2703; x_wconf 83' lang='grc' dir='ltr'><strong>ίδεῖν</strong></span> <span class='ocrx_word' id='word_1_215' title='bbox 1300 2650 1454 2709; x_wconf 75' lang='grc' dir='ltr'><strong>οὐδὲν</strong></span> <span class='ocrx_word' id='word_1_216' title='bbox 1495 2648 1786 2714; x_wconf 79' lang='grc' dir='ltr'><strong>ποιοῦντας</strong></span> <span class='ocrx_word' id='word_1_217' title='bbox 1838 2650 2089 2714; x_wconf 79' lang='grc' dir='ltr'><strong>ἅπαντας</strong></span> 
     </span>
    </p>
   </div>
   <div class='ocr_carea' id='block_1_29' title="bbox 510 2732 2089 2809">
    <p class='ocr_par' dir='ltr' id='par_1_29' title="bbox 510 2732 2089 2809">
     <span class='ocr_line' id='line_1_29' title="bbox 510 2732 2089 2809; baseline 0.006 -30"><span class='ocrx_word' id='word_1_218' title='bbox 510 2742 641 2802; x_wconf 67' lang='grc' dir='ltr'><strong>τοὺς</strong></span> <span class='ocrx_word' id='word_1_219' title='bbox 656 2732 1186 2809; x_wconf 79' lang='grc' dir='ltr'><strong>περιεστῶτας,ἀλλ’</strong></span> <span class='ocrx_word' id='word_1_220' title='bbox 1212 2734 1443 2798; x_wconf 65' lang='grc' dir='ltr'><strong>ἑκαστον</strong></span> <span class='ocrx_word' id='word_1_221' title='bbox 1470 2734 1650 2791; x_wconf 82' lang='grc' dir='ltr'><strong>αὐτῶν</strong></span> <span class='ocrx_word' id='word_1_222' title='bbox 1669 2734 1772 2805; x_wconf 83' lang='grc' dir='ltr'><strong>τὴν</strong></span> <span class='ocrx_word' id='word_1_223' title='bbox 1803 2737 1962 2807; x_wconf 82' lang='grc' dir='ltr'><strong>χεῖρα</strong></span> <span class='ocrx_word' id='word_1_224' title='bbox 1993 2736 2089 2787; x_wconf 85' lang='grc' dir='ltr'><strong>ἐκ-</strong></span> 
     </span>
    </p>
   </div>
   <div class='ocr_carea' id='block_1_30' title="bbox 511 2816 2088 2888">
    <p class='ocr_par' dir='ltr' id='par_1_30' title="bbox 511 2816 2088 2888">
     <span class='ocr_line' id='line_1_30' title="bbox 511 2816 2088 2888; baseline -0.004 -12"><span class='ocrx_word' id='word_1_225' title='bbox 511 2823 775 2884; x_wconf 84' lang='grc' dir='ltr'><strong>τείνοντα,</strong></span> <span class='ocrx_word' id='word_1_226' title='bbox 813 2819 909 2880; x_wconf 78' lang='grc' dir='ltr'><strong>καὶ</strong></span> <span class='ocrx_word' id='word_1_227' title='bbox 934 2818 1011 2887; x_wconf 83' lang='grc' dir='ltr'><strong>τῷ</strong></span> <span class='ocrx_word' id='word_1_228' title='bbox 1048 2817 1378 2888; x_wconf 72' lang='grc' dir='ltr'><strong>προσφάτως</strong></span> <span class='ocrx_word' id='word_1_229' title='bbox 1400 2816 1609 2870; x_wconf 77' lang='grc' dir='ltr'><strong>ἐλθόντι</strong></span> <span class='ocrx_word' id='word_1_230' title='bbox 1634 2817 1772 2888; x_wconf 81' lang='grc' dir='ltr'><strong>πρὸς</strong></span> <span class='ocrx_word' id='word_1_231' title='bbox 1799 2816 1891 2869; x_wconf 82' lang='grc' dir='ltr'><strong>τὸν</strong></span> <span class='ocrx_word' id='word_1_232' title='bbox 1922 2817 2088 2870; x_wconf 89' lang='grc' dir='ltr'><strong>τόπον</strong></span> 
     </span>
    </p>
   </div>
   <div class='ocr_carea' id='block_1_31' title="bbox 512 2899 2088 2977">
    <p class='ocr_par' dir='ltr' id='par_1_31' title="bbox 512 2899 2088 2977">
     <span class='ocr_line' id='line_1_31' title="bbox 512 2899 2088 2977; baseline -0.005 -15"><span class='ocrx_word' id='word_1_233' title='bbox 512 2902 911 2968; x_wconf 74' lang='grc' dir='ltr'><strong>ἐπιδεικνύντα,</strong></span> <span class='ocrx_word' id='word_1_234' title='bbox 965 2901 1003 2977; x_wconf 70' lang='grc' dir='ltr'>ἢ</span> <span class='ocrx_word' id='word_1_235' title='bbox 1045 2901 1133 2955; x_wconf 79' lang='grc' dir='ltr'><strong>διὰ</strong></span> <span class='ocrx_word' id='word_1_236' title='bbox 1186 2899 1405 2970; x_wconf 80' lang='grc' dir='ltr'><strong>θυρίδος</strong></span> <span class='ocrx_word' id='word_1_237' title='bbox 1437 2900 1699 2971; x_wconf 87' lang='grc' dir='ltr'><strong>λαμπάδα</strong></span> <span class='ocrx_word' id='word_1_238' title='bbox 1723 2901 2088 2972; x_wconf 82' lang='grc' dir='ltr'><strong>ἐξαλλομένην</strong></span> 
     </span>
    </p>
   </div>
   <div class='ocr_carea' id='block_1_32' title="bbox 513 2985 2087 3061">
    <p class='ocr_par' dir='ltr' id='par_1_32' title="bbox 513 2985 2087 3061">
     <span class='ocr_line' id='line_1_32' title="bbox 513 2985 2087 3061; baseline -0.004 -16"><span class='ocrx_word' id='word_1_239' title='bbox 513 2990 776 3061; x_wconf 85' lang='grc' dir='ltr'><strong>συνεχῶς,</strong></span> <span class='ocrx_word' id='word_1_240' title='bbox 818 2988 852 3058; x_wconf 80' lang='grc' dir='ltr'>ἦ</span> <span class='ocrx_word' id='word_1_241' title='bbox 886 2986 1076 3049; x_wconf 79' lang='grc' dir='ltr'><strong>δοκοὺς</strong></span> <span class='ocrx_word' id='word_1_242' title='bbox 1130 2985 1676 3056; x_wconf 76' lang='grc' dir='ltr'><strong>καταρῤιπτομένας,</strong></span> <span class='ocrx_word' id='word_1_243' title='bbox 1724 2986 1758 3056; x_wconf 78' lang='grc' dir='ltr'>ἦ</span> <span class='ocrx_word' id='word_1_244' title='bbox 1805 2986 2087 3055; x_wconf 91' lang='grc' dir='ltr'><strong>περίϐολον</strong></span> 
     </span>
    </p>
   </div>
   <div class='ocr_carea' id='block_1_33' title="bbox 510 3064 2089 3146">
    <p class='ocr_par' dir='ltr' id='par_1_33' title="bbox 510 3064 2089 3146">
     <span class='ocr_line' id='line_1_33' title="bbox 510 3064 2089 3146; baseline -0.005 -16"><span class='ocrx_word' id='word_1_245' title='bbox 510 3077 805 3146; x_wconf 84' lang='grc' dir='ltr'><strong>ὀλόκληρον</strong></span> <span class='ocrx_word' id='word_1_246' title='bbox 830 3064 940 3124; x_wconf 91' lang='grc' dir='ltr'><strong>τῶν</strong></span> <span class='ocrx_word' id='word_1_247' title='bbox 974 3070 1313 3141; x_wconf 77' lang='grc' dir='ltr'><strong>ἐρεισμάτων</strong></span> <span class='ocrx_word' id='word_1_248' title='bbox 1357 3070 1783 3124; x_wconf 85' lang='grc' dir='ltr'><strong>ἀποσπασθέντα</strong></span> <span class='ocrx_word' id='word_1_249' title='bbox 1825 3071 1921 3124; x_wconf 75' lang='grc' dir='ltr'><strong>καὶ</strong></span> <span class='ocrx_word' id='word_1_250' title='bbox 1951 3071 2089 3142; x_wconf 80' lang='grc' dir='ltr'><strong>πρὸς</strong></span> 
     </span>
    </p>
   </div>
   <div class='ocr_carea' id='block_1_34' title="bbox 509 3153 2087 3232">
    <p class='ocr_par' dir='ltr' id='par_1_34' title="bbox 509 3153 2087 3232">
     <span class='ocr_line' id='line_1_34' title="bbox 509 3153 2087 3232; baseline 0.001 -24"><span class='ocrx_word' id='word_1_251' title='bbox 509 3162 611 3232; x_wconf 78' lang='grc' dir='ltr'><strong>τὴν</strong></span> <span class='ocrx_word' id='word_1_252' title='bbox 648 3159 754 3227; x_wconf 79' lang='grc' dir='ltr'><strong>γῆν</strong></span> <span class='ocrx_word' id='word_1_253' title='bbox 783 3156 1157 3224; x_wconf 81' lang='grc' dir='ltr'><strong>ἐπειγόμενον.</strong></span> <span class='ocrx_word' id='word_1_254' title='bbox 1196 3154 1316 3205; x_wconf 78' lang='grc' dir='ltr'><strong>Εἰσὶ</strong></span> <span class='ocrx_word' id='word_1_255' title='bbox 1353 3153 1410 3205; x_wconf 87' lang='grc' dir='ltr'><strong>δέ</strong></span> <span class='ocrx_word' id='word_1_256' title='bbox 1456 3153 1644 3206; x_wconf 73' lang='grc' dir='ltr'><strong>πολλοὶ</strong></span> <span class='ocrx_word' id='word_1_257' title='bbox 1669 3154 1775 3207; x_wconf 92' lang='grc' dir='ltr'><strong>τῶν</strong></span> <span class='ocrx_word' id='word_1_258' title='bbox 1798 3155 2087 3227; x_wconf 83' lang='grc' dir='ltr'><strong>τολμηρῶν</strong></span> 
     </span>
    </p>
   </div>
   <div class='ocr_carea' id='block_1_35' title="bbox 510 3237 2087 3314">
    <p class='ocr_par' dir='ltr' id='par_1_35' title="bbox 510 3237 2087 3314">
     <span class='ocr_line' id='line_1_35' title="bbox 510 3237 2087 3314; baseline -0.003 -17"><span class='ocrx_word' id='word_1_259' title='bbox 510 3246 604 3297; x_wconf 83' lang='grc' dir='ltr'><strong>καὶ</strong></span> <span class='ocrx_word' id='word_1_260' title='bbox 633 3238 1045 3314; x_wconf 76' lang='grc' dir='ltr'><strong>ῥιψοκινδύνων,</strong></span> <span class='ocrx_word' id='word_1_261' title='bbox 1076 3237 1125 3290; x_wconf 82' lang='grc' dir='ltr'><strong>οἳ</strong></span> <span class='ocrx_word' id='word_1_262' title='bbox 1179 3238 1274 3291; x_wconf 80' lang='grc' dir='ltr'><strong>καὶ</strong></span> <span class='ocrx_word' id='word_1_263' title='bbox 1327 3237 1557 3307; x_wconf 85' lang='grc' dir='ltr'><strong>πλησίον</strong></span> <span class='ocrx_word' id='word_1_264' title='bbox 1609 3238 1788 3301; x_wconf 79' lang='grc' dir='ltr'><strong>αὐτῶν</strong></span> <span class='ocrx_word' id='word_1_265' title='bbox 1829 3239 2087 3307; x_wconf 87' lang='grc' dir='ltr'><strong>γενέσθαι</strong></span> 
     </span>
    </p>
   </div>
   <div class='ocr_carea' id='block_1_36' title="bbox 509 3321 2086 3395">
    <p class='ocr_par' dir='ltr' id='par_1_36' title="bbox 509 3321 2086 3395">
     <span class='ocr_line' id='line_1_36' title="bbox 509 3321 2086 3395; baseline -0.005 -13"><span class='ocrx_word' id='word_1_266' title='bbox 509 3329 619 3382; x_wconf 88' lang='grc' dir='ltr'><strong>τῶν</strong></span> <span class='ocrx_word' id='word_1_267' title='bbox 662 3324 967 3395; x_wconf 87' lang='grc' dir='ltr'><strong>καιομένων</strong></span> <span class='ocrx_word' id='word_1_268' title='bbox 998 3321 1449 3392; x_wconf 71' lang='grc' dir='ltr'><strong>οἰκοδομημάτων</strong></span> <span class='ocrx_word' id='word_1_269' title='bbox 1498 3321 1936 3393; x_wconf 83' lang='grc' dir='ltr'><strong>κατετόλμησαν,</strong></span> <span class='ocrx_word' id='word_1_270' title='bbox 1987 3323 2086 3393; x_wconf 82' lang='grc' dir='ltr'><strong>οὐχ</strong></span> 
     </span>
    </p>
   </div>
   <div class='ocr_carea' id='block_1_37' title="bbox 510 3404 2086 3484">
    <p class='ocr_par' dir='ltr' id='par_1_37' title="bbox 510 3404 2086 3484">
     <span class='ocr_line' id='line_1_37' title="bbox 510 3404 2086 3484; baseline -0.003 -20"><span class='ocrx_word' id='word_1_271' title='bbox 510 3413 653 3469; x_wconf 75' lang='grc' dir='ltr'><strong>ὥστε</strong></span> <span class='ocrx_word' id='word_1_272' title='bbox 688 3425 845 3480; x_wconf 90' lang='grc' dir='ltr'><strong>χειρα</strong></span> <span class='ocrx_word' id='word_1_273' title='bbox 874 3406 1061 3484; x_wconf 83' lang='grc' dir='ltr'><strong>ὀρέξαι</strong></span> <span class='ocrx_word' id='word_1_274' title='bbox 1085 3407 1266 3469; x_wconf 77' lang='grc' dir='ltr'><strong>αὐτοῖς</strong></span> <span class='ocrx_word' id='word_1_275' title='bbox 1311 3405 1407 3458; x_wconf 76' lang='grc' dir='ltr'><strong>καὶ</strong></span> <span class='ocrx_word' id='word_1_276' title='bbox 1446 3406 1637 3459; x_wconf 79' lang='grc' dir='ltr'><strong>σϐέσαι</strong></span> <span class='ocrx_word' id='word_1_277' title='bbox 1659 3404 1721 3459; x_wconf 81' lang='grc' dir='ltr'><strong>τὸ</strong></span> <span class='ocrx_word' id='word_1_278' title='bbox 1746 3408 1939 3475; x_wconf 83' lang='grc' dir='ltr'><strong>κακὸν,</strong></span> <span class='ocrx_word' id='word_1_279' title='bbox 1968 3406 2086 3460; x_wconf 82' lang='grc' dir='ltr'><strong>ἀλλ’</strong></span> 
     </span>
    </p>
   </div>
   <div class='ocr_carea' id='block_1_38' title="bbox 508 3489 2084 3563">
    <p class='ocr_par' dir='ltr' id='par_1_38' title="bbox 508 3489 2084 3563">
     <span class='ocr_line' id='line_1_38' title="bbox 508 3489 2084 3563; baseline -0.003 -14"><span class='ocrx_word' id='word_1_280' title='bbox 508 3496 651 3549; x_wconf 79' lang='grc' dir='ltr'><strong>ὥστε</strong></span> <span class='ocrx_word' id='word_1_281' title='bbox 680 3492 949 3563; x_wconf 79' lang='grc' dir='ltr'><strong>ήδυτέραν</strong></span> <span class='ocrx_word' id='word_1_282' title='bbox 987 3490 1243 3560; x_wconf 84' lang='grc' dir='ltr'><strong>γενέσθαι</strong></span> <span class='ocrx_word' id='word_1_283' title='bbox 1274 3489 1377 3561; x_wconf 81' lang='grc' dir='ltr'><strong>τὴν</strong></span> <span class='ocrx_word' id='word_1_284' title='bbox 1402 3490 1554 3554; x_wconf 89' lang='grc' dir='ltr'><strong>θέαν,</strong></span> <span class='ocrx_word' id='word_1_285' title='bbox 1588 3491 1653 3543; x_wconf 87' lang='grc' dir='ltr'><strong>ἐκ</strong></span> <span class='ocrx_word' id='word_1_286' title='bbox 1686 3490 1781 3543; x_wconf 90' lang='grc' dir='ltr'><strong>τοῦ</strong></span> <span class='ocrx_word' id='word_1_287' title='bbox 1817 3490 2084 3560; x_wconf 89' lang='grc' dir='ltr'><strong>σύνεγγυς</strong></span> 
     </span>
    </p>
   </div>
   <div class='ocr_carea' id='block_1_39' title="bbox 508 3574 2086 3647">
    <p class='ocr_par' dir='ltr' id='par_1_39' title="bbox 508 3574 2086 3647">
     <span class='ocr_line' id='line_1_39' title="bbox 508 3574 2086 3647; baseline -0.001 -14"><span class='ocrx_word' id='word_1_288' title='bbox 508 3580 688 3633; x_wconf 86' lang='grc' dir='ltr'><strong>πάντα</strong></span> <span class='ocrx_word' id='word_1_289' title='bbox 720 3575 1032 3647; x_wconf 87' lang='grc' dir='ltr'><strong>δυναμένων</strong></span> <span class='ocrx_word' id='word_1_290' title='bbox 1066 3574 1246 3628; x_wconf 78' lang='grc' dir='ltr'><strong>αὐτῶν</strong></span> <span class='ocrx_word' id='word_1_291' title='bbox 1273 3577 1650 3645; x_wconf 85' lang='grc' dir='ltr'><strong>περισκοπεῖν,</strong></span> <span class='ocrx_word' id='word_1_292' title='bbox 1683 3575 1719 3629; x_wconf 80' lang='grc' dir='ltr'><strong>ἀ</strong></span> <span class='ocrx_word' id='word_1_293' title='bbox 1739 3576 1864 3638; x_wconf 79' lang='grc' dir='ltr'><strong>τοὺς</strong></span> <span class='ocrx_word' id='word_1_294' title='bbox 1886 3576 2086 3643; x_wconf 79' lang='grc' dir='ltr'><strong>ἔξωθεν</strong></span> 
     </span>
    </p>
   </div>
   <div class='ocr_carea' id='block_1_40' title="bbox 509 3659 2084 3731">
    <p class='ocr_par' dir='ltr' id='par_1_40' title="bbox 509 3659 2084 3731">
     <span class='ocr_line' id='line_1_40' title="bbox 509 3659 2084 3731; baseline -0.003 -13"><span class='ocrx_word' id='word_1_295' title='bbox 509 3664 768 3725; x_wconf 84' lang='grc' dir='ltr'><strong>πολλάκις</strong></span> <span class='ocrx_word' id='word_1_296' title='bbox 806 3661 1019 3714; x_wconf 82' lang='grc' dir='ltr'><strong>ἐλαθεν.</strong></span> <span class='ocrx_word' id='word_1_297' title='bbox 1075 3660 1138 3723; x_wconf 73' lang='lat' dir='ltr'><strong>El</strong></span> <span class='ocrx_word' id='word_1_298' title='bbox 1169 3660 1227 3713; x_wconf 87' lang='grc' dir='ltr'><strong>δέ</strong></span> <span class='ocrx_word' id='word_1_299' title='bbox 1261 3660 1355 3712; x_wconf 73' lang='grc' dir='ltr'><strong>καὶ</strong></span> <span class='ocrx_word' id='word_1_300' title='bbox 1379 3659 1610 3730; x_wconf 72' lang='grc' dir='ltr'><strong>λαμπρὰ</strong></span> <span class='ocrx_word' id='word_1_301' title='bbox 1638 3661 1731 3712; x_wconf 73' lang='grc' dir='ltr'><strong>καὶ</strong></span> <span class='ocrx_word' id='word_1_302' title='bbox 1757 3660 1967 3731; x_wconf 83' lang='grc' dir='ltr'><strong>μεγάλη</strong></span> <span class='ocrx_word' id='word_1_303' title='bbox 1991 3661 2084 3713; x_wconf 83' lang='grc' dir='ltr'><strong>τύ-</strong></span> 
     </span>
    </p>
   </div>
   <div class='ocr_carea' id='block_1_41' title="bbox 508 3742 2082 3818">
    <p class='ocr_par' dir='ltr' id='par_1_41' title="bbox 508 3742 2082 3818">
     <span class='ocr_line' id='line_1_41' title="bbox 508 3742 2082 3818; baseline -0.003 -18"><span class='ocrx_word' id='word_1_304' title='bbox 508 3764 592 3818; x_wconf 85' lang='grc' dir='ltr'><strong>χοι</strong></span> <span class='ocrx_word' id='word_1_305' title='bbox 624 3743 757 3800; x_wconf 84' lang='grc' dir='ltr'><strong>οῦσα</strong></span> <span class='ocrx_word' id='word_1_306' title='bbox 783 3747 817 3815; x_wconf 91' lang='grc' dir='ltr'><strong>ή</strong></span> <span class='ocrx_word' id='word_1_307' title='bbox 849 3744 1016 3805; x_wconf 88' lang='grc' dir='ltr'><strong>οἰκία,</strong></span> <span class='ocrx_word' id='word_1_308' title='bbox 1053 3742 1283 3795; x_wconf 79' lang='grc' dir='ltr'><strong>ἐλεεινὸν</strong></span> <span class='ocrx_word' id='word_1_309' title='bbox 1311 3743 1492 3812; x_wconf 83' lang='grc' dir='ltr'><strong>θέαμα</strong></span> <span class='ocrx_word' id='word_1_310' title='bbox 1516 3743 1611 3796; x_wconf 79' lang='grc' dir='ltr'><strong>καὶ</strong></span> <span class='ocrx_word' id='word_1_311' title='bbox 1660 3743 1869 3799; x_wconf 83' lang='grc' dir='ltr'><strong>πολλῶν</strong></span> <span class='ocrx_word' id='word_1_312' title='bbox 1899 3746 2082 3809; x_wconf 82' lang='grc' dir='ltr'><strong>αύτοῖς</strong></span> 
     </span>
    </p>
   </div>
   <div class='ocr_carea' id='block_1_42' title="bbox 506 3821 2082 3902">
    <p class='ocr_par' dir='ltr' id='par_1_42' title="bbox 506 3821 2082 3902">
     <span class='ocr_line' id='line_1_42' title="bbox 506 3821 2082 3902; baseline -0.002 -17"><span class='ocrx_word' id='word_1_313' title='bbox 506 3830 761 3902; x_wconf 82' lang='grc' dir='ltr'><strong>δακρύων</strong></span> <span class='ocrx_word' id='word_1_314' title='bbox 790 3828 940 3893; x_wconf 85' lang='grc' dir='ltr'><strong>ἀξιον</strong></span> <span class='ocrx_word' id='word_1_315' title='bbox 970 3821 1113 3879; x_wconf 79' lang='grc' dir='ltr'><strong>εἶναι</strong></span> <span class='ocrx_word' id='word_1_316' title='bbox 1145 3826 1315 3879; x_wconf 87' lang='grc' dir='ltr'><strong>δοκεῖ.</strong></span> <span class='ocrx_word' id='word_1_317' title='bbox 1372 3828 1482 3878; x_wconf 77' lang='grc' dir='ltr'><strong>Καὶ</strong></span> <span class='ocrx_word' id='word_1_318' title='bbox 1522 3827 1671 3880; x_wconf 82' lang='grc' dir='ltr'><strong>ἐστιν</strong></span> <span class='ocrx_word' id='word_1_319' title='bbox 1701 3827 1920 3896; x_wconf 89' lang='grc' dir='ltr'><strong>ἀληθῶς</strong></span> <span class='ocrx_word' id='word_1_320' title='bbox 1952 3829 2082 3882; x_wconf 80' lang='grc' dir='ltr'><strong>ἰδεῖν</strong></span> 
     </span>
    </p>
   </div>
   <div class='ocr_carea' id='block_1_43' title="bbox 508 3909 2077 3985">
    <p class='ocr_par' dir='ltr' id='par_1_43' title="bbox 508 3909 2077 3985">
     <span class='ocr_line' id='line_1_43' title="bbox 508 3909 2077 3985; baseline -0.001 -17"><span class='ocrx_word' id='word_1_321' title='bbox 508 3916 686 3985; x_wconf 84' lang='grc' dir='ltr'><strong>θέαμα</strong></span> <span class='ocrx_word' id='word_1_322' title='bbox 737 3911 995 3977; x_wconf 65' lang='grc' dir='ltr'><strong>ἐλεεινὸν,</strong></span> <span class='ocrx_word' id='word_1_323' title='bbox 1048 3909 1243 3973; x_wconf 82' lang='grc' dir='ltr'><strong>κιόνων</strong></span> <span class='ocrx_word' id='word_1_324' title='bbox 1291 3911 1532 3978; x_wconf 78' lang='grc' dir='ltr'><strong>κεφαλάς</strong></span> <span class='ocrx_word' id='word_1_325' title='bbox 1566 3912 1715 3964; x_wconf 90' lang='grc' dir='ltr'><strong>κόνιν</strong></span> <span class='ocrx_word' id='word_1_326' title='bbox 1764 3913 2077 3982; x_wconf 88' lang='grc' dir='ltr'><strong>γινομένας,</strong></span> 
     </span>
    </p>
   </div>
   <div class='ocr_carea' id='block_1_44' title="bbox 507 3992 2081 4067">
    <p class='ocr_par' dir='ltr' id='par_1_44' title="bbox 507 3992 2081 4067">
     <span class='ocr_line' id='line_1_44' title="bbox 507 3992 2081 4067; baseline -0.001 -16"><span class='ocrx_word' id='word_1_327' title='bbox 507 3998 735 4059; x_wconf 78' lang='grc' dir='ltr'><strong>πολλοὺς</strong></span> <span class='ocrx_word' id='word_1_328' title='bbox 771 3994 827 4057; x_wconf 77' lang='grc' dir='ltr'><strong>δὲ</strong></span> <span class='ocrx_word' id='word_1_329' title='bbox 865 3994 958 4045; x_wconf 76' lang='grc' dir='ltr'><strong>καὶ</strong></span> <span class='ocrx_word' id='word_1_330' title='bbox 1004 3993 1203 4055; x_wconf 72' lang='grc' dir='ltr'><strong>αὐτοὺς</strong></span> <span class='ocrx_word' id='word_1_331' title='bbox 1251 3992 1769 4065; x_wconf 79' lang='grc' dir='ltr'><strong>διακεκλασμένους.</strong></span> <span class='ocrx_word' id='word_1_332' title='bbox 1820 3997 1947 4061; x_wconf 83' lang='grc' dir='ltr'><strong>τοὺς</strong></span> <span class='ocrx_word' id='word_1_333' title='bbox 1981 3997 2081 4067; x_wconf 86' lang='grc' dir='ltr'><strong>μὲν</strong></span> 
     </span>
    </p>
   </div>
   <div class='ocr_carea' id='block_1_45' title="bbox 506 4075 2081 4149">
    <p class='ocr_par' dir='ltr' id='par_1_45' title="bbox 506 4075 2081 4149">
     <span class='ocr_line' id='line_1_45' title="bbox 506 4075 2081 4149; baseline 0 -15"><span class='ocrx_word' id='word_1_334' title='bbox 506 4081 600 4134; x_wconf 85' lang='grc' dir='ltr'><strong>τοῦ</strong></span> <span class='ocrx_word' id='word_1_335' title='bbox 648 4078 817 4149; x_wconf 76' lang='grc' dir='ltr'><strong>πυρδς</strong></span> <span class='ocrx_word' id='word_1_336' title='bbox 862 4075 1363 4147; x_wconf 78' lang='grc' dir='ltr'><strong>κατεργαζομένου,</strong></span> <span class='ocrx_word' id='word_1_337' title='bbox 1397 4078 1524 4140; x_wconf 73' lang='grc' dir='ltr'><strong>τοὺς</strong></span> <span class='ocrx_word' id='word_1_338' title='bbox 1573 4077 1629 4130; x_wconf 86' lang='grc' dir='ltr'><strong>δὲ</strong></span> <span class='ocrx_word' id='word_1_339' title='bbox 1686 4078 1948 4143; x_wconf 86' lang='grc' dir='ltr'><strong>πολλάκις</strong></span> <span class='ocrx_word' id='word_1_340' title='bbox 1972 4081 2081 4134; x_wconf 89' lang='grc' dir='ltr'><strong>τῶν</strong></span> 
     </span>
    </p>
   </div>
   <div class='ocr_carea' id='block_1_46' title="bbox 506 4160 2078 4235">
    <p class='ocr_par' dir='ltr' id='par_1_46' title="bbox 506 4160 2078 4235">
     <span class='ocr_line' id='line_1_46' title="bbox 506 4160 2078 4235; baseline -0.001 -18"><span class='ocrx_word' id='word_1_341' title='bbox 506 4161 976 4233; x_wconf 86' lang='grc' dir='ltr'><strong>οἰκοδομησάντων</strong></span> <span class='ocrx_word' id='word_1_342' title='bbox 1012 4161 1213 4222; x_wconf 83' lang='grc' dir='ltr'><strong>αὐτοὺς</strong></span> <span class='ocrx_word' id='word_1_343' title='bbox 1260 4160 1460 4231; x_wconf 88' lang='grc' dir='ltr'><strong>χειρῶν</strong></span> <span class='ocrx_word' id='word_1_344' title='bbox 1511 4160 1789 4222; x_wconf 79' lang='grc' dir='ltr'><strong>ῶθουσῶν,</strong></span> <span class='ocrx_word' id='word_1_345' title='bbox 1820 4162 1963 4215; x_wconf 86' lang='grc' dir='ltr'><strong>ῶστε</strong></span> <span class='ocrx_word' id='word_1_346' title='bbox 2002 4164 2078 4235; x_wconf 84' lang='grc' dir='ltr'><strong>μὴ</strong></span> 
     </span>
    </p>
   </div>
   <div class='ocr_carea' id='block_1_47' title="bbox 508 4242 2078 4315">
    <p class='ocr_par' dir='ltr' id='par_1_47' title="bbox 508 4242 2078 4315">
     <span class='ocr_line' id='line_1_47' title="bbox 508 4242 2078 4315; baseline -0.001 -15"><span class='ocrx_word' id='word_1_347' title='bbox 508 4247 725 4311; x_wconf 82' lang='grc' dir='ltr'><strong>πλείονα</strong></span> <span class='ocrx_word' id='word_1_348' title='bbox 758 4244 965 4315; x_wconf 81' lang='grc' dir='ltr'><strong>τροφὴν</strong></span> <span class='ocrx_word' id='word_1_349' title='bbox 1008 4242 1265 4312; x_wconf 84' lang='grc' dir='ltr'><strong>γενέσθαι</strong></span> <span class='ocrx_word' id='word_1_350' title='bbox 1315 4242 1394 4312; x_wconf 80' lang='grc' dir='ltr'><strong>τῷ</strong></span> <span class='ocrx_word' id='word_1_351' title='bbox 1432 4244 1587 4313; x_wconf 81' lang='grc' dir='ltr'><strong>πυρί.</strong></span> <span class='ocrx_word' id='word_1_352' title='bbox 1630 4245 1787 4311; x_wconf 83' lang='grc' dir='ltr'><strong>Ἔστι</strong></span> <span class='ocrx_word' id='word_1_353' title='bbox 1843 4246 1901 4299; x_wconf 88' lang='grc' dir='ltr'><strong>δέ</strong></span> <span class='ocrx_word' id='word_1_354' title='bbox 1949 4246 2078 4311; x_wconf 78' lang='grc' dir='ltr'><strong>ἰδεῖν</strong></span> 
     </span>
    </p>
   </div>
   <div class='ocr_carea' id='block_1_48' title="bbox 504 4325 2078 4401">
    <p class='ocr_par' dir='ltr' id='par_1_48' title="bbox 504 4325 2078 4401">
     <span class='ocr_line' id='line_1_48' title="bbox 504 4325 2078 4401; baseline -0.003 -15"><span class='ocrx_word' id='word_1_355' title='bbox 504 4330 815 4400; x_wconf 89' lang='grc' dir='ltr'><strong>ἀγάλματα,</strong></span> <span class='ocrx_word' id='word_1_356' title='bbox 858 4328 894 4381; x_wconf 80' lang='grc' dir='ltr'><strong>ἀ</strong></span> <span class='ocrx_word' id='word_1_357' title='bbox 928 4327 1067 4397; x_wconf 85' lang='grc' dir='ltr'><strong>μετά</strong></span> <span class='ocrx_word' id='word_1_358' title='bbox 1099 4325 1294 4378; x_wconf 82' lang='grc' dir='ltr'><strong>πολλοῦ</strong></span> <span class='ocrx_word' id='word_1_359' title='bbox 1320 4326 1414 4378; x_wconf 85' lang='grc' dir='ltr'><strong>τοῦ</strong></span> <span class='ocrx_word' id='word_1_360' title='bbox 1445 4327 1674 4397; x_wconf 87' lang='grc' dir='ltr'><strong>κόσμου,</strong></span> <span class='ocrx_word' id='word_1_361' title='bbox 1723 4329 1823 4397; x_wconf 67' lang='grc' dir='ltr'><strong>τῆς</strong></span> <span class='ocrx_word' id='word_1_362' title='bbox 1874 4329 2078 4401; x_wconf 74' lang='grc' dir='ltr'><strong>ὀροφῆς</strong></span> 
     </span>
    </p>
   </div>
   <div class='ocr_carea' id='block_1_49' title="bbox 502 4411 2075 4486">
    <p class='ocr_par' dir='ltr' id='par_1_49' title="bbox 502 4411 2075 4486">
     <span class='ocr_line' id='line_1_49' title="bbox 502 4411 2075 4486; baseline -0.003 -20"><span class='ocrx_word' id='word_1_363' title='bbox 502 4413 875 4484; x_wconf 76' lang='grc' dir='ltr'><strong>ἐπικειμένης,</strong></span> <span class='ocrx_word' id='word_1_364' title='bbox 916 4414 1185 4482; x_wconf 75' lang='grc' dir='ltr'><strong>εἱστήκει,</strong></span> <span class='ocrx_word' id='word_1_365' title='bbox 1213 4411 1695 4481; x_wconf 69' lang='grc' dir='ltr'><strong>ἀνακαλυφθέντα,</strong></span> <span class='ocrx_word' id='word_1_366' title='bbox 1731 4414 1829 4483; x_wconf 83' lang='grc' dir='ltr'><strong>τῆς</strong></span> <span class='ocrx_word' id='word_1_367' title='bbox 1872 4415 2075 4486; x_wconf 77' lang='grc' dir='ltr'><strong>στέγης</strong></span> 
     </span>
    </p>
   </div>
   <div class='ocr_carea' id='block_1_50' title="bbox 502 4494 2078 4569">
    <p class='ocr_par' dir='ltr' id='par_1_50' title="bbox 502 4494 2078 4569">
     <span class='ocr_line' id='line_1_50' title="bbox 502 4494 2078 4569; baseline -0.008 -16"><span class='ocrx_word' id='word_1_368' title='bbox 502 4496 911 4569; x_wconf 80' lang='grc' dir='ltr'><strong>ἀφαιρεθείσης,</strong></span> <span class='ocrx_word' id='word_1_369' title='bbox 940 4496 1033 4548; x_wconf 76' lang='grc' dir='ltr'><strong>καὶ</strong></span> <span class='ocrx_word' id='word_1_370' title='bbox 1063 4496 1120 4547; x_wconf 89' lang='grc' dir='ltr'><strong>ἐν</strong></span> <span class='ocrx_word' id='word_1_371' title='bbox 1148 4494 1346 4565; x_wconf 83' lang='grc' dir='ltr'><strong>αἰθρίῳ</strong></span> <span class='ocrx_word' id='word_1_372' title='bbox 1370 4495 1508 4565; x_wconf 82' lang='grc' dir='ltr'><strong>μετὰ</strong></span> <span class='ocrx_word' id='word_1_373' title='bbox 1537 4495 1741 4565; x_wconf 80' lang='grc' dir='ltr'><strong>πολλῆς</strong></span> <span class='ocrx_word' id='word_1_374' title='bbox 1772 4496 1871 4567; x_wconf 77' lang='grc' dir='ltr'><strong>τῆς</strong></span> <span class='ocrx_word' id='word_1_375' title='bbox 1904 4498 2078 4569; x_wconf 78' lang='grc' dir='ltr'><strong>ἀμορ-</strong></span> 
     </span>
    </p>
   </div>
   <div class='ocr_carea' id='block_1_51' title="bbox 503 4579 2073 4653">
    <p class='ocr_par' dir='ltr' id='par_1_51' title="bbox 503 4579 2073 4653">
     <span class='ocr_line' id='line_1_51' title="bbox 503 4579 2073 4653; baseline 0 -17"><span class='ocrx_word' id='word_1_376' title='bbox 503 4584 629 4653; x_wconf 83' lang='grc' dir='ltr'><strong>φίας</strong></span> <span class='ocrx_word' id='word_1_377' title='bbox 664 4582 956 4651; x_wconf 74' lang='grc' dir='ltr'><strong>ἑστηκότα.</strong></span> <span class='ocrx_word' id='word_1_378' title='bbox 984 4580 1050 4632; x_wconf 85' lang='grc' dir='ltr'><strong>Τί</strong></span> <span class='ocrx_word' id='word_1_379' title='bbox 1075 4579 1166 4645; x_wconf 80' lang='grc' dir='ltr'><strong>δέ;</strong></span> <span class='ocrx_word' id='word_1_380' title='bbox 1200 4580 1290 4632; x_wconf 75' lang='grc' dir='ltr'><strong>τὸν</strong></span> <span class='ocrx_word' id='word_1_381' title='bbox 1320 4579 1552 4633; x_wconf 87' lang='grc' dir='ltr'><strong>πλοῦτον</strong></span> <span class='ocrx_word' id='word_1_382' title='bbox 1576 4580 1668 4633; x_wconf 76' lang='grc' dir='ltr'><strong>τὸν</strong></span> <span class='ocrx_word' id='word_1_383' title='bbox 1697 4580 1847 4647; x_wconf 77' lang='grc' dir='ltr'><strong>ἔνδον</strong></span> <span class='ocrx_word' id='word_1_384' title='bbox 1874 4585 2073 4644; x_wconf 80' lang='grc' dir='ltr'><strong>ἐναπο-</strong></span> 
     </span>
    </p>
   </div>
   <div class='ocr_carea' id='block_1_52' title="bbox 503 4662 2076 4736">
    <p class='ocr_par' dir='ltr' id='par_1_52' title="bbox 503 4662 2076 4736">
     <span class='ocr_line' id='line_1_52' title="bbox 503 4662 2076 4736; baseline 0.001 -17"><span class='ocrx_word' id='word_1_385' title='bbox 503 4666 752 4736; x_wconf 85' lang='grc' dir='ltr'><strong>κείμενον</strong></span> <span class='ocrx_word' id='word_1_386' title='bbox 796 4663 877 4727; x_wconf 89' lang='grc' dir='ltr'><strong>τίς</strong></span> <span class='ocrx_word' id='word_1_387' title='bbox 915 4662 1257 4733; x_wconf 80' lang='grc' dir='ltr'><strong>διηγήσαιτο,</strong></span> <span class='ocrx_word' id='word_1_388' title='bbox 1308 4663 1377 4715; x_wconf 72' lang='grc' dir='ltr'><strong>τὰ</strong></span> <span class='ocrx_word' id='word_1_389' title='bbox 1425 4664 1616 4733; x_wconf 88' lang='grc' dir='ltr'><strong>ίμάτια</strong></span> <span class='ocrx_word' id='word_1_390' title='bbox 1647 4664 1717 4717; x_wconf 87' lang='grc' dir='ltr'><strong>τά</strong></span> <span class='ocrx_word' id='word_1_391' title='bbox 1747 4668 1945 4736; x_wconf 81' lang='grc' dir='ltr'><strong>χρυσᾶ,</strong></span> <span class='ocrx_word' id='word_1_392' title='bbox 1982 4669 2076 4731; x_wconf 75' lang='grc' dir='ltr'><strong>καὶ</strong></span> 
     </span>
    </p>
   </div>
   <div class='ocr_carea' id='block_1_53' title="bbox 500 4738 2074 4817">
    <p class='ocr_par' dir='ltr' id='par_1_53' title="bbox 500 4738 2074 4817">
     <span class='ocr_line' id='line_1_53' title="bbox 500 4738 2074 4817; baseline -0.001 -13"><span class='ocrx_word' id='word_1_393' title='bbox 500 4749 569 4804; x_wconf 79' lang='grc' dir='ltr'><strong>τὰ</strong></span> <span class='ocrx_word' id='word_1_394' title='bbox 605 4746 775 4817; x_wconf 87' lang='grc' dir='ltr'><strong>σκεύη</strong></span> <span class='ocrx_word' id='word_1_395' title='bbox 796 4747 865 4801; x_wconf 84' lang='grc' dir='ltr'><strong>τά</strong></span> <span class='ocrx_word' id='word_1_396' title='bbox 894 4746 1147 4817; x_wconf 76' lang='grc' dir='ltr'><strong>ἀργυρᾶς</strong></span> <span class='ocrx_word' id='word_1_397' title='bbox 1186 4747 1294 4798; x_wconf 70' lang='grc' dir='ltr'><strong>Καὶ</strong></span> <span class='ocrx_word' id='word_1_398' title='bbox 1327 4745 1437 4816; x_wconf 76' lang='grc' dir='ltr'><strong>γὰρ</strong></span> <span class='ocrx_word' id='word_1_399' title='bbox 1466 4745 1596 4800; x_wconf 76' lang='grc' dir='ltr'><strong>ἔνθα</strong></span> <span class='ocrx_word' id='word_1_400' title='bbox 1632 4738 1792 4817; x_wconf 88' lang='grc' dir='ltr'><strong>μόνος</strong></span> <span class='ocrx_word' id='word_1_401' title='bbox 1815 4749 1843 4800; x_wconf 89' lang='grc' dir='ltr'><strong>ό</strong></span> <span class='ocrx_word' id='word_1_402' title='bbox 1881 4749 2074 4803; x_wconf 74' lang='grc' dir='ltr'><strong>δεσπόο</strong></span> 
     </span>
    </p>
   </div>
   <div class='ocr_carea' id='block_1_54' title="bbox 500 4828 2075 4903">
    <p class='ocr_par' dir='ltr' id='par_1_54' title="bbox 500 4828 2075 4903">
     <span class='ocr_line' id='line_1_54' title="bbox 500 4828 2075 4903; baseline 0 -18"><span class='ocrx_word' id='word_1_403' title='bbox 500 4850 601 4903; x_wconf 89' lang='grc' dir='ltr'><strong>της</strong></span> <span class='ocrx_word' id='word_1_404' title='bbox 631 4831 801 4902; x_wconf 70' lang='grc' dir='ltr'><strong>εἰσῄει</strong></span> <span class='ocrx_word' id='word_1_405' title='bbox 836 4829 975 4901; x_wconf 82' lang='grc' dir='ltr'><strong>μετὰ</strong></span> <span class='ocrx_word' id='word_1_406' title='bbox 997 4830 1097 4899; x_wconf 79' lang='grc' dir='ltr'><strong>τῆς</strong></span> <span class='ocrx_word' id='word_1_407' title='bbox 1126 4828 1320 4882; x_wconf 88' lang='grc' dir='ltr'><strong>ἐαυτοῦ</strong></span> <span class='ocrx_word' id='word_1_408' title='bbox 1357 4829 1612 4896; x_wconf 73' lang='grc' dir='ltr'><strong>συζύγου,</strong></span> <span class='ocrx_word' id='word_1_409' title='bbox 1654 4830 1783 4884; x_wconf 75' lang='grc' dir='ltr'><strong>ἔνθα</strong></span> <span class='ocrx_word' id='word_1_410' title='bbox 1815 4832 1923 4885; x_wconf 90' lang='grc' dir='ltr'><strong>τῶν</strong></span> <span class='ocrx_word' id='word_1_411' title='bbox 1946 4833 2075 4886; x_wconf 86' lang='grc' dir='ltr'><strong>πολ-</strong></span> 
     </span>
    </p>
   </div>
   <div class='ocr_carea' id='block_1_55' title="bbox 501 4910 2072 4986">
    <p class='ocr_par' dir='ltr' id='par_1_55' title="bbox 501 4910 2072 4986">
     <span class='ocr_line' id='line_1_55' title="bbox 501 4910 2072 4986; baseline 0 -16"><span class='ocrx_word' id='word_1_412' title='bbox 501 4918 609 4970; x_wconf 92' lang='grc' dir='ltr'><strong>λῶν</strong></span> <span class='ocrx_word' id='word_1_413' title='bbox 642 4913 870 4986; x_wconf 89' lang='grc' dir='ltr'><strong>ίματίων</strong></span> <span class='ocrx_word' id='word_1_414' title='bbox 916 4914 1010 4971; x_wconf 78' lang='grc' dir='ltr'><strong>καὶ</strong></span> <span class='ocrx_word' id='word_1_415' title='bbox 1044 4912 1355 4984; x_wconf 86' lang='grc' dir='ltr'><strong>ἀρωμάτων</strong></span> <span class='ocrx_word' id='word_1_416' title='bbox 1384 4912 1445 4967; x_wconf 74' lang='grc' dir='ltr'><strong>τὸ</strong></span> <span class='ocrx_word' id='word_1_417' title='bbox 1470 4914 1695 4982; x_wconf 86' lang='grc' dir='ltr'><strong>ταμεῖον</strong></span> <span class='ocrx_word' id='word_1_418' title='bbox 1726 4910 1816 4985; x_wconf 79' lang='grc' dir='ltr'><strong>ἦν,</strong></span> <span class='ocrx_word' id='word_1_419' title='bbox 1856 4916 1964 4969; x_wconf 89' lang='grc' dir='ltr'><strong>τῶν</strong></span> <span class='ocrx_word' id='word_1_420' title='bbox 1993 4917 2072 4970; x_wconf 87' lang='grc' dir='ltr'><strong>λί-</strong></span> 
     </span>
    </p>
   </div>
   <div class='ocr_carea' id='block_1_56' title="bbox 501 4996 2073 5070">
    <p class='ocr_par' dir='ltr' id='par_1_56' title="bbox 501 4996 2073 5070">
     <span class='ocr_line' id='line_1_56' title="bbox 501 4996 2073 5070; baseline -0.001 -16"><span class='ocrx_word' id='word_1_421' title='bbox 501 5001 613 5055; x_wconf 73' lang='grc' dir='ltr'><strong>θων,</strong></span> <span class='ocrx_word' id='word_1_422' title='bbox 639 4998 749 5051; x_wconf 88' lang='grc' dir='ltr'><strong>τῶν</strong></span> <span class='ocrx_word' id='word_1_423' title='bbox 778 4996 1085 5049; x_wconf 79' lang='grc' dir='ltr'><strong>πολυτελῶν</strong></span> <span class='ocrx_word' id='word_1_424' title='bbox 1114 4996 1180 5048; x_wconf 88' lang='grc' dir='ltr'><strong>τά</strong></span> <span class='ocrx_word' id='word_1_425' title='bbox 1229 4996 1431 5065; x_wconf 85' lang='grc' dir='ltr'><strong>δοχεῖα,</strong></span> <span class='ocrx_word' id='word_1_426' title='bbox 1472 4998 1601 5065; x_wconf 82' lang='grc' dir='ltr'><strong>μιᾶς</strong></span> <span class='ocrx_word' id='word_1_427' title='bbox 1630 5000 1813 5067; x_wconf 75' lang='grc' dir='ltr'><strong>πυρᾶς</strong></span> <span class='ocrx_word' id='word_1_428' title='bbox 1844 5001 2073 5070; x_wconf 82' lang='grc' dir='ltr'><strong>γενομέ-</strong></span> 
     </span>
    </p>
   </div>
   <div class='ocr_carea' id='block_1_57' title="bbox 499 5078 2073 5157">
    <p class='ocr_par' dir='ltr' id='par_1_57' title="bbox 499 5078 2073 5157">
     <span class='ocr_line' id='line_1_57' title="bbox 499 5078 2073 5157; baseline 0.003 -25"><span class='ocrx_word' id='word_1_429' title='bbox 499 5103 616 5157; x_wconf 76' lang='grc' dir='ltr'><strong>νης,</strong></span> <span class='ocrx_word' id='word_1_430' title='bbox 640 5083 735 5137; x_wconf 80' lang='grc' dir='ltr'><strong>καὶ</strong></span> <span class='ocrx_word' id='word_1_431' title='bbox 764 5081 1092 5153; x_wconf 75' lang='grc' dir='ltr'><strong>βαλανευταῖ</strong></span> <span class='ocrx_word' id='word_1_432' title='bbox 1123 5081 1217 5131; x_wconf 75' lang='grc' dir='ltr'><strong>καὶ</strong></span> <span class='ocrx_word' id='word_1_433' title='bbox 1242 5078 1525 5147; x_wconf 87' lang='grc' dir='ltr'><strong>κοπρῶναι</strong></span> <span class='ocrx_word' id='word_1_434' title='bbox 1557 5081 1651 5133; x_wconf 73' lang='grc' dir='ltr'><strong>καὶ</strong></span> <span class='ocrx_word' id='word_1_435' title='bbox 1684 5080 1951 5150; x_wconf 88' lang='grc' dir='ltr'><strong>δραπέται</strong></span> <span class='ocrx_word' id='word_1_436' title='bbox 1978 5085 2073 5137; x_wconf 76' lang='grc' dir='ltr'><strong>καὶ</strong></span> 
     </span>
    </p>
   </div>
   <div class='ocr_carea' id='block_1_58' title="bbox 498 5164 2072 5236">
    <p class='ocr_par' dir='ltr' id='par_1_58' title="bbox 498 5164 2072 5236">
     <span class='ocr_line' id='line_1_58' title="bbox 498 5164 2072 5236; baseline 0 -17"><span class='ocrx_word' id='word_1_437' title='bbox 498 5171 699 5230; x_wconf 84' lang='grc' dir='ltr'><strong>πάντες</strong></span> <span class='ocrx_word' id='word_1_438' title='bbox 746 5166 933 5218; x_wconf 83' lang='grc' dir='ltr'><strong>λοιπὸν</strong></span> <span class='ocrx_word' id='word_1_439' title='bbox 980 5164 1145 5226; x_wconf 77' lang='grc' dir='ltr'><strong>ἔνδον,</strong></span> <span class='ocrx_word' id='word_1_440' title='bbox 1180 5164 1276 5217; x_wconf 73' lang='grc' dir='ltr'><strong>καὶ</strong></span> <span class='ocrx_word' id='word_1_441' title='bbox 1315 5164 1496 5218; x_wconf 86' lang='grc' dir='ltr'><strong>πάντα</strong></span> <span class='ocrx_word' id='word_1_442' title='bbox 1522 5164 1589 5216; x_wconf 87' lang='grc' dir='ltr'><strong>τά</strong></span> <span class='ocrx_word' id='word_1_443' title='bbox 1628 5164 1777 5217; x_wconf 79' lang='grc' dir='ltr'><strong>ἔνδον</strong></span> <span class='ocrx_word' id='word_1_444' title='bbox 1802 5164 1947 5236; x_wconf 75' lang='grc' dir='ltr'><strong>ὕδωρ</strong></span> <span class='ocrx_word' id='word_1_445' title='bbox 1978 5172 2072 5233; x_wconf 71' lang='grc' dir='ltr'><strong>καὶ</strong></span> 
     </span>
    </p>
   </div>
   <div class='ocr_carea' id='block_1_59' title="bbox 498 5246 2069 5325">
    <p class='ocr_par' dir='ltr' id='par_1_59' title="bbox 498 5246 2069 5325">
     <span class='ocr_line' id='line_1_59' title="bbox 498 5246 2069 5325; baseline -0.002 -18"><span class='ocrx_word' id='word_1_446' title='bbox 498 5253 609 5325; x_wconf 88' lang='grc' dir='ltr'><strong>πῦρ</strong></span> <span class='ocrx_word' id='word_1_447' title='bbox 638 5252 734 5305; x_wconf 77' lang='grc' dir='ltr'><strong>καὶ</strong></span> <span class='ocrx_word' id='word_1_448' title='bbox 763 5250 935 5319; x_wconf 82' lang='grc' dir='ltr'><strong>πηλὸς</strong></span> <span class='ocrx_word' id='word_1_449' title='bbox 958 5251 1052 5303; x_wconf 73' lang='grc' dir='ltr'><strong>καὶ</strong></span> <span class='ocrx_word' id='word_1_450' title='bbox 1076 5249 1243 5311; x_wconf 82' lang='grc' dir='ltr'><strong>κόνις,</strong></span> <span class='ocrx_word' id='word_1_451' title='bbox 1279 5248 1373 5301; x_wconf 74' lang='grc' dir='ltr'><strong>καὶ</strong></span> <span class='ocrx_word' id='word_1_452' title='bbox 1398 5246 1531 5313; x_wconf 84' lang='grc' dir='ltr'><strong>ξύλα</strong></span> <span class='ocrx_word' id='word_1_453' title='bbox 1557 5248 1894 5318; x_wconf 79' lang='grc' dir='ltr'><strong>ἡμίκαυστα.</strong></span> <span class='ocrx_word' id='word_1_454' title='bbox 1926 5251 1990 5303; x_wconf 89' lang='grc' dir='ltr'><strong>Τί</strong></span> <span class='ocrx_word' id='word_1_455' title='bbox 2015 5252 2069 5305; x_wconf 84' lang='grc' dir='ltr'><strong>δὲ</strong></span> 
     </span>
    </p>
   </div>
   <div class='ocr_carea' id='block_1_60' title="bbox 494 5331 2070 5409">
    <p class='ocr_par' dir='ltr' id='par_1_60' title="bbox 494 5331 2070 5409">
     <span class='ocr_line' id='line_1_60' title="bbox 494 5331 2070 5409; baseline -0.004 -16"><span class='ocrx_word' id='word_1_456' title='bbox 494 5339 593 5409; x_wconf 85' lang='grc' dir='ltr'><strong>τὴν</strong></span> <span class='ocrx_word' id='word_1_457' title='bbox 624 5336 806 5391; x_wconf 79' lang='grc' dir='ltr'><strong>εἰκόνα</strong></span> <span class='ocrx_word' id='word_1_458' title='bbox 842 5334 1044 5403; x_wconf 86' lang='grc' dir='ltr'><strong>ταύτην</strong></span> <span class='ocrx_word' id='word_1_459' title='bbox 1076 5333 1332 5391; x_wconf 82' lang='grc' dir='ltr'><strong>ἐπιπλέον</strong></span> <span class='ocrx_word' id='word_1_460' title='bbox 1381 5331 1667 5395; x_wconf 71' lang='grc' dir='ltr'><strong>ἐξέτεινας</strong></span> <span class='ocrx_word' id='word_1_461' title='bbox 1724 5334 1837 5403; x_wconf 86' lang='grc' dir='ltr'><strong>Ούχ</strong></span> <span class='ocrx_word' id='word_1_462' title='bbox 1884 5334 2070 5399; x_wconf 83' lang='grc' dir='ltr'><strong>ἁπλῶς</strong></span> 
     </span>
    </p>
   </div>
   <div class='ocr_carea' id='block_1_61' title="bbox 494 5415 2070 5491">
    <p class='ocr_par' dir='ltr' id='par_1_61' title="bbox 494 5415 2070 5491">
     <span class='ocr_line' id='line_1_61' title="bbox 494 5415 2070 5491; baseline 0.001 -16"><span class='ocrx_word' id='word_1_463' title='bbox 494 5422 670 5485; x_wconf 81' lang='grc' dir='ltr'><strong>οἰκίας</strong></span> <span class='ocrx_word' id='word_1_464' title='bbox 718 5418 1049 5491; x_wconf 80' lang='grc' dir='ltr'><strong>ἐμπρησμὸν</strong></span> <span class='ocrx_word' id='word_1_465' title='bbox 1082 5415 1397 5485; x_wconf 59' lang='grc' dir='ltr'><strong>ὑπογράψαι</strong></span> <span class='ocrx_word' id='word_1_466' title='bbox 1445 5415 1806 5485; x_wconf 81' lang='grc' dir='ltr'><strong>βουλόμενο.;’</strong></span> <span class='ocrx_word' id='word_1_467' title='bbox 1864 5418 1916 5470; x_wconf 84' lang='grc' dir='ltr'><strong>τί</strong></span> <span class='ocrx_word' id='word_1_468' title='bbox 1961 5420 2070 5488; x_wconf 79' lang='grc' dir='ltr'><strong>γάρ</strong></span> 
     </span>
    </p>
   </div>
   <div class='ocr_carea' id='block_1_62' title="bbox 498 5499 2069 5574">
    <p class='ocr_par' dir='ltr' id='par_1_62' title="bbox 498 5499 2069 5574">
     <span class='ocr_line' id='line_1_62' title="bbox 498 5499 2069 5574; baseline -0.004 -15"><span class='ocrx_word' id='word_1_469' title='bbox 498 5524 588 5574; x_wconf 86' lang='grc' dir='ltr'><strong>μοι</strong></span> <span class='ocrx_word' id='word_1_470' title='bbox 612 5504 802 5557; x_wconf 87' lang='grc' dir='ltr'><strong>τούτου</strong></span> <span class='ocrx_word' id='word_1_471' title='bbox 831 5502 1019 5573; x_wconf 73' lang='grc' dir='ltr'><strong>μέλει,</strong></span> <span class='ocrx_word' id='word_1_472' title='bbox 1054 5499 1190 5553; x_wconf 87' lang='grc' dir='ltr'><strong>ἀλλά</strong></span> <span class='ocrx_word' id='word_1_473' title='bbox 1218 5500 1569 5570; x_wconf 78' lang='grc' dir='ltr'><strong>παραστῆσαι</strong></span> <span class='ocrx_word' id='word_1_474' title='bbox 1606 5499 1928 5571; x_wconf 76' lang='grc' dir='ltr'><strong>βουλόμενος</strong></span> <span class='ocrx_word' id='word_1_475' title='bbox 1957 5506 2069 5565; x_wconf 82' lang='grc' dir='ltr'><strong>τοῖς</strong></span> 
     </span>
    </p>
   </div>
   <div class='ocr_carea' id='block_1_63' title="bbox 495 5577 2069 5659">
    <p class='ocr_par' dir='ltr' id='par_1_63' title="bbox 495 5577 2069 5659">
     <span class='ocr_line' id='line_1_63' title="bbox 495 5577 2069 5659; baseline -0.003 -17"><span class='ocrx_word' id='word_1_476' title='bbox 495 5588 779 5659; x_wconf 83' lang='grc' dir='ltr'><strong>ὑμετέροις</strong></span> <span class='ocrx_word' id='word_1_477' title='bbox 806 5586 1129 5656; x_wconf 78' lang='grc' dir='ltr'><strong>ὀφθαλμοῖς,</strong></span> <span class='ocrx_word' id='word_1_478' title='bbox 1158 5584 1233 5646; x_wconf 87' lang='grc' dir='ltr'><strong>ὡς</strong></span> <span class='ocrx_word' id='word_1_479' title='bbox 1260 5577 1370 5635; x_wconf 83' lang='grc' dir='ltr'><strong>οἷόν</strong></span> <span class='ocrx_word' id='word_1_480' title='bbox 1397 5600 1478 5645; x_wconf 89' lang='grc' dir='ltr'><strong>τε,</strong></span> <span class='ocrx_word' id='word_1_481' title='bbox 1516 5584 1587 5636; x_wconf 85' lang='grc' dir='ltr'><strong>τὰ</strong></span> <span class='ocrx_word' id='word_1_482' title='bbox 1616 5584 1716 5653; x_wconf 86' lang='grc' dir='ltr'><strong>τῆς</strong></span> <span class='ocrx_word' id='word_1_483' title='bbox 1745 5584 2069 5655; x_wconf 86' lang='grc' dir='ltr'><strong>Ἐκκλησίας</strong></span> 
     </span>
    </p>
   </div>
   <div class='ocr_carea' id='block_1_64' title="bbox 504 5667 2068 5741">
    <p class='ocr_par' dir='ltr' id='par_1_64' title="bbox 504 5667 2068 5741">
     <span class='ocr_line' id='line_1_64' title="bbox 504 5667 2068 5741; baseline -0.004 -14"><span class='ocrx_word' id='word_1_484' title='bbox 504 5672 665 5727; x_wconf 85' lang='grc' dir='ltr'><strong>ιιακά.</strong></span> <span class='ocrx_word' id='word_1_485' title='bbox 713 5671 981 5741; x_wconf 76' lang='grc' dir='ltr'><strong>Καθάπερ</strong></span> <span class='ocrx_word' id='word_1_486' title='bbox 1019 5668 1129 5739; x_wconf 77' lang='grc' dir='ltr'><strong>γάρ</strong></span> <span class='ocrx_word' id='word_1_487' title='bbox 1173 5667 1504 5739; x_wconf 77' lang='grc' dir='ltr'><strong>ἐμπρησμὸς</strong></span> <span class='ocrx_word' id='word_1_488' title='bbox 1534 5667 1724 5729; x_wconf 81' lang='grc' dir='ltr'><strong>ὅντως,</strong></span> <span class='ocrx_word' id='word_1_489' title='bbox 1759 5667 1791 5736; x_wconf 85' lang='grc' dir='ltr'>ἢ</span> <span class='ocrx_word' id='word_1_490' title='bbox 1827 5669 2068 5738; x_wconf 85' lang='grc' dir='ltr'><strong>σκηπτός</strong></span> 
     </span>
    </p>
   </div>
   <div class='ocr_carea' id='block_1_65' title="bbox 496 5744 2067 5825">
    <p class='ocr_par' dir='ltr' id='par_1_65' title="bbox 496 5744 2067 5825">
     <span class='ocr_line' id='line_1_65' title="bbox 496 5744 2067 5825; baseline -0.004 -15"><span class='ocrx_word' id='word_1_491' title='bbox 496 5775 579 5821; x_wconf 88' lang='grc' dir='ltr'><strong>τις</strong></span> <span class='ocrx_word' id='word_1_492' title='bbox 626 5755 830 5810; x_wconf 84' lang='grc' dir='ltr'><strong>ἀνωθεν</strong></span> <span class='ocrx_word' id='word_1_493' title='bbox 869 5754 983 5825; x_wconf 69' lang='lat'><strong>[78]</strong></span> <span class='ocrx_word' id='word_1_494' title='bbox 1026 5754 1347 5825; x_wconf 86' lang='grc' dir='ltr'><strong>φερόμενος,</strong></span> <span class='ocrx_word' id='word_1_495' title='bbox 1389 5750 1563 5814; x_wconf 88' lang='grc' dir='ltr'><strong>οῦτως</strong></span> <span class='ocrx_word' id='word_1_496' title='bbox 1590 5744 1684 5814; x_wconf 66' lang='grc' dir='ltr'><strong>ἐἰς</strong></span> <span class='ocrx_word' id='word_1_497' title='bbox 1742 5751 1903 5803; x_wconf 82' lang='grc' dir='ltr'><strong>αὑτὸν</strong></span> <span class='ocrx_word' id='word_1_498' title='bbox 1936 5768 2067 5804; x_wconf 87' lang='grc' dir='ltr'><strong>κατ-</strong></span> 
     </span>
    </p>
   </div>
   <div class='ocr_carea' id='block_1_66' title="bbox 496 5834 2064 5911">
    <p class='ocr_par' dir='ltr' id='par_1_66' title="bbox 496 5834 2064 5911">
     <span class='ocr_line' id='line_1_66' title="bbox 496 5834 2064 5911; baseline -0.003 -18"><span class='ocrx_word' id='word_1_499' title='bbox 496 5839 694 5911; x_wconf 82' lang='grc' dir='ltr'><strong>ηνέχθη</strong></span> <span class='ocrx_word' id='word_1_500' title='bbox 725 5838 822 5907; x_wconf 80' lang='grc' dir='ltr'><strong>τῆς</strong></span> <span class='ocrx_word' id='word_1_501' title='bbox 854 5836 1177 5909; x_wconf 82' lang='grc' dir='ltr'><strong>Ἐκκλησίας</strong></span> <span class='ocrx_word' id='word_1_502' title='bbox 1210 5836 1299 5889; x_wconf 81' lang='grc' dir='ltr'><strong>τὸν</strong></span> <span class='ocrx_word' id='word_1_503' title='bbox 1331 5835 1549 5903; x_wconf 76' lang='grc' dir='ltr'><strong>ὄροφον,</strong></span> <span class='ocrx_word' id='word_1_504' title='bbox 1579 5835 1672 5888; x_wconf 78' lang='grc' dir='ltr'><strong>καὶ</strong></span> <span class='ocrx_word' id='word_1_505' title='bbox 1702 5834 1891 5888; x_wconf 77' lang='grc' dir='ltr'><strong>οὐδένα</strong></span> <span class='ocrx_word' id='word_1_506' title='bbox 1916 5835 2064 5888; x_wconf 87' lang='grc' dir='ltr'><strong>διαν-</strong></span> 
     </span>
    </p>
   </div>
   <div class='ocr_carea' id='block_1_67' title="bbox 496 5917 2056 5997">
    <p class='ocr_par' dir='ltr' id='par_1_67' title="bbox 496 5917 2056 5997">
     <span class='ocr_line' id='line_1_67' title="bbox 496 5917 2056 5997; baseline -0.016 -19"><span class='ocrx_word' id='word_1_507' title='bbox 496 5925 739 5993; x_wconf 74' lang='grc' dir='ltr'><strong>ίςτησινο</strong></span> <span class='ocrx_word' id='word_1_508' title='bbox 770 5920 904 5975; x_wconf 69' lang='grc' dir='ltr'><strong>ἀλλὰ</strong></span> <span class='ocrx_word' id='word_1_509' title='bbox 934 5924 1030 5993; x_wconf 79' lang='grc' dir='ltr'><strong>τῆς</strong></span> <span class='ocrx_word' id='word_1_510' title='bbox 1084 5920 1260 5983; x_wconf 82' lang='grc' dir='ltr'><strong>οἰκίας</strong></span> <span class='ocrx_word' id='word_1_511' title='bbox 1296 5918 1391 5990; x_wconf 70' lang='grc' dir='ltr'><strong>τῆς</strong></span> <span class='ocrx_word' id='word_1_512' title='bbox 1440 5917 1696 5995; x_wconf 59' lang='grc' dir='ltr'><strong>πατρῴας</strong></span> <span class='ocrx_word' id='word_1_513' title='bbox 1740 5918 2056 5997; x_wconf 54' lang='grc' dir='ltr'><strong>καιομένης,</strong></span> 
     </span>
    </p>
   </div>
   <div class='ocr_carea' id='block_1_68' title="bbox 2214 565 3720 660">
    <p class='ocr_par' dir='ltr' id='par_1_68' title="bbox 2214 565 3720 660">
     <span class='ocr_line' id='line_1_68' title="bbox 2214 565 3720 660; baseline 0.019 -43"><span class='ocrx_word' id='word_1_514' title='bbox 2214 565 2553 660; x_wconf 66' lang='grc' dir='ltr'><strong>καθεύδομεν</strong></span> <span class='ocrx_word' id='word_1_515' title='bbox 2578 568 2743 623; x_wconf 80' lang='grc' dir='ltr'><strong>ὕπνον</strong></span> <span class='ocrx_word' id='word_1_516' title='bbox 2770 570 2889 660; x_wconf 67' lang='grc' dir='ltr'><strong>τινά</strong></span> <span class='ocrx_word' id='word_1_517' title='bbox 2920 570 3091 660; x_wconf 55' lang='grc' dir='ltr'><strong>βαθὺν</strong></span> <span class='ocrx_word' id='word_1_518' title='bbox 3120 572 3212 626; x_wconf 79' lang='grc' dir='ltr'><strong>καὶ</strong></span> <span class='ocrx_word' id='word_1_519' title='bbox 3236 573 3561 660; x_wconf 84' lang='grc' dir='ltr'><strong>ἀναίσθητον.</strong></span> <span class='ocrx_word' id='word_1_520' title='bbox 3592 588 3720 660; x_wconf 81' lang='grc' dir='ltr'><strong>Τίνος</strong></span> 
     </span>
    </p>
   </div>
   <div class='ocr_carea' id='block_1_69' title="bbox 2210 648 3720 739">
    <p class='ocr_par' dir='ltr' id='par_1_69' title="bbox 2210 648 3720 739">
     <span class='ocr_line' id='line_1_69' title="bbox 2210 648 3720 739; baseline 0.011 -40"><span class='ocrx_word' id='word_1_521' title='bbox 2210 648 2317 739; x_wconf 63' lang='grc' dir='ltr'><strong>γάρ</strong></span> <span class='ocrx_word' id='word_1_522' title='bbox 2342 649 2865 739; x_wconf 31' lang='grc' dir='ltr'><strong>οὑχ-ἥψατο-τοῦτο</strong></span> <span class='ocrx_word' id='word_1_523' title='bbox 2893 654 2966 739; x_wconf 70' lang='grc' dir='ltr'><strong>Δτὸ</strong></span> <span class='ocrx_word' id='word_1_524' title='bbox 3022 654 3169 727; x_wconf 85' lang='grc' dir='ltr'><strong>πῦρ;</strong></span> <span class='ocrx_word' id='word_1_525' title='bbox 3217 658 3382 715; x_wconf 86' lang='grc' dir='ltr'><strong>ποίων</strong></span> <span class='ocrx_word' id='word_1_526' title='bbox 3432 648 3720 739; x_wconf 68' lang='grc' dir='ltr'><strong>ἀγαλμάτωᾷ</strong></span> 
     </span>
    </p>
   </div>
   <div class='ocr_carea' id='block_1_70' title="bbox 2207 729 3745 817">
    <p class='ocr_par' dir='ltr' id='par_1_70' title="bbox 2207 729 3745 817">
     <span class='ocr_line' id='line_1_70' title="bbox 2207 729 3745 817; baseline 0.008 -33"><span class='ocrx_word' id='word_1_527' title='bbox 2207 729 2317 817; x_wconf 70' lang='grc' dir='ltr'><strong>τῶν</strong></span> <span class='ocrx_word' id='word_1_528' title='bbox 2346 734 2405 817; x_wconf 83' lang='grc' dir='ltr'><strong>ἐν</strong></span> <span class='ocrx_word' id='word_1_529' title='bbox 2426 733 2730 817; x_wconf 12' lang='grc' dir='ltr'><strong>,Ἐκκλησία</strong></span> <span class='ocrx_word' id='word_1_530' title='bbox 2774 736 3061 800; x_wconf 76' lang='grc' dir='ltr'><strong>ἐστώτωνς</strong></span> <span class='ocrx_word' id='word_1_531' title='bbox 3114 740 3405 812; x_wconf 84' lang='grc' dir='ltr'><strong>Ἐκκλησία</strong></span> <span class='ocrx_word' id='word_1_532' title='bbox 3453 729 3745 817; x_wconf 68' lang='grc' dir='ltr'><strong>γὰρόὺδὲν.</strong></span> 
     </span>
    </p>
   </div>
   <div class='ocr_carea' id='block_1_71' title="bbox 2206 813 3720 907">
    <p class='ocr_par' dir='ltr' id='par_1_71' title="bbox 2206 813 3720 907">
     <span class='ocr_line' id='line_1_71' title="bbox 2206 813 3720 907; baseline 0.011 -41"><span class='ocrx_word' id='word_1_533' title='bbox 2206 813 2589 907; x_wconf 44' lang='grc' dir='ltr'><strong>ἔτερόν-ἐστιν,</strong></span> <span class='ocrx_word' id='word_1_534' title='bbox 2607 900 2618 907; x_wconf 33' lang='grc'><strong>⁸</strong></span> <span class='ocrx_word' id='word_1_535' title='bbox 2634 818 2929 907; x_wconf 27' lang='grc' dir='ltr'><strong>ἀλλᾷῆᾼδιά</strong></span> <span class='ocrx_word' id='word_1_536' title='bbox 2970 821 3079 907; x_wconf 85' lang='grc' dir='ltr'><strong>τῶν</strong></span> <span class='ocrx_word' id='word_1_537' title='bbox 3105 824 3387 907; x_wconf 79' lang='grc' dir='ltr'><strong>ἡμετέρων</strong></span> <span class='ocrx_word' id='word_1_538' title='bbox 3411 813 3584 900; x_wconf 62' lang='grc' dir='ltr'><strong>ψυχῶν</strong></span> <span class='ocrx_word' id='word_1_539' title='bbox 3605 835 3720 907; x_wconf 60' lang='lat' dir='ltr'><strong>quo-</strong></span> 
     </span>
    </p>
   </div>
   <div class='ocr_carea' id='block_1_72' title="bbox 2205 896 3722 978">
    <p class='ocr_par' dir='ltr' id='par_1_72' title="bbox 2205 896 3722 978">
     <span class='ocr_line' id='line_1_72' title="bbox 2205 896 3722 978; baseline 0.017 -30"><span class='ocrx_word' id='word_1_540' title='bbox 2205 896 2484 971; x_wconf 87' lang='grc' dir='ltr'><strong>δομημένη</strong></span> <span class='ocrx_word' id='word_1_541' title='bbox 2509 900 2677 955; x_wconf 86' lang='grc' dir='ltr'><strong>οἰκία.</strong></span> <span class='ocrx_word' id='word_1_542' title='bbox 2717 902 2780 955; x_wconf 85' lang='grc' dir='ltr'><strong>Ἠ</strong></span> <span class='ocrx_word' id='word_1_543' title='bbox 2817 903 2871 957; x_wconf 87' lang='grc' dir='ltr'><strong>δὲ</strong></span> <span class='ocrx_word' id='word_1_544' title='bbox 2901 916 2927 945; x_wconf 66' lang='grc'>⁸</span> <span class='ocrx_word' id='word_1_545' title='bbox 2958 905 3103 958; x_wconf 87' lang='grc' dir='ltr'><strong>οἰκία</strong></span> <span class='ocrx_word' id='word_1_546' title='bbox 3133 906 3271 978; x_wconf 78' lang='grc' dir='ltr'><strong>αὕτη</strong></span> <span class='ocrx_word' id='word_1_547' title='bbox 3301 910 3396 963; x_wconf 87' lang='grc' dir='ltr'><strong>ούκ</strong></span> <span class='ocrx_word' id='word_1_548' title='bbox 3425 896 3561 969; x_wconf 72' lang='grc' dir='ltr'><strong>ἐστιν</strong></span> <span class='ocrx_word' id='word_1_549' title='bbox 3587 896 3722 976; x_wconf 72' lang='grc' dir='ltr'><strong>ἰσότι-</strong></span> 
     </span>
    </p>
   </div>
   <div class='ocr_carea' id='block_1_73' title="bbox 2207 981 3723 1059">
    <p class='ocr_par' dir='ltr' id='par_1_73' title="bbox 2207 981 3723 1059">
     <span class='ocr_line' id='line_1_73' title="bbox 2207 981 3723 1059; baseline 0.018 -28"><span class='ocrx_word' id='word_1_550' title='bbox 2207 996 2310 1049; x_wconf 86' lang='grc' dir='ltr'><strong>μος</strong></span> <span class='ocrx_word' id='word_1_551' title='bbox 2339 981 2550 1049; x_wconf 83' lang='grc' dir='ltr'><strong>άπασα,</strong></span> <span class='ocrx_word' id='word_1_552' title='bbox 2581 983 2716 1038; x_wconf 84' lang='grc' dir='ltr'><strong>ἀλλὰ</strong></span> <span class='ocrx_word' id='word_1_553' title='bbox 2741 984 2850 1039; x_wconf 88' lang='grc' dir='ltr'><strong>τῶν</strong></span> <span class='ocrx_word' id='word_1_554' title='bbox 2872 988 2952 1050; x_wconf 88' lang='grc' dir='ltr'><strong>εἰς</strong></span> <span class='ocrx_word' id='word_1_555' title='bbox 2988 988 3158 1059; x_wconf 77' lang='grc' dir='ltr'><strong>αύτὴν</strong></span> <span class='ocrx_word' id='word_1_556' title='bbox 3185 990 3563 1050; x_wconf 85' lang='grc' dir='ltr'><strong>συντελούντων</strong></span> <span class='ocrx_word' id='word_1_557' title='bbox 3586 999 3723 1058; x_wconf 87' lang='grc' dir='ltr'><strong>λίθων</strong></span> 
     </span>
    </p>
   </div>
   <div class='ocr_carea' id='block_1_74' title="bbox 2205 1062 3727 1153">
    <p class='ocr_par' dir='ltr' id='par_1_74' title="bbox 2205 1062 3727 1153">
     <span class='ocr_line' id='line_1_74' title="bbox 2205 1062 3727 1153; baseline 0.012 -39"><span class='ocrx_word' id='word_1_558' title='bbox 2205 1062 2256 1153; x_wconf 72' lang='grc' dir='ltr'><strong>οἰ</strong></span> <span class='ocrx_word' id='word_1_559' title='bbox 2280 1064 2399 1153; x_wconf 36' lang='grc' dir='ltr'><strong>’μέν</strong></span> <span class='ocrx_word' id='word_1_560' title='bbox 2434 1066 2818 1153; x_wconf 30' lang='grc' dir='ltr'><strong>εἰσι-λαμπροί</strong></span> <span class='ocrx_word' id='word_1_561' title='bbox 2854 1071 2948 1123; x_wconf 82' lang='grc' dir='ltr'><strong>καὶ</strong></span> <span class='ocrx_word' id='word_1_562' title='bbox 2986 1070 3223 1153; x_wconf 76' lang='grc' dir='ltr'><strong>φαιδροὶ,</strong></span> <span class='ocrx_word' id='word_1_563' title='bbox 3254 1073 3306 1125; x_wconf 79' lang='grc' dir='ltr'><strong>οἱ</strong></span> <span class='ocrx_word' id='word_1_564' title='bbox 3332 1075 3387 1126; x_wconf 82' lang='grc' dir='ltr'><strong>δὲ</strong></span> <span class='ocrx_word' id='word_1_565' title='bbox 3415 1076 3620 1133; x_wconf 85' lang='grc' dir='ltr'><strong>ἐκείνων</strong></span> <span class='ocrx_word' id='word_1_566' title='bbox 3642 1084 3727 1153; x_wconf 67' lang='grc' dir='ltr'><strong>μὲν</strong></span> 
     </span>
    </p>
   </div>
   <div class='ocr_carea' id='block_1_75' title="bbox 2204 1143 3720 1229">
    <p class='ocr_par' dir='ltr' id='par_1_75' title="bbox 2204 1143 3720 1229">
     <span class='ocr_line' id='line_1_75' title="bbox 2204 1143 3720 1229; baseline 0.015 -32"><span class='ocrx_word' id='word_1_567' title='bbox 2204 1143 2460 1210; x_wconf 86' lang='grc' dir='ltr'><strong>ἐλάττους</strong></span> <span class='ocrx_word' id='word_1_568' title='bbox 2485 1150 2577 1201; x_wconf 75' lang='grc' dir='ltr'><strong>καὶ</strong></span> <span class='ocrx_word' id='word_1_569' title='bbox 2598 1149 2983 1222; x_wconf 81' lang='grc' dir='ltr'><strong>ἀμαυρότεροι,</strong></span> <span class='ocrx_word' id='word_1_570' title='bbox 3009 1152 3188 1223; x_wconf 90' lang='grc' dir='ltr'><strong>πολλῷ</strong></span> <span class='ocrx_word' id='word_1_571' title='bbox 3219 1153 3276 1207; x_wconf 86' lang='grc' dir='ltr'><strong>δὲ</strong></span> <span class='ocrx_word' id='word_1_572' title='bbox 3304 1155 3474 1209; x_wconf 81' lang='grc' dir='ltr'><strong>ἀλλων</strong></span> <span class='ocrx_word' id='word_1_573' title='bbox 3496 1143 3720 1229; x_wconf 78' lang='grc' dir='ltr'><strong>βελτίους.</strong></span> 
     </span>
    </p>
   </div>
   <div class='ocr_carea' id='block_1_76' title="bbox 2208 1229 3725 1311">
    <p class='ocr_par' dir='ltr' id='par_1_76' title="bbox 2208 1229 3725 1311">
     <span class='ocr_line' id='line_1_76' title="bbox 2208 1229 3725 1311; baseline 0.014 -31"><span class='ocrx_word' id='word_1_574' title='bbox 2208 1229 2395 1283; x_wconf 87' lang='grc' dir='ltr'><strong>Ἔστιν</strong></span> <span class='ocrx_word' id='word_1_575' title='bbox 2423 1230 2550 1293; x_wconf 80' lang='grc' dir='ltr'><strong>ἰδεῖν</strong></span> <span class='ocrx_word' id='word_1_576' title='bbox 2579 1233 2813 1287; x_wconf 90' lang='grc' dir='ltr'><strong>ἐνταῦθα</strong></span> <span class='ocrx_word' id='word_1_577' title='bbox 2841 1234 3070 1300; x_wconf 82' lang='grc' dir='ltr'><strong>πολλοὺς</strong></span> <span class='ocrx_word' id='word_1_578' title='bbox 3097 1240 3191 1293; x_wconf 71' lang='grc' dir='ltr'><strong>καὶ</strong></span> <span class='ocrx_word' id='word_1_579' title='bbox 3242 1240 3441 1309; x_wconf 86' lang='grc' dir='ltr'><strong>χρυσοῦ</strong></span> <span class='ocrx_word' id='word_1_580' title='bbox 3472 1244 3612 1311; x_wconf 80' lang='grc' dir='ltr'><strong>τάξιν</strong></span> <span class='ocrx_word' id='word_1_581' title='bbox 3644 1249 3725 1301; x_wconf 80' lang='grc' dir='ltr'><strong>ἐπ-</strong></span> 
     </span>
    </p>
   </div>
   <div class='ocr_carea' id='block_1_77' title="bbox 2205 1313 3725 1394">
    <p class='ocr_par' dir='ltr' id='par_1_77' title="bbox 2205 1313 3725 1394">
     <span class='ocr_line' id='line_1_77' title="bbox 2205 1313 3725 1394; baseline 0.013 -31"><span class='ocrx_word' id='word_1_582' title='bbox 2205 1313 2452 1381; x_wconf 85' lang='grc' dir='ltr'><strong>έχοντας,</strong></span> <span class='ocrx_word' id='word_1_583' title='bbox 2476 1315 2678 1384; x_wconf 89' lang='grc' dir='ltr'><strong>χρυσοῦ</strong></span> <span class='ocrx_word' id='word_1_584' title='bbox 2708 1316 2803 1369; x_wconf 91' lang='grc' dir='ltr'><strong>τοῦ</strong></span> <span class='ocrx_word' id='word_1_585' title='bbox 2853 1319 3185 1389; x_wconf 82' lang='grc' dir='ltr'><strong>κοσμοῦντος</strong></span> <span class='ocrx_word' id='word_1_586' title='bbox 3232 1323 3323 1375; x_wconf 79' lang='grc' dir='ltr'><strong>τὸν</strong></span> <span class='ocrx_word' id='word_1_587' title='bbox 3359 1322 3569 1394; x_wconf 75' lang='grc' dir='ltr'><strong>ὄροφον·</strong></span> <span class='ocrx_word' id='word_1_588' title='bbox 3604 1330 3725 1385; x_wconf 83' lang='grc' dir='ltr'><strong>ἐστιν</strong></span> 
     </span>
    </p>
   </div>
   <div class='ocr_carea' id='block_1_78' title="bbox 2204 1393 3726 1483">
    <p class='ocr_par' dir='ltr' id='par_1_78' title="bbox 2204 1393 3726 1483">
     <span class='ocr_line' id='line_1_78' title="bbox 2204 1393 3726 1483; baseline 0.011 -36"><span class='ocrx_word' id='word_1_589' title='bbox 2204 1393 2333 1483; x_wconf 79' lang='grc' dir='ltr'><strong>ίδεῖν</strong></span> <span class='ocrx_word' id='word_1_590' title='bbox 2360 1398 2453 1450; x_wconf 77' lang='grc' dir='ltr'><strong>καὶ</strong></span> <span class='ocrx_word' id='word_1_591' title='bbox 2476 1398 2571 1483; x_wconf 82' lang='grc' dir='ltr'><strong>τὸν</strong></span> <span class='ocrx_word' id='word_1_592' title='bbox 2594 1398 2706 1483; x_wconf 86' lang='grc' dir='ltr'><strong>ἀπὸ</strong></span> <span class='ocrx_word' id='word_1_593' title='bbox 2736 1399 3069 1471; x_wconf 85' lang='grc' dir='ltr'><strong>ἀγαλμάτων</strong></span> <span class='ocrx_word' id='word_1_594' title='bbox 3096 1402 3299 1474; x_wconf 89' lang='grc' dir='ltr'><strong>κόσμον</strong></span> <span class='ocrx_word' id='word_1_595' title='bbox 3324 1393 3507 1471; x_wconf 85' lang='grc' dir='ltr'><strong>ἀλλους</strong></span> <span class='ocrx_word' id='word_1_596' title='bbox 3532 1427 3726 1483; x_wconf 79' lang='grc' dir='ltr'><strong>παρεχο-</strong></span> 
     </span>
    </p>
   </div>
   <div class='ocr_carea' id='block_1_79' title="bbox 2204 1477 3723 1561">
    <p class='ocr_par' dir='ltr' id='par_1_79' title="bbox 2204 1477 3723 1561">
     <span class='ocr_line' id='line_1_79' title="bbox 2204 1477 3723 1561; baseline 0.015 -32"><span class='ocrx_word' id='word_1_597' title='bbox 2204 1477 2401 1561; x_wconf 71' lang='grc' dir='ltr'><strong>μένους</strong></span> <span class='ocrx_word' id='word_1_598' title='bbox 2422 1496 2436 1510; x_wconf 89' lang='grc'><strong>·</strong></span> <span class='ocrx_word' id='word_1_599' title='bbox 2488 1481 2717 1545; x_wconf 80' lang='grc' dir='ltr'><strong>πολλοὺς</strong></span> <span class='ocrx_word' id='word_1_600' title='bbox 2759 1482 2908 1537; x_wconf 77' lang='grc' dir='ltr'><strong>ἔστιν</strong></span> <span class='ocrx_word' id='word_1_601' title='bbox 2942 1486 3070 1541; x_wconf 83' lang='grc' dir='ltr'><strong>ἰδεῖν</strong></span> <span class='ocrx_word' id='word_1_602' title='bbox 3096 1488 3180 1551; x_wconf 57' lang='grc' dir='ltr'><strong>πὼς</strong></span> <span class='ocrx_word' id='word_1_603' title='bbox 3226 1488 3451 1554; x_wconf 83' lang='grc' dir='ltr'><strong>στύλους</strong></span> <span class='ocrx_word' id='word_1_604' title='bbox 3499 1477 3723 1561; x_wconf 72' lang='grc' dir='ltr'><strong>ἑστῶτας.</strong></span> 
     </span>
    </p>
   </div>
   <div class='ocr_carea' id='block_1_80' title="bbox 2200 1557 3725 1647">
    <p class='ocr_par' dir='ltr' id='par_1_80' title="bbox 2200 1557 3725 1647">
     <span class='ocr_line' id='line_1_80' title="bbox 2200 1557 3725 1647; baseline 0.013 -35"><span class='ocrx_word' id='word_1_605' title='bbox 2200 1557 2322 1647; x_wconf 73' lang='grc' dir='ltr'><strong>Οίδε</strong></span> <span class='ocrx_word' id='word_1_606' title='bbox 2350 1561 2460 1647; x_wconf 83' lang='grc' dir='ltr'><strong>γὰρ</strong></span> <span class='ocrx_word' id='word_1_607' title='bbox 2489 1563 2585 1618; x_wconf 80' lang='grc' dir='ltr'><strong>καὶ</strong></span> <span class='ocrx_word' id='word_1_608' title='bbox 2629 1564 2950 1638; x_wconf 85' lang='grc' dir='ltr'><strong>ἀνθρώπους</strong></span> <span class='ocrx_word' id='word_1_609' title='bbox 2978 1568 3204 1635; x_wconf 85' lang='grc' dir='ltr'><strong>στύλους</strong></span> <span class='ocrx_word' id='word_1_610' title='bbox 3228 1571 3433 1637; x_wconf 82' lang='grc' dir='ltr'><strong>καλεῖν,</strong></span> <span class='ocrx_word' id='word_1_611' title='bbox 3470 1576 3529 1628; x_wconf 84' lang='grc' dir='ltr'><strong>ού</strong></span> <span class='ocrx_word' id='word_1_612' title='bbox 3559 1580 3619 1647; x_wconf 77' lang='grc' dir='ltr'><strong>τῇ</strong></span> <span class='ocrx_word' id='word_1_613' title='bbox 3647 1557 3725 1633; x_wconf 69' lang='grc' dir='ltr'><strong>δύ-</strong></span> 
     </span>
    </p>
   </div>
   <div class='ocr_carea' id='block_1_81' title="bbox 2198 1644 3726 1729">
    <p class='ocr_par' dir='ltr' id='par_1_81' title="bbox 2198 1644 3726 1729">
     <span class='ocr_line' id='line_1_81' title="bbox 2198 1644 3726 1729; baseline 0.012 -33"><span class='ocrx_word' id='word_1_614' title='bbox 2198 1644 2361 1715; x_wconf 88' lang='grc' dir='ltr'><strong>νάμει</strong></span> <span class='ocrx_word' id='word_1_615' title='bbox 2390 1645 2573 1717; x_wconf 88' lang='grc' dir='ltr'><strong>μόνον,</strong></span> <span class='ocrx_word' id='word_1_616' title='bbox 2609 1647 2748 1725; x_wconf 87' lang='grc' dir='ltr'><strong>ἀλλά</strong></span> <span class='ocrx_word' id='word_1_617' title='bbox 2780 1650 2876 1707; x_wconf 74' lang='grc' dir='ltr'><strong>καὶ</strong></span> <span class='ocrx_word' id='word_1_618' title='bbox 2900 1650 2980 1722; x_wconf 82' lang='grc' dir='ltr'><strong>τῷ</strong></span> <span class='ocrx_word' id='word_1_619' title='bbox 3007 1652 3194 1707; x_wconf 85' lang='grc' dir='ltr'><strong>κάλλει</strong></span> <span class='ocrx_word' id='word_1_620' title='bbox 3233 1655 3400 1710; x_wconf 84' lang='grc' dir='ltr'><strong>πολὺν</strong></span> <span class='ocrx_word' id='word_1_621' title='bbox 3425 1644 3726 1729; x_wconf 77' lang='grc' dir='ltr'><strong>παρέχοντας</strong></span> 
     </span>
    </p>
   </div>
   <div class='ocr_carea' id='block_1_82' title="bbox 2197 1731 3726 1813">
    <p class='ocr_par' dir='ltr' id='par_1_82' title="bbox 2197 1731 3726 1813">
     <span class='ocr_line' id='line_1_82' title="bbox 2197 1731 3726 1813; baseline 0.012 -32"><span class='ocrx_word' id='word_1_622' title='bbox 2197 1731 2427 1803; x_wconf 77' lang='grc' dir='ltr'><strong>κόσμον,</strong></span> <span class='ocrx_word' id='word_1_623' title='bbox 2486 1733 2731 1802; x_wconf 85' lang='grc' dir='ltr'><strong>κεφαλὰς</strong></span> <span class='ocrx_word' id='word_1_624' title='bbox 2808 1734 3032 1813; x_wconf 75' lang='grc' dir='ltr'><strong>ἔχοντας</strong></span> <span class='ocrx_word' id='word_1_625' title='bbox 3110 1741 3548 1811; x_wconf 83' lang='grc' dir='ltr'><strong>κεχρυσωμένας.</strong></span> <span class='ocrx_word' id='word_1_626' title='bbox 3597 1746 3726 1801; x_wconf 86' lang='grc' dir='ltr'><strong>Ἐστι</strong></span> 
     </span>
    </p>
   </div>
   <div class='ocr_carea' id='block_1_83' title="bbox 2197 1812 3727 1900">
    <p class='ocr_par' dir='ltr' id='par_1_83' title="bbox 2197 1812 3727 1900">
     <span class='ocr_line' id='line_1_83' title="bbox 2197 1812 3727 1900; baseline 0.012 -36"><span class='ocrx_word' id='word_1_627' title='bbox 2197 1812 2402 1900; x_wconf 82' lang='grc' dir='ltr'><strong>πλῆθος</strong></span> <span class='ocrx_word' id='word_1_628' title='bbox 2435 1813 2582 1900; x_wconf 74' lang='grc' dir='ltr'><strong>ἰδεῖν,</strong></span> <span class='ocrx_word' id='word_1_629' title='bbox 2609 1816 2685 1881; x_wconf 84' lang='grc' dir='ltr'><strong>ὡς</strong></span> <span class='ocrx_word' id='word_1_630' title='bbox 2701 1817 2795 1879; x_wconf 66' lang='grc' dir='ltr'><strong>ἐπὶ</strong></span> <span class='ocrx_word' id='word_1_631' title='bbox 2822 1819 3046 1900; x_wconf 74' lang='grc' dir='ltr'><strong>πολύτὸ</strong></span> <span class='ocrx_word' id='word_1_632' title='bbox 3070 1821 3350 1893; x_wconf 86' lang='grc' dir='ltr'><strong>διάστημα</strong></span> <span class='ocrx_word' id='word_1_633' title='bbox 3368 1824 3463 1877; x_wconf 81' lang='grc' dir='ltr'><strong>καὶ</strong></span> <span class='ocrx_word' id='word_1_634' title='bbox 3482 1825 3574 1896; x_wconf 78' lang='grc' dir='ltr'><strong>τὴν</strong></span> <span class='ocrx_word' id='word_1_635' title='bbox 3596 1829 3727 1900; x_wconf 77' lang='grc' dir='ltr'><strong>εὐρυο</strong></span> 
     </span>
    </p>
   </div>
   <div class='ocr_carea' id='block_1_84' title="bbox 2196 1896 3727 1983">
    <p class='ocr_par' dir='ltr' id='par_1_84' title="bbox 2196 1896 3727 1983">
     <span class='ocr_line' id='line_1_84' title="bbox 2196 1896 3727 1983; baseline 0.012 -35"><span class='ocrx_word' id='word_1_636' title='bbox 2196 1898 2415 1983; x_wconf 27' lang='grc' dir='ltr'><strong>χωρίανλ</strong></span> <span class='ocrx_word' id='word_1_637' title='bbox 2439 1896 2551 1983; x_wconf 85' lang='grc' dir='ltr'><strong>τῶν</strong></span> <span class='ocrx_word' id='word_1_638' title='bbox 2605 1902 2910 1973; x_wconf 89' lang='grc' dir='ltr'><strong>περιϐόλων</strong></span> <span class='ocrx_word' id='word_1_639' title='bbox 2938 1899 3078 1959; x_wconf 77' lang='grc' dir='ltr'><strong>εἶναι</strong></span> <span class='ocrx_word' id='word_1_640' title='bbox 3097 1921 3113 1938; x_wconf 89' lang='grc'><strong>·</strong></span> <span class='ocrx_word' id='word_1_641' title='bbox 3140 1906 3203 1960; x_wconf 84' lang='grc' dir='ltr'><strong>τὸ</strong></span> <span class='ocrx_word' id='word_1_642' title='bbox 3240 1906 3348 1978; x_wconf 82' lang='grc' dir='ltr'><strong>γὰρ</strong></span> <span class='ocrx_word' id='word_1_643' title='bbox 3395 1907 3526 1983; x_wconf 76' lang='grc' dir='ltr'><strong>πολὺ</strong></span> <span class='ocrx_word' id='word_1_644' title='bbox 3557 1896 3727 1983; x_wconf 77' lang='grc' dir='ltr'><strong>πλῆθος</strong></span> 
     </span>
    </p>
   </div>
   <div class='ocr_carea' id='block_1_85' title="bbox 2194 1979 3727 2061">
    <p class='ocr_par' dir='ltr' id='par_1_85' title="bbox 2194 1979 3727 2061">
     <span class='ocr_line' id='line_1_85' title="bbox 2194 1979 3727 2061; baseline 0.012 -28"><span class='ocrx_word' id='word_1_645' title='bbox 2194 1980 2294 2052; x_wconf 81' lang='grc' dir='ltr'><strong>τὴν</strong></span> <span class='ocrx_word' id='word_1_646' title='bbox 2318 1980 2472 2047; x_wconf 80' lang='grc' dir='ltr'><strong>τάξιν</strong></span> <span class='ocrx_word' id='word_1_647' title='bbox 2498 1982 2689 2055; x_wconf 84' lang='grc' dir='ltr'><strong>ἐπέχει</strong></span> <span class='ocrx_word' id='word_1_648' title='bbox 2721 1984 2829 2039; x_wconf 87' lang='grc' dir='ltr'><strong>τῶν</strong></span> <span class='ocrx_word' id='word_1_649' title='bbox 2857 1984 3020 2041; x_wconf 82' lang='grc' dir='ltr'><strong>λίθων</strong></span> <span class='ocrx_word' id='word_1_650' title='bbox 3044 1988 3152 2049; x_wconf 87' lang='grc' dir='ltr'><strong>τῶν</strong></span> <span class='ocrx_word' id='word_1_651' title='bbox 3174 1989 3303 2053; x_wconf 82' lang='grc' dir='ltr'><strong>τοὺς</strong></span> <span class='ocrx_word' id='word_1_652' title='bbox 3325 1979 3531 2061; x_wconf 64' lang='grc' dir='ltr'><strong>τοίχους</strong></span> <span class='ocrx_word' id='word_1_653' title='bbox 3556 1979 3727 2050; x_wconf 77' lang='grc' dir='ltr'><strong>οἰκοδο-</strong></span> 
     </span>
    </p>
   </div>
   <div class='ocr_carea' id='block_1_86' title="bbox 2197 2081 2464 2135">
    <p class='ocr_par' dir='ltr' id='par_1_86' title="bbox 2197 2081 2464 2135">
     <span class='ocr_line' id='line_1_86' title="bbox 2197 2081 2464 2135; baseline 0.015 -18"><span class='ocrx_word' id='word_1_654' title='bbox 2197 2081 2464 2135; x_wconf 79' lang='grc' dir='ltr'><strong>μουντων.</strong></span> 
     </span>
    </p>
   </div>
   <div class='ocr_carea' id='block_1_87' title="bbox 2262 2232 3729 2307">
    <p class='ocr_par' dir='ltr' id='par_1_87' title="bbox 2262 2232 3729 2307">
     <span class='ocr_line' id='line_1_87' title="bbox 2262 2232 3729 2307; baseline 0.008 -22"><span class='ocrx_word' id='word_1_655' title='bbox 2262 2237 2331 2302; x_wconf 82' lang='grc' dir='ltr'><strong>γ’.</strong></span> <span class='ocrx_word' id='word_1_656' title='bbox 2350 2232 2565 2286; x_wconf 83' lang='grc' dir='ltr'><strong>Μᾶλλον</strong></span> <span class='ocrx_word' id='word_1_657' title='bbox 2580 2232 2636 2286; x_wconf 87' lang='grc' dir='ltr'><strong>δέ</strong></span> <span class='ocrx_word' id='word_1_658' title='bbox 2652 2232 2745 2285; x_wconf 74' lang='grc' dir='ltr'><strong>ἐπί⁵</strong></span> <span class='ocrx_word' id='word_1_659' title='bbox 2763 2232 3148 2307; x_wconf 71' lang='grc' dir='ltr'><strong>λαμπροτέραν</strong></span> <span class='ocrx_word' id='word_1_660' title='bbox 3158 2236 3333 2291; x_wconf 82' lang='grc' dir='ltr'><strong>ἐλθεῖν</strong></span> <span class='ocrx_word' id='word_1_661' title='bbox 3348 2239 3525 2295; x_wconf 84' lang='grc' dir='ltr'><strong>εἰκόνα</strong></span> <span class='ocrx_word' id='word_1_662' title='bbox 3542 2241 3631 2297; x_wconf 82' lang='grc' dir='ltr'><strong>δεῖ.</strong></span> <span class='ocrx_word' id='word_1_663' title='bbox 3642 2244 3729 2297; x_wconf 69' lang='lat' dir='ltr'><strong>AB-</strong></span> 
     </span>
    </p>
   </div>
   <div class='ocr_carea' id='block_1_88' title="bbox 2191 2316 3729 2397">
    <p class='ocr_par' dir='ltr' id='par_1_88' title="bbox 2191 2316 3729 2397">
     <span class='ocr_line' id='line_1_88' title="bbox 2191 2316 3729 2397; baseline 0.006 -27"><span class='ocrx_word' id='word_1_664' title='bbox 2191 2334 2260 2388; x_wconf 80' lang='grc' dir='ltr'><strong>τη</strong></span> <span class='ocrx_word' id='word_1_665' title='bbox 2294 2318 2328 2387; x_wconf 86' lang='grc' dir='ltr'><strong>ή</strong></span> <span class='ocrx_word' id='word_1_666' title='bbox 2362 2316 2662 2397; x_wconf 71' lang='grc' dir='ltr'><strong>Ἐκκλησία</strong></span> <span class='ocrx_word' id='word_1_667' title='bbox 2684 2317 2784 2370; x_wconf 85' lang='grc' dir='ltr'><strong>οὐκ</strong></span> <span class='ocrx_word' id='word_1_668' title='bbox 2806 2318 2913 2372; x_wconf 86' lang='grc' dir='ltr'><strong>ἀπὸ</strong></span> <span class='ocrx_word' id='word_1_669' title='bbox 2941 2319 3050 2374; x_wconf 89' lang='grc' dir='ltr'><strong>τῶν</strong></span> <span class='ocrx_word' id='word_1_670' title='bbox 3072 2320 3237 2375; x_wconf 91' lang='grc' dir='ltr'><strong>λίθων</strong></span> <span class='ocrx_word' id='word_1_671' title='bbox 3259 2322 3464 2378; x_wconf 89' lang='grc' dir='ltr'><strong>τούτων</strong></span> <span class='ocrx_word' id='word_1_672' title='bbox 3484 2326 3729 2397; x_wconf 78' lang='grc' dir='ltr'><strong>ᾠκοδόμη-</strong></span> 
     </span>
    </p>
   </div>
   <div class='ocr_carea' id='block_1_89' title="bbox 2191 2395 3730 2478">
    <p class='ocr_par' dir='ltr' id='par_1_89' title="bbox 2191 2395 3730 2478">
     <span class='ocr_line' id='line_1_89' title="bbox 2191 2395 3730 2478; baseline 0.007 -25"><span class='ocrx_word' id='word_1_673' title='bbox 2191 2417 2299 2463; x_wconf 85' lang='grc' dir='ltr'><strong>ται,</strong></span> <span class='ocrx_word' id='word_1_674' title='bbox 2335 2395 2450 2453; x_wconf 84' lang='grc' dir='ltr'><strong>ἀλλ’</strong></span> <span class='ocrx_word' id='word_1_675' title='bbox 2483 2400 2591 2461; x_wconf 83' lang='grc' dir='ltr'><strong>ἀπὸ</strong></span> <span class='ocrx_word' id='word_1_676' title='bbox 2634 2399 2731 2454; x_wconf 89' lang='grc' dir='ltr'><strong>τοῦ</strong></span> <span class='ocrx_word' id='word_1_677' title='bbox 2765 2400 2971 2473; x_wconf 88' lang='grc' dir='ltr'><strong>χρυσοῦ</strong></span> <span class='ocrx_word' id='word_1_678' title='bbox 3001 2403 3217 2458; x_wconf 74' lang='grc' dir='ltr'><strong>καὶτοῦ</strong></span> <span class='ocrx_word' id='word_1_679' title='bbox 3243 2395 3606 2478; x_wconf 17' lang='grc' dir='ltr'><strong>ἀργύρουίκαὶ</strong></span> <span class='ocrx_word' id='word_1_680' title='bbox 3638 2395 3730 2464; x_wconf 82' lang='grc' dir='ltr'><strong>τῶν</strong></span> 
     </span>
    </p>
   </div>
   <div class='ocr_carea' id='block_1_90' title="bbox 2192 2482 3731 2563">
    <p class='ocr_par' dir='ltr' id='par_1_90' title="bbox 2192 2482 3731 2563">
     <span class='ocr_line' id='line_1_90' title="bbox 2192 2482 3731 2563; baseline 0.008 -29"><span class='ocrx_word' id='word_1_681' title='bbox 2192 2482 2356 2537; x_wconf 80' lang='grc' dir='ltr'><strong>λίθων</strong></span> <span class='ocrx_word' id='word_1_682' title='bbox 2378 2482 2488 2535; x_wconf 89' lang='grc' dir='ltr'><strong>τῶν</strong></span> <span class='ocrx_word' id='word_1_683' title='bbox 2510 2482 2730 2553; x_wconf 90' lang='grc' dir='ltr'><strong>τιμίων,</strong></span> <span class='ocrx_word' id='word_1_684' title='bbox 2756 2486 2851 2544; x_wconf 77' lang='grc' dir='ltr'><strong>καὶ</strong></span> <span class='ocrx_word' id='word_1_685' title='bbox 2873 2483 3041 2547; x_wconf 79' lang='grc' dir='ltr'><strong>πολὺς</strong></span> <span class='ocrx_word' id='word_1_686' title='bbox 3070 2488 3352 2559; x_wconf 85' lang='grc' dir='ltr'><strong>πανταχοῦ</strong></span> <span class='ocrx_word' id='word_1_687' title='bbox 3384 2490 3685 2563; x_wconf 86' lang='grc' dir='ltr'><strong>διέσπαρται</strong></span> <span class='ocrx_word' id='word_1_688' title='bbox 3706 2497 3731 2548; x_wconf 83' lang='grc' dir='ltr'><strong>ὁ</strong></span> 
     </span>
    </p>
   </div>
   <div class='ocr_carea' id='block_1_91' title="bbox 2192 2565 3735 2649">
    <p class='ocr_par' dir='ltr' id='par_1_91' title="bbox 2192 2565 3735 2649">
     <span class='ocr_line' id='line_1_91' title="bbox 2192 2565 3735 2649; baseline 0.008 -31"><span class='ocrx_word' id='word_1_689' title='bbox 2192 2566 2414 2638; x_wconf 89' lang='grc' dir='ltr'><strong>χρυσός.</strong></span> <span class='ocrx_word' id='word_1_690' title='bbox 2453 2566 2590 2621; x_wconf 81' lang='grc' dir='ltr'><strong>Ἀλλ’</strong></span> <span class='ocrx_word' id='word_1_691' title='bbox 2620 2565 2666 2619; x_wconf 83' lang='grc' dir='ltr'>ὣ</span> <span class='ocrx_word' id='word_1_692' title='bbox 2696 2568 2805 2622; x_wconf 88' lang='grc' dir='ltr'><strong>τῶν</strong></span> <span class='ocrx_word' id='word_1_693' title='bbox 2855 2570 3071 2641; x_wconf 83' lang='grc' dir='ltr'><strong>πικρῶν</strong></span> <span class='ocrx_word' id='word_1_694' title='bbox 3110 2570 3397 2644; x_wconf 75' lang='grc' dir='ltr'><strong>δακρύωνί</strong></span> <span class='ocrx_word' id='word_1_695' title='bbox 3448 2575 3617 2629; x_wconf 85' lang='grc' dir='ltr'><strong>πάντα</strong></span> <span class='ocrx_word' id='word_1_696' title='bbox 3640 2579 3735 2649; x_wconf 76' lang='grc' dir='ltr'><strong>γὰρ</strong></span> 
     </span>
    </p>
   </div>
   <div class='ocr_carea' id='block_1_92' title="bbox 2189 2649 3729 2731">
    <p class='ocr_par' dir='ltr' id='par_1_92' title="bbox 2189 2649 3729 2731">
     <span class='ocr_line' id='line_1_92' title="bbox 2189 2649 3729 2731; baseline -0.001 -27"><span class='ocrx_word' id='word_1_697' title='bbox 2189 2650 2365 2704; x_wconf 90' lang='grc' dir='ltr'><strong>ταῦτα</strong></span> <span class='ocrx_word' id='word_1_698' title='bbox 2390 2649 2688 2719; x_wconf 80' lang='grc' dir='ltr'><strong>κατέφλεξε</strong></span> <span class='ocrx_word' id='word_1_699' title='bbox 2717 2652 2817 2721; x_wconf 83' lang='grc' dir='ltr'><strong>τῆς</strong></span> <span class='ocrx_word' id='word_1_700' title='bbox 2846 2652 3152 2718; x_wconf 75' lang='grc' dir='ltr'><strong>κενοδοξίας</strong></span> <span class='ocrx_word' id='word_1_701' title='bbox 3183 2656 3221 2731; x_wconf 78' lang='grc' dir='ltr'><strong>η</strong></span> <span class='ocrx_word' id='word_1_702' title='bbox 3242 2658 3522 2728; x_wconf 85' lang='grc' dir='ltr'><strong>τυραννὶς,</strong></span> <span class='ocrx_word' id='word_1_703' title='bbox 3548 2660 3579 2729; x_wconf 87' lang='grc' dir='ltr'><strong>ή</strong></span> <span class='ocrx_word' id='word_1_704' title='bbox 3603 2677 3729 2731; x_wconf 83' lang='grc' dir='ltr'><strong>παμ-</strong></span> 
     </span>
    </p>
   </div>
   <div class='ocr_carea' id='block_1_93' title="bbox 2188 2735 3730 2815">
    <p class='ocr_par' dir='ltr' id='par_1_93' title="bbox 2188 2735 3730 2815">
     <span class='ocr_line' id='line_1_93' title="bbox 2188 2735 3730 2815; baseline 0.006 -27"><span class='ocrx_word' id='word_1_705' title='bbox 2188 2736 2365 2805; x_wconf 82' lang='grc' dir='ltr'><strong>φάγος</strong></span> <span class='ocrx_word' id='word_1_706' title='bbox 2396 2735 2535 2806; x_wconf 79' lang='grc' dir='ltr'><strong>αὕτη</strong></span> <span class='ocrx_word' id='word_1_707' title='bbox 2563 2735 2716 2805; x_wconf 83' lang='grc' dir='ltr'><strong>φλὸξ,</strong></span> <span class='ocrx_word' id='word_1_708' title='bbox 2753 2737 2848 2789; x_wconf 72' lang='grc' dir='ltr'><strong>καὶ</strong></span> <span class='ocrx_word' id='word_1_709' title='bbox 2874 2736 3048 2801; x_wconf 74' lang='grc' dir='ltr'><strong>οὐδεὶς</strong></span> <span class='ocrx_word' id='word_1_710' title='bbox 3078 2739 3344 2812; x_wconf 89' lang='grc' dir='ltr'><strong>ἀνωτέρω</strong></span> <span class='ocrx_word' id='word_1_711' title='bbox 3367 2742 3461 2795; x_wconf 87' lang='grc' dir='ltr'><strong>τοῦ</strong></span> <span class='ocrx_word' id='word_1_712' title='bbox 3498 2746 3730 2815; x_wconf 81' lang='grc' dir='ltr'><strong>πράγμα-</strong></span> 
     </span>
    </p>
   </div>
   <div class='ocr_carea' id='block_1_94' title="bbox 2190 2820 3731 2898">
    <p class='ocr_par' dir='ltr' id='par_1_94' title="bbox 2190 2820 3731 2898">
     <span class='ocr_line' id='line_1_94' title="bbox 2190 2820 3731 2898; baseline -0.003 -23"><span class='ocrx_word' id='word_1_713' title='bbox 2190 2839 2280 2885; x_wconf 89' lang='grc' dir='ltr'><strong>τος</strong></span> <span class='ocrx_word' id='word_1_714' title='bbox 2302 2821 2553 2890; x_wconf 87' lang='grc' dir='ltr'><strong>γέγονεν·</strong></span> <span class='ocrx_word' id='word_1_715' title='bbox 2590 2820 2708 2875; x_wconf 90' lang='grc' dir='ltr'><strong>ἀλλ’</strong></span> <span class='ocrx_word' id='word_1_716' title='bbox 2741 2822 3055 2892; x_wconf 80' lang='grc' dir='ltr'><strong>ἑστήκαμεν</strong></span> <span class='ocrx_word' id='word_1_717' title='bbox 3076 2822 3178 2894; x_wconf 81' lang='grc' dir='ltr'><strong>τὴν</strong></span> <span class='ocrx_word' id='word_1_718' title='bbox 3211 2824 3313 2891; x_wconf 74' lang='grc' dir='ltr'><strong>μὲν</strong></span> <span class='ocrx_word' id='word_1_719' title='bbox 3338 2825 3512 2895; x_wconf 88' lang='grc' dir='ltr'><strong>φλόγα</strong></span> <span class='ocrx_word' id='word_1_720' title='bbox 3546 2828 3731 2898; x_wconf 81' lang='grc' dir='ltr'><strong>θαυμά-</strong></span> 
     </span>
    </p>
   </div>
   <div class='ocr_carea' id='block_1_95' title="bbox 2189 2904 3731 2974">
    <p class='ocr_par' dir='ltr' id='par_1_95' title="bbox 2189 2904 3731 2974">
     <span class='ocr_line' id='line_1_95' title="bbox 2189 2904 3731 2974; baseline 0.004 -17"><span class='ocrx_word' id='word_1_721' title='bbox 2189 2906 2396 2971; x_wconf 78' lang='grc' dir='ltr'><strong>ζοντες,</strong></span> <span class='ocrx_word' id='word_1_722' title='bbox 2421 2904 2613 2957; x_wconf 78' lang='grc' dir='ltr'><strong>σϐέσαι</strong></span> <span class='ocrx_word' id='word_1_723' title='bbox 2658 2904 2717 2957; x_wconf 89' lang='grc' dir='ltr'><strong>δὲ</strong></span> <span class='ocrx_word' id='word_1_724' title='bbox 2766 2904 2829 2959; x_wconf 90' lang='grc' dir='ltr'><strong>τὸ</strong></span> <span class='ocrx_word' id='word_1_725' title='bbox 2873 2904 3045 2959; x_wconf 84' lang='grc' dir='ltr'><strong>κακὸν</strong></span> <span class='ocrx_word' id='word_1_726' title='bbox 3070 2906 3258 2961; x_wconf 82' lang='grc' dir='ltr'><strong>οὐκέτι</strong></span> <span class='ocrx_word' id='word_1_727' title='bbox 3305 2907 3606 2974; x_wconf 83' lang='grc' dir='ltr'><strong>δυνάμενοι.</strong></span> <span class='ocrx_word' id='word_1_728' title='bbox 3631 2912 3731 2965; x_wconf 79' lang='grc' dir='ltr'><strong>Κάν</strong></span> 
     </span>
    </p>
   </div>
   <div class='ocr_carea' id='block_1_96' title="bbox 2189 2986 3731 3063">
    <p class='ocr_par' dir='ltr' id='par_1_96' title="bbox 2189 2986 3731 3063">
     <span class='ocr_line' id='line_1_96' title="bbox 2189 2986 3731 3063; baseline 0.005 -23"><span class='ocrx_word' id='word_1_729' title='bbox 2189 2988 2474 3057; x_wconf 87' lang='grc' dir='ltr'><strong>σϐέσωμεν</strong></span> <span class='ocrx_word' id='word_1_730' title='bbox 2494 2987 2557 3040; x_wconf 86' lang='grc' dir='ltr'><strong>δέ</strong></span> <span class='ocrx_word' id='word_1_731' title='bbox 2601 2986 2737 3057; x_wconf 80' lang='grc' dir='ltr'><strong>πρὸς</strong></span> <span class='ocrx_word' id='word_1_732' title='bbox 2784 2987 2992 3059; x_wconf 80' lang='grc' dir='ltr'><strong>βραχὺν</strong></span> <span class='ocrx_word' id='word_1_733' title='bbox 3028 2990 3242 3062; x_wconf 84' lang='grc' dir='ltr'><strong>καιρὸν,</strong></span> <span class='ocrx_word' id='word_1_734' title='bbox 3272 2992 3411 3046; x_wconf 87' lang='grc' dir='ltr'><strong>άλλά</strong></span> <span class='ocrx_word' id='word_1_735' title='bbox 3431 2994 3588 3047; x_wconf 87' lang='grc' dir='ltr'><strong>πάλιν</strong></span> <span class='ocrx_word' id='word_1_736' title='bbox 3615 2995 3731 3063; x_wconf 86' lang='grc' dir='ltr'><strong>μετά</strong></span> 
     </span>
    </p>
   </div>
   <div class='ocr_carea' id='block_1_97' title="bbox 2187 3071 3731 3143">
    <p class='ocr_par' dir='ltr' id='par_1_97' title="bbox 2187 3071 3731 3143">
     <span class='ocr_line' id='line_1_97' title="bbox 2187 3071 3731 3143; baseline 0.004 -19"><span class='ocrx_word' id='word_1_737' title='bbox 2187 3071 2280 3124; x_wconf 88' lang='grc' dir='ltr'><strong>δύο</strong></span> <span class='ocrx_word' id='word_1_738' title='bbox 2302 3071 2397 3125; x_wconf 78' lang='grc' dir='ltr'><strong>καὶ</strong></span> <span class='ocrx_word' id='word_1_739' title='bbox 2422 3072 2571 3138; x_wconf 88' lang='grc' dir='ltr'><strong>τρεῖς</strong></span> <span class='ocrx_word' id='word_1_740' title='bbox 2601 3071 2811 3142; x_wconf 81' lang='grc' dir='ltr'><strong>ἡμέρας</strong></span> <span class='ocrx_word' id='word_1_741' title='bbox 2840 3071 3029 3143; x_wconf 84' lang='grc' dir='ltr'><strong>ὥσπερ</strong></span> <span class='ocrx_word' id='word_1_742' title='bbox 3055 3074 3166 3127; x_wconf 88' lang='grc' dir='ltr'><strong>ἀπό</strong></span> <span class='ocrx_word' id='word_1_743' title='bbox 3185 3092 3332 3139; x_wconf 91' lang='grc' dir='ltr'><strong>τινος</strong></span> <span class='ocrx_word' id='word_1_744' title='bbox 3357 3078 3575 3142; x_wconf 75' lang='grc' dir='ltr'><strong>σποδιάς</strong></span> <span class='ocrx_word' id='word_1_745' title='bbox 3600 3094 3731 3130; x_wconf 86' lang='grc' dir='ltr'><strong>σπιν-</strong></span> 
     </span>
    </p>
   </div>
   <div class='ocr_carea' id='block_1_98' title="bbox 2188 3154 3731 3227">
    <p class='ocr_par' dir='ltr' id='par_1_98' title="bbox 2188 3154 3731 3227">
     <span class='ocr_line' id='line_1_98' title="bbox 2188 3154 3731 3227; baseline 0.003 -20"><span class='ocrx_word' id='word_1_746' title='bbox 2188 3154 2292 3225; x_wconf 81' lang='grc' dir='ltr'><strong>θὴρ</strong></span> <span class='ocrx_word' id='word_1_747' title='bbox 2328 3154 2690 3224; x_wconf 88' lang='grc' dir='ltr'><strong>ἐντυφόμενος</strong></span> <span class='ocrx_word' id='word_1_748' title='bbox 2749 3156 3043 3227; x_wconf 76' lang='grc' dir='ltr'><strong>ἀνέτρεψεν</strong></span> <span class='ocrx_word' id='word_1_749' title='bbox 3090 3157 3329 3221; x_wconf 74' lang='grc' dir='ltr'><strong>ᾶπαντα,</strong></span> <span class='ocrx_word' id='word_1_750' title='bbox 3373 3160 3469 3214; x_wconf 76' lang='grc' dir='ltr'><strong>καὶ</strong></span> <span class='ocrx_word' id='word_1_751' title='bbox 3510 3162 3604 3214; x_wconf 87' lang='grc' dir='ltr'><strong>ὃσα</strong></span> <span class='ocrx_word' id='word_1_752' title='bbox 3638 3164 3731 3223; x_wconf 84' lang='grc' dir='ltr'><strong>τοῖς</strong></span> 
     </span>
    </p>
   </div>
   <div class='ocr_carea' id='block_1_99' title="bbox 2186 3239 3732 3314">
    <p class='ocr_par' dir='ltr' id='par_1_99' title="bbox 2186 3239 3732 3314">
     <span class='ocr_line' id='line_1_99' title="bbox 2186 3239 3732 3314; baseline 0.005 -23"><span class='ocrx_word' id='word_1_753' title='bbox 2186 3239 2455 3310; x_wconf 83' lang='grc' dir='ltr'><strong>πρότερον</strong></span> <span class='ocrx_word' id='word_1_754' title='bbox 2503 3239 2567 3291; x_wconf 88' lang='grc' dir='ltr'><strong>ού</strong></span> <span class='ocrx_word' id='word_1_755' title='bbox 2613 3239 3035 3309; x_wconf 85' lang='grc' dir='ltr'><strong>κατειργάσατο.</strong></span> <span class='ocrx_word' id='word_1_756' title='bbox 3100 3241 3258 3295; x_wconf 83' lang='grc' dir='ltr'><strong>Οῦτω</strong></span> <span class='ocrx_word' id='word_1_757' title='bbox 3296 3243 3360 3314; x_wconf 83' lang='grc' dir='ltr'><strong>δὴ</strong></span> <span class='ocrx_word' id='word_1_758' title='bbox 3406 3244 3499 3297; x_wconf 76' lang='grc' dir='ltr'><strong>καὶ</strong></span> <span class='ocrx_word' id='word_1_759' title='bbox 3527 3245 3732 3299; x_wconf 83' lang='grc' dir='ltr'><strong>ἐνταῦθα</strong></span> 
     </span>
    </p>
   </div>
   <div class='ocr_carea' id='block_1_100' title="bbox 2185 3321 3733 3399">
    <p class='ocr_par' dir='ltr' id='par_1_100' title="bbox 2185 3321 3733 3399">
     <span class='ocr_line' id='line_1_100' title="bbox 2185 3321 3733 3399; baseline 0.006 -25"><span class='ocrx_word' id='word_1_760' title='bbox 2185 3322 2393 3390; x_wconf 88' lang='grc' dir='ltr'><strong>γίνεται</strong></span> <span class='ocrx_word' id='word_1_761' title='bbox 2414 3337 2427 3352; x_wconf 74' lang='grc'><strong><em>⁸</em></strong></span> <span class='ocrx_word' id='word_1_762' title='bbox 2459 3322 2554 3383; x_wconf 82' lang='grc' dir='ltr'><strong>καὶ</strong></span> <span class='ocrx_word' id='word_1_763' title='bbox 2582 3321 2695 3393; x_wconf 90' lang='grc' dir='ltr'><strong>γάρ</strong></span> <span class='ocrx_word' id='word_1_764' title='bbox 2724 3324 2818 3376; x_wconf 80' lang='grc' dir='ltr'><strong>καὶ</strong></span> <span class='ocrx_word' id='word_1_765' title='bbox 2858 3324 2953 3376; x_wconf 79' lang='grc' dir='ltr'><strong>ἐπὶ</strong></span> <span class='ocrx_word' id='word_1_766' title='bbox 2990 3325 3092 3395; x_wconf 85' lang='grc' dir='ltr'><strong>τῆς</strong></span> <span class='ocrx_word' id='word_1_767' title='bbox 3131 3330 3416 3398; x_wconf 77' lang='grc' dir='ltr'><strong>πυρκαϊᾶς</strong></span> <span class='ocrx_word' id='word_1_768' title='bbox 3441 3327 3595 3382; x_wconf 90' lang='grc' dir='ltr'><strong>τοῦτο</strong></span> <span class='ocrx_word' id='word_1_769' title='bbox 3616 3346 3733 3399; x_wconf 81' lang='grc' dir='ltr'><strong>συμ-</strong></span> 
     </span>
    </p>
   </div>
   <div class='ocr_carea' id='block_1_101' title="bbox 2184 3407 3732 3475">
    <p class='ocr_par' dir='ltr' id='par_1_101' title="bbox 2184 3407 3732 3475">
     <span class='ocr_line' id='line_1_101' title="bbox 2184 3407 3732 3475; baseline 0.003 -14"><span class='ocrx_word' id='word_1_770' title='bbox 2184 3407 2391 3463; x_wconf 88' lang='grc' dir='ltr'><strong>ϐαίνειν</strong></span> <span class='ocrx_word' id='word_1_771' title='bbox 2421 3408 2542 3471; x_wconf 75' lang='grc' dir='ltr'><strong>ἔθος</strong></span> <span class='ocrx_word' id='word_1_772' title='bbox 2568 3408 2705 3463; x_wconf 87' lang='grc' dir='ltr'><strong>ἐστί.</strong></span> <span class='ocrx_word' id='word_1_773' title='bbox 2739 3408 2813 3461; x_wconf 85' lang='grc' dir='ltr'><strong>Τὸ</strong></span> <span class='ocrx_word' id='word_1_774' title='bbox 2853 3408 2911 3469; x_wconf 79' lang='grc' dir='ltr'><strong>δὲ</strong></span> <span class='ocrx_word' id='word_1_775' title='bbox 2959 3409 3153 3475; x_wconf 75' lang='grc' dir='ltr'><strong>αἴτιον,</strong></span> <span class='ocrx_word' id='word_1_776' title='bbox 3177 3412 3290 3464; x_wconf 86' lang='grc' dir='ltr'><strong>τῶν</strong></span> <span class='ocrx_word' id='word_1_777' title='bbox 3332 3412 3541 3467; x_wconf 85' lang='grc' dir='ltr'><strong>στόλων</strong></span> <span class='ocrx_word' id='word_1_778' title='bbox 3575 3414 3732 3468; x_wconf 75' lang='grc' dir='ltr'><strong>αὐτῶν</strong></span> 
     </span>
    </p>
   </div>
   <div class='ocr_carea' id='block_1_102' title="bbox 2183 3492 3733 3568">
    <p class='ocr_par' dir='ltr' id='par_1_102' title="bbox 2183 3492 3733 3568">
     <span class='ocr_line' id='line_1_102' title="bbox 2183 3492 3733 3568; baseline 0.004 -24"><span class='ocrx_word' id='word_1_779' title='bbox 2183 3492 2284 3562; x_wconf 82' lang='grc' dir='ltr'><strong>τῆς</strong></span> <span class='ocrx_word' id='word_1_780' title='bbox 2315 3492 2639 3563; x_wconf 77' lang='grc' dir='ltr'><strong>Ἐκκλησίας</strong></span> <span class='ocrx_word' id='word_1_781' title='bbox 2685 3492 2752 3546; x_wconf 88' lang='grc' dir='ltr'><strong>τά</strong></span> <span class='ocrx_word' id='word_1_782' title='bbox 2786 3493 3089 3563; x_wconf 87' lang='grc' dir='ltr'><strong>ἐρείσματα</strong></span> <span class='ocrx_word' id='word_1_783' title='bbox 3126 3494 3389 3565; x_wconf 77' lang='grc' dir='ltr'><strong>διέφυγεν</strong></span> <span class='ocrx_word' id='word_1_784' title='bbox 3419 3499 3583 3568; x_wconf 76' lang='grc' dir='ltr'><strong>ἡμᾶς,</strong></span> <span class='ocrx_word' id='word_1_785' title='bbox 3624 3498 3733 3559; x_wconf 80' lang='grc' dir='ltr'><strong>τοὺς</strong></span> 
     </span>
    </p>
   </div>
   <div class='ocr_carea' id='block_1_103' title="bbox 2184 3576 3732 3649">
    <p class='ocr_par' dir='ltr' id='par_1_103' title="bbox 2184 3576 3732 3649">
     <span class='ocr_line' id='line_1_103' title="bbox 2184 3576 3732 3649; baseline 0.005 -22"><span class='ocrx_word' id='word_1_786' title='bbox 2184 3576 2275 3628; x_wconf 87' lang='grc' dir='ltr'><strong>τὸν</strong></span> <span class='ocrx_word' id='word_1_787' title='bbox 2300 3576 2497 3646; x_wconf 70' lang='grc' dir='ltr'><strong>ὄροφον</strong></span> <span class='ocrx_word' id='word_1_788' title='bbox 2525 3576 2843 3645; x_wconf 83' lang='grc' dir='ltr'><strong>ἀνέχοντας,</strong></span> <span class='ocrx_word' id='word_1_789' title='bbox 2865 3578 2963 3630; x_wconf 79' lang='grc' dir='ltr'><strong>καὶ</strong></span> <span class='ocrx_word' id='word_1_790' title='bbox 3004 3578 3270 3649; x_wconf 83' lang='grc' dir='ltr'><strong>πρότερον</strong></span> <span class='ocrx_word' id='word_1_791' title='bbox 3303 3581 3488 3633; x_wconf 85' lang='grc' dir='ltr'><strong>πᾶσαν</strong></span> <span class='ocrx_word' id='word_1_792' title='bbox 3516 3597 3732 3649; x_wconf 83' lang='grc' dir='ltr'><strong>συγκρα-</strong></span> 
     </span>
    </p>
   </div>
   <div class='ocr_carea' id='block_1_104' title="bbox 2183 3647 3734 3733">
    <p class='ocr_par' dir='ltr' id='par_1_104' title="bbox 2183 3647 3734 3733">
     <span class='ocr_line' id='line_1_104' title="bbox 2183 3647 3734 3733; baseline 0.001 -22"><span class='ocrx_word' id='word_1_793' title='bbox 2183 3659 2409 3724; x_wconf 88' lang='grc' dir='ltr'><strong>τοῦντας</strong></span> <span class='ocrx_word' id='word_1_794' title='bbox 2428 3660 2529 3729; x_wconf 81' lang='grc' dir='ltr'><strong>τὴν</strong></span> <span class='ocrx_word' id='word_1_795' title='bbox 2542 3658 2857 3729; x_wconf 89' lang='grc' dir='ltr'><strong>οίκοδομίαν</strong></span> <span class='ocrx_word' id='word_1_796' title='bbox 2883 3647 3275 3731; x_wconf 85' lang='grc' dir='ltr'><strong>περιέϐαλετῷ</strong></span> <span class='ocrx_word' id='word_1_797' title='bbox 3294 3663 3451 3733; x_wconf 90' lang='grc' dir='ltr'><strong>πυρί.</strong></span> <span class='ocrx_word' id='word_1_798' title='bbox 3477 3664 3572 3715; x_wconf 84' lang='grc' dir='ltr'><strong>Διά</strong></span> <span class='ocrx_word' id='word_1_799' title='bbox 3592 3647 3734 3714; x_wconf 78' lang='grc' dir='ltr'><strong>τοῦτο</strong></span> 
     </span>
    </p>
   </div>
   <div class='ocr_carea' id='block_1_105' title="bbox 2185 3742 3732 3818">
    <p class='ocr_par' dir='ltr' id='par_1_105' title="bbox 2185 3742 3732 3818">
     <span class='ocr_line' id='line_1_105' title="bbox 2185 3742 3732 3818; baseline 0.002 -22"><span class='ocrx_word' id='word_1_800' title='bbox 2185 3744 2279 3797; x_wconf 75' lang='grc' dir='ltr'><strong>καὶ</strong></span> <span class='ocrx_word' id='word_1_801' title='bbox 2304 3744 2383 3806; x_wconf 92' lang='grc' dir='ltr'><strong>εἰς</strong></span> <span class='ocrx_word' id='word_1_802' title='bbox 2410 3745 2538 3807; x_wconf 77' lang='grc' dir='ltr'><strong>τοὺς</strong></span> <span class='ocrx_word' id='word_1_803' title='bbox 2560 3744 2780 3807; x_wconf 80' lang='grc' dir='ltr'><strong>λοιποὺς</strong></span> <span class='ocrx_word' id='word_1_804' title='bbox 2810 3742 3025 3814; x_wconf 89' lang='grc' dir='ltr'><strong>τοίχους</strong></span> <span class='ocrx_word' id='word_1_805' title='bbox 3048 3743 3270 3809; x_wconf 81' lang='grc' dir='ltr'><strong>εὕκολος</strong></span> <span class='ocrx_word' id='word_1_806' title='bbox 3307 3748 3531 3816; x_wconf 86' lang='grc' dir='ltr'><strong>γέγονεν</strong></span> <span class='ocrx_word' id='word_1_807' title='bbox 3571 3749 3602 3818; x_wconf 88' lang='grc' dir='ltr'><strong>ή</strong></span> <span class='ocrx_word' id='word_1_808' title='bbox 3637 3747 3732 3799; x_wconf 85' lang='grc' dir='ltr'><strong>δια-</strong></span> 
     </span>
    </p>
   </div>
   <div class='ocr_carea' id='block_1_106' title="bbox 2182 3827 3731 3901">
    <p class='ocr_par' dir='ltr' id='par_1_106' title="bbox 2182 3827 3731 3901">
     <span class='ocr_line' id='line_1_106' title="bbox 2182 3827 3731 3901; baseline 0.001 -21"><span class='ocrx_word' id='word_1_809' title='bbox 2182 3828 2382 3897; x_wconf 87' lang='grc' dir='ltr'><strong>δρομή.</strong></span> <span class='ocrx_word' id='word_1_810' title='bbox 2416 3828 2525 3880; x_wconf 80' lang='grc' dir='ltr'><strong>Καὶ</strong></span> <span class='ocrx_word' id='word_1_811' title='bbox 2560 3830 2667 3897; x_wconf 85' lang='grc' dir='ltr'><strong>γὰρ</strong></span> <span class='ocrx_word' id='word_1_812' title='bbox 2695 3827 2788 3879; x_wconf 77' lang='grc' dir='ltr'><strong>ἐπὶ</strong></span> <span class='ocrx_word' id='word_1_813' title='bbox 2819 3828 2927 3882; x_wconf 90' lang='grc' dir='ltr'><strong>τῶν</strong></span> <span class='ocrx_word' id='word_1_814' title='bbox 2969 3828 3448 3900; x_wconf 83' lang='grc' dir='ltr'><strong>οἰκοδομημάτων,</strong></span> <span class='ocrx_word' id='word_1_815' title='bbox 3480 3832 3604 3885; x_wconf 84' lang='grc' dir='ltr'><strong>ὅταν</strong></span> <span class='ocrx_word' id='word_1_816' title='bbox 3649 3831 3731 3901; x_wconf 80' lang='grc' dir='ltr'><strong>μὲν</strong></span> 
     </span>
    </p>
   </div>
   <div class='ocr_carea' id='block_1_107' title="bbox 2182 3910 3729 3980">
    <p class='ocr_par' dir='ltr' id='par_1_107' title="bbox 2182 3910 3729 3980">
     <span class='ocr_line' id='line_1_107' title="bbox 2182 3910 3729 3980; baseline 0.001 -18"><span class='ocrx_word' id='word_1_817' title='bbox 2182 3911 2357 3975; x_wconf 78' lang='grc' dir='ltr'><strong>ξύλων</strong></span> <span class='ocrx_word' id='word_1_818' title='bbox 2378 3910 2727 3979; x_wconf 85' lang='grc' dir='ltr'><strong>ἐπιλάϐηται,</strong></span> <span class='ocrx_word' id='word_1_819' title='bbox 2758 3910 2958 3980; x_wconf 79' lang='grc' dir='ltr'><strong>μᾶλλον</strong></span> <span class='ocrx_word' id='word_1_820' title='bbox 2973 3912 3260 3976; x_wconf 79' lang='grc' dir='ltr'><strong>όπλίζεται</strong></span> <span class='ocrx_word' id='word_1_821' title='bbox 3286 3915 3431 3967; x_wconf 89' lang='grc' dir='ltr'><strong>κατά</strong></span> <span class='ocrx_word' id='word_1_822' title='bbox 3450 3915 3557 3968; x_wconf 88' lang='grc' dir='ltr'><strong>τῶν</strong></span> <span class='ocrx_word' id='word_1_823' title='bbox 3571 3912 3729 3967; x_wconf 85' lang='grc' dir='ltr'><strong>λίθων·</strong></span> 
     </span>
    </p>
   </div>
   <div class='ocr_carea' id='block_1_108' title="bbox 2181 3993 3726 4069">
    <p class='ocr_par' dir='ltr' id='par_1_108' title="bbox 2181 3993 3726 4069">
     <span class='ocr_line' id='line_1_108' title="bbox 2181 3993 3726 4069; baseline 0.001 -20"><span class='ocrx_word' id='word_1_824' title='bbox 2181 3998 2310 4049; x_wconf 79' lang='grc' dir='ltr'><strong>ὅταν</strong></span> <span class='ocrx_word' id='word_1_825' title='bbox 2330 3994 2389 4051; x_wconf 76' lang='grc' dir='ltr'><strong>δὲ</strong></span> <span class='ocrx_word' id='word_1_826' title='bbox 2410 3994 2536 4055; x_wconf 85' lang='grc' dir='ltr'><strong>τοὺς</strong></span> <span class='ocrx_word' id='word_1_827' title='bbox 2558 3993 2783 4057; x_wconf 88' lang='grc' dir='ltr'><strong>στύλους</strong></span> <span class='ocrx_word' id='word_1_828' title='bbox 2816 3995 3121 4066; x_wconf 80' lang='grc' dir='ltr'><strong>κατενέγκῃ</strong></span> <span class='ocrx_word' id='word_1_829' title='bbox 3147 3998 3244 4049; x_wconf 76' lang='grc' dir='ltr'><strong>καὶ</strong></span> <span class='ocrx_word' id='word_1_830' title='bbox 3276 3997 3413 4069; x_wconf 77' lang='grc' dir='ltr'><strong>ῥίψῃ</strong></span> <span class='ocrx_word' id='word_1_831' title='bbox 3443 3999 3629 4069; x_wconf 81' lang='grc' dir='ltr'><strong>χαμαὶ,</strong></span> <span class='ocrx_word' id='word_1_832' title='bbox 3654 3997 3726 4051; x_wconf 83' lang='grc' dir='ltr'><strong>ού-</strong></span> 
     </span>
    </p>
   </div>
   <div class='ocr_carea' id='block_1_109' title="bbox 2180 4076 3728 4152">
    <p class='ocr_par' dir='ltr' id='par_1_109' title="bbox 2180 4076 3728 4152">
     <span class='ocr_line' id='line_1_109' title="bbox 2180 4076 3728 4152; baseline 0.003 -21"><span class='ocrx_word' id='word_1_833' title='bbox 2180 4081 2267 4139; x_wconf 76' lang='grc' dir='ltr'><strong>δὲν</strong></span> <span class='ocrx_word' id='word_1_834' title='bbox 2301 4078 2473 4131; x_wconf 85' lang='grc' dir='ltr'><strong>δεῖται</strong></span> <span class='ocrx_word' id='word_1_835' title='bbox 2509 4076 2696 4132; x_wconf 83' lang='grc' dir='ltr'><strong>λοιπὸν</strong></span> <span class='ocrx_word' id='word_1_836' title='bbox 2736 4078 2875 4150; x_wconf 78' lang='grc' dir='ltr'><strong>πρὸς</strong></span> <span class='ocrx_word' id='word_1_837' title='bbox 2907 4079 2968 4133; x_wconf 85' lang='grc' dir='ltr'><strong>τὸ</strong></span> <span class='ocrx_word' id='word_1_838' title='bbox 3004 4084 3075 4133; x_wconf 86' lang='grc' dir='ltr'><strong>τά</strong></span> <span class='ocrx_word' id='word_1_839' title='bbox 3118 4079 3283 4135; x_wconf 89' lang='grc' dir='ltr'><strong>λοιπά</strong></span> <span class='ocrx_word' id='word_1_840' title='bbox 3320 4085 3387 4152; x_wconf 77' lang='grc' dir='ltr'><strong>τῇ</strong></span> <span class='ocrx_word' id='word_1_841' title='bbox 3432 4083 3589 4151; x_wconf 79' lang='grc' dir='ltr'><strong>φλογί</strong></span> <span class='ocrx_word' id='word_1_842' title='bbox 3618 4101 3728 4135; x_wconf 85' lang='grc' dir='ltr'><strong>κατ-</strong></span> 
     </span>
    </p>
   </div>
   <div class='ocr_carea' id='block_1_110' title="bbox 2180 4160 3733 4239">
    <p class='ocr_par' dir='ltr' id='par_1_110' title="bbox 2180 4160 3733 4239">
     <span class='ocr_line' id='line_1_110' title="bbox 2180 4160 3733 4239; baseline 0.001 -25"><span class='ocrx_word' id='word_1_843' title='bbox 2180 4160 2540 4235; x_wconf 82' lang='grc' dir='ltr'><strong>εργάσασθαι.</strong></span> <span class='ocrx_word' id='word_1_844' title='bbox 2566 4160 2687 4214; x_wconf 85' lang='grc' dir='ltr'><strong>Τῶν</strong></span> <span class='ocrx_word' id='word_1_845' title='bbox 2700 4161 2809 4239; x_wconf 87' lang='grc' dir='ltr'><strong>γάρ</strong></span> <span class='ocrx_word' id='word_1_846' title='bbox 2826 4162 3142 4231; x_wconf 89' lang='grc' dir='ltr'><strong>ἐρειδόντων</strong></span> <span class='ocrx_word' id='word_1_847' title='bbox 3163 4163 3257 4217; x_wconf 80' lang='grc' dir='ltr'><strong>καὶ</strong></span> <span class='ocrx_word' id='word_1_848' title='bbox 3280 4165 3733 4237; x_wconf 81' lang='grc' dir='ltr'><strong>ύποστηριζόντων</strong></span> 
     </span>
    </p>
   </div>
   <div class='ocr_carea' id='block_1_111' title="bbox 2178 4246 3732 4320">
    <p class='ocr_par' dir='ltr' id='par_1_111' title="bbox 2178 4246 3732 4320">
     <span class='ocr_line' id='line_1_111' title="bbox 2178 4246 3732 4320; baseline 0.002 -22"><span class='ocrx_word' id='word_1_849' title='bbox 2178 4254 2245 4298; x_wconf 65' lang='grc' dir='ltr'><strong>τὰ</strong></span> <span class='ocrx_word' id='word_1_850' title='bbox 2302 4246 2413 4299; x_wconf 82' lang='grc' dir='ltr'><strong>ἄνω</strong></span> <span class='ocrx_word' id='word_1_851' title='bbox 2463 4246 2938 4311; x_wconf 80' lang='grc' dir='ltr'><strong>καταπιπτόντων,</strong></span> <span class='ocrx_word' id='word_1_852' title='bbox 2992 4246 3282 4316; x_wconf 80' lang='grc' dir='ltr'><strong>αὐτόματα</strong></span> <span class='ocrx_word' id='word_1_853' title='bbox 3334 4250 3569 4303; x_wconf 84' lang='grc' dir='ltr'><strong>κάκεῖνα</strong></span> <span class='ocrx_word' id='word_1_854' title='bbox 3614 4249 3732 4320; x_wconf 84' lang='grc' dir='ltr'><strong>μετά</strong></span> 
     </span>
    </p>
   </div>
   <div class='ocr_carea' id='block_1_112' title="bbox 2180 4327 3730 4405">
    <p class='ocr_par' dir='ltr' id='par_1_112' title="bbox 2180 4327 3730 4405">
     <span class='ocr_line' id='line_1_112' title="bbox 2180 4327 3730 4405; baseline 0.002 -23"><span class='ocrx_word' id='word_1_855' title='bbox 2180 4330 2382 4398; x_wconf 80' lang='grc' dir='ltr'><strong>πολλῆς</strong></span> <span class='ocrx_word' id='word_1_856' title='bbox 2409 4328 2508 4398; x_wconf 85' lang='grc' dir='ltr'><strong>τῆς</strong></span> <span class='ocrx_word' id='word_1_857' title='bbox 2536 4328 2885 4399; x_wconf 74' lang='grc' dir='ltr'><strong>ἑτοιμότητος</strong></span> <span class='ocrx_word' id='word_1_858' title='bbox 2908 4327 3120 4392; x_wconf 86' lang='grc' dir='ltr'><strong>τούτοις</strong></span> <span class='ocrx_word' id='word_1_859' title='bbox 3142 4330 3355 4385; x_wconf 78' lang='grc' dir='ltr'><strong>ἕπεται.</strong></span> <span class='ocrx_word' id='word_1_860' title='bbox 3384 4332 3544 4387; x_wconf 84' lang='grc' dir='ltr'><strong>Οῦτω</strong></span> <span class='ocrx_word' id='word_1_861' title='bbox 3573 4334 3633 4405; x_wconf 78' lang='grc' dir='ltr'><strong>δὴ</strong></span> <span class='ocrx_word' id='word_1_862' title='bbox 3654 4335 3730 4387; x_wconf 71' lang='grc' dir='ltr'><strong>καὶ</strong></span> 
     </span>
    </p>
   </div>
   <div class='ocr_carea' id='block_1_113' title="bbox 2178 4412 3732 4485">
    <p class='ocr_par' dir='ltr' id='par_1_113' title="bbox 2178 4412 3732 4485">
     <span class='ocr_line' id='line_1_113' title="bbox 2178 4412 3732 4485; baseline 0.001 -18"><span class='ocrx_word' id='word_1_863' title='bbox 2178 4416 2272 4468; x_wconf 78' lang='grc' dir='ltr'><strong>νῦν</strong></span> <span class='ocrx_word' id='word_1_864' title='bbox 2317 4414 2543 4482; x_wconf 86' lang='grc' dir='ltr'><strong>γέγονεν</strong></span> <span class='ocrx_word' id='word_1_865' title='bbox 2589 4414 2685 4465; x_wconf 79' lang='grc' dir='ltr'><strong>ἐπὶ</strong></span> <span class='ocrx_word' id='word_1_866' title='bbox 2719 4412 2822 4482; x_wconf 79' lang='grc' dir='ltr'><strong>τῆς</strong></span> <span class='ocrx_word' id='word_1_867' title='bbox 2852 4412 3219 4483; x_wconf 76' lang='grc' dir='ltr'><strong>Ἐκκλησίαςο</strong></span> <span class='ocrx_word' id='word_1_868' title='bbox 3261 4415 3487 4471; x_wconf 87' lang='grc' dir='ltr'><strong>πάντων</strong></span> <span class='ocrx_word' id='word_1_869' title='bbox 3532 4418 3591 4470; x_wconf 84' lang='grc' dir='ltr'><strong>τὸ</strong></span> <span class='ocrx_word' id='word_1_870' title='bbox 3638 4416 3732 4485; x_wconf 78' lang='grc' dir='ltr'><strong>πῦρ</strong></span> 
     </span>
    </p>
   </div>
   <div class='ocr_carea' id='block_1_114' title="bbox 2178 4495 3731 4570">
    <p class='ocr_par' dir='ltr' id='par_1_114' title="bbox 2178 4495 3731 4570">
     <span class='ocr_line' id='line_1_114' title="bbox 2178 4495 3731 4570; baseline -0.001 -18"><span class='ocrx_word' id='word_1_871' title='bbox 2178 4498 2509 4552; x_wconf 79' lang='grc' dir='ltr'><strong>ἐπελάϐετο·</strong></span> <span class='ocrx_word' id='word_1_872' title='bbox 2566 4495 2735 4567; x_wconf 79' lang='grc' dir='ltr'><strong>τιμὰς</strong></span> <span class='ocrx_word' id='word_1_873' title='bbox 2773 4496 2873 4559; x_wconf 77' lang='grc' dir='ltr'><strong>τὰς</strong></span> <span class='ocrx_word' id='word_1_874' title='bbox 2910 4497 3060 4566; x_wconf 89' lang='grc' dir='ltr'><strong>παρά</strong></span> <span class='ocrx_word' id='word_1_875' title='bbox 3105 4496 3418 4569; x_wconf 84' lang='grc' dir='ltr'><strong>ἀνθρώπων</strong></span> <span class='ocrx_word' id='word_1_876' title='bbox 3464 4499 3731 4570; x_wconf 76' lang='grc' dir='ltr'><strong>ζητοῦμεν,</strong></span> 
     </span>
    </p>
   </div>
   <div class='ocr_carea' id='block_1_115' title="bbox 2177 4579 3733 4654">
    <p class='ocr_par' dir='ltr' id='par_1_115' title="bbox 2177 4579 3733 4654">
     <span class='ocr_line' id='line_1_115' title="bbox 2177 4579 3733 4654; baseline -0.003 -17"><span class='ocrx_word' id='word_1_877' title='bbox 2177 4587 2271 4637; x_wconf 81' lang='grc' dir='ltr'><strong>καὶ</strong></span> <span class='ocrx_word' id='word_1_878' title='bbox 2309 4583 2438 4654; x_wconf 77' lang='grc' dir='ltr'><strong>περὶ</strong></span> <span class='ocrx_word' id='word_1_879' title='bbox 2479 4579 2577 4651; x_wconf 79' lang='grc' dir='ltr'><strong>τὴν</strong></span> <span class='ocrx_word' id='word_1_880' title='bbox 2610 4581 2769 4645; x_wconf 82' lang='grc' dir='ltr'><strong>δόξαν</strong></span> <span class='ocrx_word' id='word_1_881' title='bbox 2800 4580 3158 4651; x_wconf 84' lang='grc' dir='ltr'><strong>ἐκκαιόμεθα,</strong></span> <span class='ocrx_word' id='word_1_882' title='bbox 3192 4583 3288 4635; x_wconf 82' lang='grc' dir='ltr'><strong>καὶ</strong></span> <span class='ocrx_word' id='word_1_883' title='bbox 3334 4583 3439 4636; x_wconf 86' lang='grc' dir='ltr'><strong>οὐκ</strong></span> <span class='ocrx_word' id='word_1_884' title='bbox 3484 4584 3733 4653; x_wconf 81' lang='grc' dir='ltr'><strong>ἀκούομεν</strong></span> 
     </span>
    </p>
   </div>
   <div class='ocr_carea' id='block_1_116' title="bbox 2174 4664 3731 4733">
    <p class='ocr_par' dir='ltr' id='par_1_116' title="bbox 2174 4664 3731 4733">
     <span class='ocr_line' id='line_1_116' title="bbox 2174 4664 3731 4733; baseline -0.001 -13"><span class='ocrx_word' id='word_1_885' title='bbox 2174 4667 2269 4720; x_wconf 85' lang='grc' dir='ltr'><strong>τοῦ</strong></span> <span class='ocrx_word' id='word_1_886' title='bbox 2299 4666 2418 4720; x_wconf 86' lang='grc' dir='ltr'><strong>Ἰὼϐ</strong></span> <span class='ocrx_word' id='word_1_887' title='bbox 2451 4666 2699 4731; x_wconf 87' lang='grc' dir='ltr'><strong>λέγοντος</strong></span> <span class='ocrx_word' id='word_1_888' title='bbox 2720 4682 2733 4694; x_wconf 94' lang='grc'><strong>·</strong></span> <span class='ocrx_word' id='word_1_889' title='bbox 2787 4666 2855 4718; x_wconf 81' lang='lat' dir='ltr'><strong>El</strong></span> <span class='ocrx_word' id='word_1_890' title='bbox 2910 4664 3008 4717; x_wconf 71' lang='grc' dir='ltr'><strong>καί</strong></span> <span class='ocrx_word' id='word_1_891' title='bbox 3039 4664 3318 4733; x_wconf 80' lang='grc' dir='ltr'><strong>ἁμαρτὼν</strong></span> <span class='ocrx_word' id='word_1_892' title='bbox 3365 4667 3661 4732; x_wconf 83' lang='grc' dir='ltr'><strong>ἀκουσίως</strong></span> <span class='ocrx_word' id='word_1_893' title='bbox 3690 4667 3731 4729; x_wconf 72' lang='grc' dir='ltr'><strong>δ,</strong></span> 
     </span>
    </p>
   </div>
   <div class='ocr_carea' id='block_1_117' title="bbox 2175 4748 3732 4820">
    <p class='ocr_par' dir='ltr' id='par_1_117' title="bbox 2175 4748 3732 4820">
     <span class='ocr_line' id='line_1_117' title="bbox 2175 4748 3732 4820; baseline -0.002 -16"><span class='ocrx_word' id='word_1_894' title='bbox 2175 4750 2499 4818; x_wconf 69' lang='grc' dir='ltr'><strong>διετράπην</strong></span> <span class='ocrx_word' id='word_1_895' title='bbox 2520 4750 2922 4818; x_wconf 76' lang='grc' dir='ltr'><strong>πολυοχλίαν;</strong></span> <span class='ocrx_word' id='word_1_896' title='bbox 2946 4748 3097 4811; x_wconf 75' lang='grc' dir='ltr'><strong>Εἶδες</strong></span> <span class='ocrx_word' id='word_1_897' title='bbox 3122 4748 3299 4818; x_wconf 73' lang='grc' dir='ltr'><strong>ψυχὴν</strong></span> <span class='ocrx_word' id='word_1_898' title='bbox 3319 4750 3608 4820; x_wconf 86' lang='grc' dir='ltr'><strong>ἐνάρετον;</strong></span> <span class='ocrx_word' id='word_1_899' title='bbox 3638 4750 3732 4802; x_wconf 86' lang='grc' dir='ltr'><strong>Ούκ</strong></span> 
     </span>
    </p>
   </div>
   <div class='ocr_carea' id='block_1_118' title="bbox 2177 4831 3731 4905">
    <p class='ocr_par' dir='ltr' id='par_1_118' title="bbox 2177 4831 3731 4905">
     <span class='ocr_line' id='line_1_118' title="bbox 2177 4831 3731 4905; baseline -0.002 -18"><span class='ocrx_word' id='word_1_900' title='bbox 2177 4834 2292 4905; x_wconf 81' lang='lat'><strong>[79]</strong></span> <span class='ocrx_word' id='word_1_901' title='bbox 2321 4832 2616 4903; x_wconf 71' lang='grc' dir='ltr'><strong>ᾐσχύνθην,</strong></span> <span class='ocrx_word' id='word_1_902' title='bbox 2658 4834 2843 4901; x_wconf 76' lang='grc' dir='ltr'><strong>φησὶν,</strong></span> <span class='ocrx_word' id='word_1_903' title='bbox 2871 4832 3113 4885; x_wconf 88' lang='grc' dir='ltr'><strong>ἐναντίον</strong></span> <span class='ocrx_word' id='word_1_904' title='bbox 3146 4831 3240 4884; x_wconf 90' lang='grc' dir='ltr'><strong>τοῦ</strong></span> <span class='ocrx_word' id='word_1_905' title='bbox 3274 4832 3524 4901; x_wconf 87' lang='grc' dir='ltr'><strong>πλήθους</strong></span> <span class='ocrx_word' id='word_1_906' title='bbox 3554 4832 3731 4893; x_wconf 79' lang='grc' dir='ltr'><strong>παντὸς</strong></span> 
     </span>
    </p>
   </div>
   <div class='ocr_carea' id='block_1_119' title="bbox 2175 4915 3733 4986">
    <p class='ocr_par' dir='ltr' id='par_1_119' title="bbox 2175 4915 3733 4986">
     <span class='ocr_line' id='line_1_119' title="bbox 2175 4915 3733 4986; baseline -0.003 -15"><span class='ocrx_word' id='word_1_907' title='bbox 2175 4920 2348 4971; x_wconf 83' lang='grc' dir='ltr'><strong>εἰπεῖν</strong></span> <span class='ocrx_word' id='word_1_908' title='bbox 2375 4916 2442 4970; x_wconf 70' lang='grc' dir='ltr'><strong>τὰ</strong></span> <span class='ocrx_word' id='word_1_909' title='bbox 2470 4915 2703 4969; x_wconf 85' lang='grc' dir='ltr'><strong>ἀκούσια</strong></span> <span class='ocrx_word' id='word_1_910' title='bbox 2732 4917 3125 4986; x_wconf 82' lang='grc' dir='ltr'><strong>ἁμαρτήματα.</strong></span> <span class='ocrx_word' id='word_1_911' title='bbox 3174 4917 3237 4967; x_wconf 83' lang='grc' dir='ltr'><strong>Εἰ</strong></span> <span class='ocrx_word' id='word_1_912' title='bbox 3292 4916 3354 4969; x_wconf 80' lang='grc' dir='ltr'><strong>δὲ</strong></span> <span class='ocrx_word' id='word_1_913' title='bbox 3397 4919 3603 4979; x_wconf 85' lang='grc' dir='ltr'><strong>ἐκεῖνος</strong></span> <span class='ocrx_word' id='word_1_914' title='bbox 3649 4916 3733 4967; x_wconf 80' lang='grc' dir='ltr'><strong>οὐκ</strong></span> 
     </span>
    </p>
   </div>
   <div class='ocr_carea' id='block_1_120' title="bbox 2178 4998 3729 5071">
    <p class='ocr_par' dir='ltr' id='par_1_120' title="bbox 2178 4998 3729 5071">
     <span class='ocr_line' id='line_1_120' title="bbox 2178 4998 3729 5071; baseline 0 -20"><span class='ocrx_word' id='word_1_915' title='bbox 2178 5000 2465 5071; x_wconf 73' lang='grc' dir='ltr'><strong>ᾐσχύνετο,</strong></span> <span class='ocrx_word' id='word_1_916' title='bbox 2493 4998 2674 5068; x_wconf 85' lang='grc' dir='ltr'><strong>πολλῷ</strong></span> <span class='ocrx_word' id='word_1_917' title='bbox 2723 4999 2925 5067; x_wconf 87' lang='grc' dir='ltr'><strong>μᾶλλον</strong></span> <span class='ocrx_word' id='word_1_918' title='bbox 2974 5000 3121 5068; x_wconf 76' lang='grc' dir='ltr'><strong>ἡμᾶς</strong></span> <span class='ocrx_word' id='word_1_919' title='bbox 3170 4999 3341 5069; x_wconf 83' lang='grc' dir='ltr'><strong>ἐχρῆν</strong></span> <span class='ocrx_word' id='word_1_920' title='bbox 3370 4998 3533 5052; x_wconf 89' lang='grc' dir='ltr'><strong>τοῦτο</strong></span> <span class='ocrx_word' id='word_1_921' title='bbox 3558 5001 3729 5051; x_wconf 85' lang='grc' dir='ltr'><strong>ποιεῖν.</strong></span> 
     </span>
    </p>
   </div>
   <div class='ocr_carea' id='block_1_121' title="bbox 2175 5081 3736 5151">
    <p class='ocr_par' dir='ltr' id='par_1_121' title="bbox 2175 5081 3736 5151">
     <span class='ocr_line' id='line_1_121' title="bbox 2175 5081 3736 5151; baseline -0.002 -14"><span class='ocrx_word' id='word_1_922' title='bbox 2175 5083 2321 5150; x_wconf 75' lang='grc' dir='ltr'><strong>Λέγε</strong></span> <span class='ocrx_word' id='word_1_923' title='bbox 2350 5082 2458 5151; x_wconf 83' lang='grc' dir='ltr'><strong>γάρ</strong></span> <span class='ocrx_word' id='word_1_924' title='bbox 2488 5081 2591 5143; x_wconf 83' lang='grc' dir='ltr'><strong>σὺ,</strong></span> <span class='ocrx_word' id='word_1_925' title='bbox 2621 5082 2775 5150; x_wconf 78' lang='grc' dir='ltr'><strong>φησὶ,</strong></span> <span class='ocrx_word' id='word_1_926' title='bbox 2809 5081 2914 5146; x_wconf 82' lang='grc' dir='ltr'><strong>τὰς</strong></span> <span class='ocrx_word' id='word_1_927' title='bbox 2940 5081 3190 5149; x_wconf 83' lang='grc' dir='ltr'><strong>ἀνομίας</strong></span> <span class='ocrx_word' id='word_1_928' title='bbox 3219 5096 3340 5134; x_wconf 83' lang='grc' dir='ltr'><strong>σου</strong></span> <span class='ocrx_word' id='word_1_929' title='bbox 3368 5081 3621 5150; x_wconf 81' lang='grc' dir='ltr'><strong>πρῶτος,</strong></span> <span class='ocrx_word' id='word_1_930' title='bbox 3648 5083 3736 5134; x_wconf 79' lang='lat' dir='ltr'><strong>Ira</strong></span> 
     </span>
    </p>
   </div>
   <div class='ocr_carea' id='block_1_122' title="bbox 2172 5163 3733 5235">
    <p class='ocr_par' dir='ltr' id='par_1_122' title="bbox 2172 5163 3733 5235">
     <span class='ocr_line' id='line_1_122' title="bbox 2172 5163 3733 5235; baseline -0.002 -17"><span class='ocrx_word' id='word_1_931' title='bbox 2172 5163 2509 5232; x_wconf 77' lang='grc' dir='ltr'><strong>δικαιωθῇς.</strong></span> <span class='ocrx_word' id='word_1_932' title='bbox 2548 5164 2723 5233; x_wconf 77' lang='grc' dir='ltr'><strong>Πολλὴ</strong></span> <span class='ocrx_word' id='word_1_933' title='bbox 2768 5164 2991 5231; x_wconf 87' lang='grc' dir='ltr'><strong>γέγονεν</strong></span> <span class='ocrx_word' id='word_1_934' title='bbox 3021 5164 3054 5232; x_wconf 90' lang='grc' dir='ltr'><strong>ή</strong></span> <span class='ocrx_word' id='word_1_935' title='bbox 3092 5164 3398 5235; x_wconf 81' lang='grc' dir='ltr'><strong>σφοδρότης</strong></span> <span class='ocrx_word' id='word_1_936' title='bbox 3442 5166 3630 5218; x_wconf 87' lang='grc' dir='ltr'><strong>τούτου</strong></span> <span class='ocrx_word' id='word_1_937' title='bbox 3652 5163 3733 5216; x_wconf 85' lang='grc' dir='ltr'><strong>τοῦ</strong></span> 
     </span>
    </p>
   </div>
   <div class='ocr_carea' id='block_1_123' title="bbox 2174 5248 3733 5318">
    <p class='ocr_par' dir='ltr' id='par_1_123' title="bbox 2174 5248 3733 5318">
     <span class='ocr_line' id='line_1_123' title="bbox 2174 5248 3733 5318; baseline 0.001 -17"><span class='ocrx_word' id='word_1_938' title='bbox 2174 5248 2367 5314; x_wconf 85' lang='grc' dir='ltr'><strong>κακοῦ,</strong></span> <span class='ocrx_word' id='word_1_939' title='bbox 2398 5249 2575 5301; x_wconf 88' lang='grc' dir='ltr'><strong>πάντα</strong></span> <span class='ocrx_word' id='word_1_940' title='bbox 2614 5248 3023 5317; x_wconf 86' lang='grc' dir='ltr'><strong>ἀνατέτραπται</strong></span> <span class='ocrx_word' id='word_1_941' title='bbox 3069 5248 3165 5300; x_wconf 78' lang='grc' dir='ltr'><strong>καὶ</strong></span> <span class='ocrx_word' id='word_1_942' title='bbox 3213 5248 3539 5315; x_wconf 77' lang='grc' dir='ltr'><strong>ἠφάνισται.</strong></span> <span class='ocrx_word' id='word_1_943' title='bbox 3574 5249 3733 5318; x_wconf 81' lang='grc' dir='ltr'><strong>Τιμῆς</strong></span> 
     </span>
    </p>
   </div>
   <div class='ocr_carea' id='block_1_124' title="bbox 2172 5330 3734 5399">
    <p class='ocr_par' dir='ltr' id='par_1_124' title="bbox 2172 5330 3734 5399">
     <span class='ocr_line' id='line_1_124' title="bbox 2172 5330 3734 5399; baseline 0.001 -14"><span class='ocrx_word' id='word_1_944' title='bbox 2172 5333 2349 5385; x_wconf 74' lang='grc' dir='ltr'><strong>δοῦλοι</strong></span> <span class='ocrx_word' id='word_1_945' title='bbox 2403 5332 2728 5399; x_wconf 85' lang='grc' dir='ltr'><strong>γεγόναμεν,</strong></span> <span class='ocrx_word' id='word_1_946' title='bbox 2791 5330 3023 5399; x_wconf 84' lang='grc' dir='ltr'><strong>ἀφέντες</strong></span> <span class='ocrx_word' id='word_1_947' title='bbox 3066 5330 3158 5383; x_wconf 85' lang='grc' dir='ltr'><strong>τὸν</strong></span> <span class='ocrx_word' id='word_1_948' title='bbox 3210 5330 3385 5385; x_wconf 70' lang='grc' dir='ltr'><strong>Θεόνσ</strong></span> <span class='ocrx_word' id='word_1_949' title='bbox 3420 5333 3607 5386; x_wconf 77' lang='grc' dir='ltr'><strong>οὐκέτι</strong></span> <span class='ocrx_word' id='word_1_950' title='bbox 3637 5335 3734 5393; x_wconf 65' lang='lat' dir='ltr'><strong>toi;</strong></span> 
     </span>
    </p>
   </div>
   <div class='ocr_carea' id='block_1_125' title="bbox 2171 5411 3736 5486">
    <p class='ocr_par' dir='ltr' id='par_1_125' title="bbox 2171 5411 3736 5486">
     <span class='ocr_line' id='line_1_125' title="bbox 2171 5411 3736 5486; baseline 0 -17"><span class='ocrx_word' id='word_1_951' title='bbox 2171 5416 2492 5485; x_wconf 79' lang='grc' dir='ltr'><strong>ἀρχομένοις</strong></span> <span class='ocrx_word' id='word_1_952' title='bbox 2525 5411 2822 5482; x_wconf 78' lang='grc' dir='ltr'><strong>ἐπιπλῆξαι</strong></span> <span class='ocrx_word' id='word_1_953' title='bbox 2845 5412 3141 5482; x_wconf 87' lang='grc' dir='ltr'><strong>δυνάμεθα,</strong></span> <span class='ocrx_word' id='word_1_954' title='bbox 3173 5414 3253 5484; x_wconf 81' lang='grc' dir='ltr'><strong>τῷ</strong></span> <span class='ocrx_word' id='word_1_955' title='bbox 3291 5416 3449 5486; x_wconf 83' lang='grc' dir='ltr'><strong>αύτῷ</strong></span> <span class='ocrx_word' id='word_1_956' title='bbox 3480 5418 3571 5470; x_wconf 82' lang='grc' dir='ltr'><strong>καὶ</strong></span> <span class='ocrx_word' id='word_1_957' title='bbox 3598 5417 3736 5469; x_wconf 68' lang='grc' dir='ltr'><strong>αὐτοὶ</strong></span> 
     </span>
    </p>
   </div>
   <div class='ocr_carea' id='block_1_126' title="bbox 2172 5496 3734 5573">
    <p class='ocr_par' dir='ltr' id='par_1_126' title="bbox 2172 5496 3734 5573">
     <span class='ocr_line' id='line_1_126' title="bbox 2172 5496 3734 5573; baseline 0 -21"><span class='ocrx_word' id='word_1_958' title='bbox 2172 5499 2525 5570; x_wconf 80' lang='grc' dir='ltr'><strong>κατεχόμενοι</strong></span> <span class='ocrx_word' id='word_1_959' title='bbox 2550 5496 2767 5566; x_wconf 83' lang='grc' dir='ltr'><strong>πυρετῷ</strong></span> <span class='ocrx_word' id='word_1_960' title='bbox 2788 5514 2799 5523; x_wconf 92' lang='grc'><strong>·</strong></span> <span class='ocrx_word' id='word_1_961' title='bbox 2829 5498 2919 5549; x_wconf 76' lang='grc' dir='ltr'><strong>καὶ</strong></span> <span class='ocrx_word' id='word_1_962' title='bbox 2951 5497 3105 5550; x_wconf 77' lang='grc' dir='ltr'><strong>αὐτοὶ</strong></span> <span class='ocrx_word' id='word_1_963' title='bbox 3136 5497 3191 5549; x_wconf 83' lang='grc' dir='ltr'><strong>δέ</strong></span> <span class='ocrx_word' id='word_1_964' title='bbox 3216 5498 3458 5569; x_wconf 83' lang='grc' dir='ltr'><strong>δεόμεθα</strong></span> <span class='ocrx_word' id='word_1_965' title='bbox 3487 5501 3734 5573; x_wconf 85' lang='grc' dir='ltr'><strong>ἰατρείας,</strong></span> 
     </span>
    </p>
   </div>
   <div class='ocr_carea' id='block_1_127' title="bbox 2170 5580 3734 5653">
    <p class='ocr_par' dir='ltr' id='par_1_127' title="bbox 2170 5580 3734 5653">
     <span class='ocr_line' id='line_1_127' title="bbox 2170 5580 3734 5653; baseline -0.001 -16"><span class='ocrx_word' id='word_1_966' title='bbox 2170 5586 2220 5637; x_wconf 87' lang='grc' dir='ltr'><strong>οἰ</strong></span> <span class='ocrx_word' id='word_1_967' title='bbox 2251 5583 2544 5653; x_wconf 80' lang='grc' dir='ltr'><strong>ταχθέντες</strong></span> <span class='ocrx_word' id='word_1_968' title='bbox 2579 5582 2658 5639; x_wconf 81' lang='grc' dir='ltr'><strong>εἰς</strong></span> <span class='ocrx_word' id='word_1_969' title='bbox 2687 5584 2747 5633; x_wconf 85' lang='grc' dir='ltr'><strong>τὸ</strong></span> <span class='ocrx_word' id='word_1_970' title='bbox 2786 5580 3111 5649; x_wconf 86' lang='grc' dir='ltr'><strong>θεραπεύειν</strong></span> <span class='ocrx_word' id='word_1_971' title='bbox 3147 5585 3273 5646; x_wconf 81' lang='grc' dir='ltr'><strong>τοὺς</strong></span> <span class='ocrx_word' id='word_1_972' title='bbox 3291 5585 3498 5650; x_wconf 77' lang='grc' dir='ltr'><strong>ἄλλους</strong></span> <span class='ocrx_word' id='word_1_973' title='bbox 3523 5586 3625 5640; x_wconf 80' lang='grc' dir='ltr'><strong>ὑπὸ</strong></span> <span class='ocrx_word' id='word_1_974' title='bbox 3650 5583 3734 5637; x_wconf 89' lang='grc' dir='ltr'><strong>τοῦ</strong></span> 
     </span>
    </p>
   </div>
   <div class='ocr_carea' id='block_1_128' title="bbox 2170 5665 3736 5739">
    <p class='ocr_par' dir='ltr' id='par_1_128' title="bbox 2170 5665 3736 5739">
     <span class='ocr_line' id='line_1_128' title="bbox 2170 5665 3736 5739; baseline 0 -18"><span class='ocrx_word' id='word_1_975' title='bbox 2170 5667 2326 5723; x_wconf 84' lang='grc' dir='ltr'><strong>Θεοῦ.</strong></span> <span class='ocrx_word' id='word_1_976' title='bbox 2362 5667 2497 5720; x_wconf 81' lang='grc' dir='ltr'><strong>Ποία</strong></span> <span class='ocrx_word' id='word_1_977' title='bbox 2518 5665 2701 5717; x_wconf 73' lang='grc' dir='ltr'><strong>λοιπὸν</strong></span> <span class='ocrx_word' id='word_1_978' title='bbox 2733 5666 2885 5728; x_wconf 69' lang='grc' dir='ltr'><strong>ἐλπὶς</strong></span> <span class='ocrx_word' id='word_1_979' title='bbox 2920 5668 3191 5739; x_wconf 87' lang='grc' dir='ltr'><strong>σωτηρίας</strong></span> <span class='ocrx_word' id='word_1_980' title='bbox 3232 5669 3612 5735; x_wconf 83' lang='grc' dir='ltr'><strong>ὑπολείπεται,</strong></span> <span class='ocrx_word' id='word_1_981' title='bbox 3638 5668 3736 5724; x_wconf 85' lang='grc' dir='ltr'><strong>τῶν</strong></span> 
     </span>
    </p>
   </div>
   <div class='ocr_carea' id='block_1_129' title="bbox 2233 5800 3210 5862">
    <p class='ocr_par' dir='ltr' id='par_1_129' title="bbox 2233 5800 3210 5862">
     <span class='ocr_line' id='line_1_129' title="bbox 2233 5800 3210 5862; baseline -0.001 -13"><span class='ocrx_word' id='word_1_982' title='bbox 2233 5815 2255 5842; x_wconf 75' lang='lat'><strong>8</strong></span> <span class='ocrx_word' id='word_1_983' title='bbox 2285 5801 2391 5849; x_wconf 84' lang='lat' dir='ltr'><strong>Duo</strong></span> <span class='ocrx_word' id='word_1_984' title='bbox 2418 5814 2555 5862; x_wconf 83' lang='lat' dir='ltr'><strong>ms_s..</strong></span> <span class='ocrx_word' id='word_1_985' title='bbox 2580 5803 2745 5862; x_wconf 75' lang='grc' dir='ltr'><strong>ψυχῶν</strong></span> <span class='ocrx_word' id='word_1_986' title='bbox 2766 5801 3031 5861; x_wconf 81' lang='grc' dir='ltr'><strong>οἰκοδομία.</strong></span> <span class='ocrx_word' id='word_1_987' title='bbox 3062 5800 3120 5848; x_wconf 88' lang='grc' dir='ltr'>Ἥ</span> <span class='ocrx_word' id='word_1_988' title='bbox 3144 5802 3210 5849; x_wconf 83' lang='grc' dir='ltr'><strong>δέ.</strong></span> 
     </span>
    </p>
   </div>
   <div class='ocr_carea' id='block_1_130' title="bbox 2234 5860 3735 5929">
    <p class='ocr_par' dir='ltr' id='par_1_130' title="bbox 2234 5860 3735 5929">
     <span class='ocr_line' id='line_1_130' title="bbox 2234 5860 3735 5929; baseline 0.004 -24"><span class='ocrx_word' id='word_1_989' title='bbox 2234 5865 2260 5905; x_wconf 80' lang='lat' dir='ltr'><strong>b</strong></span> <span class='ocrx_word' id='word_1_990' title='bbox 2284 5862 2405 5929; x_wconf 23' lang='lat' dir='ltr'><strong>Mss:</strong></span> <span class='ocrx_word' id='word_1_991' title='bbox 2420 5860 2891 5929; x_wconf 44' lang='lat' dir='ltr'><strong>quidaxinz&#39;éxouaim;</strong></span> <span class='ocrx_word' id='word_1_992' title='bbox 2911 5860 3173 5929; x_wconf 72' lang='lat' dir='ltr'><strong>ha_beban_t.</strong></span> <span class='ocrx_word' id='word_1_993' title='bbox 3208 5870 3257 5911; x_wconf 79' lang='lat' dir='ltr'><strong>el</strong></span> <span class='ocrx_word' id='word_1_994' title='bbox 3278 5861 3353 5914; x_wconf 82' lang='lat' dir='ltr'><strong>sic</strong></span> <span class='ocrx_word' id='word_1_995' title='bbox 3377 5864 3573 5929; x_wconf 72' lang='lat' dir='ltr'><strong>legerat</strong></span> <span class='ocrx_word' id='word_1_996' title='bbox 3594 5862 3735 5915; x_wconf 76' lang='lat' dir='ltr'><strong>inte:-</strong></span> 
     </span>
    </p>
   </div>
   <div class='ocr_carea' id='block_1_131' title="bbox 2172 5922 3184 5991">
    <p class='ocr_par' dir='ltr' id='par_1_131' title="bbox 2172 5922 3184 5991">
     <span class='ocr_line' id='line_1_131' title="bbox 2172 5922 3184 5991; baseline -0.002 -16"><span class='ocrx_word' id='word_1_997' title='bbox 2172 5939 2286 5991; x_wconf 80' lang='lat' dir='ltr'><strong>prcs</strong></span> <span class='ocrx_word' id='word_1_998' title='bbox 2305 5922 2521 5985; x_wconf 64' lang='lat' dir='ltr'><strong>Latinius,</strong></span> <span class='ocrx_word' id='word_1_999' title='bbox 2549 5923 2633 5987; x_wconf 62' lang='lat' dir='ltr'><strong>r{ui</strong></span> <span class='ocrx_word' id='word_1_1000' title='bbox 2664 5930 2875 5973; x_wconf 52' lang='lat' dir='ltr'><strong>verterat</strong></span> <span class='ocrx_word' id='word_1_1001' title='bbox 2902 5922 3184 5981; x_wconf 68' lang='lat' dir='ltr'><strong>rolunturie.</strong></span> 
     </span>
    </p>
   </div>
  </div>
