3960 6512
214 467 283 522 77
1153 457 1218 513 IN
1259 458 1468 516 EPIST.
1511 459 1599 514 AD
1635 459 1766 515 El‘ll

1872 504 1874 512 ν
1913 462 2066 519 CAP.
2108 466 2194 523 ιν.
2237 469 2460 531 llOMlL.
2508 474 2573 528 Χ.
3400 485 3463 538 78

208 582 425 637 dentem
452 580 568 645 ejus
591 575 854 631 obstruxit
881 573 1135 644 linguam.
1157 572 1225 627 Et
1246 588 1431 628 rursus
1451 573 1577 627 alibi
1599 573 1787 628 scribit

206 674 416 734 dicens,
440 667 675 724 ϐοηθεῖ-ει
702 665 841 721 Deus
866 675 1100 719 satanam
1124 664 1215 719 sub
1243 664 1454 733 pedibus
1487 664 1660 718 vestris
1688 664 1788 717 cito

208 763 385 835 (Rom.
423 762 511 818 i6.
538 760 655 830 ΞΟ).
687 758 824 817 Num
854 757 980 813 fecit
1007 757 1205 828 aliquid
1235 768 1438 817 natura:
1467 756 1745 812 diversitas
1764 755 1790 809 ?

273 856 336 909 2.
367 853 534 909 Vides
554 851 693 922 quod
714 850 847 907 nihil
864 850 987 923 facit
1010 849 1060 904 id
1078 849 1218 919 quod
1241 850 1464 905 interest
1480 849 1617 905 inter
1634 859 1789 903 natu-

203 964 316 1011 ras.
334 945 429 1001 sed
441 944 594 1000 liberi
608 942 813 998 arbitrii
831 942 1071 997 voluntas
1089 943 1112 995 Υ
1127 939 1262 997 Sunt
1282 941 1442 1012 igitur
1458 940 1627 997 libero
1638 940 1784 995 arbi-

203 1040 309 1093 trio
332 1032 1100 1108 pejores‘omnibusAdversus
1116 1033 1360 1103 angelum
1376 1041 1571 1099 autem,
1589 1030 1781 1102 inquit,

201 1145 311 1184 non
337 1129 558 1197 insurgo
587 1144 603 1180 :
629 1141 752 1183 nam
773 1125 914 1183 inter
930 1139 1016 1179 me
1036 1133 1092 1180 et
1111 1123 1262 1183 illum
1288 1124 1511 1178 multum
1536 1124 1778 1181 interest.

204 1220 368 1290 Atqui
395 1233 503 1275 non
533 1216 698 1273 debes
723 1215 891 1287 magis
916 1214 1176 1271 adversus
1201 1215 1473 1269 hominem
1504 1214 1782 1285 insurgere

202 1328 366 1383 quam
394 1310 653 1366 adversus
695 1308 964 1379 angelum.
1000 1306 1134 1367 Nam
1164 1308 1380 1379 angelus
1408 1306 1621 1377 quidem
1659 1321 1691 1361 a
1728 1316 1781 1363 te

200 1405 369 1460 distat
411 1414 620 1466 natura,
654 1398 796 1470 quod
840 1399 1053 1470 quidem
1085 1414 1256 1470 neque
1293 1398 1410 1454 laus
1438 1397 1578 1453 illius
1621 1397 1782 1454 fuerit

201 1511 304 1555 nec
330 1495 517 1561 vitium
550 1510 563 1547 :
593 1493 753 1547 homo
778 1502 955 1546 autem
984 1491 1146 1545 distat
1176 1491 1244 1546 ab
1278 1490 1516 1555 homine,
1549 1505 1658 1544 non
1677 1489 1779 1544 uti—

202 1603 309 1659 que
339 1598 544 1650 natura,
576 1585 671 1641 sed
694 1584 863 1641 libero
889 1584 1110 1639 arbitrio
1134 1593 1188 1639 et
1220 1584 1381 1638 animi
1410 1584 1652 1639 instituto
1682 1600 1695 1638 :
1724 1592 1780 1639 et

201 1687 289 1732 est
317 1678 475 1732 etiam
513 1676 566 1730 in
608 1675 912 1730 hominibus
942 1674 1185 1745 angelus.
1229 1676 1404 1743 Quare
1442 1675 1487 1730 si
1521 1675 1777 1731 adversus

202 1770 431 1840 angelos
450 1783 549 1823 non
572 1768 822 1836 insurgis,
851 1766 1015 1820 multo
1036 1768 1211 1826 minus
1234 1766 1489 1821 adversus
1509 1766 1773 1834 homines,

202 1864 300 1932 qui
331 1862 384 1917 in
428 1860 523 1915 hac
551 1869 740 1915 natura
778 1859 898 1913 facti
936 1868 1059 1914 sunt
1104 1859 1297 1930 angeli.
1338 1858 1470 1913 Nam
1506 1860 1570 1924 si,
1603 1858 1692 1929 qui
1722 1858 1776 1913 in

197 1954 510 2009 hominibus
548 1962 632 2007 est
652 1951 850 2006 virtute
879 1950 1152 2020 praeditus.
1185 1950 1345 2005 fuerit
1372 1960 1431 2005 ut
1458 1950 1695 2018 angelus,
1729 1949 1776 2004 is

195 2056 281 2100 est
314 2054 366 2100 te
395 2044 561 2098 multo
585 2042 754 2111 major
777 2056 933 2112 quam
959 2040 1069 2101 ille.
1097 2039 1488 2109 Quamobrem?
1513 2039 1773 2108 Quoniam

197 2136 342 2205 quod
381 2136 471 2190 ille
512 2134 695 2189 habuit
728 2148 759 2188 a
807 2143 1013 2198 natura,
1047 2132 1149 2187 hoc
1184 2132 1299 2202 ipse
1336 2140 1481 2187 recte
1515 2130 1679 2202 gessit
1706 2146 1770 2186 ex

196 2229 372 2284 libero
413 2227 635 2282 arbitrio
677 2236 731 2282 et
768 2226 930 2280 animi
969 2225 1251 2280 instituto:
1283 2233 1337 2281 et
1374 2224 1516 2295 quod
1554 2224 1774 2295 angelus

193 2321 316 2375 loco
343 2320 557 2390 quidem
578 2320 697 2375 sita
720 2329 770 2374 te
793 2319 1107 2389 disjunctus,
1132 2328 1186 2374 et
1209 2319 1396 2374 caelum
1422 2318 1655 2383 habitet;
1685 2317 1773 2373 hic

191 2424 375 2468 autem
403 2422 579 2469 tecum
603 2420 861 2478 versatur,
890 2420 945 2467 et
969 2410 1061 2465 dat
1099 2410 1194 2465 tibi
1237 2412 1570 2465 occasionem
1603 2421 1772 2463 aemu-‘

190 2503 432 2559 lationis.
465 2502 622 2573 Atqui
661 2501 748 2557 hic
791 2503 950 2557 etiam
980 2510 1063 2557 est
1091 2500 1259 2571 magis
1286 2501 1583 2571 disjunctus
1611 2516 1769 2572 quam

188 2597 306 2651 ille.
339 2595 531 2651 Nostra
556 2595 719 2659 enim.
752 2594 941 2663 inquit,
970 2594 1280 2648 conversatio
1295 2603 1367 2647 est
1386 2594 1443 2647 in
1462 2593 1599 2647 catis
1624 2592 1773 2661 (Phi-

191 2691 325 2758 lipp.
374 2687 428 2743 5.
472 2685 586 2759 20).
627 2685 776 2754 Quod
813 2694 989 2741 autem
1020 2685 1105 2740 hic
1133 2686 1203 2741 sit
1242 2684 1410 2755 magis
1451 2685 1766 2754 disjunctus,

189 2780 316 2833 audi
348 2777 556 2833 ubinam
595 2778 777 2833 sedeat
805 2777 922 2847 ejus
947 2786 1126 2845 caput,
1159 2792 1349 2846 nempe
1375 2776 1428 2831 in
1460 2777 1652 2832 throno
1678 2793 1768 2832 re-

189 2871 298 2940 gali
332 2890 347 2924 :
377 2884 483 2939 quo
514 2877 597 2925 est
625 2879 799 2922 autem
830 2884 859 2921 a
888 2868 1044 2923 nobis
1069 2868 1293 2923 thronus
1321 2867 1597 2933 remotior,
1623 2876 1769 2922 tanto

188 2972 272 3017 est
306 2960 393 3015 hic
414 2975 641 3031 quoque.
670 2959 776 3016 Sed
804 2958 980 3021 video,
1004 2958 1195 3029 inquit,
1219 2974 1342 3014 eum
1368 2958 1571 3013 honore
1598 2958 1769 3013 fruen-

189 3062 326 3118 tem,
367 3062 419 3106 et
461 3066 679 3105 moveor
730 3049 1087 3104 aemulatione.
1129 3049 1240 3105 lloc
1286 3058 1368 3104 est
1409 3049 1550 3119 quod
1588 3048 1767 3105 omnia

187 3158 404 3198 rursum
432 3150 484 3196 et
503 3141 747 3196 deorsum
773 3140 956 3211 agitat,
978 3150 1162 3196 etnon
1187 3141 1355 3195 solum
1383 3141 1563 3197 orbem
1587 3150 1766 3209 terrae,

185 3234 283 3289 sed
316 3236 477 3289 etiam
510 3232 802 3287 Ecclesiam
834 3232 1307 3291 innumerabilibus
1345 3232 1529 3302 implet
1567 3232 1766 3287 tumul-

188 3330 338 3383 tibus
369 3346 383 3381 :
417 3336 471 3382 et
506 3327 646 3388 sicut
688 3327 778 3397 qui
828 3326 880 3380 in
929 3325 1269 3395 tranquiilum
1303 3334 1512 3394 portum
1550 3325 1676 3380 εωνί
1712 3335 1768 3382 et

183 3420 540 3475 vehementes
568 3419 711 3473 venti
744 3433 807 3472 ex
838 3416 1063 3472 adverso
1093 3416 1364 3482 irruerint,
1391 3431 1511 3471 eum
1539 3416 1767 3473 reddunt

187 3511 629 3581 periculosiorem
673 3525 834 3579 quam
875 3509 1075 3579 quaevis
1120 3524 1277 3578 rupes
1315 3516 1370 3564 et
1402 3509 1624 3579 quodvis
1658 3511 1768 3566 fre.

186 3611 302 3659 tum
333 3618 348 3655 :
380 3604 449 3655 ita
482 3600 527 3654 si
575 3600 829 3654 imaserit
860 3614 1013 3656 amor
1049 3598 1250 3670 gloriae.
1281 3600 1457 3657 omnia
1494 3602 1686 3656 evertit
1713 3611 1768 3658 et

184 3693 486 3747 confundit.
550 3690 867 3749 lnterfuistis
917 3705 1063 3759 saepe
1118 3705 1431 3760 magnorum
1483 3691 1763 3747 domorum

183 3783 630 3854 conﬂagrationi;
673 3783 878 3838 vidistis
908 3780 1177 3852 quomodo.
1212 3783 1264 3836 in
1299 3782 1486 3837 caelum
1514 3783 1767 3839 ascendat

184 3881 385 3944 fumus,
436 3888 492 3933 et
533 3878 744 3933 nemine
781 3876 1068 3933 accedente
1096 3876 1164 3935 ad
1192 3877 1388 3931 malum
1426 3879 1768 3949 exstinguen-

184 3971 335 4034 dum.
364 3970 462 4026 sed
494 3984 811 4039 unoquoque
836 3968 976 4038 quod
1000 3984 1153 4022 suum
1183 3978 1264 4024 est
1291 3964 1587 4039 spectante,
1629 3969 1767 4041 ignis

186 4066 369 4134 quiete
395 4064 579 4117 omnia
605 4061 910 4132 depascitur
942 4079 957 4115 :
985 4070 1040 4117 et
1066 4076 1209 4132 saepe
1243 4063 1454 4132 quidem
1493 4063 1546 4118 in
1581 4064 1765 4120 orbem

184 4152 537 4215 circumsistit
566 4166 673 4211 tota
714 4156 920 4220 civitas,
968 4156 1368 4211 circumsistunt
1409 4157 1563 4211 multi
1593 4158 1765 4213 malo-

184 4265 307 4303 rum
333 4256 682 4319 spectatores,
717 4263 821 4301 ttnn
850 4245 915 4300 ad
943 4262 1099 4317 opem
1127 4246 1396 4303 ferendam
1423 4248 1554 4303 socii
1587 4258 1642 4305 et
1665 4249 1763 4305 ad-

179 4339 394 4409 jutores
423 4356 437 4391 :
463 4347 518 4394 et
560 4338 683 4392 licet
727 4336 910 4393 videre
955 4351 1142 4392 omnes
1188 4337 1596 4394 circumstantes
1632 4340 1763 4395 nihil

188 4433 395 4499 facere,
423 4430 513 4485 sed
534 4445 962 4499 unumquemque
985 4445 1169 4485 eorum
1203 4446 1416 4487 manum
1451 4432 1760 4497 extendere,

187 4532 250 4577 et
280 4522 329 4577 ei
368 4520 456 4593 qui
490 4536 674 4577 recens
702 4521 768 4576 ad
797 4520 973 4575 locum
1002 4521 1210 4576 venerit
1246 4522 1528 4578 ostendere
1556 4534 1644 4578 aut
1667 4539 1763 4593 per

184 4613 478 4668 fenestram
504 4611 716 4666 assidue
745 4611 1074 4665 exsilientem
1104 4610 1423 4682 lampadem,
1454 4621 1548 4667 aut
1584 4614 1760 4669 trabes

178 4722 304 4777 quae
328 4704 667 4774 dejicjuntur.
699 4713 791 4759 aut
820 4703 1084 4771 integrum
1118 4718 1303 4758 eorum
1335 4720 1453 4774 quae
1481 4704 1624 4761 aedes
1651 4704 1757 4762 ful-

174 4802 331 4856 ciunt
358 4810 413 4855 et
455 4808 757 4857 sustentant
796 4798 1055 4853 ambitum
1097 4798 1362 4865 avulsum,
1395 4799 1531 4854 etin
1562 4808 1756 4855 terram

172 4902 445 4949 ruentem.
498 4891 636 4947 Sunt
680 4899 858 4945 autem
907 4890 1067 4947 etiam
1121 4889 1273 4944 multi
1323 4889 1552 4946 audaces
1593 4899 1647 4947 et
1688 4892 1755 4947 ad

167 4986 424 5043 adeunda
455 4985 684 5055 pericula
710 4982 1033 5053 praecipites,
1056 4981 1144 5052 qui
1165 4981 1362 5037 audent
1379 4998 1544 5053 prope
1566 4983 1757 5040 arden-

169 5082 240 5136 tia
268 5080 501 5136 aediﬁcia
529 5077 806 5144 accedere,
838 5091 942 5131 non
971 5085 1030 5131 ut
1055 5076 1134 5131 eis
1164 5090 1377 5147 manum
1406 5077 1677 5147 porrigant
1700 5086 1756 5133 et

164 5176 377 5230 malum
415 5173 778 5242 exstinguant,
820 5169 914 5225 sed
954 5179 1010 5225 ut
1050 5169 1121 5223 sit
1156 5168 1445 5238 jucundius
1472 5180 1750 5240 spectacu-

160 5270 302 5333 lum,
335 5282 405 5322 ex
433 5282 498 5321 eo
522 5264 659 5335 quod
687 5264 787 5333 ipsi
809 5262 1014 5333 possint
1042 5262 1217 5315 omnia
1241 5276 1405 5330 prope
1431 5263 1747 5331 conspicari,

158 5378 283 5432 quae
310 5374 463 5428 saepe
506 5359 672 5414 latent
708 5372 803 5412 eos
844 5356 935 5426 qui
973 5362 1098 5410 sunt
1136 5354 1286 5409 foris.
1317 5353 1469 5419 Quod
1504 5356 1547 5410 si
1588 5356 1748 5410 etiam

157 5453 329 5509 fuerit
360 5449 634 5521 splendida
662 5459 717 5504 et
745 5462 933 5519 magna
971 5446 1180 5513 domus,
1208 5444 1566 5500 miserandum
1596 5445 1747 5500 vide-

154 5554 243 5599 tur
267 5557 402 5600 esse
425 5540 788 5611 spectaculum
812 5548 871 5596 et
897 5538 1109 5609 dignum
1147 5537 1328 5592 multis
1365 5535 1635 5609 lacrymis.
1680 5539 1747 5593 Et

154 5652 214 5691 re
237 5648 379 5691 vera
407 5633 531 5689 licet
552 5631 733 5687 videre
751 5629 1112 5700 spectaculum
1135 5628 1518 5696 miserandum,
1543 5630 1745 5685 colum-

154 5741 359 5782 uarum
384 5723 560 5793 capita
587 5723 640 5777 in
667 5722 939 5791 pulverem
962 5720 1196 5787 redacta,
1228 5720 1423 5775 multas
1442 5735 1654 5792 quoque
1676 5738 1741 5777 ex

154 5819 234 5873 eis
262 5814 588 5886 perfractas,
617 5813 747 5867 alias
772 5812 1005 5883 quidem,
1048 5812 1168 5882 igne
1205 5810 1258 5865 id
1298 5810 1578 5877 efficiente,
1609 5813 1741 5868 alias

153 5926 285 5967 vero
316 5924 465 5979 saepe
490 5905 818 5963 tradentibus
845 5905 1087 5962 manibus
1116 5919 1301 5961 eorum
1330 5905 1419 5976 qui
1447 5906 1586 5977 ipsas
1612 5908 1735 5964 αξᾱὶ-

1895 576 2142 649 ficarunt,
2185 599 2251 638 ne
2290 585 2393 655 igni
2426 587 2724 656 pra-herent
2754 588 2873 657 plus
2900 589 3157 646 alimenti.
3196 593 3341 650 Licet
3367 612 3464 652 au-

1894 677 1999 723 tem
2028 671 2184 727 etiam
2213 675 2395 730 videre
2419 678 2672 749 imagines
2698 696 2816 750 quae
2844 689 3100 737 steterant
3128 700 3246 740 cum
3270 703 3463 759 magno

1890 772 2205 819 ornamento
2249 767 2375 821 tecti
2421 768 2674 838 impositi,
2712 770 2949 828 detectas
2994 783 3133 830 tecto
3170 777 3363 844 ablato,
3408 790 3463 835 et

1890 859 2094 909 stantes
2122 855 2222 911 sub
2250 857 2340 911 dio
2367 873 2487 914 cum
2514 876 2703 931 magna
2731 862 3085 923 deformitate.
3118 867 3248 936 Quis
3273 885 3462 925 recen-

1887 944 2054 998 suerit
2079 944 2290 1003 divitias
2317 965 2435 1019 quae
2470 961 2623 1006 erant
2652 953 2792 1013 intus
2831 958 3076 1025 repositte
3112 975 3127 1015 :
3164 970 3336 1015 vestes
3361 977 3461 1015 au-

1886 1038 2036 1102 reas,
2092 1053 2217 1093 vasa
2264 1045 2557 1113 argentea?
2603 1046 2669 1101 Et
2714 1063 2821 1118 quo
2868 1065 3005 1103 unus
3062 1051 3460 1123 ingrediebatur

1884 1126 2132 1184 dominus
2170 1146 2290 1186 cum
2326 1149 2419 1189 sua
2461 1136 2705 1209 conjuge,
2737 1138 2827 1193 ubi
2876 1140 3160 1197 multarum
3206 1145 3456 1211 vestium,

1883 1231 2179 1277 aromatum
2220 1232 2274 1278 οι
2310 1226 2662 1295 pretiosarum
2688 1244 3017 1299 gemmarum
3052 1247 3305 1290 arcanum
3342 1247 3457 1292 erat

1884 1310 2259 1380 repositorium
2290 1333 2304 1369 :
2334 1317 2514 1373 omnia
2544 1334 2651 1372 uno
2688 1335 2818 1390 rogo
2857 1336 3083 1379 accenso
3121 1325 3370 1383 viderunt
3406 1337 3457 1384 et

1882 1400 2220 1459 balneatores
2249 1415 2302 1461 et
2329 1410 2631 1464 stercorarii
2664 1419 2715 1465 et
2744 1410 2967 1483 fugitivi.
3013 1422 3069 1469 et
3107 1430 3293 1471 omnes
3332 1418 3456 1473 reli-

1883 1492 2008 1561 qui;
2034 1503 2087 1549 et
2106 1510 2224 1565 qua:
2250 1506 2402 1553 erant
2426 1499 2588 1565 intus,
2618 1512 2767 1556 erant
2796 1504 2974 1558 omnia
2999 1520 3133 1576 aqua
3160 1517 3215 1562 et
3243 1508 3378 1577 ignis
3403 1520 3457 1564 et

1884 1586 2053 1642 lutum
2097 1599 2152 1645 et
2198 1590 2372 1659 pulvis
2418 1604 2473 1648 et
2519 1593 2658 1662 ligna
2701 1596 3085 1651 semiustulata.
3131 1599 3236 1653 Cur
3278 1610 3454 1654 autem

1884 1678 2349 1753 hanc.imaginem
2389 1685 2605 1742 extendi
2647 1685 2858 1749 fusius?
2902 1687 3018 1743 Non
3057 1690 3244 1746 volens
3284 1691 3456 1745 solum

1882 1770 2077 1826 domus
2093 1771 2397 1833 describere
2422 1776 2722 1832 incendium
2748 1795 2762 1841 ;
2787 1779 2911 1848 quid
2933 1780 3075 1835 enim
3102 1780 3303 1836 esthoc
3324 1782 3458 1839 mihi

1880 1876 2023 1917 curre
2045 1862 2069 1916 ?
2094 1863 2193 1919 sed
2214 1865 2399 1924 volens
2424 1867 2594 1921 oculis
2614 1870 2804 1925 vestris
2832 1870 3115 1941 subjicere,
3138 1872 3309 1942 quoad
3339 1873 3454 1941 ejus

1881 1953 1999 2008 fieri
2029 1963 2225 2024 potest,
2263 1957 2399 2011 mala
2440 1956 2711 2017 Ecclesiur.
2742 1959 2822 2015 lie
2851 1976 2974 2015 vera
3005 1960 3147 2016 enim
3183 1971 3452 2032 tamquam

1880 2043 2186 2100 incendium
2213 2057 2303 2101 aut
2335 2047 2536 2103 fulmen
2564 2048 2777 2120 aliquod
2817 2051 2885 2105 ab
2910 2053 3019 2107 aito
3050 2053 3267 2120 cadens,
3301 2055 3454 2112 irruit

1879 2138 1931 2192 in
1963 2137 2137 2208 ipsum
2165 2147 2360 2194 tectum
2403 2141 2670 2207 Eceleske,
2706 2154 2759 2197 et
2786 2144 3050 2199 neminem
3090 2145 3317 2211 excitat;
3356 2147 3459 2205 sed

1875 2228 2037 2285 domo
2061 2240 2285 2299 paterna
2304 2231 2547 2295 ardente.
2569 2233 2884 2302 profundum
2903 2235 3183 2305 quemdam
3206 2252 3451 2292 somnum

1876 2328 1931 2376 et
1958 2320 2089 2375 nihil
2117 2323 2433 2377 sentientem
2459 2322 2775 2381 dormimus.
2804 2325 2971 2399 Quem
3000 2327 3144 2381 enim
3185 2344 3288 2381 non
3324 2329 3448 2383 teti-

1870 2413 1950 2483 git
1979 2412 2064 2468 hic
2090 2414 2261 2483 ignis?
2287 2430 2418 2485 quas
2448 2430 2552 2469 non
2584 2416 2843 2488 imagines
2871 2435 2990 2489 qua:
3017 2429 3159 2475 stant
3187 2421 3241 2475 in
3271 2422 3447 2483 Ecclea

1874 2508 1950 2559 sia
1973 2506 2000 2558 ’ἐι
2023 2506 2260 2561 Ecclesia
2285 2508 2424 2561 enim
2453 2508 2585 2563 nihil
2612 2519 2694 2564 est
2720 2510 2861 2569 aliud
2884 2527 3042 2582 quam
3068 2513 3258 2568 domus
3284 2514 3447 2570 aediﬁ-

1874 2609 1992 2653 cata
2032 2614 2128 2668 per
2156 2610 2364 2656 nostras
2393 2602 2617 2656 animas.
2646 2603 2769 2657 Haec
2798 2616 2973 2662 autem
3006 2606 3195 2661 donms
3232 2623 3335 2662 non
3365 2619 3445 2664 est

1874 2698 1984 2743 tota
2009 2703 2105 2758 par
2132 2688 2355 2755 honore,
2380 2692 2474 2747 sed
2501 2708 2563 2746 ex
2591 2692 2849 2762 lapidibus
2874 2694 3105 2765 quidem,
3131 2698 3220 2767 qui
3241 2699 3307 2753 ad
3330 2699 3446 2769 ejus

1872 2781 2286 2836 exstructionem
2312 2784 2609 2848 conferunt,
2640 2785 2728 2838 alii
2758 2796 2879 2843 sunt
2907 2787 3169 2857 Splendidi
3193 2799 3247 2843 et
3269 2790 3442 2854 nitidi,

1870 2873 1960 2929 alii
1982 2888 2110 2928 vero
2134 2874 2238 2929 illis
2266 2875 2541 2930 inferiores
2563 2887 2617 2931 et
2636 2878 2996 2947 obscuriores,
3018 2880 3110 2935 sed
3141 2882 3308 2936 multo
3335 2898 3449 2935 ηιμ.

1871 2962 2034 3018 liores
2062 2964 2201 3019 aliis.
2232 2963 2328 3019 Est
2358 2974 2629 3045 autemex
2664 2967 2765 3021 illis
2794 2967 2976 3024 videre
3014 2970 3100 3025 hic
3130 2972 3324 3025 multos
3352 2972 3447 3041 qui

1868 3056 1985 3111 auri
2012 3056 2184 3111 locum
2208 3066 2407 3121 tenent,
2430 3060 2566 3122 auri,
2592 3060 2824 3130 inquam,
2852 3062 2993 3132 quod
3023 3077 3176 3118 ornat
3203 3073 3398 3121 tectum
3424 3083 3439 3119 :

1871 3156 1956 3204 est
1999 3148 2158 3203 etiam
2199 3148 2385 3205 videre
2432 3151 2589 3216 alios,
2637 3151 2728 3222 qui
2770 3165 3140 3210 ornamentum
3188 3156 3443 3212 exhibent

1868 3240 2011 3311 quod
2036 3241 2245 3297 exsistit
2272 3256 2339 3296 ex
2368 3242 2685 3311 imaginibus
2717 3259 2729 3296 :
2764 3244 2959 3298 muitos
2985 3246 3109 3301 licet
3137 3246 3319 3303 videre
3348 3248 3444 3318 qui

1868 3342 2011 3388 stant
2042 3344 2307 3403 tamquam
2328 3334 2607 3389 columnae.
2642 3335 2828 3390 Solent
2850 3338 2990 3391 enim
3012 3338 3172 3393 etiam
3196 3340 3445 3396 homines

1867 3426 2126 3497 appellari
2150 3428 2434 3492 columnaa,
2464 3443 2581 3497 qua:
2603 3445 2707 3481 non
2731 3429 2903 3483 solum
2926 3430 3141 3495 virtute,
3165 3434 3257 3488 sed
3279 3435 3439 3487 etiam

1871 3518 2263 3589 pulchritudine
2305 3520 2530 3573 multum
2578 3519 2817 3589 prmbent
2858 3523 3176 3587 ornamenti,
3227 3532 3281 3578 et
3323 3539 3439 3593 qua:

1867 3620 2051 3665 aurata
2082 3609 2278 3665 habent
2311 3609 2504 3679 capita.
2539 3610 2731 3666 Videre
2771 3611 2896 3666 licet
2942 3613 3100 3666 etiam
3139 3613 3438 3668 multitudi-

1871 3700 2013 3770 nem,
2048 3714 2314 3774 tamquam
2362 3704 2466 3757 late
2506 3711 2692 3772 patens
2726 3704 2953 3773 Spatium
3000 3712 3056 3760 et
3102 3705 3436 3760 latitudinem

1866 3795 2159 3853 ambituum
2188 3801 2534 3861 occupantem
2566 3810 2579 3846 :
2607 3793 2887 3849 multitudo
2912 3794 3055 3849 enim
3084 3803 3229 3851 tenet
3258 3797 3435 3853 locum

1870 3885 2101 3956 lapidum
2122 3884 2209 3954 qui
2229 3883 2497 3938 aedificant
2518 3883 2772 3952 parietes.

1938 3979 1991 4032 ὅ.
2043 3976 2224 4029 Inanis
2273 3974 2434 4045 gloria
2480 3984 2742 4045 tyrannus.
2778 4003 2848 4013 —-
2890 3975 2972 4029 Ad
3017 3976 3433 4046 splendidiorem

1868 4068 2151 4140 imaginem
2172 4066 2281 4136 jam
2312 4065 2631 4121 veniendum
2658 4074 2760 4121 est.
2788 4064 2913 4121 liazc
2938 4065 3179 4123 Ecclesia
3206 4079 3287 4123 est
3308 4069 3436 4124 ειεόί-

1868 4160 2021 4215 ticata
2048 4174 2153 4213 non
2178 4172 2246 4212 ex
2271 4157 2357 4213 his
2380 4156 2663 4226 lapidibus,
2692 4156 2786 4211 sed
2811 4172 2875 4212 ex
2899 4172 3032 4212 auro
3058 4167 3113 4212 et
3139 4168 3357 4228 argento
3378 4168 3434 4215 et

1867 4249 2128 4319 lapidibus
2172 4248 2440 4317 pretiosis,
2480 4257 2534 4302 et
2562 4248 2782 4302 multum
2830 4247 2950 4302 auri
2990 4261 3071 4303 est
3110 4249 3306 4319 ubique
3352 4250 3435 4305 di-

1866 4355 2127 4412 spersum.
2159 4338 2264 4394 Sed
2311 4338 2442 4409 prob
2473 4338 2662 4393 dolor!
2696 4338 2808 4392 inec
2836 4337 2978 4393 enim
3020 4339 3197 4393 omnia
3226 4341 3436 4394 exussit

1868 4433 2105 4506 tyrannis
2130 4432 2300 4487 inanis
2328 4431 2534 4500 gloriae,
2560 4431 2737 4485 omnia
2767 4430 3001 4485 exedens
3038 4432 3152 4486 lucc
3182 4432 3391 4486 flamma
3413 4474 3430 4499 ,

1864 4534 1921 4581 et
1968 4539 2124 4578 nemo
2166 4538 2283 4577 eam
2329 4537 2443 4576 rem
2482 4522 2783 4592 superavit;
2825 4520 2921 4577 sed
2968 4531 3169 4578 stamus
3212 4524 3429 4594 quidem

1864 4608 2142 4669 ﬂammam
2161 4611 2514 4679 admirantes,
2551 4610 2746 4667 malum
2773 4622 2949 4667 autem
2974 4613 3211 4669 nondum
3250 4615 3430 4671 valen-

1864 4717 1943 4762 tes
1974 4706 2328 4775 exstinguere.
2371 4702 2523 4771 Quod
2558 4703 2604 4761 si
2631 4702 2787 4758 etiam
2817 4687 2884 4757 ab
2907 4703 3069 4760 breve
3095 4716 3301 4776 tempus
3328 4723 3425 4763 ex-

1862 4800 2238 4864 stinxerimus,
2287 4806 2405 4868 post
2433 4797 2566 4853 duos
2592 4806 2684 4851 aut
2712 4807 2819 4852 tres
2845 4798 2960 4854 dies
2983 4840 3000 4864 ,
3046 4808 3313 4871 tamquam
3359 4819 3427 4858 ex

1859 4893 2088 4964 quodam
2110 4890 2291 4946 cinere
2310 4889 2614 4945 accenditur
2630 4888 2856 4943 scintilla
2876 4906 2992 4959 qua:
3012 4892 3208 4946 evertit
3225 4894 3398 4947 omnia
3411 4935 3426 4959 ,

1859 4996 1913 5041 et
1939 5001 2001 5040 ea
2029 4983 2155 5039 facit
2178 4997 2297 5052 qua:
2331 4996 2437 5037 non
2464 4981 2629 5052 prius.
2671 4980 2761 5036 Sic
2788 4982 2947 5036 etiam
2977 4982 3061 5036 hic
3085 4982 3146 5037 tit
3174 5000 3189 5037 :
3216 5000 3338 5038 nam
3370 4986 3429 5040 in

1858 5077 2103 5135 inccndio
2121 5090 2332 5147 quoque
2354 5074 2489 5129 solet
2511 5072 2611 5128 hoc
2636 5073 2894 5129 accidere.
2923 5073 3092 5128 Causa
3117 5083 3294 5129 autem
3316 5086 3423 5141 est,

1856 5171 1978 5242 quia
2006 5170 2238 5238 ipsarum
2273 5165 2520 5220 Ecclesia:
2544 5166 2908 5219 colunmarum
2937 5165 3294 5220 sustentacula
3320 5182 3427 5225 nos

1855 5263 2172 5332 effugerunt,
2206 5273 2324 5327 quae
2369 5266 2560 5311 tectum
2598 5254 2946 5321 sustinebant,
2982 5265 3035 5310 et
3065 5257 3210 5325 prius
3247 5257 3421 5312 conti-

1856 5360 2053 5415 nebant
2096 5365 2263 5409 totum
2318 5350 2633 5415 aedificium,
2665 5359 2718 5405 et
2762 5349 2884 5419 igne
2925 5350 3411 5407 circumdederunt.

1853 5453 2137 5519 Propterea
2166 5443 2229 5498 ad
2260 5451 2484 5496 czeteros
2506 5454 2716 5508 quoque
2745 5439 2972 5508 parietes
2999 5439 3169 5493 facilis
3196 5439 3294 5494 fuit
3321 5456 3414 5497 ει·
3444 5474 3445 5477 η

1852 5541 2048 5597 cursiu.
2078 5537 2209 5591 Nam
2236 5535 2288 5587 in
2318 5531 2556 5586 mdiliciis
2584 5529 2793 5600 quando
2818 5530 2955 5599 ligna
2986 5529 3198 5599 quidem
3225 5547 3419 5602 appre—

1854 5628 2115 5691 ltettderit,
2154 5625 2320 5695 magis
2355 5630 2592 5677 armatur
2626 5620 2886 5675 adversus
2923 5620 3126 5689 lapides
3159 5639 3172 5675 :
3200 5624 3419 5694 quando.

1848 5732 2029 5777 autem
2065 5717 2337 5772 columnas
2388 5710 2808 5784 pessumdedcrit
2850 5718 2905 5765 et
2947 5711 3095 5765 humi
3139 5712 3414 5784 deiecerit,

1848 5831 1953 5870 non
1983 5811 2209 5881 amplius
2233 5823 2368 5879 opus
2406 5807 2566 5861 habet
2593 5804 2803 5858 ﬂamma
2845 5812 2902 5858 ut
2928 5814 3120 5859 caetera
3143 5807 3411 5863 conficiat.

1850 5905 1978 5963 Nam
2022 5918 2140 5959 cum
2170 5918 2231 5958 ea
2269 5898 2515 5955 decidunt
2545 5912 2661 5966 quae
2704 5895 2977 5966 superiora
3021 5904 3317 5954 sustentant
3363 5912 3415 5956 et
