4002 6508
548 403 616 459 79
1290 396 1348 451 S.
1389 394 1664 453 JOANNIS
1698 395 2167 453 CHRYSOSTOMI
2202 398 2512 458 ARCHIEP.
2555 404 3083 466 CONSTANTINOP.
3730 422 3799 477 80

548 518 793 584 fuleiunt,
825 517 912 573 illa
939 529 1151 587 quoque
1177 528 1241 570 ea
1271 524 1565 584 sequuntur
1589 529 1708 569 cum
1740 528 1928 583 magna
1958 512 2123 568 facili-

552 622 679 666 tate.
719 610 796 665 Ita
822 608 980 664 etiam
1011 621 1151 661 nunc
1180 606 1426 661 usuvenit
1452 606 1501 659 in
1526 606 1764 663 Ecclesia
1796 623 1810 661 :
1840 607 1975 677 ignis
2003 621 2121 661 om-

548 704 635 756 nia
665 699 1045 771 apprehendit;
1089 698 1324 754 honores
1362 700 1648 769 qttmrimus
1677 700 1745 755 ab
1780 700 2118 769 hominibus,

546 802 600 846 et
636 806 819 848 amore
864 791 1047 861 glorias
1085 789 1429 845 accendimur
1461 808 1473 843 :
1518 807 1615 846 nec
1643 792 1888 848 audimus
1925 792 2116 848 Jobum

548 886 812 941 dicentem
845 902 857 936 :
890 883 952 938 Si
982 899 1095 936 cum
1125 887 1432 953 peccauerim
1460 885 1826 953 invotuntarie,
1864 898 2121 942 aversatus

543 995 659 1033 sum
700 975 1073 1029 multitudinem
1114 975 1235 1045 (Job
1273 977 1362 1031 51.
1533 975 1721 1032 Vidisti
1750 979 1979 1033 animam
2007 980 2122 1033 vir-

554 1077 663 1122 tute
687 1066 1003 1137 prmditam?
1046 1066 1159 1123 Non
1201 1082 1289 1123 me
1330 1067 1534 1135 puduit,
1574 1068 1764 1138 inquit,
1796 1085 1974 1126 coram
2002 1076 2121 1128 uni-

546 1173 699 1212 versa
727 1157 1065 1213 multitudine
1090 1157 1269 1214 dicere
1289 1158 1581 1215 voluntaria
1604 1171 1839 1231 peccata.
1864 1165 1920 1220 Si
1940 1176 2117 1224 autem

543 1251 692 1306 illum
723 1267 827 1307 non
859 1251 1065 1321 puduit,
1090 1253 1257 1307 multo
1282 1254 1449 1323 magis
1475 1268 1571 1309 nos
1598 1265 1869 1325 oporteret
1898 1259 2000 1313 hoc
2036 1260 2117 1315 fa-

541 1358 686 1397 cere.
720 1341 838 1406 Dic,
874 1344 1063 1413 inquit,
1096 1344 1237 1413 prior
1262 1345 1549 1415 iniquitates
1579 1356 1722 1413 tuas,
1751 1358 1803 1401 ut
1820 1350 2119 1419 justiﬁceris

544 1434 565 1506 (
585 1433 714 1488 lsai.
748 1435 835 1489 45.
869 1433 1000 1504 26).
1028 1435 1213 1506 Magna
1243 1437 1339 1491 fuit
1378 1436 1534 1506 hujus
1574 1438 1697 1491 mali
1738 1441 2069 1497 vehementia
2100 1461 2113 1497 :

541 1530 720 1581 omnia
748 1537 872 1583 sunt
898 1544 1082 1584 eversa
1124 1538 1179 1584 et
1205 1529 1400 1585 deleta.
1434 1531 1665 1588 Honoris
1692 1536 1831 1589 servi
1872 1536 1992 1591 lacti
2022 1553 2116 1592 su-

543 1636 663 1675 mus
691 1622 799 1675 Deo
827 1620 1049 1676 dimisso
1084 1639 1095 1674 :
1130 1637 1233 1677 non
1268 1625 1498 1693 amplius
1527 1641 1811 1696 possumus
1840 1631 2118 1702 increpare

540 1734 635 1773 eos
678 1718 766 1789 qui
807 1735 837 1773 a
883 1720 1036 1774 nobis
1077 1728 1368 1789 reguntur,
1396 1735 1518 1775 cum
1554 1722 1653 1791 ipsi
1683 1739 1895 1795 quoque
1923 1727 2111 1785 eadem

540 1809 689 1865 febre
716 1820 1025 1864 teneamur:
1054 1821 1105 1865 et
1134 1812 1231 1880 ipsi
1262 1826 1479 1881 egemus
1506 1814 1789 1879 medicina,
1820 1833 1953 1887 quos
1976 1821 2117 1877 Deus

541 1903 719 1970 posuit
760 1910 816 1957 ut
856 1903 973 1957 aliis
1002 1903 1361 1958 moderemur.
1393 1905 1648 1969 Quasnam
1675 1918 1853 1963 autem
1875 1910 1985 1980 jam
2026 1929 2114 1969 re-

538 2002 643 2046 stat
667 2008 788 2064 spes
816 1993 1037 2059 salutis,
1079 2009 1200 2049 cum
1242 1996 1275 2048 ii
1319 1994 1417 2065 ipsi
1451 1998 1537 2065 qui
1571 1998 1851 2054 medentur
1889 2003 2113 2060 aliorum

538 2100 698 2139 manu
746 2085 1020 2156 indigent?
1051 2086 1175 2140 llaec
1210 2102 1313 2141 non
1359 2088 1454 2141 abs
1502 2104 1560 2144 re
1603 2090 1741 2156 dixi,
1784 2108 1885 2149 nec
1916 2080 2115 2154 temere

537 2191 871 2246 conqueror,
908 2177 1003 2231 sed
1034 2186 1088 2231 ut
1118 2192 1304 2233 omnes
1330 2181 1682 2237 communiter
1709 2200 1829 2238 cum
1863 2188 2116 2244 uxoribus

537 2278 593 2322 et
617 2268 738 2322 ﬁliis
758 2311 773 2335 ,
807 2270 988 2323 cinere
1014 2270 1219 2338 aspersi
1248 2280 1301 2325 et
1325 2288 1482 2326 sacco
1513 2273 1715 2338 induti,
1744 2276 2001 2346 jejunium
2032 2282 2114 2336 in-

538 2362 837 2428 tendamus,
870 2362 1033 2416 Deum
1063 2378 1311 2431 rogemus
1342 2372 1397 2417 ut
1426 2380 1637 2420 manum
1667 2368 1817 2423 nobis
1843 2372 2110 2440 prtebeat,

536 2463 592 2507 et
618 2453 817 2507 malum
848 2454 1172 2523 exstinguat.
1220 2453 1365 2509 lllius
1406 2456 1547 2509 enim
1577 2474 1732 2513 manu
1776 2477 1833 2516 re
1864 2478 1987 2517 vera
2032 2477 2115 2521 est

536 2560 693 2614 opus,
719 2560 839 2614 qua:
867 2555 951 2622 est
982 2561 1170 2616 magna
1196 2556 1251 2601 et
1278 2546 1628 2604 admirabilis.
1661 2552 1855 2622 Majora
1887 2572 1917 2610 a
1960 2558 2113 2615 nobis

535 2636 651 2691 ﬁeri
693 2646 908 2706 oportet
946 2620 1109 2707 quam
1153 2653 1273 2707 qua:
1315 2638 1557 2695 fecerunt
1605 2620 1850 2699 Ninivitae
1885 2666 1897 2699 :
1929 2649 2110 2704 Adhuc

535 2734 654 2791 tres,
684 2726 870 2795 inquit,
900 2728 1026 2790 dies,
1055 2736 1102 2780 et
1130 2726 1317 2781 Ninive
1346 2739 1591 2784 evertetur
1621 2731 1762 2800 (Jan.
1793 2736 1845 2789 5.
1875 2738 1954 2805 4).
1981 2738 2111 2793 Ter-

540 2818 711 2873 ribilis
754 2819 1061 2888 praedicatio
1108 2830 1161 2875 et
1207 2822 1386 2876 multis
1425 2824 1581 2891 plena
1620 2826 1796 2883 minis.
1833 2831 2111 2896 Quomodo

535 2909 678 2963 enim
722 2924 827 2964 non
870 2910 1057 2964 fuisset
1091 2912 1433 2977 horrendum,
1471 2925 1591 2984 post
1626 2926 1735 2972 tres
1763 2920 1877 2975 dies
1910 2937 2110 2995 exspe-

536 3008 683 3055 ctare
732 3000 917 3055 urbem
969 3001 1172 3070 sibiipsi
1218 3002 1328 3057 fore
1367 3006 1706 3075 sepulcrum,
1754 3019 1807 3064 et
1849 3013 2109 3081 perituros

535 3104 726 3145 omnes
762 3106 869 3145 uno
893 3106 1090 3161 genere
1119 3094 1405 3162 supplicii?
1442 3094 1495 3150 Si
1535 3098 1676 3152 enim
1699 3102 1910 3169 quando
1932 3109 2105 3160 conti-

539 3181 697 3251 gerit,
726 3196 831 3235 uno
861 3190 1120 3252 tempore,
1154 3184 1206 3238 in
1238 3201 1336 3239 una
1368 3186 1550 3251 domo,
1576 3188 1709 3245 duos
1738 3191 1874 3248 ﬁlios
1906 3198 2101 3266 perire,

538 3279 622 3325 est
659 3271 857 3325 malum
889 3272 1317 3340 intolerandum;
1355 3286 1409 3331 et
1450 3278 1495 3332 si
1533 3278 1668 3335 Jobo
1697 3283 1866 3338 visum
1895 3289 2105 3346 esthoc

536 3362 766 3416 maxime
789 3363 1025 3418 omnium
1054 3365 1407 3434 intolerabile,
1434 3371 1571 3440 quod
1598 3388 1759 3443 super
1782 3392 1967 3435 omnes
1989 3383 2104 3451 ejus

536 3451 674 3506 ﬁlios
704 3462 900 3508 tectum
928 3455 1220 3525 ceciderit,
1249 3467 1304 3514 et
1329 3460 1406 3515 sic
1434 3460 1541 3515 sint
1571 3464 1869 3537 interempti
1900 3488 1915 3524 :
1945 3473 2101 3541 quid-

538 3568 3225 3612 ———______\___________

2231 531 2353 571 nam
2382 518 2601 587 fuisset,
2635 523 2846 590 videre,
2874 541 2978 581 non
3009 542 3165 582 unam
3207 529 3426 586 domum
3453 550 3631 606 neque
3661 539 3801 595 duos

2228 608 2383 674 ﬁlios,
2415 612 2507 666 sed
2534 626 2748 682 gentem
2778 626 2992 673 centum
3020 628 3074 674 et
3104 620 3287 690 viginti
3314 623 3543 681 duorum
3570 629 3794 686 millium

2225 702 2326 755 sub
2348 702 2498 757 tectis
2534 704 2824 761 infossam?
2851 707 3009 765 Scitis
3037 720 3292 780 quantum
3318 714 3389 767 sit
3414 717 3632 771 malum.
3662 719 3797 774 Nam

2224 791 2306 845 hie
2351 808 2561 864 quoque
2604 798 2755 853 nobis
2799 814 2968 869 nuper
3007 800 3281 859 intentata;
3305 816 3430 860 sunt
3456 809 3649 877 minae,
3692 827 3797 866 non

2224 884 2479 953 propheta
2506 887 2683 956 aliquo
2708 904 2891 945 vocem
2921 892 3200 950 emittente
3224 912 3239 961 ;
3269 911 3439 966 neque
3475 900 3621 956 enim
3649 902 3796 975 digni

2222 989 2407 1030 sumus
2434 979 2524 1048 qui
2551 980 2709 1034 talem
2734 997 2922 1040 vocem
2957 985 3270 1054 audiamus;
3302 990 3397 1044 sed
3437 995 3626 1061 quavis
3664 998 3793 1053 tuba

2222 1064 2602 1134 signiﬁcantius
2618 1070 2777 1126 minis
2791 1072 2940 1128 nobis
2955 1075 3646 1139 vociferantibusSedsicut
3662 1086 3793 1153 dixi,

2226 1154 2630 1215 Adhucsunttres
2641 1161 3625 1231 dies,etNinivesubvertetur.'l‘erribiles
3638 1178 3797 1245 plane

2222 1245 2397 1299 iniure.
2422 1247 2528 1304 Sed
2563 1266 2703 1307 nunc
2740 1253 2868 1308 nihil
2902 1265 2983 1311 est
3030 1259 3155 1313 tale.
3176 1259 3290 1315 Non
3318 1263 3457 1317 enim
3481 1265 3653 1323 adhuc
3684 1278 3795 1326 tres

2221 1335 2356 1404 dies,
2375 1354 2545 1409 neque
2564 1341 2753 1398 Ninive
2778 1346 3132 1415 subvertetur,
3151 1351 3242 1405 sed
3266 1353 3416 1408 multi
3439 1365 3562 1411 sunt
3586 1357 3701 1414 dies
3726 1378 3792 1415 ex

2220 1443 2325 1496 quo
2342 1430 2485 1485 orbis
2498 1441 2755 1488 terrarum
2778 1435 3011 1492 Ecclesia
3027 1447 3080 1493 et
3098 1450 3178 1495 est
3191 1458 3373 1497 eversa
3392 1457 3443 1499 et
3453 1448 3752 1515 jacethumi
3773 1494 3789 1516 ,

2220 1522 2465 1579 omnibus
2479 1526 2677 1593 pariter
2690 1528 2831 1583 malo
2842 1528 3088 1594 detentis,
3105 1534 3271 1603 magis
3280 1546 3452 1591 autem
3465 1537 3551 1603 iis,
3563 1554 3792 1611 quorum

2219 1623 2301 1668 est
2323 1631 2513 1671 munus
2534 1633 2717 1689 regere
2748 1642 2761 1675 :
2791 1622 2932 1677 unde
2960 1624 3119 1678 etiam
3148 1627 3319 1695 majus
3333 1633 3646 1698 estmalum,
3684 1652 3793 1706 quo

2219 1709 2390 1776 major
2412 1719 2495 1764 est
2516 1710 2635 1781 ejus
2664 1715 2975 1771 necessitas.
3004 1716 3178 1773 Nolite
3207 1734 3336 1789 ergo
3365 1722 3543 1779 mirari
3572 1726 3617 1781 si
3645 1731 3791 1783 suasi

2219 1798 2417 1867 majora
2466 1800 2643 1857 facere
2686 1818 2844 1874 quam
2887 1806 3133 1863 Ninivitaa
3177 1809 3276 1865 hac
3324 1812 3390 1867 de
3434 1828 3636 1871 causa:
3682 1820 3794 1874 imo

2220 1905 2349 1944 vero
2388 1907 2492 1945 non
2533 1909 2675 1947 nunc
2717 1896 2888 1950 solum
2931 1899 3163 1967 praedico
3204 1902 3466 1970 jejunium
3492 1948 3510 1974 ,
3554 1908 3647 1963 sed
3689 1911 3793 1967 hoc

2218 1982 2377 2036 etiam
2425 1983 2601 2039 indico
2643 1986 3123 2056 medicamentum,
3163 1995 3306 2063 quod
3336 1997 3478 2051 illam
3506 2000 3788 2057 cadentem

2217 2074 2388 2127 erexit
2435 2075 2722 2132 civitatem.
2769 2078 3045 2144 Quodnam
3093 2091 3271 2139 autem
3314 2097 3395 2141 est
3439 2088 3572 2144 hoc?
3616 2090 3789 2160 Vidit,

2218 2165 2418 2234 inquit,
2449 2166 2698 2221 Dominus
2717 2211 2731 2235 ,
2758 2170 2891 2238 quod
2917 2174 3258 2243 unusquisque
3285 2180 3484 2232 recessit
3509 2197 3540 2232 a
3567 2183 3655 2236 viis
3684 2188 3793 2238 suis

2218 2258 2385 2322 malis,
2418 2269 2463 2311 et
2489 2274 2600 2312 eum
2633 2261 2856 2328 ptenituit
2885 2262 2947 2315 de
2973 2263 3111 2317 malo
3135 2267 3273 2333 quod
3300 2269 3427 2323 dixit
3453 2288 3506 2325 se
3531 2273 3786 2341 facturum

2215 2350 2303 2404 eis.
2339 2351 2450 2405 Hoc
2470 2366 2688 2421 agamus
2712 2362 2765 2407 et
2791 2368 2887 2407 nos
2913 2363 2967 2409 et
2996 2371 3092 2411 vos
3120 2373 3136 2411 :
3164 2360 3477 2417 recedamus
3504 2364 3572 2419 ab
3597 2382 3784 2425 amore

2217 2442 2476 2511 pecuniae,
2500 2442 2566 2497 ab
2586 2458 2767 2497 amore
2786 2445 2991 2514 gloriae,
3020 2458 3268 2518 rogantes
3294 2451 3458 2507 Deum
3488 2466 3546 2509 ut
3572 2473 3791 2515 manum

2218 2531 2371 2585 nobis
2403 2533 2671 2603 porrigat,
2714 2544 2769 2589 et
2807 2536 3043 2591 membra
3085 2554 3203 2608 quae
3247 2543 3555 2601 ceciderunt
3596 2551 3789 2620 erigat.

2214 2625 2393 2694 Neque
2438 2626 2579 2681 enim
2620 2638 2744 2681 sunt
2787 2629 2972 2684 eadem
3016 2632 3172 2687 nobis
3201 2633 3456 2691 timenda.
3501 2640 3631 2695 Nam
3663 2652 3794 2701 tunc

2212 2714 2425 2785 quidem
2445 2717 2621 2771 casuri
2641 2729 2793 2773 erant
2818 2720 3018 2788 lapides
3043 2732 3097 2776 et
3126 2723 3288 2794 ligna,
3314 2737 3365 2781 et
3388 2743 3612 2800 corpora
3627 2746 3787 2790 erant

2211 2810 2563 2865 interimenda
2606 2828 2619 2865 :
2653 2827 2794 2866 nunc
2822 2821 2999 2867 autem
3028 2815 3160 2869 nihil
3203 2816 3389 2873 horum
3414 2862 3431 2887 ,
3460 2823 3557 2878 sed
3594 2827 3791 2881 anima:

2208 2910 2336 2954 sunt
2374 2899 2643 2954 tradenda:
2688 2901 2795 2971 igni
2836 2903 3114 2972 gehennae.
3172 2906 3478 2978 Rogemus,
3517 2918 3791 2983 pmteritn

2209 2990 2580 3056 eonliteamur,
2609 3006 2707 3061 pro
2732 2991 2923 3047 futuris
2952 2997 3301 3065 postulemus,
3335 3009 3392 3054 ut
3419 3001 3562 3073 digni
3591 3005 3790 3061 habea-

2210 3099 2363 3150 mur,
2392 3084 2481 3154 qui
2511 3084 2578 3139 ab
2616 3082 2716 3139 hac
2744 3085 2947 3140 crudeli
2974 3097 3029 3141 et
3070 3088 3289 3145 immani
3326 3092 3494 3149 bestia
3536 3097 3786 3167 liberati,

2210 3176 2406 3243 gratias
2449 3176 2755 3231 emittamus
2802 3176 3034 3248 benigno
3076 3180 3186 3236 Deo
3223 3193 3277 3238 et
3315 3184 3499 3250 Patri,
3528 3202 3647 3242 cum
3677 3206 3791 3260 quo

2209 3267 2347 3321 Filio
2386 3267 2544 3323 simul
2586 3284 2707 3324 cum
2738 3279 2921 3326 sancto
2964 3271 3164 3342 Spiritu
3203 3275 3407 3344 gloria,
3450 3281 3683 3348 potentia
3725 3296 3787 3338 et

2210 3358 2415 3423 honor,
2457 3376 2598 3417 nunc
2634 3371 2689 3418 et
2730 3378 2978 3434 semper,
3011 3376 3067 3421 et
3109 3366 3161 3421 in
3202 3370 3394 3425 Stecula
3441 3373 3785 3430 saeculorum.

2209 3452 2401 3505 Amen.

3254 3603 3626 3619 ’ἡ

3630 3608 3767 3620 σ-ἣ,

1913 3650 2258 3718 HOMILIA
2301 3657 2415 3717 XI.

536 3772 663 3827 CAP.
688 3773 743 3827 4.
771 3791 822 3829 ν.
850 3776 905 3830 4.
937 3775 1105 3830 Unum
1145 3794 1329 3847 corpus
1373 3793 1419 3833 et
1457 3799 1585 3837 unus
1627 3786 1832 3855 spiritus
1852 3829 1867 3853 ,
1900 3791 2029 3845 sicut
2061 3804 2108 3848 et

604 3865 765 3916 vocati
801 3866 917 3919 estis
959 3867 1011 3919 in
1050 3884 1153 3921 una
1194 3886 1281 3939 spe
1321 3874 1594 3927 vocationis
1623 3888 1797 3932 vestrae
1837 3894 1856 3933 :
1887 3881 1941 3936 5.
1974 3899 2108 3939 unus

606 3952 875 4019 Dominus,
903 3971 1005 4009 una
1030 3958 1176 4025 fides,
1206 3976 1362 4014 unum
1386 3962 1631 4033 baptisma
1663 3983 1681 4020 :
1711 3968 1763 4023 6.
1794 3986 1926 4026 unus
1962 3972 2102 4031 Deus

604 4056 652 4100 et
682 4045 839 4101 Pater
863 4050 1085 4104 omnium
1103 4093 1119 4117 ,
1140 4053 1228 4120 qui
1247 4063 1318 4107 est
1336 4071 1488 4125 super
1512 4073 1701 4126 omnes,
1727 4070 1777 4113 et
1804 4079 1893 4131 per
1915 4067 2105 4133 omnia,

607 4147 655 4192 et
684 4139 735 4193 in
766 4141 1015 4195 omnibus.
1047 4143 1101 4199 7.
1135 4143 1417 4211 Unicuique
1441 4157 1607 4202 autem
1636 4161 1861 4207 nostrum
1890 4155 2106 4237 datqest

606 4235 769 4303 gratia
806 4234 1079 4288 secundum
1107 4253 1390 4291 mensuram
1415 4240 1699 4297 donationis
1722 4244 1927 4300 Christi.

608 4328 660 4380 l.
680 4326 967 4383 Caritatem
989 4332 1178 4399 quaerit
1203 4346 1232 4384 a
1251 4333 1405 4386 nobis
1429 4334 1642 4403 Paulus,
1669 4354 1771 4392 non
1790 4343 2103 4412 quamlibet,

536 4418 629 4472 sed
659 4433 776 4488 qua:
805 4434 903 4474 nos
930 4421 1276 4491 conglutinet,
1322 4435 1378 4479 et
1416 4425 1611 4482 efﬁciat
1638 4438 1695 4483 ut
1719 4430 1854 4486 alter
1879 4434 1932 4488 in
1968 4436 2105 4492 alte-

535 4502 652 4564 rum
685 4512 753 4566 ita
782 4527 878 4567 nos
910 4512 1199 4568 habeamus
1222 4555 1238 4579 ,
1273 4525 1330 4569 ut
1367 4517 1545 4573 divelli
1574 4536 1679 4576 non
1720 4525 1985 4591 possimus
2005 4570 2019 4594 ,
2054 4538 2109 4585 et

534 4616 654 4671 qum
680 4610 874 4657 tantam
901 4614 955 4658 et
982 4614 1087 4658 tam
1120 4618 1359 4663 exactam
1389 4611 1621 4679 praebeat
1646 4616 2103 4688 conjunctionem,

534 4701 730 4761 quanta
757 4705 841 4749 est
866 4696 1226 4751 membrorum
1255 4714 1375 4754 cum
1398 4704 1671 4760 membris.
1703 4708 1826 4765 Hzec
1855 4714 1995 4767 enim
2024 4725 2108 4770 est

536 4799 657 4849 quae
700 4800 891 4854 magna
937 4798 1192 4852 operatur
1236 4790 1395 4845 bona.
1437 4793 1722 4866 Propterea
1759 4802 1906 4870 dicit,
1938 4804 2105 4859 Unum

536 4891 738 4946 corpus,
767 4886 822 4931 et
844 4887 1064 4948 propter
1091 4896 1435 4950 consensum,
1458 4895 1513 4941 et
1535 4889 1675 4957 quod
1701 4891 1923 4948 aliorum
1952 4896 2105 4951 bonis

536 4984 643 5023 non
674 4968 958 5037 inhiemus,
981 4980 1036 5025 et
1058 4973 1196 5042 quod
1225 4975 1378 5030 simul
1408 4978 1664 5037 laetemur.
1694 4984 1759 5038 Et
1784 5000 1904 5040 cum
1927 4991 2104 5045 omnia

533 5060 693 5115 simul
725 5077 819 5131 per
862 5062 964 5118 hoc
1009 5066 1349 5131 ostendisset,
1398 5071 1619 5140 pulchre
1662 5075 1814 5143 dixit,
1864 5078 1932 5132 Et
1975 5098 2105 5137 unus

530 5152 772 5221 spiritus,
812 5154 1097 5209 ostendens
1137 5158 1275 5226 quod
1316 5159 1385 5214 ab
1425 5178 1530 5217 uno
1570 5180 1794 5236 corpore
1827 5170 1929 5224 erit
1969 5187 2105 5227 unus

530 5243 751 5313 spiritus
795 5262 811 5299 :
852 5253 944 5300 aut
970 5246 1111 5316 quod
1143 5248 1258 5304 ﬁeri
1290 5254 1456 5320 possit
1499 5264 1555 5309 ut
1584 5257 1653 5312 sit
1681 5259 1895 5327 quidem
1938 5278 2103 5317 unum

528 5348 749 5405 corpus,
775 5350 882 5391 non
905 5352 1042 5392 unus
1067 5349 1243 5395 autem
1267 5344 1485 5411 spiritus
1514 5364 1527 5400 :
1562 5356 1620 5401 ut
1646 5349 1691 5402 si
1719 5351 1837 5420 quis
1870 5353 1940 5407 sit
1971 5356 2103 5409 ami-

528 5438 625 5479 cus
659 5427 1029 5484 luereticorum
1061 5447 1075 5484 :
1108 5439 1199 5486 aut
1228 5447 1295 5489 ex
1330 5435 1422 5490 illo
1452 5437 1709 5507 pudorem
1736 5442 1924 5498 incutit
1949 5454 2005 5499 ut
2034 5446 2100 5500 ad

531 5520 871 5576 concordiam
901 5524 1146 5579 veniatur
1170 5566 1185 5590 ,
1220 5541 1445 5597 nempe,
1487 5530 1576 5600 qui
1624 5547 1785 5587 unum
1826 5538 2105 5607 accepistis

530 5613 774 5681 spiritum
799 5655 817 5682 ,
859 5625 915 5670 et
951 5632 1018 5671 ex
1047 5634 1153 5673 uno
1192 5618 1339 5674 fonte
1380 5623 1541 5689 potati
1571 5624 1699 5677 estis
1718 5666 1733 5691 ,
1764 5640 1868 5681 non
1899 5627 2104 5687 debetis

534 5702 816 5760 dissentire
845 5726 859 5761 :
888 5717 981 5761 aut
1007 5708 1251 5778 spiritum
1283 5708 1371 5764 hic
1400 5709 1529 5765 dicit
1556 5712 1884 5770 alacritatem
1913 5720 2099 5774 animi.

536 5795 737 5853 Deinde
779 5797 1134 5869 subjungcns,
1179 5801 1320 5855 Sicut
1358 5813 1403 5856 et
1432 5806 1592 5858 vocati
1622 5808 1756 5875 estis,
1795 5809 1995 5879 inquit,
2041 5810 2099 5866 In

2214 3814 2318 3850 una
2342 3814 2429 3867 spe
2448 3797 2721 3851 vocationis
2745 3808 2938 3853 vestrae.
2961 3798 3073 3855 Hoc
3098 3810 3201 3867 est,
3228 3801 3365 3859 Deus
3390 3819 3483 3859 vos
3506 3806 3571 3860 ad
3593 3807 3785 3862 eadem

2213 3889 2452 3953 vocavit,
2495 3889 2628 3943 nihil
2657 3890 2810 3944 alteri
2842 3891 2959 3959 plus
2991 3893 3175 3949 tribuit
3202 3911 3360 3965 quam
3389 3898 3539 3953 alteri
3564 3916 3579 3955 :
3609 3902 3784 3957 omni-

2212 3979 2312 4034 bus
2338 3980 2807 4047 immortalitatem,
2839 3983 3086 4039 omnibus
3112 3986 3272 4041 vitam
3299 3999 3577 4054 aeternam,
3602 3994 3784 4047 omni—

2211 4071 2311 4126 bus
2356 4072 2576 4142 gloriam
2626 4073 3013 4142 immortalem,
3061 4080 3306 4135 omnibus
3353 4080 3740 4142 fraternitatem
3767 4129 3787 4152 ,

2210 4164 2462 4219 omnibus
2489 4165 2705 4221 donavit
2736 4167 3098 4223 hereditatem.
3132 4170 3328 4227 Factus
3370 4184 3454 4229 est
3497 4191 3789 4235 commune

2211 4254 2447 4309 omnium
2476 4266 2632 4325 caput
2656 4298 2671 4323 ,
2698 4270 2884 4312 omnes
2911 4259 3069 4314 simul
3095 4263 3370 4318 suscitavit
3400 4273 3453 4320 et
3486 4269 3787 4327 consedere

2210 4346 2355 4401 fecit.
2383 4348 2481 4416 Qui
2508 4364 2635 4420 ergo
2674 4350 2725 4403 in
2753 4349 3113 4419 spiritualibus
3143 4354 3350 4411 habetis
3379 4366 3577 4413 tantam
3604 4358 3787 4415 hono-

2210 4437 2284 4490 ris
2320 4439 2693 4508 requalitatem,
2726 4439 2990 4496 undenam
3016 4444 3338 4501 extollimini
3368 4456 3421 4503 et
3444 4450 3734 4520 superbitis
3760 4456 3787 4505 ?

2210 4530 2353 4598 quod
2378 4531 2464 4586 hic
2490 4533 2557 4586 sit
2582 4532 2751 4597 dives,
2773 4534 2914 4602 quod
2944 4535 3044 4591 iste
3073 4534 3263 4592 fortis?
3290 4547 3342 4594 et
3366 4541 3634 4610 quomodo
3662 4558 3771 4599 non

2211 4622 2315 4675 sint
2346 4622 2457 4677 lucc
2486 4624 2703 4677 ridicula
2727 4625 2749 4676 ?
2784 4624 2915 4678 Nam
2943 4626 3028 4683 dic
3058 4629 3208 4696 mihi,
3239 4632 3284 4685 si
3306 4646 3397 4687 rex
3423 4641 3515 4686 aut
3542 4634 3785 4703 impera~

2213 4721 2295 4765 tor
2319 4711 2501 4767 decem
2531 4714 2774 4768 homines
2800 4719 3102 4785 acceperit,
3136 4730 3189 4775 et
3215 4736 3402 4777 omnes
3429 4738 3658 4795 purpura
3692 4726 3783 4780 in-

2211 4803 2406 4865 duerit,
2434 4814 2487 4859 et
2509 4805 2560 4859 in
2586 4806 2777 4860 throno
2804 4809 2966 4877 regali
2994 4810 3184 4867 sedere
3212 4812 3418 4880 fecerit,
3457 4825 3510 4870 et
3533 4816 3786 4873 eumdem

2211 4895 2454 4951 omnibus
2482 4897 2737 4953 honorem
2764 4898 3006 4965 dederit,
3041 4917 3273 4959 aususne
3314 4905 3474 4961 fuerit
3518 4909 3784 4979 quispiam

2210 4987 2533 5054 exprobrare
2574 4989 2748 5054 alteri,
2792 4997 2849 5043 ut
2887 4992 2977 5061 qui
3024 4993 3094 5046 sit
3138 4993 3334 5063 ditior,
3382 5008 3475 5052 aut
3510 5000 3683 5069 utqui
3713 5001 3791 5056 sit

2212 5076 2503 5132 illustrior?
2541 5079 2774 5134 Minime.
2824 5080 3005 5153 Neque
3048 5084 3223 5140 adhuc
3262 5094 3428 5142 totum
3473 5089 3627 5145 dixi:
3672 5106 3787 5145 non

2212 5178 2416 5222 tantum
2441 5169 2581 5223 enim
2608 5180 2689 5224 est
2713 5170 3017 5228 discrimen.
3042 5175 3176 5230 Num
3206 5193 3332 5248 ergo
3362 5180 3413 5233 in
3440 5181 3583 5235 cadis
3605 5197 3793 5251 aequa-

2212 5260 2291 5314 les
2318 5276 2500 5313 sumus
2522 5304 2535 5323 ,
2568 5271 2623 5317 et
2651 5262 2785 5317 infra
2817 5263 3148 5322 diﬁ'erimus?
3181 5268 3325 5323 Unus
3363 5269 3644 5337 Dominus,
3677 5292 3791 5330 una

2211 5354 2371 5424 ﬁdes,
2420 5371 2573 5409 unum
2615 5357 2881 5428 baptisma.
2929 5359 3067 5415 Ecce
3108 5376 3230 5431 spes
3273 5367 3585 5421 vocationis.
3636 5365 3792 5423 Unus

2210 5448 2347 5503 Deus
2374 5459 2419 5503 et
2446 5448 2602 5504 Pater
2626 5451 2867 5511 omnium.
2886 5455 2968 5517 qui
2988 5462 3060 5505 est
3083 5470 3234 5523 super
3260 5470 3450 5519 omnes.
3480 5468 3527 5513 et
3556 5474 3643 5526 per
3668 5474 3788 5512 om-

2211 5540 2317 5604 nia,
2350 5550 2394 5593 et
2418 5541 2471 5594 in
2499 5542 2745 5596 omnibus.
2774 5542 2908 5596 Num
2942 5542 3036 5597 tibi
3065 5544 3278 5614 quidem
3309 5548 3508 5617 major,
3542 5549 3616 5602 illi
3654 5566 3787 5603 vero

2211 5630 2385 5683 minor
2430 5640 2513 5685 est
2552 5631 2873 5685 invocatus?
2913 5650 3039 5687 num
3089 5644 3141 5688 tu
3182 5635 3397 5704 quidem
3438 5652 3503 5691 ex
3533 5636 3657 5702 ﬁde,
3690 5638 3785 5692 ille

2212 5737 2339 5775 vero
2365 5737 2430 5775 ex
2459 5722 2709 5790 operibus
2737 5723 2901 5779 factus
2924 5735 3006 5781 est
3031 5728 3250 5783 salvus?
3291 5745 3415 5785 num
3445 5730 3535 5785 tibi
3561 5730 3780 5800 quidem

2212 5814 2489 5870 remissum
2518 5822 2596 5869 est
2624 5826 2898 5884 peccatum
2938 5832 3032 5887 per
3058 5820 3408 5891 baptismum,
3447 5821 3521 5878 illi
3548 5836 3675 5877 vero
3706 5824 3785 5877 ni.
