3960 6498
213 451 289 508 79
1106 448 1174 503 IN
1211 445 1424 501 EPIST.
1466 445 1556 499 AD
1594 442 1838 499 EPIIES.
1866 443 2017 499 CAP.
2054 442 2142 499 IV.
2186 441 2421 498 HOMIL.
2460 445 2553 499 XI.
3356 447 3425 502 80

211 560 567 633 ίατρευόντων
594 560 688 613 καί
715 558 895 612 αὐτῶν
925 558 1023 627 τῆς
1054 558 1252 631 ἐτέρων
1276 558 1541 630 δεομένων
1562 560 1760 631 χειρός;

209 645 396 698 Ταῦτα
421 643 518 712 οὐχ
550 641 736 705 ἁπλῶς
775 639 947 705 εἷπον,
980 642 1100 695 οὐδὲ
1129 645 1305 711 μάτην
1330 642 1615 714 ὀδύρομαι,
1648 644 1762 696 ἀλλ’

210 729 299 781 ἴνα
325 727 476 795 κοινῇ
504 724 703 787 πάντες
736 724 873 794 μετὰ
899 724 1173 792 γυναικῶν
1201 725 1295 778 καὶ⁵
1337 726 1539 780 παίδων
1571 726 1764 779 σποδὸν

205 808 683 876 καταπασάμενοι,
707 809 802 860 καὶ
824 808 1022 861 σάκκον
1044 808 1495 878 περιζωσάμενοι.
1514 808 1764 877 νηστείαν

206 891 587 959 ἐπιτείνωμεν,
636 889 726 943 τὸν
776 890 908 943 Θεὸν
949 891 1419 962 παρακαλέσωμεν
1447 892 1607 946 αὐτὸν
1635 894 1766 963 ἡμῖν

206 976 367 1045 χεῖρα
398 973 602 1043 ὀρέξαι,
633 972 727 1025 καὶ
762 971 950 1026 σϐέσαι
979 973 1042 1026 τὸ
1064 974 1254 1028 δεινόν.
1281 976 1392 1046 Τῆς
1422 976 1531 1047 γὰρ
1556 977 1765 1029 ἐκείνου

208 1056 392 1126 χειρὸς
420 1056 587 1117 ὅντως
626 1055 806 1126 χρεία,
858 1055 959 1123 τῆς
996 1056 1256 1128 μεγάλης,
1301 1058 1399 1127 τῆς
1426 1058 1762 1129 θαυμαστῆς.

207 1140 448 1203 Μείζονα
490 1137 599 1190 τῶν
648 1138 948 1191 Νινευϊτῶν
1001 1140 1253 1207 γενέσθαι
1299 1140 1380 1193 δεῖ
1426 1142 1558 1210 παρ’
1584 1140 1763 1212 ήμῶν.

210 1223 339 1275 Ἔτι
368 1220 525 1290 τρεῖς
554 1221 784 1289 ἡμέραι,
812 1222 967 1292 φησὶ,
997 1222 1099 1278 καί
1121 1226 1329 1277 Νινευτ
1352 1225 1767 1294 καταστραφή-

206 1318 405 1356 σεται.
432 1301 663 1372 Φοϐερὸν
698 1303 759 1355 τὸ
787 1305 1067 1375 κήρυγμα,
1104 1303 1200 1357 καὶ
1231 1304 1430 1375 πολλῆς
1470 1305 1637 1377 γέμον
1668 1306 1769 1375 τῆς

206 1384 475 1454 ἀπειλῆς·
532 1383 650 1447 πῶς
686 1384 793 1455 γὰρ
822 1385 883 1438 οῦ
913 1404 928 1451 ;
969 1385 1108 1457 μετὰ
1137 1390 1283 1458 τρεῖς
1307 1387 1521 1459 ἡμέρας
1544 1389 1769 1459 προσδο-

208 1468 316 1538 κᾷν
340 1465 441 1537 τὴν
468 1466 621 1519 πόλιν
648 1467 831 1531 αὐτοῖς
859 1469 1076 1522 ἔσεσθαι
1113 1470 1300 1537 τάφον,
1328 1470 1424 1523 καὶ
1459 1473 1560 1541 μιᾷ
1600 1489 1770 1542 τιμω-

209 1551 337 1620 ρίας
368 1548 481 1621 ἰδέᾳ
509 1550 715 1611 πάντας
773 1551 1087 1608 ἀπολέσθαι.
1147 1554 1210 1605 Εἰ
1262 1553 1371 1624 γάρ
1416 1555 1543 1608 ὅταν
1589 1556 1769 1627 συμϐῇ

208 1632 358 1686 κατά
392 1634 482 1686 τὸν
510 1632 700 1703 καιρὸν
725 1635 783 1685 ἐν
807 1637 953 1708 οἰκίᾳ
986 1640 1082 1709 μιᾷ
1113 1637 1205 1690 δύο
1232 1638 1428 1702 παῖδας
1450 1638 1767 1703 ἀπολέσθαι,

212 1717 490 1789 ἀφόρητον
517 1720 727 1786 γίνεται
761 1721 821 1774 τὸ
868 1722 1059 1781 δεινὸν.
1094 1725 1190 1776 καὶ
1241 1724 1288 1776 εί
1341 1722 1420 1793 τῷ
1452 1722 1571 1776 Ἰὼϐ
1614 1721 1771 1774 τοῦτο

218 1798 455 1867 μάλιστα
507 1802 722 1855 πάντων
783 1802 957 1868 ἔδοξεν
1000 1800 1139 1857 εἶναι
1176 1805 1467 1876 ἀφόρητον,
1497 1804 1579 1857 ὅτι
1605 1806 1770 1857 πᾶσιν

211 1880 393 1934 αὐτοῦ’
411 1885 518 1947 τοῖς
540 1887 728 1938 παισὶν
762 1886 953 1938 ἔπεσεν
980 1898 1007 1927 α
1036 1889 1065 1940 0
1093 1887 1305 1956 ὄροφος,
1339 1886 1434 1941 καὶ
1472 1886 1642 1950 οὕτως
1676 1888 1771 1939 ἀν-

209 1964 489 2036 ῃρέθησαν
508 1982 523 1996 ο
556 1969 608 2020 τί
632 1964 721 2038 ἦν,
754 1970 880 2021 ἰδεῖν
909 1970 970 2022 οὐ
1005 1970 1133 2040 μίαν
1158 1971 1355 2033 οἰκίαν,
1387 1971 1507 2024 οὐδὲ
1525 1971 1617 2023 δύο
1645 1972 1771 2023 παῖ-

207 2046 333 2110 δας,
368 2048 483 2101 ἀλλ’
528 2049 678 2114 ἔθνος
719 2051 929 2105 δώδεκα
975 2053 1251 2122 μυριάδων
1284 2054 1389 2107 ὑπὸ
1420 2054 1529 2107 τῶν
1559 2054 1770 2124 ὀρόφων

210 2130 733 2203 καταχωννύμενονς
775 2136 916 2187 Ἶστε
968 2134 1153 2205 ἡλίκον
1181 2136 1243 2189 τὸ
1289 2136 1479 2191 δεινόν.
1525 2139 1636 2190 Καὶ
1662 2136 1771 2206 γὰρ

210 2214 311 2264 καὶ
344 2215 477 2282 ἡμῖν
509 2214 697 2285 πρώην
730 2214 865 2285 αὕτη
908 2215 1131 2284 γέγονεν
1164 2219 1196 2288 ή
1225 2218 1441 2290 ἀπειλὴ,
1473 2219 1533 2272 οὐ
1564 2220 1775 2290 προφή-

206 2310 308 2347 του
334 2296 476 2358 τινὸς
525 2298 705 2367 φωνὴν
736 2298 984 2367 ἀφιέντος
1025 2301 1105 2367 (οὐ
1150 2301 1257 2372 γὰρ
1288 2302 1426 2366 ἄξιοι
1465 2304 1625 2373 ἡμεῖς
1661 2320 1773 2356 τοι-

209 2375 387 2447 αύτης
412 2378 641 2433 ἀκοῦσαι
670 2382 897 2451 φωνῆς),
914 2382 1051 2435 ἀλλά
1083 2384 1263 2455 πάσης
1290 2385 1585 2454 σάλπιγγος
1614 2386 1775 2455 εὐση-

213 2460 450 2531 μότερον
474 2463 574 2533 τῆς
622 2464 825 2518 ἀνωθεν
856 2466 1085 2535 ἀπειλῆς
1138 2467 1574 2539 ἀνακραγούσης.
1613 2467 1771 2532 Ἀλλ’,

210 2542 355 2612 ὅπερ
387 2544 543 2615 ἔφην,
570 2545 700 2600 Ἐτι
751 2548 909 2617 τρεῖς
948 2548 1181 2619 ἡμέραι,
1216 2552 1372 2621 φησί,
1425 2552 1523 2605 καί
1576 2551 1781 2606 Nar-avt

213 2628 803 2696 καταστραφήσεται.
848 2631 1059 2702 Φοϐερά
1092 2632 1259 2696 ὅντως
1302 2636 1335 2704 ἠ
1376 2634 1595 2704 ἀπειλή.
1641 2633 1777 2687 Ἀλλ’

212 2708 374 2762 οὐδὲν
416 2712 653 2766 τοιοῦτόν
700 2714 815 2767 ἐστι
848 2714 961 2768 νῦν.
1010 2716 1086 2769 Οὐ
1130 2716 1238 2786 γὰρ
1267 2716 1347 2770 ἐτι
1378 2720 1525 2788 τρεῖς
1554 2718 1779 2789 ἡμέραι,

276 2894 311 2927 ι
339 2884 544 2936 Rectius
554 2894 804 2951 sumptum
825 2891 997 2941 fuisset
1018 2891 1262 2943 ἐπέπεσεν.

216 3058 2072 3088 m

1864 559 1982 613 οὐδὲ
2021 558 2209 611 Νινευῒ
2237 559 2772 628 καταστραφήσεται,
2807 557 2944 611 ἀλλά
2992 559 3183 611 πολλού⁵
3219 562 3425 633 ἡμέραι

1862 640 1922 705 ἐξ
1950 634 2010 694 οῦ
2036 640 2132 710 τῆς
2161 640 2485 710 οἰκουμένης
2508 642 2541 711 ἡ
2570 639 2863 708 Ἐκκλησία
2886 641 3310 711 κατέστραπται,
3330 647 3424 699 καὶ

1862 725 1945 785 εἰς
1977 723 2171 792 ἔδαφος
2200 726 2398 785 κεῖται,
2428 723 2645 775 πάντων
2677 721 2736 787 ἐξ
2761 723 2881 793 ἴσης
2901 722 2978 792 τῷ
3010 723 3165 793 κακῷ
3198 741 3421 798 κατεχοο

1866 807 2064 876 μένων,
2112 805 2308 875 μᾶλλον
2350 806 2407 859 δέ
2450 806 2558 858 τῶν
2592 805 2651 856 ἐν
2673 807 2868 876 ἀρχαῖς
2902 805 3071 858 ὄντων
3098 809 3211 869 τοῖς
3241 809 3425 870 αὐτοῖς

1865 888 2197 943 ὑπευθύνων·
2257 888 2379 942 ὅθεν
2437 890 2531 941 καὶ
2587 888 2649 940 τὸ
2710 888 2879 941 κακὸν
2939 892 3139 958 χεῖρον,
3171 891 3279 961 ὅσῳ
3329 892 3424 943 καί¹

1865 971 2063 1025 πλείων
2091 971 2275 1035 αὐτοῖς
2306 973 2339 1041 ή
2385 972 2621 1041 ἀνάγκη.
2652 971 2743 1041 Μὴ
2774 970 2955 1024 τοίνυν
2983 972 3298 1044 θαυμάσητε
3336 972 3428 1027 διά

1864 1056 1918 1108 τί
1943 1055 2164 1125 μείζονα
2189 1055 2470 1125 παρῄνεσα
2504 1056 2677 1107 ποιεῖν
2701 1053 2810 1106 τῶν
2837 1053 2884 1105 Ν
2892 1055 3136 1107 ινευῖτῶν
3155 1071 3170 1086 ⁸
3226 1056 3423 1126 μᾶλλον

1864 1139 1921 1192 δὲ
1949 1139 2010 1191 οὐ
2040 1138 2291 1210 νηστείαν
2325 1138 2582 1209 κηρύττω
2607 1138 2702 1191 νῦν
2732 1139 2911 1208 μόνον,
2943 1138 3078 1192 ἀλλά
3108 1139 3170 1191 τὸ
3205 1140 3429 1210 φάρμα-

1867 1240 1962 1277 κον
1990 1224 2168 1277 ἐκεῖνο
2200 1222 2575 1293 ὑποδείκνυμι,
2604 1222 2632 1275 ὃ
2660 1224 2753 1275 καὶ
2789 1223 2887 1293 τὴν
2912 1222 3068 1275 πόλιν
3097 1222 3312 1292 ἐκείνην
3338 1223 3428 1278 πί-

1868 1322 2105 1359 πτουσαν
2137 1306 2418 1374 ἀνέστησε.
2455 1308 2614 1359 Ποῖον
2663 1306 2727 1375 δὴ
2755 1304 2946 1367 τοῦτο;
3004 1301 3143 1357 Εἶδε
3192 1306 3426 1373 Κύριος,

1868 1390 2053 1459 φησὶν,
2090 1388 2432 1456 ὅτιάπέστη
2465 1388 2720 1453 ἕκαστος
2750 1388 2867 1441 ἀπὸ
2905 1386 3021 1439 τῶν
3052 1386 3207 1441 ὁδῶν
3243 1388 3429 1443 αὑτοῦ

1868 1470 1987 1525 τῶν
2036 1472 2339 1541 πονηρῶν,
2389 1472 2487 1524 καὶ
2527 1469 3027 1541 μετενόησεν’ἐπί
3058 1469 3133 1537 τῇ
3161 1471 3357 1536 κακίᾳ,
3386 1465 3430 1541 ᾖ

1868 1554 2133 1623 ἐλάλησε
2173 1554 2420 1621 ποιῆσαι
2452 1554 2677 1619 αὐτοῖς.
2737 1552 2907 1606 Τοῦτο
2954 1554 3284 1625 πράττωμεν
3336 1554 3432 1606 καὶ⁹

1870 1641 2031 1710 ἡμεῖς
2082 1639 2177 1693 καὶ
2229 1640 2418 1709 ὑμεῖς·
2453 1638 2777 1707 ἀποστῶμεν
2823 1634 2921 1689 τοῦ
2970 1638 3080 1690 τῶν
3133 1636 3432 1707 χρημάτων

1872 1722 2091 1793 ἐρωτος,
2137 1720 2230 1775 τοῦ
2283 1722 2379 1791 τῆς
2412 1719 2590 1790 δόξης,
2643 1719 3088 1790 παρακαλοῦντες
3142 1720 3234 1772 τὸν
3298 1718 3433 1773 Θεὸν

1872 1808 2027 1876 χεῖρα
2058 1804 2262 1874 ὀρέξαι,
2298 1805 2390 1857 καὶ
2422 1804 2773 1873 διαναστῆσαι
2804 1806 2871 1857 τά
2920 1804 3244 1857 πεπτωκότα
3274 1803 3430 1873 μέλη.

1872 1887 2006 1941 Οὐδὲ
2044 1887 2152 1959 γὰρ
2196 1887 2334 1955 ὑπὲρ
2362 1886 2468 1939 τῶν
2493 1888 2673 1940 αὐτῶν
2718 1887 2751 1938 0
2778 1886 2959 1954 φόϐος.
3016 1886 3150 1939 Τότε
3199 1886 3297 1956 μὲν
3324 1883 3433 1955 γὰρ

1871 1968 2007 2022 λίθοι
2058 1970 2153 2022 καὶ
2206 1967 2339 2034 ξύλα
2373 1970 2734 2022 καταπίπτειν
2774 1968 3019 2039 ἔμελλον,
3071 1969 3166 2022 καὶ
3208 1968 3436 2036 σώματα

1873 2050 1988 2123 [80]
2020 2050 2390 2122 ἀναιρεῖσθαι·
2448 2052 2540 2106 νῦν
2568 2054 2621 2105 δὲ
2653 2053 2859 2107 τούτων
2886 2053 3063 2118 οὐδὲν,
3106 2053 3242 2106 ἀλλά
3265 2051 3436 2120 ψυχαὶ

1870 2133 1949 2203 τῷ
1985 2136 2084 2207 τῆς
2113 2134 2337 2204 γεέννης
2374 2133 2626 2204 μέλλουσι
2654 2135 3043 2206 παραδίδοσθαι
3073 2134 3224 2205 πυρί.
3252 2134 3435 2207 Παρα-

1872 2204 2213 2288 καλέσήωμεν,
2264 2204 2808 2289 ἐξομολογησώμεθα,
2843 2219 2983 2288 ὑπὲρ
3013 2218 3121 2270 τῶν
3152 2204 3435 2286 προτέρων

1874 2307 2023 2377 αὐτῷ
2071 2306 2231 2377 χάριν
2284 2306 2727 2376 ὁμολογήσωμεν,
2785 2306 2923 2376 ὑπὲρ
2976 2305 3083 2357 τῶν
3133 2302 3436 2373 μελλόντων

1873 2389 2115 2459 αἰτῶμεν
2147 2388 2233 2441 ἵνα
2284 2387 2734 2457 καταξιωθῶμεν,
2764 2387 2855 2439 τοῦ
2897 2387 3086 2458 θηρίου
3114 2383 3305 2436 τούτου
3337 2379 3433 2434 τοῦ

1874 2471 2109 2542 χαλεποῦ
2147 2471 2242 2524 καὶ
2290 2470 2591 2525 δεινοτάτου
2640 2470 3061 2538 ἀπαλλαγέντες,
3091 2468 3249 2539 χάριν
3300 2462 3435 2519 ἀνα-

1872 2554 2088 2625 πέμψαι
2144 2554 2223 2623 τῷ
2267 2554 2633 2626 φιλανθρώπῳ
2665 2554 2784 2624 Θεῷ
2832 2554 2926 2607 καὶ
2958 2553 3156 2622 Πατρί,
3199 2550 3318 2622 μεθ’
3370 2542 3433 2602 οῦ

1873 2636 1953 2706 τῷ
2003 2636 2118 2706 Υίῷ
2173 2637 2292 2706 άμα
2347 2636 2425 2707 τῷ
2474 2637 2615 2707 ἁγίῳ
2675 2636 2955 2705 Πνεύματι
3008 2635 3157 2700 δόξα,
3211 2631 3433 2703 κράτος,

1874 2717 2028 2788 τιμὴ,
2061 2717 2155 2771 νῦν
2183 2719 2277 2773 καὶ
2298 2719 2406 2784 ἀεὶ,
2441 2720 2534 2773 καὶ
2572 2721 2651 2783 εἰς
2678 2720 2806 2783 τοὺς
2848 2717 3048 2781 αἰῶνας
3071 2716 3177 2771 τῶν
3203 2715 3452 2781 αἰώνων.⁴

1889 2801 2081 2881 Ἄρην.

2099 3072 3392 3101 --.-..,-.-.........-..........--.

1683 3229 1919 3284 ΟΜΙΛΙΔ
1955 3230 2056 3284 lA'.

216 3404 339 3477 Ἓν
358 3404 528 3476 σῶμα
576 3407 673 3462 καί
704 3406 776 3462 ἓν
810 3408 1067 3477 πνεῦμα,
1103 3406 1294 3473 καθὼς
1343 3407 1439 3462 κιιί
1467 3407 1779 3477 ⁸ἐκλήθητε

286 3476 365 3548 ἐν
381 3474 489 3545 μιᾷ
511 3478 710 3532 ἐλπίδι
753 3477 863 3547 τῆς
891 3474 1165 3545 κλήσεως
1189 3476 1354 3548 ὐμῷν
1382 3497 1394 3510 ·
1428 3474 1516 3543 εἷς
1542 3474 1776 3544 Κύριος,

280 3544 397 3618 μία
455 3544 679 3614 πίστις,
727 3544 1343 3618 ἐν’βάπτισμαοίεῖςί
1390 3549 1534 3618 Θεὸς
1578 3547 1779 3617 Πατὴρ

287 3616 554 3677 πάντων,
608 3620 643 3671 ὁ
682 3618 780 3671 ἐπὶ
816 3616 1084 3681 πάντων,
1127 3617 1225 3671 καί
1264 3617 1359 3671 διὰ
1386 3617 1645 3679 πάντων,
1679 3617 1776 3671 καί

287 3687 365 3741 ἐν
394 3685 604 3742 πᾶσιν.
635 3688 759 3741 Ἑνί
787 3688 855 3740 δὲ
881 3686 1118 3754 ἑκάστῳ
1146 3687 1313 3755 ἡμῶν
1340 3686 1514 3753 ἐδόθη
1540 3688 1581 3754 ἡ
1610 3686 1778 3756 χάρις

289 3757 446 3810 κατὰ
475 3756 541 3810 τὸ
568 3757 789 3826 μέτρον
818 3756 926 3826 τῆς
947 3756 1165 3826 δωρεᾶς
1194 3756 1301 3810 τοῦ
1326 3756 1603 3826 Χριστοῦ.

277 3903 352 3952 α’.
370 3896 615 3968 ’Δγάπην
631 3897 783 3968 ζητεῖ
799 3897 926 3967 παρ’
950 3896 1104 3967 ἡμῶν
1126 3897 1153 3949 0
1176 3894 1381 3958 Παῦλος
1405 3895 1463 3948 οὑ
1480 3895 1576 3965 τὴν
1591 3892 1779 3964 τυχοῦ-

210 4002 345 4049 σαν,
374 3984 512 4038 ἀλλά
556 3985 656 4056 τὴν
695 3984 1077 4053 συγκολλῶσαν
1101 3984 1247 4054 ήμᾶς
1282 3983 1374 4037 καί
1401 3983 1777 4045 ἀδιασπάστως

209 4072 367 4144 ἔχειν
404 4074 543 4144 πρὸς
568 4072 829 4144 ἀλλήλους
860 4071 1142 4135 ποιοῦσαν,
1172 4072 1267 4125 καὶ
1291 4070 1557 4140 τοσαύτην
1585 4070 1776 4123 ἐνωσιν

209 4161 315 4215 καὶ
335 4160 509 4223 οὕτως
555 4159 773 4235 ἀκριϐῆ
812 4158 1211 4230 παρεχομένην,
1245 4158 1441 4212 ὠσανεί
1472 4157 1607 4229 μέλη
1640 4156 1777 4228 πρὸς

216 4249 385 4320 μέλη.
408 4248 554 4319 Αὕτη
575 4250 683 4319 γάρ
699 4250 892 4319 ἐστινὴ
920 4248 989 4301 τὰ
1011 4246 1221 4317 μεγάλα
1249 4245 1586 4316 ἐργαζομένη
1616 4244 1773 4299 καλά.

211 4338 324 4390 Διά
350 4336 505 4390 τοῦτό
525 4353 709 4407 φησιν·
735 4338 844 4390 Ἓν
868 4334 1058 4404 σῶμα,
1091 4334 1186 4388 καὶ
1226 4336 1291 4404 τῇ
1323 4332 1653 4404 συμπαθείᾳ,
1684 4332 1778 4386 καὶ

213 4422 305 4495 τῷ
338 4423 413 4494 μὴ
444 4423 723 4494 βάλλεσθαι
748 4424 860 4485 τοῖς
882 4422 1081 4493 ἐτέρων
1104 4421 1326 4489 ἀγαθοῖς
1351 4432 1399 4483 ⁸,
1427 4420 1520 4473 καὶ
1550 4418 1628 4488 τῷ
1657 4435 1779 4487 συγ-

220 4511 466 4583 χαίρειν.
512 4511 614 4563 Καὶ
642 4512 819 4563 πάντα
845 4508 980 4578 ὁμοῦ
1005 4509 1093 4562 διά
1126 4506 1313 4561 τούτου
1347 4505 1543 4571 δείξας,
1570 4508 1677 4560 Kal
1706 4505 1777 4559 ἓν

218 4597 482 4665 πνεῦμα,
518 4596 693 4660 καλῶς
741 4594 880 4661 εἷπε,
908 4596 1122 4659 δεικνὺς
1156 4595 1236 4648 ὅτι
1256 4594 1363 4648 ἀπὸ
1393 4593 1485 4646 τοῦ
1518 4593 1636 4658 ἐνὸς
1669 4593 1773 4647 σώ-

215 4701 397 4755 ματος
440 4683 497 4735 ἒν
552 4683 765 4754 πνεῦμα
794 4682 967 4748 ἔσται,
994 4683 1028 4754 ἢ
1068 4683 1151 4735 ὅτι
1194 4680 1307 4734 ἐστι
1339 4680 1437 4751 μὲν
1461 4679 1619 4751 σῶμα
1642 4674 1779 4732 εἶναι

208 4773 302 4835 ἓν,
343 4773 444 4842 οὐχ
477 4772 533 4824 ἓν
569 4773 626 4826 δὲ
658 4772 903 4842 πνεῦμα·
943 4770 1018 4835 ώς
1052 4770 1118 4824 ἂν
1161 4771 1214 4823 εί
1245 4787 1330 4833 τις
1369 4770 1463 4822 καὶ
1488 4769 1780 4839 αἰρετικῶν

208 4860 379 4932 φίλος
408 4859 530 4930 εἴη·
566 4859 599 4931 ἢ
650 4859 757 4913 ἀπὸ
803 4858 993 4911 τούτου
1033 4857 1171 4930 πρὸς
1217 4857 1475 4926 ὁμόνοιαν
1520 4856 1776 4921 δυσωπεῖ,

214 4944 446 5002 τοιοῦτό
478 4963 528 4998 τι
579 4945 769 5014 λέγων·
800 4945 866 5001 Ol
896 4944 954 4998 ἓν
1002 4944 1219 5014 πνεῦμα
1262 4943 1542 5005 λαϐόντες,
1588 4944 1682 4996 καὶ
1718 4944 1783 4996 ἐκ

206 5037 354 5109 μιᾶς
385 5034 731 5095 ποτισθέντες
776 5033 982 5105 πηγῆς,
1016 5034 1116 5086 οὐκ
1152 5032 1391 5101 ὀφείλετε
1420 5031 1707 5102 διχονοεῖνο
1747 5029 1781 5101 ἢ

202 5120 441 5193 πνεῦμα
467 5121 699 5176 ἐνταῦθα
720 5121 819 5193 τὴν
845 5120 1153 5192 προθυμίαν
1180 5119 1363 5189 φησίν.
1390 5113 1523 5171 Εἶτα
1541 5119 1780 5186 ἐπάγων,

164 5203 428 5276 ’Καθὼς
496 5209 808 5277 ἐκλήθητε,
861 5208 1045 5280 φησὶν,
1107 5208 1204 5260 Ἐν
1253 5206 1360 5276 μιᾷ
1420 5205 1618 5260 ἐλπίδι
1674 5204 1784 5273 τῆς

202 5299 500 5364 κλήσεως
538 5296 724 5367 ὑμῶν.
773 5298 1083 5359 Τουτέστιν,
1126 5295 1183 5349 Ὀ
1221 5294 1351 5358 Θεὸς
1378 5295 1521 5364 ὑμᾶς
1553 5293 1645 5346 ἐπὶ
1673 5295 1783 5357 τοῖς

198 5388 407 5449 αὐτοῖς
440 5386 728 5440 ἐκάλεσεν*
794 5385 946 5438 οὐδὲν
990 5384 1161 5455 ἑτέρῳ
1202 5382 1364 5435 πλέον
1396 5382 1654 5451 ἀπένειμε
1685 5381 1780 5433 τοῦ

198 5475 411 5545 ἐτέρου
438 5486 452 5499 °
490 5474 655 5525 πᾶσιν
688 5472 1008 5533 ἀθανασίαν,
1034 5472 1171 5524 πᾶσι
1200 5469 1343 5540 ζωὴν
1380 5468 1616 5532 αἰώνιον,
1649 5469 1783 5521 πᾶσι

195 5564 381 5631 δόξαν
417 5562 707 5625 ἀθάνατον,
755 5562 919 5616 πᾶσιν
952 5560 1306 5631 ἀδελφότητα,
1339 5560 1470 5613 πᾶσι
1521 5560 1782 5631 κληρονο-

265 5752 299 5780 ⁸
334 5750 478 5799 Unus
506 5749 659 5798 codex
686 5755 734 5797 el
756 5762 907 5809 marg.
931 5746 1101 5802 Savil..
1127 5750 1207 5795 καὶ
1229 5749 1297 5808 τῷ
1319 5745 1591 5809 συμπαθεῖν,
1615 5748 1693 5793 καὶ
1717 5748 1785 5807 τῷ

200 5815 271 5873 μή
303 5813 565 5922 ᾗάκνεσθαι
602 5811 698 5866 τοῖς
735 5808 901 5872 ἐτέρων
940 5810 1142 5871 ἀγαθοῖς,
1183 5821 1292 5870 quae
1336 5808 1481 5857 lectio
1518 5821 1613 5857 non
1649 5821 1785 5869 sper-

199 5886 308 5923 neu
354 5888 399 5922 a.

1886 3407 2015 3480 μίαν
2057 3407 2361 3479 ἐχαρίσατο.
2436 3408 2601 3479 Κοινὴ
2660 3408 2875 3462 πάντων
2930 3408 3147 3477 ἐγένετο
3207 3410 3436 3481 κεφαλὴ,

1880 3499 2084 3561 πάντας
2110 3498 2397 3567 συνήγειρε
2424 3497 2519 3550 καὶ
2549 3496 2920 3550 συνεκάθισεν.
2962 3497 3025 3549 Ol
3044 3497 3221 3551 τοίνυν
3244 3500 3301 3552 ἐν
3322 3502 3437 3564 τοῖς

1882 3584 2269 3653 πνευματικοῖς
2325 3581 2592 3652 τοσαύτην
2650 3582 2865 3652 ἔχοντες
2922 3583 3213 3653 ἰσοτιμίαν,
3271 3584 3438 3639 πόθεν

1885 3670 2025 3740 μέγα
2082 3670 2366 3739 φρονεῖτε;
2416 3670 2497 3721 ὅτι
2529 3671 2558 3722 0
2599 3669 2747 3723 δεῖνα
2779 3669 3051 3735 πλούσιος,
3098 3671 3192 3723 καὶ
3228 3672 3257 3723 0
3291 3671 3439 3726 δεῖνα

1882 3755 2094 3826 ἰσχυρός
2118 3773 2133 3821 ;
2161 3756 2256 3809 καὶ
2284 3754 2398 3819 πῶς
2420 3757 2519 3808 οὑκ
2543 3756 2608 3809 ἂν
2631 3756 2713 3825 εἴη
2741 3756 2898 3809 τοῦτο
2923 3756 3093 3825 γέλως
3118 3775 3133 3824 ;
3168 3757 3304 3810 Εἰπέ
3328 3758 3438 3829 γάρ

1880 3859 1990 3913 μοι,
2025 3844 2073 3895 εί
2099 3841 2412 3912 ὀ.βασιλεύς
2450 3859 2581 3895 ποτε
2628 3841 2808 3895 λαϐὼν
2847 3842 3084 3913 ὀνόματα
3112 3844 3269 3909 δέκα,
3298 3846 3437 3899 πάν-

1877 3947 1973 3993 τας
2000 3930 2292 4001 ἁλουργίδα
2328 3928 2564 3992 ἐνέδυσε,
2603 3929 2697 3983 καὶ
2727 3930 2819 3982 ἐπὶ
2854 3929 2946 3982 τοῦ
2978 3929 3167 4001 θρόνου
3216 3931 3437 3986 ἐκάθισε

1876 4018 1969 4072 τοῦ
2010 4019 2310 4089 βασιλικοῦ,
2367 4019 2461 4071 καὶ
2509 4019 2674 4071 πᾶσιν
2706 4018 2873 4075 ἔδωκε
2922 4019 3022 4088 τὴν
3050 4020 3218 4090 αὐτὴν
3250 4020 3434 4091 τιμὴν,

1877 4101 1985 4177 ἆρα
2031 4106 2097 4160 ἂν
2129 4106 2331 4159 τούτων
2373 4105 2638 4175 ἐτόλμησέ
2670 4122 2755 4169 τις
2798 4105 3052 4158 ὀνειδίσαι
3098 4105 3189 4159 τὸν
3226 4106 3433 4176 ἕτερον,

1877 4194 1952 4257 ὡς
1988 4195 2383 4267 πλουσιώτερος
2408 4194 2503 4259 ὢν,
2536 4196 2570 4266 ἢ
2600 4195 2674 4255 ὡς
2704 4195 3110 4265 λαμπρότερος;
3153 4195 3435 4266 Οὐδαμῶς.

1878 4282 1991 4355 [81]
2024 4284 2131 4336 Καὶ
2153 4282 2304 4337 οὔπω
2326 4283 2388 4336 τὸ
2412 4284 2520 4335 πᾶν
2570 4283 2799 4353 εἴρηκα·
2843 4283 2903 4335 οὐ
2951 4283 3060 4353 γὰρ
3093 4282 3346 4337 τοσοῦτον
3375 4283 3437 4337 τὺ

1880 4372 2064 4442 μέσον.
2105 4372 2194 4424 Ἐν
2221 4368 2317 4426 οὖν
2345 4374 2456 4431 τοῖς
2476 4371 2725 4442 οὐρανοῖς
2760 4370 2885 4434 ῐσοι,
2916 4370 3012 4423 καὶ
3050 4371 3199 4425 κάτω
3222 4372 3435 4443 διεστή-

1876 4475 2085 4527 καμεν;
2120 4454 2223 4523 Εἷς
2282 4460 2514 4526 Κύριος.
2562 4458 2671 4527 μία
2722 4458 2947 4523 πίστις,
2982 4457 3053 4510 ἐν
3092 4457 3429 4527 βάπτισμα.

1889 4546 2020 4599 Ἰδοὺ
2058 4549 2091 4616 ἡ
2120 4546 2273 4609 ἐλπὶς
2321 4547 2420 4615 τῆς
2471 4546 2737 4617 κλήσεως.
2773 4541 2877 4611 Εἷς
2910 4544 3054 4612 Θεὸς
3102 4546 3200 4599 καὶ
3230 4547 3436 4617 Πατὴρ

1878 4636 2138 4698 πάντων,
2166 4637 2199 4688 d
2235 4635 2336 4688 ἐπὶ
2375 4636 2635 4699 πάντων,
2674 4635 2774 4689 καί
2798 4635 2894 4688 διὰ
2940 4635 3200 4700 πάντων,
3231 4636 3330 4690 καὶ
3366 4636 3437 4691 ἐν

1880 4721 2070 4777 πᾶσιν
2094 4724 2296 4789 αὐτός.
2336 4722 2426 4791 Μὴ
2453 4722 2562 4792 γάρ
2601 4724 2685 4776 σοὶ
2712 4724 2811 4793 μὲν
2843 4724 2873 4775 0
2913 4723 3136 4793 μείζων,
3163 4724 3358 4795 ἐκείνῳ
3379 4723 3435 4776 δὲ

1880 4811 1909 4862 0
1943 4810 2179 4863 ἐλάττων
2209 4809 2481 4879 ἐπεκλήθη
2506 4827 2521 4876 ;
2555 4810 2628 4880 μὴ
2666 4809 2776 4879 γάρ
2807 4810 2871 4862 σὺ
2900 4810 2998 4879 μὲν
3025 4810 3133 4863 ἀπὸ
3164 4811 3433 4875 πίστεως,

1880 4897 2087 4959 ἐκεῖνος
2119 4896 2177 4949 δὲ
2211 4896 2318 4949 ἀπὸ
2353 4896 2529 4967 ἔργων
2554 4894 2769 4964 ἐσώθης
2810 4896 2884 4967 μὴ
2908 4898 3017 4967 γάρ
3051 4898 3134 4950 σοὶ
3158 4898 3255 4967 μὲν
3278 4898 3436 4966 ἀφεί-

1883 4981 1949 5053 θη
1998 4982 2086 5036 διά
2137 4982 2231 5061 τοῦ
2283 4982 2656 5053 βαπτίσματος
2677 5024 2693 5049 ,
2720 4983 2915 5054 ἐκείνῳ
2946 4983 3004 5036 δὲ
3041 4982 3143 5049 οὓς
3179 4984 3392 5052 ’Δπαγε
3419 5001 3435 5015 ·

1882 5065 1987 5135 Εἷς
2016 5070 2158 5137 Θεὸς
2184 5071 2284 5124 καί
2332 5071 2533 5138 Πατὴρ
2565 5070 2825 5135 πάντων,
2844 5072 2878 5124 ό
2912 5070 3013 5124 ἐπὶ
3042 5069 3303 5135 πάντων,
3340 5071 3437 5124 καὶ

1882 5156 1979 5210 διὰ
2000 5157 2262 5221 πάντων,
2294 5157 2393 5211 καί
2420 5158 2489 5211 ἐν
2512 5158 2703 5213 πᾶσιν
2722 5157 3028 5227 {min—'0
3055 5158 3153 5212 ἐπὶ
3176 5157 3436 5221 πάντων,

1882 5246 2181 5311 τουτέστιν,
2204 5248 2232 5299 0
2257 5246 2440 5301 ἐπάνω
2464 5246 2679 5300 πάντων
2698 5261 2713 5276 ⁶
2748 5246 2858 5301 Kal
2885 5247 2985 5300 διὰ
3005 5246 3265 5311 πάντων,
3291 5262 3439 5298 τουτ-

1884 5332 2021 5399 ἐστι,
2047 5332 2309 5403 προνοῶν,
2334 5332 2551 5387 διοικῶν
2583 5350 2598 5364 ·
2631 5334 2739 5387 Kal
2762 5334 2833 5387 ἐν
2868 5319 3059 5389 πᾶσιν
3081 5333 3225 5402 ὑμῖν
3245 5372 3261 5397 ,
3286 5349 3441 5386 τουτ-

1885 5419 2050 5486 έστιν,
2082 5422 2111 5473 0
2139 5422 2196 5474 ἐν
2251 5422 2415 5474 πᾶσιν
2451 5418 2636 5473 οἰκῶν.
2689 5420 2881 5473 Καίτοι
2943 5419 3036 5471 τοῦ
3097 5418 3248 5481 Υίοῦ,
3281 5418 3441 5471 τοῦτο

1885 5506 2022 5561 εἷναί
2074 5523 2238 5576 φησιν
2266 5523 2283 5539 ·
2316 5507 2455 5560 ὥστε
2507 5508 2556 5558 εἰ
2597 5506 2942 5568 ἐλαττώσεως
2966 5500 3053 5575 ἦν,
3078 5505 3178 5557 οὐκ
3213 5504 3278 5557 ἂν
3310 5505 3441 5575 περὶ

1886 5595 1979 5648 τοῦ
2010 5594 2222 5666 Πατρὸς
2254 5593 2481 5664 ἐρρήθη.
2526 5592 2652 5646 Ἐνὶ
2688 5591 2758 5644 δὲ
2788 5589 3021 5656 ἑκάστῳ
3055 5589 3225 5659 ἡμῶν
3260 5590 3439 5659 ἐδόθη

1888 5684 1927 5750 ή
1967 5680 2157 5750 χάρις.
2215 5681 2282 5757 Τί
2314 5676 2440 5746 οῦν,
2476 5680 2630 5749 φησί,
2683 5678 2777 5730 καὶ
2814 5676 2979 5729 πόθεν
3014 5676 3084 5729 τά
3126 5678 3440 5748 χαρίσματα

1887 5768 2152 5839 διάφορα;
2180 5767 2348 5820 Τοῦτο
2378 5766 2485 5836 γὰρ
2511 5766 2598 5817 ἀεὶ
2640 5764 2732 5817 καὶ
2778 5764 2972 5827 αὐτοὺς
3006 5766 3101 5817 καὶ
3127 5765 3441 5836 Κορινθίους

1889 5858 1980 5923 καὶ
2038 5855 2261 5917 πολλοὺς
2303 5855 2541 5921 ἑτέρους,
2583 5852 2705 5914 τοὺς
2757 5852 2851 5920 μὲν
2897 5852 2978 5913 εἰς
3009 5852 3283 5915 ἀπόνοιαν,
3317 5852 3438 5915 τοὺς
