4002 6508
562 398 625 454 81
1268 406 1325 461 S.
1367 404 1656 467 JOANNIS
1684 410 2176 470 CHRYSOSTOMI
2213 417 2530 478 ARCHIEP.
2569 424 3121 487 CONSTANTINOP.
3704 436 3774 490 δε

558 516 617 568 δέ
641 515 722 579 εἰς
749 516 985 586 ἀθυμίαν
1026 518 1119 572 καὶ
1155 520 1348 589 φθόνον
1366 524 1558 594 ἀνῆγε.
1588 527 1686 580 Διά
1720 529 1877 583 τοῦτο
1911 549 2113 586 παντα-

2217 537 2328 599 τοῖς
2352 537 2703 596 ἀποθανοῦσι.
2731 541 2830 595 Διά
2853 542 2906 595 τί
2933 542 3091 597 τοῦτο
3126 545 3185 599 τὸ
3225 545 3421 616 χωρίον
3481 545 3773 619 ἐπεξεργά-

560 600 656 703 χοῦ
704 603 766 658 16
806 606 1184 707 τοῦ,σὼματος
1212 611 1513 684 ὑπόδειγμα
1544 619 1959 689 παραλαμϐάνει
1986 638 2001 653 ’
2029 622 2117 677 διά
2217 621 2369 686 ζεται
2399 625 2632 680 ἐνταῦθα
2661 645 2677 693 ;
2710 630 2806 682 καὶ
2831 630 2988 683 ποίαν
3011 600 3385 700 αἰχμαλῶσίαν
3419 634 3554 704 φησί

558 692 714 746 τοῦτο
745 696 839 748 καὶ
871 695 966 751 νῦν
999 697 1157 752 τοῦτο
1197 700 1440 756 τέθεικεν
1459 746 1474 770 ,
1499 706 1687 777 ἐπειδὴ
1714 709 1904 780 ἔμελλε
1926 712 2113 782 διαφό-

559 798 669 871 ρων
711 785 1063 855 χαρισμάτων
1129 792 1509 859 μνημονεύειν.
1551 796 1965 870 Ἀκριϐέστερον
2014 803 2114 871 μὲν

555 864 649 923 οὖν
666 870 800 925 αὐτὸ
827 874 883 925 ἐν
910 877 978 949 τῇ
1005 876 1143 947 πρὸς
1163 880 1481 949 Κορινθίους
1509 864 1793 959 Ἐπιστολῇ
1826 864 2115 964 ἐπεξέρχε-

554 977 664 1051 ται,
720 964 909 1038 ἐπειδὴ
950 969 1045 1022 καὶ
1076 971 1196 1024 ἐκεῖ
1223 974 1459 1045 μάλιστα
1489 977 1550 1030 16
1574 978 1787 1051 νόσημα
1807 982 1965 1037 τοῦτο
1994 986 2115 1039 ἐτυ-

552 1049 733 1121 ράννει
764 1069 779 1083 ο
812 1052 907 1107 νῦν
948 1056 1007 1109 δὲ
1056 1059 1291 1116 ἐνταῦθα
1327 1064 1487 1133 μόνον
1517 1049 1736 1138 ᾐνίξατο
1758 1085 1773 1101 °
1812 1071 1908 1124 καὶ
1934 1073 2036 1143 ὅρα
2060 1074 2113 1129 τί

552 1160 737 1237 φησιν.
773 1146 886 1199 Οὐκ
920 1144 1040 1201 εἷπε
1064 1190 1079 1214 ,
1116 1153 1271 1208 Κατά
1300 1156 1398 1225 τὴν
1428 1159 1659 1213 ἑκάστου
1687 1161 1892 1229 πίστιν,
1919 1164 2007 1219 ἵνα
2035 1158 2111 1237 μῆ

548 1236 629 1297 εἰς
662 1236 899 1327 ἀθυμίαν
928 1240 1138 1315 ἐμϐάλῃ
1168 1245 1431 1313 ἐκείνους,
1462 1251 1588 1314 τοὺς
1620 1254 1874 1323 μεγάλων
1910 1255 1987 1327 μὴ
2020 1236 2111 1313 τεση

548 1325 855 1418 τυχηκότας
886 1346 897 1357 ·
932 1330 1067 1383 ἀλλά
1088 1334 1179 1398 τί;
1214 1336 1372 1392 Κατὰ
1399 1338 1465 1391 τὸ
1493 1338 1709 1409 μέτρον
1746 1342 1857 1412 τῆς
1888 1325 2111 1418 δωρεᾶς

550 1414 658 1469 τοῦ
693 1419 970 1487 Χριστοῦ.
1013 1423 1093 1477 Τά
1131 1425 1346 1507 πάντων
1380 1431 1904 1506 κεφαλαιωδέστερα,
1951 1414 2107 1507 φησι,

506 1528 513 1533 ·
550 1508 707 1563 κοινὰ
738 1511 953 1567 πάντων
991 1516 1128 1579 ἐστὶ,
1150 1518 1209 1570 16
1227 1500 1526 1592 βάπτισμα,
1551 1524 1613 1577 16
1631 1524 1720 1578 διά
1748 1500 2106 1593 πίστεως

549 1598 729 1670 θῆναι,
754 1604 814 1657 τὸ
837 1605 928 1658 τὸν
957 1606 1086 1660 Θεὸν
1106 1607 1249 1679 ἔχειν
1280 1612 1514 1685 Πατέρα,
1541 1616 1601 1669 16
1627 1617 1722 1671 106
1746 1618 1910 1673 αὐτοῦ
1936 1615 2111 1677 Ilva}:

548 1712 719 1765 ματος
746 1697 991 1762 ἅπαντας
1016 1701 1281 1771 μετέχειν.
1317 1704 1382 1756 El
1411 1704 1468 1758 δέ
1499 1722 1550 1759 τι
1581 1706 1739 1762 πλέον
1763 1710 1792 1763 6
1822 1710 1969 1765 δεῖνα
1992 1712 2105 1783 εχει

549 1790 609 1842 ὲν
632 1788 711 1860 τῷ
744 1790 1067 1862 χαρίσματι,
1110 1795 1183 1865 μὴ
1217 1793 1393 1863 ἄλγει,
1421 1798 1545 1852 ἐπεὶ
1586 1801 1676 1853 καὶ
1703 1804 1732 1855 6
1759 1803 1920 1869 πόνος
1954 1806 2105 1878 αὐτῷ

545 1879 747 1935 πλείων
786 1882 903 1937 ἐστι
924 1900 939 1915 ·
970 1885 1064 1937 καὶ
1095 1884 1125 1937 6
1157 1885 1226 1939 τὰ
1254 1889 1413 1943 πέντε
1452 1892 1690 1946 τάλαντα
1717 1893 1914 1965 λαϐὼν,
1946 1899 2105 1955 πέντε

545 1972 805 2043 ἀπῃτεῖτο
834 1988 849 2004 ο
878 1974 907 2026 6
941 1973 998 2027 δέ
1023 1976 1091 2029 τά
1118 1976 1233 2041 δύο,
1278 1978 1371 2032 δύο
1423 1983 1581 2052 μόνον
1625 1988 1986 2060 προσήνεγκε,
2011 1993 2106 2047 καὶ

544 2062 695 2117 οὐδὲν
723 2063 942 2118 ἔλαττον
975 2065 1131 2137 ἔσχεν
1165 2070 1393 2128 ἐκείνου.
1424 2072 1523 2127 Διά
1544 2074 1702 2129 τοῦτο
1735 2079 1829 2131 καὶ
1867 2083 2105 2140 ἐνταῦθα

546 2155 654 2207 ἀπὸ
701 2156 801 2228 τῆς
848 2157 1017 2228 αὐτῆς
1053 2161 1231 2225 αἰτίας
1263 2166 1671 2235 παραμυθεῖται
1700 2170 1792 2225 τὸν
1816 2172 2104 2237 ἀκούοντα.

545 2246 702 2317 Πρὸς
754 2251 1156 2322 καταρτισμὸν
1200 2252 1318 2309 τῶν
1353 2257 1557 2328 ἀγίων,
1593 2262 1780 2331 φησιν,
1812 2267 1897 2330 είς
1926 2267 2105 2338 ἔργον

544 2340 874 2411 διακονίας,
915 2345 1003 2410 εις
1039 2346 1362 2419 οἰκοδομὴν
1398 2351 1505 2405 τοῦ
1528 2351 1801 2424 σώματος
1828 2358 1936 2414 τοῦ
1971 2363 2103 2430 Χρι.

542 2433 712 2488 στοῦ.
754 2434 855 2488 Διά
886 2435 1041 2490 τοῦτο
1077 2438 1171 2491 καὶ
1221 2439 1386 2503 αὐτὸς
1428 2440 1636 2511 έλεγενο
1671 2447 1821 2502 Οὐαί
1848 2466 1969 2518 μοι,
1996 2450 2104 2505 ἐὰν

542 2522 629 2592 μὴ
684 2526 1159 2595 εὐαγγελίζωμαι.
1201 2524 1348 2594 Οἷον,
1383 2530 1689 2605 ἀποστολῆς
1716 2536 1875 2590 ἔλαϐέ
1888 2556 1974 2604 τις
2006 2540 2104 2611 χά-

545 2632 735 2685 ρισμα.
764 2615 922 2671 Ἀλλά
944 2617 1032 2672 διὰ
1053 2618 1211 2674 τοῦτο
1244 2620 1392 2692 αὐτῷ
1420 2623 1570 2690 0601,
1601 2627 1789 2699 ἐπειδὴ
1818 2629 2002 2684 ἔλαϐε*
2035 2631 2103 2684 σὺ

513 2706 597 2770 ,δὲ
651 2706 747 2758 τοῦ
803 2707 1044 2761 κινδύνου
1090 2710 1417 2781 ἀπήλλαξαι.
1452 2716 1614 2770 Κατά
1653 2717 1721 2770 τὸ
1764 2720 2004 2788 μέτρον.
2034 2722 2100 2776 Τί

539 2797 673 2856 ἐστι.
727 2797 889 2852 Κατὰ
924 2800 990 2852 τὸ
1020 2799 1285 2869 μέτρον;
1328 2806 1638 2873 Τουτέστιν,
1688 2808 1749 2862 οὐ
1813 2810 1951 2880 πρὸς
2002 2811 2100 2884 τὴν

539 2888 814 2957 ἡμετέραν
853 2889 1009 2953 ἀξίαν
1037 2908 1051 2922 ·
1077 2894 1199 2947 ἐπεὶ
1246 2896 1356 2949 οὐδ’
1386 2898 1454 2951 ἂν
1490 2897 1680 2953 ἔλαϐεν
1715 2900 1887 2965 οὐδεὶς
1910 2901 1947 2956 6.
1977 2902 2099 2957 έλα-

538 2977 632 3032 ϐεν
666 2994 680 3010 ο
720 2979 855 3034 ἀλλά
890 2980 1090 3047 πάντες
1116 2985 1224 3039 ἀπὸ
1254 2988 1352 3061 τῆς
1381 2987 1591 3060 δωρεᾶς
1619 2990 1907 3062 ἐλάϐομεν.

609 3124 674 3193 β’.
694 3125 805 3179 K01
826 3125 915 3179 διὰ
932 3126 985 3180 τί
1006 3128 1034 3180 6
1059 3128 1157 3198 μέν
1179 3129 1359 3193 πλέον,
1380 3132 1408 3185 6
1423 3132 1478 3185 δέ
1501 3133 1741 3203 ἐλαττον;
1766 3138 1931 3192 Οὐδὲν
1943 3139 2099 3196 τοῦτο

539 3214 698 3275 ποιεῖ,
726 3214 911 3282 φησιν,
941 3213 1055 3267 ἀλλ’
1083 3216 1375 3289 ἀδιάφορον
1416 3219 1476 3278 τὸ
1503 3224 1733 3293 πρᾶγμά
1762 3227 1909 3279 ἐστιν
1926 3242 1941 3255 '
1969 3227 2100 3283 ἐκα-

540 3314 662 3362 στος
688 3298 795 3368 γάρ
825 3299 961 3370 πρὸς
985 3300 1082 3372 τὴν
1108 3302 1393 3379 οἰκοδομὴν
1424 3307 1682 3367 συντελεῖ.
1710 3311 1821 3363 K01
1858 3310 1948 3366 διὰ
1970 3314 2098 3369 τοῦ..

536 3402 631 3438 του
658 3385 946 3451 δείκνυσιν,
980 3389 1061 3442 ὅτι
1104 3390 1205 3442 οὐκ
1247 3390 1355 3444 ἀπὸ
1395 3392 1493 3462 τῆς
1521 3395 1724 3459 οἰκείας
1752 3396 1908 3464 ἀξίας
1937 3401 1967 3453 6
1998 3402 2098 3471 μὲν

538 3471 721 3537 πλέον,
749 3475 777 3527 6
822 3474 880 3528 δὲ
930 3472 1151 3529 ἔλαττον
1210 3476 1422 3543 ἐλαϐεν,
1461 3478 1598 3533 ἀλλά
1637 3481 1704 3542 δι’
1745 3484 1993 3556 ἐτέρους,
2019 3489 2096 3555 ὡς

537 3559 650 3633 [82]
684 3561 847 3625 αὐτὸς
878 3563 1180 3635 ἐμέτρησεν
1217 3580 1230 3593 ’
1264 3567 1387 3620 ἐπεὶ
1411 3569 1505 3622 καὶ
1527 3569 1761 3641 ἀλλαχοῦ
1788 3571 1937 3642 λέγει
1963 3592 1978 3606 ο
2019 3578 2097 3632 Τὰ

536 3649 605 3703 δὲ
632 3651 788 3719 μέλη
830 3651 996 3706 ἔθετο
1033 3652 1104 3707 ἐν
1135 3654 1398 3710 ἕκαστον
1427 3659 1647 3720 αὐτῶν.
1691 3662 1885 3729 καθὼς
1910 3666 2093 3734 αὐτὸς

535 3737 817 3806 ἠθέλησε.
858 3740 1047 3793 K0106
1078 3741 1223 3810 λέγει
1249 3742 1339 3796 τὸν
1360 3734 1542 3814 λόγον,
1575 3746 1663 3800 ῐνα
1705 3748 1779 3819 μὴ
1812 3747 2095 3826 καταϐάλῃ

535 3828 605 3883 τὰ
631 3829 949 3900 φρονήματα
981 3829 1091 3883 τῶν
1138 3830 1462 3888 ἀκουόντων.
1499 3835 1595 3890 Διὸ
1620 3836 1805 3906 λέγει’
1856 3840 2095 3910 Ἀναϐὰς

535 3919 624 3984 είς
670 3917 829 3985 ὕψος
881 3917 1351 3987 ᾐχμαλώτευσεν
1378 3924 1818 3992 αἰχμαλωσίαν,
1848 3929 1944 3981 καὶ
1963 3930 2095 3984 ἔδω-

536 4020 607 4057 κε
669 4004 894 4072 δόματα
966 4005 1091 4072 τοῖς
1158 4007 1507 4077 ἀνθρώποις.
1559 4010 1707 4065 Ὥσεὶ
1774 4012 1929 4082 ἔλεγε
1951 4032 1965 4047 ·
2028 4017 2094 4071 Τί

540 4091 684 4161 μέγα
724 4093 940 4162 φρονεῖς
973 4109 988 4157 ;
1045 4092 1139 4147 τοῦ
1193 4094 1327 4148 Θεοῦ
1380 4097 1442 4150 16
1479 4099 1586 4152 πᾶν
1618 4100 1860 4168 γέγονεν.
1897 4102 1957 4155 '0
1996 4105 2093 4174 μέν

538 4180 830 4250 Προφήτης
853 4181 1017 4250 φησὶν
1046 4182 1104 4233 ἐν
1139 4180 1218 4252 τῷ
1250 4181 1471 4254 ψαλμῷ·
1508 4187 1759 4253 Ἕλαϐες
1789 4187 2095 4257 δόματαέν

536 4265 867 4334 ἀνθρώποις
903 4283 919 4297 ο
953 4267 1114 4331 αὐτὸς
1166 4268 1222 4322 δέ
1278 4286 1463 4340 φησιν’
1495 4271 1722 4326 Ἔδωκε
1761 4272 1986 4342 δόματα
2024 4277 2094 4332 ἐν

536 4351 885 4420 ἀνθρώποις.
934 4353 1101 4408 Τοῦτο
1150 4355 1346 4409 ταυτόν
1382 4359 1532 4410 ἐστιν
1570 4359 1785 4430 ἐκείνῳ.
1837 4362 2091 4419 Τοιοῦτόν

538 4442 654 4495 ἐστι
692 4440 807 4503 καὶ,
856 4439 930 4494 T6
970 4439 1040 4492 δὲ
1085 4440 1268 4509 ἀνέϐη
1322 4442 1380 4495 τί
1422 4443 1613 4508 ἐστιν,
1661 4448 1713 4499 εί
1754 4445 1840 4516 μὴ
1869 4447 1959 4503 ὅτι
1993 4454 2090 4507 καὶ

538 4524 751 4592 κατέϐη
802 4525 1036 4593 πρῶτον
1068 4530 1157 4594 εὶς
1183 4528 1258 4582 τὰ
1286 4530 1583 4599 κατώτερα
1608 4532 1761 4602 μέρη
1798 4534 1907 4604 τῆς
1926 4537 2041 4606 γῆς
2075 4558 2093 4606 ;

548 4611 612 4663 '0
638 4613 915 4677 καταϐὰς,
943 4615 1123 4679 αὐτός
1169 4615 1303 4669 ἐστι
1343 4617 1441 4671 καί
1473 4620 1507 4672 ό
1537 4619 1763 4687 ἀναϐὰς
1819 4626 2094 4693 ὑπεράνω

538 4698 779 4755 πάντων
823 4698 943 4752 τῶν
990 4701 1279 4768 οὐρανῶν,
1320 4704 1421 4757 ἵνα
1446 4706 1737 4777 πληρώση
1768 4710 1841 4763 τὰ
1874 4712 2090 4767 πάντα.

539 4784 723 4839 Ταῦτα
761 4785 995 4850 ἀκούων,
1031 4786 1105 4857 μὴ
1138 4789 1433 4857 μετάϐασιν
1455 4792 1663 4862 νόμιζε.
1698 4797 1871 4870 ὀπερ
1909 4800 2016 4871 γάρ
2036 4804 2097 4856 ἐν

536 4874 605 4944 τῇ
658 4873 795 4943 πρὸς
857 4873 1255 4944 Φιλιππησίους
1300 4878 1588 4952 Ἐπιστολῇ
1651 4886 2089 4955 κατασκευάζει,

538 4961 695 5015 τοῦτο
730 4962 825 5017 καὶ
861 4962 1111 5018 ἐνταῦθα.
1142 4965 1407 5038 Καθάπερ
1432 4970 1548 5023 ἐκεῖ
1576 4973 1704 5045 περὶ
1736 4992 2093 5049 ταπεινοφροο

540 5048 705 5120 σύνης
738 5050 1021 5121 παραινῶν
1058 5054 1293 5122 παράγει
1325 5055 1417 5109 τὸν
1437 5057 1691 5126 Χριστὸν,
1723 5061 1867 5118 οὕτω
1898 5064 1963 5135 δὴ
2001 5048 2093 5120 καὶ

539 5136 794 5202 ἐνταῦθα,
848 5137 1042 5206 λέγων’
1100 5142 1205 5204 Εἰς
1254 5142 1327 5195 τὰ
1360 5144 1659 5215 κατώτερα
1686 5148 1838 5217 μέρη
1875 5152 2091 5222 κατέϐη

538 5225 649 5295 τῆς
676 5223 812 5296 τῆς.
839 5226 905 5279 Εἰ
928 5224 1037 5303 γὰρ
1076 5226 1149 5297 μὴ
1183 5226 1339 5281 τοῦτο
1374 5227 1472 5301 ἦν.
1500 5234 1754 5303 περιττὸς
1776 5231 1927 5300 οὗτος
1955 5239 1984 5290 6
2010 5240 2094 5293 λό-

540 5331 631 5381 γος
657 5315 825 5386 ὅνπερ
853 5313 1018 5383 λέγει’
1055 5314 1353 5384 ’Υπήκοος
1374 5319 1695 5390 γενόμενος
1705 5323 1881 5393 μέχρι
1912 5328 2094 5381 θανα-

538 5419 665 5457 του.
714 5402 846 5456 Ἀπὸ
886 5402 946 5457 δὲ
974 5402 1068 5458 τοῦ
1101 5404 1369 5473 ἀναϐῆναι
1405 5406 1506 5478 τὴν
1529 5408 1828 5463 κατάϐασιν
1858 5412 2090 5468 αἰνίττε-

537 5507 646 5543 ται.
669 5491 751 5544 Τά
792 5491 849 5545 δὲ
877 5490 1026 5546 κάτω
1060 5491 1200 5563 μέρη
1230 5493 1330 5564 τῆς
1365 5495 1492 5565 γῆς,
1534 5497 1627 5550 τὸν
1651 5496 1879 5554 θάνατόν
1906 5518 2089 5570 φησιν,

538 5578 646 5632 ἀπὸ
704 5578 804 5650 τῆς
856 5578 966 5633 τῶν
1002 5580 1301 5653 ἀνθρώπων
1333 5584 1611 5650 ὑπονοίας,
1651 5584 1901 5659 καθάπερ
1940 5591 2033 5643 καὶ
2063 5593 2091 5645 6

552 5664 743 5718 Ἰακὼϐ
783 5667 937 5737 ἐλεγε
968 5685 983 5700 ⁸
1013 5668 1306 5734 Κατάξετε
1336 5672 1403 5726 τὸ
1427 5671 1616 5739 γῆράς
1645 5691 1764 5742 μου
1797 5675 1924 5744 μετ’
1954 5677 2091 5731 ὀδύ-

536 5768 649 5820 νης
673 5756 760 5819 είς
786 5754 934 5822 ᾅδου
966 5774 979 5787 ·
1015 5758 1109 5810 x01
1133 5758 1298 5812 πάλιν
1324 5757 1384 5812 ἐν
1416 5758 1494 5829 τῷ
1515 5758 1734 5831 ψαλμῷ,
1778 5762 2089 5836 Ὁμοιωθή-

536 5856 716 5911 vomu
745 5843 863 5911 τοῖς
902 5845 1363 5901 καταϐαίνουσιν
1392 5848 1478 5912 εἰς
1504 5846 1736 5901 λάκκον
1766 5866 1778 5881 ο
1814 5852 2083 5921 τουτέστι,

2213 710 2306 763 τοῦ
2350 712 2593 766 διαϐόλου
2622 732 2639 748 ο
2674 718 3015 787 αἰχμάλωτον
3049 719 3159 789 γὰρ
3196 719 3288 773 τὸν
3328 721 3593 790 τύραννον
3643 723 3771 777 ἕλα-

2187 798 2294 862 ’ϐε,
2323 799 2415 853 τὸν
2469 801 2711 856 διάϐολον
2770 804 2934 872 λέγω,
2972 807 3065 859 καὶ
3118 807 3209 859 τὸν
3248 807 3498 871 θάνατον,
3541 810 3636 862 καὶ
3668 812 3772 877 τὴν

2210 878 2349 950 ἀρὰν
2390 884 2482 936 καὶ
2516 885 2617 953 τὴν
2662 886 2957 957 ἁμαρτίαν.
3005 888 3167 959 Ὁρᾷς
3194 889 3361 942 σκῦλα
3395 892 3486 944 καὶ
3514 891 3771 962 λάφυρας

2216 967 2286 1021 Τὸ
2312 967 2380 1021 δὲ
2414 969 2596 1039 ἀνέϐη
2619 973 2676 1026 τί
2693 974 2825 1027 ἐστι
2856 1013 2872 1039 ,
2900 977 2953 1028 εὶ
2984 974 3071 1043 μὴ
3100 976 3187 1028 ὅτι
3210 976 3310 1030 καὶ
3340 979 3591 1046 κατέϐη;
3628 978 3769 1032 Τοῦ-

2207 1071 2271 1107 το
2304 1055 2443 1126 πρὸς
2473 1059 2598 1122 τοὺς
2626 1060 2836 1119 Παύλου
2862 1061 2960 1117 τοῦ
2986 1062 3362 1133 Σαμοσατέως.
3390 1063 3455 1117 '0
3482 1066 3765 1131 καταϐὰς,

2207 1143 2390 1209 αὐτός
2425 1144 2556 1199 ἐστι
2587 1147 2683 1200 καὶ
2718 1150 2751 1201 ό
2774 1149 2999 1214 ἀναϐὰς
3027 1148 3302 1218 ὑπεράνω
3333 1149 3450 1204 τῶν
3470 1151 3762 1220 οὐρανῶν,

2210 1228 2311 1282 ἵνα
2368 1231 2659 1301 πληρώσῃ
2684 1234 2756 1288 τὰ
2785 1234 3006 1289 πάντα.
3048 1236 3141 1300 EI;
3160 1235 3231 1290 τὰ
3268 1235 3573 1309 κατώτερα,
3605 1238 3762 1308 φησι,

2210 1315 2347 1387 μέρη
2375 1318 2577 1389 κατέϐη
2605 1320 2705 1390 τῆς
2734 1321 2856 1391 γῆς,
2895 1321 3013 1393 μεθ’
3039 1322 3075 1376 6.
3109 1322 3208 1376 οὐκ
3239 1322 3386 1377 ἐστιν
3429 1323 3591 1395 ἕτερα
3612 1340 3627 1355 ⁸
3669 1327 3766 1379 καὶ

2207 1403 2373 1473 ἀνέϐη
2398 1405 2651 1477 ὑπεράνω
2682 1409 2917 1475 πάντων,
2950 1409 3067 1481 μεθ’
3095 1409 3125 1462 6
3170 1411 3270 1464 οὐκ
3299 1410 3445 1464 ἔστιν
3474 1411 3659 1484 ἔτερόν
3682 1431 3762 1469 τι.

2205 1490 2379 1544 Τοῦτό
2407 1492 2523 1545 ἐστι
2545 1493 2645 1563 τῆς
2675 1494 2958 1566 ἐνεργείας
2983 1494 3147 1550 αὑτοῦ
3170 1496 3264 1550 καὶ
3287 1497 3386 1568 τῆς
3408 1486 3725 1563 δεσποτείας
3741 1517 3759 1532 ·

2203 1578 2299 1632 καὶ
2322 1578 2429 1650 γάρ
2459 1580 2552 1633 καὶ
2591 1580 2758 1635 πάλαι
2807 1582 2982 1636 πάντα
3034 1582 3377 1654 πεπλήρωτο.
3421 1584 3531 1639 Καὶ
3575 1587 3763 1653 αὐτὸς

2203 1668 2387 1724 ἔδωκε
2421 1670 2562 1737 τοὺς
2595 1673 2714 1741 μὲν
2738 1673 3134 1742 ἀποστόλους,
3158 1676 3301 1743 τοὺς
3329 1677 3397 1731 δὲ
3425 1678 3759 1749 προφήτας,

2203 1756 2344 1823 τοὺς
2370 1756 2438 1813 δὲ
2464 1759 2913 1829 εὐαγγελιστάς,
2962 1760 3105 1829 τοὺς
3133 1762 3203 1816 δὲ
3241 1762 3527 1833 ποιμένας
3547 1764 3647 1818 καὶ
3668 1765 3758 1818 δι-

2201 1841 2567 1910 δασκάλους,
2605 1844 2755 1913 πρὸς
2794 1846 2903 1902 τὸν
2939 1850 3346 1919 καταρτισμὸν
3398 1849 3516 1904 τῶν
3548 1851 3755 1920 ἀγίων,

2200 1932 2287 1997 εις
2316 1930 2492 2002 ἔργον
2516 1932 2823 1999 διακονίας
2845 1973 2860 1997 ,
2888 1936 2976 2001 είς
3005 1936 3327 2006 οίκοδομὴν
3358 1938 3461 1992 τοῦ
3484 1938 3759 2009 σώματος

2201 2016 2307 2072 τοῦ
2331 2018 2606 2085 Χριστοῦ.
2642 2019 2819 2091 Ὅπερ
2842 2019 2989 2090 λέγει
3018 2022 3273 2093 ἀλλαχοῦ,
3304 2024 3404 2078 Διὸ
3430 2026 3528 2079 και
3546 2028 3580 2080 ό
3608 2026 3757 2090 Θεὸς

2198 2105 2386 2159 αὑτὸν
2445 2106 2826 2177 ὑπερύψωσε,
2884 2107 3043 2164 τοῦτο
3060 2110 3158 2165 καὶ
3211 2111 3442 2165 ἐνταῦθα
3463 2111 3613 2182 λέγει
3640 2130 3655 2144 ο
3697 2113 3757 2164 '0

2199 2191 2460 2259 καταϐὰς
2484 2231 2500 2252 .
2529 2195 2710 2261 αὑτός
2744 2194 2875 2251 ἐστι
2910 2195 3009 2250 καὶ
3036 2200 3071 2251 ό
3101 2196 3347 2265 ἀναϐάς.
3390 2198 3556 2252 Οὐδὲν
3586 2198 3754 2252 αὑτὸν

2198 2279 2399 2349 ἔϐλαψε
2424 2279 2486 2334 16
2518 2281 2598 2345 είς
2617 2281 2686 2334 τά
2715 2281 2997 2354 κατώτερα
3018 2282 3159 2355 μέρη
3193 2285 3291 2354 τῆς
3317 2285 3422 2355 γῆς
3451 2284 3759 2350 κατελθεῖν,

2196 2366 2320 2421 οὐδὲ
2345 2365 2620 2427 ἐνεπόδισε
2653 2366 2792 2438 πρὸς
2814 2368 2877 2421 16
2904 2369 3158 2442 ἀνωτέρω
3175 2370 3430 2439 γενέσθαι
3452 2373 3561 2427 τῶν
3583 2372 3753 2443 οὐρα-

2198 2453 2326 2507 νῶν.
2361 2453 2522 2506 Ὥστε
2568 2454 2678 2524 ὅσῳ
2710 2454 2777 2508 ἀν
2809 2471 2896 2518 τις
2938 2456 3268 2527 ταπεινωθῇ,
3296 2458 3534 2530 τοσούτῳ
3552 2458 3754 2530 μᾶλλον

2199 2540 2444 2610 ὑψοῦται.
2481 2540 2748 2613 Καθάπερ
2790 2542 2898 2613 γὰρ
2943 2544 3038 2597 ἐπὶ
3084 2542 3180 2597 τοῦ
3209 2544 3401 2609 66010;
3425 2546 3535 2616 ὅσῳ
3565 2545 3629 2599 ἄν
3663 2562 3752 2610 τις

2196 2627 2353 2682 τοῦτο
2394 2629 2474 2690 είς
2492 2628 2559 2682 16
2580 2627 2730 2685 κάτω
2753 2629 3057 2702 κατενέγκῃ
3081 2670 3096 2695 ,
3125 2631 3363 2703 τοσούτῳ
3390 2632 3590 2701 μᾶλλον
3619 2632 3753 2685 αὐτὸ

2196 2715 2333 2786 πρὸς
2382 2715 2515 2785 ὕψος
2562 2717 2778 2785 ἀνάγει,
2806 2718 2899 2771 καὶ
2931 2718 3039 2789 ὅσῳ
3068 2718 3136 2773 άν
3170 2736 3257 2783 τις
3300 2722 3364 2774 ἐκ
3384 2719 3756 2790 διαστήματος

2197 2804 2474 2874 ἀκοντίσῃ,
2503 2802 2743 2872 τοσούτῳ
2780 2805 3133 2876 ἐπιτυγχάνει
3164 2822 3178 2837 ·
3211 2805 3355 2859 οὕτω
3396 2806 3488 2859 ἐπὶ
3512 2806 3612 2876 τῆς
3652 2823 3751 2859 τα·-

2196 2890 2643 2962 πεινοφροσύνης.
2691 2891 2830 2945 Ἀλλ’
2859 2892 2988 2947 ὅταν
3028 2893 3158 2964 περὶ
3197 2891 3330 2947 Θεοῦ
3357 2891 3470 2965 [86]
3500 2893 3761 2965 λέγωμεν.

2192 2978 2292 3042 τάς
2319 2978 2612 3042 ἀναϐάσεις
2631 3020 2646 3045 ,
2677 2979 2891 3052 ἀνάγκη
2912 2980 3128 3053 πρῶτον
3157 2982 3459 3036 κατάϐασιν
3492 2983 3692 3040 ἐννοεῖν
3726 3000 3745 3014 ·

2192 3065 2319 3119 ὅταν
2362 3065 2418 3119 δὲ
2455 3066 2583 3138 περὶ
2618 3066 2929 3138 ἀνθρώπου,
2955 3068 3159 3123 οὐκέτι.
3194 3065 3327 3123 Εἶτα
3355 3070 3450 3123 x01
3477 3070 3577 3139 τὴν
3610 3068 3747 3138 πρό-

2194 3171 2344 3208 νοιαν
2365 3152 2533 3210 αὑτοῦ
2559 3154 2799 3209 δείκνυσι
2827 3155 2921 3209 x01
2951 3153 3051 3227 τὴν
3073 3157 3285 3231 σοφίαν,
3324 3156 3418 3211 καί
3440 3173 3605 3228 φησιν
3625 3173 3639 3187 ο
3687 3156 3761 3210 '0.

2192 3240 2414 3295 τοιαῦτα
2441 3241 2836 3314 ἐργασάμενος,
2868 3242 2961 3297 καὶ
2993 3242 3226 3297 τοσαῦτα
3250 3243 3493 3314 ἰσχύσας,
3523 3244 3618 3298 καὶ
3644 3243 3751 3314 μέ-

2192 3346 2283 3399 χρι
2305 3329 2412 3382 τῶν
2436 3327 2760 3400 κατωτέρων
2795 3328 2975 3399 μερῶν
3003 3328 3077 3400 μὴ
3108 3331 3585 3401 παραιτησάμενος
3613 3347 3761 3384 κατε

2192 3415 2366 3469 ελθεῖν
2414 3415 2481 3469 δι’
2512 3416 2682 3487 ἡμᾶς,
2711 3415 2810 3468 οὐκ
2847 3415 2913 3468 ἂν
2942 3413 3130 3479 ἁπλῶς
3174 3416 3271 3480 τὰς
3330 3415 3588 3487 διανομὰς
3636 3416 3751 3469 τῶν

2192 3504 2544 3576 χαρισμάτων
2614 3504 2887 3574 ἐποίησεν.
2925 3503 3178 3576 Ἀλλαχοῦ
3236 3506 3293 3559 δέ
3339 3522 3502 3577 φησιν
3556 3506 3638 3559 ὅτι
3687 3506 3765 3558 16.

2192 3590 2413 3661 Πνεῦμα
2438 3590 2597 3649 τοῦτο
2616 3591 2933 3661 εἰργάσατο,
2962 3591 3105 3648 οὕτω
3126 3592 3299 3661 λέγων
3324 3609 3340 3627 ο
3383 3594 3478 3646 Ἐν
3503 3585 3553 3659 ᾧ
3578 3593 3752 3648 ἔθετο

2190 3679 2344 3748 ὑμᾶς
2370 3678 2435 3732 τὸ
2467 3678 2708 3748 Πνεῦμα
2735 3679 2803 3733 τὸ
2828 3678 2998 3747 ἅγιον
3011 3680 3385 3746 ἐπισκόπους
3412 3680 3751 3748 ποιμαίνειν

2188 3767 2303 3834 τὴν
2334 3767 2700 3831 Ἐκκλησίαν
2748 3765 2858 3820 τοῦ
2906 3765 3151 3835 Κυρίου.
3206 3766 3314 3820 K01
3358 3766 3587 3821 ἐνταῦθα
3648 3768 3750 3836 μέν

2188 3846 2371 3922 φησιν,
2398 3852 2480 3907 ὅτι
2504 3853 2533 3905 6
2562 3852 2713 3916 Υἱὸς,
2737 3852 2971 3923 ἀλλαχοῦ
3001 3852 3082 3915 δέ,
3106 3853 3231 3907 ὅτιό
3260 3852 3408 3917 Θεός·
3440 3853 3533 3907 x01
3561 3854 3747 3918 πάλιν,

2187 3940 2378 4006 Αὐτὸς
2413 3939 2601 3993 ἔδωκε
2640 3938 2715 4009 τῇ
2755 3941 3081 4008 Ἐκκλησία
3142 3940 3284 4007 τοὺς
3322 3940 3440 4009 μὲν
3488 3941 3750 3997 ἀποστό-

2186 4030 2355 4095 λους,
2400 4026 2540 4094 τοὺς
2586 4026 2653 4081 δὲ
2692 4029 3024 4098 προφήτας.
3044 4026 3135 4081 Ἑν
3184 4027 3241 4081 δὲ
3285 4031 3352 4098 τῇ
3382 4027 3518 4099 πρὸς
3543 4029 3748 4097 Κοριν⁹

2189 4112 2335 4178 θίους
2372 4114 2534 4185 φησίν
2553 4131 2567 4144 ·
2596 4113 2737 4184 Ἐγὼ
2763 4114 3094 4183 ἐφύτευσα,
3110 4113 3421 4181 Ἀπολλὼς
3439 4114 3747 4182 ἐπότισεν,

2186 4199 2322 4257 ἀλλ’
2347 4204 2380 4255 ό
2410 4200 2553 4266 Θεὸς
2602 4201 2828 4270 ηὔξανε
2862 4220 2874 4232 ·
2911 4202 3007 4255 καὶ
3059 4198 3241 4266 πάλιν,
3276 4202 3329 4254 '0
3363 4202 3641 4271 φυτεύων
3673 4199 3746 4255 δὲ

2188 4286 2287 4341 καὶ
2318 4291 2350 4343 ό
2379 4286 2647 4355 ποτίζων,
2684 4289 2755 4344 ἕν
2798 4292 2990 4344 εἰσιν⁹
3029 4289 3288 4355 ἕκαστος
3324 4290 3394 4344 δὲ
3446 4289 3552 4344 τόν
3589 4289 3748 4343 ἴδιον

2183 4374 2404 4443 μισθὸν
2439 4374 2700 4442 λήψεται
2742 4374 2893 4429 κατὰ
2950 4375 3058 4429 τὸν
3124 4375 3280 4430 Ζδιον
3329 4378 3540 4431 κόπον.
3588 4376 3747 4430 Οὕτω

2189 4460 2284 4512 καὶ
2304 4460 2557 4517 ἐνταῦθα.
2600 4462 2665 4516 Τί
2686 4463 2814 4535 γὰρ,
2841 4462 2892 4516 εὖ
2917 4462 3138 4519 ἐλαττον
3159 4462 3473 4535 είσφέρειςς
3490 4462 3745 4521 τοσοῦτον

2189 4546 2397 4612 ἔλαϐες.
2436 4546 2677 4617 Πρῶτον
2727 4549 3113 4615 ἀποστόλους
3142 4565 3156 4579 ·
3205 4550 3383 4603 πάντα
3432 4550 3539 4622 γὰρ
3598 4550 3743 4621 εἶχον

2187 4629 2349 4689 οὗτοι.
2398 4636 2685 4702 Δεύτερον
2729 4635 3077 4707 σφοςοήταςο
3132 4632 3270 4707 ἦσαν
3327 4638 3435 4708 γάρ
3481 4655 3646 4701 τινες,
3690 4638 3742 4692 οἱ

2188 4720 2474 4775 ἀπόστολοι
2503 4721 2599 4791 μὲν
2619 4719 2718 4777 οὐκ
2743 4715 2904 4791 ἦσαν,
2933 4723 3204 4793 προφῆται
3236 4723 3313 4789 δέ,
3349 4723 3536 4793 ὥσπερ
3576 4725 3743 4793 Ἀγα-

2188 4807 2300 4870 6ος.
2338 4805 2545 4875 Τρίτον
2576 4808 3006 4877 εὐαγγελιστάς
3035 4826 3048 4839 ·
3091 4811 3145 4862 οι
3191 4810 3266 4881 μὴ
3294 4811 3595 4881 περιιόντες
3614 4828 3743 4864 παν-

2187 4892 2377 4965 ταχοῦ,
2404 4894 2517 4947 ἀλλ’
2542 4893 3015 4965 εὐαγγελιζόμενοι
3039 4898 3219 4967 μόνον,
3244 4898 3318 4961 ὠς
3337 4898 3633 4968 Πρίσκιλλα
3648 4898 3742 4951 καὶ

2200 4981 2447 5046 Ἀκύλας.
2476 4980 2771 5054 Ποιμένας
2792 4983 2891 5037 καὶ
2928 4983 3357 5051 διδασκάλους,
3379 4987 3505 5049 τοὺς
3520 4986 3741 5056 ὀλόκλη-

2192 5085 2283 5141 ρον
2341 5069 2881 5139 ἐμπεπιστευμένους
2924 5070 3101 5134 ἔθνος.
3144 5072 3208 5124 Τί
3230 5067 3323 5124 οὖν
3346 5089 3369 5138 ς.
3387 5073 3436 5125 οἱ
3483 5074 3747 5142 ποιμένες

2188 5157 2285 5211 x01
2313 5158 2363 5210 οἱ
2384 5156 2691 5215 διδάσκαλοι
2717 5158 2967 5223 ἐλάττους
2992 5176 3011 5225 ;
3042 5160 3154 5215 Καὶ·
3184 5161 3324 5214 πάνυ
3341 5201 3355 5225 ,
3380 5161 3488 5217 τῶν
3505 5162 3751 5231 περιιόψ.

2187 5260 2297 5298 των
2323 5244 2417 5298 καὶ
2438 5243 2937 5317 εὐαγγελιζομένων
2967 5247 3016 5301 οἱ
3045 5247 3341 5319 καθήμενοι
3374 5249 3464 5302 καὶ
3497 5250 3625 5315 περὶ
3643 5249 3741 5304 ἕνα

2187 5333 2353 5387 τόπον
2375 5327 2878 5403 ἠσχολημένοι,οἷον
2895 5333 3175 5403 Τιμόθεος,
3204 5333 3393 5398 Τίτος.,
3418 5335 3627 5398 Ἄλλως
3655 5336 3738 5403 δὲ,

2188 5420 2250 5475 οὗ
2300 5420 2523 5474 δυνατὸν
2567 5419 2814 5474 ἐντεῦθεν
2850 5420 3176 5491 ποιήσασθαι
3210 5422 3309 5491 τὴν
3339 5423 3740 5493 ὑποταγὴνλκαὶ

2186 5510 2284 5579 τὴν
2312 5508 2661 5579 προτίμησιν,
2697 5508 2810 5563 ἀλλ’
2831 5509 2937 5563 ἀπὸ
2972 5510 3166 5580 ἐτέρας
3201 5510 3741 5581 Ἐπιστολῆς.Αὺτὸς

2187 5596 2370 5649 ἔδωκε
2399 5635 2415 5660 ,
2466 5595 2598 5666 φησί
2627 5612 2642 5627 ο
2692 5596 2857 5666 μηδὲν
2905 5595 3183 5667 ἀντείπῃς.
3231 5598 3301 5650 Ἢ
3351 5598 3739 5666 εὐαγγελιστάς

2189 5699 2342 5753 φησι,
2376 5683 2502 5745 τοὺς
2526 5682 2585 5734 16
2618 5681 2945 5749 Εὑαγγέλιον
2971 5684 3303 5753 γράψαντας.
3337 5688 3492 5754 Πρὸς
3523 5701 3739 5752 καταρ-

2190 5767 2403 5838 τισμὸν
2439 5766 2555 5821 τῶν
2577 5768 2776 5839 ἁγίων,
2804 5771 2890 5836 εἰς
2913 5770 3087 5840 ἔργον
3119 5771 3446 5839 διακονίας,
3475 5774 3560 5839 εὶς
3577 5774 3736 5825 οἰκο-

2191 5855 2380 5927 δομὴν
2414 5855 2514 5910 τοὺ
2535 5857 2801 5926 σώματος
2840 5857 2941 5912 τοῦ
2972 5859 3244 5925 Χριστοῦ.
