  <div class='ocr_page' id='page_1' title='image "/cluster/home/n/w/nwhite01/storage/ocr_20150623/62/hvd.32044019207836/088.png"; bbox 0 0 4002 6524; ppageno 0'>
   <div class='ocr_carea' id='block_1_1' title="bbox 209 384 1751 449">
    <p class='ocr_par' dir='ltr' id='par_1_1' title="bbox 209 384 1751 444">
     <span class='ocr_line' id='line_1_1' title="bbox 209 384 1751 444; baseline -0.001 0"><span class='ocrx_word' id='word_1_1' title='bbox 209 388 271 444; x_wconf 79' lang='grc'><strong>81</strong></span> <span class='ocrx_word' id='word_1_2' title='bbox 1093 388 1158 442; x_wconf 84' lang='grc' dir='ltr'><strong>ΙΝ</strong></span> <span class='ocrx_word' id='word_1_3' title='bbox 1196 384 1409 444; x_wconf 79' lang='lat' dir='ltr'><strong>EPIST.</strong></span> <span class='ocrx_word' id='word_1_4' title='bbox 1450 387 1538 444; x_wconf 88' lang='lat' dir='ltr'><strong>AD</strong></span> <span class='ocrx_word' id='word_1_5' title='bbox 1576 384 1751 444; x_wconf 81' lang='lat' dir='ltr'><strong>EPHE</strong></span> 
     </span>
    </p>
   </div>
   <div class='ocr_carea' id='block_1_2' title="bbox 1853 384 2544 449">
    <p class='ocr_par' dir='ltr' id='par_1_2' title="bbox 1857 384 2544 449">
     <span class='ocr_line' id='line_1_2' title="bbox 1857 384 2544 449; baseline 0.009 -6"><span class='ocrx_word' id='word_1_6' title='bbox 1857 388 2009 444; x_wconf 78' lang='lat' dir='ltr'><strong>CAP.</strong></span> <span class='ocrx_word' id='word_1_7' title='bbox 2053 384 2137 444; x_wconf 76' lang='grc' dir='ltr'><strong>ιν.</strong></span> <span class='ocrx_word' id='word_1_8' title='bbox 2179 391 2408 447; x_wconf 83' lang='lat' dir='ltr'><strong>HOMlL.</strong></span> <span class='ocrx_word' id='word_1_9' title='bbox 2450 393 2544 449; x_wconf 77' lang='lat' dir='ltr'><strong>XI.</strong></span> 
     </span>
    </p>
   </div>
   <div class='ocr_carea' id='block_1_3' title="bbox 207 501 1780 574">
    <p class='ocr_par' dir='ltr' id='par_1_3' title="bbox 207 501 1780 574">
     <span class='ocr_line' id='line_1_3' title="bbox 207 501 1780 574; baseline 0 -16"><span class='ocrx_word' id='word_1_10' title='bbox 207 505 323 559; x_wconf 83' lang='lat' dir='ltr'><strong>hil?</strong></span> <span class='ocrx_word' id='word_1_11' title='bbox 356 506 536 574; x_wconf 77' lang='lat' dir='ltr'><strong>Apage</strong></span> <span class='ocrx_word' id='word_1_12' title='bbox 565 520 578 557; x_wconf 91' lang='lat'><strong>:</strong></span> <span class='ocrx_word' id='word_1_13' title='bbox 615 501 761 558; x_wconf 77' lang='lat' dir='ltr'><strong>Unus</strong></span> <span class='ocrx_word' id='word_1_14' title='bbox 801 502 937 557; x_wconf 90' lang='lat' dir='ltr'><strong>Deus</strong></span> <span class='ocrx_word' id='word_1_15' title='bbox 976 513 1019 557; x_wconf 87' lang='lat' dir='ltr'><strong>et</strong></span> <span class='ocrx_word' id='word_1_16' title='bbox 1054 503 1205 557; x_wconf 84' lang='lat' dir='ltr'><strong>Pater</strong></span> <span class='ocrx_word' id='word_1_17' title='bbox 1233 503 1456 558; x_wconf 89' lang='lat' dir='ltr'><strong>omnium</strong></span> <span class='ocrx_word' id='word_1_18' title='bbox 1477 544 1494 571; x_wconf 94' lang='lat'><strong>,</strong></span> <span class='ocrx_word' id='word_1_19' title='bbox 1521 505 1607 573; x_wconf 88' lang='lat' dir='ltr'><strong>qui</strong></span> <span class='ocrx_word' id='word_1_20' title='bbox 1632 520 1780 570; x_wconf 85' lang='lat' dir='ltr'><strong>super</strong></span> 
     </span>
    </p>
   </div>
   <div class='ocr_carea' id='block_1_4' title="bbox 204 593 1783 666">
    <p class='ocr_par' dir='ltr' id='par_1_4' title="bbox 204 593 1783 666">
     <span class='ocr_line' id='line_1_4' title="bbox 204 593 1783 666; baseline -0.001 -17"><span class='ocrx_word' id='word_1_21' title='bbox 204 613 380 649; x_wconf 77' lang='lat' dir='ltr'><strong>onines</strong></span> <span class='ocrx_word' id='word_1_22' title='bbox 398 635 416 662; x_wconf 95' lang='lat'><strong>,</strong></span> <span class='ocrx_word' id='word_1_23' title='bbox 446 605 496 649; x_wconf 80' lang='lat' dir='ltr'><strong>et</strong></span> <span class='ocrx_word' id='word_1_24' title='bbox 529 611 619 665; x_wconf 85' lang='lat' dir='ltr'><strong>per</strong></span> <span class='ocrx_word' id='word_1_25' title='bbox 645 597 816 650; x_wconf 81' lang='lat' dir='ltr'><strong>omnia</strong></span> <span class='ocrx_word' id='word_1_26' title='bbox 838 636 854 660; x_wconf 94' lang='lat'><strong>,</strong></span> <span class='ocrx_word' id='word_1_27' title='bbox 881 604 929 649; x_wconf 91' lang='lat' dir='ltr'><strong>et</strong></span> <span class='ocrx_word' id='word_1_28' title='bbox 951 595 1005 649; x_wconf 91' lang='lat' dir='ltr'><strong>in</strong></span> <span class='ocrx_word' id='word_1_29' title='bbox 1032 595 1260 650; x_wconf 85' lang='lat' dir='ltr'><strong>omnibus</strong></span> <span class='ocrx_word' id='word_1_30' title='bbox 1284 595 1440 650; x_wconf 80' lang='lat' dir='ltr'><strong>vobis.</strong></span> <span class='ocrx_word' id='word_1_31' title='bbox 1473 593 1644 666; x_wconf 82' lang='lat' dir='ltr'><strong><em>Super</em></strong></span> <span class='ocrx_word' id='word_1_32' title='bbox 1670 611 1783 648; x_wconf 90' lang='lat' dir='ltr'><strong>om-</strong></span> 
     </span>
    </p>
   </div>
   <div class='ocr_carea' id='block_1_5' title="bbox 3391 402 3463 459">
    <p class='ocr_par' dir='ltr' id='par_1_5' title="bbox 3391 402 3463 459">
     <span class='ocr_line' id='line_1_5' title="bbox 3391 402 3463 459; baseline -0.014 0"><span class='ocrx_word' id='word_1_33' title='bbox 3391 402 3463 459; x_wconf 79' lang='lat'><strong>8?.</strong></span> 
     </span>
    </p>
   </div>
   <div class='ocr_carea' id='block_1_6' title="bbox 1896 507 3463 588">
    <p class='ocr_par' dir='ltr' id='par_1_6' title="bbox 1896 507 3463 588">
     <span class='ocr_line' id='line_1_6' title="bbox 1896 507 3463 588; baseline 0.013 -32"><span class='ocrx_word' id='word_1_34' title='bbox 1896 507 2193 560; x_wconf 77' lang='lat' dir='ltr'><strong>transitum.</strong></span> <span class='ocrx_word' id='word_1_35' title='bbox 2222 507 2353 561; x_wconf 87' lang='lat' dir='ltr'><strong>Nam</strong></span> <span class='ocrx_word' id='word_1_36' title='bbox 2405 509 2543 576; x_wconf 89' lang='lat' dir='ltr'><strong>quod</strong></span> <span class='ocrx_word' id='word_1_37' title='bbox 2591 511 2642 565; x_wconf 93' lang='lat' dir='ltr'><strong>in</strong></span> <span class='ocrx_word' id='word_1_38' title='bbox 2694 511 2924 582; x_wconf 85' lang='lat' dir='ltr'><strong>Epistola</strong></span> <span class='ocrx_word' id='word_1_39' title='bbox 2977 514 3044 569; x_wconf 89' lang='lat' dir='ltr'><strong>ad</strong></span> <span class='ocrx_word' id='word_1_40' title='bbox 3092 514 3463 588; x_wconf 83' lang='lat' dir='ltr'><strong>Philippenses</strong></span> 
     </span>
    </p>
   </div>
   <div class='ocr_carea' id='block_1_7' title="bbox 1887 593 3461 673">
    <p class='ocr_par' dir='ltr' id='par_1_7' title="bbox 1887 593 3461 673">
     <span class='ocr_line' id='line_1_7' title="bbox 1887 593 3461 673; baseline 0.011 -26"><span class='ocrx_word' id='word_1_41' title='bbox 1887 593 2146 667; x_wconf 77' lang='lat' dir='ltr'><strong>(Philipp.</strong></span> <span class='ocrx_word' id='word_1_42' title='bbox 2172 597 2226 652; x_wconf 75' lang='grc'><strong>2.</strong></span> <span class='ocrx_word' id='word_1_43' title='bbox 2247 599 2324 669; x_wconf 84' lang='lat'><strong>7),</strong></span> <span class='ocrx_word' id='word_1_44' title='bbox 2349 599 2437 655; x_wconf 91' lang='lat' dir='ltr'><strong>hic</strong></span> <span class='ocrx_word' id='word_1_45' title='bbox 2460 616 2671 673; x_wconf 87' lang='lat' dir='ltr'><strong>quoque</strong></span> <span class='ocrx_word' id='word_1_46' title='bbox 2698 604 2922 660; x_wconf 88' lang='lat' dir='ltr'><strong>adstruit</strong></span> <span class='ocrx_word' id='word_1_47' title='bbox 2948 615 3001 661; x_wconf 89' lang='lat' dir='ltr'><strong>et</strong></span> <span class='ocrx_word' id='word_1_48' title='bbox 3025 607 3322 663; x_wconf 85' lang='lat' dir='ltr'><strong>conﬁrmat.</strong></span> <span class='ocrx_word' id='word_1_49' title='bbox 3342 610 3461 666; x_wconf 79' lang='lat' dir='ltr'><strong>Sic-</strong></span> 
     </span>
    </p>
   </div>
   <div class='ocr_carea' id='block_1_8' title="bbox 203 685 3456 761">
    <p class='ocr_par' dir='ltr' id='par_1_8' title="bbox 203 685 3456 761">
     <span class='ocr_line' id='line_1_8' title="bbox 203 685 3456 761; baseline 0.004 -19"><span class='ocrx_word' id='word_1_50' title='bbox 203 706 293 742; x_wconf 81' lang='lat' dir='ltr'><strong>nes</strong></span> <span class='ocrx_word' id='word_1_51' title='bbox 315 728 332 752; x_wconf 87' lang='lat'><strong>,</strong></span> <span class='ocrx_word' id='word_1_52' title='bbox 364 689 468 743; x_wconf 92' lang='lat' dir='ltr'><strong>hoc</strong></span> <span class='ocrx_word' id='word_1_53' title='bbox 490 695 573 743; x_wconf 88' lang='lat' dir='ltr'><strong>est</strong></span> <span class='ocrx_word' id='word_1_54' title='bbox 595 729 612 756; x_wconf 95' lang='lat'><strong>,</strong></span> <span class='ocrx_word' id='word_1_55' title='bbox 641 687 900 744; x_wconf 86' lang='lat' dir='ltr'><strong>Dominus</strong></span> <span class='ocrx_word' id='word_1_56' title='bbox 924 697 978 744; x_wconf 91' lang='lat' dir='ltr'><strong>et</strong></span> <span class='ocrx_word' id='word_1_57' title='bbox 1002 690 1248 759; x_wconf 84' lang='lat' dir='ltr'><strong>superior</strong></span> <span class='ocrx_word' id='word_1_58' title='bbox 1273 689 1520 745; x_wconf 92' lang='lat' dir='ltr'><strong>omnibus</strong></span> <span class='ocrx_word' id='word_1_59' title='bbox 1556 706 1570 742; x_wconf 89' lang='lat'>:</span> <span class='ocrx_word' id='word_1_60' title='bbox 1600 685 1670 741; x_wconf 89' lang='lat' dir='ltr'><strong>Et</strong></span> <span class='ocrx_word' id='word_1_61' title='bbox 1695 704 1783 757; x_wconf 88' lang='lat' dir='ltr'><strong>per</strong></span> <span class='ocrx_word' id='word_1_62' title='bbox 1886 695 1943 740; x_wconf 89' lang='lat' dir='ltr'><strong>ut</strong></span> <span class='ocrx_word' id='word_1_63' title='bbox 1970 687 2077 742; x_wconf 91' lang='lat' dir='ltr'><strong>illic</strong></span> <span class='ocrx_word' id='word_1_64' title='bbox 2106 689 2336 744; x_wconf 85' lang='lat' dir='ltr'><strong>suadens</strong></span> <span class='ocrx_word' id='word_1_65' title='bbox 2377 691 2726 750; x_wconf 81' lang='lat' dir='ltr'><strong>humilitatem</strong></span> <span class='ocrx_word' id='word_1_66' title='bbox 2747 737 2762 761; x_wconf 91' lang='lat'><strong>,</strong></span> <span class='ocrx_word' id='word_1_67' title='bbox 2792 697 3006 753; x_wconf 82' lang='lat' dir='ltr'><strong>adducit</strong></span> <span class='ocrx_word' id='word_1_68' title='bbox 3035 698 3302 755; x_wconf 90' lang='lat' dir='ltr'><strong>Christum</strong></span> <span class='ocrx_word' id='word_1_69' title='bbox 3337 720 3351 755; x_wconf 89' lang='lat'><strong>:</strong></span> <span class='ocrx_word' id='word_1_70' title='bbox 3385 703 3456 757; x_wconf 86' lang='lat' dir='ltr'><strong>ita</strong></span> 
     </span>
    </p>
   </div>
   <div class='ocr_carea' id='block_1_9' title="bbox 201 777 1805 848">
    <p class='ocr_par' dir='ltr' id='par_1_9' title="bbox 201 777 1805 848">
     <span class='ocr_line' id='line_1_9' title="bbox 201 777 1805 848; baseline -0.002 -18"><span class='ocrx_word' id='word_1_71' title='bbox 201 777 396 843; x_wconf 80' lang='lat' dir='ltr'><strong>omnia,</strong></span> <span class='ocrx_word' id='word_1_72' title='bbox 425 777 527 833; x_wconf 88' lang='lat' dir='ltr'><strong>hoc</strong></span> <span class='ocrx_word' id='word_1_73' title='bbox 550 786 654 844; x_wconf 88' lang='lat' dir='ltr'><strong>est,</strong></span> <span class='ocrx_word' id='word_1_74' title='bbox 685 777 992 848; x_wconf 85' lang='lat' dir='ltr'><strong>providens,</strong></span> <span class='ocrx_word' id='word_1_75' title='bbox 1018 779 1394 835; x_wconf 86' lang='lat' dir='ltr'><strong>administrans</strong></span> <span class='ocrx_word' id='word_1_76' title='bbox 1422 797 1436 835; x_wconf 92' lang='lat'><strong>:</strong></span> <span class='ocrx_word' id='word_1_77' title='bbox 1461 778 1528 833; x_wconf 87' lang='lat' dir='ltr'><strong>Et</strong></span> <span class='ocrx_word' id='word_1_78' title='bbox 1547 780 1600 834; x_wconf 87' lang='lat' dir='ltr'><strong>in</strong></span> <span class='ocrx_word' id='word_1_79' title='bbox 1621 779 1805 833; x_wconf 67' lang='grc' dir='ltr'><strong>οηιηὶο.</strong></span> 
     </span>
    </p>
   </div>
   <div class='ocr_carea' id='block_1_10' title="bbox 198 871 1779 942">
    <p class='ocr_par' dir='ltr' id='par_1_10' title="bbox 198 871 1779 942">
     <span class='ocr_line' id='line_1_10' title="bbox 198 871 1779 942; baseline 0 -16"><span class='ocrx_word' id='word_1_80' title='bbox 198 871 294 926; x_wconf 81' lang='lat' dir='ltr'><strong>bus</strong></span> <span class='ocrx_word' id='word_1_81' title='bbox 313 872 475 937; x_wconf 77' lang='lat' dir='ltr'><strong>vobis,</strong></span> <span class='ocrx_word' id='word_1_82' title='bbox 505 872 607 926; x_wconf 91' lang='lat' dir='ltr'><strong>hoc</strong></span> <span class='ocrx_word' id='word_1_83' title='bbox 630 879 733 939; x_wconf 87' lang='lat' dir='ltr'><strong>est,</strong></span> <span class='ocrx_word' id='word_1_84' title='bbox 764 872 854 942; x_wconf 92' lang='lat' dir='ltr'><strong>qui</strong></span> <span class='ocrx_word' id='word_1_85' title='bbox 884 871 938 925; x_wconf 92' lang='lat' dir='ltr'><strong>in</strong></span> <span class='ocrx_word' id='word_1_86' title='bbox 968 871 1214 927; x_wconf 91' lang='lat' dir='ltr'><strong>omnibus</strong></span> <span class='ocrx_word' id='word_1_87' title='bbox 1238 871 1460 927; x_wconf 85' lang='lat' dir='ltr'><strong>habitat.</strong></span> <span class='ocrx_word' id='word_1_88' title='bbox 1488 872 1646 942; x_wconf 87' lang='lat' dir='ltr'><strong>Atqui</strong></span> <span class='ocrx_word' id='word_1_89' title='bbox 1676 872 1779 926; x_wconf 91' lang='lat' dir='ltr'><strong>hoc</strong></span> 
     </span>
    </p>
   </div>
   <div class='ocr_carea' id='block_1_11' title="bbox 195 963 1778 1034">
    <p class='ocr_par' dir='ltr' id='par_1_11' title="bbox 195 963 1778 1034">
     <span class='ocr_line' id='line_1_11' title="bbox 195 963 1778 1034; baseline 0.001 -18"><span class='ocrx_word' id='word_1_90' title='bbox 195 964 388 1017; x_wconf 86' lang='lat' dir='ltr'><strong>dicunt</strong></span> <span class='ocrx_word' id='word_1_91' title='bbox 415 977 536 1018; x_wconf 88' lang='lat' dir='ltr'><strong>esse</strong></span> <span class='ocrx_word' id='word_1_92' title='bbox 565 963 684 1018; x_wconf 82' lang='lat' dir='ltr'><strong>Filii</strong></span> <span class='ocrx_word' id='word_1_93' title='bbox 714 979 730 1017; x_wconf 90' lang='lat'><strong>:</strong></span> <span class='ocrx_word' id='word_1_94' title='bbox 759 964 1107 1034; x_wconf 87' lang='lat' dir='ltr'><strong>quamobrem</strong></span> <span class='ocrx_word' id='word_1_95' title='bbox 1136 964 1180 1018; x_wconf 90' lang='lat' dir='ltr'><strong>si</strong></span> <span class='ocrx_word' id='word_1_96' title='bbox 1223 973 1367 1020; x_wconf 86' lang='lat' dir='ltr'><strong>esset</strong></span> <span class='ocrx_word' id='word_1_97' title='bbox 1405 963 1506 1019; x_wconf 90' lang='lat' dir='ltr'><strong>hoc</strong></span> <span class='ocrx_word' id='word_1_98' title='bbox 1548 963 1778 1019; x_wconf 49' lang='lat' dir='ltr'><strong>diminu.</strong></span> 
     </span>
    </p>
   </div>
   <div class='ocr_carea' id='block_1_12' title="bbox 194 1052 1777 1128">
    <p class='ocr_par' dir='ltr' id='par_1_12' title="bbox 194 1052 1777 1128">
     <span class='ocr_line' id='line_1_12' title="bbox 194 1052 1777 1128; baseline 0.002 -22"><span class='ocrx_word' id='word_1_99' title='bbox 194 1053 384 1120; x_wconf 88' lang='lat' dir='ltr'><strong>tionis,</strong></span> <span class='ocrx_word' id='word_1_100' title='bbox 423 1069 526 1108; x_wconf 94' lang='lat' dir='ltr'><strong>non</strong></span> <span class='ocrx_word' id='word_1_101' title='bbox 557 1052 758 1108; x_wconf 89' lang='lat' dir='ltr'><strong>dictum</strong></span> <span class='ocrx_word' id='word_1_102' title='bbox 793 1063 937 1109; x_wconf 87' lang='lat' dir='ltr'><strong>esset</strong></span> <span class='ocrx_word' id='word_1_103' title='bbox 973 1054 1040 1110; x_wconf 92' lang='lat' dir='ltr'><strong>de</strong></span> <span class='ocrx_word' id='word_1_104' title='bbox 1069 1055 1247 1110; x_wconf 87' lang='lat' dir='ltr'><strong>Patre.</strong></span> <span class='ocrx_word' id='word_1_105' title='bbox 1296 1054 1573 1128; x_wconf 75' lang='lat' dir='ltr'><strong>Unicuique</strong></span> <span class='ocrx_word' id='word_1_106' title='bbox 1609 1065 1777 1109; x_wconf 89' lang='lat' dir='ltr'><strong>autem</strong></span> 
     </span>
    </p>
   </div>
   <div class='ocr_carea' id='block_1_13' title="bbox 192 1127 1772 1218">
    <p class='ocr_par' dir='ltr' id='par_1_13' title="bbox 192 1127 1772 1218">
     <span class='ocr_line' id='line_1_13' title="bbox 192 1127 1772 1218; baseline 0.002 -20"><span class='ocrx_word' id='word_1_107' title='bbox 192 1156 426 1200; x_wconf 85' lang='lat' dir='ltr'><strong>nostrum</strong></span> <span class='ocrx_word' id='word_1_108' title='bbox 453 1147 574 1200; x_wconf 89' lang='lat' dir='ltr'><strong>data</strong></span> <span class='ocrx_word' id='word_1_109' title='bbox 612 1127 685 1202; x_wconf 74' lang='lat' dir='ltr'><strong>est</strong></span> <span class='ocrx_word' id='word_1_110' title='bbox 723 1147 909 1217; x_wconf 88' lang='lat' dir='ltr'><strong>gratia.</strong></span> <span class='ocrx_word' id='word_1_111' title='bbox 940 1145 1075 1214; x_wconf 83' lang='lat' dir='ltr'><strong>Quid</strong></span> <span class='ocrx_word' id='word_1_112' title='bbox 1101 1162 1250 1218; x_wconf 82' lang='lat' dir='ltr'><strong>ergo,</strong></span> <span class='ocrx_word' id='word_1_113' title='bbox 1291 1127 1772 1218; x_wconf 85' lang='lat' dir='ltr'><strong>inquit,undenam</strong></span> 
     </span>
    </p>
   </div>
   <div class='ocr_carea' id='block_1_14' title="bbox 189 1237 1774 1308">
    <p class='ocr_par' dir='ltr' id='par_1_14' title="bbox 189 1237 1774 1308">
     <span class='ocr_line' id='line_1_14' title="bbox 189 1237 1774 1308; baseline 0.001 -18"><span class='ocrx_word' id='word_1_114' title='bbox 189 1248 319 1292; x_wconf 88' lang='lat' dir='ltr'><strong>sunt</strong></span> <span class='ocrx_word' id='word_1_115' title='bbox 357 1237 568 1292; x_wconf 84' lang='lat' dir='ltr'><strong>diversa</strong></span> <span class='ocrx_word' id='word_1_116' title='bbox 596 1238 961 1293; x_wconf 86' lang='lat' dir='ltr'><strong>charismata?</strong></span> <span class='ocrx_word' id='word_1_117' title='bbox 990 1238 1104 1293; x_wconf 83' lang='lat' dir='ltr'><strong>Hoc</strong></span> <span class='ocrx_word' id='word_1_118' title='bbox 1132 1239 1275 1294; x_wconf 90' lang='lat' dir='ltr'><strong>enim</strong></span> <span class='ocrx_word' id='word_1_119' title='bbox 1305 1253 1519 1308; x_wconf 87' lang='lat' dir='ltr'><strong>semper</strong></span> <span class='ocrx_word' id='word_1_120' title='bbox 1549 1238 1692 1308; x_wconf 90' lang='lat' dir='ltr'><strong>ipsos</strong></span> <span class='ocrx_word' id='word_1_121' title='bbox 1719 1245 1774 1292; x_wconf 88' lang='lat' dir='ltr'><strong>et</strong></span> 
     </span>
    </p>
   </div>
   <div class='ocr_carea' id='block_1_15' title="bbox 187 1328 1769 1400">
    <p class='ocr_par' dir='ltr' id='par_1_15' title="bbox 187 1328 1769 1400">
     <span class='ocr_line' id='line_1_15' title="bbox 187 1328 1769 1400; baseline 0 -18"><span class='ocrx_word' id='word_1_122' title='bbox 187 1329 506 1383; x_wconf 87' lang='lat' dir='ltr'><strong>Corinthios</strong></span> <span class='ocrx_word' id='word_1_123' title='bbox 533 1337 588 1383; x_wconf 91' lang='lat' dir='ltr'><strong>et</strong></span> <span class='ocrx_word' id='word_1_124' title='bbox 616 1329 812 1384; x_wconf 88' lang='lat' dir='ltr'><strong>multos</strong></span> <span class='ocrx_word' id='word_1_125' title='bbox 841 1329 974 1384; x_wconf 88' lang='lat' dir='ltr'><strong>alios</strong></span> <span class='ocrx_word' id='word_1_126' title='bbox 996 1369 1011 1394; x_wconf 89' lang='lat'><strong>,</strong></span> <span class='ocrx_word' id='word_1_127' title='bbox 1051 1328 1150 1383; x_wconf 89' lang='lat' dir='ltr'><strong>hos</strong></span> <span class='ocrx_word' id='word_1_128' title='bbox 1177 1329 1389 1400; x_wconf 88' lang='lat' dir='ltr'><strong>quidem</strong></span> <span class='ocrx_word' id='word_1_129' title='bbox 1420 1329 1486 1384; x_wconf 91' lang='lat' dir='ltr'><strong>ad</strong></span> <span class='ocrx_word' id='word_1_130' title='bbox 1516 1343 1769 1399; x_wconf 79' lang='lat' dir='ltr'><strong>arrogan-</strong></span> 
     </span>
    </p>
   </div>
   <div class='ocr_carea' id='block_1_16' title="bbox 189 1419 1766 1487">
    <p class='ocr_par' dir='ltr' id='par_1_16' title="bbox 189 1419 1766 1487">
     <span class='ocr_line' id='line_1_16' title="bbox 189 1419 1766 1487; baseline 0.002 -15"><span class='ocrx_word' id='word_1_131' title='bbox 189 1422 342 1487; x_wconf 83' lang='lat' dir='ltr'><strong>tiam,</strong></span> <span class='ocrx_word' id='word_1_132' title='bbox 376 1420 500 1474; x_wconf 91' lang='lat' dir='ltr'><strong>illos</strong></span> <span class='ocrx_word' id='word_1_133' title='bbox 525 1434 654 1476; x_wconf 86' lang='lat' dir='ltr'><strong>vero</strong></span> <span class='ocrx_word' id='word_1_134' title='bbox 684 1419 979 1475; x_wconf 85' lang='lat' dir='ltr'><strong>deducebat</strong></span> <span class='ocrx_word' id='word_1_135' title='bbox 1004 1419 1070 1474; x_wconf 90' lang='lat' dir='ltr'><strong>ad</strong></span> <span class='ocrx_word' id='word_1_136' title='bbox 1097 1435 1382 1475; x_wconf 70' lang='lat' dir='ltr'><strong>maerorem</strong></span> <span class='ocrx_word' id='word_1_137' title='bbox 1411 1429 1466 1476; x_wconf 90' lang='lat' dir='ltr'><strong>et</strong></span> <span class='ocrx_word' id='word_1_138' title='bbox 1493 1420 1766 1475; x_wconf 87' lang='lat' dir='ltr'><strong>invidiam.</strong></span> 
     </span>
    </p>
   </div>
   <div class='ocr_carea' id='block_1_17' title="bbox 188 1510 1764 1581">
    <p class='ocr_par' dir='ltr' id='par_1_17' title="bbox 188 1510 1764 1581">
     <span class='ocr_line' id='line_1_17' title="bbox 188 1510 1764 1581; baseline 0 -17"><span class='ocrx_word' id='word_1_139' title='bbox 188 1512 487 1579; x_wconf 83' lang='lat' dir='ltr'><strong>Propterea</strong></span> <span class='ocrx_word' id='word_1_140' title='bbox 544 1525 758 1580; x_wconf 87' lang='lat' dir='ltr'><strong>semper</strong></span> <span class='ocrx_word' id='word_1_141' title='bbox 820 1510 1052 1565; x_wconf 87' lang='lat' dir='ltr'><strong>ostendit</strong></span> <span class='ocrx_word' id='word_1_142' title='bbox 1107 1512 1410 1581; x_wconf 89' lang='lat' dir='ltr'><strong>exemplum</strong></span> <span class='ocrx_word' id='word_1_143' title='bbox 1465 1511 1706 1580; x_wconf 88' lang='lat' dir='ltr'><strong>corporis</strong></span> <span class='ocrx_word' id='word_1_144' title='bbox 1751 1526 1764 1564; x_wconf 91' lang='lat'>:</span> 
     </span>
    </p>
   </div>
   <div class='ocr_carea' id='block_1_18' title="bbox 185 1604 1768 1675">
    <p class='ocr_par' dir='ltr' id='par_1_18' title="bbox 185 1604 1768 1675">
     <span class='ocr_line' id='line_1_18' title="bbox 185 1604 1768 1675; baseline 0.001 -17"><span class='ocrx_word' id='word_1_145' title='bbox 185 1614 476 1675; x_wconf 80' lang='lat' dir='ltr'><strong>propterea</strong></span> <span class='ocrx_word' id='word_1_146' title='bbox 504 1619 643 1659; x_wconf 91' lang='lat' dir='ltr'><strong>nunc</strong></span> <span class='ocrx_word' id='word_1_147' title='bbox 671 1619 882 1674; x_wconf 90' lang='lat' dir='ltr'><strong>quoque</strong></span> <span class='ocrx_word' id='word_1_148' title='bbox 909 1604 1010 1659; x_wconf 90' lang='lat' dir='ltr'><strong>hoc</strong></span> <span class='ocrx_word' id='word_1_149' title='bbox 1038 1605 1234 1673; x_wconf 87' lang='lat' dir='ltr'><strong>posuit,</strong></span> <span class='ocrx_word' id='word_1_150' title='bbox 1261 1605 1507 1674; x_wconf 90' lang='lat' dir='ltr'><strong>quoniam</strong></span> <span class='ocrx_word' id='word_1_151' title='bbox 1535 1605 1768 1659; x_wconf 83' lang='lat' dir='ltr'><strong>facturus</strong></span> 
     </span>
    </p>
   </div>
   <div class='ocr_carea' id='block_1_19' title="bbox 183 1695 1768 1766">
    <p class='ocr_par' dir='ltr' id='par_1_19' title="bbox 183 1695 1768 1766">
     <span class='ocr_line' id='line_1_19' title="bbox 183 1695 1768 1766; baseline 0 -15"><span class='ocrx_word' id='word_1_152' title='bbox 183 1706 302 1751; x_wconf 88' lang='lat' dir='ltr'><strong>erat</strong></span> <span class='ocrx_word' id='word_1_153' title='bbox 328 1696 658 1751; x_wconf 87' lang='lat' dir='ltr'><strong>mentionem</strong></span> <span class='ocrx_word' id='word_1_154' title='bbox 685 1696 1015 1751; x_wconf 86' lang='lat' dir='ltr'><strong>diversorum</strong></span> <span class='ocrx_word' id='word_1_155' title='bbox 1046 1695 1446 1751; x_wconf 87' lang='lat' dir='ltr'><strong>charismatum.</strong></span> <span class='ocrx_word' id='word_1_156' title='bbox 1469 1696 1642 1766; x_wconf 86' lang='lat' dir='ltr'><strong>Atque</strong></span> <span class='ocrx_word' id='word_1_157' title='bbox 1666 1695 1768 1751; x_wconf 90' lang='lat' dir='ltr'><strong>hoc</strong></span> 
     </span>
    </p>
   </div>
   <div class='ocr_carea' id='block_1_20' title="bbox 183 1787 1763 1859">
    <p class='ocr_par' dir='ltr' id='par_1_20' title="bbox 183 1787 1763 1859">
     <span class='ocr_line' id='line_1_20' title="bbox 183 1787 1763 1859; baseline 0 -17"><span class='ocrx_word' id='word_1_158' title='bbox 183 1788 401 1858; x_wconf 87' lang='lat' dir='ltr'><strong>quidem</strong></span> <span class='ocrx_word' id='word_1_159' title='bbox 449 1790 792 1859; x_wconf 84' lang='lat' dir='ltr'><strong>persequitur</strong></span> <span class='ocrx_word' id='word_1_160' title='bbox 835 1789 1072 1844; x_wconf 81' lang='lat' dir='ltr'><strong>exactius</strong></span> <span class='ocrx_word' id='word_1_161' title='bbox 1117 1788 1171 1844; x_wconf 89' lang='lat' dir='ltr'><strong>in</strong></span> <span class='ocrx_word' id='word_1_162' title='bbox 1209 1789 1448 1859; x_wconf 90' lang='lat' dir='ltr'><strong>Epistola</strong></span> <span class='ocrx_word' id='word_1_163' title='bbox 1475 1788 1542 1842; x_wconf 89' lang='lat' dir='ltr'><strong>ad</strong></span> <span class='ocrx_word' id='word_1_164' title='bbox 1573 1787 1763 1842; x_wconf 86' lang='lat' dir='ltr'><strong>Corin-</strong></span> 
     </span>
    </p>
   </div>
   <div class='ocr_carea' id='block_1_21' title="bbox 183 1881 1764 1952">
    <p class='ocr_par' dir='ltr' id='par_1_21' title="bbox 183 1881 1764 1952">
     <span class='ocr_line' id='line_1_21' title="bbox 183 1881 1764 1952; baseline 0.001 -20"><span class='ocrx_word' id='word_1_165' title='bbox 183 1881 358 1947; x_wconf 84' lang='lat' dir='ltr'><strong>thios,</strong></span> <span class='ocrx_word' id='word_1_166' title='bbox 403 1882 656 1952; x_wconf 90' lang='lat' dir='ltr'><strong>quoniam</strong></span> <span class='ocrx_word' id='word_1_167' title='bbox 696 1882 804 1937; x_wconf 91' lang='lat' dir='ltr'><strong>illic</strong></span> <span class='ocrx_word' id='word_1_168' title='bbox 843 1881 931 1937; x_wconf 88' lang='lat' dir='ltr'><strong>hic</strong></span> <span class='ocrx_word' id='word_1_169' title='bbox 959 1882 1178 1938; x_wconf 90' lang='lat' dir='ltr'><strong>morbus</strong></span> <span class='ocrx_word' id='word_1_170' title='bbox 1206 1883 1437 1937; x_wconf 80' lang='lat' dir='ltr'><strong>maxime</strong></span> <span class='ocrx_word' id='word_1_171' title='bbox 1479 1881 1764 1936; x_wconf 82' lang='lat' dir='ltr'><strong>exercebat</strong></span> 
     </span>
    </p>
   </div>
   <div class='ocr_carea' id='block_1_22' title="bbox 185 1972 1760 2044">
    <p class='ocr_par' dir='ltr' id='par_1_22' title="bbox 185 1972 1760 2044">
     <span class='ocr_line' id='line_1_22' title="bbox 185 1972 1760 2044; baseline 0.001 -19"><span class='ocrx_word' id='word_1_172' title='bbox 185 1972 523 2044; x_wconf 79' lang='lat' dir='ltr'><strong>tyrannidem</strong></span> <span class='ocrx_word' id='word_1_173' title='bbox 570 1990 586 2027; x_wconf 90' lang='lat'><strong><em>:</em></strong></span> <span class='ocrx_word' id='word_1_174' title='bbox 634 1987 776 2028; x_wconf 90' lang='lat' dir='ltr'><strong>nunc</strong></span> <span class='ocrx_word' id='word_1_175' title='bbox 813 1988 940 2028; x_wconf 83' lang='lat' dir='ltr'><strong>vero</strong></span> <span class='ocrx_word' id='word_1_176' title='bbox 983 1972 1071 2028; x_wconf 93' lang='lat' dir='ltr'><strong>hic</strong></span> <span class='ocrx_word' id='word_1_177' title='bbox 1114 1983 1314 2028; x_wconf 89' lang='lat' dir='ltr'><strong>tantum</strong></span> <span class='ocrx_word' id='word_1_178' title='bbox 1362 1973 1521 2029; x_wconf 91' lang='lat' dir='ltr'><strong>tacite</strong></span> <span class='ocrx_word' id='word_1_179' title='bbox 1569 1973 1760 2027; x_wconf 91' lang='lat' dir='ltr'><strong>innuit.</strong></span> 
     </span>
    </p>
   </div>
   <div class='ocr_carea' id='block_1_23' title="bbox 185 2065 1762 2137">
    <p class='ocr_par' dir='ltr' id='par_1_23' title="bbox 185 2065 1762 2137">
     <span class='ocr_line' id='line_1_23' title="bbox 185 2065 1762 2137; baseline 0.002 -20"><span class='ocrx_word' id='word_1_180' title='bbox 185 2067 310 2122; x_wconf 80' lang='lat' dir='ltr'><strong>Vide</strong></span> <span class='ocrx_word' id='word_1_181' title='bbox 339 2075 526 2121; x_wconf 90' lang='lat' dir='ltr'><strong>autem</strong></span> <span class='ocrx_word' id='word_1_182' title='bbox 553 2065 681 2137; x_wconf 91' lang='lat' dir='ltr'><strong>quid</strong></span> <span class='ocrx_word' id='word_1_183' title='bbox 709 2067 869 2122; x_wconf 89' lang='lat' dir='ltr'><strong>dicat.</strong></span> <span class='ocrx_word' id='word_1_184' title='bbox 898 2067 1013 2122; x_wconf 87' lang='lat' dir='ltr'><strong>Non</strong></span> <span class='ocrx_word' id='word_1_185' title='bbox 1051 2067 1183 2122; x_wconf 90' lang='lat' dir='ltr'><strong>dixit</strong></span> <span class='ocrx_word' id='word_1_186' title='bbox 1202 2109 1218 2131; x_wconf 88' lang='lat'><strong><em>.</em></strong></span> <span class='ocrx_word' id='word_1_187' title='bbox 1244 2066 1547 2123; x_wconf 90' lang='lat' dir='ltr'><strong>Secundum</strong></span> <span class='ocrx_word' id='word_1_188' title='bbox 1578 2067 1762 2121; x_wconf 87' lang='lat' dir='ltr'><strong>unius-</strong></span> 
     </span>
    </p>
   </div>
   <div class='ocr_carea' id='block_1_24' title="bbox 181 2161 1756 2234">
    <p class='ocr_par' dir='ltr' id='par_1_24' title="bbox 181 2161 1756 2234">
     <span class='ocr_line' id='line_1_24' title="bbox 181 2161 1756 2234; baseline 0 -19"><span class='ocrx_word' id='word_1_189' title='bbox 181 2162 442 2232; x_wconf 82' lang='lat' dir='ltr'><strong>cujusque</strong></span> <span class='ocrx_word' id='word_1_190' title='bbox 464 2161 626 2216; x_wconf 83' lang='lat' dir='ltr'><strong>ﬁdem</strong></span> <span class='ocrx_word' id='word_1_191' title='bbox 648 2203 662 2228; x_wconf 90' lang='lat'><strong>,</strong></span> <span class='ocrx_word' id='word_1_192' title='bbox 691 2178 757 2218; x_wconf 90' lang='lat' dir='ltr'><strong>ne</strong></span> <span class='ocrx_word' id='word_1_193' title='bbox 785 2162 837 2217; x_wconf 90' lang='lat' dir='ltr'><strong>in</strong></span> <span class='ocrx_word' id='word_1_194' title='bbox 865 2162 1025 2218; x_wconf 93' lang='lat' dir='ltr'><strong>animi</strong></span> <span class='ocrx_word' id='word_1_195' title='bbox 1055 2177 1306 2234; x_wconf 80' lang='lat' dir='ltr'><strong>angorem</strong></span> <span class='ocrx_word' id='word_1_196' title='bbox 1334 2162 1453 2217; x_wconf 88' lang='lat' dir='ltr'><strong>illos</strong></span> <span class='ocrx_word' id='word_1_197' title='bbox 1478 2162 1756 2232; x_wconf 90' lang='lat' dir='ltr'><strong>injiceret,</strong></span> 
     </span>
    </p>
   </div>
   <div class='ocr_carea' id='block_1_25' title="bbox 179 2254 1758 2326">
    <p class='ocr_par' dir='ltr' id='par_1_25' title="bbox 179 2254 1758 2326">
     <span class='ocr_line' id='line_1_25' title="bbox 179 2254 1758 2326; baseline -0.001 -20"><span class='ocrx_word' id='word_1_198' title='bbox 179 2256 260 2322; x_wconf 90' lang='lat' dir='ltr'><strong>qui</strong></span> <span class='ocrx_word' id='word_1_199' title='bbox 282 2269 477 2324; x_wconf 81' lang='lat' dir='ltr'><strong>magna</strong></span> <span class='ocrx_word' id='word_1_200' title='bbox 501 2270 608 2309; x_wconf 92' lang='lat' dir='ltr'><strong>non</strong></span> <span class='ocrx_word' id='word_1_201' title='bbox 631 2265 786 2309; x_wconf 90' lang='lat' dir='ltr'><strong>erant</strong></span> <span class='ocrx_word' id='word_1_202' title='bbox 811 2255 1082 2326; x_wconf 89' lang='lat' dir='ltr'><strong>assequuti</strong></span> <span class='ocrx_word' id='word_1_203' title='bbox 1113 2272 1126 2310; x_wconf 89' lang='lat'><strong>:</strong></span> <span class='ocrx_word' id='word_1_204' title='bbox 1159 2254 1252 2310; x_wconf 90' lang='lat' dir='ltr'><strong>sed</strong></span> <span class='ocrx_word' id='word_1_205' title='bbox 1279 2254 1442 2325; x_wconf 87' lang='lat' dir='ltr'><strong>quid?</strong></span> <span class='ocrx_word' id='word_1_206' title='bbox 1467 2254 1758 2309; x_wconf 85' lang='lat' dir='ltr'><strong>Secundum</strong></span> 
     </span>
    </p>
   </div>
   <div class='ocr_carea' id='block_1_26' title="bbox 178 2345 1758 2418">
    <p class='ocr_par' dir='ltr' id='par_1_26' title="bbox 178 2345 1758 2418">
     <span class='ocr_line' id='line_1_26' title="bbox 178 2345 1758 2418; baseline 0.001 -20"><span class='ocrx_word' id='word_1_207' title='bbox 178 2360 465 2400; x_wconf 73' lang='lat' dir='ltr'><strong>mensuram</strong></span> <span class='ocrx_word' id='word_1_208' title='bbox 503 2346 626 2400; x_wconf 88' lang='lat' dir='ltr'><strong>doni</strong></span> <span class='ocrx_word' id='word_1_209' title='bbox 667 2346 873 2402; x_wconf 75' lang='lat' dir='ltr'><strong>Christi.</strong></span> <span class='ocrx_word' id='word_1_210' title='bbox 904 2347 1037 2414; x_wconf 66' lang='lat' dir='ltr'><strong>Quae</strong></span> <span class='ocrx_word' id='word_1_211' title='bbox 1069 2348 1358 2418; x_wconf 84' lang='lat' dir='ltr'><strong>principem</strong></span> <span class='ocrx_word' id='word_1_212' title='bbox 1389 2347 1562 2402; x_wconf 88' lang='lat' dir='ltr'><strong>locum</strong></span> <span class='ocrx_word' id='word_1_213' title='bbox 1592 2345 1758 2416; x_wconf 86' lang='lat' dir='ltr'><strong>magis</strong></span> 
     </span>
    </p>
   </div>
   <div class='ocr_carea' id='block_1_27' title="bbox 177 2437 1755 2502">
    <p class='ocr_par' dir='ltr' id='par_1_27' title="bbox 177 2437 1755 2502">
     <span class='ocr_line' id='line_1_27' title="bbox 177 2437 1755 2502; baseline 0.001 -13"><span class='ocrx_word' id='word_1_214' title='bbox 177 2437 372 2492; x_wconf 81' lang='lat' dir='ltr'><strong>habent</strong></span> <span class='ocrx_word' id='word_1_215' title='bbox 400 2441 539 2493; x_wconf 85' lang='lat' dir='ltr'><strong>inter</strong></span> <span class='ocrx_word' id='word_1_216' title='bbox 562 2438 764 2500; x_wconf 88' lang='lat' dir='ltr'><strong>omnia,</strong></span> <span class='ocrx_word' id='word_1_217' title='bbox 796 2453 856 2494; x_wconf 83' lang='lat' dir='ltr'><strong>ea</strong></span> <span class='ocrx_word' id='word_1_218' title='bbox 897 2447 1021 2494; x_wconf 90' lang='lat' dir='ltr'><strong>sunt</strong></span> <span class='ocrx_word' id='word_1_219' title='bbox 1063 2440 1240 2494; x_wconf 89' lang='lat' dir='ltr'><strong>omnia</strong></span> <span class='ocrx_word' id='word_1_220' title='bbox 1287 2438 1585 2494; x_wconf 91' lang='lat' dir='ltr'><strong>communia</strong></span> <span class='ocrx_word' id='word_1_221' title='bbox 1605 2479 1618 2502; x_wconf 89' lang='lat'><strong>,</strong></span> <span class='ocrx_word' id='word_1_222' title='bbox 1647 2437 1755 2492; x_wconf 91' lang='lat' dir='ltr'><strong>ba-</strong></span> 
     </span>
    </p>
   </div>
   <div class='ocr_carea' id='block_1_28' title="bbox 176 2528 1753 2599">
    <p class='ocr_par' dir='ltr' id='par_1_28' title="bbox 176 2528 1753 2599">
     <span class='ocr_line' id='line_1_28' title="bbox 176 2528 1753 2599; baseline 0.001 -19"><span class='ocrx_word' id='word_1_223' title='bbox 176 2530 391 2597; x_wconf 88' lang='lat' dir='ltr'><strong>ptisma,</strong></span> <span class='ocrx_word' id='word_1_224' title='bbox 407 2529 615 2584; x_wconf 86' lang='lat' dir='ltr'><strong>salvum</strong></span> <span class='ocrx_word' id='word_1_225' title='bbox 643 2543 764 2584; x_wconf 89' lang='lat' dir='ltr'><strong>esse</strong></span> <span class='ocrx_word' id='word_1_226' title='bbox 785 2543 880 2599; x_wconf 86' lang='lat' dir='ltr'><strong>per</strong></span> <span class='ocrx_word' id='word_1_227' title='bbox 900 2529 1080 2594; x_wconf 86' lang='lat' dir='ltr'><strong>ﬁdem,</strong></span> <span class='ocrx_word' id='word_1_228' title='bbox 1107 2530 1272 2585; x_wconf 91' lang='lat' dir='ltr'><strong>Deum</strong></span> <span class='ocrx_word' id='word_1_229' title='bbox 1302 2528 1498 2583; x_wconf 88' lang='lat' dir='ltr'><strong>habere</strong></span> <span class='ocrx_word' id='word_1_230' title='bbox 1521 2528 1753 2592; x_wconf 87' lang='lat' dir='ltr'><strong>Patrem,</strong></span> 
     </span>
    </p>
   </div>
   <div class='ocr_carea' id='block_1_29' title="bbox 171 2616 1752 2689">
    <p class='ocr_par' dir='ltr' id='par_1_29' title="bbox 171 2616 1752 2689">
     <span class='ocr_line' id='line_1_29' title="bbox 171 2616 1752 2689; baseline 0.002 -22"><span class='ocrx_word' id='word_1_231' title='bbox 171 2619 414 2686; x_wconf 65' lang='lat' dir='ltr'><strong>ejusdem</strong></span> <span class='ocrx_word' id='word_1_232' title='bbox 441 2619 669 2688; x_wconf 82' lang='lat' dir='ltr'><strong>Spiritus</strong></span> <span class='ocrx_word' id='word_1_233' title='bbox 699 2632 886 2674; x_wconf 91' lang='lat' dir='ltr'><strong>omnes</strong></span> <span class='ocrx_word' id='word_1_234' title='bbox 911 2633 1033 2674; x_wconf 88' lang='lat' dir='ltr'><strong>esse</strong></span> <span class='ocrx_word' id='word_1_235' title='bbox 1058 2618 1356 2689; x_wconf 81' lang='lat' dir='ltr'><strong>participes.</strong></span> <span class='ocrx_word' id='word_1_236' title='bbox 1385 2617 1442 2673; x_wconf 90' lang='lat' dir='ltr'><strong>Si</strong></span> <span class='ocrx_word' id='word_1_237' title='bbox 1466 2616 1553 2672; x_wconf 91' lang='lat' dir='ltr'><strong>hic</strong></span> <span class='ocrx_word' id='word_1_238' title='bbox 1577 2625 1752 2671; x_wconf 87' lang='lat' dir='ltr'><strong>autem</strong></span> 
     </span>
    </p>
   </div>
   <div class='ocr_carea' id='block_1_30' title="bbox 173 2708 1750 2780">
    <p class='ocr_par' dir='ltr' id='par_1_30' title="bbox 173 2708 1750 2780">
     <span class='ocr_line' id='line_1_30' title="bbox 173 2708 1750 2780; baseline 0.001 -20"><span class='ocrx_word' id='word_1_239' title='bbox 173 2712 315 2764; x_wconf 75' lang='lat' dir='ltr'><strong>alius</strong></span> <span class='ocrx_word' id='word_1_240' title='bbox 340 2711 462 2780; x_wconf 86' lang='lat' dir='ltr'><strong>plus</strong></span> <span class='ocrx_word' id='word_1_241' title='bbox 489 2710 647 2765; x_wconf 87' lang='lat' dir='ltr'><strong>habet</strong></span> <span class='ocrx_word' id='word_1_242' title='bbox 678 2710 730 2764; x_wconf 92' lang='lat' dir='ltr'><strong>in</strong></span> <span class='ocrx_word' id='word_1_243' title='bbox 758 2709 1098 2778; x_wconf 87' lang='lat' dir='ltr'><strong>charismate,</strong></span> <span class='ocrx_word' id='word_1_244' title='bbox 1144 2724 1215 2764; x_wconf 92' lang='lat' dir='ltr'><strong>ne</strong></span> <span class='ocrx_word' id='word_1_245' title='bbox 1264 2708 1467 2774; x_wconf 89' lang='lat' dir='ltr'><strong>doleas,</strong></span> <span class='ocrx_word' id='word_1_246' title='bbox 1504 2709 1750 2778; x_wconf 89' lang='lat' dir='ltr'><strong>quoniam</strong></span> 
     </span>
    </p>
   </div>
   <div class='ocr_carea' id='block_1_31' title="bbox 176 2800 1751 2871">
    <p class='ocr_par' dir='ltr' id='par_1_31' title="bbox 176 2800 1751 2871">
     <span class='ocr_line' id='line_1_31' title="bbox 176 2800 1751 2871; baseline -0.001 -17"><span class='ocrx_word' id='word_1_247' title='bbox 176 2802 254 2854; x_wconf 89' lang='lat' dir='ltr'><strong>illi</strong></span> <span class='ocrx_word' id='word_1_248' title='bbox 288 2803 407 2871; x_wconf 89' lang='lat' dir='ltr'><strong>plus</strong></span> <span class='ocrx_word' id='word_1_249' title='bbox 433 2811 516 2856; x_wconf 89' lang='lat' dir='ltr'><strong>est</strong></span> <span class='ocrx_word' id='word_1_250' title='bbox 542 2802 736 2856; x_wconf 87' lang='lat' dir='ltr'><strong>laboris</strong></span> <span class='ocrx_word' id='word_1_251' title='bbox 771 2820 784 2851; x_wconf 80' lang='grc' dir='ltr'><strong><em>τ</em></strong></span> <span class='ocrx_word' id='word_1_252' title='bbox 814 2811 870 2856; x_wconf 86' lang='lat' dir='ltr'><strong>et</strong></span> <span class='ocrx_word' id='word_1_253' title='bbox 897 2800 965 2856; x_wconf 91' lang='lat' dir='ltr'><strong>ab</strong></span> <span class='ocrx_word' id='word_1_254' title='bbox 995 2815 1058 2856; x_wconf 89' lang='lat' dir='ltr'><strong>eo</strong></span> <span class='ocrx_word' id='word_1_255' title='bbox 1085 2801 1174 2871; x_wconf 91' lang='lat' dir='ltr'><strong>qui</strong></span> <span class='ocrx_word' id='word_1_256' title='bbox 1204 2801 1441 2870; x_wconf 91' lang='lat' dir='ltr'><strong>quinque</strong></span> <span class='ocrx_word' id='word_1_257' title='bbox 1470 2808 1751 2869; x_wconf 90' lang='lat' dir='ltr'><strong>acceperat</strong></span> 
     </span>
    </p>
   </div>
   <div class='ocr_carea' id='block_1_32' title="bbox 171 2889 1751 2963">
    <p class='ocr_par' dir='ltr' id='par_1_32' title="bbox 171 2889 1751 2963">
     <span class='ocr_line' id='line_1_32' title="bbox 171 2889 1751 2963; baseline -0.001 -17"><span class='ocrx_word' id='word_1_258' title='bbox 171 2894 423 2958; x_wconf 87' lang='lat' dir='ltr'><strong>talenta,</strong></span> <span class='ocrx_word' id='word_1_259' title='bbox 479 2893 817 2963; x_wconf 80' lang='lat' dir='ltr'><strong>exigebantur</strong></span> <span class='ocrx_word' id='word_1_260' title='bbox 868 2893 1138 2962; x_wconf 90' lang='lat' dir='ltr'><strong>quinque;</strong></span> <span class='ocrx_word' id='word_1_261' title='bbox 1193 2892 1239 2946; x_wconf 95' lang='lat' dir='ltr'><strong>is</strong></span> <span class='ocrx_word' id='word_1_262' title='bbox 1287 2901 1463 2946; x_wconf 89' lang='lat' dir='ltr'><strong>autem</strong></span> <span class='ocrx_word' id='word_1_263' title='bbox 1514 2891 1603 2960; x_wconf 90' lang='lat' dir='ltr'><strong>qui</strong></span> <span class='ocrx_word' id='word_1_264' title='bbox 1647 2889 1751 2944; x_wconf 94' lang='lat' dir='ltr'><strong>duo</strong></span> 
     </span>
    </p>
   </div>
   <div class='ocr_carea' id='block_1_33' title="bbox 165 2982 1750 3055">
    <p class='ocr_par' dir='ltr' id='par_1_33' title="bbox 165 2982 1750 3055">
     <span class='ocr_line' id='line_1_33' title="bbox 165 2982 1750 3055; baseline -0.001 -16"><span class='ocrx_word' id='word_1_265' title='bbox 165 2987 404 3055; x_wconf 84' lang='lat' dir='ltr'><strong>accepit,</strong></span> <span class='ocrx_word' id='word_1_266' title='bbox 431 2985 536 3040; x_wconf 90' lang='lat' dir='ltr'><strong>duo</strong></span> <span class='ocrx_word' id='word_1_267' title='bbox 564 2997 764 3039; x_wconf 88' lang='lat' dir='ltr'><strong>tantum</strong></span> <span class='ocrx_word' id='word_1_268' title='bbox 794 2986 988 3050; x_wconf 87' lang='lat' dir='ltr'><strong>attulit,</strong></span> <span class='ocrx_word' id='word_1_269' title='bbox 1019 3000 1119 3040; x_wconf 90' lang='lat' dir='ltr'><strong>nec</strong></span> <span class='ocrx_word' id='word_1_270' title='bbox 1149 2985 1324 3039; x_wconf 90' lang='lat' dir='ltr'><strong>minus</strong></span> <span class='ocrx_word' id='word_1_271' title='bbox 1350 2999 1506 3054; x_wconf 89' lang='lat' dir='ltr'><strong>quam</strong></span> <span class='ocrx_word' id='word_1_272' title='bbox 1531 2983 1621 3038; x_wconf 89' lang='lat' dir='ltr'><strong>ille</strong></span> <span class='ocrx_word' id='word_1_273' title='bbox 1650 2982 1750 3037; x_wconf 85' lang='lat' dir='ltr'><strong>ha-</strong></span> 
     </span>
    </p>
   </div>
   <div class='ocr_carea' id='block_1_34' title="bbox 165 3073 1750 3146">
    <p class='ocr_par' dir='ltr' id='par_1_34' title="bbox 165 3073 1750 3146">
     <span class='ocr_line' id='line_1_34' title="bbox 165 3073 1750 3146; baseline -0.001 -17"><span class='ocrx_word' id='word_1_274' title='bbox 165 3078 300 3131; x_wconf 86' lang='lat' dir='ltr'><strong>buit.</strong></span> <span class='ocrx_word' id='word_1_275' title='bbox 329 3078 623 3146; x_wconf 87' lang='lat' dir='ltr'><strong>Propterea</strong></span> <span class='ocrx_word' id='word_1_276' title='bbox 667 3076 754 3131; x_wconf 89' lang='lat' dir='ltr'><strong>hic</strong></span> <span class='ocrx_word' id='word_1_277' title='bbox 779 3092 846 3132; x_wconf 89' lang='lat' dir='ltr'><strong>ex</strong></span> <span class='ocrx_word' id='word_1_278' title='bbox 873 3075 1055 3131; x_wconf 87' lang='lat' dir='ltr'><strong>eadem</strong></span> <span class='ocrx_word' id='word_1_279' title='bbox 1084 3090 1241 3131; x_wconf 86' lang='lat' dir='ltr'><strong>causa</strong></span> <span class='ocrx_word' id='word_1_280' title='bbox 1268 3074 1573 3131; x_wconf 89' lang='lat' dir='ltr'><strong>consolatur</strong></span> <span class='ocrx_word' id='word_1_281' title='bbox 1594 3073 1750 3128; x_wconf 88' lang='lat' dir='ltr'><strong>audi-</strong></span> 
     </span>
    </p>
   </div>
   <div class='ocr_carea' id='block_1_35' title="bbox 161 3167 1750 3238">
    <p class='ocr_par' dir='ltr' id='par_1_35' title="bbox 161 3167 1750 3238">
     <span class='ocr_line' id='line_1_35' title="bbox 161 3167 1750 3238; baseline -0.001 -16"><span class='ocrx_word' id='word_1_282' title='bbox 161 3178 359 3223; x_wconf 82' lang='lat' dir='ltr'><strong>torem.</strong></span> <span class='ocrx_word' id='word_1_283' title='bbox 387 3169 467 3221; x_wconf 79' lang='lat' dir='ltr'><strong>Ad</strong></span> <span class='ocrx_word' id='word_1_284' title='bbox 487 3169 968 3223; x_wconf 82' lang='lat' dir='ltr'><strong>consummationem</strong></span> <span class='ocrx_word' id='word_1_285' title='bbox 994 3177 1302 3236; x_wconf 79' lang='lat' dir='ltr'><strong>sanctorum,</strong></span> <span class='ocrx_word' id='word_1_286' title='bbox 1329 3167 1522 3238; x_wconf 80' lang='lat' dir='ltr'><strong>inquit,</strong></span> <span class='ocrx_word' id='word_1_287' title='bbox 1551 3169 1603 3220; x_wconf 87' lang='lat' dir='ltr'><strong>in</strong></span> <span class='ocrx_word' id='word_1_288' title='bbox 1623 3183 1750 3236; x_wconf 79' lang='lat' dir='ltr'><strong>Opus</strong></span> 
     </span>
    </p>
   </div>
   <div class='ocr_carea' id='block_1_36' title="bbox 161 3259 1749 3330">
    <p class='ocr_par' dir='ltr' id='par_1_36' title="bbox 161 3259 1749 3330">
     <span class='ocr_line' id='line_1_36' title="bbox 161 3259 1749 3330; baseline -0.001 -18"><span class='ocrx_word' id='word_1_289' title='bbox 161 3262 474 3326; x_wconf 78' lang='lat' dir='ltr'><strong>ministerii,</strong></span> <span class='ocrx_word' id='word_1_290' title='bbox 520 3262 574 3316; x_wconf 86' lang='lat' dir='ltr'><strong>in</strong></span> <span class='ocrx_word' id='word_1_291' title='bbox 625 3262 1012 3329; x_wconf 78' lang='lat' dir='ltr'><strong>tediﬁcationem</strong></span> <span class='ocrx_word' id='word_1_292' title='bbox 1061 3262 1287 3328; x_wconf 89' lang='lat' dir='ltr'><strong>corporis</strong></span> <span class='ocrx_word' id='word_1_293' title='bbox 1341 3259 1528 3315; x_wconf 79' lang='lat' dir='ltr'><strong>Christi</strong></span> <span class='ocrx_word' id='word_1_294' title='bbox 1574 3259 1749 3330; x_wconf 81' lang='lat' dir='ltr'><strong>(Infra</strong></span> 
     </span>
    </p>
   </div>
   <div class='ocr_carea' id='block_1_37' title="bbox 158 3351 1749 3424">
    <p class='ocr_par' dir='ltr' id='par_1_37' title="bbox 158 3351 1749 3424">
     <span class='ocr_line' id='line_1_37' title="bbox 158 3351 1749 3424; baseline 0 -21"><span class='ocrx_word' id='word_1_295' title='bbox 158 3368 208 3403; x_wconf 76' lang='grc' dir='ltr'><strong>ο.</strong></span> <span class='ocrx_word' id='word_1_296' title='bbox 261 3352 330 3406; x_wconf 70' lang='grc'><strong>12</strong></span> <span class='ocrx_word' id='word_1_297' title='bbox 356 3353 398 3422; x_wconf 93' lang='grc'><strong>).</strong></span> <span class='ocrx_word' id='word_1_298' title='bbox 426 3352 714 3420; x_wconf 84' lang='lat' dir='ltr'><strong>Propterea</strong></span> <span class='ocrx_word' id='word_1_299' title='bbox 745 3353 858 3422; x_wconf 84' lang='lat' dir='ltr'><strong>ipse</strong></span> <span class='ocrx_word' id='word_1_300' title='bbox 900 3367 1109 3424; x_wconf 89' lang='lat' dir='ltr'><strong>quoque</strong></span> <span class='ocrx_word' id='word_1_301' title='bbox 1139 3352 1368 3418; x_wconf 87' lang='lat' dir='ltr'><strong>dicebat,</strong></span> <span class='ocrx_word' id='word_1_302' title='bbox 1421 3351 1505 3407; x_wconf 76' lang='lat' dir='ltr'><strong>Va:</strong></span> <span class='ocrx_word' id='word_1_303' title='bbox 1531 3351 1673 3424; x_wconf 83' lang='lat' dir='ltr'><strong>mihi,</strong></span> <span class='ocrx_word' id='word_1_304' title='bbox 1706 3351 1749 3405; x_wconf 88' lang='lat' dir='ltr'><strong>si</strong></span> 
     </span>
    </p>
   </div>
   <div class='ocr_carea' id='block_1_38' title="bbox 157 3444 1744 3515">
    <p class='ocr_par' dir='ltr' id='par_1_38' title="bbox 157 3444 1744 3515">
     <span class='ocr_line' id='line_1_38' title="bbox 157 3444 1744 3515; baseline 0.002 -21"><span class='ocrx_word' id='word_1_305' title='bbox 157 3461 261 3497; x_wconf 81' lang='lat' dir='ltr'><strong>non</strong></span> <span class='ocrx_word' id='word_1_306' title='bbox 293 3445 703 3514; x_wconf 78' lang='lat' dir='ltr'><strong>ecangelizavero</strong></span> <span class='ocrx_word' id='word_1_307' title='bbox 725 3445 745 3515; x_wconf 96' lang='lat'><strong>(</strong></span> <span class='ocrx_word' id='word_1_308' title='bbox 771 3447 821 3499; x_wconf 92' lang='grc'><strong>1.</strong></span> <span class='ocrx_word' id='word_1_309' title='bbox 841 3444 959 3501; x_wconf 85' lang='lat' dir='ltr'><strong>Cor.</strong></span> <span class='ocrx_word' id='word_1_310' title='bbox 982 3448 1035 3502; x_wconf 92' lang='lat'><strong>9.</strong></span> <span class='ocrx_word' id='word_1_311' title='bbox 1061 3447 1166 3515; x_wconf 90' lang='grc'><strong>16)</strong></span> <span class='ocrx_word' id='word_1_312' title='bbox 1189 3448 1201 3500; x_wconf 93' lang='lat'><strong>!</strong></span> <span class='ocrx_word' id='word_1_313' title='bbox 1235 3447 1426 3514; x_wconf 88' lang='lat' dir='ltr'><strong>Utpote</strong></span> <span class='ocrx_word' id='word_1_314' title='bbox 1455 3444 1596 3515; x_wconf 89' lang='lat' dir='ltr'><strong>quod</strong></span> <span class='ocrx_word' id='word_1_315' title='bbox 1617 3459 1744 3514; x_wconf 87' lang='lat' dir='ltr'><strong>apo-</strong></span> 
     </span>
    </p>
   </div>
   <div class='ocr_carea' id='block_1_39' title="bbox 155 3533 1742 3608">
    <p class='ocr_par' dir='ltr' id='par_1_39' title="bbox 155 3533 1742 3608">
     <span class='ocr_line' id='line_1_39' title="bbox 155 3533 1742 3608; baseline 0.001 -21"><span class='ocrx_word' id='word_1_316' title='bbox 155 3533 390 3589; x_wconf 87' lang='lat' dir='ltr'><strong>stolatus</strong></span> <span class='ocrx_word' id='word_1_317' title='bbox 411 3534 676 3604; x_wconf 84' lang='lat' dir='ltr'><strong>ejusmodi</strong></span> <span class='ocrx_word' id='word_1_318' title='bbox 693 3534 958 3592; x_wconf 87' lang='lat' dir='ltr'><strong>charisma</strong></span> <span class='ocrx_word' id='word_1_319' title='bbox 978 3538 1288 3608; x_wconf 84' lang='lat' dir='ltr'><strong>accepisset.</strong></span> <span class='ocrx_word' id='word_1_320' title='bbox 1314 3537 1417 3592; x_wconf 85' lang='lat' dir='ltr'><strong>Sed</strong></span> <span class='ocrx_word' id='word_1_321' title='bbox 1442 3545 1742 3607; x_wconf 85' lang='lat' dir='ltr'><strong>prapterea,</strong></span> 
     </span>
    </p>
   </div>
   <div class='ocr_carea' id='block_1_40' title="bbox 158 3625 1742 3699">
    <p class='ocr_par' dir='ltr' id='par_1_40' title="bbox 158 3625 1742 3699">
     <span class='ocr_line' id='line_1_40' title="bbox 158 3625 1742 3699; baseline 0.003 -21"><span class='ocrx_word' id='word_1_322' title='bbox 158 3625 251 3679; x_wconf 71' lang='lat' dir='ltr'><strong>Va:</strong></span> <span class='ocrx_word' id='word_1_323' title='bbox 270 3626 375 3681; x_wconf 86' lang='lat' dir='ltr'><strong>sibi</strong></span> <span class='ocrx_word' id='word_1_324' title='bbox 398 3626 633 3694; x_wconf 87' lang='lat' dir='ltr'><strong>dicebat,</strong></span> <span class='ocrx_word' id='word_1_325' title='bbox 663 3628 912 3697; x_wconf 89' lang='lat' dir='ltr'><strong>quoniam</strong></span> <span class='ocrx_word' id='word_1_326' title='bbox 930 3638 1208 3699; x_wconf 85' lang='lat' dir='ltr'><strong>acceperat</strong></span> <span class='ocrx_word' id='word_1_327' title='bbox 1232 3647 1246 3682; x_wconf 88' lang='lat'><strong>:</strong></span> <span class='ocrx_word' id='word_1_328' title='bbox 1271 3639 1324 3683; x_wconf 92' lang='lat' dir='ltr'><strong>tu</strong></span> <span class='ocrx_word' id='word_1_329' title='bbox 1349 3639 1522 3684; x_wconf 90' lang='lat' dir='ltr'><strong>autem</strong></span> <span class='ocrx_word' id='word_1_330' title='bbox 1547 3629 1742 3683; x_wconf 86' lang='lat' dir='ltr'><strong>libera-</strong></span> 
     </span>
    </p>
   </div>
   <div class='ocr_carea' id='block_1_41' title="bbox 153 3719 1742 3788">
    <p class='ocr_par' dir='ltr' id='par_1_41' title="bbox 153 3719 1742 3788">
     <span class='ocr_line' id='line_1_41' title="bbox 153 3719 1742 3788; baseline 0.001 -17"><span class='ocrx_word' id='word_1_331' title='bbox 153 3727 242 3772; x_wconf 88' lang='lat' dir='ltr'><strong>tus</strong></span> <span class='ocrx_word' id='word_1_332' title='bbox 269 3733 332 3773; x_wconf 91' lang='lat' dir='ltr'><strong>es</strong></span> <span class='ocrx_word' id='word_1_333' title='bbox 355 3734 386 3772; x_wconf 88' lang='lat' dir='ltr'><strong>a</strong></span> <span class='ocrx_word' id='word_1_334' title='bbox 422 3719 681 3788; x_wconf 87' lang='lat' dir='ltr'><strong>periculo.</strong></span> <span class='ocrx_word' id='word_1_335' title='bbox 703 3719 996 3774; x_wconf 85' lang='lat' dir='ltr'><strong>Secundum</strong></span> <span class='ocrx_word' id='word_1_336' title='bbox 1031 3737 1333 3774; x_wconf 85' lang='lat' dir='ltr'><strong>mensuram.</strong></span> <span class='ocrx_word' id='word_1_337' title='bbox 1356 3720 1489 3788; x_wconf 88' lang='lat' dir='ltr'><strong>Quid</strong></span> <span class='ocrx_word' id='word_1_338' title='bbox 1510 3727 1612 3786; x_wconf 87' lang='lat' dir='ltr'><strong>est,</strong></span> <span class='ocrx_word' id='word_1_339' title='bbox 1645 3719 1742 3775; x_wconf 78' lang='lat' dir='ltr'><strong>Se—</strong></span> 
     </span>
    </p>
   </div>
   <div class='ocr_carea' id='block_1_42' title="bbox 153 3812 1741 3883">
    <p class='ocr_par' dir='ltr' id='par_1_42' title="bbox 153 3812 1741 3883">
     <span class='ocr_line' id='line_1_42' title="bbox 153 3812 1741 3883; baseline 0.003 -19"><span class='ocrx_word' id='word_1_340' title='bbox 153 3813 384 3866; x_wconf 86' lang='lat' dir='ltr'><strong>cundum</strong></span> <span class='ocrx_word' id='word_1_341' title='bbox 410 3814 734 3867; x_wconf 77' lang='lat' dir='ltr'><strong>mensuram?</strong></span> <span class='ocrx_word' id='word_1_342' title='bbox 763 3812 875 3868; x_wconf 91' lang='lat' dir='ltr'><strong>Hoc</strong></span> <span class='ocrx_word' id='word_1_343' title='bbox 894 3824 997 3880; x_wconf 90' lang='lat' dir='ltr'><strong>est,</strong></span> <span class='ocrx_word' id='word_1_344' title='bbox 1022 3829 1127 3868; x_wconf 93' lang='lat' dir='ltr'><strong>non</strong></span> <span class='ocrx_word' id='word_1_345' title='bbox 1151 3829 1247 3883; x_wconf 91' lang='lat' dir='ltr'><strong>pro</strong></span> <span class='ocrx_word' id='word_1_346' title='bbox 1269 3814 1462 3868; x_wconf 88' lang='lat' dir='ltr'><strong>nostris</strong></span> <span class='ocrx_word' id='word_1_347' title='bbox 1499 3812 1700 3868; x_wconf 87' lang='lat' dir='ltr'><strong>meritis</strong></span> <span class='ocrx_word' id='word_1_348' title='bbox 1725 3829 1741 3869; x_wconf 85' lang='lat'><strong>:.</strong></span> 
     </span>
    </p>
   </div>
   <div class='ocr_carea' id='block_1_43' title="bbox 147 3906 1744 3978">
    <p class='ocr_par' dir='ltr' id='par_1_43' title="bbox 147 3906 1744 3978">
     <span class='ocr_line' id='line_1_43' title="bbox 147 3906 1744 3978; baseline 0.001 -20"><span class='ocrx_word' id='word_1_349' title='bbox 147 3906 358 3976; x_wconf 85' lang='lat' dir='ltr'><strong>alioqui</strong></span> <span class='ocrx_word' id='word_1_350' title='bbox 381 3921 546 3961; x_wconf 92' lang='lat' dir='ltr'><strong>nemo</strong></span> <span class='ocrx_word' id='word_1_351' title='bbox 570 3907 864 3976; x_wconf 83' lang='lat' dir='ltr'><strong>accepisset</strong></span> <span class='ocrx_word' id='word_1_352' title='bbox 903 3924 1020 3978; x_wconf 76' lang='lat' dir='ltr'><strong>qua:</strong></span> <span class='ocrx_word' id='word_1_353' title='bbox 1058 3908 1296 3978; x_wconf 90' lang='lat' dir='ltr'><strong>accepit;</strong></span> <span class='ocrx_word' id='word_1_354' title='bbox 1325 3907 1418 3963; x_wconf 91' lang='lat' dir='ltr'><strong>sed</strong></span> <span class='ocrx_word' id='word_1_355' title='bbox 1444 3908 1744 3976; x_wconf 88' lang='lat' dir='ltr'><strong>accepimus</strong></span> 
     </span>
    </p>
   </div>
   <div class='ocr_carea' id='block_1_44' title="bbox 149 3999 744 4054">
    <p class='ocr_par' dir='ltr' id='par_1_44' title="bbox 149 3999 744 4054">
     <span class='ocr_line' id='line_1_44' title="bbox 149 3999 744 4054; baseline 0 -2"><span class='ocrx_word' id='word_1_356' title='bbox 149 4012 348 4053; x_wconf 84' lang='lat' dir='ltr'><strong>omnes</strong></span> <span class='ocrx_word' id='word_1_357' title='bbox 375 4014 408 4053; x_wconf 89' lang='lat' dir='ltr'><strong>a</strong></span> <span class='ocrx_word' id='word_1_358' title='bbox 437 3999 744 4054; x_wconf 87' lang='lat' dir='ltr'><strong>donatione.</strong></span> 
     </span>
    </p>
   </div>
   <div class='ocr_carea' id='block_1_45' title="bbox 217 4089 1739 4162">
    <p class='ocr_par' dir='ltr' id='par_1_45' title="bbox 217 4089 1739 4162">
     <span class='ocr_line' id='line_1_45' title="bbox 217 4089 1739 4162; baseline 0.002 -18"><span class='ocrx_word' id='word_1_359' title='bbox 217 4093 276 4144; x_wconf 73' lang='grc'><strong>2.</strong></span> <span class='ocrx_word' id='word_1_360' title='bbox 326 4091 433 4146; x_wconf 87' lang='lat' dir='ltr'><strong>Cur</strong></span> <span class='ocrx_word' id='word_1_361' title='bbox 460 4093 513 4145; x_wconf 90' lang='lat' dir='ltr'><strong>in</strong></span> <span class='ocrx_word' id='word_1_362' title='bbox 557 4089 787 4145; x_wconf 74' lang='lat' dir='ltr'><strong>Ecclesia</strong></span> <span class='ocrx_word' id='word_1_363' title='bbox 829 4091 961 4146; x_wconf 89' lang='lat' dir='ltr'><strong>alius</strong></span> <span class='ocrx_word' id='word_1_364' title='bbox 1010 4094 1145 4162; x_wconf 90' lang='lat' dir='ltr'><strong>plus,</strong></span> <span class='ocrx_word' id='word_1_365' title='bbox 1168 4091 1301 4146; x_wconf 88' lang='lat' dir='ltr'><strong>alius</strong></span> <span class='ocrx_word' id='word_1_366' title='bbox 1339 4092 1504 4146; x_wconf 89' lang='lat' dir='ltr'><strong>minus</strong></span> <span class='ocrx_word' id='word_1_367' title='bbox 1541 4091 1739 4147; x_wconf 80' lang='lat' dir='ltr'><strong>habent.</strong></span> 
     </span>
    </p>
   </div>
   <div class='ocr_carea' id='block_1_46' title="bbox 147 4183 1743 4254">
    <p class='ocr_par' dir='ltr' id='par_1_46' title="bbox 147 4183 1743 4254">
     <span class='ocr_line' id='line_1_46' title="bbox 147 4183 1743 4254; baseline 0 -16"><span class='ocrx_word' id='word_1_368' title='bbox 147 4216 217 4224; x_wconf 92' lang='lat'><strong>-—</strong></span> <span class='ocrx_word' id='word_1_369' title='bbox 244 4186 364 4238; x_wconf 84' lang='lat' dir='ltr'><strong>Cur</strong></span> <span class='ocrx_word' id='word_1_370' title='bbox 388 4193 568 4239; x_wconf 89' lang='lat' dir='ltr'><strong>autem</strong></span> <span class='ocrx_word' id='word_1_371' title='bbox 598 4184 683 4238; x_wconf 88' lang='lat' dir='ltr'><strong>hic</strong></span> <span class='ocrx_word' id='word_1_372' title='bbox 706 4184 918 4253; x_wconf 91' lang='lat' dir='ltr'><strong>quidem</strong></span> <span class='ocrx_word' id='word_1_373' title='bbox 943 4183 1060 4254; x_wconf 89' lang='lat' dir='ltr'><strong>plus</strong></span> <span class='ocrx_word' id='word_1_374' title='bbox 1083 4225 1096 4248; x_wconf 95' lang='lat'><strong>,</strong></span> <span class='ocrx_word' id='word_1_375' title='bbox 1125 4184 1212 4239; x_wconf 90' lang='lat' dir='ltr'><strong>ille</strong></span> <span class='ocrx_word' id='word_1_376' title='bbox 1237 4199 1364 4239; x_wconf 83' lang='lat' dir='ltr'><strong>vero</strong></span> <span class='ocrx_word' id='word_1_377' title='bbox 1391 4185 1565 4238; x_wconf 92' lang='lat' dir='ltr'><strong>minus</strong></span> <span class='ocrx_word' id='word_1_378' title='bbox 1590 4199 1743 4239; x_wconf 87' lang='lat' dir='ltr'><strong>acce-</strong></span> 
     </span>
    </p>
   </div>
   <div class='ocr_carea' id='block_1_47' title="bbox 148 4274 1737 4345">
    <p class='ocr_par' dir='ltr' id='par_1_47' title="bbox 148 4274 1737 4345">
     <span class='ocr_line' id='line_1_47' title="bbox 148 4274 1737 4345; baseline 0.002 -17"><span class='ocrx_word' id='word_1_379' title='bbox 148 4279 224 4345; x_wconf 83' lang='lat' dir='ltr'><strong>pit</strong></span> <span class='ocrx_word' id='word_1_380' title='bbox 245 4279 270 4330; x_wconf 85' lang='lat'><strong>?</strong></span> <span class='ocrx_word' id='word_1_381' title='bbox 303 4277 425 4330; x_wconf 82' lang='lat' dir='ltr'><strong>Hoc</strong></span> <span class='ocrx_word' id='word_1_382' title='bbox 456 4276 622 4342; x_wconf 92' lang='lat' dir='ltr'><strong>nihil,</strong></span> <span class='ocrx_word' id='word_1_383' title='bbox 656 4275 847 4345; x_wconf 88' lang='lat' dir='ltr'><strong>inquit,</strong></span> <span class='ocrx_word' id='word_1_384' title='bbox 876 4274 1021 4339; x_wconf 80' lang='lat' dir='ltr'><strong>facit.</strong></span> <span class='ocrx_word' id='word_1_385' title='bbox 1045 4275 1138 4332; x_wconf 88' lang='lat' dir='ltr'><strong>sed</strong></span> <span class='ocrx_word' id='word_1_386' title='bbox 1165 4292 1252 4332; x_wconf 91' lang='lat' dir='ltr'><strong>res</strong></span> <span class='ocrx_word' id='word_1_387' title='bbox 1279 4286 1361 4331; x_wconf 90' lang='lat' dir='ltr'><strong>est</strong></span> <span class='ocrx_word' id='word_1_388' title='bbox 1385 4277 1690 4332; x_wconf 87' lang='lat' dir='ltr'><strong>indill&#39;erens</strong></span> <span class='ocrx_word' id='word_1_389' title='bbox 1723 4295 1737 4331; x_wconf 92' lang='lat'><strong>:</strong></span> 
     </span>
    </p>
   </div>
   <div class='ocr_carea' id='block_1_48' title="bbox 147 4365 1742 4437">
    <p class='ocr_par' dir='ltr' id='par_1_48' title="bbox 147 4365 1742 4437">
     <span class='ocr_line' id='line_1_48' title="bbox 147 4365 1742 4437; baseline 0.001 -18"><span class='ocrx_word' id='word_1_390' title='bbox 147 4367 529 4436; x_wconf 87' lang='lat' dir='ltr'><strong>unusquisque</strong></span> <span class='ocrx_word' id='word_1_391' title='bbox 554 4367 696 4420; x_wconf 91' lang='lat' dir='ltr'><strong>enim</strong></span> <span class='ocrx_word' id='word_1_392' title='bbox 740 4365 950 4421; x_wconf 77' lang='lat' dir='ltr'><strong>confert</strong></span> <span class='ocrx_word' id='word_1_393' title='bbox 984 4366 1051 4420; x_wconf 91' lang='lat' dir='ltr'><strong>ad</strong></span> <span class='ocrx_word' id='word_1_394' title='bbox 1081 4365 1505 4422; x_wconf 72' lang='lat' dir='ltr'><strong>mdiﬁcationem.</strong></span> <span class='ocrx_word' id='word_1_395' title='bbox 1553 4368 1616 4421; x_wconf 86' lang='lat' dir='ltr'><strong>Et</strong></span> <span class='ocrx_word' id='word_1_396' title='bbox 1647 4383 1742 4437; x_wconf 91' lang='lat' dir='ltr'><strong>per</strong></span> 
     </span>
    </p>
   </div>
   <div class='ocr_carea' id='block_1_49' title="bbox 144 4459 1739 4530">
    <p class='ocr_par' dir='ltr' id='par_1_49' title="bbox 144 4459 1739 4530">
     <span class='ocr_line' id='line_1_49' title="bbox 144 4459 1739 4530; baseline 0.001 -16"><span class='ocrx_word' id='word_1_397' title='bbox 144 4461 252 4517; x_wconf 82' lang='lat' dir='ltr'><strong>hoc</strong></span> <span class='ocrx_word' id='word_1_398' title='bbox 294 4461 541 4515; x_wconf 77' lang='lat' dir='ltr'><strong>ostendit</strong></span> <span class='ocrx_word' id='word_1_399' title='bbox 577 4459 720 4530; x_wconf 92' lang='lat' dir='ltr'><strong>quod</strong></span> <span class='ocrx_word' id='word_1_400' title='bbox 763 4475 868 4515; x_wconf 93' lang='lat' dir='ltr'><strong>non</strong></span> <span class='ocrx_word' id='word_1_401' title='bbox 911 4474 977 4515; x_wconf 92' lang='lat' dir='ltr'><strong>ex</strong></span> <span class='ocrx_word' id='word_1_402' title='bbox 1023 4459 1133 4514; x_wconf 86' lang='lat' dir='ltr'><strong>suis</strong></span> <span class='ocrx_word' id='word_1_403' title='bbox 1161 4459 1383 4523; x_wconf 89' lang='lat' dir='ltr'><strong>meritis,</strong></span> <span class='ocrx_word' id='word_1_404' title='bbox 1415 4459 1501 4514; x_wconf 85' lang='lat' dir='ltr'><strong>hic</strong></span> <span class='ocrx_word' id='word_1_405' title='bbox 1530 4459 1739 4530; x_wconf 86' lang='lat' dir='ltr'><strong>quidem</strong></span> 
     </span>
    </p>
   </div>
   <div class='ocr_carea' id='block_1_50' title="bbox 146 4551 1742 4622">
    <p class='ocr_par' dir='ltr' id='par_1_50' title="bbox 146 4551 1742 4622">
     <span class='ocr_line' id='line_1_50' title="bbox 146 4551 1742 4622; baseline 0.001 -16"><span class='ocrx_word' id='word_1_406' title='bbox 146 4556 290 4622; x_wconf 84' lang='lat' dir='ltr'><strong>plus,</strong></span> <span class='ocrx_word' id='word_1_407' title='bbox 325 4553 421 4608; x_wconf 89' lang='lat' dir='ltr'><strong>ille</strong></span> <span class='ocrx_word' id='word_1_408' title='bbox 467 4568 595 4607; x_wconf 87' lang='lat' dir='ltr'><strong>vero</strong></span> <span class='ocrx_word' id='word_1_409' title='bbox 633 4553 810 4606; x_wconf 87' lang='lat' dir='ltr'><strong>minus</strong></span> <span class='ocrx_word' id='word_1_410' title='bbox 845 4551 1089 4622; x_wconf 87' lang='lat' dir='ltr'><strong>accepit,</strong></span> <span class='ocrx_word' id='word_1_411' title='bbox 1118 4551 1213 4606; x_wconf 86' lang='lat' dir='ltr'><strong>sed</strong></span> <span class='ocrx_word' id='word_1_412' title='bbox 1259 4560 1475 4622; x_wconf 89' lang='lat' dir='ltr'><strong>pr0pter</strong></span> <span class='ocrx_word' id='word_1_413' title='bbox 1499 4553 1650 4618; x_wconf 89' lang='lat' dir='ltr'><strong>alios,</strong></span> <span class='ocrx_word' id='word_1_414' title='bbox 1685 4561 1742 4607; x_wconf 91' lang='lat' dir='ltr'><strong>ut</strong></span> 
     </span>
    </p>
   </div>
   <div class='ocr_carea' id='block_1_51' title="bbox 141 4641 1738 4715">
    <p class='ocr_par' dir='ltr' id='par_1_51' title="bbox 141 4641 1738 4715">
     <span class='ocr_line' id='line_1_51' title="bbox 141 4641 1738 4715; baseline -0.002 -16"><span class='ocrx_word' id='word_1_415' title='bbox 141 4651 260 4715; x_wconf 82' lang='lat' dir='ltr'><strong>ipse</strong></span> <span class='ocrx_word' id='word_1_416' title='bbox 292 4659 521 4700; x_wconf 85' lang='lat' dir='ltr'><strong>mensus</strong></span> <span class='ocrx_word' id='word_1_417' title='bbox 551 4651 653 4699; x_wconf 86' lang='lat' dir='ltr'><strong>est.</strong></span> <span class='ocrx_word' id='word_1_418' title='bbox 680 4643 814 4698; x_wconf 89' lang='lat' dir='ltr'><strong>Nam</strong></span> <span class='ocrx_word' id='word_1_419' title='bbox 840 4643 966 4699; x_wconf 89' lang='lat' dir='ltr'><strong>alibi</strong></span> <span class='ocrx_word' id='word_1_420' title='bbox 992 4658 1205 4713; x_wconf 91' lang='lat' dir='ltr'><strong>quoque</strong></span> <span class='ocrx_word' id='word_1_421' title='bbox 1231 4643 1360 4698; x_wconf 85' lang='lat' dir='ltr'><strong>dicit</strong></span> <span class='ocrx_word' id='word_1_422' title='bbox 1391 4661 1404 4697; x_wconf 91' lang='lat'>:</span> <span class='ocrx_word' id='word_1_423' title='bbox 1435 4641 1613 4698; x_wconf 84' lang='lat' dir='ltr'><strong>Posuit</strong></span> <span class='ocrx_word' id='word_1_424' title='bbox 1642 4663 1738 4697; x_wconf 60' lang='lat' dir='ltr'><strong>auo</strong></span> 
     </span>
    </p>
   </div>
   <div class='ocr_carea' id='block_1_52' title="bbox 139 4735 1737 4808">
    <p class='ocr_par' dir='ltr' id='par_1_52' title="bbox 139 4735 1737 4808">
     <span class='ocr_line' id='line_1_52' title="bbox 139 4735 1737 4808; baseline 0.001 -20"><span class='ocrx_word' id='word_1_425' title='bbox 139 4747 242 4790; x_wconf 81' lang='lat' dir='ltr'><strong>tem</strong></span> <span class='ocrx_word' id='word_1_426' title='bbox 294 4738 552 4801; x_wconf 83' lang='lat' dir='ltr'><strong>membra,</strong></span> <span class='ocrx_word' id='word_1_427' title='bbox 601 4735 994 4808; x_wconf 81' lang='lat' dir='ltr'><strong>unumquodque</strong></span> <span class='ocrx_word' id='word_1_428' title='bbox 1041 4750 1217 4789; x_wconf 90' lang='lat' dir='ltr'><strong>eorum</strong></span> <span class='ocrx_word' id='word_1_429' title='bbox 1264 4735 1392 4789; x_wconf 83' lang='lat' dir='ltr'><strong>sicut</strong></span> <span class='ocrx_word' id='word_1_430' title='bbox 1424 4737 1530 4805; x_wconf 89' lang='lat' dir='ltr'><strong>ipse</strong></span> <span class='ocrx_word' id='word_1_431' title='bbox 1581 4736 1737 4790; x_wconf 85' lang='lat' dir='ltr'><strong>voluit</strong></span> 
     </span>
    </p>
   </div>
   <div class='ocr_carea' id='block_1_53' title="bbox 124 4825 1740 4899">
    <p class='ocr_par' dir='ltr' id='par_1_53' title="bbox 124 4825 1740 4899">
     <span class='ocr_line' id='line_1_53' title="bbox 124 4825 1740 4899; baseline 0 -15"><span class='ocrx_word' id='word_1_432' title='bbox 124 4825 285 4892; x_wconf 69' lang='lat' dir='ltr'><strong>(Ibid.</strong></span> <span class='ocrx_word' id='word_1_433' title='bbox 329 4831 422 4886; x_wconf 70' lang='grc' dir='ltr'><strong>η.</strong></span> <span class='ocrx_word' id='word_1_434' title='bbox 452 4830 520 4885; x_wconf 86' lang='grc'><strong>18</strong></span> <span class='ocrx_word' id='word_1_435' title='bbox 549 4831 589 4899; x_wconf 94' lang='grc'><strong>).</strong></span> <span class='ocrx_word' id='word_1_436' title='bbox 617 4830 734 4885; x_wconf 84' lang='grc' dir='ltr'><strong>Νοη</strong></span> <span class='ocrx_word' id='word_1_437' title='bbox 761 4829 891 4884; x_wconf 89' lang='lat' dir='ltr'><strong>dicit</strong></span> <span class='ocrx_word' id='word_1_438' title='bbox 926 4837 1101 4884; x_wconf 89' lang='lat' dir='ltr'><strong>autem</strong></span> <span class='ocrx_word' id='word_1_439' title='bbox 1127 4830 1407 4894; x_wconf 87' lang='lat' dir='ltr'><strong>rationem,</strong></span> <span class='ocrx_word' id='word_1_440' title='bbox 1438 4846 1503 4884; x_wconf 89' lang='lat' dir='ltr'><strong>ne</strong></span> <span class='ocrx_word' id='word_1_441' title='bbox 1531 4830 1740 4888; x_wconf 85' lang='lat' dir='ltr'><strong>audito-</strong></span> 
     </span>
    </p>
   </div>
   <div class='ocr_carea' id='block_1_54' title="bbox 138 4919 1739 4994">
    <p class='ocr_par' dir='ltr' id='par_1_54' title="bbox 138 4919 1739 4994">
     <span class='ocr_line' id='line_1_54' title="bbox 138 4919 1739 4994; baseline -0.002 -16"><span class='ocrx_word' id='word_1_442' title='bbox 138 4931 276 4979; x_wconf 75' lang='lat' dir='ltr'><strong>rnm‘</strong></span> <span class='ocrx_word' id='word_1_443' title='bbox 319 4924 546 4994; x_wconf 87' lang='lat' dir='ltr'><strong>spiritus</strong></span> <span class='ocrx_word' id='word_1_444' title='bbox 585 4922 848 4992; x_wconf 89' lang='lat' dir='ltr'><strong>deprimat</strong></span> <span class='ocrx_word' id='word_1_445' title='bbox 892 4936 954 4976; x_wconf 92' lang='lat' dir='ltr'><strong>ac</strong></span> <span class='ocrx_word' id='word_1_446' title='bbox 995 4920 1227 4991; x_wconf 90' lang='lat' dir='ltr'><strong>dejiciat.</strong></span> <span class='ocrx_word' id='word_1_447' title='bbox 1259 4921 1313 4976; x_wconf 91' lang='lat'><strong>8.</strong></span> <span class='ocrx_word' id='word_1_448' title='bbox 1344 4919 1564 4990; x_wconf 86' lang='lat' dir='ltr'><strong>Propter</strong></span> <span class='ocrx_word' id='word_1_449' title='bbox 1604 4923 1739 4992; x_wconf 87' lang='lat' dir='ltr'><strong>quod</strong></span> 
     </span>
    </p>
   </div>
   <div class='ocr_carea' id='block_1_55' title="bbox 139 5015 1731 5085">
    <p class='ocr_par' dir='ltr' id='par_1_55' title="bbox 139 5015 1731 5085">
     <span class='ocr_line' id='line_1_55' title="bbox 139 5015 1731 5085; baseline -0.001 -16"><span class='ocrx_word' id='word_1_450' title='bbox 139 5020 284 5083; x_wconf 84' lang='lat' dir='ltr'><strong>dicit,</strong></span> <span class='ocrx_word' id='word_1_451' title='bbox 321 5017 617 5070; x_wconf 81' lang='lat' dir='ltr'><strong>Ascendens</strong></span> <span class='ocrx_word' id='word_1_452' title='bbox 641 5017 693 5070; x_wconf 92' lang='lat' dir='ltr'><strong>in</strong></span> <span class='ocrx_word' id='word_1_453' title='bbox 723 5016 882 5068; x_wconf 84' lang='lat' dir='ltr'><strong>altum</strong></span> <span class='ocrx_word' id='word_1_454' title='bbox 909 5016 1159 5084; x_wconf 85' lang='lat' dir='ltr'><strong>captivam</strong></span> <span class='ocrx_word' id='word_1_455' title='bbox 1185 5015 1332 5068; x_wconf 72' lang='lat' dir='ltr'><strong>duxit</strong></span> <span class='ocrx_word' id='word_1_456' title='bbox 1358 5016 1692 5085; x_wconf 87' lang='lat' dir='ltr'><strong>captivitatem</strong></span> <span class='ocrx_word' id='word_1_457' title='bbox 1715 5058 1731 5083; x_wconf 90' lang='lat'><strong>,</strong></span> 
     </span>
    </p>
   </div>
   <div class='ocr_carea' id='block_1_56' title="bbox 137 5107 1738 5173">
    <p class='ocr_par' dir='ltr' id='par_1_56' title="bbox 137 5107 1738 5173">
     <span class='ocr_line' id='line_1_56' title="bbox 137 5107 1738 5173; baseline 0.001 -10"><span class='ocrx_word' id='word_1_458' title='bbox 137 5123 180 5163; x_wconf 81' lang='lat' dir='ltr'><strong>et</strong></span> <span class='ocrx_word' id='word_1_459' title='bbox 207 5113 364 5165; x_wconf 79' lang='lat' dir='ltr'><strong>dedit</strong></span> <span class='ocrx_word' id='word_1_460' title='bbox 405 5111 544 5163; x_wconf 86' lang='lat' dir='ltr'><strong>dona</strong></span> <span class='ocrx_word' id='word_1_461' title='bbox 573 5110 874 5163; x_wconf 78' lang='lat' dir='ltr'><strong>honunibus.</strong></span> <span class='ocrx_word' id='word_1_462' title='bbox 905 5108 1017 5163; x_wconf 83' lang='lat' dir='ltr'><strong>Hoc</strong></span> <span class='ocrx_word' id='word_1_463' title='bbox 1052 5117 1134 5163; x_wconf 91' lang='lat' dir='ltr'><strong>est</strong></span> <span class='ocrx_word' id='word_1_464' title='bbox 1166 5125 1179 5162; x_wconf 90' lang='lat'><strong>:</strong></span> <span class='ocrx_word' id='word_1_465' title='bbox 1209 5107 1346 5173; x_wconf 90' lang='lat' dir='ltr'><strong>Quid</strong></span> <span class='ocrx_word' id='word_1_466' title='bbox 1371 5109 1642 5164; x_wconf 87' lang='lat' dir='ltr'><strong>extolleris</strong></span> <span class='ocrx_word' id='word_1_467' title='bbox 1683 5118 1738 5165; x_wconf 90' lang='lat' dir='ltr'><strong>et</strong></span> 
     </span>
    </p>
   </div>
   <div class='ocr_carea' id='block_1_57' title="bbox 137 5198 1734 5270">
    <p class='ocr_par' dir='ltr' id='par_1_57' title="bbox 137 5198 1734 5270">
     <span class='ocr_line' id='line_1_57' title="bbox 137 5198 1734 5270; baseline -0.001 -15"><span class='ocrx_word' id='word_1_468' title='bbox 137 5211 188 5255; x_wconf 86' lang='lat' dir='ltr'><strong>te</strong></span> <span class='ocrx_word' id='word_1_469' title='bbox 220 5199 519 5270; x_wconf 79' lang='lat' dir='ltr'><strong>magniﬁce</strong></span> <span class='ocrx_word' id='word_1_470' title='bbox 563 5199 965 5268; x_wconf 89' lang='lat' dir='ltr'><strong>circumspicis?</strong></span> <span class='ocrx_word' id='word_1_471' title='bbox 993 5198 1084 5254; x_wconf 92' lang='lat' dir='ltr'><strong>Dei</strong></span> <span class='ocrx_word' id='word_1_472' title='bbox 1130 5208 1211 5254; x_wconf 88' lang='lat' dir='ltr'><strong>est</strong></span> <span class='ocrx_word' id='word_1_473' title='bbox 1238 5200 1567 5255; x_wconf 84' lang='lat' dir='ltr'><strong>universum.</strong></span> <span class='ocrx_word' id='word_1_474' title='bbox 1601 5202 1734 5255; x_wconf 89' lang='lat' dir='ltr'><strong>Pro-</strong></span> 
     </span>
    </p>
   </div>
   <div class='ocr_carea' id='block_1_58' title="bbox 136 5289 1735 5361">
    <p class='ocr_par' dir='ltr' id='par_1_58' title="bbox 136 5289 1735 5361">
     <span class='ocr_line' id='line_1_58' title="bbox 136 5289 1735 5361; baseline 0 -15"><span class='ocrx_word' id='word_1_475' title='bbox 136 5294 304 5361; x_wconf 85' lang='lat' dir='ltr'><strong>pheta</strong></span> <span class='ocrx_word' id='word_1_476' title='bbox 336 5291 555 5361; x_wconf 87' lang='lat' dir='ltr'><strong>quidem</strong></span> <span class='ocrx_word' id='word_1_477' title='bbox 586 5291 714 5345; x_wconf 88' lang='lat' dir='ltr'><strong>dicit</strong></span> <span class='ocrx_word' id='word_1_478' title='bbox 740 5291 794 5345; x_wconf 90' lang='lat' dir='ltr'><strong>in</strong></span> <span class='ocrx_word' id='word_1_479' title='bbox 819 5289 1051 5357; x_wconf 86' lang='lat' dir='ltr'><strong>Psalmo,</strong></span> <span class='ocrx_word' id='word_1_480' title='bbox 1074 5291 1322 5361; x_wconf 82' lang='lat' dir='ltr'><strong>Accepisti</strong></span> <span class='ocrx_word' id='word_1_481' title='bbox 1345 5292 1481 5346; x_wconf 89' lang='lat' dir='ltr'><strong>dona</strong></span> <span class='ocrx_word' id='word_1_482' title='bbox 1500 5294 1551 5347; x_wconf 87' lang='lat' dir='ltr'><strong>in</strong></span> <span class='ocrx_word' id='word_1_483' title='bbox 1573 5293 1735 5346; x_wconf 83' lang='lat' dir='ltr'><strong>Itami-</strong></span> 
     </span>
    </p>
   </div>
   <div class='ocr_carea' id='block_1_59' title="bbox 135 5382 1732 5453">
    <p class='ocr_par' dir='ltr' id='par_1_59' title="bbox 135 5382 1732 5453">
     <span class='ocr_line' id='line_1_59' title="bbox 135 5382 1732 5453; baseline 0.003 -19"><span class='ocrx_word' id='word_1_484' title='bbox 135 5386 289 5436; x_wconf 76' lang='lat' dir='ltr'><strong>nibus</strong></span> <span class='ocrx_word' id='word_1_485' title='bbox 316 5382 497 5448; x_wconf 85' lang='lat' dir='ltr'><strong>(Psal.</strong></span> <span class='ocrx_word' id='word_1_486' title='bbox 529 5383 726 5452; x_wconf 84' lang='grc'><strong>67.19)</strong></span> <span class='ocrx_word' id='word_1_487' title='bbox 755 5399 769 5447; x_wconf 88' lang='grc'><strong>;</strong></span> <span class='ocrx_word' id='word_1_488' title='bbox 801 5383 913 5453; x_wconf 89' lang='lat' dir='ltr'><strong>ipse</strong></span> <span class='ocrx_word' id='word_1_489' title='bbox 951 5391 1124 5437; x_wconf 87' lang='lat' dir='ltr'><strong>autem</strong></span> <span class='ocrx_word' id='word_1_490' title='bbox 1153 5383 1316 5449; x_wconf 88' lang='lat' dir='ltr'><strong>dicit,</strong></span> <span class='ocrx_word' id='word_1_491' title='bbox 1345 5383 1496 5438; x_wconf 84' lang='lat' dir='ltr'><strong>Dedit</strong></span> <span class='ocrx_word' id='word_1_492' title='bbox 1522 5385 1656 5438; x_wconf 85' lang='lat' dir='ltr'><strong>dona</strong></span> <span class='ocrx_word' id='word_1_493' title='bbox 1682 5386 1732 5439; x_wconf 90' lang='lat' dir='ltr'><strong>in</strong></span> 
     </span>
    </p>
   </div>
   <div class='ocr_carea' id='block_1_60' title="bbox 134 5473 1733 5542">
    <p class='ocr_par' dir='ltr' id='par_1_60' title="bbox 134 5473 1733 5542">
     <span class='ocr_line' id='line_1_60' title="bbox 134 5473 1733 5542; baseline 0 -12"><span class='ocrx_word' id='word_1_494' title='bbox 134 5476 462 5530; x_wconf 71' lang='lat' dir='ltr'><strong>hominibus.</strong></span> <span class='ocrx_word' id='word_1_495' title='bbox 493 5474 726 5542; x_wconf 86' lang='lat' dir='ltr'><strong>ldipsum</strong></span> <span class='ocrx_word' id='word_1_496' title='bbox 773 5483 950 5529; x_wconf 88' lang='lat' dir='ltr'><strong>autem</strong></span> <span class='ocrx_word' id='word_1_497' title='bbox 995 5483 1078 5529; x_wconf 91' lang='lat' dir='ltr'><strong>est</strong></span> <span class='ocrx_word' id='word_1_498' title='bbox 1122 5473 1224 5530; x_wconf 92' lang='lat' dir='ltr'><strong>hoc</strong></span> <span class='ocrx_word' id='word_1_499' title='bbox 1269 5485 1323 5530; x_wconf 87' lang='lat' dir='ltr'><strong>et</strong></span> <span class='ocrx_word' id='word_1_500' title='bbox 1357 5475 1506 5530; x_wconf 88' lang='lat' dir='ltr'><strong>illttd.</strong></span> <span class='ocrx_word' id='word_1_501' title='bbox 1548 5475 1733 5532; x_wconf 90' lang='lat' dir='ltr'><strong>Simile</strong></span> 
     </span>
    </p>
   </div>
   <div class='ocr_carea' id='block_1_61' title="bbox 135 5563 1732 5638">
    <p class='ocr_par' dir='ltr' id='par_1_61' title="bbox 135 5563 1732 5638">
     <span class='ocr_line' id='line_1_61' title="bbox 135 5563 1732 5638; baseline 0.003 -22"><span class='ocrx_word' id='word_1_502' title='bbox 135 5565 264 5620; x_wconf 84' lang='lat' dir='ltr'><strong>item</strong></span> <span class='ocrx_word' id='word_1_503' title='bbox 302 5568 411 5618; x_wconf 84' lang='lat' dir='ltr'><strong>hoc</strong></span> <span class='ocrx_word' id='word_1_504' title='bbox 442 5581 457 5617; x_wconf 93' lang='lat'><strong>:</strong></span> <span class='ocrx_word' id='word_1_505' title='bbox 490 5563 543 5618; x_wconf 86' lang='lat'><strong>9.</strong></span> <span class='ocrx_word' id='word_1_506' title='bbox 577 5564 726 5632; x_wconf 83' lang='lat' dir='ltr'><strong>Quod</strong></span> <span class='ocrx_word' id='word_1_507' title='bbox 749 5575 916 5618; x_wconf 87' lang='lat' dir='ltr'><strong>autem</strong></span> <span class='ocrx_word' id='word_1_508' title='bbox 957 5565 1180 5619; x_wconf 77' lang='lat' dir='ltr'><strong>ascendit</strong></span> <span class='ocrx_word' id='word_1_509' title='bbox 1204 5565 1328 5638; x_wconf 87' lang='lat' dir='ltr'><strong>quid</strong></span> <span class='ocrx_word' id='word_1_510' title='bbox 1351 5575 1442 5630; x_wconf 90' lang='lat' dir='ltr'><strong>est,</strong></span> <span class='ocrx_word' id='word_1_511' title='bbox 1473 5567 1572 5621; x_wconf 88' lang='lat' dir='ltr'><strong>nisi</strong></span> <span class='ocrx_word' id='word_1_512' title='bbox 1598 5569 1732 5637; x_wconf 87' lang='lat' dir='ltr'><strong>quod</strong></span> 
     </span>
    </p>
   </div>
   <div class='ocr_carea' id='block_1_62' title="bbox 133 5656 1728 5726">
    <p class='ocr_par' dir='ltr' id='par_1_62' title="bbox 133 5656 1728 5726">
     <span class='ocr_line' id='line_1_62' title="bbox 133 5656 1728 5726; baseline 0.002 -17"><span class='ocrx_word' id='word_1_513' title='bbox 133 5668 175 5709; x_wconf 77' lang='lat' dir='ltr'><strong>et</strong></span> <span class='ocrx_word' id='word_1_514' title='bbox 220 5656 501 5712; x_wconf 74' lang='lat' dir='ltr'><strong>descendit</strong></span> <span class='ocrx_word' id='word_1_515' title='bbox 547 5657 767 5725; x_wconf 80' lang='lat' dir='ltr'><strong>primum</strong></span> <span class='ocrx_word' id='word_1_516' title='bbox 809 5658 862 5709; x_wconf 89' lang='lat' dir='ltr'><strong>in</strong></span> <span class='ocrx_word' id='word_1_517' title='bbox 901 5657 1164 5726; x_wconf 80' lang='lat' dir='ltr'><strong>inferiores</strong></span> <span class='ocrx_word' id='word_1_518' title='bbox 1214 5667 1381 5726; x_wconf 88' lang='lat' dir='ltr'><strong>partes</strong></span> <span class='ocrx_word' id='word_1_519' title='bbox 1430 5658 1728 5713; x_wconf 75' lang='lat' dir='ltr'><strong>terrte?10.</strong></span> 
     </span>
    </p>
   </div>
   <div class='ocr_carea' id='block_1_63' title="bbox 137 5749 1728 5821">
    <p class='ocr_par' dir='ltr' id='par_1_63' title="bbox 137 5749 1728 5821">
     <span class='ocr_line' id='line_1_63' title="bbox 137 5749 1728 5821; baseline 0.001 -18"><span class='ocrx_word' id='word_1_520' title='bbox 137 5750 236 5815; x_wconf 77' lang='lat' dir='ltr'><strong>Qui</strong></span> <span class='ocrx_word' id='word_1_521' title='bbox 267 5749 540 5805; x_wconf 80' lang='lat' dir='ltr'><strong>descendit</strong></span> <span class='ocrx_word' id='word_1_522' title='bbox 561 5792 577 5816; x_wconf 93' lang='lat'><strong>,</strong></span> <span class='ocrx_word' id='word_1_523' title='bbox 604 5751 714 5819; x_wconf 88' lang='lat' dir='ltr'><strong>ipse</strong></span> <span class='ocrx_word' id='word_1_524' title='bbox 733 5761 806 5804; x_wconf 86' lang='lat' dir='ltr'><strong>est</strong></span> <span class='ocrx_word' id='word_1_525' title='bbox 829 5757 875 5803; x_wconf 83' lang='lat' dir='ltr'><strong>et</strong></span> <span class='ocrx_word' id='word_1_526' title='bbox 903 5751 988 5819; x_wconf 85' lang='lat' dir='ltr'><strong>qui</strong></span> <span class='ocrx_word' id='word_1_527' title='bbox 1011 5751 1235 5805; x_wconf 83' lang='lat' dir='ltr'><strong>ascendit</strong></span> <span class='ocrx_word' id='word_1_528' title='bbox 1259 5767 1412 5821; x_wconf 88' lang='lat' dir='ltr'><strong>super</strong></span> <span class='ocrx_word' id='word_1_529' title='bbox 1437 5766 1608 5805; x_wconf 85' lang='lat' dir='ltr'><strong>omnes</strong></span> <span class='ocrx_word' id='word_1_530' title='bbox 1630 5767 1728 5805; x_wconf 78' lang='lat' dir='ltr'><strong>ca:-</strong></span> 
     </span>
    </p>
   </div>
   <div class='ocr_carea' id='block_1_64' title="bbox 133 5843 1728 5915">
    <p class='ocr_par' dir='ltr' id='par_1_64' title="bbox 133 5843 1728 5915">
     <span class='ocr_line' id='line_1_64' title="bbox 133 5843 1728 5915; baseline 0.003 -20"><span class='ocrx_word' id='word_1_531' title='bbox 133 5847 204 5898; x_wconf 74' lang='lat' dir='ltr'><strong>los</strong></span> <span class='ocrx_word' id='word_1_532' title='bbox 257 5856 324 5898; x_wconf 78' lang='grc' dir='ltr'><strong>ιιι</strong></span> <span class='ocrx_word' id='word_1_533' title='bbox 367 5846 668 5915; x_wconf 84' lang='lat' dir='ltr'><strong>adimpleret</strong></span> <span class='ocrx_word' id='word_1_534' title='bbox 715 5845 902 5900; x_wconf 83' lang='lat' dir='ltr'><strong>omnia.</strong></span> <span class='ocrx_word' id='word_1_535' title='bbox 933 5843 1058 5899; x_wconf 70' lang='lat' dir='ltr'><strong>[huc</strong></span> <span class='ocrx_word' id='word_1_536' title='bbox 1083 5845 1335 5912; x_wconf 87' lang='lat' dir='ltr'><strong>audiens,</strong></span> <span class='ocrx_word' id='word_1_537' title='bbox 1367 5860 1433 5902; x_wconf 90' lang='lat' dir='ltr'><strong>ne</strong></span> <span class='ocrx_word' id='word_1_538' title='bbox 1459 5845 1728 5901; x_wconf 78' lang='lat' dir='ltr'><strong>existimes</strong></span> 
     </span>
    </p>
   </div>
   <div class='ocr_carea' id='block_1_65' title="bbox 1882 778 3450 861">
    <p class='ocr_par' dir='ltr' id='par_1_65' title="bbox 1882 778 3450 861">
     <span class='ocr_line' id='line_1_65' title="bbox 1882 778 3450 861; baseline 0.011 -30"><span class='ocrx_word' id='word_1_539' title='bbox 1882 787 1937 832; x_wconf 89' lang='lat' dir='ltr'><strong>et</strong></span> <span class='ocrx_word' id='word_1_540' title='bbox 1958 778 2064 845; x_wconf 91' lang='lat' dir='ltr'><strong>hic,</strong></span> <span class='ocrx_word' id='word_1_541' title='bbox 2095 796 2213 835; x_wconf 90' lang='lat' dir='ltr'><strong>cum</strong></span> <span class='ocrx_word' id='word_1_542' title='bbox 2241 782 2387 851; x_wconf 89' lang='lat' dir='ltr'><strong>dicit,</strong></span> <span class='ocrx_word' id='word_1_543' title='bbox 2422 783 2689 840; x_wconf 85' lang='lat' dir='ltr'><strong>Descendit</strong></span> <span class='ocrx_word' id='word_1_544' title='bbox 2716 788 2769 841; x_wconf 90' lang='lat' dir='ltr'><strong>in</strong></span> <span class='ocrx_word' id='word_1_545' title='bbox 2797 790 3058 860; x_wconf 81' lang='lat' dir='ltr'><strong>inferiores</strong></span> <span class='ocrx_word' id='word_1_546' title='bbox 3088 803 3255 861; x_wconf 89' lang='lat' dir='ltr'><strong>partes</strong></span> <span class='ocrx_word' id='word_1_547' title='bbox 3287 803 3450 848; x_wconf 72' lang='lat' dir='ltr'><strong>terrm.</strong></span> 
     </span>
    </p>
   </div>
   <div class='ocr_carea' id='block_1_66' title="bbox 1880 870 3450 954">
    <p class='ocr_par' dir='ltr' id='par_1_66' title="bbox 1880 870 3450 954">
     <span class='ocr_line' id='line_1_66' title="bbox 1880 870 3450 954; baseline 0.011 -29"><span class='ocrx_word' id='word_1_548' title='bbox 1880 870 2010 925; x_wconf 89' lang='lat' dir='ltr'><strong>Nam</strong></span> <span class='ocrx_word' id='word_1_549' title='bbox 2039 872 2139 927; x_wconf 89' lang='lat' dir='ltr'><strong>nisi</strong></span> <span class='ocrx_word' id='word_1_550' title='bbox 2170 873 2243 928; x_wconf 89' lang='lat' dir='ltr'><strong>ita</strong></span> <span class='ocrx_word' id='word_1_551' title='bbox 2272 883 2447 941; x_wconf 88' lang='lat' dir='ltr'><strong>esset,</strong></span> <span class='ocrx_word' id='word_1_552' title='bbox 2474 893 2921 948; x_wconf 87' lang='lat' dir='ltr'><strong>supervacaneum</strong></span> <span class='ocrx_word' id='word_1_553' title='bbox 2949 893 3092 938; x_wconf 90' lang='lat' dir='ltr'><strong>esset</strong></span> <span class='ocrx_word' id='word_1_554' title='bbox 3120 886 3259 954; x_wconf 92' lang='lat' dir='ltr'><strong>quod</strong></span> <span class='ocrx_word' id='word_1_555' title='bbox 3289 887 3450 953; x_wconf 90' lang='lat' dir='ltr'><strong>dicit,</strong></span> 
     </span>
    </p>
   </div>
   <div class='ocr_carea' id='block_1_67' title="bbox 1883 959 3452 1045">
    <p class='ocr_par' dir='ltr' id='par_1_67' title="bbox 1883 959 3452 1045">
     <span class='ocr_line' id='line_1_67' title="bbox 1883 959 3452 1045; baseline 0.01 -30"><span class='ocrx_word' id='word_1_556' title='bbox 1883 959 2130 1018; x_wconf 86' lang='lat' dir='ltr'><strong>Obediens</strong></span> <span class='ocrx_word' id='word_1_557' title='bbox 2159 965 2322 1034; x_wconf 81' lang='lat' dir='ltr'><strong>factus</strong></span> <span class='ocrx_word' id='word_1_558' title='bbox 2363 982 2519 1034; x_wconf 88' lang='lat' dir='ltr'><strong>usque</strong></span> <span class='ocrx_word' id='word_1_559' title='bbox 2556 969 2624 1022; x_wconf 91' lang='lat' dir='ltr'><strong>ad</strong></span> <span class='ocrx_word' id='word_1_560' title='bbox 2649 979 2857 1023; x_wconf 89' lang='lat' dir='ltr'><strong>mortem</strong></span> <span class='ocrx_word' id='word_1_561' title='bbox 2890 969 3061 1040; x_wconf 84' lang='lat' dir='ltr'><strong>(Ibid.</strong></span> <span class='ocrx_word' id='word_1_562' title='bbox 3091 992 3137 1028; x_wconf 86' lang='grc' dir='ltr'><strong>υ.</strong></span> <span class='ocrx_word' id='word_1_563' title='bbox 3165 975 3243 1045; x_wconf 88' lang='grc'><strong>8).</strong></span> <span class='ocrx_word' id='word_1_564' title='bbox 3273 977 3354 1030; x_wconf 87' lang='lat' dir='ltr'><strong>Ex</strong></span> <span class='ocrx_word' id='word_1_565' title='bbox 3385 993 3452 1032; x_wconf 91' lang='lat' dir='ltr'><strong>eo</strong></span> 
     </span>
    </p>
   </div>
   <div class='ocr_carea' id='block_1_68' title="bbox 1857 1053 3445 1135">
    <p class='ocr_par' dir='ltr' id='par_1_68' title="bbox 1857 1053 3445 1135">
     <span class='ocr_line' id='line_1_68' title="bbox 1857 1053 3445 1135; baseline 0.006 -25"><span class='ocrx_word' id='word_1_566' title='bbox 1857 1053 2018 1123; x_wconf 84' lang='lat' dir='ltr'><strong>quod</strong></span> <span class='ocrx_word' id='word_1_567' title='bbox 2045 1054 2301 1122; x_wconf 89' lang='lat' dir='ltr'><strong>ascendit,</strong></span> <span class='ocrx_word' id='word_1_568' title='bbox 2322 1056 2492 1112; x_wconf 91' lang='lat' dir='ltr'><strong>innuit</strong></span> <span class='ocrx_word' id='word_1_569' title='bbox 2511 1058 2846 1114; x_wconf 89' lang='lat' dir='ltr'><strong>descensum.</strong></span> <span class='ocrx_word' id='word_1_570' title='bbox 2874 1061 3152 1118; x_wconf 80' lang='lat' dir='ltr'><strong>lnieriores</strong></span> <span class='ocrx_word' id='word_1_571' title='bbox 3175 1081 3302 1120; x_wconf 90' lang='lat' dir='ltr'><strong>vero</strong></span> <span class='ocrx_word' id='word_1_572' title='bbox 3319 1083 3445 1135; x_wconf 87' lang='lat' dir='ltr'><strong>par-</strong></span> 
     </span>
    </p>
   </div>
   <div class='ocr_carea' id='block_1_69' title="bbox 1875 1145 3444 1227">
    <p class='ocr_par' dir='ltr' id='par_1_69' title="bbox 1875 1145 3444 1227">
     <span class='ocr_line' id='line_1_69' title="bbox 1875 1145 3444 1227; baseline 0.008 -29"><span class='ocrx_word' id='word_1_573' title='bbox 1875 1151 1958 1199; x_wconf 91' lang='lat' dir='ltr'><strong>tes</strong></span> <span class='ocrx_word' id='word_1_574' title='bbox 1979 1153 2132 1200; x_wconf 69' lang='lat' dir='ltr'><strong>terrte</strong></span> <span class='ocrx_word' id='word_1_575' title='bbox 2159 1145 2287 1201; x_wconf 90' lang='lat' dir='ltr'><strong>dicit</strong></span> <span class='ocrx_word' id='word_1_576' title='bbox 2315 1157 2539 1204; x_wconf 88' lang='lat' dir='ltr'><strong>mortem</strong></span> <span class='ocrx_word' id='word_1_577' title='bbox 2566 1191 2580 1213; x_wconf 91' lang='lat'><strong>,</strong></span> <span class='ocrx_word' id='word_1_578' title='bbox 2611 1150 2904 1206; x_wconf 90' lang='lat' dir='ltr'><strong>secundum</strong></span> <span class='ocrx_word' id='word_1_579' title='bbox 2933 1151 3205 1208; x_wconf 87' lang='lat' dir='ltr'><strong>hominum</strong></span> <span class='ocrx_word' id='word_1_580' title='bbox 3236 1157 3444 1227; x_wconf 43' lang='lat' dir='ltr'><strong>opinio.-</strong></span> 
     </span>
    </p>
   </div>
   <div class='ocr_carea' id='block_1_70' title="bbox 1874 1237 3446 1308">
    <p class='ocr_par' dir='ltr' id='par_1_70' title="bbox 1874 1237 3446 1308">
     <span class='ocr_line' id='line_1_70' title="bbox 1874 1237 3446 1308; baseline 0.008 -18"><span class='ocrx_word' id='word_1_581' title='bbox 1874 1249 1996 1291; x_wconf 86' lang='lat' dir='ltr'><strong>nem</strong></span> <span class='ocrx_word' id='word_1_582' title='bbox 2029 1256 2044 1292; x_wconf 89' lang='lat'><strong>:</strong></span> <span class='ocrx_word' id='word_1_583' title='bbox 2073 1237 2210 1292; x_wconf 91' lang='lat' dir='ltr'><strong>sicut</strong></span> <span class='ocrx_word' id='word_1_584' title='bbox 2249 1241 2409 1294; x_wconf 90' lang='lat' dir='ltr'><strong>etiam</strong></span> <span class='ocrx_word' id='word_1_585' title='bbox 2462 1241 2671 1297; x_wconf 88' lang='lat' dir='ltr'><strong>dicebat</strong></span> <span class='ocrx_word' id='word_1_586' title='bbox 2721 1243 2902 1308; x_wconf 88' lang='lat' dir='ltr'><strong>Jacob,</strong></span> <span class='ocrx_word' id='word_1_587' title='bbox 2939 1243 3207 1300; x_wconf 85' lang='lat' dir='ltr'><strong>Deducetis</strong></span> <span class='ocrx_word' id='word_1_588' title='bbox 3255 1249 3446 1302; x_wconf 86' lang='lat' dir='ltr'><strong>senium</strong></span> 
     </span>
    </p>
   </div>
   <div class='ocr_carea' id='block_1_71' title="bbox 1873 1331 3447 1407">
    <p class='ocr_par' dir='ltr' id='par_1_71' title="bbox 1873 1331 3447 1407">
     <span class='ocr_line' id='line_1_71' title="bbox 1873 1331 3447 1407; baseline 0.01 -26"><span class='ocrx_word' id='word_1_589' title='bbox 1873 1345 2035 1382; x_wconf 85' lang='lat' dir='ltr'><strong>meum</strong></span> <span class='ocrx_word' id='word_1_590' title='bbox 2056 1346 2168 1384; x_wconf 88' lang='lat' dir='ltr'><strong>cum</strong></span> <span class='ocrx_word' id='word_1_591' title='bbox 2198 1331 2370 1402; x_wconf 80' lang='lat' dir='ltr'><strong>dolore</strong></span> <span class='ocrx_word' id='word_1_592' title='bbox 2395 1333 2462 1387; x_wconf 92' lang='lat' dir='ltr'><strong>ad</strong></span> <span class='ocrx_word' id='word_1_593' title='bbox 2487 1334 2674 1406; x_wconf 79' lang='lat' dir='ltr'><strong>inferos</strong></span> <span class='ocrx_word' id='word_1_594' title='bbox 2699 1335 2718 1406; x_wconf 96' lang='lat'><strong>(</strong></span> <span class='ocrx_word' id='word_1_595' title='bbox 2748 1336 2874 1390; x_wconf 81' lang='lat' dir='ltr'><strong>Gen.</strong></span> <span class='ocrx_word' id='word_1_596' title='bbox 2899 1337 2985 1391; x_wconf 67' lang='grc'><strong>44.</strong></span> <span class='ocrx_word' id='word_1_597' title='bbox 3005 1337 3074 1393; x_wconf 67' lang='lat'><strong>29</strong></span> <span class='ocrx_word' id='word_1_598' title='bbox 3095 1339 3114 1407; x_wconf 89' lang='lat'>)</span> <span class='ocrx_word' id='word_1_599' title='bbox 3139 1355 3154 1404; x_wconf 87' lang='lat'>;</span> <span class='ocrx_word' id='word_1_600' title='bbox 3187 1347 3240 1393; x_wconf 87' lang='lat' dir='ltr'><strong>et</strong></span> <span class='ocrx_word' id='word_1_601' title='bbox 3263 1356 3447 1397; x_wconf 89' lang='lat' dir='ltr'><strong>rursus</strong></span> 
     </span>
    </p>
   </div>
   <div class='ocr_carea' id='block_1_72' title="bbox 1872 1421 3441 1501">
    <p class='ocr_par' dir='ltr' id='par_1_72' title="bbox 1872 1421 3441 1501">
     <span class='ocr_line' id='line_1_72' title="bbox 1872 1421 3441 1501; baseline 0.008 -27"><span class='ocrx_word' id='word_1_602' title='bbox 1872 1421 1925 1474; x_wconf 91' lang='lat' dir='ltr'><strong>in</strong></span> <span class='ocrx_word' id='word_1_603' title='bbox 1957 1421 2189 1488; x_wconf 85' lang='lat' dir='ltr'><strong>Psalmo,</strong></span> <span class='ocrx_word' id='word_1_604' title='bbox 2215 1423 2412 1479; x_wconf 88' lang='lat' dir='ltr'><strong>Similis</strong></span> <span class='ocrx_word' id='word_1_605' title='bbox 2442 1443 2525 1480; x_wconf 88' lang='lat' dir='ltr'><strong>ero</strong></span> <span class='ocrx_word' id='word_1_606' title='bbox 2566 1429 2976 1485; x_wconf 85' lang='lat' dir='ltr'><strong>descendentibus</strong></span> <span class='ocrx_word' id='word_1_607' title='bbox 2996 1431 3051 1483; x_wconf 91' lang='lat' dir='ltr'><strong>in</strong></span> <span class='ocrx_word' id='word_1_608' title='bbox 3077 1432 3242 1484; x_wconf 89' lang='lat' dir='ltr'><strong>lacum</strong></span> <span class='ocrx_word' id='word_1_609' title='bbox 3268 1431 3441 1501; x_wconf 87' lang='lat' dir='ltr'><strong>(Psal.</strong></span> 
     </span>
    </p>
   </div>
   <div class='ocr_carea' id='block_1_73' title="bbox 1871 1510 3445 1580">
    <p class='ocr_par' dir='ltr' id='par_1_73' title="bbox 1871 1510 3445 1580">
     <span class='ocr_line' id='line_1_73' title="bbox 1871 1510 3445 1580; baseline 0.004 -13"><span class='ocrx_word' id='word_1_610' title='bbox 1871 1511 1993 1567; x_wconf 75' lang='grc'><strong>142.</strong></span> <span class='ocrx_word' id='word_1_611' title='bbox 2019 1510 2108 1580; x_wconf 87' lang='grc'><strong>7);</strong></span> <span class='ocrx_word' id='word_1_612' title='bbox 2144 1512 2244 1568; x_wconf 85' lang='lat' dir='ltr'><strong>hoc</strong></span> <span class='ocrx_word' id='word_1_613' title='bbox 2270 1523 2352 1570; x_wconf 91' lang='lat' dir='ltr'><strong>est</strong></span> <span class='ocrx_word' id='word_1_614' title='bbox 2373 1557 2388 1580; x_wconf 91' lang='lat'><strong>,</strong></span> <span class='ocrx_word' id='word_1_615' title='bbox 2418 1517 2660 1572; x_wconf 80' lang='lat' dir='ltr'><strong>mortuis.</strong></span> <span class='ocrx_word' id='word_1_616' title='bbox 2693 1519 2800 1573; x_wconf 90' lang='lat' dir='ltr'><strong>Cur</strong></span> <span class='ocrx_word' id='word_1_617' title='bbox 2833 1518 2974 1574; x_wconf 91' lang='lat' dir='ltr'><strong>hunc</strong></span> <span class='ocrx_word' id='word_1_618' title='bbox 3020 1520 3194 1576; x_wconf 89' lang='lat' dir='ltr'><strong>locum</strong></span> <span class='ocrx_word' id='word_1_619' title='bbox 3223 1521 3310 1576; x_wconf 89' lang='lat' dir='ltr'><strong>hic</strong></span> <span class='ocrx_word' id='word_1_620' title='bbox 3339 1531 3445 1576; x_wconf 87' lang='lat' dir='ltr'><strong>tra-</strong></span> 
     </span>
    </p>
   </div>
   <div class='ocr_carea' id='block_1_74' title="bbox 1868 1603 3443 1682">
    <p class='ocr_par' dir='ltr' id='par_1_74' title="bbox 1868 1603 3443 1682">
     <span class='ocr_line' id='line_1_74' title="bbox 1868 1603 3443 1682; baseline 0.008 -27"><span class='ocrx_word' id='word_1_621' title='bbox 1868 1603 2010 1656; x_wconf 84' lang='lat' dir='ltr'><strong>ctat?</strong></span> <span class='ocrx_word' id='word_1_622' title='bbox 2033 1617 2317 1673; x_wconf 87' lang='lat' dir='ltr'><strong>quamnam</strong></span> <span class='ocrx_word' id='word_1_623' title='bbox 2346 1605 2474 1661; x_wconf 88' lang='lat' dir='ltr'><strong>dicit</strong></span> <span class='ocrx_word' id='word_1_624' title='bbox 2513 1609 2908 1678; x_wconf 87' lang='lat' dir='ltr'><strong>captivitatem?</strong></span> <span class='ocrx_word' id='word_1_625' title='bbox 2930 1611 3299 1682; x_wconf 86' lang='lat' dir='ltr'><strong>Captivitatem</strong></span> <span class='ocrx_word' id='word_1_626' title='bbox 3329 1613 3443 1667; x_wconf 82' lang='lat' dir='ltr'><strong>dia-</strong></span> 
     </span>
    </p>
   </div>
   <div class='ocr_carea' id='block_1_75' title="bbox 1867 1693 3437 1774">
    <p class='ocr_par' dir='ltr' id='par_1_75' title="bbox 1867 1693 3437 1774">
     <span class='ocr_line' id='line_1_75' title="bbox 1867 1693 3437 1774; baseline 0.006 -26"><span class='ocrx_word' id='word_1_627' title='bbox 1867 1693 1973 1748; x_wconf 93' lang='lat' dir='ltr'><strong>boli</strong></span> <span class='ocrx_word' id='word_1_628' title='bbox 2003 1712 2015 1748; x_wconf 91' lang='lat'><strong>:</strong></span> <span class='ocrx_word' id='word_1_629' title='bbox 2043 1704 2324 1762; x_wconf 78' lang='lat' dir='ltr'><strong>tyrannum</strong></span> <span class='ocrx_word' id='word_1_630' title='bbox 2352 1700 2557 1769; x_wconf 89' lang='lat' dir='ltr'><strong>accepit</strong></span> <span class='ocrx_word' id='word_1_631' title='bbox 2598 1703 2899 1770; x_wconf 86' lang='lat' dir='ltr'><strong>captivum,</strong></span> <span class='ocrx_word' id='word_1_632' title='bbox 2932 1720 3123 1774; x_wconf 88' lang='lat' dir='ltr'><strong>nempe</strong></span> <span class='ocrx_word' id='word_1_633' title='bbox 3171 1704 3437 1760; x_wconf 89' lang='lat' dir='ltr'><strong>diabolum</strong></span> 
     </span>
    </p>
   </div>
   <div class='ocr_carea' id='block_1_76' title="bbox 1865 1792 3441 1864">
    <p class='ocr_par' dir='ltr' id='par_1_76' title="bbox 1865 1792 3441 1864">
     <span class='ocr_line' id='line_1_76' title="bbox 1865 1792 3441 1864; baseline 0.008 -27"><span class='ocrx_word' id='word_1_634' title='bbox 1865 1793 1919 1838; x_wconf 89' lang='lat' dir='ltr'><strong>et</strong></span> <span class='ocrx_word' id='word_1_635' title='bbox 1971 1795 2193 1840; x_wconf 90' lang='lat' dir='ltr'><strong>mortem</strong></span> <span class='ocrx_word' id='word_1_636' title='bbox 2218 1829 2233 1852; x_wconf 92' lang='lat'><strong>,</strong></span> <span class='ocrx_word' id='word_1_637' title='bbox 2277 1798 2329 1841; x_wconf 86' lang='lat' dir='ltr'><strong>et</strong></span> <span class='ocrx_word' id='word_1_638' title='bbox 2360 1792 2779 1847; x_wconf 83' lang='lat' dir='ltr'><strong>exsecrationem</strong></span> <span class='ocrx_word' id='word_1_639' title='bbox 2807 1835 2820 1858; x_wconf 89' lang='lat'><strong>,</strong></span> <span class='ocrx_word' id='word_1_640' title='bbox 2853 1801 2906 1848; x_wconf 90' lang='lat' dir='ltr'><strong>et</strong></span> <span class='ocrx_word' id='word_1_641' title='bbox 2954 1805 3247 1864; x_wconf 89' lang='lat' dir='ltr'><strong>peccatum.</strong></span> <span class='ocrx_word' id='word_1_642' title='bbox 3279 1795 3441 1850; x_wconf 81' lang='lat' dir='ltr'><strong>Vides</strong></span> 
     </span>
    </p>
   </div>
   <div class='ocr_carea' id='block_1_77' title="bbox 1864 1876 3434 1957">
    <p class='ocr_par' dir='ltr' id='par_1_77' title="bbox 1864 1876 3434 1957">
     <span class='ocr_line' id='line_1_77' title="bbox 1864 1876 3434 1957; baseline 0.008 -28"><span class='ocrx_word' id='word_1_643' title='bbox 1864 1876 2094 1945; x_wconf 58' lang='lat' dir='ltr'><strong>praedam</strong></span> <span class='ocrx_word' id='word_1_644' title='bbox 2124 1886 2176 1932; x_wconf 88' lang='lat' dir='ltr'><strong>et</strong></span> <span class='ocrx_word' id='word_1_645' title='bbox 2204 1879 2411 1949; x_wconf 86' lang='lat' dir='ltr'><strong>spolia?</strong></span> <span class='ocrx_word' id='word_1_646' title='bbox 2443 1881 2592 1947; x_wconf 85' lang='lat' dir='ltr'><strong>Quod</strong></span> <span class='ocrx_word' id='word_1_647' title='bbox 2618 1895 2784 1937; x_wconf 89' lang='lat' dir='ltr'><strong>autem</strong></span> <span class='ocrx_word' id='word_1_648' title='bbox 2812 1887 3036 1939; x_wconf 87' lang='lat' dir='ltr'><strong>ascendit</strong></span> <span class='ocrx_word' id='word_1_649' title='bbox 3064 1888 3186 1957; x_wconf 89' lang='lat' dir='ltr'><strong>quid</strong></span> <span class='ocrx_word' id='word_1_650' title='bbox 3215 1898 3308 1955; x_wconf 87' lang='lat' dir='ltr'><strong>est,</strong></span> <span class='ocrx_word' id='word_1_651' title='bbox 3337 1889 3434 1942; x_wconf 88' lang='lat' dir='ltr'><strong>nisi</strong></span> 
     </span>
    </p>
   </div>
   <div class='ocr_carea' id='block_1_78' title="bbox 1862 1968 3434 2049">
    <p class='ocr_par' dir='ltr' id='par_1_78' title="bbox 1862 1968 3434 2049">
     <span class='ocr_line' id='line_1_78' title="bbox 1862 1968 3434 2049; baseline 0.009 -30"><span class='ocrx_word' id='word_1_652' title='bbox 1862 1968 1996 2036; x_wconf 90' lang='lat' dir='ltr'><strong>quod</strong></span> <span class='ocrx_word' id='word_1_653' title='bbox 2022 1979 2066 2021; x_wconf 91' lang='lat' dir='ltr'><strong>et</strong></span> <span class='ocrx_word' id='word_1_654' title='bbox 2093 1969 2388 2025; x_wconf 83' lang='lat' dir='ltr'><strong>descendit?</strong></span> <span class='ocrx_word' id='word_1_655' title='bbox 2412 1972 2525 2028; x_wconf 83' lang='lat' dir='ltr'><strong>Hoc</strong></span> <span class='ocrx_word' id='word_1_656' title='bbox 2563 1984 2643 2029; x_wconf 88' lang='lat' dir='ltr'><strong>est</strong></span> <span class='ocrx_word' id='word_1_657' title='bbox 2670 1974 2923 2032; x_wconf 84' lang='lat' dir='ltr'><strong>adversus</strong></span> <span class='ocrx_word' id='word_1_658' title='bbox 2949 1993 3063 2043; x_wconf 74' lang='lat' dir='ltr'><strong>eos,</strong></span> <span class='ocrx_word' id='word_1_659' title='bbox 3095 1980 3184 2049; x_wconf 91' lang='lat' dir='ltr'><strong>qui</strong></span> <span class='ocrx_word' id='word_1_660' title='bbox 3212 1980 3434 2034; x_wconf 87' lang='lat' dir='ltr'><strong>Paulum</strong></span> 
     </span>
    </p>
   </div>
   <div class='ocr_carea' id='block_1_79' title="bbox 1861 2056 3436 2140">
    <p class='ocr_par' dir='ltr' id='par_1_79' title="bbox 1861 2056 3436 2140">
     <span class='ocr_line' id='line_1_79' title="bbox 1861 2056 3436 2140; baseline 0.008 -29"><span class='ocrx_word' id='word_1_661' title='bbox 1861 2056 2265 2116; x_wconf 86' lang='lat' dir='ltr'><strong>Samosatenum</strong></span> <span class='ocrx_word' id='word_1_662' title='bbox 2293 2074 2603 2132; x_wconf 85' lang='lat' dir='ltr'><strong>sequuntur.</strong></span> <span class='ocrx_word' id='word_1_663' title='bbox 2636 2066 2735 2133; x_wconf 87' lang='lat' dir='ltr'><strong>Qui</strong></span> <span class='ocrx_word' id='word_1_664' title='bbox 2761 2067 3030 2132; x_wconf 86' lang='lat' dir='ltr'><strong>descendit,</strong></span> <span class='ocrx_word' id='word_1_665' title='bbox 3057 2071 3162 2140; x_wconf 84' lang='lat' dir='ltr'><strong>ipse</strong></span> <span class='ocrx_word' id='word_1_666' title='bbox 3184 2078 3254 2124; x_wconf 82' lang='lat' dir='ltr'><strong>est</strong></span> <span class='ocrx_word' id='word_1_667' title='bbox 3280 2080 3326 2122; x_wconf 90' lang='lat' dir='ltr'><strong>et</strong></span> <span class='ocrx_word' id='word_1_668' title='bbox 3350 2070 3436 2138; x_wconf 85' lang='lat' dir='ltr'><strong>qui</strong></span> 
     </span>
    </p>
   </div>
   <div class='ocr_carea' id='block_1_80' title="bbox 1859 2151 3428 2229">
    <p class='ocr_par' dir='ltr' id='par_1_80' title="bbox 1859 2151 3428 2229">
     <span class='ocr_line' id='line_1_80' title="bbox 1859 2151 3428 2229; baseline 0.009 -29"><span class='ocrx_word' id='word_1_669' title='bbox 1859 2151 2082 2203; x_wconf 84' lang='lat' dir='ltr'><strong>ascendit</strong></span> <span class='ocrx_word' id='word_1_670' title='bbox 2123 2168 2276 2222; x_wconf 85' lang='lat' dir='ltr'><strong>super</strong></span> <span class='ocrx_word' id='word_1_671' title='bbox 2317 2170 2487 2208; x_wconf 88' lang='lat' dir='ltr'><strong>omnes</strong></span> <span class='ocrx_word' id='word_1_672' title='bbox 2529 2157 2678 2210; x_wconf 78' lang='lat' dir='ltr'><strong>cwlos</strong></span> <span class='ocrx_word' id='word_1_673' title='bbox 2722 2167 2774 2210; x_wconf 91' lang='lat' dir='ltr'><strong>ut</strong></span> <span class='ocrx_word' id='word_1_674' title='bbox 2803 2158 3102 2228; x_wconf 84' lang='lat' dir='ltr'><strong>adimpleret</strong></span> <span class='ocrx_word' id='word_1_675' title='bbox 3131 2161 3301 2213; x_wconf 89' lang='lat' dir='ltr'><strong>omnia</strong></span> <span class='ocrx_word' id='word_1_676' title='bbox 3331 2159 3428 2229; x_wconf 86' lang='grc' dir='ltr'><strong>(α).</strong></span> 
     </span>
    </p>
   </div>
   <div class='ocr_carea' id='block_1_81' title="bbox 1858 2245 3433 2322">
    <p class='ocr_par' dir='ltr' id='par_1_81' title="bbox 1858 2245 3433 2322">
     <span class='ocr_line' id='line_1_81' title="bbox 1858 2245 3433 2322; baseline 0.005 -23"><span class='ocrx_word' id='word_1_677' title='bbox 1858 2245 1939 2299; x_wconf 86' lang='lat' dir='ltr'><strong>Ad</strong></span> <span class='ocrx_word' id='word_1_678' title='bbox 1980 2247 2254 2302; x_wconf 82' lang='lat' dir='ltr'><strong>inferiores</strong></span> <span class='ocrx_word' id='word_1_679' title='bbox 2274 2291 2288 2316; x_wconf 92' lang='lat'><strong>,</strong></span> <span class='ocrx_word' id='word_1_680' title='bbox 2319 2249 2524 2320; x_wconf 90' lang='lat' dir='ltr'><strong>inquit,</strong></span> <span class='ocrx_word' id='word_1_681' title='bbox 2553 2264 2731 2322; x_wconf 88' lang='lat' dir='ltr'><strong>partes</strong></span> <span class='ocrx_word' id='word_1_682' title='bbox 2763 2263 2920 2308; x_wconf 76' lang='lat' dir='ltr'><strong>terra:</strong></span> <span class='ocrx_word' id='word_1_683' title='bbox 2949 2253 3266 2320; x_wconf 90' lang='lat' dir='ltr'><strong>descendit,</strong></span> <span class='ocrx_word' id='word_1_684' title='bbox 3315 2262 3433 2322; x_wconf 93' lang='lat' dir='ltr'><strong>post</strong></span> 
     </span>
    </p>
   </div>
   <div class='ocr_carea' id='block_1_82' title="bbox 1857 2343 3432 2415">
    <p class='ocr_par' dir='ltr' id='par_1_82' title="bbox 1857 2343 3432 2415">
     <span class='ocr_line' id='line_1_82' title="bbox 1857 2343 3432 2415; baseline 0.005 -25"><span class='ocrx_word' id='word_1_685' title='bbox 1857 2352 1975 2406; x_wconf 69' lang='lat' dir='ltr'><strong>qua:</strong></span> <span class='ocrx_word' id='word_1_686' title='bbox 2021 2355 2124 2394; x_wconf 81' lang='lat' dir='ltr'><strong>non</strong></span> <span class='ocrx_word' id='word_1_687' title='bbox 2170 2348 2293 2395; x_wconf 92' lang='lat' dir='ltr'><strong>sunt</strong></span> <span class='ocrx_word' id='word_1_688' title='bbox 2319 2343 2436 2396; x_wconf 70' lang='lat' dir='ltr'><strong>alite</strong></span> <span class='ocrx_word' id='word_1_689' title='bbox 2468 2362 2479 2397; x_wconf 93' lang='lat'>:</span> <span class='ocrx_word' id='word_1_690' title='bbox 2510 2354 2563 2398; x_wconf 89' lang='lat' dir='ltr'><strong>et</strong></span> <span class='ocrx_word' id='word_1_691' title='bbox 2604 2347 2843 2400; x_wconf 86' lang='lat' dir='ltr'><strong>ascendit</strong></span> <span class='ocrx_word' id='word_1_692' title='bbox 2887 2361 3048 2415; x_wconf 87' lang='lat' dir='ltr'><strong>super</strong></span> <span class='ocrx_word' id='word_1_693' title='bbox 3075 2347 3281 2408; x_wconf 88' lang='lat' dir='ltr'><strong>omnia,</strong></span> <span class='ocrx_word' id='word_1_694' title='bbox 3314 2356 3432 2415; x_wconf 89' lang='lat' dir='ltr'><strong>post</strong></span> 
     </span>
    </p>
   </div>
   <div class='ocr_carea' id='block_1_83' title="bbox 1855 2433 3432 2505">
    <p class='ocr_par' dir='ltr' id='par_1_83' title="bbox 1855 2433 3432 2505">
     <span class='ocr_line' id='line_1_83' title="bbox 1855 2433 3432 2505; baseline 0.006 -25"><span class='ocrx_word' id='word_1_695' title='bbox 1855 2443 1973 2497; x_wconf 77' lang='lat' dir='ltr'><strong>quae</strong></span> <span class='ocrx_word' id='word_1_696' title='bbox 2002 2445 2105 2483; x_wconf 89' lang='lat' dir='ltr'><strong>non</strong></span> <span class='ocrx_word' id='word_1_697' title='bbox 2152 2441 2234 2486; x_wconf 88' lang='lat' dir='ltr'><strong>est</strong></span> <span class='ocrx_word' id='word_1_698' title='bbox 2276 2433 2472 2503; x_wconf 89' lang='lat' dir='ltr'><strong>aliquid</strong></span> <span class='ocrx_word' id='word_1_699' title='bbox 2500 2435 2661 2489; x_wconf 90' lang='lat' dir='ltr'><strong>aliud.</strong></span> <span class='ocrx_word' id='word_1_700' title='bbox 2697 2435 2805 2491; x_wconf 90' lang='lat' dir='ltr'><strong>lloc</strong></span> <span class='ocrx_word' id='word_1_701' title='bbox 2847 2447 2929 2491; x_wconf 85' lang='lat' dir='ltr'><strong>est</strong></span> <span class='ocrx_word' id='word_1_702' title='bbox 2959 2437 3072 2505; x_wconf 90' lang='lat' dir='ltr'><strong>ejus</strong></span> <span class='ocrx_word' id='word_1_703' title='bbox 3102 2436 3350 2490; x_wconf 76' lang='lat' dir='ltr'><strong>efficacia:</strong></span> <span class='ocrx_word' id='word_1_704' title='bbox 3377 2447 3432 2489; x_wconf 86' lang='lat' dir='ltr'><strong>et</strong></span> 
     </span>
    </p>
   </div>
   <div class='ocr_carea' id='block_1_84' title="bbox 1854 2518 3424 2596">
    <p class='ocr_par' dir='ltr' id='par_1_84' title="bbox 1854 2518 3424 2596">
     <span class='ocr_line' id='line_1_84' title="bbox 1854 2518 3424 2596; baseline 0.005 -23"><span class='ocrx_word' id='word_1_705' title='bbox 1854 2518 2200 2588; x_wconf 85' lang='lat' dir='ltr'><strong>dominatus;</strong></span> <span class='ocrx_word' id='word_1_706' title='bbox 2249 2540 2367 2577; x_wconf 88' lang='lat' dir='ltr'><strong>nam</strong></span> <span class='ocrx_word' id='word_1_707' title='bbox 2401 2524 2514 2580; x_wconf 75' lang='lat' dir='ltr'><strong>hrec</strong></span> <span class='ocrx_word' id='word_1_708' title='bbox 2557 2542 2766 2596; x_wconf 87' lang='lat' dir='ltr'><strong>quoque</strong></span> <span class='ocrx_word' id='word_1_709' title='bbox 2813 2529 2991 2581; x_wconf 88' lang='lat' dir='ltr'><strong>omnia</strong></span> <span class='ocrx_word' id='word_1_710' title='bbox 3039 2528 3165 2581; x_wconf 89' lang='lat' dir='ltr'><strong>olim</strong></span> <span class='ocrx_word' id='word_1_711' title='bbox 3208 2529 3424 2596; x_wconf 88' lang='lat' dir='ltr'><strong>impleta</strong></span> 
     </span>
    </p>
   </div>
   <div class='ocr_carea' id='block_1_85' title="bbox 1855 2613 3425 2691">
    <p class='ocr_par' dir='ltr' id='par_1_85' title="bbox 1855 2613 3425 2691">
     <span class='ocr_line' id='line_1_85' title="bbox 1855 2613 3425 2691; baseline 0.003 -25"><span class='ocrx_word' id='word_1_712' title='bbox 1855 2613 2082 2668; x_wconf 80' lang='lat' dir='ltr'><strong>fuerant.</strong></span> <span class='ocrx_word' id='word_1_713' title='bbox 2113 2617 2203 2670; x_wconf 91' lang='grc'><strong>11.</strong></span> <span class='ocrx_word' id='word_1_714' title='bbox 2227 2615 2293 2669; x_wconf 84' lang='lat' dir='ltr'><strong>Et</strong></span> <span class='ocrx_word' id='word_1_715' title='bbox 2317 2617 2424 2687; x_wconf 88' lang='lat' dir='ltr'><strong>ipse</strong></span> <span class='ocrx_word' id='word_1_716' title='bbox 2463 2618 2598 2672; x_wconf 85' lang='lat' dir='ltr'><strong>dedit</strong></span> <span class='ocrx_word' id='word_1_717' title='bbox 2631 2620 2875 2689; x_wconf 88' lang='lat' dir='ltr'><strong>quosdam</strong></span> <span class='ocrx_word' id='word_1_718' title='bbox 2915 2620 3112 2691; x_wconf 82' lang='lat' dir='ltr'><strong>quidem</strong></span> <span class='ocrx_word' id='word_1_719' title='bbox 3149 2621 3425 2691; x_wconf 79' lang='lat' dir='ltr'><strong>apostolos,</strong></span> 
     </span>
    </p>
   </div>
   <div class='ocr_carea' id='block_1_86' title="bbox 1853 2705 3427 2782">
    <p class='ocr_par' dir='ltr' id='par_1_86' title="bbox 1853 2705 3427 2782">
     <span class='ocr_line' id='line_1_86' title="bbox 1853 2705 3427 2782; baseline 0.005 -26"><span class='ocrx_word' id='word_1_720' title='bbox 1853 2705 2096 2773; x_wconf 88' lang='lat' dir='ltr'><strong>quosdam</strong></span> <span class='ocrx_word' id='word_1_721' title='bbox 2117 2716 2282 2760; x_wconf 86' lang='lat' dir='ltr'><strong>autem</strong></span> <span class='ocrx_word' id='word_1_722' title='bbox 2308 2707 2598 2778; x_wconf 80' lang='lat' dir='ltr'><strong>prop/tetas,</strong></span> <span class='ocrx_word' id='word_1_723' title='bbox 2629 2710 2757 2764; x_wconf 90' lang='lat' dir='ltr'><strong>alios</strong></span> <span class='ocrx_word' id='word_1_724' title='bbox 2786 2725 2898 2764; x_wconf 80' lang='lat' dir='ltr'><strong>vero</strong></span> <span class='ocrx_word' id='word_1_725' title='bbox 2925 2712 3274 2782; x_wconf 79' lang='lat' dir='ltr'><strong>evangelistas,</strong></span> <span class='ocrx_word' id='word_1_726' title='bbox 3298 2711 3427 2764; x_wconf 87' lang='lat' dir='ltr'><strong>alios</strong></span> 
     </span>
    </p>
   </div>
   <div class='ocr_carea' id='block_1_87' title="bbox 1852 2801 3425 2865">
    <p class='ocr_par' dir='ltr' id='par_1_87' title="bbox 1852 2801 3425 2865">
     <span class='ocr_line' id='line_1_87' title="bbox 1852 2801 3425 2865; baseline 0.003 -17"><span class='ocrx_word' id='word_1_727' title='bbox 1852 2805 2020 2848; x_wconf 88' lang='lat' dir='ltr'><strong>autem</strong></span> <span class='ocrx_word' id='word_1_728' title='bbox 2067 2805 2291 2865; x_wconf 85' lang='lat' dir='ltr'><strong>pastores</strong></span> <span class='ocrx_word' id='word_1_729' title='bbox 2338 2810 2383 2852; x_wconf 84' lang='lat' dir='ltr'><strong>et</strong></span> <span class='ocrx_word' id='word_1_730' title='bbox 2420 2801 2684 2863; x_wconf 80' lang='lat' dir='ltr'><strong>doctores,</strong></span> <span class='ocrx_word' id='word_1_731' title='bbox 2720 2801 2806 2854; x_wconf 73' lang='grc'><strong>12.</strong></span> <span class='ocrx_word' id='word_1_732' title='bbox 2848 2801 2898 2854; x_wconf 83' lang='grc' dir='ltr'><em>ἱη</em></span> <span class='ocrx_word' id='word_1_733' title='bbox 2947 2803 3425 2855; x_wconf 83' lang='lat' dir='ltr'><strong>consummationem</strong></span> 
     </span>
    </p>
   </div>
   <div class='ocr_carea' id='block_1_88' title="bbox 1850 2888 3478 2971">
    <p class='ocr_par' dir='ltr' id='par_1_88' title="bbox 1850 2888 3478 2971">
     <span class='ocr_line' id='line_1_88' title="bbox 1850 2888 3478 2971; baseline 0.003 -32"><span class='ocrx_word' id='word_1_734' title='bbox 1850 2897 2154 2954; x_wconf 89' lang='lat' dir='ltr'><strong>sanctorum,</strong></span> <span class='ocrx_word' id='word_1_735' title='bbox 2186 2888 2239 2943; x_wconf 91' lang='lat' dir='ltr'><strong>in</strong></span> <span class='ocrx_word' id='word_1_736' title='bbox 2278 2906 2404 2960; x_wconf 82' lang='lat' dir='ltr'><strong>Opus</strong></span> <span class='ocrx_word' id='word_1_737' title='bbox 2440 2892 2723 2960; x_wconf 85' lang='lat' dir='ltr'><strong>ministerii,</strong></span> <span class='ocrx_word' id='word_1_738' title='bbox 2753 2893 2806 2945; x_wconf 87' lang='lat' dir='ltr'><strong>in</strong></span> <span class='ocrx_word' id='word_1_739' title='bbox 2834 2893 3221 2962; x_wconf 71' lang='lat' dir='ltr'><strong>(adiﬁcationem</strong></span> <span class='ocrx_word' id='word_1_740' title='bbox 3245 2909 3427 2961; x_wconf 85' lang='lat' dir='ltr'><strong>corpa-</strong></span> <span class='ocrx_word' id='word_1_741' title='bbox 3462 2949 3478 2971; x_wconf 60' lang='lat' dir='ltr'><strong><em>I</em></strong></span> 
     </span>
    </p>
   </div>
   <div class='ocr_carea' id='block_1_89' title="bbox 1849 2977 3427 3056">
    <p class='ocr_par' dir='ltr' id='par_1_89' title="bbox 1849 2977 3427 3056">
     <span class='ocr_line' id='line_1_89' title="bbox 1849 2977 3427 3056; baseline 0.004 -26"><span class='ocrx_word' id='word_1_742' title='bbox 1849 2978 1920 3031; x_wconf 86' lang='lat' dir='ltr'><strong>ris</strong></span> <span class='ocrx_word' id='word_1_743' title='bbox 1965 2977 2169 3034; x_wconf 83' lang='lat' dir='ltr'><strong>Christi.</strong></span> <span class='ocrx_word' id='word_1_744' title='bbox 2209 2980 2360 3049; x_wconf 89' lang='lat' dir='ltr'><strong>Quod</strong></span> <span class='ocrx_word' id='word_1_745' title='bbox 2402 2982 2524 3037; x_wconf 90' lang='lat' dir='ltr'><strong>alibi</strong></span> <span class='ocrx_word' id='word_1_746' title='bbox 2563 2983 2712 3050; x_wconf 90' lang='lat' dir='ltr'><strong>dicit,</strong></span> <span class='ocrx_word' id='word_1_747' title='bbox 2744 2983 2963 3055; x_wconf 77' lang='lat' dir='ltr'><strong>Propter</strong></span> <span class='ocrx_word' id='word_1_748' title='bbox 3010 2985 3146 3056; x_wconf 86' lang='lat' dir='ltr'><strong>quod</strong></span> <span class='ocrx_word' id='word_1_749' title='bbox 3193 2994 3240 3040; x_wconf 90' lang='lat' dir='ltr'><strong>et</strong></span> <span class='ocrx_word' id='word_1_750' title='bbox 3290 2985 3427 3040; x_wconf 79' lang='lat' dir='ltr'><strong>Deus</strong></span> 
     </span>
    </p>
   </div>
   <div class='ocr_carea' id='block_1_90' title="bbox 1848 3071 3422 3149">
    <p class='ocr_par' dir='ltr' id='par_1_90' title="bbox 1848 3071 3422 3149">
     <span class='ocr_line' id='line_1_90' title="bbox 1848 3071 3422 3149; baseline 0.005 -24"><span class='ocrx_word' id='word_1_751' title='bbox 1848 3071 2086 3126; x_wconf 76' lang='lat' dir='ltr'><strong>exultavit</strong></span> <span class='ocrx_word' id='word_1_752' title='bbox 2112 3072 2256 3126; x_wconf 88' lang='lat' dir='ltr'><strong>illum</strong></span> <span class='ocrx_word' id='word_1_753' title='bbox 2278 3074 2609 3147; x_wconf 73' lang='lat' dir='ltr'><strong>(Philipp.2.</strong></span> <span class='ocrx_word' id='word_1_754' title='bbox 2644 3075 2719 3148; x_wconf 91' lang='lat'><strong>9),</strong></span> <span class='ocrx_word' id='word_1_755' title='bbox 2753 3077 2856 3132; x_wconf 89' lang='lat' dir='ltr'><strong>hoc</strong></span> <span class='ocrx_word' id='word_1_756' title='bbox 2900 3077 2987 3134; x_wconf 89' lang='lat' dir='ltr'><strong>hic</strong></span> <span class='ocrx_word' id='word_1_757' title='bbox 3016 3094 3228 3149; x_wconf 90' lang='lat' dir='ltr'><strong>quoque</strong></span> <span class='ocrx_word' id='word_1_758' title='bbox 3272 3079 3422 3146; x_wconf 90' lang='lat' dir='ltr'><strong>dicit,</strong></span> 
     </span>
    </p>
   </div>
   <div class='ocr_carea' id='block_1_91' title="bbox 1852 3166 3428 3239">
    <p class='ocr_par' dir='ltr' id='par_1_91' title="bbox 1852 3166 3428 3239">
     <span class='ocr_line' id='line_1_91' title="bbox 1852 3166 3428 3239; baseline 0.006 -20"><span class='ocrx_word' id='word_1_759' title='bbox 1852 3166 1952 3232; x_wconf 84' lang='lat' dir='ltr'><strong>Qui</strong></span> <span class='ocrx_word' id='word_1_760' title='bbox 1978 3167 2251 3232; x_wconf 82' lang='lat' dir='ltr'><strong>descendit,</strong></span> <span class='ocrx_word' id='word_1_761' title='bbox 2280 3168 2388 3238; x_wconf 89' lang='lat' dir='ltr'><strong>ipse</strong></span> <span class='ocrx_word' id='word_1_762' title='bbox 2407 3179 2479 3223; x_wconf 89' lang='lat' dir='ltr'><strong>est</strong></span> <span class='ocrx_word' id='word_1_763' title='bbox 2506 3180 2552 3224; x_wconf 87' lang='lat' dir='ltr'><strong>et</strong></span> <span class='ocrx_word' id='word_1_764' title='bbox 2576 3170 2662 3238; x_wconf 92' lang='lat' dir='ltr'><strong>qui</strong></span> <span class='ocrx_word' id='word_1_765' title='bbox 2687 3171 2931 3225; x_wconf 84' lang='lat' dir='ltr'><strong>ascendit.</strong></span> <span class='ocrx_word' id='word_1_766' title='bbox 2959 3172 3110 3239; x_wconf 90' lang='lat' dir='ltr'><strong>Quod</strong></span> <span class='ocrx_word' id='word_1_767' title='bbox 3136 3173 3428 3228; x_wconf 74' lang='lat' dir='ltr'><strong>descende—</strong></span> 
     </span>
    </p>
   </div>
   <div class='ocr_carea' id='block_1_92' title="bbox 1848 3259 3425 3331">
    <p class='ocr_par' dir='ltr' id='par_1_92' title="bbox 1848 3259 3425 3331">
     <span class='ocr_line' id='line_1_92' title="bbox 1848 3259 3425 3331; baseline 0.004 -17"><span class='ocrx_word' id='word_1_768' title='bbox 1848 3261 1917 3314; x_wconf 88' lang='lat' dir='ltr'><strong>rit</strong></span> <span class='ocrx_word' id='word_1_769' title='bbox 1940 3259 2006 3314; x_wconf 91' lang='lat' dir='ltr'><strong>ad</strong></span> <span class='ocrx_word' id='word_1_770' title='bbox 2034 3259 2310 3316; x_wconf 83' lang='lat' dir='ltr'><strong>inferiores</strong></span> <span class='ocrx_word' id='word_1_771' title='bbox 2333 3272 2510 3331; x_wconf 82' lang='lat' dir='ltr'><strong>partes</strong></span> <span class='ocrx_word' id='word_1_772' title='bbox 2538 3272 2714 3330; x_wconf 79' lang='lat' dir='ltr'><strong>teme,</strong></span> <span class='ocrx_word' id='word_1_773' title='bbox 2737 3263 2870 3318; x_wconf 89' lang='lat' dir='ltr'><strong>nihil</strong></span> <span class='ocrx_word' id='word_1_774' title='bbox 2902 3265 2949 3319; x_wconf 90' lang='lat' dir='ltr'><strong>ei</strong></span> <span class='ocrx_word' id='word_1_775' title='bbox 2977 3265 3167 3328; x_wconf 83' lang='lat' dir='ltr'><strong>obluit.</strong></span> <span class='ocrx_word' id='word_1_776' title='bbox 3202 3280 3299 3320; x_wconf 89' lang='lat' dir='ltr'><strong>nec</strong></span> <span class='ocrx_word' id='word_1_777' title='bbox 3325 3265 3425 3320; x_wconf 91' lang='lat' dir='ltr'><strong>im-</strong></span> 
     </span>
    </p>
   </div>
   <div class='ocr_carea' id='block_1_93' title="bbox 1848 3351 3422 3424">
    <p class='ocr_par' dir='ltr' id='par_1_93' title="bbox 1848 3351 3422 3424">
     <span class='ocr_line' id='line_1_93' title="bbox 1848 3351 3422 3424; baseline 0.005 -20"><span class='ocrx_word' id='word_1_778' title='bbox 1848 3351 2013 3420; x_wconf 88' lang='lat' dir='ltr'><strong>pediit</strong></span> <span class='ocrx_word' id='word_1_779' title='bbox 2032 3351 2317 3422; x_wconf 77' lang='lat' dir='ltr'><strong>quominus</strong></span> <span class='ocrx_word' id='word_1_780' title='bbox 2337 3352 2650 3409; x_wconf 80' lang='lat' dir='ltr'><strong>ascenderet</strong></span> <span class='ocrx_word' id='word_1_781' title='bbox 2677 3370 2835 3424; x_wconf 89' lang='lat' dir='ltr'><strong>supra</strong></span> <span class='ocrx_word' id='word_1_782' title='bbox 2860 3356 3040 3410; x_wconf 73' lang='lat' dir='ltr'><strong>czclos.</strong></span> <span class='ocrx_word' id='word_1_783' title='bbox 3066 3356 3422 3424; x_wconf 87' lang='lat' dir='ltr'><strong>Quamobrem</strong></span> 
     </span>
    </p>
   </div>
   <div class='ocr_carea' id='block_1_94' title="bbox 1848 3445 3422 3517">
    <p class='ocr_par' dir='ltr' id='par_1_94' title="bbox 1848 3445 3422 3517">
     <span class='ocr_line' id='line_1_94' title="bbox 1848 3445 3422 3517; baseline 0.004 -20"><span class='ocrx_word' id='word_1_784' title='bbox 1848 3459 1954 3513; x_wconf 92' lang='lat' dir='ltr'><strong>quo</strong></span> <span class='ocrx_word' id='word_1_785' title='bbox 1982 3445 2188 3515; x_wconf 59' lang='lat' dir='ltr'><strong>quis&#39;se</strong></span> <span class='ocrx_word' id='word_1_786' title='bbox 2229 3445 2562 3501; x_wconf 87' lang='lat' dir='ltr'><strong>humiliorem</strong></span> <span class='ocrx_word' id='word_1_787' title='bbox 2596 3445 2810 3511; x_wconf 83' lang='lat' dir='ltr'><strong>fecerit,</strong></span> <span class='ocrx_word' id='word_1_788' title='bbox 2841 3463 2906 3502; x_wconf 91' lang='lat' dir='ltr'><strong>eo</strong></span> <span class='ocrx_word' id='word_1_789' title='bbox 2933 3449 3100 3517; x_wconf 80' lang='lat' dir='ltr'><strong>magis</strong></span> <span class='ocrx_word' id='word_1_790' title='bbox 3128 3450 3422 3503; x_wconf 74' lang='lat' dir='ltr'><strong>extollitur.</strong></span> 
     </span>
    </p>
   </div>
   <div class='ocr_carea' id='block_1_95' title="bbox 1846 3535 3425 3608">
    <p class='ocr_par' dir='ltr' id='par_1_95' title="bbox 1846 3535 3425 3608">
     <span class='ocr_line' id='line_1_95' title="bbox 1846 3535 3425 3608; baseline 0.003 -20"><span class='ocrx_word' id='word_1_791' title='bbox 1846 3535 1992 3590; x_wconf 91' lang='lat' dir='ltr'><strong>Sicut</strong></span> <span class='ocrx_word' id='word_1_792' title='bbox 2021 3536 2162 3591; x_wconf 90' lang='lat' dir='ltr'><strong>enim</strong></span> <span class='ocrx_word' id='word_1_793' title='bbox 2197 3537 2248 3590; x_wconf 94' lang='lat' dir='ltr'><strong>in</strong></span> <span class='ocrx_word' id='word_1_794' title='bbox 2276 3552 2408 3606; x_wconf 89' lang='lat' dir='ltr'><strong>aqua</strong></span> <span class='ocrx_word' id='word_1_795' title='bbox 2433 3552 2536 3607; x_wconf 91' lang='lat' dir='ltr'><strong>quo</strong></span> <span class='ocrx_word' id='word_1_796' title='bbox 2567 3538 2733 3608; x_wconf 82' lang='lat' dir='ltr'><strong>magis</strong></span> <span class='ocrx_word' id='word_1_797' title='bbox 2764 3553 2882 3592; x_wconf 89' lang='lat' dir='ltr'><strong>eam</strong></span> <span class='ocrx_word' id='word_1_798' title='bbox 2913 3538 3049 3593; x_wconf 82' lang='lat' dir='ltr'><strong>infra</strong></span> <span class='ocrx_word' id='word_1_799' title='bbox 3070 3539 3425 3604; x_wconf 87' lang='lat' dir='ltr'><strong>detuleris,co</strong></span> 
     </span>
    </p>
   </div>
   <div class='ocr_carea' id='block_1_96' title="bbox 1846 3627 3418 3698">
    <p class='ocr_par' dir='ltr' id='par_1_96' title="bbox 1846 3627 3418 3698">
     <span class='ocr_line' id='line_1_96' title="bbox 1846 3627 3418 3698; baseline 0.003 -19"><span class='ocrx_word' id='word_1_800' title='bbox 1846 3627 2012 3696; x_wconf 82' lang='lat' dir='ltr'><strong>magis</strong></span> <span class='ocrx_word' id='word_1_801' title='bbox 2041 3627 2092 3680; x_wconf 92' lang='lat' dir='ltr'><strong>in</strong></span> <span class='ocrx_word' id='word_1_802' title='bbox 2120 3627 2283 3681; x_wconf 86' lang='lat' dir='ltr'><strong>altum</strong></span> <span class='ocrx_word' id='word_1_803' title='bbox 2313 3627 2560 3692; x_wconf 82' lang='lat' dir='ltr'><strong>ell‘ertur;</strong></span> <span class='ocrx_word' id='word_1_804' title='bbox 2591 3637 2645 3682; x_wconf 91' lang='lat' dir='ltr'><strong>et</strong></span> <span class='ocrx_word' id='word_1_805' title='bbox 2664 3643 2769 3697; x_wconf 90' lang='lat' dir='ltr'><strong>quo</strong></span> <span class='ocrx_word' id='word_1_806' title='bbox 2796 3644 2862 3683; x_wconf 82' lang='lat' dir='ltr'><strong>ex</strong></span> <span class='ocrx_word' id='word_1_807' title='bbox 2887 3629 3073 3698; x_wconf 89' lang='lat' dir='ltr'><strong>majori</strong></span> <span class='ocrx_word' id='word_1_808' title='bbox 3102 3630 3273 3698; x_wconf 90' lang='lat' dir='ltr'><strong>spatio</strong></span> <span class='ocrx_word' id='word_1_809' title='bbox 3300 3630 3418 3684; x_wconf 82' lang='lat' dir='ltr'><strong>fue-</strong></span> 
     </span>
    </p>
   </div>
   <div class='ocr_carea' id='block_1_97' title="bbox 1845 3717 3422 3790">
    <p class='ocr_par' dir='ltr' id='par_1_97' title="bbox 1845 3717 3422 3790">
     <span class='ocr_line' id='line_1_97' title="bbox 1845 3717 3422 3790; baseline 0.003 -19"><span class='ocrx_word' id='word_1_810' title='bbox 1845 3717 1919 3772; x_wconf 88' lang='lat' dir='ltr'><strong>ris</strong></span> <span class='ocrx_word' id='word_1_811' title='bbox 1939 3717 2222 3786; x_wconf 88' lang='lat' dir='ltr'><strong>jaculatus,</strong></span> <span class='ocrx_word' id='word_1_812' title='bbox 2250 3733 2315 3773; x_wconf 88' lang='lat' dir='ltr'><strong>eo</strong></span> <span class='ocrx_word' id='word_1_813' title='bbox 2359 3720 2527 3789; x_wconf 84' lang='lat' dir='ltr'><strong>magis</strong></span> <span class='ocrx_word' id='word_1_814' title='bbox 2551 3721 2849 3790; x_wconf 86' lang='lat' dir='ltr'><strong>assequeris</strong></span> <span class='ocrx_word' id='word_1_815' title='bbox 2876 3737 2888 3773; x_wconf 93' lang='lat'>:</span> <span class='ocrx_word' id='word_1_816' title='bbox 2920 3722 2987 3776; x_wconf 90' lang='lat' dir='ltr'><strong>ita</strong></span> <span class='ocrx_word' id='word_1_817' title='bbox 3015 3721 3175 3776; x_wconf 89' lang='lat' dir='ltr'><strong>etiam</strong></span> <span class='ocrx_word' id='word_1_818' title='bbox 3219 3722 3273 3778; x_wconf 89' lang='lat' dir='ltr'><strong>in</strong></span> <span class='ocrx_word' id='word_1_819' title='bbox 3325 3723 3422 3776; x_wconf 81' lang='lat' dir='ltr'><strong>hu-</strong></span> 
     </span>
    </p>
   </div>
   <div class='ocr_carea' id='block_1_98' title="bbox 1844 3809 3418 3880">
    <p class='ocr_par' dir='ltr' id='par_1_98' title="bbox 1844 3809 3418 3880">
     <span class='ocr_line' id='line_1_98' title="bbox 1844 3809 3418 3880; baseline 0.003 -16"><span class='ocrx_word' id='word_1_820' title='bbox 1844 3809 2087 3864; x_wconf 90' lang='lat' dir='ltr'><strong>militate.</strong></span> <span class='ocrx_word' id='word_1_821' title='bbox 2118 3809 2222 3865; x_wconf 88' lang='lat' dir='ltr'><strong>Sed</strong></span> <span class='ocrx_word' id='word_1_822' title='bbox 2253 3810 2461 3880; x_wconf 84' lang='lat' dir='ltr'><strong>quando</strong></span> <span class='ocrx_word' id='word_1_823' title='bbox 2482 3810 2550 3866; x_wconf 90' lang='lat' dir='ltr'><strong>de</strong></span> <span class='ocrx_word' id='word_1_824' title='bbox 2576 3810 2685 3865; x_wconf 92' lang='lat' dir='ltr'><strong>Deo</strong></span> <span class='ocrx_word' id='word_1_825' title='bbox 2708 3811 2907 3866; x_wconf 89' lang='lat' dir='ltr'><strong>dixeris</strong></span> <span class='ocrx_word' id='word_1_826' title='bbox 2930 3814 3292 3878; x_wconf 87' lang='lat' dir='ltr'><strong>ascensioues.</strong></span> <span class='ocrx_word' id='word_1_827' title='bbox 3322 3829 3418 3868; x_wconf 92' lang='lat' dir='ltr'><strong>ne-</strong></span> 
     </span>
    </p>
   </div>
   <div class='ocr_carea' id='block_1_99' title="bbox 1843 3902 3418 3972">
    <p class='ocr_par' dir='ltr' id='par_1_99' title="bbox 1843 3902 3418 3972">
     <span class='ocr_line' id='line_1_99' title="bbox 1843 3902 3418 3972; baseline 0.001 -15"><span class='ocrx_word' id='word_1_828' title='bbox 1843 3918 1993 3958; x_wconf 87' lang='lat' dir='ltr'><strong>cesse</strong></span> <span class='ocrx_word' id='word_1_829' title='bbox 2014 3912 2093 3957; x_wconf 89' lang='lat' dir='ltr'><strong>est</strong></span> <span class='ocrx_word' id='word_1_830' title='bbox 2117 3902 2347 3972; x_wconf 90' lang='lat' dir='ltr'><strong>primum</strong></span> <span class='ocrx_word' id='word_1_831' title='bbox 2377 3903 2612 3972; x_wconf 81' lang='lat' dir='ltr'><strong>cogitare</strong></span> <span class='ocrx_word' id='word_1_832' title='bbox 2638 3903 2952 3959; x_wconf 88' lang='lat' dir='ltr'><strong>descensum</strong></span> <span class='ocrx_word' id='word_1_833' title='bbox 2973 3921 2987 3970; x_wconf 90' lang='lat'><strong>;</strong></span> <span class='ocrx_word' id='word_1_834' title='bbox 3006 3905 3218 3972; x_wconf 85' lang='lat' dir='ltr'><strong>quando</strong></span> <span class='ocrx_word' id='word_1_835' title='bbox 3241 3914 3418 3960; x_wconf 87' lang='lat' dir='ltr'><strong>autem</strong></span> 
     </span>
    </p>
   </div>
   <div class='ocr_carea' id='block_1_100' title="bbox 1842 3991 3421 4065">
    <p class='ocr_par' dir='ltr' id='par_1_100' title="bbox 1842 3991 3421 4065">
     <span class='ocr_line' id='line_1_100' title="bbox 1842 3991 3421 4065; baseline 0.003 -18"><span class='ocrx_word' id='word_1_836' title='bbox 1842 3992 1910 4047; x_wconf 90' lang='lat' dir='ltr'><strong>de</strong></span> <span class='ocrx_word' id='word_1_837' title='bbox 1935 3991 2166 4057; x_wconf 89' lang='lat' dir='ltr'><strong>homine,</strong></span> <span class='ocrx_word' id='word_1_838' title='bbox 2201 4007 2555 4064; x_wconf 87' lang='lat' dir='ltr'><strong>nequaquam.</strong></span> <span class='ocrx_word' id='word_1_839' title='bbox 2590 3993 2793 4050; x_wconf 89' lang='lat' dir='ltr'><strong>Deinde</strong></span> <span class='ocrx_word' id='word_1_840' title='bbox 2820 3996 3056 4051; x_wconf 89' lang='lat' dir='ltr'><strong>ostendit</strong></span> <span class='ocrx_word' id='word_1_841' title='bbox 3101 3997 3261 4052; x_wconf 90' lang='lat' dir='ltr'><strong>etiam</strong></span> <span class='ocrx_word' id='word_1_842' title='bbox 3301 3998 3421 4065; x_wconf 86' lang='lat' dir='ltr'><strong>ejus</strong></span> 
     </span>
    </p>
   </div>
   <div class='ocr_carea' id='block_1_101' title="bbox 1844 4084 3413 4158">
    <p class='ocr_par' dir='ltr' id='par_1_101' title="bbox 1844 4084 3413 4158">
     <span class='ocr_line' id='line_1_101' title="bbox 1844 4084 3413 4158; baseline 0.004 -21"><span class='ocrx_word' id='word_1_843' title='bbox 1844 4084 2226 4153; x_wconf 88' lang='lat' dir='ltr'><strong>providentiam</strong></span> <span class='ocrx_word' id='word_1_844' title='bbox 2248 4093 2303 4139; x_wconf 83' lang='lat' dir='ltr'><strong>e‘t</strong></span> <span class='ocrx_word' id='word_1_845' title='bbox 2327 4086 2640 4155; x_wconf 88' lang='lat' dir='ltr'><strong>sapientiam</strong></span> <span class='ocrx_word' id='word_1_846' title='bbox 2677 4105 2690 4141; x_wconf 91' lang='lat'>:</span> <span class='ocrx_word' id='word_1_847' title='bbox 2719 4087 2971 4158; x_wconf 89' lang='lat' dir='ltr'><strong>dicitque,</strong></span> <span class='ocrx_word' id='word_1_848' title='bbox 2995 4090 3084 4158; x_wconf 93' lang='lat' dir='ltr'><strong>qui</strong></span> <span class='ocrx_word' id='word_1_849' title='bbox 3111 4100 3217 4144; x_wconf 90' lang='lat' dir='ltr'><strong>tam</strong></span> <span class='ocrx_word' id='word_1_850' title='bbox 3248 4090 3413 4144; x_wconf 87' lang='lat' dir='ltr'><strong>multa</strong></span> 
     </span>
    </p>
   </div>
   <div class='ocr_carea' id='block_1_102' title="bbox 1842 4176 3416 4254">
    <p class='ocr_par' dir='ltr' id='par_1_102' title="bbox 1842 4176 3416 4254">
     <span class='ocr_line' id='line_1_102' title="bbox 1842 4176 3416 4254; baseline 0.006 -23"><span class='ocrx_word' id='word_1_851' title='bbox 1842 4176 1986 4245; x_wconf 80' lang='lat' dir='ltr'><strong>fecit,</strong></span> <span class='ocrx_word' id='word_1_852' title='bbox 2017 4186 2071 4232; x_wconf 89' lang='lat' dir='ltr'><strong>et</strong></span> <span class='ocrx_word' id='word_1_853' title='bbox 2114 4177 2204 4248; x_wconf 91' lang='lat' dir='ltr'><strong>qui</strong></span> <span class='ocrx_word' id='word_1_854' title='bbox 2237 4186 2438 4232; x_wconf 90' lang='lat' dir='ltr'><strong>tantum</strong></span> <span class='ocrx_word' id='word_1_855' title='bbox 2470 4180 2662 4248; x_wconf 88' lang='lat' dir='ltr'><strong>potuit,</strong></span> <span class='ocrx_word' id='word_1_856' title='bbox 2711 4189 2765 4235; x_wconf 88' lang='lat' dir='ltr'><strong>et</strong></span> <span class='ocrx_word' id='word_1_857' title='bbox 2808 4182 2874 4236; x_wconf 90' lang='lat' dir='ltr'><strong>ad</strong></span> <span class='ocrx_word' id='word_1_858' title='bbox 2924 4183 3202 4240; x_wconf 73' lang='lat' dir='ltr'><strong>inferiores</strong></span> <span class='ocrx_word' id='word_1_859' title='bbox 3246 4201 3416 4254; x_wconf 87' lang='lat' dir='ltr'><strong>usque</strong></span> 
     </span>
    </p>
   </div>
   <div class='ocr_carea' id='block_1_103' title="bbox 1843 4269 3416 4341">
    <p class='ocr_par' dir='ltr' id='par_1_103' title="bbox 1843 4269 3416 4341">
     <span class='ocr_line' id='line_1_103' title="bbox 1843 4269 3416 4341; baseline 0.006 -19"><span class='ocrx_word' id='word_1_860' title='bbox 1843 4277 1998 4324; x_wconf 71' lang='lat' dir='ltr'><strong>terras</strong></span> <span class='ocrx_word' id='word_1_861' title='bbox 2019 4278 2197 4338; x_wconf 84' lang='lat' dir='ltr'><strong>partes</strong></span> <span class='ocrx_word' id='word_1_862' title='bbox 2217 4285 2313 4338; x_wconf 92' lang='lat' dir='ltr'><strong>pro</strong></span> <span class='ocrx_word' id='word_1_863' title='bbox 2340 4269 2493 4325; x_wconf 89' lang='lat' dir='ltr'><strong>nobis</strong></span> <span class='ocrx_word' id='word_1_864' title='bbox 2519 4270 2846 4326; x_wconf 85' lang='lat' dir='ltr'><strong>descendere</strong></span> <span class='ocrx_word' id='word_1_865' title='bbox 2873 4288 2978 4327; x_wconf 94' lang='lat' dir='ltr'><strong>non</strong></span> <span class='ocrx_word' id='word_1_866' title='bbox 3009 4276 3291 4341; x_wconf 89' lang='lat' dir='ltr'><strong>recusavit,</strong></span> <span class='ocrx_word' id='word_1_867' title='bbox 3310 4291 3416 4331; x_wconf 89' lang='lat' dir='ltr'><strong>non</strong></span> 
     </span>
    </p>
   </div>
   <div class='ocr_carea' id='block_1_104' title="bbox 1842 4359 3414 4422">
    <p class='ocr_par' dir='ltr' id='par_1_104' title="bbox 1842 4359 3414 4422">
     <span class='ocr_line' id='line_1_104' title="bbox 1842 4359 3414 4422; baseline 0.006 -9"><span class='ocrx_word' id='word_1_868' title='bbox 1842 4367 2044 4415; x_wconf 89' lang='lat' dir='ltr'><strong>temere</strong></span> <span class='ocrx_word' id='word_1_869' title='bbox 2068 4359 2195 4415; x_wconf 80' lang='lat' dir='ltr'><strong>fecit</strong></span> <span class='ocrx_word' id='word_1_870' title='bbox 2219 4360 2619 4415; x_wconf 87' lang='lat' dir='ltr'><strong>distributiones</strong></span> <span class='ocrx_word' id='word_1_871' title='bbox 2645 4363 3048 4419; x_wconf 86' lang='lat' dir='ltr'><strong>charismatum.</strong></span> <span class='ocrx_word' id='word_1_872' title='bbox 3072 4365 3210 4419; x_wconf 85' lang='lat' dir='ltr'><strong>Alibi</strong></span> <span class='ocrx_word' id='word_1_873' title='bbox 3239 4375 3414 4422; x_wconf 89' lang='lat' dir='ltr'><strong>autem</strong></span> 
     </span>
    </p>
   </div>
   <div class='ocr_carea' id='block_1_105' title="bbox 1841 4449 3416 4526">
    <p class='ocr_par' dir='ltr' id='par_1_105' title="bbox 1841 4449 3416 4526">
     <span class='ocr_line' id='line_1_105' title="bbox 1841 4449 3416 4526; baseline 0.003 -21"><span class='ocrx_word' id='word_1_874' title='bbox 1841 4449 1969 4506; x_wconf 89' lang='lat' dir='ltr'><strong>dicit</strong></span> <span class='ocrx_word' id='word_1_875' title='bbox 1997 4450 2135 4521; x_wconf 90' lang='lat' dir='ltr'><strong>quod</strong></span> <span class='ocrx_word' id='word_1_876' title='bbox 2158 4450 2259 4506; x_wconf 86' lang='lat' dir='ltr'><strong>hoc</strong></span> <span class='ocrx_word' id='word_1_877' title='bbox 2281 4460 2528 4521; x_wconf 88' lang='lat' dir='ltr'><strong>operatus</strong></span> <span class='ocrx_word' id='word_1_878' title='bbox 2545 4453 2614 4506; x_wconf 90' lang='lat' dir='ltr'><strong>sit</strong></span> <span class='ocrx_word' id='word_1_879' title='bbox 2634 4451 2970 4521; x_wconf 86' lang='lat' dir='ltr'><strong>Spiritus,sic</strong></span> <span class='ocrx_word' id='word_1_880' title='bbox 2993 4455 3172 4509; x_wconf 91' lang='lat' dir='ltr'><strong>dicens</strong></span> <span class='ocrx_word' id='word_1_881' title='bbox 3197 4473 3211 4510; x_wconf 91' lang='lat'>:</span> <span class='ocrx_word' id='word_1_882' title='bbox 3235 4455 3298 4509; x_wconf 90' lang='lat' dir='ltr'><strong>In</strong></span> <span class='ocrx_word' id='word_1_883' title='bbox 3318 4474 3416 4526; x_wconf 78' lang='lat' dir='ltr'><strong>quo</strong></span> 
     </span>
    </p>
   </div>
   <div class='ocr_carea' id='block_1_106' title="bbox 1843 4542 3416 4614">
    <p class='ocr_par' dir='ltr' id='par_1_106' title="bbox 1843 4542 3416 4614">
     <span class='ocr_line' id='line_1_106' title="bbox 1843 4542 3416 4614; baseline 0.003 -19"><span class='ocrx_word' id='word_1_884' title='bbox 1843 4542 2007 4613; x_wconf 87' lang='lat' dir='ltr'><strong>posuit</strong></span> <span class='ocrx_word' id='word_1_885' title='bbox 2031 4559 2117 4596; x_wconf 86' lang='lat' dir='ltr'><strong>vos</strong></span> <span class='ocrx_word' id='word_1_886' title='bbox 2147 4542 2368 4612; x_wconf 87' lang='lat' dir='ltr'><strong>Spiritus</strong></span> <span class='ocrx_word' id='word_1_887' title='bbox 2406 4554 2613 4597; x_wconf 85' lang='lat' dir='ltr'><strong>sanctus</strong></span> <span class='ocrx_word' id='word_1_888' title='bbox 2639 4544 2899 4614; x_wconf 86' lang='lat' dir='ltr'><strong>episc0pos</strong></span> <span class='ocrx_word' id='word_1_889' title='bbox 2939 4562 3110 4614; x_wconf 87' lang='lat' dir='ltr'><strong>regere</strong></span> <span class='ocrx_word' id='word_1_890' title='bbox 3134 4546 3416 4601; x_wconf 81' lang='lat' dir='ltr'><strong>Ecclesium</strong></span> 
     </span>
    </p>
   </div>
   <div class='ocr_carea' id='block_1_107' title="bbox 1841 4633 3413 4704">
    <p class='ocr_par' dir='ltr' id='par_1_107' title="bbox 1841 4633 3413 4704">
     <span class='ocr_line' id='line_1_107' title="bbox 1841 4633 3413 4704; baseline 0.003 -17"><span class='ocrx_word' id='word_1_891' title='bbox 1841 4633 2048 4688; x_wconf 86' lang='lat' dir='ltr'><strong>Domini</strong></span> <span class='ocrx_word' id='word_1_892' title='bbox 2077 4633 2216 4704; x_wconf 82' lang='lat' dir='ltr'><strong>(Act.</strong></span> <span class='ocrx_word' id='word_1_893' title='bbox 2239 4633 2329 4689; x_wconf 74' lang='grc'><strong>20.</strong></span> <span class='ocrx_word' id='word_1_894' title='bbox 2357 4633 2451 4704; x_wconf 72' lang='lat'><strong>28)</strong></span> <span class='ocrx_word' id='word_1_895' title='bbox 2477 4652 2490 4687; x_wconf 92' lang='lat'><strong>:</strong></span> <span class='ocrx_word' id='word_1_896' title='bbox 2525 4633 2610 4688; x_wconf 89' lang='lat' dir='ltr'><strong>hic</strong></span> <span class='ocrx_word' id='word_1_897' title='bbox 2652 4644 2828 4689; x_wconf 86' lang='lat' dir='ltr'><strong>autem</strong></span> <span class='ocrx_word' id='word_1_898' title='bbox 2853 4634 2982 4690; x_wconf 87' lang='lat' dir='ltr'><strong>dicit</strong></span> <span class='ocrx_word' id='word_1_899' title='bbox 3020 4637 3163 4704; x_wconf 88' lang='lat' dir='ltr'><strong>quod</strong></span> <span class='ocrx_word' id='word_1_900' title='bbox 3205 4637 3413 4704; x_wconf 89' lang='lat' dir='ltr'><strong>Filius;</strong></span> 
     </span>
    </p>
   </div>
   <div class='ocr_carea' id='block_1_108' title="bbox 1839 4724 3417 4796">
    <p class='ocr_par' dir='ltr' id='par_1_108' title="bbox 1839 4724 3417 4796">
     <span class='ocr_line' id='line_1_108' title="bbox 1839 4724 3417 4796; baseline 0.003 -18"><span class='ocrx_word' id='word_1_901' title='bbox 1839 4725 1964 4779; x_wconf 92' lang='lat' dir='ltr'><strong>alibi</strong></span> <span class='ocrx_word' id='word_1_902' title='bbox 1984 4725 2125 4796; x_wconf 87' lang='lat' dir='ltr'><strong>quod</strong></span> <span class='ocrx_word' id='word_1_903' title='bbox 2153 4725 2292 4780; x_wconf 82' lang='lat' dir='ltr'><strong>Beus</strong></span> <span class='ocrx_word' id='word_1_904' title='bbox 2316 4741 2331 4790; x_wconf 89' lang='lat'><strong>;</strong></span> <span class='ocrx_word' id='word_1_905' title='bbox 2360 4735 2413 4780; x_wconf 91' lang='lat' dir='ltr'><strong>et</strong></span> <span class='ocrx_word' id='word_1_906' title='bbox 2440 4740 2675 4793; x_wconf 89' lang='lat' dir='ltr'><strong>rursum,</strong></span> <span class='ocrx_word' id='word_1_907' title='bbox 2713 4724 2835 4796; x_wconf 88' lang='lat' dir='ltr'><strong>Ipse</strong></span> <span class='ocrx_word' id='word_1_908' title='bbox 2862 4727 3000 4780; x_wconf 87' lang='lat' dir='ltr'><strong>dedit</strong></span> <span class='ocrx_word' id='word_1_909' title='bbox 3020 4725 3262 4782; x_wconf 76' lang='lat' dir='ltr'><strong>Ecclesia:</strong></span> <span class='ocrx_word' id='word_1_910' title='bbox 3288 4730 3417 4784; x_wconf 87' lang='lat' dir='ltr'><strong>alios</strong></span> 
     </span>
    </p>
   </div>
   <div class='ocr_carea' id='block_1_109' title="bbox 1838 4815 3408 4889">
    <p class='ocr_par' dir='ltr' id='par_1_109' title="bbox 1838 4815 3408 4889">
     <span class='ocr_line' id='line_1_109' title="bbox 1838 4815 3408 4889; baseline 0.005 -21"><span class='ocrx_word' id='word_1_911' title='bbox 1838 4815 2038 4884; x_wconf 89' lang='lat' dir='ltr'><strong>quidem</strong></span> <span class='ocrx_word' id='word_1_912' title='bbox 2084 4817 2356 4886; x_wconf 87' lang='lat' dir='ltr'><strong>apostolos,</strong></span> <span class='ocrx_word' id='word_1_913' title='bbox 2384 4817 2513 4870; x_wconf 89' lang='lat' dir='ltr'><strong>alios</strong></span> <span class='ocrx_word' id='word_1_914' title='bbox 2541 4818 2705 4871; x_wconf 83' lang='lat' dir='ltr'><strong>autem</strong></span> <span class='ocrx_word' id='word_1_915' title='bbox 2733 4818 3003 4887; x_wconf 84' lang='lat' dir='ltr'><strong>prophetas</strong></span> <span class='ocrx_word' id='word_1_916' title='bbox 3028 4818 3049 4889; x_wconf 95' lang='lat'><strong>(</strong></span> <span class='ocrx_word' id='word_1_917' title='bbox 3078 4821 3130 4873; x_wconf 91' lang='grc'><strong>1.</strong></span> <span class='ocrx_word' id='word_1_918' title='bbox 3161 4819 3280 4875; x_wconf 87' lang='lat' dir='ltr'><strong>Cor.</strong></span> <span class='ocrx_word' id='word_1_919' title='bbox 3324 4822 3408 4886; x_wconf 75' lang='grc'><strong>12,</strong></span> 
     </span>
    </p>
   </div>
   <div class='ocr_carea' id='block_1_110' title="bbox 1836 4907 3416 4982">
    <p class='ocr_par' dir='ltr' id='par_1_110' title="bbox 1836 4907 3416 4982">
     <span class='ocr_line' id='line_1_110' title="bbox 1836 4907 3416 4982; baseline 0.003 -20"><span class='ocrx_word' id='word_1_920' title='bbox 1836 4907 1953 4978; x_wconf 77' lang='grc'><strong>28).</strong></span> <span class='ocrx_word' id='word_1_921' title='bbox 1982 4909 2038 4964; x_wconf 85' lang='lat' dir='ltr'><strong>in</strong></span> <span class='ocrx_word' id='word_1_922' title='bbox 2062 4908 2300 4978; x_wconf 88' lang='lat' dir='ltr'><strong>Epistola</strong></span> <span class='ocrx_word' id='word_1_923' title='bbox 2324 4917 2499 4963; x_wconf 87' lang='lat' dir='ltr'><strong>autem</strong></span> <span class='ocrx_word' id='word_1_924' title='bbox 2529 4908 2596 4963; x_wconf 88' lang='lat' dir='ltr'><strong>ad</strong></span> <span class='ocrx_word' id='word_1_925' title='bbox 2622 4907 2925 4964; x_wconf 87' lang='lat' dir='ltr'><strong>Corinthios</strong></span> <span class='ocrx_word' id='word_1_926' title='bbox 2951 4911 3099 4977; x_wconf 92' lang='lat' dir='ltr'><strong>dicit,</strong></span> <span class='ocrx_word' id='word_1_927' title='bbox 3132 4911 3241 4982; x_wconf 83' lang='lat' dir='ltr'><strong>Ego</strong></span> <span class='ocrx_word' id='word_1_928' title='bbox 3263 4914 3416 4982; x_wconf 90' lang='lat' dir='ltr'><strong>plan-</strong></span> 
     </span>
    </p>
   </div>
   <div class='ocr_carea' id='block_1_111' title="bbox 1838 4998 3417 5072">
    <p class='ocr_par' dir='ltr' id='par_1_111' title="bbox 1838 4998 3417 5072">
     <span class='ocr_line' id='line_1_111' title="bbox 1838 4998 3417 5072; baseline 0.004 -18"><span class='ocrx_word' id='word_1_929' title='bbox 1838 5003 1959 5068; x_wconf 81' lang='lat' dir='ltr'><strong>lavi,</strong></span> <span class='ocrx_word' id='word_1_930' title='bbox 1982 5001 2166 5072; x_wconf 82' lang='lat' dir='ltr'><strong>Apollo</strong></span> <span class='ocrx_word' id='word_1_931' title='bbox 2217 5001 2427 5072; x_wconf 87' lang='lat' dir='ltr'><strong>rigavit,</strong></span> <span class='ocrx_word' id='word_1_932' title='bbox 2458 4998 2598 5056; x_wconf 88' lang='lat' dir='ltr'><strong>Deus</strong></span> <span class='ocrx_word' id='word_1_933' title='bbox 2648 5013 2816 5056; x_wconf 87' lang='lat' dir='ltr'><strong>autem</strong></span> <span class='ocrx_word' id='word_1_934' title='bbox 2866 5004 3224 5059; x_wconf 86' lang='lat' dir='ltr'><strong>incrementum</strong></span> <span class='ocrx_word' id='word_1_935' title='bbox 3277 5007 3417 5062; x_wconf 87' lang='lat' dir='ltr'><strong>dedit</strong></span> 
     </span>
    </p>
   </div>
   <div class='ocr_carea' id='block_1_112' title="bbox 1813 5088 3413 5168">
    <p class='ocr_par' dir='ltr' id='par_1_112' title="bbox 1813 5088 3413 5168">
     <span class='ocr_line' id='line_1_112' title="bbox 1813 5088 3413 5168; baseline 0.004 -23"><span class='ocrx_word' id='word_1_936' title='bbox 1813 5088 1925 5160; x_wconf 87' lang='lat' dir='ltr'><strong>(Id.</strong></span> <span class='ocrx_word' id='word_1_937' title='bbox 1955 5090 2008 5148; x_wconf 78' lang='grc'><strong>5.</strong></span> <span class='ocrx_word' id='word_1_938' title='bbox 2039 5093 2091 5148; x_wconf 91' lang='grc'><strong>6.</strong></span> <span class='ocrx_word' id='word_1_939' title='bbox 2120 5093 2153 5148; x_wconf 90' lang='grc'>8</span> <span class='ocrx_word' id='word_1_940' title='bbox 2181 5093 2234 5160; x_wconf 90' lang='grc'><strong>);</strong></span> <span class='ocrx_word' id='word_1_941' title='bbox 2265 5103 2318 5148; x_wconf 92' lang='lat' dir='ltr'><strong>et</strong></span> <span class='ocrx_word' id='word_1_942' title='bbox 2343 5109 2549 5160; x_wconf 90' lang='lat' dir='ltr'><strong>rursus,</strong></span> <span class='ocrx_word' id='word_1_943' title='bbox 2594 5093 2692 5162; x_wconf 88' lang='lat' dir='ltr'><strong>Qui</strong></span> <span class='ocrx_word' id='word_1_944' title='bbox 2717 5095 2912 5164; x_wconf 88' lang='lat' dir='ltr'><strong>plantat</strong></span> <span class='ocrx_word' id='word_1_945' title='bbox 2953 5107 3120 5151; x_wconf 88' lang='lat' dir='ltr'><strong>autem</strong></span> <span class='ocrx_word' id='word_1_946' title='bbox 3160 5107 3204 5151; x_wconf 90' lang='lat' dir='ltr'><strong>et</strong></span> <span class='ocrx_word' id='word_1_947' title='bbox 3229 5099 3314 5168; x_wconf 92' lang='lat' dir='ltr'><strong>qui</strong></span> <span class='ocrx_word' id='word_1_948' title='bbox 3340 5101 3413 5152; x_wconf 87' lang='lat' dir='ltr'><strong>ri-</strong></span> 
     </span>
    </p>
   </div>
   <div class='ocr_carea' id='block_1_113' title="bbox 1837 5186 3412 5257">
    <p class='ocr_par' dir='ltr' id='par_1_113' title="bbox 1837 5186 3412 5257">
     <span class='ocr_line' id='line_1_113' title="bbox 1837 5186 3412 5257; baseline 0.002 -20"><span class='ocrx_word' id='word_1_949' title='bbox 1837 5193 1922 5255; x_wconf 84' lang='lat' dir='ltr'><strong>gat</strong></span> <span class='ocrx_word' id='word_1_950' title='bbox 1941 5200 2097 5238; x_wconf 88' lang='lat' dir='ltr'><strong>unum</strong></span> <span class='ocrx_word' id='word_1_951' title='bbox 2123 5195 2276 5238; x_wconf 88' lang='lat' dir='ltr'><strong>sunt:</strong></span> <span class='ocrx_word' id='word_1_952' title='bbox 2306 5186 2642 5255; x_wconf 87' lang='lat' dir='ltr'><strong>unusquisque</strong></span> <span class='ocrx_word' id='word_1_953' title='bbox 2660 5195 2824 5238; x_wconf 87' lang='lat' dir='ltr'><strong>autem</strong></span> <span class='ocrx_word' id='word_1_954' title='bbox 2851 5189 3109 5257; x_wconf 87' lang='lat' dir='ltr'><strong>propriam</strong></span> <span class='ocrx_word' id='word_1_955' title='bbox 3137 5188 3412 5240; x_wconf 83' lang='lat' dir='ltr'><strong>mercedem</strong></span> 
     </span>
    </p>
   </div>
   <div class='ocr_carea' id='block_1_114' title="bbox 1901 5356 3410 5422">
    <p class='ocr_par' dir='ltr' id='par_1_114' title="bbox 1901 5356 3410 5422">
     <span class='ocr_line' id='line_1_114' title="bbox 1901 5356 3410 5422; baseline 0.001 -14"><span class='ocrx_word' id='word_1_956' title='bbox 1901 5359 1972 5422; x_wconf 83' lang='grc' dir='ltr'><strong>(α)</strong></span> <span class='ocrx_word' id='word_1_957' title='bbox 1997 5356 2073 5408; x_wconf 88' lang='lat' dir='ltr'><strong>De</strong></span> <span class='ocrx_word' id='word_1_958' title='bbox 2104 5358 2252 5422; x_wconf 18' lang='lat' dir='ltr'><strong>Pauli,</strong></span> <span class='ocrx_word' id='word_1_959' title='bbox 2279 5359 2579 5409; x_wconf 87' lang='lat' dir='ltr'><strong>Samosateni</strong></span> <span class='ocrx_word' id='word_1_960' title='bbox 2602 5360 2782 5410; x_wconf 64' lang='lat' dir='ltr'><strong>haeresi</strong></span> <span class='ocrx_word' id='word_1_961' title='bbox 2817 5367 2892 5411; x_wconf 90' lang='lat' dir='ltr'><strong>sat</strong></span> <span class='ocrx_word' id='word_1_962' title='bbox 2914 5362 3102 5411; x_wconf 78' lang='lat' dir='ltr'><strong>diversa</strong></span> <span class='ocrx_word' id='word_1_963' title='bbox 3127 5360 3410 5411; x_wconf 78' lang='lat' dir='ltr'><strong>referuntur</strong></span> 
     </span>
    </p>
   </div>
   <div class='ocr_carea' id='block_1_115' title="bbox 1835 5421 3411 5484">
    <p class='ocr_par' dir='ltr' id='par_1_115' title="bbox 1835 5421 3411 5484">
     <span class='ocr_line' id='line_1_115' title="bbox 1835 5421 3411 5484; baseline 0 -13"><span class='ocrx_word' id='word_1_964' title='bbox 1835 5435 1864 5471; x_wconf 87' lang='lat' dir='ltr'><strong>a</strong></span> <span class='ocrx_word' id='word_1_965' title='bbox 1879 5421 2194 5484; x_wconf 67' lang='lat' dir='ltr'><strong>seruatoribus</strong></span> <span class='ocrx_word' id='word_1_966' title='bbox 2217 5421 2578 5484; x_wconf 81' lang='lat' dir='ltr'><strong>Ecclesiasticis</strong></span> <span class='ocrx_word' id='word_1_967' title='bbox 2598 5459 2610 5482; x_wconf 91' lang='lat'><strong>,</strong></span> <span class='ocrx_word' id='word_1_968' title='bbox 2636 5422 2914 5484; x_wconf 81' lang='lat' dir='ltr'><strong>Athanasio.</strong></span> <span class='ocrx_word' id='word_1_969' title='bbox 2938 5423 3178 5476; x_wconf 79' lang='lat' dir='ltr'><strong>Eusebio.</strong></span> <span class='ocrx_word' id='word_1_970' title='bbox 3204 5422 3411 5484; x_wconf 76' lang='lat' dir='ltr'><strong>Epipha-</strong></span> 
     </span>
    </p>
   </div>
   <div class='ocr_carea' id='block_1_116' title="bbox 1835 5482 3410 5541">
    <p class='ocr_par' dir='ltr' id='par_1_116' title="bbox 1835 5482 3410 5541">
     <span class='ocr_line' id='line_1_116' title="bbox 1835 5482 3410 5541; baseline 0 -9"><span class='ocrx_word' id='word_1_971' title='bbox 1835 5486 1930 5541; x_wconf 91' lang='lat' dir='ltr'><strong>nio,</strong></span> <span class='ocrx_word' id='word_1_972' title='bbox 1946 5491 1996 5532; x_wconf 89' lang='lat' dir='ltr'><strong>et</strong></span> <span class='ocrx_word' id='word_1_973' title='bbox 2019 5482 2504 5541; x_wconf 86' lang='lat' dir='ltr'><strong>Philastrio.Quidam</strong></span> <span class='ocrx_word' id='word_1_974' title='bbox 2520 5498 2641 5533; x_wconf 80' lang='lat' dir='ltr'><strong>vero</strong></span> <span class='ocrx_word' id='word_1_975' title='bbox 2663 5485 2826 5534; x_wconf 92' lang='lat' dir='ltr'><strong>dicunt</strong></span> <span class='ocrx_word' id='word_1_976' title='bbox 2846 5483 2975 5532; x_wconf 91' lang='lat' dir='ltr'><strong>illum</strong></span> <span class='ocrx_word' id='word_1_977' title='bbox 2999 5493 3050 5532; x_wconf 92' lang='lat' dir='ltr'><strong>ut</strong></span> <span class='ocrx_word' id='word_1_978' title='bbox 3075 5491 3124 5532; x_wconf 89' lang='lat' dir='ltr'><strong>et</strong></span> <span class='ocrx_word' id='word_1_979' title='bbox 3143 5482 3410 5533; x_wconf 80' lang='lat' dir='ltr'><strong>Sabeiiium</strong></span> 
     </span>
    </p>
   </div>
   <div class='ocr_carea' id='block_1_117' title="bbox 1837 5542 3411 5608">
    <p class='ocr_par' dir='ltr' id='par_1_117' title="bbox 1837 5542 3411 5608">
     <span class='ocr_line' id='line_1_117' title="bbox 1837 5542 3411 5608; baseline 0.001 -15"><span class='ocrx_word' id='word_1_980' title='bbox 1837 5545 2142 5594; x_wconf 88' lang='lat' dir='ltr'><strong>identitatem</strong></span> <span class='ocrx_word' id='word_1_981' title='bbox 2164 5545 2320 5608; x_wconf 56' lang='lat' dir='ltr'><strong>Patgis</strong></span> <span class='ocrx_word' id='word_1_982' title='bbox 2333 5542 2500 5593; x_wconf 86' lang='lat' dir='ltr'><strong>etFilii</strong></span> <span class='ocrx_word' id='word_1_983' title='bbox 2525 5552 2578 5594; x_wconf 89' lang='lat' dir='ltr'><strong>et</strong></span> <span class='ocrx_word' id='word_1_984' title='bbox 2597 5546 2719 5608; x_wconf 85' lang='lat' dir='ltr'><strong>Splri</strong></span> <span class='ocrx_word' id='word_1_985' title='bbox 2728 5555 2802 5594; x_wconf 88' lang='lat' dir='ltr'><strong>tus</strong></span> <span class='ocrx_word' id='word_1_986' title='bbox 2819 5549 2970 5608; x_wconf 70' lang='lat' dir='ltr'><strong>sancti</strong></span> <span class='ocrx_word' id='word_1_987' title='bbox 2994 5544 3262 5608; x_wconf 78' lang='lat' dir='ltr'><strong>induxisse.</strong></span> <span class='ocrx_word' id='word_1_988' title='bbox 3278 5544 3411 5608; x_wconf 80' lang='lat' dir='ltr'><strong>Chri-</strong></span> 
     </span>
    </p>
   </div>
   <div class='ocr_carea' id='block_1_118' title="bbox 1835 5605 3409 5670">
    <p class='ocr_par' dir='ltr' id='par_1_118' title="bbox 1835 5605 3409 5670">
     <span class='ocr_line' id='line_1_118' title="bbox 1835 5605 3409 5670; baseline 0.001 -16"><span class='ocrx_word' id='word_1_989' title='bbox 1835 5614 1962 5670; x_wconf 75' lang='lat' dir='ltr'><strong>stum</strong></span> <span class='ocrx_word' id='word_1_990' title='bbox 2003 5605 2411 5670; x_wconf 62' lang='lat' dir='ltr'><strong>negassepeum</strong></span> <span class='ocrx_word' id='word_1_991' title='bbox 2451 5619 2569 5670; x_wconf 77' lang='lat' dir='ltr'><strong>esse</strong></span> <span class='ocrx_word' id='word_1_992' title='bbox 2600 5605 2774 5670; x_wconf 77' lang='lat' dir='ltr'><strong>dicitur</strong></span> <span class='ocrx_word' id='word_1_993' title='bbox 2797 5621 2822 5654; x_wconf 91' lang='lat' dir='ltr'><strong>a</strong></span> <span class='ocrx_word' id='word_1_994' title='bbox 2847 5605 3160 5670; x_wconf 59' lang='lat' dir='ltr'><strong>fl‘heodoreto</strong></span> <span class='ocrx_word' id='word_1_995' title='bbox 3185 5605 3268 5654; x_wconf 89' lang='lat' dir='ltr'><strong>lib.</strong></span> <span class='ocrx_word' id='word_1_996' title='bbox 3293 5608 3323 5656; x_wconf 73' lang='lat'><strong>2</strong></span> <span class='ocrx_word' id='word_1_997' title='bbox 3344 5607 3409 5656; x_wconf 85' lang='lat' dir='ltr'><strong>de</strong></span> 
     </span>
    </p>
   </div>
   <div class='ocr_carea' id='block_1_119' title="bbox 1835 5666 3409 5726">
    <p class='ocr_par' dir='ltr' id='par_1_119' title="bbox 1835 5666 3409 5726">
     <span class='ocr_line' id='line_1_119' title="bbox 1835 5666 3409 5726; baseline 0.003 -10"><span class='ocrx_word' id='word_1_998' title='bbox 1835 5666 2096 5717; x_wconf 72' lang='lat' dir='ltr'><strong>Haereticis</strong></span> <span class='ocrx_word' id='word_1_999' title='bbox 2115 5666 2289 5717; x_wconf 87' lang='lat' dir='ltr'><strong>fabulis</strong></span> <span class='ocrx_word' id='word_1_1000' title='bbox 2306 5706 2320 5726; x_wconf 89' lang='lat'><strong>,</strong></span> <span class='ocrx_word' id='word_1_1001' title='bbox 2349 5666 2399 5717; x_wconf 85' lang='lat' dir='ltr'><strong>et</strong></span> <span class='ocrx_word' id='word_1_1002' title='bbox 2421 5666 2553 5717; x_wconf 88' lang='lat' dir='ltr'><strong>clare</strong></span> <span class='ocrx_word' id='word_1_1003' title='bbox 2581 5682 2607 5716; x_wconf 91' lang='lat' dir='ltr'><strong>a</strong></span> <span class='ocrx_word' id='word_1_1004' title='bbox 2631 5668 2910 5717; x_wconf 82' lang='lat' dir='ltr'><strong>Philastrio.</strong></span> <span class='ocrx_word' id='word_1_1005' title='bbox 2936 5667 3090 5725; x_wconf 85' lang='lat' dir='ltr'><strong>Quum</strong></span> <span class='ocrx_word' id='word_1_1006' title='bbox 3112 5670 3409 5720; x_wconf 76' lang='lat' dir='ltr'><strong>sententiain</strong></span> 
     </span>
    </p>
   </div>
   <div class='ocr_carea' id='block_1_120' title="bbox 1835 5726 3401 5793">
    <p class='ocr_par' dir='ltr' id='par_1_120' title="bbox 1835 5726 3401 5793">
     <span class='ocr_line' id='line_1_120' title="bbox 1835 5726 3401 5793; baseline 0.002 -16"><span class='ocrx_word' id='word_1_1007' title='bbox 1835 5730 1919 5793; x_wconf 84' lang='lat' dir='ltr'><strong>hic</strong></span> <span class='ocrx_word' id='word_1_1008' title='bbox 1934 5737 2180 5793; x_wconf 73' lang='lat' dir='ltr'><strong>oppugnat</strong></span> <span class='ocrx_word' id='word_1_1009' title='bbox 2202 5729 2641 5793; x_wconf 16' lang='lat' dir='ltr'><strong>Chrysostomus‘et</strong></span> <span class='ocrx_word' id='word_1_1010' title='bbox 2663 5730 2814 5793; x_wconf 82' lang='lat' dir='ltr'><strong>carpit</strong></span> <span class='ocrx_word' id='word_1_1011' title='bbox 2839 5741 2900 5776; x_wconf 88' lang='lat' dir='ltr'><strong>ex</strong></span> <span class='ocrx_word' id='word_1_1012' title='bbox 2941 5729 3016 5777; x_wconf 90' lang='lat' dir='ltr'><strong>his</strong></span> <span class='ocrx_word' id='word_1_1013' title='bbox 3041 5726 3174 5778; x_wconf 86' lang='lat' dir='ltr'><strong>Pauli</strong></span> <span class='ocrx_word' id='word_1_1014' title='bbox 3201 5732 3364 5793; x_wconf 79' lang='lat' dir='ltr'><strong>verbis</strong></span> <span class='ocrx_word' id='word_1_1015' title='bbox 3384 5765 3401 5789; x_wconf 87' lang='lat'><strong>,</strong></span> 
     </span>
    </p>
   </div>
   <div class='ocr_carea' id='block_1_121' title="bbox 1834 5790 3403 5860">
    <p class='ocr_par' dir='ltr' id='par_1_121' title="bbox 1834 5790 3403 5860">
     <span class='ocr_line' id='line_1_121' title="bbox 1834 5790 3403 5860; baseline 0.004 -23"><span class='ocrx_word' id='word_1_1016' title='bbox 1834 5790 1920 5860; x_wconf 74' lang='lat' dir='ltr'><strong>Qui</strong></span> <span class='ocrx_word' id='word_1_1017' title='bbox 1941 5790 2204 5860; x_wconf 76' lang='lat' dir='ltr'><strong>descendit,</strong></span> <span class='ocrx_word' id='word_1_1018' title='bbox 2222 5790 2324 5860; x_wconf 75' lang='lat' dir='ltr'><strong>ipse</strong></span> <span class='ocrx_word' id='word_1_1019' title='bbox 2346 5798 2416 5843; x_wconf 87' lang='lat' dir='ltr'><strong>est</strong></span> <span class='ocrx_word' id='word_1_1020' title='bbox 2437 5798 2482 5843; x_wconf 79' lang='lat' dir='ltr'><strong>et</strong></span> <span class='ocrx_word' id='word_1_1021' title='bbox 2501 5791 2582 5855; x_wconf 87' lang='lat' dir='ltr'><strong>qui</strong></span> <span class='ocrx_word' id='word_1_1022' title='bbox 2604 5790 2816 5841; x_wconf 72' lang='lat' dir='ltr'><strong>ascendit</strong></span> <span class='ocrx_word' id='word_1_1023' title='bbox 2839 5803 2982 5854; x_wconf 78' lang='lat' dir='ltr'><strong>super</strong></span> <span class='ocrx_word' id='word_1_1024' title='bbox 3006 5805 3165 5843; x_wconf 76' lang='lat' dir='ltr'><strong>omnes</strong></span> <span class='ocrx_word' id='word_1_1025' title='bbox 3191 5791 3328 5847; x_wconf 61' lang='lat' dir='ltr'><strong>catos</strong></span> <span class='ocrx_word' id='word_1_1026' title='bbox 3349 5796 3403 5844; x_wconf 63' lang='grc' dir='ltr'><strong>ει</strong></span> 
     </span>
    </p>
   </div>
   <div class='ocr_carea' id='block_1_122' title="bbox 1835 5852 2314 5912">
    <p class='ocr_par' dir='ltr' id='par_1_122' title="bbox 1835 5852 2314 5912">
     <span class='ocr_line' id='line_1_122' title="bbox 1835 5852 2314 5912; baseline 0 -10"><span class='ocrx_word' id='word_1_1027' title='bbox 1835 5852 2117 5912; x_wconf 74' lang='lat' dir='ltr'><strong>adimpleret</strong></span> <span class='ocrx_word' id='word_1_1028' title='bbox 2140 5852 2314 5902; x_wconf 84' lang='lat' dir='ltr'><strong>omnia.</strong></span> 
     </span>
    </p>
   </div>
  </div>
