  <div class='ocr_page' id='page_1' title='image "/cluster/home/n/w/nwhite01/storage/ocr_20150623/62/hvd.32044019207836/089.png"; bbox 0 0 4002 6560; ppageno 0'>
   <div class='ocr_carea' id='block_1_1' title="bbox 496 373 564 429">
    <p class='ocr_par' dir='ltr' id='par_1_1' title="bbox 496 373 564 429">
     <span class='ocr_line' id='line_1_1' title="bbox 496 373 564 429; baseline 0 0"><span class='ocrx_word' id='word_1_1' title='bbox 496 373 564 429; x_wconf 74' lang='grc'><strong>83</strong></span> 
     </span>
    </p>
   </div>
   <div class='ocr_carea' id='block_1_2' title="bbox 501 467 2077 561">
    <p class='ocr_par' dir='ltr' id='par_1_2' title="bbox 501 467 2077 561">
     <span class='ocr_line' id='line_1_2' title="bbox 501 467 2077 561; baseline -0.015 -17"><span class='ocrx_word' id='word_1_2' title='bbox 501 489 709 561; x_wconf 72' lang='lat' dir='ltr'><strong>accipiet</strong></span> <span class='ocrx_word' id='word_1_3' title='bbox 736 484 1009 541; x_wconf 79' lang='lat' dir='ltr'><strong>secundum</strong></span> <span class='ocrx_word' id='word_1_4' title='bbox 1032 498 1176 535; x_wconf 85' lang='lat' dir='ltr'><strong>suum</strong></span> <span class='ocrx_word' id='word_1_5' title='bbox 1199 480 1419 532; x_wconf 83' lang='lat' dir='ltr'><strong>laborem</strong></span> <span class='ocrx_word' id='word_1_6' title='bbox 1448 475 1523 548; x_wconf 69' lang='grc'><strong>(2.</strong></span> <span class='ocrx_word' id='word_1_7' title='bbox 1551 474 1668 530; x_wconf 90' lang='lat' dir='ltr'><strong>Cor.</strong></span> <span class='ocrx_word' id='word_1_8' title='bbox 1694 475 1747 529; x_wconf 82' lang='lat'><strong>&#39;5.</strong></span> <span class='ocrx_word' id='word_1_9' title='bbox 1782 471 1861 541; x_wconf 88' lang='grc'><strong>6).</strong></span> <span class='ocrx_word' id='word_1_10' title='bbox 1892 469 1969 523; x_wconf 80' lang='lat' dir='ltr'><strong>Ita</strong></span> <span class='ocrx_word' id='word_1_11' title='bbox 1989 467 2077 561; x_wconf 79' lang='lat' dir='ltr'><strong>hic</strong></span> 
     </span>
    </p>
   </div>
   <div class='ocr_carea' id='block_1_3' title="bbox 504 558 2078 649">
    <p class='ocr_par' dir='ltr' id='par_1_3' title="bbox 504 558 2078 649">
     <span class='ocr_line' id='line_1_3' title="bbox 504 558 2078 649; baseline -0.013 -16"><span class='ocrx_word' id='word_1_12' title='bbox 504 558 739 649; x_wconf 79' lang='lat' dir='ltr'><strong>quoque.</strong></span> <span class='ocrx_word' id='word_1_13' title='bbox 768 577 903 643; x_wconf 85' lang='lat' dir='ltr'><strong>Quid</strong></span> <span class='ocrx_word' id='word_1_14' title='bbox 944 574 1106 637; x_wconf 88' lang='lat' dir='ltr'><strong>enim,</strong></span> <span class='ocrx_word' id='word_1_15' title='bbox 1140 572 1185 626; x_wconf 89' lang='lat' dir='ltr'><strong>si</strong></span> <span class='ocrx_word' id='word_1_16' title='bbox 1216 571 1373 625; x_wconf 74' lang='lat' dir='ltr'><strong>affers</strong></span> <span class='ocrx_word' id='word_1_17' title='bbox 1403 566 1610 623; x_wconf 83' lang='lat' dir='ltr'><strong>minus?</strong></span> <span class='ocrx_word' id='word_1_18' title='bbox 1640 572 1842 620; x_wconf 89' lang='lat' dir='ltr'><strong>tantum</strong></span> <span class='ocrx_word' id='word_1_19' title='bbox 1868 558 2078 626; x_wconf 89' lang='lat' dir='ltr'><strong>accepi-</strong></span> 
     </span>
    </p>
   </div>
   <div class='ocr_carea' id='block_1_4' title="bbox 504 651 2079 735">
    <p class='ocr_par' dir='ltr' id='par_1_4' title="bbox 504 651 2079 735">
     <span class='ocr_line' id='line_1_4' title="bbox 504 651 2079 735; baseline -0.015 -10"><span class='ocrx_word' id='word_1_20' title='bbox 504 672 593 724; x_wconf 87' lang='lat' dir='ltr'><strong>sti.</strong></span> <span class='ocrx_word' id='word_1_21' title='bbox 624 668 855 723; x_wconf 87' lang='lat' dir='ltr'><strong>Primum</strong></span> <span class='ocrx_word' id='word_1_22' title='bbox 882 664 1170 735; x_wconf 74' lang='lat' dir='ltr'><strong>apostolos;</strong></span> <span class='ocrx_word' id='word_1_23' title='bbox 1197 659 1251 716; x_wconf 85' lang='lat' dir='ltr'><strong>hi</strong></span> <span class='ocrx_word' id='word_1_24' title='bbox 1281 660 1420 715; x_wconf 89' lang='lat' dir='ltr'><strong>enim</strong></span> <span class='ocrx_word' id='word_1_25' title='bbox 1451 657 1719 712; x_wconf 86' lang='lat' dir='ltr'><strong>habebant</strong></span> <span class='ocrx_word' id='word_1_26' title='bbox 1746 651 1922 709; x_wconf 85' lang='lat' dir='ltr'><strong>omnia</strong></span> <span class='ocrx_word' id='word_1_27' title='bbox 1957 668 1970 703; x_wconf 92' lang='lat'><strong>:</strong></span> <span class='ocrx_word' id='word_1_28' title='bbox 2001 666 2079 703; x_wconf 89' lang='lat' dir='ltr'><strong>se-</strong></span> 
     </span>
    </p>
   </div>
   <div class='ocr_carea' id='block_1_5' title="bbox 505 742 2078 831">
    <p class='ocr_par' dir='ltr' id='par_1_5' title="bbox 505 742 2078 831">
     <span class='ocr_line' id='line_1_5' title="bbox 505 742 2078 831; baseline -0.012 -17"><span class='ocrx_word' id='word_1_29' title='bbox 505 758 671 816; x_wconf 88' lang='lat' dir='ltr'><strong>cundo</strong></span> <span class='ocrx_word' id='word_1_30' title='bbox 697 759 1002 831; x_wconf 75' lang='lat' dir='ltr'><strong>prophetas;</strong></span> <span class='ocrx_word' id='word_1_31' title='bbox 1028 765 1183 810; x_wconf 90' lang='lat' dir='ltr'><strong>erant</strong></span> <span class='ocrx_word' id='word_1_32' title='bbox 1210 754 1353 808; x_wconf 90' lang='lat' dir='ltr'><strong>enim</strong></span> <span class='ocrx_word' id='word_1_33' title='bbox 1384 751 1543 820; x_wconf 90' lang='lat' dir='ltr'><strong>aliqui</strong></span> <span class='ocrx_word' id='word_1_34' title='bbox 1579 750 1670 819; x_wconf 90' lang='lat' dir='ltr'><strong>qui</strong></span> <span class='ocrx_word' id='word_1_35' title='bbox 1710 744 1932 815; x_wconf 80' lang='lat' dir='ltr'><strong>apostoli</strong></span> <span class='ocrx_word' id='word_1_36' title='bbox 1959 742 2078 812; x_wconf 88' lang='lat' dir='ltr'><strong>qui-</strong></span> 
     </span>
    </p>
   </div>
   <div class='ocr_carea' id='block_1_6' title="bbox 507 834 2077 913">
    <p class='ocr_par' dir='ltr' id='par_1_6' title="bbox 507 834 2077 913">
     <span class='ocr_line' id='line_1_6' title="bbox 507 834 2077 913; baseline -0.013 -6"><span class='ocrx_word' id='word_1_37' title='bbox 507 853 630 907; x_wconf 86' lang='lat' dir='ltr'><strong>dem</strong></span> <span class='ocrx_word' id='word_1_38' title='bbox 659 865 764 904; x_wconf 92' lang='lat' dir='ltr'><strong>non</strong></span> <span class='ocrx_word' id='word_1_39' title='bbox 793 858 945 902; x_wconf 86' lang='lat' dir='ltr'><strong>erant</strong></span> <span class='ocrx_word' id='word_1_40' title='bbox 967 889 981 910; x_wconf 90' lang='lat'><strong>,</strong></span> <span class='ocrx_word' id='word_1_41' title='bbox 1007 856 1159 900; x_wconf 88' lang='lat' dir='ltr'><strong>erant</strong></span> <span class='ocrx_word' id='word_1_42' title='bbox 1187 855 1363 899; x_wconf 90' lang='lat' dir='ltr'><strong>autem</strong></span> <span class='ocrx_word' id='word_1_43' title='bbox 1395 841 1669 913; x_wconf 78' lang='lat' dir='ltr'><strong>prephetze</strong></span> <span class='ocrx_word' id='word_1_44' title='bbox 1690 880 1705 902; x_wconf 92' lang='lat'><strong>,</strong></span> <span class='ocrx_word' id='word_1_45' title='bbox 1732 846 1787 892; x_wconf 90' lang='lat' dir='ltr'><strong>ut</strong></span> <span class='ocrx_word' id='word_1_46' title='bbox 1822 834 2034 905; x_wconf 83' lang='lat' dir='ltr'><strong>Agabus</strong></span> <span class='ocrx_word' id='word_1_47' title='bbox 2063 849 2077 885; x_wconf 90' lang='lat'>:</span> 
     </span>
    </p>
   </div>
   <div class='ocr_carea' id='block_1_7' title="bbox 507 930 2077 1012">
    <p class='ocr_par' dir='ltr' id='par_1_7' title="bbox 507 930 2077 1012">
     <span class='ocr_line' id='line_1_7' title="bbox 507 930 2077 1012; baseline -0.011 -16"><span class='ocrx_word' id='word_1_48' title='bbox 507 945 651 996; x_wconf 76' lang='lat' dir='ltr'><strong>tertio</strong></span> <span class='ocrx_word' id='word_1_49' title='bbox 676 940 1025 1012; x_wconf 83' lang='lat' dir='ltr'><strong>evangelistas,</strong></span> <span class='ocrx_word' id='word_1_50' title='bbox 1056 940 1143 1008; x_wconf 89' lang='lat' dir='ltr'><strong>qui</strong></span> <span class='ocrx_word' id='word_1_51' title='bbox 1186 953 1289 992; x_wconf 92' lang='lat' dir='ltr'><strong>non</strong></span> <span class='ocrx_word' id='word_1_52' title='bbox 1329 950 1515 990; x_wconf 92' lang='lat' dir='ltr'><strong>omnes</strong></span> <span class='ocrx_word' id='word_1_53' title='bbox 1540 933 1760 988; x_wconf 88' lang='lat' dir='ltr'><strong>obibant</strong></span> <span class='ocrx_word' id='word_1_54' title='bbox 1800 930 2077 998; x_wconf 82' lang='lat' dir='ltr'><strong>regiones,</strong></span> 
     </span>
    </p>
   </div>
   <div class='ocr_carea' id='block_1_8' title="bbox 509 1018 2085 1101">
    <p class='ocr_par' dir='ltr' id='par_1_8' title="bbox 509 1018 2085 1101">
     <span class='ocr_line' id='line_1_8' title="bbox 509 1018 2085 1101; baseline -0.013 -12"><span class='ocrx_word' id='word_1_55' title='bbox 509 1033 605 1089; x_wconf 78' lang='lat' dir='ltr'><strong>sed</strong></span> <span class='ocrx_word' id='word_1_56' title='bbox 641 1030 1077 1101; x_wconf 81' lang='lat' dir='ltr'><strong>evangelizabant</strong></span> <span class='ocrx_word' id='word_1_57' title='bbox 1099 1070 1114 1094; x_wconf 93' lang='lat'><strong>,</strong></span> <span class='ocrx_word' id='word_1_58' title='bbox 1141 1038 1197 1082; x_wconf 91' lang='lat' dir='ltr'><strong>ut</strong></span> <span class='ocrx_word' id='word_1_59' title='bbox 1238 1025 1477 1083; x_wconf 79' lang='lat' dir='ltr'><strong>Priscilla</strong></span> <span class='ocrx_word' id='word_1_60' title='bbox 1504 1036 1556 1080; x_wconf 88' lang='lat' dir='ltr'><strong>et</strong></span> <span class='ocrx_word' id='word_1_61' title='bbox 1587 1023 1771 1093; x_wconf 84' lang='lat' dir='ltr'><strong>Aquila</strong></span> <span class='ocrx_word' id='word_1_62' title='bbox 1801 1039 1814 1075; x_wconf 91' lang='lat'><strong>:</strong></span> <span class='ocrx_word' id='word_1_63' title='bbox 1848 1018 2085 1073; x_wconf 86' lang='lat' dir='ltr'><strong>Pastores</strong></span> 
     </span>
    </p>
   </div>
   <div class='ocr_carea' id='block_1_9' title="bbox 508 1106 2085 1192">
    <p class='ocr_par' dir='ltr' id='par_1_9' title="bbox 508 1106 2085 1192">
     <span class='ocr_line' id='line_1_9' title="bbox 508 1106 2085 1192; baseline -0.01 -15"><span class='ocrx_word' id='word_1_64' title='bbox 508 1134 557 1178; x_wconf 86' lang='lat' dir='ltr'><strong>et</strong></span> <span class='ocrx_word' id='word_1_65' title='bbox 583 1123 832 1185; x_wconf 83' lang='lat' dir='ltr'><strong>doctores,</strong></span> <span class='ocrx_word' id='word_1_66' title='bbox 859 1136 1085 1192; x_wconf 90' lang='lat' dir='ltr'><strong>quorum</strong></span> <span class='ocrx_word' id='word_1_67' title='bbox 1112 1118 1231 1174; x_wconf 89' lang='lat' dir='ltr'><strong>ﬁdei</strong></span> <span class='ocrx_word' id='word_1_68' title='bbox 1262 1126 1368 1172; x_wconf 85' lang='lat' dir='ltr'><strong>tota</strong></span> <span class='ocrx_word' id='word_1_69' title='bbox 1398 1130 1529 1187; x_wconf 85' lang='lat' dir='ltr'><strong>gens</strong></span> <span class='ocrx_word' id='word_1_70' title='bbox 1552 1124 1667 1169; x_wconf 88' lang='lat' dir='ltr'><strong>erat</strong></span> <span class='ocrx_word' id='word_1_71' title='bbox 1694 1112 1915 1168; x_wconf 88' lang='lat' dir='ltr'><strong>credita.</strong></span> <span class='ocrx_word' id='word_1_72' title='bbox 1947 1106 2085 1175; x_wconf 86' lang='lat' dir='ltr'><strong>Quid</strong></span> 
     </span>
    </p>
   </div>
   <div class='ocr_carea' id='block_1_10' title="bbox 511 1202 2087 1285">
    <p class='ocr_par' dir='ltr' id='par_1_10' title="bbox 511 1202 2087 1285">
     <span class='ocr_line' id='line_1_10' title="bbox 511 1202 2087 1285; baseline -0.009 -16"><span class='ocrx_word' id='word_1_73' title='bbox 511 1213 674 1285; x_wconf 77' lang='lat' dir='ltr'><strong>ergo?</strong></span> <span class='ocrx_word' id='word_1_74' title='bbox 704 1222 858 1268; x_wconf 85' lang='lat' dir='ltr'><strong>erant</strong></span> <span class='ocrx_word' id='word_1_75' title='bbox 886 1221 1129 1282; x_wconf 76' lang='lat' dir='ltr'><strong>pastores</strong></span> <span class='ocrx_word' id='word_1_76' title='bbox 1156 1219 1209 1264; x_wconf 90' lang='lat' dir='ltr'><strong>et</strong></span> <span class='ocrx_word' id='word_1_77' title='bbox 1234 1209 1481 1264; x_wconf 87' lang='lat' dir='ltr'><strong>doctores</strong></span> <span class='ocrx_word' id='word_1_78' title='bbox 1510 1204 1832 1262; x_wconf 86' lang='lat' dir='ltr'><strong>inferiores?</strong></span> <span class='ocrx_word' id='word_1_79' title='bbox 1860 1202 2087 1257; x_wconf 76' lang='lat' dir='ltr'><strong>Maxime</strong></span> 
     </span>
    </p>
   </div>
   <div class='ocr_carea' id='block_1_11' title="bbox 513 1292 2088 1375">
    <p class='ocr_par' dir='ltr' id='par_1_11' title="bbox 513 1292 2088 1375">
     <span class='ocr_line' id='line_1_11' title="bbox 513 1292 2088 1375; baseline -0.009 -16"><span class='ocrx_word' id='word_1_80' title='bbox 513 1303 728 1375; x_wconf 86' lang='lat' dir='ltr'><strong>quidem</strong></span> <span class='ocrx_word' id='word_1_81' title='bbox 752 1345 768 1369; x_wconf 96' lang='lat'><strong>,</strong></span> <span class='ocrx_word' id='word_1_82' title='bbox 797 1303 862 1357; x_wconf 89' lang='lat' dir='ltr'><strong>iis</strong></span> <span class='ocrx_word' id='word_1_83' title='bbox 892 1303 980 1371; x_wconf 90' lang='lat' dir='ltr'><strong>qui</strong></span> <span class='ocrx_word' id='word_1_84' title='bbox 1010 1313 1195 1355; x_wconf 92' lang='lat' dir='ltr'><strong>omnes</strong></span> <span class='ocrx_word' id='word_1_85' title='bbox 1228 1299 1447 1354; x_wconf 89' lang='lat' dir='ltr'><strong>obibant</strong></span> <span class='ocrx_word' id='word_1_86' title='bbox 1470 1296 1715 1367; x_wconf 82' lang='lat' dir='ltr'><strong>regiones</strong></span> <span class='ocrx_word' id='word_1_87' title='bbox 1740 1304 1793 1349; x_wconf 89' lang='lat' dir='ltr'><strong>et</strong></span> <span class='ocrx_word' id='word_1_88' title='bbox 1817 1292 2088 1362; x_wconf 89' lang='lat' dir='ltr'><strong>evangeli-</strong></span> 
     </span>
    </p>
   </div>
   <div class='ocr_carea' id='block_1_12' title="bbox 516 1386 2089 1462">
    <p class='ocr_par' dir='ltr' id='par_1_12' title="bbox 516 1386 2089 1462">
     <span class='ocr_line' id='line_1_12' title="bbox 516 1386 2089 1462; baseline -0.01 -12"><span class='ocrx_word' id='word_1_89' title='bbox 516 1396 781 1461; x_wconf 77' lang='lat' dir='ltr'><strong>zantibus,</strong></span> <span class='ocrx_word' id='word_1_90' title='bbox 805 1395 842 1449; x_wconf 89' lang='lat' dir='ltr'><strong>ii</strong></span> <span class='ocrx_word' id='word_1_91' title='bbox 870 1393 957 1462; x_wconf 91' lang='lat' dir='ltr'><strong>qui</strong></span> <span class='ocrx_word' id='word_1_92' title='bbox 985 1391 1240 1447; x_wconf 78' lang='lat' dir='ltr'><strong>sedebant</strong></span> <span class='ocrx_word' id='word_1_93' title='bbox 1273 1399 1327 1445; x_wconf 89' lang='lat' dir='ltr'><strong>et</strong></span> <span class='ocrx_word' id='word_1_94' title='bbox 1366 1391 1418 1443; x_wconf 93' lang='lat' dir='ltr'><strong>in</strong></span> <span class='ocrx_word' id='word_1_95' title='bbox 1452 1402 1561 1443; x_wconf 90' lang='lat' dir='ltr'><strong>uno</strong></span> <span class='ocrx_word' id='word_1_96' title='bbox 1608 1386 1727 1441; x_wconf 90' lang='lat' dir='ltr'><strong>loco</strong></span> <span class='ocrx_word' id='word_1_97' title='bbox 1752 1391 1904 1440; x_wconf 88' lang='lat' dir='ltr'><strong>erant</strong></span> <span class='ocrx_word' id='word_1_98' title='bbox 1928 1398 2089 1437; x_wconf 89' lang='lat' dir='ltr'><strong>occu-</strong></span> 
     </span>
    </p>
   </div>
   <div class='ocr_carea' id='block_1_13' title="bbox 518 1474 2094 1559">
    <p class='ocr_par' dir='ltr' id='par_1_13' title="bbox 518 1474 2094 1559">
     <span class='ocr_line' id='line_1_13' title="bbox 518 1474 2094 1559; baseline -0.008 -19"><span class='ocrx_word' id='word_1_99' title='bbox 518 1487 653 1559; x_wconf 93' lang='lat' dir='ltr'><strong>pati,</strong></span> <span class='ocrx_word' id='word_1_100' title='bbox 680 1484 1070 1541; x_wconf 85' lang='lat' dir='ltr'><strong>utTimotheus</strong></span> <span class='ocrx_word' id='word_1_101' title='bbox 1096 1492 1149 1537; x_wconf 90' lang='lat' dir='ltr'><strong>et</strong></span> <span class='ocrx_word' id='word_1_102' title='bbox 1177 1479 1347 1535; x_wconf 90' lang='lat' dir='ltr'><strong>Titus.</strong></span> <span class='ocrx_word' id='word_1_103' title='bbox 1376 1478 1585 1549; x_wconf 78' lang='lat' dir='ltr'><strong>Alioqui</strong></span> <span class='ocrx_word' id='word_1_104' title='bbox 1626 1486 1802 1531; x_wconf 86' lang='lat' dir='ltr'><strong>autem</strong></span> <span class='ocrx_word' id='word_1_105' title='bbox 1843 1490 1942 1530; x_wconf 90' lang='lat' dir='ltr'><strong>nec</strong></span> <span class='ocrx_word' id='word_1_106' title='bbox 1971 1474 2094 1528; x_wconf 90' lang='lat' dir='ltr'><strong>hinc</strong></span> 
     </span>
    </p>
   </div>
   <div class='ocr_carea' id='block_1_14' title="bbox 523 1566 2094 1648">
    <p class='ocr_par' dir='ltr' id='par_1_14' title="bbox 523 1566 2094 1648">
     <span class='ocr_line' id='line_1_14' title="bbox 523 1566 2094 1648; baseline -0.009 -15"><span class='ocrx_word' id='word_1_107' title='bbox 523 1579 637 1633; x_wconf 89' lang='lat' dir='ltr'><strong>ﬁeri</strong></span> <span class='ocrx_word' id='word_1_108' title='bbox 687 1585 859 1647; x_wconf 83' lang='lat' dir='ltr'><strong>potest</strong></span> <span class='ocrx_word' id='word_1_109' title='bbox 885 1575 1144 1644; x_wconf 89' lang='lat' dir='ltr'><strong>subjectio</strong></span> <span class='ocrx_word' id='word_1_110' title='bbox 1167 1584 1219 1628; x_wconf 90' lang='lat' dir='ltr'><strong>et</strong></span> <span class='ocrx_word' id='word_1_111' title='bbox 1245 1572 1464 1627; x_wconf 83' lang='lat' dir='ltr'><strong>honoris</strong></span> <span class='ocrx_word' id='word_1_112' title='bbox 1490 1570 1750 1648; x_wconf 70' lang='lat' dir='ltr'><strong>praelatio,</strong></span> <span class='ocrx_word' id='word_1_113' title='bbox 1776 1567 1870 1624; x_wconf 92' lang='lat' dir='ltr'><strong>sed</strong></span> <span class='ocrx_word' id='word_1_114' title='bbox 1900 1582 1965 1622; x_wconf 81' lang='lat' dir='ltr'><strong>ex</strong></span> <span class='ocrx_word' id='word_1_115' title='bbox 1992 1566 2094 1620; x_wconf 90' lang='lat' dir='ltr'><strong>alia</strong></span> 
     </span>
    </p>
   </div>
   <div class='ocr_carea' id='block_1_15' title="bbox 523 1658 2099 1737">
    <p class='ocr_par' dir='ltr' id='par_1_15' title="bbox 523 1658 2099 1737">
     <span class='ocr_line' id='line_1_15' title="bbox 523 1658 2099 1737; baseline -0.009 -14"><span class='ocrx_word' id='word_1_116' title='bbox 523 1668 766 1737; x_wconf 89' lang='lat' dir='ltr'><strong>epistola.</strong></span> <span class='ocrx_word' id='word_1_117' title='bbox 800 1665 921 1735; x_wconf 83' lang='lat' dir='ltr'><strong>Ipse</strong></span> <span class='ocrx_word' id='word_1_118' title='bbox 970 1665 1126 1726; x_wconf 85' lang='lat' dir='ltr'><strong>dedit,</strong></span> <span class='ocrx_word' id='word_1_119' title='bbox 1175 1662 1377 1732; x_wconf 87' lang='lat' dir='ltr'><strong>inquit;</strong></span> <span class='ocrx_word' id='word_1_120' title='bbox 1420 1676 1488 1716; x_wconf 90' lang='lat' dir='ltr'><strong>ne</strong></span> <span class='ocrx_word' id='word_1_121' title='bbox 1538 1658 1946 1715; x_wconf 78' lang='lat' dir='ltr'><strong>contradixeris.</strong></span> <span class='ocrx_word' id='word_1_122' title='bbox 1996 1659 2099 1710; x_wconf 87' lang='lat' dir='ltr'><strong>Aut</strong></span> 
     </span>
    </p>
   </div>
   <div class='ocr_carea' id='block_1_16' title="bbox 524 1746 2094 1828">
    <p class='ocr_par' dir='ltr' id='par_1_16' title="bbox 524 1746 2094 1828">
     <span class='ocr_line' id='line_1_16' title="bbox 524 1746 2094 1828; baseline -0.009 -16"><span class='ocrx_word' id='word_1_123' title='bbox 524 1758 877 1828; x_wconf 84' lang='lat' dir='ltr'><strong>evangelistas</strong></span> <span class='ocrx_word' id='word_1_124' title='bbox 920 1755 1068 1819; x_wconf 85' lang='lat' dir='ltr'><strong>dicit,</strong></span> <span class='ocrx_word' id='word_1_125' title='bbox 1098 1768 1192 1808; x_wconf 87' lang='lat' dir='ltr'><strong>eos</strong></span> <span class='ocrx_word' id='word_1_126' title='bbox 1235 1753 1323 1823; x_wconf 89' lang='lat' dir='ltr'><strong>qui</strong></span> <span class='ocrx_word' id='word_1_127' title='bbox 1364 1751 1679 1821; x_wconf 84' lang='lat' dir='ltr'><strong>scripserint</strong></span> <span class='ocrx_word' id='word_1_128' title='bbox 1726 1746 2094 1817; x_wconf 88' lang='lat' dir='ltr'><strong>Evangelium.</strong></span> 
     </span>
    </p>
   </div>
   <div class='ocr_carea' id='block_1_17' title="bbox 528 1836 2099 1911">
    <p class='ocr_par' dir='ltr' id='par_1_17' title="bbox 528 1836 2099 1911">
     <span class='ocr_line' id='line_1_17' title="bbox 528 1836 2099 1911; baseline -0.01 -9"><span class='ocrx_word' id='word_1_129' title='bbox 528 1850 607 1903; x_wconf 80' lang='lat' dir='ltr'><strong>Ad</strong></span> <span class='ocrx_word' id='word_1_130' title='bbox 636 1848 1115 1903; x_wconf 72' lang='lat' dir='ltr'><strong>consummationem</strong></span> <span class='ocrx_word' id='word_1_131' title='bbox 1142 1854 1432 1898; x_wconf 89' lang='lat' dir='ltr'><strong>sanctorum</strong></span> <span class='ocrx_word' id='word_1_132' title='bbox 1460 1884 1474 1909; x_wconf 95' lang='lat'><strong>,</strong></span> <span class='ocrx_word' id='word_1_133' title='bbox 1501 1842 1554 1896; x_wconf 87' lang='lat' dir='ltr'><strong>in</strong></span> <span class='ocrx_word' id='word_1_134' title='bbox 1580 1857 1705 1911; x_wconf 87' lang='lat' dir='ltr'><strong>opus</strong></span> <span class='ocrx_word' id='word_1_135' title='bbox 1734 1837 2017 1902; x_wconf 74' lang='lat' dir='ltr'><strong>ministerii,</strong></span> <span class='ocrx_word' id='word_1_136' title='bbox 2047 1836 2099 1888; x_wconf 91' lang='lat' dir='ltr'><strong>in</strong></span> 
     </span>
    </p>
   </div>
   <div class='ocr_carea' id='block_1_18' title="bbox 527 1935 1412 2012">
    <p class='ocr_par' dir='ltr' id='par_1_18' title="bbox 527 1935 1412 2012">
     <span class='ocr_line' id='line_1_18' title="bbox 527 1935 1412 2012; baseline -0.01 -15"><span class='ocrx_word' id='word_1_137' title='bbox 527 1943 913 2012; x_wconf 73' lang='lat' dir='ltr'><strong>mdiﬁcationem</strong></span> <span class='ocrx_word' id='word_1_138' title='bbox 946 1940 1170 2008; x_wconf 87' lang='lat' dir='ltr'><strong>corporis</strong></span> <span class='ocrx_word' id='word_1_139' title='bbox 1207 1935 1412 1991; x_wconf 80' lang='lat' dir='ltr'><strong>Christi.</strong></span> 
     </span>
    </p>
   </div>
   <div class='ocr_carea' id='block_1_19' title="bbox 599 2020 2101 2096">
    <p class='ocr_par' dir='ltr' id='par_1_19' title="bbox 599 2020 2101 2096">
     <span class='ocr_line' id='line_1_19' title="bbox 599 2020 2101 2096; baseline -0.012 -5"><span class='ocrx_word' id='word_1_140' title='bbox 599 2038 654 2092; x_wconf 82' lang='lat'><strong>&#39;5.</strong></span> <span class='ocrx_word' id='word_1_141' title='bbox 698 2035 860 2090; x_wconf 83' lang='lat' dir='ltr'><strong>Vides</strong></span> <span class='ocrx_word' id='word_1_142' title='bbox 925 2029 1343 2087; x_wconf 75' lang='lat' dir='ltr'><strong>auctoritatem?</strong></span> <span class='ocrx_word' id='word_1_143' title='bbox 1401 2026 1770 2096; x_wconf 87' lang='lat' dir='ltr'><strong>Unusquisque</strong></span> <span class='ocrx_word' id='word_1_144' title='bbox 1832 2020 2101 2085; x_wconf 82' lang='lat' dir='ltr'><strong>aediﬁcat,</strong></span> 
     </span>
    </p>
   </div>
   <div class='ocr_carea' id='block_1_20' title="bbox 532 2112 2105 2195">
    <p class='ocr_par' dir='ltr' id='par_1_20' title="bbox 532 2112 2105 2195">
     <span class='ocr_line' id='line_1_20' title="bbox 532 2112 2105 2195; baseline -0.011 -13"><span class='ocrx_word' id='word_1_145' title='bbox 532 2127 896 2195; x_wconf 89' lang='lat' dir='ltr'><strong>unusquisque</strong></span> <span class='ocrx_word' id='word_1_146' title='bbox 928 2123 1133 2192; x_wconf 86' lang='lat' dir='ltr'><strong>perlicit</strong></span> <span class='ocrx_word' id='word_1_147' title='bbox 1152 2129 1205 2176; x_wconf 89' lang='lat' dir='ltr'><strong>et</strong></span> <span class='ocrx_word' id='word_1_148' title='bbox 1230 2126 1586 2183; x_wconf 89' lang='lat' dir='ltr'><strong>consummat,</strong></span> <span class='ocrx_word' id='word_1_149' title='bbox 1616 2115 1979 2185; x_wconf 88' lang='lat' dir='ltr'><strong>unusquisque</strong></span> <span class='ocrx_word' id='word_1_150' title='bbox 2001 2112 2105 2167; x_wconf 84' lang='lat' dir='ltr'><strong>mi-</strong></span> 
     </span>
    </p>
   </div>
   <div class='ocr_carea' id='block_1_21' title="bbox 537 2205 2108 2277">
    <p class='ocr_par' dir='ltr' id='par_1_21' title="bbox 537 2205 2108 2277">
     <span class='ocr_line' id='line_1_21' title="bbox 537 2205 2108 2277; baseline -0.012 -4"><span class='ocrx_word' id='word_1_151' title='bbox 537 2220 745 2273; x_wconf 88' lang='lat' dir='ltr'><strong>nistrat.</strong></span> <span class='ocrx_word' id='word_1_152' title='bbox 777 2215 864 2270; x_wconf 75' lang='grc'><strong>15.</strong></span> <span class='ocrx_word' id='word_1_153' title='bbox 888 2213 1062 2267; x_wconf 87' lang='lat' dir='ltr'><strong>Donec</strong></span> <span class='ocrx_word' id='word_1_154' title='bbox 1088 2226 1410 2265; x_wconf 78' lang='lat' dir='ltr'><strong>occurramus</strong></span> <span class='ocrx_word' id='word_1_155' title='bbox 1428 2250 1445 2275; x_wconf 96' lang='lat'><strong>,</strong></span> <span class='ocrx_word' id='word_1_156' title='bbox 1478 2208 1686 2277; x_wconf 90' lang='lat' dir='ltr'><strong>inquit,</strong></span> <span class='ocrx_word' id='word_1_157' title='bbox 1717 2222 1886 2259; x_wconf 90' lang='lat' dir='ltr'><strong>omnes</strong></span> <span class='ocrx_word' id='word_1_158' title='bbox 1912 2205 1965 2257; x_wconf 91' lang='lat' dir='ltr'><strong>in</strong></span> <span class='ocrx_word' id='word_1_159' title='bbox 1990 2205 2108 2256; x_wconf 86' lang='lat' dir='ltr'><strong>uni-</strong></span> 
     </span>
    </p>
   </div>
   <div class='ocr_carea' id='block_1_22' title="bbox 537 2294 2107 2380">
    <p class='ocr_par' dir='ltr' id='par_1_22' title="bbox 537 2294 2107 2380">
     <span class='ocr_line' id='line_1_22' title="bbox 537 2294 2107 2380; baseline -0.01 -13"><span class='ocrx_word' id='word_1_160' title='bbox 537 2323 690 2367; x_wconf 81' lang='lat' dir='ltr'><strong>tatem</strong></span> <span class='ocrx_word' id='word_1_161' title='bbox 710 2294 831 2380; x_wconf 74' lang='lat' dir='ltr'><strong>ﬁdei</strong></span> <span class='ocrx_word' id='word_1_162' title='bbox 857 2320 902 2363; x_wconf 91' lang='lat' dir='ltr'><strong>et</strong></span> <span class='ocrx_word' id='word_1_163' title='bbox 928 2308 1201 2380; x_wconf 80' lang='lat' dir='ltr'><strong>agnitionis</strong></span> <span class='ocrx_word' id='word_1_164' title='bbox 1235 2304 1361 2359; x_wconf 84' lang='lat' dir='ltr'><strong>Filii</strong></span> <span class='ocrx_word' id='word_1_165' title='bbox 1387 2304 1516 2370; x_wconf 88' lang='lat' dir='ltr'><strong>Dei,</strong></span> <span class='ocrx_word' id='word_1_166' title='bbox 1542 2304 1595 2357; x_wconf 89' lang='lat' dir='ltr'><strong>in</strong></span> <span class='ocrx_word' id='word_1_167' title='bbox 1621 2303 1782 2357; x_wconf 86' lang='lat' dir='ltr'><strong>uirum</strong></span> <span class='ocrx_word' id='word_1_168' title='bbox 1811 2301 2107 2372; x_wconf 83' lang='lat' dir='ltr'><strong>perfectum,</strong></span> 
     </span>
    </p>
   </div>
   <div class='ocr_carea' id='block_1_23' title="bbox 536 2392 2113 2469">
    <p class='ocr_par' dir='ltr' id='par_1_23' title="bbox 536 2392 2113 2469">
     <span class='ocr_line' id='line_1_23' title="bbox 536 2392 2113 2469; baseline -0.009 -9"><span class='ocrx_word' id='word_1_169' title='bbox 536 2406 592 2460; x_wconf 85' lang='lat' dir='ltr'><strong>in</strong></span> <span class='ocrx_word' id='word_1_170' title='bbox 620 2418 906 2458; x_wconf 82' lang='lat' dir='ltr'><strong>mensuram</strong></span> <span class='ocrx_word' id='word_1_171' title='bbox 935 2400 1097 2455; x_wconf 80' lang='lat' dir='ltr'><strong>tetatis</strong></span> <span class='ocrx_word' id='word_1_172' title='bbox 1123 2398 1451 2469; x_wconf 81' lang='lat' dir='ltr'><strong>plenitudinis</strong></span> <span class='ocrx_word' id='word_1_173' title='bbox 1491 2395 1700 2453; x_wconf 82' lang='lat' dir='ltr'><strong>Christi.</strong></span> <span class='ocrx_word' id='word_1_174' title='bbox 1751 2395 1985 2452; x_wconf 65' lang='lat' dir='ltr'><strong>IEtatem</strong></span> <span class='ocrx_word' id='word_1_175' title='bbox 2026 2392 2113 2447; x_wconf 88' lang='lat' dir='ltr'><strong>hic</strong></span> 
     </span>
    </p>
   </div>
   <div class='ocr_carea' id='block_1_24' title="bbox 541 2486 2112 2564">
    <p class='ocr_par' dir='ltr' id='par_1_24' title="bbox 541 2486 2112 2564">
     <span class='ocr_line' id='line_1_24' title="bbox 541 2486 2112 2564; baseline -0.006 -14"><span class='ocrx_word' id='word_1_176' title='bbox 541 2495 670 2550; x_wconf 92' lang='lat' dir='ltr'><strong>dicit</strong></span> <span class='ocrx_word' id='word_1_177' title='bbox 727 2493 1012 2564; x_wconf 83' lang='lat' dir='ltr'><strong>perfectam</strong></span> <span class='ocrx_word' id='word_1_178' title='bbox 1066 2490 1411 2562; x_wconf 79' lang='lat' dir='ltr'><strong>agnitionem.</strong></span> <span class='ocrx_word' id='word_1_179' title='bbox 1461 2486 1921 2555; x_wconf 88' lang='lat' dir='ltr'><strong>Quemadmodum</strong></span> <span class='ocrx_word' id='word_1_180' title='bbox 1966 2487 2112 2541; x_wconf 84' lang='lat' dir='ltr'><strong>enim</strong></span> 
     </span>
    </p>
   </div>
   <div class='ocr_carea' id='block_1_25' title="bbox 540 2579 2114 2653">
    <p class='ocr_par' dir='ltr' id='par_1_25' title="bbox 540 2579 2114 2653">
     <span class='ocr_line' id='line_1_25' title="bbox 540 2579 2114 2653; baseline -0.006 -10"><span class='ocrx_word' id='word_1_181' title='bbox 540 2591 622 2643; x_wconf 83' lang='lat' dir='ltr'><strong>vir</strong></span> <span class='ocrx_word' id='word_1_182' title='bbox 672 2596 775 2643; x_wconf 90' lang='lat' dir='ltr'><strong>stat</strong></span> <span class='ocrx_word' id='word_1_183' title='bbox 824 2586 1010 2641; x_wconf 85' lang='lat' dir='ltr'><strong>ﬁrmus</strong></span> <span class='ocrx_word' id='word_1_184' title='bbox 1064 2600 1127 2639; x_wconf 87' lang='lat' dir='ltr'><strong>ac</strong></span> <span class='ocrx_word' id='word_1_185' title='bbox 1176 2584 1396 2649; x_wconf 87' lang='lat' dir='ltr'><strong>stabilis,</strong></span> <span class='ocrx_word' id='word_1_186' title='bbox 1439 2581 1590 2653; x_wconf 90' lang='lat' dir='ltr'><strong>pueri</strong></span> <span class='ocrx_word' id='word_1_187' title='bbox 1627 2589 1803 2635; x_wconf 90' lang='lat' dir='ltr'><strong>autem</strong></span> <span class='ocrx_word' id='word_1_188' title='bbox 1848 2579 2114 2635; x_wconf 89' lang='lat' dir='ltr'><strong>mentibus</strong></span> 
     </span>
    </p>
   </div>
   <div class='ocr_carea' id='block_1_26' title="bbox 541 2668 2113 2736">
    <p class='ocr_par' dir='ltr' id='par_1_26' title="bbox 541 2668 2113 2736">
     <span class='ocr_line' id='line_1_26' title="bbox 541 2668 2113 2736; baseline -0.009 -1"><span class='ocrx_word' id='word_1_189' title='bbox 541 2679 1031 2736; x_wconf 90' lang='lat' dir='ltr'><strong>circumferuntur:</strong></span> <span class='ocrx_word' id='word_1_190' title='bbox 1068 2677 1139 2730; x_wconf 90' lang='lat' dir='ltr'><strong>ita</strong></span> <span class='ocrx_word' id='word_1_191' title='bbox 1192 2676 1352 2729; x_wconf 90' lang='lat' dir='ltr'><strong>etiam</strong></span> <span class='ocrx_word' id='word_1_192' title='bbox 1410 2674 1463 2727; x_wconf 93' lang='lat' dir='ltr'><strong>in</strong></span> <span class='ocrx_word' id='word_1_193' title='bbox 1509 2670 1772 2727; x_wconf 90' lang='lat' dir='ltr'><strong>ﬁdelibus.</strong></span> <span class='ocrx_word' id='word_1_194' title='bbox 1827 2668 1897 2724; x_wconf 87' lang='grc' dir='ltr'><strong>1η</strong></span> <span class='ocrx_word' id='word_1_195' title='bbox 1943 2670 2113 2723; x_wconf 90' lang='lat' dir='ltr'><strong>unita-</strong></span> 
     </span>
    </p>
   </div>
   <div class='ocr_carea' id='block_1_27' title="bbox 544 2759 2118 2840">
    <p class='ocr_par' dir='ltr' id='par_1_27' title="bbox 544 2759 2118 2840">
     <span class='ocr_line' id='line_1_27' title="bbox 544 2759 2118 2840; baseline -0.009 -14"><span class='ocrx_word' id='word_1_196' title='bbox 544 2782 680 2835; x_wconf 88' lang='lat' dir='ltr'><strong>tem,</strong></span> <span class='ocrx_word' id='word_1_197' title='bbox 737 2770 928 2840; x_wconf 86' lang='lat' dir='ltr'><strong>inquit,</strong></span> <span class='ocrx_word' id='word_1_198' title='bbox 986 2768 1126 2837; x_wconf 77' lang='lat' dir='ltr'><strong>ﬁdei.</strong></span> <span class='ocrx_word' id='word_1_199' title='bbox 1170 2766 1283 2821; x_wconf 87' lang='lat' dir='ltr'><strong>Hoc</strong></span> <span class='ocrx_word' id='word_1_200' title='bbox 1309 2774 1411 2831; x_wconf 91' lang='lat' dir='ltr'><strong>est,</strong></span> <span class='ocrx_word' id='word_1_201' title='bbox 1433 2763 1605 2819; x_wconf 90' lang='lat' dir='ltr'><strong>donec</strong></span> <span class='ocrx_word' id='word_1_202' title='bbox 1649 2772 1919 2817; x_wconf 89' lang='lat' dir='ltr'><strong>ostensum</strong></span> <span class='ocrx_word' id='word_1_203' title='bbox 1958 2759 2118 2814; x_wconf 86' lang='lat' dir='ltr'><strong>fuerit</strong></span> 
     </span>
    </p>
   </div>
   <div class='ocr_carea' id='block_1_28' title="bbox 546 2852 2118 2919">
    <p class='ocr_par' dir='ltr' id='par_1_28' title="bbox 546 2852 2118 2919">
     <span class='ocr_line' id='line_1_28' title="bbox 546 2852 2118 2919; baseline -0.009 -1"><span class='ocrx_word' id='word_1_204' title='bbox 546 2880 647 2919; x_wconf 91' lang='lat' dir='ltr'><strong>nos</strong></span> <span class='ocrx_word' id='word_1_205' title='bbox 673 2876 859 2916; x_wconf 91' lang='lat' dir='ltr'><strong>omnes</strong></span> <span class='ocrx_word' id='word_1_206' title='bbox 899 2875 1060 2915; x_wconf 92' lang='lat' dir='ltr'><strong>unam</strong></span> <span class='ocrx_word' id='word_1_207' title='bbox 1092 2859 1287 2914; x_wconf 89' lang='lat' dir='ltr'><strong>habere</strong></span> <span class='ocrx_word' id='word_1_208' title='bbox 1309 2856 1492 2912; x_wconf 89' lang='lat' dir='ltr'><strong>ﬁdem.</strong></span> <span class='ocrx_word' id='word_1_209' title='bbox 1521 2855 1635 2910; x_wconf 81' lang='lat' dir='ltr'><strong>Hoc</strong></span> <span class='ocrx_word' id='word_1_210' title='bbox 1660 2862 1744 2909; x_wconf 90' lang='lat' dir='ltr'><strong>est</strong></span> <span class='ocrx_word' id='word_1_211' title='bbox 1769 2853 1912 2908; x_wconf 91' lang='lat' dir='ltr'><strong>enim</strong></span> <span class='ocrx_word' id='word_1_212' title='bbox 1942 2852 2118 2905; x_wconf 90' lang='lat' dir='ltr'><strong>unitas</strong></span> 
     </span>
    </p>
   </div>
   <div class='ocr_carea' id='block_1_29' title="bbox 549 2942 2119 3021">
    <p class='ocr_par' dir='ltr' id='par_1_29' title="bbox 549 2942 2119 3021">
     <span class='ocr_line' id='line_1_29' title="bbox 549 2942 2119 3021; baseline -0.008 -14"><span class='ocrx_word' id='word_1_213' title='bbox 549 2952 693 3019; x_wconf 85' lang='lat' dir='ltr'><strong>ﬁdei,</strong></span> <span class='ocrx_word' id='word_1_214' title='bbox 723 2950 934 3021; x_wconf 88' lang='lat' dir='ltr'><strong>quando</strong></span> <span class='ocrx_word' id='word_1_215' title='bbox 959 2963 1146 3004; x_wconf 92' lang='lat' dir='ltr'><strong>omnes</strong></span> <span class='ocrx_word' id='word_1_216' title='bbox 1167 2964 1329 3004; x_wconf 92' lang='lat' dir='ltr'><strong>unum</strong></span> <span class='ocrx_word' id='word_1_217' title='bbox 1358 2960 1565 3010; x_wconf 91' lang='lat' dir='ltr'><strong>sumus,</strong></span> <span class='ocrx_word' id='word_1_218' title='bbox 1598 2944 1810 3015; x_wconf 90' lang='lat' dir='ltr'><strong>quando</strong></span> <span class='ocrx_word' id='word_1_219' title='bbox 1831 2942 2119 3013; x_wconf 88' lang='lat' dir='ltr'><strong>colligatio-</strong></span> 
     </span>
    </p>
   </div>
   <div class='ocr_carea' id='block_1_30' title="bbox 554 3034 2120 3109">
    <p class='ocr_par' dir='ltr' id='par_1_30' title="bbox 554 3034 2120 3109">
     <span class='ocr_line' id='line_1_30' title="bbox 554 3034 2120 3109; baseline -0.006 -12"><span class='ocrx_word' id='word_1_220' title='bbox 554 3060 679 3097; x_wconf 89' lang='lat' dir='ltr'><strong>nem</strong></span> <span class='ocrx_word' id='word_1_221' title='bbox 712 3057 899 3096; x_wconf 89' lang='lat' dir='ltr'><strong>omnes</strong></span> <span class='ocrx_word' id='word_1_222' title='bbox 924 3041 1083 3095; x_wconf 86' lang='lat' dir='ltr'><strong>simul</strong></span> <span class='ocrx_word' id='word_1_223' title='bbox 1108 3039 1468 3109; x_wconf 84' lang='lat' dir='ltr'><strong>agnoscimus.</strong></span> <span class='ocrx_word' id='word_1_224' title='bbox 1486 3037 1666 3107; x_wconf 90' lang='lat' dir='ltr'><strong>Usque</strong></span> <span class='ocrx_word' id='word_1_225' title='bbox 1691 3035 1757 3090; x_wconf 90' lang='lat' dir='ltr'><strong>ad</strong></span> <span class='ocrx_word' id='word_1_226' title='bbox 1787 3034 1889 3089; x_wconf 91' lang='lat' dir='ltr'><strong>hoc</strong></span> <span class='ocrx_word' id='word_1_227' title='bbox 1916 3044 2120 3103; x_wconf 86' lang='lat' dir='ltr'><strong>tempus</strong></span> 
     </span>
    </p>
   </div>
   <div class='ocr_carea' id='block_1_31' title="bbox 550 3125 2124 3202">
    <p class='ocr_par' dir='ltr' id='par_1_31' title="bbox 550 3125 2124 3202">
     <span class='ocr_line' id='line_1_31' title="bbox 550 3125 2124 3202; baseline -0.007 -15"><span class='ocrx_word' id='word_1_228' title='bbox 550 3138 767 3202; x_wconf 88' lang='lat' dir='ltr'><strong>operari</strong></span> <span class='ocrx_word' id='word_1_229' title='bbox 805 3140 1046 3202; x_wconf 89' lang='lat' dir='ltr'><strong>oportet,</strong></span> <span class='ocrx_word' id='word_1_230' title='bbox 1076 3130 1119 3184; x_wconf 90' lang='lat' dir='ltr'><strong>si</strong></span> <span class='ocrx_word' id='word_1_231' title='bbox 1150 3128 1435 3200; x_wconf 76' lang='lat' dir='ltr'><strong>propterea</strong></span> <span class='ocrx_word' id='word_1_232' title='bbox 1486 3127 1736 3196; x_wconf 89' lang='lat' dir='ltr'><strong>accepisti</strong></span> <span class='ocrx_word' id='word_1_233' title='bbox 1777 3125 2039 3179; x_wconf 84' lang='lat' dir='ltr'><strong>charisma</strong></span> <span class='ocrx_word' id='word_1_234' title='bbox 2067 3132 2124 3178; x_wconf 90' lang='lat' dir='ltr'><strong>ut</strong></span> 
     </span>
    </p>
   </div>
   <div class='ocr_carea' id='block_1_32' title="bbox 556 3217 2120 3289">
    <p class='ocr_par' dir='ltr' id='par_1_32' title="bbox 556 3217 2120 3289">
     <span class='ocr_line' id='line_1_32' title="bbox 556 3217 2120 3289; baseline -0.004 -10"><span class='ocrx_word' id='word_1_235' title='bbox 556 3226 690 3281; x_wconf 87' lang='lat' dir='ltr'><strong>alios</strong></span> <span class='ocrx_word' id='word_1_236' title='bbox 729 3224 981 3279; x_wconf 70' lang='lat' dir='ltr'><strong>mdilices.</strong></span> <span class='ocrx_word' id='word_1_237' title='bbox 1012 3222 1142 3277; x_wconf 84' lang='lat' dir='ltr'><strong>Vide</strong></span> <span class='ocrx_word' id='word_1_238' title='bbox 1172 3236 1239 3275; x_wconf 91' lang='lat' dir='ltr'><strong>ne</strong></span> <span class='ocrx_word' id='word_1_239' title='bbox 1265 3222 1489 3289; x_wconf 90' lang='lat' dir='ltr'><strong>teipsum</strong></span> <span class='ocrx_word' id='word_1_240' title='bbox 1510 3228 1718 3274; x_wconf 89' lang='lat' dir='ltr'><strong>evertas</strong></span> <span class='ocrx_word' id='word_1_241' title='bbox 1744 3217 1831 3271; x_wconf 89' lang='lat' dir='ltr'><strong>alii</strong></span> <span class='ocrx_word' id='word_1_242' title='bbox 1859 3218 2120 3273; x_wconf 90' lang='lat' dir='ltr'><strong>invidens.</strong></span> 
     </span>
    </p>
   </div>
   <div class='ocr_carea' id='block_1_33' title="bbox 556 3309 2125 3382">
    <p class='ocr_par' dir='ltr' id='par_1_33' title="bbox 556 3309 2125 3382">
     <span class='ocr_line' id='line_1_33' title="bbox 556 3309 2125 3382; baseline -0.008 -11"><span class='ocrx_word' id='word_1_243' title='bbox 556 3317 696 3371; x_wconf 88' lang='lat' dir='ltr'><strong>Deus</strong></span> <span class='ocrx_word' id='word_1_244' title='bbox 719 3326 768 3370; x_wconf 89' lang='lat' dir='ltr'><strong>te</strong></span> <span class='ocrx_word' id='word_1_245' title='bbox 794 3314 1095 3377; x_wconf 80' lang='lat' dir='ltr'><strong>honoravit,</strong></span> <span class='ocrx_word' id='word_1_246' title='bbox 1116 3323 1169 3368; x_wconf 93' lang='lat' dir='ltr'><strong>et</strong></span> <span class='ocrx_word' id='word_1_247' title='bbox 1187 3313 1361 3382; x_wconf 87' lang='lat' dir='ltr'><strong>posuit</strong></span> <span class='ocrx_word' id='word_1_248' title='bbox 1386 3311 1619 3366; x_wconf 89' lang='lat' dir='ltr'><strong>utalium</strong></span> <span class='ocrx_word' id='word_1_249' title='bbox 1643 3309 1884 3380; x_wconf 88' lang='lat' dir='ltr'><strong>perﬁcias</strong></span> <span class='ocrx_word' id='word_1_250' title='bbox 1913 3322 1975 3362; x_wconf 89' lang='lat' dir='ltr'><strong>ac</strong></span> <span class='ocrx_word' id='word_1_251' title='bbox 2000 3323 2125 3362; x_wconf 89' lang='lat' dir='ltr'><strong>eon-</strong></span> 
     </span>
    </p>
   </div>
   <div class='ocr_carea' id='block_1_34' title="bbox 558 3399 2126 3475">
    <p class='ocr_par' dir='ltr' id='par_1_34' title="bbox 558 3399 2126 3475">
     <span class='ocr_line' id='line_1_34' title="bbox 558 3399 2126 3475; baseline -0.008 -12"><span class='ocrx_word' id='word_1_252' title='bbox 558 3423 815 3463; x_wconf 90' lang='lat' dir='ltr'><strong>summes.</strong></span> <span class='ocrx_word' id='word_1_253' title='bbox 838 3406 971 3461; x_wconf 84' lang='lat' dir='ltr'><strong>Nam</strong></span> <span class='ocrx_word' id='word_1_254' title='bbox 1000 3415 1054 3460; x_wconf 89' lang='lat' dir='ltr'><strong>et</strong></span> <span class='ocrx_word' id='word_1_255' title='bbox 1077 3404 1347 3475; x_wconf 87' lang='lat' dir='ltr'><strong>apostolus</strong></span> <span class='ocrx_word' id='word_1_256' title='bbox 1366 3404 1420 3458; x_wconf 92' lang='lat' dir='ltr'><strong>in</strong></span> <span class='ocrx_word' id='word_1_257' title='bbox 1442 3403 1542 3457; x_wconf 86' lang='lat' dir='ltr'><strong>hoc</strong></span> <span class='ocrx_word' id='word_1_258' title='bbox 1562 3411 1694 3467; x_wconf 88' lang='lat' dir='ltr'><strong>erat,</strong></span> <span class='ocrx_word' id='word_1_259' title='bbox 1716 3410 1769 3457; x_wconf 89' lang='lat' dir='ltr'><strong>et</strong></span> <span class='ocrx_word' id='word_1_260' title='bbox 1792 3399 2045 3472; x_wconf 83' lang='lat' dir='ltr'><strong>propheta</strong></span> <span class='ocrx_word' id='word_1_261' title='bbox 2074 3400 2126 3452; x_wconf 92' lang='lat' dir='ltr'><strong>in</strong></span> 
     </span>
    </p>
   </div>
   <div class='ocr_carea' id='block_1_35' title="bbox 556 3493 2125 3568">
    <p class='ocr_par' dir='ltr' id='par_1_35' title="bbox 556 3493 2125 3568">
     <span class='ocr_line' id='line_1_35' title="bbox 556 3493 2125 3568; baseline -0.007 -13"><span class='ocrx_word' id='word_1_262' title='bbox 556 3501 659 3555; x_wconf 92' lang='lat' dir='ltr'><strong>hoc</strong></span> <span class='ocrx_word' id='word_1_263' title='bbox 690 3506 823 3565; x_wconf 86' lang='lat' dir='ltr'><strong>erat,</strong></span> <span class='ocrx_word' id='word_1_264' title='bbox 856 3498 1178 3568; x_wconf 86' lang='lat' dir='ltr'><strong>prophetans</strong></span> <span class='ocrx_word' id='word_1_265' title='bbox 1222 3506 1276 3551; x_wconf 90' lang='lat' dir='ltr'><strong>et</strong></span> <span class='ocrx_word' id='word_1_266' title='bbox 1314 3495 1663 3566; x_wconf 88' lang='lat' dir='ltr'><strong>persuadens,</strong></span> <span class='ocrx_word' id='word_1_267' title='bbox 1702 3504 1757 3549; x_wconf 88' lang='lat' dir='ltr'><strong>et</strong></span> <span class='ocrx_word' id='word_1_268' title='bbox 1804 3493 2125 3564; x_wconf 84' lang='lat' dir='ltr'><strong>evangelista</strong></span> 
     </span>
    </p>
   </div>
   <div class='ocr_carea' id='block_1_36' title="bbox 559 3587 2128 3663">
    <p class='ocr_par' dir='ltr' id='par_1_36' title="bbox 559 3587 2128 3663">
     <span class='ocr_line' id='line_1_36' title="bbox 559 3587 2128 3663; baseline -0.006 -17"><span class='ocrx_word' id='word_1_269' title='bbox 559 3590 950 3663; x_wconf 68' lang='lat' dir='ltr'><strong>evangelizans,</strong></span> <span class='ocrx_word' id='word_1_270' title='bbox 981 3597 1035 3644; x_wconf 91' lang='lat' dir='ltr'><strong>et</strong></span> <span class='ocrx_word' id='word_1_271' title='bbox 1057 3598 1236 3659; x_wconf 86' lang='lat' dir='ltr'><strong>pastor</strong></span> <span class='ocrx_word' id='word_1_272' title='bbox 1264 3599 1318 3643; x_wconf 90' lang='lat' dir='ltr'><strong>et</strong></span> <span class='ocrx_word' id='word_1_273' title='bbox 1336 3587 1560 3642; x_wconf 91' lang='lat' dir='ltr'><strong>doctor:</strong></span> <span class='ocrx_word' id='word_1_274' title='bbox 1590 3600 1776 3640; x_wconf 90' lang='lat' dir='ltr'><strong>omnes</strong></span> <span class='ocrx_word' id='word_1_275' title='bbox 1807 3599 1965 3638; x_wconf 93' lang='lat' dir='ltr'><strong>unum</strong></span> <span class='ocrx_word' id='word_1_276' title='bbox 1994 3598 2128 3652; x_wconf 89' lang='lat' dir='ltr'><strong>opus</strong></span> 
     </span>
    </p>
   </div>
   <div class='ocr_carea' id='block_1_37' title="bbox 560 3665 2128 3750">
    <p class='ocr_par' dir='ltr' id='par_1_37' title="bbox 560 3665 2128 3750">
     <span class='ocr_line' id='line_1_37' title="bbox 560 3665 2128 3750; baseline -0.005 -15"><span class='ocrx_word' id='word_1_277' title='bbox 560 3689 926 3750; x_wconf 85' lang='lat' dir='ltr'><strong>susceperant.</strong></span> <span class='ocrx_word' id='word_1_278' title='bbox 950 3679 1026 3735; x_wconf 89' lang='lat' dir='ltr'><strong>Ne</strong></span> <span class='ocrx_word' id='word_1_279' title='bbox 1048 3678 1176 3733; x_wconf 92' lang='lat' dir='ltr'><strong>mihi</strong></span> <span class='ocrx_word' id='word_1_280' title='bbox 1197 3678 1337 3733; x_wconf 93' lang='lat' dir='ltr'><strong>enim</strong></span> <span class='ocrx_word' id='word_1_281' title='bbox 1360 3677 1559 3732; x_wconf 82' lang='lat' dir='ltr'><strong>dixeris</strong></span> <span class='ocrx_word' id='word_1_282' title='bbox 1575 3665 1926 3731; x_wconf 77' lang='lat' dir='ltr'><strong>differentiam</strong></span> <span class='ocrx_word' id='word_1_283' title='bbox 1950 3674 2128 3728; x_wconf 87' lang='lat' dir='ltr'><strong>chari-</strong></span> 
     </span>
    </p>
   </div>
   <div class='ocr_carea' id='block_1_38' title="bbox 559 3767 2130 3840">
    <p class='ocr_par' dir='ltr' id='par_1_38' title="bbox 559 3767 2130 3840">
     <span class='ocr_line' id='line_1_38' title="bbox 559 3767 2130 3840; baseline -0.003 -14"><span class='ocrx_word' id='word_1_284' title='bbox 559 3783 787 3826; x_wconf 90' lang='lat' dir='ltr'><strong>smatum</strong></span> <span class='ocrx_word' id='word_1_285' title='bbox 819 3789 833 3825; x_wconf 88' lang='lat'><strong>:</strong></span> <span class='ocrx_word' id='word_1_286' title='bbox 860 3787 1045 3826; x_wconf 86' lang='lat' dir='ltr'><strong>omnes</strong></span> <span class='ocrx_word' id='word_1_287' title='bbox 1076 3773 1237 3825; x_wconf 80' lang='lat' dir='ltr'><strong>unum</strong></span> <span class='ocrx_word' id='word_1_288' title='bbox 1277 3785 1410 3840; x_wconf 90' lang='lat' dir='ltr'><strong>opus</strong></span> <span class='ocrx_word' id='word_1_289' title='bbox 1444 3769 1729 3824; x_wconf 89' lang='lat' dir='ltr'><strong>habebant.</strong></span> <span class='ocrx_word' id='word_1_290' title='bbox 1760 3768 1891 3823; x_wconf 83' lang='lat' dir='ltr'><strong>Nam</strong></span> <span class='ocrx_word' id='word_1_291' title='bbox 1920 3767 2130 3838; x_wconf 87' lang='lat' dir='ltr'><strong>quando</strong></span> 
     </span>
    </p>
   </div>
   <div class='ocr_carea' id='block_1_39' title="bbox 562 3860 2130 3925">
    <p class='ocr_par' dir='ltr' id='par_1_39' title="bbox 562 3860 2130 3925">
     <span class='ocr_line' id='line_1_39' title="bbox 562 3860 2130 3925; baseline -0.001 -8"><span class='ocrx_word' id='word_1_292' title='bbox 562 3877 749 3918; x_wconf 90' lang='lat' dir='ltr'><strong>omnes</strong></span> <span class='ocrx_word' id='word_1_293' title='bbox 790 3863 1034 3916; x_wconf 86' lang='lat' dir='ltr'><strong>similiter</strong></span> <span class='ocrx_word' id='word_1_294' title='bbox 1062 3862 1364 3925; x_wconf 87' lang='lat' dir='ltr'><strong>credimus,</strong></span> <span class='ocrx_word' id='word_1_295' title='bbox 1405 3870 1531 3915; x_wconf 92' lang='lat' dir='ltr'><strong>tunc</strong></span> <span class='ocrx_word' id='word_1_296' title='bbox 1560 3868 1643 3915; x_wconf 90' lang='lat' dir='ltr'><strong>est</strong></span> <span class='ocrx_word' id='word_1_297' title='bbox 1679 3861 1874 3914; x_wconf 90' lang='lat' dir='ltr'><strong>unitas.</strong></span> <span class='ocrx_word' id='word_1_298' title='bbox 1925 3860 2130 3915; x_wconf 87' lang='lat' dir='ltr'><strong>Etenim</strong></span> 
     </span>
    </p>
   </div>
   <div class='ocr_carea' id='block_1_40' title="bbox 561 3951 2132 4024">
    <p class='ocr_par' dir='ltr' id='par_1_40' title="bbox 561 3951 2132 4024">
     <span class='ocr_line' id='line_1_40' title="bbox 561 3951 2132 4024; baseline -0.001 -18"><span class='ocrx_word' id='word_1_299' title='bbox 561 3953 701 4024; x_wconf 90' lang='lat' dir='ltr'><strong>quod</strong></span> <span class='ocrx_word' id='word_1_300' title='bbox 730 3951 832 4006; x_wconf 92' lang='lat' dir='ltr'><strong>hoc</strong></span> <span class='ocrx_word' id='word_1_301' title='bbox 852 3952 1018 4005; x_wconf 82' lang='lat' dir='ltr'><strong>virum</strong></span> <span class='ocrx_word' id='word_1_302' title='bbox 1038 3951 1180 4005; x_wconf 88' lang='lat' dir='ltr'><strong>dicat</strong></span> <span class='ocrx_word' id='word_1_303' title='bbox 1209 3952 1518 4021; x_wconf 89' lang='lat' dir='ltr'><strong>perfectum,</strong></span> <span class='ocrx_word' id='word_1_304' title='bbox 1538 3959 1619 4005; x_wconf 88' lang='lat' dir='ltr'><strong>est</strong></span> <span class='ocrx_word' id='word_1_305' title='bbox 1646 3952 2001 4021; x_wconf 88' lang='lat' dir='ltr'><strong>perspicuum.</strong></span> <span class='ocrx_word' id='word_1_306' title='bbox 2035 3953 2132 4005; x_wconf 83' lang='lat' dir='ltr'><strong>At-</strong></span> 
     </span>
    </p>
   </div>
   <div class='ocr_carea' id='block_1_41' title="bbox 562 4042 2132 4112">
    <p class='ocr_par' dir='ltr' id='par_1_41' title="bbox 562 4042 2132 4112">
     <span class='ocr_line' id='line_1_41' title="bbox 562 4042 2132 4112; baseline 0.001 -15"><span class='ocrx_word' id='word_1_307' title='bbox 562 4045 652 4111; x_wconf 88' lang='lat' dir='ltr'><strong>qui</strong></span> <span class='ocrx_word' id='word_1_308' title='bbox 676 4042 803 4097; x_wconf 87' lang='lat' dir='ltr'><strong>alibi</strong></span> <span class='ocrx_word' id='word_1_309' title='bbox 831 4058 927 4096; x_wconf 91' lang='lat' dir='ltr'><strong>nos</strong></span> <span class='ocrx_word' id='word_1_310' title='bbox 956 4042 1084 4097; x_wconf 88' lang='lat' dir='ltr'><strong>dicit</strong></span> <span class='ocrx_word' id='word_1_311' title='bbox 1111 4043 1379 4111; x_wconf 80' lang='lat' dir='ltr'><strong>parvulos,</strong></span> <span class='ocrx_word' id='word_1_312' title='bbox 1402 4044 1559 4097; x_wconf 88' lang='lat' dir='ltr'><strong>etiam</strong></span> <span class='ocrx_word' id='word_1_313' title='bbox 1588 4058 1709 4095; x_wconf 89' lang='lat' dir='ltr'><strong>cum</strong></span> <span class='ocrx_word' id='word_1_314' title='bbox 1747 4057 1930 4097; x_wconf 89' lang='lat' dir='ltr'><strong>sumus</strong></span> <span class='ocrx_word' id='word_1_315' title='bbox 1958 4043 2132 4112; x_wconf 86' lang='lat' dir='ltr'><strong>perfe-</strong></span> 
     </span>
    </p>
   </div>
   <div class='ocr_carea' id='block_1_42' title="bbox 564 4132 2138 4201">
    <p class='ocr_par' dir='ltr' id='par_1_42' title="bbox 564 4132 2138 4201">
     <span class='ocr_line' id='line_1_42' title="bbox 564 4132 2138 4201; baseline 0.001 -14"><span class='ocrx_word' id='word_1_316' title='bbox 564 4135 655 4198; x_wconf 90' lang='lat' dir='ltr'><strong>cti,</strong></span> <span class='ocrx_word' id='word_1_317' title='bbox 697 4132 789 4187; x_wconf 90' lang='lat' dir='ltr'><strong>sed</strong></span> <span class='ocrx_word' id='word_1_318' title='bbox 836 4134 940 4185; x_wconf 90' lang='lat' dir='ltr'><strong>alio</strong></span> <span class='ocrx_word' id='word_1_319' title='bbox 983 4142 1252 4201; x_wconf 88' lang='lat' dir='ltr'><strong>spectans.</strong></span> <span class='ocrx_word' id='word_1_320' title='bbox 1281 4132 1410 4187; x_wconf 83' lang='lat' dir='ltr'><strong>Nam</strong></span> <span class='ocrx_word' id='word_1_321' title='bbox 1463 4133 1533 4187; x_wconf 88' lang='lat' dir='ltr'><strong>ibi</strong></span> <span class='ocrx_word' id='word_1_322' title='bbox 1578 4133 1790 4201; x_wconf 77' lang='lat' dir='ltr'><strong>quidem</strong></span> <span class='ocrx_word' id='word_1_323' title='bbox 1840 4149 1938 4188; x_wconf 91' lang='lat' dir='ltr'><strong>nos</strong></span> <span class='ocrx_word' id='word_1_324' title='bbox 1985 4144 2138 4189; x_wconf 85' lang='lat' dir='ltr'><strong>vocat</strong></span> 
     </span>
    </p>
   </div>
   <div class='ocr_carea' id='block_1_43' title="bbox 568 4224 2133 4294">
    <p class='ocr_par' dir='ltr' id='par_1_43' title="bbox 568 4224 2133 4294">
     <span class='ocr_line' id='line_1_43' title="bbox 568 4224 2133 4294; baseline 0.003 -17"><span class='ocrx_word' id='word_1_325' title='bbox 568 4225 812 4294; x_wconf 89' lang='lat' dir='ltr'><strong>parvulos</strong></span> <span class='ocrx_word' id='word_1_326' title='bbox 837 4224 1042 4279; x_wconf 85' lang='lat' dir='ltr'><strong>ratione</strong></span> <span class='ocrx_word' id='word_1_327' title='bbox 1069 4224 1247 4279; x_wconf 83' lang='lat' dir='ltr'><strong>habita</strong></span> <span class='ocrx_word' id='word_1_328' title='bbox 1271 4226 1459 4279; x_wconf 70' lang='lat' dir='ltr'><strong>futura:</strong></span> <span class='ocrx_word' id='word_1_329' title='bbox 1480 4226 1797 4294; x_wconf 87' lang='lat' dir='ltr'><strong>cognitionis</strong></span> <span class='ocrx_word' id='word_1_330' title='bbox 1821 4244 1834 4279; x_wconf 91' lang='lat'><strong>:</strong></span> <span class='ocrx_word' id='word_1_331' title='bbox 1868 4242 1987 4279; x_wconf 88' lang='lat' dir='ltr'><strong>nam</strong></span> <span class='ocrx_word' id='word_1_332' title='bbox 2014 4243 2133 4281; x_wconf 91' lang='lat' dir='ltr'><strong>cum</strong></span> 
     </span>
    </p>
   </div>
   <div class='ocr_carea' id='block_1_44' title="bbox 568 4315 2137 4388">
    <p class='ocr_par' dir='ltr' id='par_1_44' title="bbox 568 4315 2137 4388">
     <span class='ocr_line' id='line_1_44' title="bbox 568 4315 2137 4388; baseline 0.001 -17"><span class='ocrx_word' id='word_1_333' title='bbox 568 4318 803 4382; x_wconf 84' lang='lat' dir='ltr'><strong>dixisset,</strong></span> <span class='ocrx_word' id='word_1_334' title='bbox 837 4315 920 4370; x_wconf 80' lang='lat' dir='ltr'><strong>Ea:</strong></span> <span class='ocrx_word' id='word_1_335' title='bbox 946 4327 1088 4387; x_wconf 89' lang='lat' dir='ltr'><strong>parte</strong></span> <span class='ocrx_word' id='word_1_336' title='bbox 1114 4318 1480 4388; x_wconf 82' lang='lat' dir='ltr'><strong>cognoscimus,</strong></span> <span class='ocrx_word' id='word_1_337' title='bbox 1509 4317 1787 4387; x_wconf 83' lang='lat' dir='ltr'><strong>subjunxit</strong></span> <span class='ocrx_word' id='word_1_338' title='bbox 1826 4318 2006 4381; x_wconf 86' lang='lat' dir='ltr'><strong>etiam,</strong></span> <span class='ocrx_word' id='word_1_339' title='bbox 2038 4319 2137 4375; x_wconf 74' lang='lat' dir='ltr'><strong>I’er</strong></span> 
     </span>
    </p>
   </div>
   <div class='ocr_carea' id='block_1_45' title="bbox 564 4408 2136 4484">
    <p class='ocr_par' dir='ltr' id='par_1_45' title="bbox 564 4408 2136 4484">
     <span class='ocr_line' id='line_1_45' title="bbox 564 4408 2136 4484; baseline 0.007 -25"><span class='ocrx_word' id='word_1_340' title='bbox 564 4410 867 4479; x_wconf 70' lang='lat' dir='ltr'><strong>aenigmata,</strong></span> <span class='ocrx_word' id='word_1_341' title='bbox 900 4418 953 4465; x_wconf 90' lang='lat' dir='ltr'><strong>et</strong></span> <span class='ocrx_word' id='word_1_342' title='bbox 979 4425 1096 4479; x_wconf 78' lang='lat' dir='ltr'><strong>quae</strong></span> <span class='ocrx_word' id='word_1_343' title='bbox 1121 4419 1243 4464; x_wconf 92' lang='lat' dir='ltr'><strong>sunt</strong></span> <span class='ocrx_word' id='word_1_344' title='bbox 1271 4408 1571 4479; x_wconf 87' lang='lat' dir='ltr'><strong>hujusmodi</strong></span> <span class='ocrx_word' id='word_1_345' title='bbox 1601 4412 1677 4479; x_wconf 86' lang='grc'><strong>(1.</strong></span> <span class='ocrx_word' id='word_1_346' title='bbox 1698 4409 1989 4467; x_wconf 71' lang='lat' dir='ltr'><strong>Cor.15.9.</strong></span> <span class='ocrx_word' id='word_1_347' title='bbox 2011 4414 2099 4484; x_wconf 72' lang='grc'><strong>12)</strong></span> <span class='ocrx_word' id='word_1_348' title='bbox 2123 4432 2136 4470; x_wconf 90' lang='lat'><strong>:</strong></span> 
     </span>
    </p>
   </div>
   <div class='ocr_carea' id='block_1_46' title="bbox 568 4503 2135 4572">
    <p class='ocr_par' dir='ltr' id='par_1_46' title="bbox 568 4503 2135 4572">
     <span class='ocr_line' id='line_1_46' title="bbox 568 4503 2135 4572; baseline 0.003 -17"><span class='ocrx_word' id='word_1_349' title='bbox 568 4503 654 4557; x_wconf 85' lang='lat' dir='ltr'><strong>hic</strong></span> <span class='ocrx_word' id='word_1_350' title='bbox 692 4513 867 4556; x_wconf 89' lang='lat' dir='ltr'><strong>autem</strong></span> <span class='ocrx_word' id='word_1_351' title='bbox 913 4503 1046 4557; x_wconf 82' lang='lat' dir='ltr'><strong>dixit</strong></span> <span class='ocrx_word' id='word_1_352' title='bbox 1088 4504 1193 4557; x_wconf 89' lang='lat' dir='ltr'><strong>alio</strong></span> <span class='ocrx_word' id='word_1_353' title='bbox 1237 4503 1550 4572; x_wconf 87' lang='lat' dir='ltr'><strong>respiciens,</strong></span> <span class='ocrx_word' id='word_1_354' title='bbox 1583 4519 1773 4572; x_wconf 90' lang='lat' dir='ltr'><strong>nempe</strong></span> <span class='ocrx_word' id='word_1_355' title='bbox 1817 4504 1885 4559; x_wconf 88' lang='lat' dir='ltr'><strong>ad</strong></span> <span class='ocrx_word' id='word_1_356' title='bbox 1929 4504 2135 4561; x_wconf 80' lang='lat' dir='ltr'><strong>facilem</strong></span> 
     </span>
    </p>
   </div>
   <div class='ocr_carea' id='block_1_47' title="bbox 569 4593 2133 4661">
    <p class='ocr_par' dir='ltr' id='par_1_47' title="bbox 569 4593 2133 4661">
     <span class='ocr_line' id='line_1_47' title="bbox 569 4593 2133 4661; baseline 0.004 -16"><span class='ocrx_word' id='word_1_357' title='bbox 569 4593 959 4661; x_wconf 88' lang='lat' dir='ltr'><strong>prolapsionem</strong></span> <span class='ocrx_word' id='word_1_358' title='bbox 986 4603 1039 4646; x_wconf 90' lang='lat' dir='ltr'><strong>et</strong></span> <span class='ocrx_word' id='word_1_359' title='bbox 1060 4594 1405 4649; x_wconf 88' lang='lat' dir='ltr'><strong>mutationem</strong></span> <span class='ocrx_word' id='word_1_360' title='bbox 1437 4610 1450 4646; x_wconf 89' lang='lat'>:</span> <span class='ocrx_word' id='word_1_361' title='bbox 1479 4594 1616 4649; x_wconf 91' lang='lat' dir='ltr'><strong>sicut</strong></span> <span class='ocrx_word' id='word_1_362' title='bbox 1644 4597 1801 4649; x_wconf 89' lang='lat' dir='ltr'><strong>etiam</strong></span> <span class='ocrx_word' id='word_1_363' title='bbox 1827 4597 2095 4651; x_wconf 88' lang='lat' dir='ltr'><strong>dicitalibi</strong></span> <span class='ocrx_word' id='word_1_364' title='bbox 2122 4616 2133 4651; x_wconf 90' lang='lat'><strong>:</strong></span> 
     </span>
    </p>
   </div>
   <div class='ocr_carea' id='block_1_48' title="bbox 576 4682 2134 4759">
    <p class='ocr_par' dir='ltr' id='par_1_48' title="bbox 576 4682 2134 4759">
     <span class='ocr_line' id='line_1_48' title="bbox 576 4682 2134 4759; baseline 0.005 -25"><span class='ocrx_word' id='word_1_365' title='bbox 576 4682 921 4753; x_wconf 78' lang='lat' dir='ltr'><strong>Perfectorum</strong></span> <span class='ocrx_word' id='word_1_366' title='bbox 949 4692 1116 4736; x_wconf 88' lang='lat' dir='ltr'><strong>autem</strong></span> <span class='ocrx_word' id='word_1_367' title='bbox 1162 4693 1233 4737; x_wconf 84' lang='lat' dir='ltr'><strong>est</strong></span> <span class='ocrx_word' id='word_1_368' title='bbox 1274 4684 1466 4738; x_wconf 85' lang='lat' dir='ltr'><strong>solidus</strong></span> <span class='ocrx_word' id='word_1_369' title='bbox 1513 4686 1651 4741; x_wconf 84' lang='lat' dir='ltr'><strong>cibus</strong></span> <span class='ocrx_word' id='word_1_370' title='bbox 1680 4686 1699 4757; x_wconf 96' lang='lat'><strong>(</strong></span> <span class='ocrx_word' id='word_1_371' title='bbox 1729 4685 1885 4742; x_wconf 84' lang='lat' dir='ltr'><strong>Hebr.</strong></span> <span class='ocrx_word' id='word_1_372' title='bbox 1915 4688 1967 4743; x_wconf 84' lang='lat'><strong>5.</strong></span> <span class='ocrx_word' id='word_1_373' title='bbox 2001 4687 2067 4741; x_wconf 78' lang='grc'><strong>14</strong></span> <span class='ocrx_word' id='word_1_374' title='bbox 2095 4690 2134 4759; x_wconf 91' lang='grc'><strong>).</strong></span> 
     </span>
    </p>
   </div>
   <div class='ocr_carea' id='block_1_49' title="bbox 573 4773 2138 4848">
    <p class='ocr_par' dir='ltr' id='par_1_49' title="bbox 573 4773 2138 4848">
     <span class='ocr_line' id='line_1_49' title="bbox 573 4773 2138 4848; baseline 0.006 -21"><span class='ocrx_word' id='word_1_375' title='bbox 573 4773 730 4828; x_wconf 83' lang='lat' dir='ltr'><strong>Vides</strong></span> <span class='ocrx_word' id='word_1_376' title='bbox 771 4775 1039 4844; x_wconf 91' lang='lat' dir='ltr'><strong>quomodo</strong></span> <span class='ocrx_word' id='word_1_377' title='bbox 1086 4775 1194 4829; x_wconf 91' lang='lat' dir='ltr'><strong>illic</strong></span> <span class='ocrx_word' id='word_1_378' title='bbox 1234 4791 1446 4845; x_wconf 88' lang='lat' dir='ltr'><strong>quoque</strong></span> <span class='ocrx_word' id='word_1_379' title='bbox 1492 4777 1622 4832; x_wconf 88' lang='lat' dir='ltr'><strong>dicit</strong></span> <span class='ocrx_word' id='word_1_380' title='bbox 1665 4779 1971 4848; x_wconf 88' lang='lat' dir='ltr'><strong>perfectos?</strong></span> <span class='ocrx_word' id='word_1_381' title='bbox 2002 4781 2138 4836; x_wconf 85' lang='lat' dir='ltr'><strong>Vide</strong></span> 
     </span>
    </p>
   </div>
   <div class='ocr_carea' id='block_1_50' title="bbox 569 4864 2137 4941">
    <p class='ocr_par' dir='ltr' id='par_1_50' title="bbox 569 4864 2137 4941">
     <span class='ocr_line' id='line_1_50' title="bbox 569 4864 2137 4941; baseline 0.005 -23"><span class='ocrx_word' id='word_1_382' title='bbox 569 4864 950 4935; x_wconf 67' lang='lat' dir='ltr'><strong>quomodo&#39;hic</strong></span> <span class='ocrx_word' id='word_1_383' title='bbox 991 4866 1197 4919; x_wconf 89' lang='lat' dir='ltr'><strong>vocavit</strong></span> <span class='ocrx_word' id='word_1_384' title='bbox 1238 4866 1503 4935; x_wconf 84' lang='lat' dir='ltr'><strong>perfectos</strong></span> <span class='ocrx_word' id='word_1_385' title='bbox 1545 4883 1640 4938; x_wconf 88' lang='lat' dir='ltr'><strong>per</strong></span> <span class='ocrx_word' id='word_1_386' title='bbox 1666 4884 1728 4925; x_wconf 88' lang='lat' dir='ltr'><strong>ea</strong></span> <span class='ocrx_word' id='word_1_387' title='bbox 1761 4885 1879 4940; x_wconf 66' lang='lat' dir='ltr'><strong>quae</strong></span> <span class='ocrx_word' id='word_1_388' title='bbox 1918 4871 2137 4941; x_wconf 89' lang='lat' dir='ltr'><strong>subjun-</strong></span> 
     </span>
    </p>
   </div>
   <div class='ocr_carea' id='block_1_51' title="bbox 571 4954 2143 5028">
    <p class='ocr_par' dir='ltr' id='par_1_51' title="bbox 571 4954 2143 5028">
     <span class='ocr_line' id='line_1_51' title="bbox 571 4954 2143 5028; baseline 0.006 -21"><span class='ocrx_word' id='word_1_389' title='bbox 571 4966 785 5023; x_wconf 80' lang='lat' dir='ltr'><strong>guntur,</strong></span> <span class='ocrx_word' id='word_1_390' title='bbox 816 4956 903 5009; x_wconf 75' lang='lat' dir='ltr'><strong>M.</strong></span> <span class='ocrx_word' id='word_1_391' title='bbox 941 4954 1007 5010; x_wconf 88' lang='lat' dir='ltr'><strong>Ut</strong></span> <span class='ocrx_word' id='word_1_392' title='bbox 1042 4956 1155 5028; x_wconf 85' lang='lat' dir='ltr'><strong>jam</strong></span> <span class='ocrx_word' id='word_1_393' title='bbox 1180 4973 1280 5009; x_wconf 93' lang='lat' dir='ltr'><strong>non</strong></span> <span class='ocrx_word' id='word_1_394' title='bbox 1309 4957 1466 5011; x_wconf 87' lang='lat' dir='ltr'><strong>simus</strong></span> <span class='ocrx_word' id='word_1_395' title='bbox 1493 4959 1716 5025; x_wconf 83' lang='lat' dir='ltr'><strong>parvuli.</strong></span> <span class='ocrx_word' id='word_1_396' title='bbox 1744 4958 1870 5015; x_wconf 61' lang='lat' dir='ltr'><strong>Haec</strong></span> <span class='ocrx_word' id='word_1_397' title='bbox 1917 4972 2033 5027; x_wconf 84' lang='lat' dir='ltr'><strong>est,</strong></span> <span class='ocrx_word' id='word_1_398' title='bbox 2063 4962 2143 5017; x_wconf 84' lang='lat' dir='ltr'><strong>in-</strong></span> 
     </span>
    </p>
   </div>
   <div class='ocr_carea' id='block_1_52' title="bbox 572 5048 2142 5122">
    <p class='ocr_par' dir='ltr' id='par_1_52' title="bbox 572 5048 2142 5122">
     <span class='ocr_line' id='line_1_52' title="bbox 572 5048 2142 5122; baseline 0.008 -24"><span class='ocrx_word' id='word_1_399' title='bbox 572 5048 704 5115; x_wconf 84' lang='lat' dir='ltr'><strong>quit,</strong></span> <span class='ocrx_word' id='word_1_400' title='bbox 734 5062 1003 5115; x_wconf 88' lang='lat' dir='ltr'><strong>mensura,</strong></span> <span class='ocrx_word' id='word_1_401' title='bbox 1027 5058 1083 5103; x_wconf 93' lang='lat' dir='ltr'><strong>ut</strong></span> <span class='ocrx_word' id='word_1_402' title='bbox 1109 5065 1334 5121; x_wconf 90' lang='lat' dir='ltr'><strong>paucum</strong></span> <span class='ocrx_word' id='word_1_403' title='bbox 1361 5051 1501 5121; x_wconf 91' lang='lat' dir='ltr'><strong>quod</strong></span> <span class='ocrx_word' id='word_1_404' title='bbox 1524 5052 1828 5122; x_wconf 89' lang='lat' dir='ltr'><strong>accepimus</strong></span> <span class='ocrx_word' id='word_1_405' title='bbox 1853 5057 1996 5109; x_wconf 91' lang='lat' dir='ltr'><strong>omni</strong></span> <span class='ocrx_word' id='word_1_406' title='bbox 2024 5066 2142 5110; x_wconf 89' lang='lat' dir='ltr'><strong>stu-</strong></span> 
     </span>
    </p>
   </div>
   <div class='ocr_carea' id='block_1_53' title="bbox 574 5142 2141 5216">
    <p class='ocr_par' dir='ltr' id='par_1_53' title="bbox 574 5142 2141 5216">
     <span class='ocr_line' id='line_1_53' title="bbox 574 5142 2141 5216; baseline 0.005 -21"><span class='ocrx_word' id='word_1_407' title='bbox 574 5142 661 5195; x_wconf 87' lang='lat' dir='ltr'><strong>dio</strong></span> <span class='ocrx_word' id='word_1_408' title='bbox 692 5142 1018 5212; x_wconf 89' lang='lat' dir='ltr'><strong>lirmiterque</strong></span> <span class='ocrx_word' id='word_1_409' title='bbox 1060 5158 1124 5197; x_wconf 89' lang='lat' dir='ltr'><strong>ac</strong></span> <span class='ocrx_word' id='word_1_410' title='bbox 1149 5142 1410 5199; x_wconf 89' lang='lat' dir='ltr'><strong>stabiliter</strong></span> <span class='ocrx_word' id='word_1_411' title='bbox 1449 5145 1791 5201; x_wconf 87' lang='lat' dir='ltr'><strong>retineamus.</strong></span> <span class='ocrx_word' id='word_1_412' title='bbox 1820 5145 1887 5200; x_wconf 89' lang='lat' dir='ltr'><strong>Ut</strong></span> <span class='ocrx_word' id='word_1_413' title='bbox 1903 5148 2016 5216; x_wconf 89' lang='lat' dir='ltr'><strong>jam</strong></span> <span class='ocrx_word' id='word_1_414' title='bbox 2042 5165 2141 5203; x_wconf 92' lang='lat' dir='ltr'><strong>non</strong></span> 
     </span>
    </p>
   </div>
   <div class='ocr_carea' id='block_1_54' title="bbox 574 5233 2142 5305">
    <p class='ocr_par' dir='ltr' id='par_1_54' title="bbox 574 5233 2142 5305">
     <span class='ocr_line' id='line_1_54' title="bbox 574 5233 2142 5305; baseline 0.005 -19"><span class='ocrx_word' id='word_1_415' title='bbox 574 5234 816 5302; x_wconf 79' lang='lat' dir='ltr'><strong>amplius.</strong></span> <span class='ocrx_word' id='word_1_416' title='bbox 848 5233 1003 5298; x_wconf 82' lang='lat' dir='ltr'><strong>Illud,</strong></span> <span class='ocrx_word' id='word_1_417' title='bbox 1033 5233 1155 5288; x_wconf 87' lang='lat' dir='ltr'><strong>Non</strong></span> <span class='ocrx_word' id='word_1_418' title='bbox 1182 5236 1422 5305; x_wconf 85' lang='lat' dir='ltr'><strong>amplius,</strong></span> <span class='ocrx_word' id='word_1_419' title='bbox 1447 5236 1679 5290; x_wconf 88' lang='lat' dir='ltr'><strong>ostendit</strong></span> <span class='ocrx_word' id='word_1_420' title='bbox 1707 5252 1800 5291; x_wconf 88' lang='lat' dir='ltr'><strong>eos</strong></span> <span class='ocrx_word' id='word_1_421' title='bbox 1825 5237 2142 5305; x_wconf 88' lang='lat' dir='ltr'><strong>jampridem</strong></span> 
     </span>
    </p>
   </div>
   <div class='ocr_carea' id='block_1_55' title="bbox 574 5324 2144 5396">
    <p class='ocr_par' dir='ltr' id='par_1_55' title="bbox 574 5324 2144 5396">
     <span class='ocr_line' id='line_1_55' title="bbox 574 5324 2144 5396; baseline 0.006 -18"><span class='ocrx_word' id='word_1_422' title='bbox 574 5325 645 5378; x_wconf 90' lang='lat' dir='ltr'><strong>ita</strong></span> <span class='ocrx_word' id='word_1_423' title='bbox 670 5324 830 5379; x_wconf 90' lang='lat' dir='ltr'><strong>fuisse</strong></span> <span class='ocrx_word' id='word_1_424' title='bbox 856 5325 1091 5390; x_wconf 67' lang='lat' dir='ltr'><strong>allectos,</strong></span> <span class='ocrx_word' id='word_1_425' title='bbox 1122 5334 1176 5380; x_wconf 88' lang='lat' dir='ltr'><strong>et</strong></span> <span class='ocrx_word' id='word_1_426' title='bbox 1200 5328 1431 5396; x_wconf 89' lang='lat' dir='ltr'><strong>seipsum</strong></span> <span class='ocrx_word' id='word_1_427' title='bbox 1457 5329 1602 5396; x_wconf 90' lang='lat' dir='ltr'><strong>ponit</strong></span> <span class='ocrx_word' id='word_1_428' title='bbox 1634 5329 1684 5381; x_wconf 92' lang='lat' dir='ltr'><strong>in</strong></span> <span class='ocrx_word' id='word_1_429' title='bbox 1712 5328 1828 5381; x_wconf 90' lang='lat' dir='ltr'><strong>loco</strong></span> <span class='ocrx_word' id='word_1_430' title='bbox 1858 5332 2144 5387; x_wconf 77' lang='lat' dir='ltr'><strong>correctio-</strong></span> 
     </span>
    </p>
   </div>
   <div class='ocr_carea' id='block_1_56' title="bbox 574 5416 2140 5491">
    <p class='ocr_par' dir='ltr' id='par_1_56' title="bbox 574 5416 2140 5491">
     <span class='ocr_line' id='line_1_56' title="bbox 574 5416 2140 5491; baseline 0.004 -21"><span class='ocrx_word' id='word_1_431' title='bbox 574 5416 691 5483; x_wconf 91' lang='lat' dir='ltr'><strong>nis,</strong></span> <span class='ocrx_word' id='word_1_432' title='bbox 720 5426 771 5473; x_wconf 88' lang='lat' dir='ltr'><strong>et</strong></span> <span class='ocrx_word' id='word_1_433' title='bbox 798 5418 1036 5488; x_wconf 90' lang='lat' dir='ltr'><strong>corrigit.</strong></span> <span class='ocrx_word' id='word_1_434' title='bbox 1071 5418 1356 5488; x_wconf 89' lang='lat' dir='ltr'><strong>Propterea</strong></span> <span class='ocrx_word' id='word_1_435' title='bbox 1385 5420 1544 5485; x_wconf 88' lang='lat' dir='ltr'><strong>dicit,</strong></span> <span class='ocrx_word' id='word_1_436' title='bbox 1578 5420 1678 5474; x_wconf 91' lang='lat' dir='ltr'><strong>Tot</strong></span> <span class='ocrx_word' id='word_1_437' title='bbox 1728 5420 1941 5475; x_wconf 86' lang='lat' dir='ltr'><strong>fuerunt</strong></span> <span class='ocrx_word' id='word_1_438' title='bbox 1968 5423 2097 5476; x_wconf 88' lang='lat' dir='ltr'><strong>fabri</strong></span> <span class='ocrx_word' id='word_1_439' title='bbox 2125 5465 2140 5491; x_wconf 94' lang='lat'><strong>,</strong></span> 
     </span>
    </p>
   </div>
   <div class='ocr_carea' id='block_1_57' title="bbox 576 5508 2144 5579">
    <p class='ocr_par' dir='ltr' id='par_1_57' title="bbox 576 5508 2144 5579">
     <span class='ocr_line' id='line_1_57' title="bbox 576 5508 2144 5579; baseline 0.006 -18"><span class='ocrx_word' id='word_1_440' title='bbox 576 5523 643 5563; x_wconf 91' lang='lat' dir='ltr'><strong>ne</strong></span> <span class='ocrx_word' id='word_1_441' title='bbox 668 5508 947 5564; x_wconf 65' lang='lat' dir='ltr'><strong>aediﬁcium</strong></span> <span class='ocrx_word' id='word_1_442' title='bbox 987 5509 1358 5576; x_wconf 84' lang='lat' dir='ltr'><strong>labefactetur,</strong></span> <span class='ocrx_word' id='word_1_443' title='bbox 1388 5527 1453 5565; x_wconf 92' lang='lat' dir='ltr'><strong>ne</strong></span> <span class='ocrx_word' id='word_1_444' title='bbox 1482 5513 1904 5579; x_wconf 89' lang='lat' dir='ltr'><strong>circumferatur,</strong></span> <span class='ocrx_word' id='word_1_445' title='bbox 1940 5524 1995 5568; x_wconf 92' lang='lat' dir='ltr'><strong>ut</strong></span> <span class='ocrx_word' id='word_1_446' title='bbox 2039 5516 2144 5571; x_wconf 92' lang='lat' dir='ltr'><strong>sint</strong></span> 
     </span>
    </p>
   </div>
   <div class='ocr_carea' id='block_1_58' title="bbox 576 5597 2145 5673">
    <p class='ocr_par' dir='ltr' id='par_1_58' title="bbox 576 5597 2145 5673">
     <span class='ocr_line' id='line_1_58' title="bbox 576 5597 2145 5673; baseline 0.007 -22"><span class='ocrx_word' id='word_1_447' title='bbox 576 5597 778 5667; x_wconf 85' lang='lat' dir='ltr'><strong>lapides</strong></span> <span class='ocrx_word' id='word_1_448' title='bbox 803 5599 937 5654; x_wconf 85' lang='lat' dir='ltr'><strong>firmi</strong></span> <span class='ocrx_word' id='word_1_449' title='bbox 966 5609 1021 5656; x_wconf 90' lang='lat' dir='ltr'><strong>et</strong></span> <span class='ocrx_word' id='word_1_450' title='bbox 1048 5601 1285 5656; x_wconf 87' lang='lat' dir='ltr'><strong>stabiles.</strong></span> <span class='ocrx_word' id='word_1_451' title='bbox 1316 5601 1427 5655; x_wconf 88' lang='lat' dir='ltr'><strong>Hoc</strong></span> <span class='ocrx_word' id='word_1_452' title='bbox 1454 5603 1596 5656; x_wconf 90' lang='lat' dir='ltr'><strong>enim</strong></span> <span class='ocrx_word' id='word_1_453' title='bbox 1625 5613 1707 5657; x_wconf 88' lang='lat' dir='ltr'><strong>est</strong></span> <span class='ocrx_word' id='word_1_454' title='bbox 1736 5603 1969 5673; x_wconf 86' lang='lat' dir='ltr'><strong>illorum,</strong></span> <span class='ocrx_word' id='word_1_455' title='bbox 2001 5624 2145 5661; x_wconf 87' lang='lat' dir='ltr'><strong>nem-</strong></span> 
     </span>
    </p>
   </div>
   <div class='ocr_carea' id='block_1_59' title="bbox 577 5688 2141 5758">
    <p class='ocr_par' dir='ltr' id='par_1_59' title="bbox 577 5688 2141 5758">
     <span class='ocr_line' id='line_1_59' title="bbox 577 5688 2141 5758; baseline 0.008 -17"><span class='ocrx_word' id='word_1_456' title='bbox 577 5704 643 5758; x_wconf 91' lang='lat' dir='ltr'><strong>pe</strong></span> <span class='ocrx_word' id='word_1_457' title='bbox 686 5688 942 5747; x_wconf 87' lang='lat' dir='ltr'><strong>ﬁuctuare</strong></span> <span class='ocrx_word' id='word_1_458' title='bbox 965 5733 980 5756; x_wconf 96' lang='lat'><strong>,</strong></span> <span class='ocrx_word' id='word_1_459' title='bbox 1010 5693 1262 5749; x_wconf 75' lang='lat' dir='ltr'><strong>vacillare</strong></span> <span class='ocrx_word' id='word_1_460' title='bbox 1286 5735 1301 5758; x_wconf 95' lang='lat'><strong>,</strong></span> <span class='ocrx_word' id='word_1_461' title='bbox 1340 5692 1668 5747; x_wconf 86' lang='lat' dir='ltr'><strong>circumferri</strong></span> <span class='ocrx_word' id='word_1_462' title='bbox 1696 5704 1749 5747; x_wconf 89' lang='lat' dir='ltr'><strong>et</strong></span> <span class='ocrx_word' id='word_1_463' title='bbox 1780 5694 2035 5751; x_wconf 83' lang='lat' dir='ltr'><strong>labeﬁeri.</strong></span> <span class='ocrx_word' id='word_1_464' title='bbox 2074 5699 2141 5754; x_wconf 88' lang='lat' dir='ltr'><strong>Ut</strong></span> 
     </span>
    </p>
   </div>
   <div class='ocr_carea' id='block_1_60' title="bbox 562 5775 2140 5856">
    <p class='ocr_par' dir='ltr' id='par_1_60' title="bbox 562 5775 2140 5856">
     <span class='ocr_line' id='line_1_60' title="bbox 562 5775 2140 5856; baseline 0.013 -27"><span class='ocrx_word' id='word_1_465' title='bbox 562 5775 676 5844; x_wconf 85' lang='lat' dir='ltr'><strong>jam</strong></span> <span class='ocrx_word' id='word_1_466' title='bbox 703 5796 800 5834; x_wconf 91' lang='lat' dir='ltr'><strong>non</strong></span> <span class='ocrx_word' id='word_1_467' title='bbox 831 5782 985 5837; x_wconf 86' lang='lat' dir='ltr'><strong>simus</strong></span> <span class='ocrx_word' id='word_1_468' title='bbox 1014 5784 1232 5855; x_wconf 87' lang='lat' dir='ltr'><strong>amplius</strong></span> <span class='ocrx_word' id='word_1_469' title='bbox 1261 5786 1479 5856; x_wconf 75' lang='lat' dir='ltr'><strong>parvuli,</strong></span> <span class='ocrx_word' id='word_1_470' title='bbox 1506 5786 1827 5856; x_wconf 81' lang='lat' dir='ltr'><strong>ﬂuctuantes,</strong></span> <span class='ocrx_word' id='word_1_471' title='bbox 1859 5800 1904 5842; x_wconf 87' lang='lat' dir='ltr'><strong>et</strong></span> <span class='ocrx_word' id='word_1_472' title='bbox 1924 5793 2140 5849; x_wconf 82' lang='lat' dir='ltr'><strong>circum-</strong></span> 
     </span>
    </p>
   </div>
   <div class='ocr_carea' id='block_1_61' title="bbox 1258 351 3739 423">
    <p class='ocr_par' dir='ltr' id='par_1_61' title="bbox 1258 351 3739 423">
     <span class='ocr_line' id='line_1_61' title="bbox 1258 351 3739 423; baseline -0.007 0"><span class='ocrx_word' id='word_1_473' title='bbox 1258 368 1314 423; x_wconf 92' lang='lat' dir='ltr'><strong>S.</strong></span> <span class='ocrx_word' id='word_1_474' title='bbox 1353 362 1626 420; x_wconf 76' lang='lat' dir='ltr'><strong>JOANNIS</strong></span> <span class='ocrx_word' id='word_1_475' title='bbox 1662 351 2126 417; x_wconf 77' lang='lat' dir='ltr'><strong>CllRVSOSTOMl</strong></span> <span class='ocrx_word' id='word_1_476' title='bbox 2164 351 2474 409; x_wconf 79' lang='lat' dir='ltr'><strong>ARCHIEP.</strong></span> <span class='ocrx_word' id='word_1_477' title='bbox 2514 351 3032 409; x_wconf 83' lang='lat' dir='ltr'><strong>CONSTANTINOP.</strong></span> <span class='ocrx_word' id='word_1_478' title='bbox 3674 354 3739 406; x_wconf 65' lang='grc' dir='ltr'><strong>δι</strong></span> 
     </span>
    </p>
   </div>
   <div class='ocr_carea' id='block_1_62' title="bbox 2175 465 3745 538">
    <p class='ocr_par' dir='ltr' id='par_1_62' title="bbox 2175 465 3745 538">
     <span class='ocr_line' id='line_1_62' title="bbox 2175 465 3745 538; baseline 0.004 -21"><span class='ocrx_word' id='word_1_479' title='bbox 2175 465 2398 535; x_wconf 73' lang='lat' dir='ltr'><strong>ferantur</strong></span> <span class='ocrx_word' id='word_1_480' title='bbox 2435 468 2572 519; x_wconf 89' lang='lat' dir='ltr'><strong>omni</strong></span> <span class='ocrx_word' id='word_1_481' title='bbox 2619 468 3031 521; x_wconf 79' lang='lat' dir='ltr'><strong>ventd&#39;doctrinw</strong></span> <span class='ocrx_word' id='word_1_482' title='bbox 3057 468 3109 521; x_wconf 87' lang='lat' dir='ltr'><strong>in</strong></span> <span class='ocrx_word' id='word_1_483' title='bbox 3137 468 3358 538; x_wconf 85' lang='lat' dir='ltr'><strong>nequitia</strong></span> <span class='ocrx_word' id='word_1_484' title='bbox 3383 468 3661 529; x_wconf 78' lang='lat' dir='ltr'><strong>hominum.</strong></span> <span class='ocrx_word' id='word_1_485' title='bbox 3693 472 3745 524; x_wconf 80' lang='lat' dir='ltr'><strong>in</strong></span> 
     </span>
    </p>
   </div>
   <div class='ocr_carea' id='block_1_63' title="bbox 2175 556 3747 631">
    <p class='ocr_par' dir='ltr' id='par_1_63' title="bbox 2175 556 3747 631">
     <span class='ocr_line' id='line_1_63' title="bbox 2175 556 3747 631; baseline 0.004 -23"><span class='ocrx_word' id='word_1_486' title='bbox 2175 558 2361 611; x_wconf 88' lang='lat' dir='ltr'><strong>astutia</strong></span> <span class='ocrx_word' id='word_1_487' title='bbox 2386 556 2455 611; x_wconf 88' lang='lat' dir='ltr'><strong>ad</strong></span> <span class='ocrx_word' id='word_1_488' title='bbox 2483 559 2950 612; x_wconf 84' lang='lat' dir='ltr'><strong>circumventionem</strong></span> <span class='ocrx_word' id='word_1_489' title='bbox 2976 559 3182 612; x_wconf 87' lang='lat' dir='ltr'><strong>erroris.</strong></span> <span class='ocrx_word' id='word_1_490' title='bbox 3212 557 3283 613; x_wconf 84' lang='lat' dir='ltr'><strong>Et</strong></span> <span class='ocrx_word' id='word_1_491' title='bbox 3312 561 3747 631; x_wconf 74' lang='lat' dir='ltr'><strong>circumferuntur,</strong></span> 
     </span>
    </p>
   </div>
   <div class='ocr_carea' id='block_1_64' title="bbox 2177 647 3749 721">
    <p class='ocr_par' dir='ltr' id='par_1_64' title="bbox 2177 647 3749 721">
     <span class='ocr_line' id='line_1_64' title="bbox 2177 647 3749 721; baseline 0.004 -20"><span class='ocrx_word' id='word_1_492' title='bbox 2177 647 2379 716; x_wconf 89' lang='lat' dir='ltr'><strong>inquit,</strong></span> <span class='ocrx_word' id='word_1_493' title='bbox 2411 649 2547 701; x_wconf 86' lang='lat' dir='ltr'><strong>omni</strong></span> <span class='ocrx_word' id='word_1_494' title='bbox 2593 658 2758 704; x_wconf 83' lang='lat' dir='ltr'><strong>vento.</strong></span> <span class='ocrx_word' id='word_1_495' title='bbox 2806 649 3166 719; x_wconf 86' lang='lat' dir='ltr'><strong>Prosequutus</strong></span> <span class='ocrx_word' id='word_1_496' title='bbox 3214 658 3298 705; x_wconf 84' lang='lat' dir='ltr'><strong>est</strong></span> <span class='ocrx_word' id='word_1_497' title='bbox 3339 652 3749 721; x_wconf 85' lang='lat' dir='ltr'><strong>metaphoram,</strong></span> 
     </span>
    </p>
   </div>
   <div class='ocr_carea' id='block_1_65' title="bbox 2178 739 3750 811">
    <p class='ocr_par' dir='ltr' id='par_1_65' title="bbox 2178 739 3750 811">
     <span class='ocr_line' id='line_1_65' title="bbox 2178 739 3750 811; baseline 0.001 -18"><span class='ocrx_word' id='word_1_498' title='bbox 2178 739 2468 794; x_wconf 90' lang='lat' dir='ltr'><strong>ostendens</strong></span> <span class='ocrx_word' id='word_1_499' title='bbox 2496 740 2548 793; x_wconf 93' lang='lat' dir='ltr'><strong>in</strong></span> <span class='ocrx_word' id='word_1_500' title='bbox 2576 755 2681 810; x_wconf 92' lang='lat' dir='ltr'><strong>quo</strong></span> <span class='ocrx_word' id='word_1_501' title='bbox 2710 741 2946 809; x_wconf 89' lang='lat' dir='ltr'><strong>periculo</strong></span> <span class='ocrx_word' id='word_1_502' title='bbox 2969 751 3094 795; x_wconf 92' lang='lat' dir='ltr'><strong>sunt</strong></span> <span class='ocrx_word' id='word_1_503' title='bbox 3118 741 3309 796; x_wconf 62' lang='lat' dir='ltr'><strong>animae</strong></span> <span class='ocrx_word' id='word_1_504' title='bbox 3337 756 3456 811; x_wconf 69' lang='lat' dir='ltr'><strong>qua:</strong></span> <span class='ocrx_word' id='word_1_505' title='bbox 3484 742 3750 797; x_wconf 89' lang='lat' dir='ltr'><strong>dubitant.</strong></span> 
     </span>
    </p>
   </div>
   <div class='ocr_carea' id='block_1_66' title="bbox 2185 830 3757 902">
    <p class='ocr_par' dir='ltr' id='par_1_66' title="bbox 2185 830 3757 902">
     <span class='ocr_line' id='line_1_66' title="bbox 2185 830 3757 902; baseline 0.002 -18"><span class='ocrx_word' id='word_1_506' title='bbox 2185 830 2353 894; x_wconf 90' lang='lat' dir='ltr'><strong>Omni,</strong></span> <span class='ocrx_word' id='word_1_507' title='bbox 2386 831 2576 901; x_wconf 90' lang='lat' dir='ltr'><strong>inquit,</strong></span> <span class='ocrx_word' id='word_1_508' title='bbox 2604 844 2769 899; x_wconf 84' lang='lat' dir='ltr'><strong>uento,</strong></span> <span class='ocrx_word' id='word_1_509' title='bbox 2802 833 2853 886; x_wconf 92' lang='lat' dir='ltr'><strong>in</strong></span> <span class='ocrx_word' id='word_1_510' title='bbox 2884 833 3155 902; x_wconf 88' lang='lat' dir='ltr'><strong>nequitiam</strong></span> <span class='ocrx_word' id='word_1_511' title='bbox 3180 833 3456 899; x_wconf 85' lang='lat' dir='ltr'><strong>hominum,</strong></span> <span class='ocrx_word' id='word_1_512' title='bbox 3488 834 3541 887; x_wconf 82' lang='lat' dir='ltr'><strong>in</strong></span> <span class='ocrx_word' id='word_1_513' title='bbox 3564 835 3757 888; x_wconf 85' lang='lat' dir='ltr'><strong>astutia</strong></span> 
     </span>
    </p>
   </div>
   <div class='ocr_carea' id='block_1_67' title="bbox 2182 923 3757 995">
    <p class='ocr_par' dir='ltr' id='par_1_67' title="bbox 2182 923 3757 995">
     <span class='ocr_line' id='line_1_67' title="bbox 2182 923 3757 995; baseline 0.004 -22"><span class='ocrx_word' id='word_1_514' title='bbox 2182 923 2249 974; x_wconf 83' lang='lat' dir='ltr'><strong>ad</strong></span> <span class='ocrx_word' id='word_1_515' title='bbox 2293 923 2759 976; x_wconf 84' lang='lat' dir='ltr'><strong>circumuentionem</strong></span> <span class='ocrx_word' id='word_1_516' title='bbox 2807 923 3009 977; x_wconf 85' lang='lat' dir='ltr'><strong>erroris.</strong></span> <span class='ocrx_word' id='word_1_517' title='bbox 3062 929 3299 978; x_wconf 71' lang='grc' dir='ltr'><strong>Κυϐευταί</strong></span> <span class='ocrx_word' id='word_1_518' title='bbox 3361 924 3609 980; x_wconf 89' lang='lat' dir='ltr'><strong>dicuntur</strong></span> <span class='ocrx_word' id='word_1_519' title='bbox 3664 926 3757 995; x_wconf 88' lang='lat' dir='ltr'><strong>qui</strong></span> 
     </span>
    </p>
   </div>
   <div class='ocr_carea' id='block_1_68' title="bbox 2182 1012 3763 1085">
    <p class='ocr_par' dir='ltr' id='par_1_68' title="bbox 2182 1012 3763 1085">
     <span class='ocr_line' id='line_1_68' title="bbox 2182 1012 3763 1085; baseline 0.001 -18"><span class='ocrx_word' id='word_1_520' title='bbox 2182 1021 2404 1067; x_wconf 90' lang='lat' dir='ltr'><strong>utuntur</strong></span> <span class='ocrx_word' id='word_1_521' title='bbox 2420 1013 2559 1068; x_wconf 90' lang='lat' dir='ltr'><strong>talis.</strong></span> <span class='ocrx_word' id='word_1_522' title='bbox 2577 1012 2734 1068; x_wconf 89' lang='lat' dir='ltr'><strong>Tales</strong></span> <span class='ocrx_word' id='word_1_523' title='bbox 2759 1022 2884 1068; x_wconf 89' lang='lat' dir='ltr'><strong>sunt</strong></span> <span class='ocrx_word' id='word_1_524' title='bbox 2908 1014 2997 1083; x_wconf 92' lang='lat' dir='ltr'><strong>qui</strong></span> <span class='ocrx_word' id='word_1_525' title='bbox 3026 1024 3150 1068; x_wconf 89' lang='lat' dir='ltr'><strong>sunt</strong></span> <span class='ocrx_word' id='word_1_526' title='bbox 3174 1014 3306 1067; x_wconf 83' lang='lat' dir='ltr'><strong>vafri</strong></span> <span class='ocrx_word' id='word_1_527' title='bbox 3333 1024 3387 1070; x_wconf 87' lang='lat' dir='ltr'><strong>et</strong></span> <span class='ocrx_word' id='word_1_528' title='bbox 3407 1017 3588 1082; x_wconf 89' lang='lat' dir='ltr'><strong>astuti,</strong></span> <span class='ocrx_word' id='word_1_529' title='bbox 3614 1026 3763 1085; x_wconf 81' lang='lat' dir='ltr'><strong>post-</strong></span> 
     </span>
    </p>
   </div>
   <div class='ocr_carea' id='block_1_69' title="bbox 2186 1102 3762 1173">
    <p class='ocr_par' dir='ltr' id='par_1_69' title="bbox 2186 1102 3762 1173">
     <span class='ocr_line' id='line_1_69' title="bbox 2186 1102 3762 1173; baseline 0.003 -18"><span class='ocrx_word' id='word_1_530' title='bbox 2186 1118 2341 1173; x_wconf 87' lang='lat' dir='ltr'><strong>quam</strong></span> <span class='ocrx_word' id='word_1_531' title='bbox 2369 1103 2607 1172; x_wconf 89' lang='lat' dir='ltr'><strong>ceperint</strong></span> <span class='ocrx_word' id='word_1_532' title='bbox 2635 1102 2987 1173; x_wconf 90' lang='lat' dir='ltr'><strong>simpliciores</strong></span> <span class='ocrx_word' id='word_1_533' title='bbox 3017 1120 3030 1156; x_wconf 90' lang='lat'><strong>:</strong></span> <span class='ocrx_word' id='word_1_534' title='bbox 3061 1103 3137 1158; x_wconf 90' lang='lat' dir='ltr'><strong>illi</strong></span> <span class='ocrx_word' id='word_1_535' title='bbox 3178 1104 3321 1159; x_wconf 89' lang='lat' dir='ltr'><strong>enim</strong></span> <span class='ocrx_word' id='word_1_536' title='bbox 3362 1106 3538 1159; x_wconf 91' lang='lat' dir='ltr'><strong>omnia</strong></span> <span class='ocrx_word' id='word_1_537' title='bbox 3587 1115 3762 1159; x_wconf 79' lang='lat' dir='ltr'><strong>trans—-</strong></span> 
     </span>
    </p>
   </div>
   <div class='ocr_carea' id='block_1_70' title="bbox 2187 1193 3760 1273">
    <p class='ocr_par' dir='ltr' id='par_1_70' title="bbox 2187 1193 3760 1273">
     <span class='ocr_line' id='line_1_70' title="bbox 2187 1193 3760 1273; baseline 0.003 -25"><span class='ocrx_word' id='word_1_538' title='bbox 2187 1204 2391 1266; x_wconf 91' lang='lat' dir='ltr'><strong>ponunt</strong></span> <span class='ocrx_word' id='word_1_539' title='bbox 2413 1203 2467 1249; x_wconf 91' lang='lat' dir='ltr'><strong>et</strong></span> <span class='ocrx_word' id='word_1_540' title='bbox 2496 1193 2844 1273; x_wconf 86' lang='lat' dir='ltr'><strong>transferunt.</strong></span> <span class='ocrx_word' id='word_1_541' title='bbox 2881 1194 2979 1249; x_wconf 89' lang='lat' dir='ltr'><strong>llic</strong></span> <span class='ocrx_word' id='word_1_542' title='bbox 3005 1195 3165 1249; x_wconf 88' lang='lat' dir='ltr'><strong>vitam</strong></span> <span class='ocrx_word' id='word_1_543' title='bbox 3207 1211 3419 1266; x_wconf 89' lang='lat' dir='ltr'><strong>quoque</strong></span> <span class='ocrx_word' id='word_1_544' title='bbox 3447 1198 3637 1267; x_wconf 83' lang='lat' dir='ltr'><strong>tetigit.</strong></span> <span class='ocrx_word' id='word_1_545' title='bbox 3667 1198 3760 1252; x_wconf 79' lang='grc'><strong>15.</strong></span> 
     </span>
    </p>
   </div>
   <div class='ocr_carea' id='block_1_71' title="bbox 2198 1284 3765 1357">
    <p class='ocr_par' dir='ltr' id='par_1_71' title="bbox 2198 1284 3765 1357">
     <span class='ocr_line' id='line_1_71' title="bbox 2198 1284 3765 1357; baseline 0.003 -17"><span class='ocrx_word' id='word_1_546' title='bbox 2198 1284 2469 1341; x_wconf 86' lang='lat' dir='ltr'><strong>Veritatem</strong></span> <span class='ocrx_word' id='word_1_547' title='bbox 2493 1294 2660 1340; x_wconf 87' lang='lat' dir='ltr'><strong>autem</strong></span> <span class='ocrx_word' id='word_1_548' title='bbox 2687 1288 2922 1357; x_wconf 80' lang='lat' dir='ltr'><strong>facientes</strong></span> <span class='ocrx_word' id='word_1_549' title='bbox 2948 1287 3001 1340; x_wconf 90' lang='lat' dir='ltr'><strong>in</strong></span> <span class='ocrx_word' id='word_1_550' title='bbox 3029 1288 3253 1353; x_wconf 86' lang='lat' dir='ltr'><strong>caritate,</strong></span> <span class='ocrx_word' id='word_1_551' title='bbox 3285 1304 3566 1343; x_wconf 87' lang='lat' dir='ltr'><strong>crescamus</strong></span> <span class='ocrx_word' id='word_1_552' title='bbox 3594 1291 3648 1343; x_wconf 88' lang='lat' dir='ltr'><strong>in</strong></span> <span class='ocrx_word' id='word_1_553' title='bbox 3670 1290 3765 1345; x_wconf 88' lang='lat' dir='ltr'><strong>illo</strong></span> 
     </span>
    </p>
   </div>
   <div class='ocr_carea' id='block_1_72' title="bbox 2192 1377 3767 1450">
    <p class='ocr_par' dir='ltr' id='par_1_72' title="bbox 2192 1377 3767 1450">
     <span class='ocr_line' id='line_1_72' title="bbox 2192 1377 3767 1450; baseline 0.001 -17"><span class='ocrx_word' id='word_1_554' title='bbox 2192 1395 2283 1449; x_wconf 88' lang='lat' dir='ltr'><strong>per</strong></span> <span class='ocrx_word' id='word_1_555' title='bbox 2310 1379 2497 1442; x_wconf 88' lang='lat' dir='ltr'><strong>omnia,</strong></span> <span class='ocrx_word' id='word_1_556' title='bbox 2524 1380 2610 1449; x_wconf 84' lang='lat' dir='ltr'><strong>qui</strong></span> <span class='ocrx_word' id='word_1_557' title='bbox 2650 1388 2722 1432; x_wconf 87' lang='lat' dir='ltr'><strong>est</strong></span> <span class='ocrx_word' id='word_1_558' title='bbox 2757 1388 2908 1447; x_wconf 90' lang='lat' dir='ltr'><strong>caput</strong></span> <span class='ocrx_word' id='word_1_559' title='bbox 2947 1377 3197 1443; x_wconf 81' lang='lat' dir='ltr'><strong>Christus,</strong></span> <span class='ocrx_word' id='word_1_560' title='bbox 3228 1379 3314 1433; x_wconf 83' lang='grc'><strong>16.</strong></span> <span class='ocrx_word' id='word_1_561' title='bbox 3343 1395 3405 1432; x_wconf 77' lang='lat' dir='ltr'><strong>ea:</strong></span> <span class='ocrx_word' id='word_1_562' title='bbox 3442 1396 3538 1450; x_wconf 86' lang='lat' dir='ltr'><strong>quo</strong></span> <span class='ocrx_word' id='word_1_563' title='bbox 3557 1422 3573 1446; x_wconf 89' lang='lat'><strong>,</strong></span> <span class='ocrx_word' id='word_1_564' title='bbox 3607 1390 3767 1434; x_wconf 82' lang='lat' dir='ltr'><strong>totum</strong></span> 
     </span>
    </p>
   </div>
   <div class='ocr_carea' id='block_1_73' title="bbox 2191 1475 3769 1543">
    <p class='ocr_par' dir='ltr' id='par_1_73' title="bbox 2191 1475 3769 1543">
     <span class='ocr_line' id='line_1_73' title="bbox 2191 1475 3769 1543; baseline 0.002 -17"><span class='ocrx_word' id='word_1_565' title='bbox 2191 1488 2373 1542; x_wconf 84' lang='lat' dir='ltr'><strong>corpus</strong></span> <span class='ocrx_word' id='word_1_566' title='bbox 2400 1479 2713 1542; x_wconf 88' lang='lat' dir='ltr'><strong>compactum</strong></span> <span class='ocrx_word' id='word_1_567' title='bbox 2741 1481 2787 1525; x_wconf 89' lang='lat' dir='ltr'><strong>et</strong></span> <span class='ocrx_word' id='word_1_568' title='bbox 2824 1488 3105 1525; x_wconf 82' lang='lat' dir='ltr'><strong>connexum</strong></span> <span class='ocrx_word' id='word_1_569' title='bbox 3130 1488 3219 1540; x_wconf 90' lang='lat' dir='ltr'><strong>per</strong></span> <span class='ocrx_word' id='word_1_570' title='bbox 3242 1488 3442 1528; x_wconf 88' lang='lat' dir='ltr'><strong>omnem</strong></span> <span class='ocrx_word' id='word_1_571' title='bbox 3469 1475 3769 1543; x_wconf 82' lang='lat' dir='ltr'><strong>juncturam</strong></span> 
     </span>
    </p>
   </div>
   <div class='ocr_carea' id='block_1_74' title="bbox 2193 1562 3770 1633">
    <p class='ocr_par' dir='ltr' id='par_1_74' title="bbox 2193 1562 3770 1633">
     <span class='ocr_line' id='line_1_74' title="bbox 2193 1562 3770 1633; baseline 0.001 -15"><span class='ocrx_word' id='word_1_572' title='bbox 2193 1564 2683 1629; x_wconf 85' lang='lat' dir='ltr'><strong>subministrationis,</strong></span> <span class='ocrx_word' id='word_1_573' title='bbox 2714 1562 2990 1617; x_wconf 85' lang='lat' dir='ltr'><strong>secundum</strong></span> <span class='ocrx_word' id='word_1_574' title='bbox 3023 1564 3361 1633; x_wconf 88' lang='lat' dir='ltr'><strong>operationem</strong></span> <span class='ocrx_word' id='word_1_575' title='bbox 3389 1565 3443 1618; x_wconf 87' lang='lat' dir='ltr'><strong>in</strong></span> <span class='ocrx_word' id='word_1_576' title='bbox 3479 1582 3770 1620; x_wconf 82' lang='lat' dir='ltr'><strong>mensuram</strong></span> 
     </span>
    </p>
   </div>
   <div class='ocr_carea' id='block_1_75' title="bbox 2195 1655 3769 1729">
    <p class='ocr_par' dir='ltr' id='par_1_75' title="bbox 2195 1655 3769 1729">
     <span class='ocr_line' id='line_1_75' title="bbox 2195 1655 3769 1729; baseline 0.002 -21"><span class='ocrx_word' id='word_1_577' title='bbox 2195 1655 2588 1726; x_wconf 87' lang='lat' dir='ltr'><strong>uniuscujusque</strong></span> <span class='ocrx_word' id='word_1_578' title='bbox 2628 1655 2873 1718; x_wconf 87' lang='lat' dir='ltr'><strong>membri,</strong></span> <span class='ocrx_word' id='word_1_579' title='bbox 2920 1664 3243 1724; x_wconf 85' lang='lat' dir='ltr'><strong>augmentum</strong></span> <span class='ocrx_word' id='word_1_580' title='bbox 3282 1657 3512 1726; x_wconf 73' lang='lat' dir='ltr'><strong>corporis</strong></span> <span class='ocrx_word' id='word_1_581' title='bbox 3557 1659 3681 1729; x_wconf 77' lang='lat' dir='ltr'><strong>facit</strong></span> <span class='ocrx_word' id='word_1_582' title='bbox 3716 1659 3769 1712; x_wconf 82' lang='lat' dir='ltr'><strong>in</strong></span> 
     </span>
    </p>
   </div>
   <div class='ocr_carea' id='block_1_76' title="bbox 2197 1747 3771 1817">
    <p class='ocr_par' dir='ltr' id='par_1_76' title="bbox 2197 1747 3771 1817">
     <span class='ocr_line' id='line_1_76' title="bbox 2197 1747 3771 1817; baseline 0.002 -15"><span class='ocrx_word' id='word_1_583' title='bbox 2197 1747 2583 1817; x_wconf 68' lang='lat' dir='ltr'><strong>aediﬁcationem</strong></span> <span class='ocrx_word' id='word_1_584' title='bbox 2624 1750 2705 1802; x_wconf 85' lang='lat' dir='ltr'><strong>sui</strong></span> <span class='ocrx_word' id='word_1_585' title='bbox 2745 1750 2798 1801; x_wconf 89' lang='lat' dir='ltr'><strong>in</strong></span> <span class='ocrx_word' id='word_1_586' title='bbox 2834 1748 3060 1801; x_wconf 80' lang='lat' dir='ltr'><strong>caritate.</strong></span> <span class='ocrx_word' id='word_1_587' title='bbox 3095 1747 3332 1804; x_wconf 88' lang='lat' dir='ltr'><strong>Obscure</strong></span> <span class='ocrx_word' id='word_1_588' title='bbox 3372 1748 3660 1805; x_wconf 88' lang='lat' dir='ltr'><strong>admodum</strong></span> <span class='ocrx_word' id='word_1_589' title='bbox 3688 1761 3771 1807; x_wconf 77' lang='lat' dir='ltr'><strong>est</strong></span> 
     </span>
    </p>
   </div>
   <div class='ocr_carea' id='block_1_77' title="bbox 2201 1838 3770 1908">
    <p class='ocr_par' dir='ltr' id='par_1_77' title="bbox 2201 1838 3770 1908">
     <span class='ocr_line' id='line_1_77' title="bbox 2201 1838 3770 1908; baseline 0.003 -17"><span class='ocrx_word' id='word_1_590' title='bbox 2201 1838 2595 1907; x_wconf 89' lang='lat' dir='ltr'><strong>interpretatus,</strong></span> <span class='ocrx_word' id='word_1_591' title='bbox 2633 1853 2698 1893; x_wconf 88' lang='lat' dir='ltr'><strong>eo</strong></span> <span class='ocrx_word' id='word_1_592' title='bbox 2740 1839 2880 1908; x_wconf 93' lang='lat' dir='ltr'><strong>quod</strong></span> <span class='ocrx_word' id='word_1_593' title='bbox 2911 1838 3137 1893; x_wconf 88' lang='lat' dir='ltr'><strong>voluerit</strong></span> <span class='ocrx_word' id='word_1_594' title='bbox 3176 1840 3355 1894; x_wconf 88' lang='lat' dir='ltr'><strong>omnia</strong></span> <span class='ocrx_word' id='word_1_595' title='bbox 3379 1841 3535 1896; x_wconf 89' lang='lat' dir='ltr'><strong>simul</strong></span> <span class='ocrx_word' id='word_1_596' title='bbox 3566 1842 3770 1899; x_wconf 89' lang='lat' dir='ltr'><strong>dicere.</strong></span> 
     </span>
    </p>
   </div>
   <div class='ocr_carea' id='block_1_78' title="bbox 2204 1929 3776 2003">
    <p class='ocr_par' dir='ltr' id='par_1_78' title="bbox 2204 1929 3776 2003">
     <span class='ocr_line' id='line_1_78' title="bbox 2204 1929 3776 2003; baseline 0.004 -20"><span class='ocrx_word' id='word_1_597' title='bbox 2204 1929 2316 1985; x_wconf 88' lang='lat' dir='ltr'><strong>lloc</strong></span> <span class='ocrx_word' id='word_1_598' title='bbox 2339 1936 2424 1985; x_wconf 89' lang='lat' dir='ltr'><strong>est</strong></span> <span class='ocrx_word' id='word_1_599' title='bbox 2449 1939 2624 1984; x_wconf 89' lang='lat' dir='ltr'><strong>autem</strong></span> <span class='ocrx_word' id='word_1_600' title='bbox 2646 1930 2785 2000; x_wconf 89' lang='lat' dir='ltr'><strong>quod</strong></span> <span class='ocrx_word' id='word_1_601' title='bbox 2812 1931 2940 1986; x_wconf 92' lang='lat' dir='ltr'><strong>dicit</strong></span> <span class='ocrx_word' id='word_1_602' title='bbox 2968 1949 2981 1984; x_wconf 89' lang='lat'><strong>:</strong></span> <span class='ocrx_word' id='word_1_603' title='bbox 3008 1932 3157 1987; x_wconf 87' lang='lat' dir='ltr'><strong>Sicut</strong></span> <span class='ocrx_word' id='word_1_604' title='bbox 3185 1932 3402 2001; x_wconf 84' lang='lat' dir='ltr'><strong>spiritus</strong></span> <span class='ocrx_word' id='word_1_605' title='bbox 3432 1934 3520 2003; x_wconf 88' lang='lat' dir='ltr'><strong>qui</strong></span> <span class='ocrx_word' id='word_1_606' title='bbox 3548 1934 3776 1990; x_wconf 87' lang='lat' dir='ltr'><strong>descen-</strong></span> 
     </span>
    </p>
   </div>
   <div class='ocr_carea' id='block_1_79' title="bbox 2203 2023 3779 2096">
    <p class='ocr_par' dir='ltr' id='par_1_79' title="bbox 2203 2023 3779 2096">
     <span class='ocr_line' id='line_1_79' title="bbox 2203 2023 3779 2096; baseline 0.003 -19"><span class='ocrx_word' id='word_1_607' title='bbox 2203 2023 2280 2077; x_wconf 90' lang='lat' dir='ltr'><strong>dit</strong></span> <span class='ocrx_word' id='word_1_608' title='bbox 2305 2037 2336 2078; x_wconf 89' lang='lat' dir='ltr'><strong>a</strong></span> <span class='ocrx_word' id='word_1_609' title='bbox 2370 2023 2610 2088; x_wconf 88' lang='lat' dir='ltr'><strong>cerebro,</strong></span> <span class='ocrx_word' id='word_1_610' title='bbox 2643 2024 2905 2079; x_wconf 91' lang='lat' dir='ltr'><strong>sentiendi</strong></span> <span class='ocrx_word' id='word_1_611' title='bbox 2932 2026 3255 2091; x_wconf 89' lang='lat' dir='ltr'><strong>facultatem,</strong></span> <span class='ocrx_word' id='word_1_612' title='bbox 3284 2042 3401 2096; x_wconf 77' lang='lat' dir='ltr'><strong>quae</strong></span> <span class='ocrx_word' id='word_1_613' title='bbox 3429 2036 3513 2081; x_wconf 86' lang='lat' dir='ltr'><strong>est</strong></span> <span class='ocrx_word' id='word_1_614' title='bbox 3542 2043 3636 2096; x_wconf 90' lang='lat' dir='ltr'><strong>per</strong></span> <span class='ocrx_word' id='word_1_615' title='bbox 3661 2044 3779 2082; x_wconf 86' lang='lat' dir='ltr'><strong>ner-</strong></span> 
     </span>
    </p>
   </div>
   <div class='ocr_carea' id='block_1_80' title="bbox 2204 2115 3779 2188">
    <p class='ocr_par' dir='ltr' id='par_1_80' title="bbox 2204 2115 3779 2188">
     <span class='ocr_line' id='line_1_80' title="bbox 2204 2115 3779 2188; baseline 0.001 -18"><span class='ocrx_word' id='word_1_616' title='bbox 2204 2130 2322 2181; x_wconf 79' lang='lat' dir='ltr'><strong>vos,</strong></span> <span class='ocrx_word' id='word_1_617' title='bbox 2349 2130 2454 2171; x_wconf 92' lang='lat' dir='ltr'><strong>non</strong></span> <span class='ocrx_word' id='word_1_618' title='bbox 2477 2116 2720 2171; x_wconf 89' lang='lat' dir='ltr'><strong>absolute</strong></span> <span class='ocrx_word' id='word_1_619' title='bbox 2742 2115 2832 2171; x_wconf 89' lang='lat' dir='ltr'><strong>dat</strong></span> <span class='ocrx_word' id='word_1_620' title='bbox 2858 2117 3124 2179; x_wconf 90' lang='lat' dir='ltr'><strong>omnibus,</strong></span> <span class='ocrx_word' id='word_1_621' title='bbox 3156 2118 3251 2171; x_wconf 90' lang='lat' dir='ltr'><strong>sed</strong></span> <span class='ocrx_word' id='word_1_622' title='bbox 3280 2132 3378 2188; x_wconf 91' lang='lat' dir='ltr'><strong>pro</strong></span> <span class='ocrx_word' id='word_1_623' title='bbox 3400 2117 3779 2173; x_wconf 82' lang='lat' dir='ltr'><strong>convenientia</strong></span> 
     </span>
    </p>
   </div>
   <div class='ocr_carea' id='block_1_81' title="bbox 2207 2209 3783 2283">
    <p class='ocr_par' dir='ltr' id='par_1_81' title="bbox 2207 2209 3783 2283">
     <span class='ocr_line' id='line_1_81' title="bbox 2207 2209 3783 2283; baseline 0.001 -18"><span class='ocrx_word' id='word_1_624' title='bbox 2207 2218 2261 2265; x_wconf 92' lang='lat' dir='ltr'><strong>et</strong></span> <span class='ocrx_word' id='word_1_625' title='bbox 2303 2209 2645 2279; x_wconf 88' lang='lat' dir='ltr'><strong>pr0portione</strong></span> <span class='ocrx_word' id='word_1_626' title='bbox 2696 2210 3108 2281; x_wconf 90' lang='lat' dir='ltr'><strong>uniuscujusque</strong></span> <span class='ocrx_word' id='word_1_627' title='bbox 3163 2211 3427 2277; x_wconf 90' lang='lat' dir='ltr'><strong>membri;</strong></span> <span class='ocrx_word' id='word_1_628' title='bbox 3467 2212 3515 2267; x_wconf 91' lang='lat' dir='ltr'><strong>ei</strong></span> <span class='ocrx_word' id='word_1_629' title='bbox 3560 2211 3783 2283; x_wconf 90' lang='lat' dir='ltr'><strong>quidem</strong></span> 
     </span>
    </p>
   </div>
   <div class='ocr_carea' id='block_1_82' title="bbox 2209 2301 3785 2371">
    <p class='ocr_par' dir='ltr' id='par_1_82' title="bbox 2209 2301 3785 2371">
     <span class='ocr_line' id='line_1_82' title="bbox 2209 2301 3785 2371; baseline 0.001 -16"><span class='ocrx_word' id='word_1_630' title='bbox 2209 2302 2350 2371; x_wconf 92' lang='lat' dir='ltr'><strong>quod</strong></span> <span class='ocrx_word' id='word_1_631' title='bbox 2380 2301 2497 2371; x_wconf 90' lang='lat' dir='ltr'><strong>plus</strong></span> <span class='ocrx_word' id='word_1_632' title='bbox 2518 2310 2693 2371; x_wconf 83' lang='lat' dir='ltr'><strong>potest</strong></span> <span class='ocrx_word' id='word_1_633' title='bbox 2716 2301 3009 2370; x_wconf 86' lang='lat' dir='ltr'><strong>suscipere,</strong></span> <span class='ocrx_word' id='word_1_634' title='bbox 3045 2302 3292 2371; x_wconf 86' lang='lat' dir='ltr'><strong>amplius,</strong></span> <span class='ocrx_word' id='word_1_635' title='bbox 3319 2303 3492 2357; x_wconf 88' lang='lat' dir='ltr'><strong>minus</strong></span> <span class='ocrx_word' id='word_1_636' title='bbox 3519 2311 3696 2357; x_wconf 88' lang='lat' dir='ltr'><strong>autem</strong></span> <span class='ocrx_word' id='word_1_637' title='bbox 3728 2303 3785 2357; x_wconf 89' lang='lat' dir='ltr'><strong>ei</strong></span> 
     </span>
    </p>
   </div>
   <div class='ocr_carea' id='block_1_83' title="bbox 2211 2393 3787 2464">
    <p class='ocr_par' dir='ltr' id='par_1_83' title="bbox 2211 2393 3787 2464">
     <span class='ocr_line' id='line_1_83' title="bbox 2211 2393 3787 2464; baseline 0.001 -16"><span class='ocrx_word' id='word_1_638' title='bbox 2211 2394 2350 2463; x_wconf 91' lang='lat' dir='ltr'><strong>quod</strong></span> <span class='ocrx_word' id='word_1_639' title='bbox 2374 2394 2579 2460; x_wconf 82' lang='lat' dir='ltr'><strong>minus;</strong></span> <span class='ocrx_word' id='word_1_640' title='bbox 2609 2393 2711 2449; x_wconf 88' lang='lat' dir='ltr'><strong>hoc</strong></span> <span class='ocrx_word' id='word_1_641' title='bbox 2734 2394 2874 2449; x_wconf 92' lang='lat' dir='ltr'><strong>enim</strong></span> <span class='ocrx_word' id='word_1_642' title='bbox 2896 2402 2979 2449; x_wconf 91' lang='lat' dir='ltr'><strong>est</strong></span> <span class='ocrx_word' id='word_1_643' title='bbox 3003 2394 3173 2456; x_wconf 82' lang='lat' dir='ltr'><strong>radix,</strong></span> <span class='ocrx_word' id='word_1_644' title='bbox 3204 2409 3397 2464; x_wconf 89' lang='lat' dir='ltr'><strong>nempe</strong></span> <span class='ocrx_word' id='word_1_645' title='bbox 3417 2394 3671 2463; x_wconf 88' lang='lat' dir='ltr'><strong>spiritus:</strong></span> <span class='ocrx_word' id='word_1_646' title='bbox 3700 2396 3787 2449; x_wconf 90' lang='lat' dir='ltr'><strong>sic</strong></span> 
     </span>
    </p>
   </div>
   <div class='ocr_carea' id='block_1_84' title="bbox 2212 2484 3789 2554">
    <p class='ocr_par' dir='ltr' id='par_1_84' title="bbox 2212 2484 3789 2554">
     <span class='ocr_line' id='line_1_84' title="bbox 2212 2484 3789 2554; baseline -0.001 -13"><span class='ocrx_word' id='word_1_647' title='bbox 2212 2486 2371 2542; x_wconf 90' lang='lat' dir='ltr'><strong>etiam</strong></span> <span class='ocrx_word' id='word_1_648' title='bbox 2400 2484 2641 2541; x_wconf 88' lang='lat' dir='ltr'><strong>Christus</strong></span> <span class='ocrx_word' id='word_1_649' title='bbox 2677 2502 2691 2539; x_wconf 89' lang='lat'><strong>:</strong></span> <span class='ocrx_word' id='word_1_650' title='bbox 2724 2485 3000 2540; x_wconf 85' lang='lat' dir='ltr'><strong>animabus</strong></span> <span class='ocrx_word' id='word_1_651' title='bbox 3044 2486 3187 2540; x_wconf 89' lang='lat' dir='ltr'><strong>enim</strong></span> <span class='ocrx_word' id='word_1_652' title='bbox 3232 2494 3495 2554; x_wconf 90' lang='lat' dir='ltr'><strong>tamquam</strong></span> <span class='ocrx_word' id='word_1_653' title='bbox 3526 2484 3789 2540; x_wconf 88' lang='lat' dir='ltr'><strong>membris</strong></span> 
     </span>
    </p>
   </div>
   <div class='ocr_carea' id='block_1_85' title="bbox 2213 2575 3787 2649">
    <p class='ocr_par' dir='ltr' id='par_1_85' title="bbox 2213 2575 3787 2649">
     <span class='ocr_line' id='line_1_85' title="bbox 2213 2575 3787 2649; baseline -0.002 -14"><span class='ocrx_word' id='word_1_654' title='bbox 2213 2580 2261 2635; x_wconf 89' lang='lat' dir='ltr'><strong>ei</strong></span> <span class='ocrx_word' id='word_1_655' title='bbox 2287 2579 2555 2649; x_wconf 90' lang='lat' dir='ltr'><strong>appensis,</strong></span> <span class='ocrx_word' id='word_1_656' title='bbox 2582 2578 2699 2649; x_wconf 85' lang='lat' dir='ltr'><strong>ejus</strong></span> <span class='ocrx_word' id='word_1_657' title='bbox 2728 2577 3061 2648; x_wconf 89' lang='lat' dir='ltr'><strong>providentia</strong></span> <span class='ocrx_word' id='word_1_658' title='bbox 3089 2587 3142 2631; x_wconf 89' lang='lat' dir='ltr'><strong>et</strong></span> <span class='ocrx_word' id='word_1_659' title='bbox 3164 2575 3542 2632; x_wconf 86' lang='lat' dir='ltr'><strong>charismatum</strong></span> <span class='ocrx_word' id='word_1_660' title='bbox 3578 2592 3787 2647; x_wconf 87' lang='lat' dir='ltr'><strong>suppe-</strong></span> 
     </span>
    </p>
   </div>
   <div class='ocr_carea' id='block_1_86' title="bbox 2216 2670 3789 2740">
    <p class='ocr_par' dir='ltr' id='par_1_86' title="bbox 2216 2670 3789 2740">
     <span class='ocr_line' id='line_1_86' title="bbox 2216 2670 3789 2740; baseline 0 -15"><span class='ocrx_word' id='word_1_661' title='bbox 2216 2670 2421 2736; x_wconf 86' lang='lat' dir='ltr'><strong>ditatio,</strong></span> <span class='ocrx_word' id='word_1_662' title='bbox 2448 2679 2798 2740; x_wconf 83' lang='lat' dir='ltr'><strong>congruenter</strong></span> <span class='ocrx_word' id='word_1_663' title='bbox 2822 2671 3148 2740; x_wconf 90' lang='lat' dir='ltr'><strong>proportioni</strong></span> <span class='ocrx_word' id='word_1_664' title='bbox 3193 2679 3246 2725; x_wconf 90' lang='lat' dir='ltr'><strong>et</strong></span> <span class='ocrx_word' id='word_1_665' title='bbox 3291 2670 3695 2733; x_wconf 64' lang='lat' dir='ltr'><strong>convenientiar,</strong></span> <span class='ocrx_word' id='word_1_666' title='bbox 3731 2670 3789 2725; x_wconf 91' lang='lat' dir='ltr'><strong>in</strong></span> 
     </span>
    </p>
   </div>
   <div class='ocr_carea' id='block_1_87' title="bbox 2218 2758 3789 2830">
    <p class='ocr_par' dir='ltr' id='par_1_87' title="bbox 2218 2758 3789 2830">
     <span class='ocr_line' id='line_1_87' title="bbox 2218 2758 3789 2830; baseline -0.002 -14"><span class='ocrx_word' id='word_1_667' title='bbox 2218 2777 2465 2821; x_wconf 88' lang='lat' dir='ltr'><strong>mensura</strong></span> <span class='ocrx_word' id='word_1_668' title='bbox 2495 2761 2881 2816; x_wconf 89' lang='lat' dir='ltr'><strong>incrementum</strong></span> <span class='ocrx_word' id='word_1_669' title='bbox 2922 2761 3046 2815; x_wconf 83' lang='lat' dir='ltr'><strong>facit</strong></span> <span class='ocrx_word' id='word_1_670' title='bbox 3095 2760 3509 2830; x_wconf 86' lang='lat' dir='ltr'><strong>uniuscujusque</strong></span> <span class='ocrx_word' id='word_1_671' title='bbox 3534 2758 3789 2814; x_wconf 87' lang='lat' dir='ltr'><strong>membri.</strong></span> 
     </span>
    </p>
   </div>
   <div class='ocr_carea' id='block_1_88' title="bbox 2218 2851 3794 2930">
    <p class='ocr_par' dir='ltr' id='par_1_88' title="bbox 2218 2851 3794 2930">
     <span class='ocr_line' id='line_1_88' title="bbox 2218 2851 3794 2930; baseline 0 -23"><span class='ocrx_word' id='word_1_672' title='bbox 2218 2853 2352 2921; x_wconf 84' lang='lat' dir='ltr'><strong>Quid</strong></span> <span class='ocrx_word' id='word_1_673' title='bbox 2375 2861 2457 2907; x_wconf 88' lang='lat' dir='ltr'><strong>est</strong></span> <span class='ocrx_word' id='word_1_674' title='bbox 2478 2861 2677 2918; x_wconf 88' lang='lat' dir='ltr'><strong>autem,</strong></span> <span class='ocrx_word' id='word_1_675' title='bbox 2698 2851 2801 2907; x_wconf 89' lang='lat' dir='ltr'><strong>Per</strong></span> <span class='ocrx_word' id='word_1_676' title='bbox 2816 2854 3107 2923; x_wconf 87' lang='lat' dir='ltr'><strong>juncturam</strong></span> <span class='ocrx_word' id='word_1_677' title='bbox 3133 2852 3643 2930; x_wconf 79' lang='lat' dir='ltr'><strong>subministrationt&#39;s?</strong></span> <span class='ocrx_word' id='word_1_678' title='bbox 3673 2852 3794 2907; x_wconf 82' lang='lat' dir='ltr'><strong>[loc</strong></span> 
     </span>
    </p>
   </div>
   <div class='ocr_carea' id='block_1_89' title="bbox 2220 2945 3796 3016">
    <p class='ocr_par' dir='ltr' id='par_1_89' title="bbox 2220 2945 3796 3016">
     <span class='ocr_line' id='line_1_89' title="bbox 2220 2945 3796 3016; baseline -0.001 -17"><span class='ocrx_word' id='word_1_679' title='bbox 2220 2954 2321 3009; x_wconf 89' lang='lat' dir='ltr'><strong>est,</strong></span> <span class='ocrx_word' id='word_1_680' title='bbox 2351 2961 2445 3014; x_wconf 87' lang='lat' dir='ltr'><strong>per</strong></span> <span class='ocrx_word' id='word_1_681' title='bbox 2465 2959 2705 2999; x_wconf 79' lang='lat' dir='ltr'><strong>sensum.</strong></span> <span class='ocrx_word' id='word_1_682' title='bbox 2722 2945 2814 3001; x_wconf 90' lang='lat' dir='ltr'><strong>llle</strong></span> <span class='ocrx_word' id='word_1_683' title='bbox 2841 2946 2983 3000; x_wconf 90' lang='lat' dir='ltr'><strong>enim</strong></span> <span class='ocrx_word' id='word_1_684' title='bbox 3005 2946 3222 3016; x_wconf 86' lang='lat' dir='ltr'><strong>spiritus</strong></span> <span class='ocrx_word' id='word_1_685' title='bbox 3241 2946 3329 3015; x_wconf 91' lang='lat' dir='ltr'><strong>qui</strong></span> <span class='ocrx_word' id='word_1_686' title='bbox 3354 2946 3796 3000; x_wconf 87' lang='lat' dir='ltr'><strong>subministratur</strong></span> 
     </span>
    </p>
   </div>
   <div class='ocr_carea' id='block_1_90' title="bbox 2222 3036 3795 3106">
    <p class='ocr_par' dir='ltr' id='par_1_90' title="bbox 2222 3036 3795 3106">
     <span class='ocr_line' id='line_1_90' title="bbox 2222 3036 3795 3106; baseline 0 -15"><span class='ocrx_word' id='word_1_687' title='bbox 2222 3045 2275 3091; x_wconf 92' lang='lat' dir='ltr'><strong>et</strong></span> <span class='ocrx_word' id='word_1_688' title='bbox 2325 3036 2694 3106; x_wconf 87' lang='lat' dir='ltr'><strong>suppeditatur</strong></span> <span class='ocrx_word' id='word_1_689' title='bbox 2742 3037 2997 3092; x_wconf 89' lang='lat' dir='ltr'><strong>membris</strong></span> <span class='ocrx_word' id='word_1_690' title='bbox 3047 3052 3079 3091; x_wconf 89' lang='lat' dir='ltr'><strong>a</strong></span> <span class='ocrx_word' id='word_1_691' title='bbox 3127 3038 3321 3106; x_wconf 89' lang='lat' dir='ltr'><strong>capite,</strong></span> <span class='ocrx_word' id='word_1_692' title='bbox 3377 3036 3795 3106; x_wconf 89' lang='lat' dir='ltr'><strong>unumquodque</strong></span> 
     </span>
    </p>
   </div>
   <div class='ocr_carea' id='block_1_91' title="bbox 2225 3129 3796 3201">
    <p class='ocr_par' dir='ltr' id='par_1_91' title="bbox 2225 3129 3796 3201">
     <span class='ocr_line' id='line_1_91' title="bbox 2225 3129 3796 3201; baseline 0 -17"><span class='ocrx_word' id='word_1_693' title='bbox 2225 3130 2518 3185; x_wconf 91' lang='lat' dir='ltr'><strong>membrum</strong></span> <span class='ocrx_word' id='word_1_694' title='bbox 2566 3141 2788 3200; x_wconf 87' lang='lat' dir='ltr'><strong>tangens</strong></span> <span class='ocrx_word' id='word_1_695' title='bbox 2838 3131 2909 3186; x_wconf 89' lang='lat' dir='ltr'><strong>ita</strong></span> <span class='ocrx_word' id='word_1_696' title='bbox 2959 3140 3230 3201; x_wconf 90' lang='lat' dir='ltr'><strong>operatur.</strong></span> <span class='ocrx_word' id='word_1_697' title='bbox 3263 3129 3334 3186; x_wconf 89' lang='lat' dir='ltr'><strong>Ut</strong></span> <span class='ocrx_word' id='word_1_698' title='bbox 3379 3131 3424 3185; x_wconf 90' lang='lat' dir='ltr'><strong>si</strong></span> <span class='ocrx_word' id='word_1_699' title='bbox 3464 3130 3581 3201; x_wconf 92' lang='lat' dir='ltr'><strong>quis</strong></span> <span class='ocrx_word' id='word_1_700' title='bbox 3620 3130 3796 3196; x_wconf 85' lang='lat' dir='ltr'><strong>dicat,</strong></span> 
     </span>
    </p>
   </div>
   <div class='ocr_carea' id='block_1_92' title="bbox 2223 3221 3801 3292">
    <p class='ocr_par' dir='ltr' id='par_1_92' title="bbox 2223 3221 3801 3292">
     <span class='ocr_line' id='line_1_92' title="bbox 2223 3221 3801 3292; baseline 0 -16"><span class='ocrx_word' id='word_1_701' title='bbox 2223 3221 2426 3292; x_wconf 85' lang='lat' dir='ltr'><strong>Corpus</strong></span> <span class='ocrx_word' id='word_1_702' title='bbox 2447 3222 2741 3292; x_wconf 90' lang='lat' dir='ltr'><strong>suscipiens</strong></span> <span class='ocrx_word' id='word_1_703' title='bbox 2768 3222 3310 3277; x_wconf 89' lang='lat' dir='ltr'><strong>subministrationem</strong></span> <span class='ocrx_word' id='word_1_704' title='bbox 3335 3236 3398 3275; x_wconf 90' lang='lat' dir='ltr'><strong>ac</strong></span> <span class='ocrx_word' id='word_1_705' title='bbox 3417 3221 3801 3292; x_wconf 85' lang='lat' dir='ltr'><strong>suppeditatio-</strong></span> 
     </span>
    </p>
   </div>
   <div class='ocr_carea' id='block_1_93' title="bbox 2226 3311 3804 3383">
    <p class='ocr_par' dir='ltr' id='par_1_93' title="bbox 2226 3311 3804 3383">
     <span class='ocr_line' id='line_1_93' title="bbox 2226 3311 3804 3383; baseline 0 -16"><span class='ocrx_word' id='word_1_706' title='bbox 2226 3328 2369 3378; x_wconf 90' lang='lat' dir='ltr'><strong>nem,</strong></span> <span class='ocrx_word' id='word_1_707' title='bbox 2396 3322 2750 3383; x_wconf 87' lang='lat' dir='ltr'><strong>congruenter</strong></span> <span class='ocrx_word' id='word_1_708' title='bbox 2780 3312 3103 3383; x_wconf 88' lang='lat' dir='ltr'><strong>proportioni</strong></span> <span class='ocrx_word' id='word_1_709' title='bbox 3137 3311 3495 3366; x_wconf 89' lang='lat' dir='ltr'><strong>membrorum</strong></span> <span class='ocrx_word' id='word_1_710' title='bbox 3530 3327 3649 3383; x_wconf 70' lang='lat' dir='ltr'><strong>qua:</strong></span> <span class='ocrx_word' id='word_1_711' title='bbox 3670 3322 3804 3367; x_wconf 84' lang='lat' dir='ltr'><strong>sunt</strong></span> 
     </span>
    </p>
   </div>
   <div class='ocr_carea' id='block_1_94' title="bbox 2228 3402 3802 3474">
    <p class='ocr_par' dir='ltr' id='par_1_94' title="bbox 2228 3402 3802 3474">
     <span class='ocr_line' id='line_1_94' title="bbox 2228 3402 3802 3474; baseline 0.001 -17"><span class='ocrx_word' id='word_1_712' title='bbox 2228 3404 2278 3458; x_wconf 93' lang='lat' dir='ltr'><strong>in</strong></span> <span class='ocrx_word' id='word_1_713' title='bbox 2321 3404 2456 3474; x_wconf 90' lang='lat' dir='ltr'><strong>ipso,</strong></span> <span class='ocrx_word' id='word_1_714' title='bbox 2490 3404 2561 3457; x_wconf 90' lang='lat' dir='ltr'><strong>ita</strong></span> <span class='ocrx_word' id='word_1_715' title='bbox 2589 3403 2714 3458; x_wconf 90' lang='lat' dir='ltr'><strong>facit</strong></span> <span class='ocrx_word' id='word_1_716' title='bbox 2751 3404 3132 3458; x_wconf 88' lang='lat' dir='ltr'><strong>incrementum</strong></span> <span class='ocrx_word' id='word_1_717' title='bbox 3166 3420 3179 3455; x_wconf 86' lang='lat'><strong>:</strong></span> <span class='ocrx_word' id='word_1_718' title='bbox 3211 3412 3300 3457; x_wconf 87' lang='lat' dir='ltr'><strong>aut</strong></span> <span class='ocrx_word' id='word_1_719' title='bbox 3328 3402 3481 3458; x_wconf 88' lang='lat' dir='ltr'><strong>aliter</strong></span> <span class='ocrx_word' id='word_1_720' title='bbox 3502 3442 3518 3469; x_wconf 93' lang='lat'><strong>,</strong></span> <span class='ocrx_word' id='word_1_721' title='bbox 3554 3403 3802 3459; x_wconf 81' lang='lat' dir='ltr'><strong>Membra</strong></span> 
     </span>
    </p>
   </div>
   <div class='ocr_carea' id='block_1_95' title="bbox 2227 3496 3804 3568">
    <p class='ocr_par' dir='ltr' id='par_1_95' title="bbox 2227 3496 3804 3568">
     <span class='ocr_line' id='line_1_95' title="bbox 2227 3496 3804 3568; baseline -0.001 -16"><span class='ocrx_word' id='word_1_722' title='bbox 2227 3507 2582 3568; x_wconf 85' lang='lat' dir='ltr'><strong>congruenter</strong></span> <span class='ocrx_word' id='word_1_723' title='bbox 2627 3497 2950 3567; x_wconf 85' lang='lat' dir='ltr'><strong>proportioni</strong></span> <span class='ocrx_word' id='word_1_724' title='bbox 2996 3512 3106 3550; x_wconf 79' lang='lat' dir='ltr'><strong>sua:</strong></span> <span class='ocrx_word' id='word_1_725' title='bbox 3145 3511 3408 3551; x_wconf 72' lang='lat' dir='ltr'><strong>mensura:</strong></span> <span class='ocrx_word' id='word_1_726' title='bbox 3450 3496 3804 3566; x_wconf 85' lang='lat' dir='ltr'><strong>suscipientia</strong></span> 
     </span>
    </p>
   </div>
   <div class='ocr_carea' id='block_1_96' title="bbox 2227 3590 3803 3660">
    <p class='ocr_par' dir='ltr' id='par_1_96' title="bbox 2227 3590 3803 3660">
     <span class='ocr_line' id='line_1_96' title="bbox 2227 3590 3803 3660; baseline -0.001 -14"><span class='ocrx_word' id='word_1_727' title='bbox 2227 3591 2746 3660; x_wconf 88' lang='lat' dir='ltr'><strong>suppeditationem,</strong></span> <span class='ocrx_word' id='word_1_728' title='bbox 2793 3590 2869 3643; x_wconf 91' lang='lat' dir='ltr'><strong>sic</strong></span> <span class='ocrx_word' id='word_1_729' title='bbox 2919 3598 3223 3659; x_wconf 86' lang='lat' dir='ltr'><strong>augentur:</strong></span> <span class='ocrx_word' id='word_1_730' title='bbox 3255 3599 3347 3645; x_wconf 88' lang='lat' dir='ltr'><strong>aut</strong></span> <span class='ocrx_word' id='word_1_731' title='bbox 3392 3590 3551 3645; x_wconf 88' lang='lat' dir='ltr'><strong>etiam</strong></span> <span class='ocrx_word' id='word_1_732' title='bbox 3597 3590 3803 3656; x_wconf 86' lang='lat' dir='ltr'><strong>aliter,</strong></span> 
     </span>
    </p>
   </div>
   <div class='ocr_carea' id='block_1_97' title="bbox 2230 3679 3805 3751">
    <p class='ocr_par' dir='ltr' id='par_1_97' title="bbox 2230 3679 3805 3751">
     <span class='ocr_line' id='line_1_97' title="bbox 2230 3679 3805 3751; baseline -0.001 -14"><span class='ocrx_word' id='word_1_733' title='bbox 2230 3681 2460 3751; x_wconf 90' lang='lat' dir='ltr'><strong>Spiritus</strong></span> <span class='ocrx_word' id='word_1_734' title='bbox 2486 3681 2713 3751; x_wconf 74' lang='lat' dir='ltr'><strong>desuper</strong></span> <span class='ocrx_word' id='word_1_735' title='bbox 2734 3679 2942 3735; x_wconf 90' lang='lat' dir='ltr'><strong>abunde</strong></span> <span class='ocrx_word' id='word_1_736' title='bbox 2982 3679 3227 3747; x_wconf 85' lang='lat' dir='ltr'><strong>afﬂuens,</strong></span> <span class='ocrx_word' id='word_1_737' title='bbox 3261 3690 3314 3736; x_wconf 91' lang='lat' dir='ltr'><strong>et</strong></span> <span class='ocrx_word' id='word_1_738' title='bbox 3354 3682 3528 3735; x_wconf 87' lang='lat' dir='ltr'><strong>omnia</strong></span> <span class='ocrx_word' id='word_1_739' title='bbox 3558 3682 3805 3736; x_wconf 77' lang='lat' dir='ltr'><strong>membra</strong></span> 
     </span>
    </p>
   </div>
   <div class='ocr_carea' id='block_1_98' title="bbox 2234 3771 3808 3843">
    <p class='ocr_par' dir='ltr' id='par_1_98' title="bbox 2234 3771 3808 3843">
     <span class='ocr_line' id='line_1_98' title="bbox 2234 3771 3808 3843; baseline -0.001 -15"><span class='ocrx_word' id='word_1_740' title='bbox 2234 3783 2474 3843; x_wconf 87' lang='lat' dir='ltr'><strong>tangens,</strong></span> <span class='ocrx_word' id='word_1_741' title='bbox 2500 3782 2553 3827; x_wconf 89' lang='lat' dir='ltr'><strong>et</strong></span> <span class='ocrx_word' id='word_1_742' title='bbox 2572 3771 2934 3842; x_wconf 88' lang='lat' dir='ltr'><strong>suppeditatus</strong></span> <span class='ocrx_word' id='word_1_743' title='bbox 2955 3781 3013 3825; x_wconf 89' lang='lat' dir='ltr'><strong>ut</strong></span> <span class='ocrx_word' id='word_1_744' title='bbox 3038 3772 3400 3842; x_wconf 90' lang='lat' dir='ltr'><strong>unusquisque</strong></span> <span class='ocrx_word' id='word_1_745' title='bbox 3428 3782 3601 3842; x_wconf 91' lang='lat' dir='ltr'><strong>potest</strong></span> <span class='ocrx_word' id='word_1_746' title='bbox 3627 3775 3808 3828; x_wconf 86' lang='lat' dir='ltr'><strong>susci-</strong></span> 
     </span>
    </p>
   </div>
   <div class='ocr_carea' id='block_1_99' title="bbox 2232 3862 3806 3935">
    <p class='ocr_par' dir='ltr' id='par_1_99' title="bbox 2232 3862 3806 3935">
     <span class='ocr_line' id='line_1_99' title="bbox 2232 3862 3806 3935; baseline -0.002 -15"><span class='ocrx_word' id='word_1_747' title='bbox 2232 3880 2395 3935; x_wconf 87' lang='lat' dir='ltr'><strong>pere,</strong></span> <span class='ocrx_word' id='word_1_748' title='bbox 2428 3865 2498 3919; x_wconf 89' lang='lat' dir='ltr'><strong>ita</strong></span> <span class='ocrx_word' id='word_1_749' title='bbox 2526 3862 3030 3933; x_wconf 40' lang='lat' dir='ltr'><strong>augetur.,Quanam</strong></span> <span class='ocrx_word' id='word_1_750' title='bbox 3060 3873 3235 3917; x_wconf 90' lang='lat' dir='ltr'><strong>autem</strong></span> <span class='ocrx_word' id='word_1_751' title='bbox 3279 3864 3343 3917; x_wconf 91' lang='lat' dir='ltr'><strong>de</strong></span> <span class='ocrx_word' id='word_1_752' title='bbox 3371 3878 3525 3918; x_wconf 90' lang='lat' dir='ltr'><strong>causa</strong></span> <span class='ocrx_word' id='word_1_753' title='bbox 3556 3863 3766 3918; x_wconf 90' lang='lat' dir='ltr'><strong>addidit</strong></span> <span class='ocrx_word' id='word_1_754' title='bbox 3790 3907 3806 3929; x_wconf 86' lang='lat'><strong>,</strong></span> 
     </span>
    </p>
   </div>
   <div class='ocr_carea' id='block_1_100' title="bbox 2235 3955 3814 4024">
    <p class='ocr_par' dir='ltr' id='par_1_100' title="bbox 2235 3955 3814 4024">
     <span class='ocr_line' id='line_1_100' title="bbox 2235 3955 3814 4024; baseline 0.001 -15"><span class='ocrx_word' id='word_1_755' title='bbox 2235 3956 2299 4009; x_wconf 85' lang='lat' dir='ltr'><strong>In</strong></span> <span class='ocrx_word' id='word_1_756' title='bbox 2322 3956 2573 4009; x_wconf 87' lang='lat' dir='ltr'><strong>caritate?</strong></span> <span class='ocrx_word' id='word_1_757' title='bbox 2599 3956 2736 4010; x_wconf 89' lang='lat' dir='ltr'><strong>Fieri</strong></span> <span class='ocrx_word' id='word_1_758' title='bbox 2766 3956 2907 4009; x_wconf 89' lang='lat' dir='ltr'><strong>enim</strong></span> <span class='ocrx_word' id='word_1_759' title='bbox 2936 3969 3043 4009; x_wconf 92' lang='lat' dir='ltr'><strong>non</strong></span> <span class='ocrx_word' id='word_1_760' title='bbox 3086 3965 3261 4024; x_wconf 82' lang='lat' dir='ltr'><strong>potest</strong></span> <span class='ocrx_word' id='word_1_761' title='bbox 3299 3964 3356 4010; x_wconf 94' lang='lat' dir='ltr'><strong>ut</strong></span> <span class='ocrx_word' id='word_1_762' title='bbox 3394 3955 3546 4010; x_wconf 89' lang='lat' dir='ltr'><strong>aliter</strong></span> <span class='ocrx_word' id='word_1_763' title='bbox 3582 3955 3814 4023; x_wconf 86' lang='lat' dir='ltr'><strong>spiritus</strong></span> 
     </span>
    </p>
   </div>
   <div class='ocr_carea' id='block_1_101' title="bbox 2237 4046 3816 4117">
    <p class='ocr_par' dir='ltr' id='par_1_101' title="bbox 2237 4046 3816 4117">
     <span class='ocr_line' id='line_1_101' title="bbox 2237 4046 3816 4117; baseline 0 -16"><span class='ocrx_word' id='word_1_764' title='bbox 2237 4049 2324 4104; x_wconf 89' lang='lat' dir='ltr'><strong>ille</strong></span> <span class='ocrx_word' id='word_1_765' title='bbox 2350 4048 2654 4102; x_wconf 88' lang='lat' dir='ltr'><strong>descendat.</strong></span> <span class='ocrx_word' id='word_1_766' title='bbox 2688 4046 2835 4102; x_wconf 88' lang='lat' dir='ltr'><strong>Sicut</strong></span> <span class='ocrx_word' id='word_1_767' title='bbox 2863 4047 3027 4113; x_wconf 88' lang='lat' dir='ltr'><strong>enim,</strong></span> <span class='ocrx_word' id='word_1_768' title='bbox 3054 4048 3095 4102; x_wconf 89' lang='lat' dir='ltr'><strong>si</strong></span> <span class='ocrx_word' id='word_1_769' title='bbox 3125 4048 3406 4117; x_wconf 82' lang='lat' dir='ltr'><strong>contigerit</strong></span> <span class='ocrx_word' id='word_1_770' title='bbox 3434 4056 3492 4101; x_wconf 91' lang='lat' dir='ltr'><strong>ut</strong></span> <span class='ocrx_word' id='word_1_771' title='bbox 3520 4062 3711 4101; x_wconf 89' lang='lat' dir='ltr'><strong>manus</strong></span> <span class='ocrx_word' id='word_1_772' title='bbox 3737 4050 3816 4102; x_wconf 83' lang='lat' dir='ltr'><strong>sit</strong></span> 
     </span>
    </p>
   </div>
   <div class='ocr_carea' id='block_1_102' title="bbox 2236 4137 3812 4208">
    <p class='ocr_par' dir='ltr' id='par_1_102' title="bbox 2236 4137 3812 4208">
     <span class='ocr_line' id='line_1_102' title="bbox 2236 4137 3812 4208; baseline -0.004 -14"><span class='ocrx_word' id='word_1_773' title='bbox 2236 4140 2415 4194; x_wconf 88' lang='lat' dir='ltr'><strong>avulsa</strong></span> <span class='ocrx_word' id='word_1_774' title='bbox 2461 4153 2489 4191; x_wconf 89' lang='lat' dir='ltr'><strong>a</strong></span> <span class='ocrx_word' id='word_1_775' title='bbox 2533 4152 2776 4206; x_wconf 88' lang='lat' dir='ltr'><strong>corpore,</strong></span> <span class='ocrx_word' id='word_1_776' title='bbox 2809 4139 3027 4207; x_wconf 84' lang='lat' dir='ltr'><strong>Spiritus</strong></span> <span class='ocrx_word' id='word_1_777' title='bbox 3071 4138 3159 4208; x_wconf 91' lang='lat' dir='ltr'><strong>qui</strong></span> <span class='ocrx_word' id='word_1_778' title='bbox 3215 4137 3452 4206; x_wconf 88' lang='lat' dir='ltr'><strong>procedit</strong></span> <span class='ocrx_word' id='word_1_779' title='bbox 3498 4151 3526 4190; x_wconf 90' lang='lat' dir='ltr'><strong>a</strong></span> <span class='ocrx_word' id='word_1_780' title='bbox 3556 4138 3812 4201; x_wconf 78' lang='lat' dir='ltr'><strong>cerebro,</strong></span> 
     </span>
    </p>
   </div>
   <div class='ocr_carea' id='block_1_103' title="bbox 2238 4228 3817 4300">
    <p class='ocr_par' dir='ltr' id='par_1_103' title="bbox 2238 4228 3817 4300">
     <span class='ocr_line' id='line_1_103' title="bbox 2238 4228 3817 4300; baseline -0.001 -17"><span class='ocrx_word' id='word_1_781' title='bbox 2238 4246 2480 4300; x_wconf 80' lang='lat' dir='ltr'><strong>quaerens</strong></span> <span class='ocrx_word' id='word_1_782' title='bbox 2500 4230 2967 4296; x_wconf 88' lang='lat' dir='ltr'><strong>continuationem,</strong></span> <span class='ocrx_word' id='word_1_783' title='bbox 2995 4245 3116 4283; x_wconf 91' lang='lat' dir='ltr'><strong>cum</strong></span> <span class='ocrx_word' id='word_1_784' title='bbox 3148 4244 3253 4282; x_wconf 92' lang='lat' dir='ltr'><strong>non</strong></span> <span class='ocrx_word' id='word_1_785' title='bbox 3274 4228 3554 4292; x_wconf 89' lang='lat' dir='ltr'><strong>invenerit,</strong></span> <span class='ocrx_word' id='word_1_786' title='bbox 3582 4242 3691 4281; x_wconf 93' lang='lat' dir='ltr'><strong>non</strong></span> <span class='ocrx_word' id='word_1_787' title='bbox 3722 4244 3817 4283; x_wconf 80' lang='lat' dir='ltr'><strong>ex-</strong></span> 
     </span>
    </p>
   </div>
   <div class='ocr_carea' id='block_1_104' title="bbox 2239 4319 3817 4392">
    <p class='ocr_par' dir='ltr' id='par_1_104' title="bbox 2239 4319 3817 4392">
     <span class='ocr_line' id='line_1_104' title="bbox 2239 4319 3817 4392; baseline -0.001 -16"><span class='ocrx_word' id='word_1_788' title='bbox 2239 4322 2348 4378; x_wconf 87' lang='lat' dir='ltr'><strong>silit</strong></span> <span class='ocrx_word' id='word_1_789' title='bbox 2371 4337 2400 4376; x_wconf 95' lang='lat' dir='ltr'><strong>c</strong></span> <span class='ocrx_word' id='word_1_790' title='bbox 2422 4336 2667 4392; x_wconf 89' lang='lat' dir='ltr'><strong>corpore,</strong></span> <span class='ocrx_word' id='word_1_791' title='bbox 2696 4330 2749 4376; x_wconf 91' lang='lat' dir='ltr'><strong>ct</strong></span> <span class='ocrx_word' id='word_1_792' title='bbox 2792 4336 2856 4375; x_wconf 93' lang='lat' dir='ltr'><strong>eo</strong></span> <span class='ocrx_word' id='word_1_793' title='bbox 2886 4319 3154 4390; x_wconf 88' lang='lat' dir='ltr'><strong>perforato</strong></span> <span class='ocrx_word' id='word_1_794' title='bbox 3197 4320 3308 4375; x_wconf 81' lang='lat' dir='ltr'><strong>exit</strong></span> <span class='ocrx_word' id='word_1_795' title='bbox 3334 4320 3399 4373; x_wconf 91' lang='lat' dir='ltr'><strong>ad</strong></span> <span class='ocrx_word' id='word_1_796' title='bbox 3428 4335 3639 4374; x_wconf 89' lang='lat' dir='ltr'><strong>manum</strong></span> <span class='ocrx_word' id='word_1_797' title='bbox 3664 4337 3680 4384; x_wconf 86' lang='lat'><strong>;</strong></span> <span class='ocrx_word' id='word_1_798' title='bbox 3713 4321 3817 4374; x_wconf 81' lang='lat' dir='ltr'><strong>sed</strong></span> 
     </span>
    </p>
   </div>
   <div class='ocr_carea' id='block_1_105' title="bbox 2241 4411 3814 4484">
    <p class='ocr_par' dir='ltr' id='par_1_105' title="bbox 2241 4411 3814 4484">
     <span class='ocr_line' id='line_1_105' title="bbox 2241 4411 3814 4484; baseline -0.001 -15"><span class='ocrx_word' id='word_1_799' title='bbox 2241 4415 2283 4469; x_wconf 88' lang='lat' dir='ltr'><strong>si</strong></span> <span class='ocrx_word' id='word_1_800' title='bbox 2298 4415 2560 4484; x_wconf 88' lang='lat' dir='ltr'><strong>jacentem</strong></span> <span class='ocrx_word' id='word_1_801' title='bbox 2589 4429 2695 4468; x_wconf 93' lang='lat' dir='ltr'><strong>non</strong></span> <span class='ocrx_word' id='word_1_802' title='bbox 2717 4413 2996 4479; x_wconf 86' lang='lat' dir='ltr'><strong>invenerit,</strong></span> <span class='ocrx_word' id='word_1_803' title='bbox 3017 4427 3120 4467; x_wconf 93' lang='lat' dir='ltr'><strong>non</strong></span> <span class='ocrx_word' id='word_1_804' title='bbox 3153 4413 3348 4483; x_wconf 85' lang='lat' dir='ltr'><strong>tangit:</strong></span> <span class='ocrx_word' id='word_1_805' title='bbox 3378 4412 3447 4466; x_wconf 91' lang='lat' dir='ltr'><strong>ita</strong></span> <span class='ocrx_word' id='word_1_806' title='bbox 3467 4411 3551 4466; x_wconf 90' lang='lat' dir='ltr'><strong>hic</strong></span> <span class='ocrx_word' id='word_1_807' title='bbox 3571 4427 3814 4483; x_wconf 88' lang='lat' dir='ltr'><strong>quoque,</strong></span> 
     </span>
    </p>
   </div>
   <div class='ocr_carea' id='block_1_106' title="bbox 2240 4506 3139 4576">
    <p class='ocr_par' dir='ltr' id='par_1_106' title="bbox 2240 4506 3139 4576">
     <span class='ocr_line' id='line_1_106' title="bbox 2240 4506 3139 4576; baseline -0.004 -15"><span class='ocrx_word' id='word_1_808' title='bbox 2240 4508 2285 4561; x_wconf 90' lang='lat' dir='ltr'><strong>si</strong></span> <span class='ocrx_word' id='word_1_809' title='bbox 2315 4522 2418 4561; x_wconf 93' lang='lat' dir='ltr'><strong>non</strong></span> <span class='ocrx_word' id='word_1_810' title='bbox 2447 4508 2610 4561; x_wconf 88' lang='lat' dir='ltr'><strong>simus</strong></span> <span class='ocrx_word' id='word_1_811' title='bbox 2643 4506 2872 4576; x_wconf 88' lang='lat' dir='ltr'><strong>colligati</strong></span> <span class='ocrx_word' id='word_1_812' title='bbox 2900 4506 3139 4560; x_wconf 88' lang='lat' dir='ltr'><strong>caritate.</strong></span> 
     </span>
    </p>
   </div>
   <div class='ocr_carea' id='block_1_107' title="bbox 2311 4597 3821 4669">
    <p class='ocr_par' dir='ltr' id='par_1_107' title="bbox 2311 4597 3821 4669">
     <span class='ocr_line' id='line_1_107' title="bbox 2311 4597 3821 4669; baseline -0.001 -15"><span class='ocrx_word' id='word_1_813' title='bbox 2311 4602 2365 4655; x_wconf 73' lang='grc'><strong>4.</strong></span> <span class='ocrx_word' id='word_1_814' title='bbox 2410 4600 2685 4654; x_wconf 81' lang='lat' dir='ltr'><strong>Humilitas</strong></span> <span class='ocrx_word' id='word_1_815' title='bbox 2719 4601 2785 4652; x_wconf 85' lang='lat' dir='ltr'><strong>ad</strong></span> <span class='ocrx_word' id='word_1_816' title='bbox 2823 4600 3062 4652; x_wconf 89' lang='lat' dir='ltr'><strong>unitatem</strong></span> <span class='ocrx_word' id='word_1_817' title='bbox 3090 4600 3313 4669; x_wconf 86' lang='lat' dir='ltr'><strong>corporis</strong></span> <span class='ocrx_word' id='word_1_818' title='bbox 3358 4597 3595 4653; x_wconf 69' lang='lat' dir='ltr'><strong>Ecclesia:</strong></span> <span class='ocrx_word' id='word_1_819' title='bbox 3634 4615 3821 4653; x_wconf 80' lang='lat' dir='ltr'><strong>neces-</strong></span> 
     </span>
    </p>
   </div>
   <div class='ocr_carea' id='block_1_108' title="bbox 2242 4692 3826 4747">
    <p class='ocr_par' dir='ltr' id='par_1_108' title="bbox 2242 4692 3826 4747">
     <span class='ocr_line' id='line_1_108' title="bbox 2242 4692 3826 4747; baseline 0.001 -2"><span class='ocrx_word' id='word_1_820' title='bbox 2242 4694 2394 4745; x_wconf 87' lang='lat' dir='ltr'><strong>saria.</strong></span> <span class='ocrx_word' id='word_1_821' title='bbox 2423 4723 2495 4732; x_wconf 95' lang='lat'><strong>—</strong></span> <span class='ocrx_word' id='word_1_822' title='bbox 2518 4692 2642 4746; x_wconf 54' lang='lat' dir='ltr'><strong>Haec</strong></span> <span class='ocrx_word' id='word_1_823' title='bbox 2670 4702 2844 4745; x_wconf 89' lang='lat' dir='ltr'><strong>autem</strong></span> <span class='ocrx_word' id='word_1_824' title='bbox 2872 4693 3049 4745; x_wconf 89' lang='lat' dir='ltr'><strong>omnia</strong></span> <span class='ocrx_word' id='word_1_825' title='bbox 3079 4692 3145 4744; x_wconf 88' lang='lat' dir='ltr'><strong>ab</strong></span> <span class='ocrx_word' id='word_1_826' title='bbox 3178 4707 3242 4746; x_wconf 88' lang='lat' dir='ltr'><strong>eo</strong></span> <span class='ocrx_word' id='word_1_827' title='bbox 3285 4692 3422 4746; x_wconf 87' lang='lat' dir='ltr'><strong>dicta</strong></span> <span class='ocrx_word' id='word_1_828' title='bbox 3466 4701 3591 4747; x_wconf 91' lang='lat' dir='ltr'><strong>sunt</strong></span> <span class='ocrx_word' id='word_1_829' title='bbox 3616 4692 3826 4747; x_wconf 83' lang='lat' dir='ltr'><strong>exhor-</strong></span> 
     </span>
    </p>
   </div>
   <div class='ocr_carea' id='block_1_109' title="bbox 2244 4783 3829 4853">
    <p class='ocr_par' dir='ltr' id='par_1_109' title="bbox 2244 4783 3829 4853">
     <span class='ocr_line' id='line_1_109' title="bbox 2244 4783 3829 4853; baseline 0.003 -16"><span class='ocrx_word' id='word_1_830' title='bbox 2244 4785 2406 4838; x_wconf 86' lang='lat' dir='ltr'><strong>tantia</strong></span> <span class='ocrx_word' id='word_1_831' title='bbox 2437 4784 2501 4837; x_wconf 87' lang='lat' dir='ltr'><strong>ad</strong></span> <span class='ocrx_word' id='word_1_832' title='bbox 2528 4783 2903 4838; x_wconf 90' lang='lat' dir='ltr'><strong>humilitatem.</strong></span> <span class='ocrx_word' id='word_1_833' title='bbox 2934 4783 3263 4849; x_wconf 84' lang='lat' dir='ltr'><strong>Quidenim,</strong></span> <span class='ocrx_word' id='word_1_834' title='bbox 3298 4784 3505 4853; x_wconf 89' lang='lat' dir='ltr'><strong>inquit,</strong></span> <span class='ocrx_word' id='word_1_835' title='bbox 3535 4785 3583 4839; x_wconf 88' lang='lat' dir='ltr'><strong>si</strong></span> <span class='ocrx_word' id='word_1_836' title='bbox 3612 4785 3698 4839; x_wconf 92' lang='lat' dir='ltr'><strong>hic</strong></span> <span class='ocrx_word' id='word_1_837' title='bbox 3723 4796 3829 4841; x_wconf 81' lang='lat' dir='ltr'><strong>aut</strong></span> 
     </span>
    </p>
   </div>
   <div class='ocr_carea' id='block_1_110' title="bbox 2244 4876 3828 4949">
    <p class='ocr_par' dir='ltr' id='par_1_110' title="bbox 2244 4876 3828 4949">
     <span class='ocr_line' id='line_1_110' title="bbox 2244 4876 3828 4949; baseline 0.003 -19"><span class='ocrx_word' id='word_1_838' title='bbox 2244 4877 2332 4931; x_wconf 92' lang='lat' dir='ltr'><strong>ille</strong></span> <span class='ocrx_word' id='word_1_839' title='bbox 2362 4878 2478 4947; x_wconf 91' lang='lat' dir='ltr'><strong>plus</strong></span> <span class='ocrx_word' id='word_1_840' title='bbox 2526 4876 2751 4948; x_wconf 87' lang='lat' dir='ltr'><strong>accipit?</strong></span> <span class='ocrx_word' id='word_1_841' title='bbox 2801 4878 3050 4933; x_wconf 91' lang='lat' dir='ltr'><strong>eumdem</strong></span> <span class='ocrx_word' id='word_1_842' title='bbox 3092 4881 3301 4947; x_wconf 89' lang='lat' dir='ltr'><strong>accepit</strong></span> <span class='ocrx_word' id='word_1_843' title='bbox 3337 4878 3605 4947; x_wconf 90' lang='lat' dir='ltr'><strong>spiritum,</strong></span> <span class='ocrx_word' id='word_1_844' title='bbox 3634 4880 3721 4949; x_wconf 91' lang='lat' dir='ltr'><strong>qui</strong></span> <span class='ocrx_word' id='word_1_845' title='bbox 3748 4896 3828 4935; x_wconf 78' lang='lat' dir='ltr'><strong>ex</strong></span> 
     </span>
    </p>
   </div>
   <div class='ocr_carea' id='block_1_111' title="bbox 2245 4970 3829 5041">
    <p class='ocr_par' dir='ltr' id='par_1_111' title="bbox 2245 4970 3829 5041">
     <span class='ocr_line' id='line_1_111' title="bbox 2245 4970 3829 5041; baseline 0 -16"><span class='ocrx_word' id='word_1_846' title='bbox 2245 4971 2432 5026; x_wconf 89' lang='lat' dir='ltr'><strong>eodem</strong></span> <span class='ocrx_word' id='word_1_847' title='bbox 2462 4972 2635 5041; x_wconf 89' lang='lat' dir='ltr'><strong>capite</strong></span> <span class='ocrx_word' id='word_1_848' title='bbox 2672 4971 2932 5026; x_wconf 90' lang='lat' dir='ltr'><strong>emittitur</strong></span> <span class='ocrx_word' id='word_1_849' title='bbox 2955 5012 2970 5038; x_wconf 96' lang='lat'><strong>,</strong></span> <span class='ocrx_word' id='word_1_850' title='bbox 3009 4973 3098 5039; x_wconf 92' lang='lat' dir='ltr'><strong>qui</strong></span> <span class='ocrx_word' id='word_1_851' title='bbox 3131 4970 3376 5024; x_wconf 90' lang='lat' dir='ltr'><strong>similiter</strong></span> <span class='ocrx_word' id='word_1_852' title='bbox 3403 4980 3655 5040; x_wconf 90' lang='lat' dir='ltr'><strong>operatur</strong></span> <span class='ocrx_word' id='word_1_853' title='bbox 3678 5013 3693 5037; x_wconf 93' lang='lat'><strong>,</strong></span> <span class='ocrx_word' id='word_1_854' title='bbox 3725 4975 3829 5041; x_wconf 88' lang='lat' dir='ltr'><strong>qui</strong></span> 
     </span>
    </p>
   </div>
   <div class='ocr_carea' id='block_1_112' title="bbox 2245 5062 3831 5133">
    <p class='ocr_par' dir='ltr' id='par_1_112' title="bbox 2245 5062 3831 5133">
     <span class='ocr_line' id='line_1_112' title="bbox 2245 5062 3831 5133; baseline 0 -16"><span class='ocrx_word' id='word_1_855' title='bbox 2245 5063 2491 5117; x_wconf 88' lang='lat' dir='ltr'><strong>similiter</strong></span> <span class='ocrx_word' id='word_1_856' title='bbox 2516 5064 2717 5133; x_wconf 90' lang='lat' dir='ltr'><strong>tangit,</strong></span> <span class='ocrx_word' id='word_1_857' title='bbox 2750 5062 2849 5129; x_wconf 82' lang='lat' dir='ltr'><strong>Qui</strong></span> <span class='ocrx_word' id='word_1_858' title='bbox 2888 5062 3225 5132; x_wconf 87' lang='lat' dir='ltr'><strong>compingitur</strong></span> <span class='ocrx_word' id='word_1_859' title='bbox 3254 5070 3300 5116; x_wconf 89' lang='lat' dir='ltr'><strong>et</strong></span> <span class='ocrx_word' id='word_1_860' title='bbox 3326 5063 3683 5133; x_wconf 83' lang='lat' dir='ltr'><strong>conjungitur,</strong></span> <span class='ocrx_word' id='word_1_861' title='bbox 3714 5063 3831 5118; x_wconf 86' lang='lat' dir='ltr'><strong>hoc</strong></span> 
     </span>
    </p>
   </div>
   <div class='ocr_carea' id='block_1_113' title="bbox 2245 5153 3862 5223">
    <p class='ocr_par' dir='ltr' id='par_1_113' title="bbox 2245 5153 3862 5223">
     <span class='ocr_line' id='line_1_113' title="bbox 2245 5153 3862 5223; baseline 0.002 -14"><span class='ocrx_word' id='word_1_862' title='bbox 2245 5164 2364 5221; x_wconf 88' lang='lat' dir='ltr'><strong>est,</strong></span> <span class='ocrx_word' id='word_1_863' title='bbox 2426 5155 2577 5222; x_wconf 81' lang='lat' dir='ltr'><strong>cujus</strong></span> <span class='ocrx_word' id='word_1_864' title='bbox 2638 5168 2827 5223; x_wconf 86' lang='lat' dir='ltr'><strong>magna</strong></span> <span class='ocrx_word' id='word_1_865' title='bbox 2889 5168 3015 5207; x_wconf 89' lang='lat' dir='ltr'><strong>cura</strong></span> <span class='ocrx_word' id='word_1_866' title='bbox 3072 5154 3293 5222; x_wconf 85' lang='lat' dir='ltr'><strong>geritur.</strong></span> <span class='ocrx_word' id='word_1_867' title='bbox 3341 5153 3454 5207; x_wconf 86' lang='lat' dir='ltr'><strong>Non</strong></span> <span class='ocrx_word' id='word_1_868' title='bbox 3492 5154 3635 5208; x_wconf 90' lang='lat' dir='ltr'><strong>enim</strong></span> <span class='ocrx_word' id='word_1_869' title='bbox 3679 5172 3862 5223; x_wconf 85' lang='lat' dir='ltr'><strong>quo-.</strong></span> 
     </span>
    </p>
   </div>
   <div class='ocr_carea' id='block_1_114' title="bbox 2246 5247 3827 5319">
    <p class='ocr_par' dir='ltr' id='par_1_114' title="bbox 2246 5247 3827 5319">
     <span class='ocr_line' id='line_1_114' title="bbox 2246 5247 3827 5319; baseline 0 -16"><span class='ocrx_word' id='word_1_870' title='bbox 2246 5248 2654 5319; x_wconf 86' lang='lat' dir='ltr'><strong>modocumque,</strong></span> <span class='ocrx_word' id='word_1_871' title='bbox 2687 5248 2779 5303; x_wconf 93' lang='lat' dir='ltr'><strong>scd</strong></span> <span class='ocrx_word' id='word_1_872' title='bbox 2810 5247 3095 5302; x_wconf 81' lang='lat' dir='ltr'><strong>admodum</strong></span> <span class='ocrx_word' id='word_1_873' title='bbox 3121 5247 3405 5302; x_wconf 82' lang='lat' dir='ltr'><strong>artiﬁciose</strong></span> <span class='ocrx_word' id='word_1_874' title='bbox 3431 5264 3627 5317; x_wconf 90' lang='lat' dir='ltr'><strong>corpus</strong></span> <span class='ocrx_word' id='word_1_875' title='bbox 3653 5249 3827 5302; x_wconf 84' lang='lat' dir='ltr'><strong>situm</strong></span> 
     </span>
    </p>
   </div>
   <div class='ocr_carea' id='block_1_115' title="bbox 2248 5343 3828 5412">
    <p class='ocr_par' dir='ltr' id='par_1_115' title="bbox 2248 5343 3828 5412">
     <span class='ocr_line' id='line_1_115' title="bbox 2248 5343 3828 5412; baseline 0.003 -17"><span class='ocrx_word' id='word_1_876' title='bbox 2248 5343 2549 5412; x_wconf 84' lang='lat' dir='ltr'><strong>sitoportet</strong></span> <span class='ocrx_word' id='word_1_877' title='bbox 2578 5361 2592 5397; x_wconf 88' lang='lat'><strong>:</strong></span> <span class='ocrx_word' id='word_1_878' title='bbox 2625 5359 2742 5396; x_wconf 89' lang='lat' dir='ltr'><strong>nam</strong></span> <span class='ocrx_word' id='word_1_879' title='bbox 2776 5344 2818 5396; x_wconf 89' lang='lat' dir='ltr'><strong>si</strong></span> <span class='ocrx_word' id='word_1_880' title='bbox 2854 5359 2883 5397; x_wconf 92' lang='lat' dir='ltr'><strong>e</strong></span> <span class='ocrx_word' id='word_1_881' title='bbox 2914 5344 3029 5397; x_wconf 85' lang='lat' dir='ltr'><strong>loco</strong></span> <span class='ocrx_word' id='word_1_882' title='bbox 3056 5344 3346 5398; x_wconf 79' lang='lat' dir='ltr'><strong>excesserit</strong></span> <span class='ocrx_word' id='word_1_883' title='bbox 3370 5384 3383 5406; x_wconf 92' lang='lat'><strong>,</strong></span> <span class='ocrx_word' id='word_1_884' title='bbox 3435 5359 3542 5398; x_wconf 91' lang='lat' dir='ltr'><strong>non</strong></span> <span class='ocrx_word' id='word_1_885' title='bbox 3590 5344 3828 5411; x_wconf 84' lang='lat' dir='ltr'><strong>amplius</strong></span> 
     </span>
    </p>
   </div>
   <div class='ocr_carea' id='block_1_116' title="bbox 2248 5434 3834 5503">
    <p class='ocr_par' dir='ltr' id='par_1_116' title="bbox 2248 5434 3834 5503">
     <span class='ocr_line' id='line_1_116' title="bbox 2248 5434 3834 5503; baseline 0 -15"><span class='ocrx_word' id='word_1_886' title='bbox 2248 5434 2407 5488; x_wconf 91' lang='lat' dir='ltr'><strong>situm</strong></span> <span class='ocrx_word' id='word_1_887' title='bbox 2459 5445 2558 5488; x_wconf 90' lang='lat' dir='ltr'><strong>est.</strong></span> <span class='ocrx_word' id='word_1_888' title='bbox 2607 5435 2780 5502; x_wconf 87' lang='lat' dir='ltr'><strong>Quare</strong></span> <span class='ocrx_word' id='word_1_889' title='bbox 2814 5450 2916 5487; x_wconf 92' lang='lat' dir='ltr'><strong>non</strong></span> <span class='ocrx_word' id='word_1_890' title='bbox 2963 5443 3173 5503; x_wconf 90' lang='lat' dir='ltr'><strong>oportet</strong></span> <span class='ocrx_word' id='word_1_891' title='bbox 3213 5434 3387 5488; x_wconf 90' lang='lat' dir='ltr'><strong>solum</strong></span> <span class='ocrx_word' id='word_1_892' title='bbox 3424 5444 3481 5488; x_wconf 93' lang='lat' dir='ltr'><strong>ut</strong></span> <span class='ocrx_word' id='word_1_893' title='bbox 3516 5435 3586 5489; x_wconf 89' lang='lat' dir='ltr'><strong>sit</strong></span> <span class='ocrx_word' id='word_1_894' title='bbox 3637 5435 3834 5489; x_wconf 85' lang='lat' dir='ltr'><strong>unitus</strong></span> 
     </span>
    </p>
   </div>
   <div class='ocr_carea' id='block_1_117' title="bbox 2250 5525 3831 5595">
    <p class='ocr_par' dir='ltr' id='par_1_117' title="bbox 2250 5525 3831 5595">
     <span class='ocr_line' id='line_1_117' title="bbox 2250 5525 3831 5595; baseline 0.003 -17"><span class='ocrx_word' id='word_1_895' title='bbox 2250 5526 2458 5593; x_wconf 91' lang='lat' dir='ltr'><strong>corpori</strong></span> <span class='ocrx_word' id='word_1_896' title='bbox 2485 5565 2499 5589; x_wconf 90' lang='lat'><strong>,</strong></span> <span class='ocrx_word' id='word_1_897' title='bbox 2537 5525 2630 5580; x_wconf 90' lang='lat' dir='ltr'><strong>sed</strong></span> <span class='ocrx_word' id='word_1_898' title='bbox 2677 5525 2836 5580; x_wconf 91' lang='lat' dir='ltr'><strong>etiam</strong></span> <span class='ocrx_word' id='word_1_899' title='bbox 2882 5534 2939 5580; x_wconf 89' lang='lat' dir='ltr'><strong>ut</strong></span> <span class='ocrx_word' id='word_1_900' title='bbox 2967 5540 3120 5581; x_wconf 88' lang='lat' dir='ltr'><strong>suum</strong></span> <span class='ocrx_word' id='word_1_901' title='bbox 3149 5526 3322 5579; x_wconf 90' lang='lat' dir='ltr'><strong>locum</strong></span> <span class='ocrx_word' id='word_1_902' title='bbox 3351 5534 3528 5580; x_wconf 89' lang='lat' dir='ltr'><strong>teneat</strong></span> <span class='ocrx_word' id='word_1_903' title='bbox 3558 5542 3571 5578; x_wconf 93' lang='lat'>:</span> <span class='ocrx_word' id='word_1_904' title='bbox 3603 5526 3744 5595; x_wconf 77' lang='lat' dir='ltr'><strong>quod</strong></span> <span class='ocrx_word' id='word_1_905' title='bbox 3773 5530 3831 5583; x_wconf 89' lang='lat' dir='ltr'><strong>si</strong></span> 
     </span>
    </p>
   </div>
   <div class='ocr_carea' id='block_1_118' title="bbox 2250 5617 3833 5687">
    <p class='ocr_par' dir='ltr' id='par_1_118' title="bbox 2250 5617 3833 5687">
     <span class='ocr_line' id='line_1_118' title="bbox 2250 5617 3833 5687; baseline 0.002 -17"><span class='ocrx_word' id='word_1_906' title='bbox 2250 5617 2671 5684; x_wconf 81' lang='lat' dir='ltr'><strong>exsuperaveris,</strong></span> <span class='ocrx_word' id='word_1_907' title='bbox 2706 5630 2811 5670; x_wconf 91' lang='lat' dir='ltr'><strong>non</strong></span> <span class='ocrx_word' id='word_1_908' title='bbox 2839 5633 2899 5671; x_wconf 86' lang='lat' dir='ltr'><strong>es</strong></span> <span class='ocrx_word' id='word_1_909' title='bbox 2924 5617 3125 5684; x_wconf 89' lang='lat' dir='ltr'><strong>unitus,</strong></span> <span class='ocrx_word' id='word_1_910' title='bbox 3156 5631 3330 5687; x_wconf 90' lang='lat' dir='ltr'><strong>neque</strong></span> <span class='ocrx_word' id='word_1_911' title='bbox 3372 5617 3617 5687; x_wconf 86' lang='lat' dir='ltr'><strong>spiritum</strong></span> <span class='ocrx_word' id='word_1_912' title='bbox 3647 5620 3833 5673; x_wconf 87' lang='lat' dir='ltr'><strong>susci-</strong></span> 
     </span>
    </p>
   </div>
   <div class='ocr_carea' id='block_1_119' title="bbox 2251 5707 3832 5778">
    <p class='ocr_par' dir='ltr' id='par_1_119' title="bbox 2251 5707 3832 5778">
     <span class='ocr_line' id='line_1_119' title="bbox 2251 5707 3832 5778; baseline 0.002 -18"><span class='ocrx_word' id='word_1_913' title='bbox 2251 5708 2350 5776; x_wconf 90' lang='lat' dir='ltr'><strong>pis.</strong></span> <span class='ocrx_word' id='word_1_914' title='bbox 2397 5709 2586 5761; x_wconf 86' lang='lat' dir='ltr'><strong>Annon</strong></span> <span class='ocrx_word' id='word_1_915' title='bbox 2614 5707 2761 5762; x_wconf 86' lang='lat' dir='ltr'><strong>vides</strong></span> <span class='ocrx_word' id='word_1_916' title='bbox 2806 5707 2859 5761; x_wconf 93' lang='lat' dir='ltr'><strong>in</strong></span> <span class='ocrx_word' id='word_1_917' title='bbox 2901 5708 3102 5762; x_wconf 86' lang='lat' dir='ltr'><strong>ossium</strong></span> <span class='ocrx_word' id='word_1_918' title='bbox 3150 5708 3669 5778; x_wconf 89' lang='lat' dir='ltr'><strong>transpositionibus,</strong></span> <span class='ocrx_word' id='word_1_919' title='bbox 3698 5724 3832 5777; x_wconf 69' lang='lat' dir='ltr'><strong>quae</strong></span> 
     </span>
    </p>
   </div>
   <div class='ocr_carea' id='block_1_120' title="bbox 2250 5800 3831 5871">
    <p class='ocr_par' dir='ltr' id='par_1_120' title="bbox 2250 5800 3831 5871">
     <span class='ocr_line' id='line_1_120' title="bbox 2250 5800 3831 5871; baseline 0 -16"><span class='ocrx_word' id='word_1_920' title='bbox 2250 5800 2425 5869; x_wconf 84' lang='lat' dir='ltr'><strong>aliquo</strong></span> <span class='ocrx_word' id='word_1_921' title='bbox 2452 5814 2578 5856; x_wconf 90' lang='lat' dir='ltr'><strong>casu</strong></span> <span class='ocrx_word' id='word_1_922' title='bbox 2605 5802 2935 5871; x_wconf 83' lang='lat' dir='ltr'><strong>contingunt,</strong></span> <span class='ocrx_word' id='word_1_923' title='bbox 2984 5801 3195 5871; x_wconf 89' lang='lat' dir='ltr'><strong>quando</strong></span> <span class='ocrx_word' id='word_1_924' title='bbox 3238 5816 3300 5857; x_wconf 84' lang='lat' dir='ltr'><strong>os</strong></span> <span class='ocrx_word' id='word_1_925' title='bbox 3344 5802 3460 5860; x_wconf 89' lang='lat' dir='ltr'><strong>loco</strong></span> <span class='ocrx_word' id='word_1_926' title='bbox 3502 5816 3598 5857; x_wconf 91' lang='lat' dir='ltr'><strong>suo</strong></span> <span class='ocrx_word' id='word_1_927' title='bbox 3645 5812 3831 5856; x_wconf 83' lang='lat' dir='ltr'><strong>trans-</strong></span> 
     </span>
    </p>
   </div>
  </div>
