3960 6526
591 342 666 402 85
1306 352 1364 409 S.
1405 351 1693 411 JOANNIS
1729 346 2226 411 CHRYSOSTOMI
2264 357 2583 421 ARCHIEP.
2622 363 3190 428 CONSTANTINOP.
3699 396 3752 452 εί,

593 473 684 522 νος
708 457 912 514 ἄνωθεν
938 461 1275 534 ἐπιχορηγεῖ.
1319 468 1582 542 Καθάπερ
1606 471 1713 545 γάρ
1735 472 1828 524 ἐπὶ
1850 471 1941 525 τοῦ
1970 470 2157 542 σῶμα·

594 552 687 615 τός
709 554 860 610 ἐστιν
888 555 1094 627 ὄργανα
1140 561 1361 616 τοιαῦτα
1408 565 1659 631 δεκτικά,
1704 566 1877 631 οὕτως
1914 566 2035 620 ἐστὶ
2069 566 2163 619 καί⁸

596 648 690 702 ἐπὶ
721 650 815 704 τοῦ
847 651 1178 722 πνεύματος,
1205 657 1308 729 τῆς
1338 654 1495 733 ῥίζης
1521 662 1728 718 ἄνωθεν
1746 662 1912 735 οὔσης
1940 662 2122 733 πάσης
2140 678 2156 694 ⁸

592 738 705 797 οἷον
742 746 776 815 ἡ
812 747 1026 817 καρδία,
1068 751 1164 805 τοῦ
1206 758 1549 827 πνεύματος·
1581 760 1641 813 τὸ
1678 754 1852 831 ἧπαρ,
1877 758 1971 814 τοῦ
1998 760 2162 830 αἵμα-

591 855 684 903 τος
704 856 718 871 ⁸
745 841 775 893 ὁ
798 843 970 914 σπλὴν
989 886 1005 910 .
1033 848 1131 918 τῆς
1159 844 1319 923 χολῆς
1349 855 1441 908 καὶ
1479 855 1613 909 ἄλλα
1655 857 1814 911 ἄλλου
1840 873 1854 888 ’
1888 858 2068 911 πάντα
2099 856 2155 910 δὲ

590 933 767 989 ταῦτα
791 936 899 990 ἀπὸ
930 940 1025 993 τοῦ
1056 944 1356 1015 ἐγκεφάλου
1385 949 1482 1020 τὴν
1512 950 1687 1004 αἰτίαν
1716 950 1827 1021 ἔχει
1853 964 1865 979 ⁶
1900 950 2040 1004 οὕτω
2066 950 2159 1003 καὶ

588 1031 618 1080 ό
644 1030 775 1096 Θεὸς
804 1034 1048 1108 ἐποίησε,
1080 1041 1173 1095 τὸν
1206 1042 1487 1115 ἄνθρωπον
1522 1047 1720 1117 σφόδρα
1750 1046 1946 1117 τιμῶν,
1974 1047 2067 1100 καὶ
2095 1044 2156 1099 ού

490 1176 499 1181 .
592 1124 914 1198 βουλόμενος
957 1135 1124 1190 αὑτοῦ
1177 1139 1430 1209 ἀπέχειν,
1485 1143 1584 1213 τὴν
1626 1132 1724 1210 μὲν
1771 1142 1948 1195 αἰτίαν
2000 1139 2160 1202 αὐτὸς

589 1221 1059 1297 ἀναρτησάμενος,
1081 1236 1375 1305 συνεργοὺς
1391 1236 1447 1289 δέ
1466 1236 1641 1308 ἑαυτῴ
1655 1238 2001 1307 καταστήσας
2025 1254 2039 1267 ⁸
2069 1236 2161 1289 καὶ

588 1318 679 1372 τὸν
705 1321 803 1391 μὲν
830 1326 1025 1396 έθηκεν
1048 1332 1128 1393 εἰς
1150 1332 1326 1396 τοῦτο,
1354 1334 1444 1387 τὸν
1468 1333 1523 1387 δὲ
1552 1335 1630 1396 εἰς
1658 1336 1852 1391 ἐκεῖνο.
1881 1329 2004 1388 Οἷον
2029 1331 2163 1387 ἀπόι

592 1417 780 1483 στολος
806 1422 1023 1491 ἀγγεῖον
1044 1425 1138 1480 τοῦ
1166 1431 1416 1499 σώματός
1449 1431 1564 1484 ἐστι
1590 1431 1651 1483 τὸ
1678 1431 2054 1503 καιριώτερον,
2077 1429 2162 1483 δε-

590 1512 819 1585 χάμενος
856 1518 967 1591 [86]
1004 1522 1134 1594 παρ’
1155 1523 1320 1577 αὐτοῦ
1348 1526 1416 1578 τὰ
1442 1528 1636 1580 πάντα.
1658 1528 1818 1579 Ὥστε
1850 1520 2038 1597 ὥσπερ
2073 1524 2161 1579 διά

592 1611 805 1678 φλε6ῶν
853 1618 947 1671 καὶ
984 1620 1281 1692 ἀρτηριῶν,
1323 1623 1417 1676 τοῦ
1464 1624 1619 1694 λόγου
1648 1624 1809 1694 λέγω,
1846 1625 1926 1689 εἰς
1957 1624 2163 1686 πάντας

584 1707 897 1782 ’διατρέχειν
932 1720 1077 1769 ποιεῖ
1098 1718 1197 1787 τὴν
1238 1718 1383 1790 ζωὴν
1403 1720 1501 1790 τὴν
1533 1714 1767 1776 αἰώνιον.
1800 1720 1857 1773 '0
1878 1721 2162 1791 προφήτης

591 1804 842 1874 προλέγει
865 1809 932 1863 τὰ
964 1812 1244 1882 μέλλοντα,
1275 1815 1369 1868 καὶ
1395 1816 1555 1879 αὐτὸς
1575 1816 1643 1869 τὰ
1662 1800 1799 1869 αὐτὰ
1826 1813 2163 1869 κατασκευάο

588 1897 670 1963 ζει
686 1918 700 1931 ·
736 1904 829 1957 καὶ
854 1908 1057 1971 ἐκεῖνος
1081 1910 1179 1980 μὲν
1202 1912 1479 1984 συντίθησι
1503 1914 1573 1967 τὰ
1589 1913 1723 1967 όστᾶ
1746 1929 1760 1942 ⁸
1796 1911 1959 1975 αὐτὸς
1985 1911 2044 1965 δέ
2067 1909 2163 1964 αὕ-

588 1997 699 2058 τοῖς
726 1995 871 2072 ζωὴν
906 2007 1148 2075 χορηγεῖ,
1190 2008 1349 2074 Πρὸς
1387 2010 1787 2079 καταρτισμὸν
1811 2008 1928 2062 τῶν
1950 2000 2157 2077 ’ἀγίωῆ

587 2092 677 2157 εἰς
705 2093 883 2164 ἔργον
908 2099 1232 2169 διακονίας.
1266 2103 1330 2155 Ἥ
1356 2105 1547 2175 ἀγάπη
1584 2104 1943 2175 ἀνοικοδομεῖ,
1975 2104 2070 2158 καὶ
2101 2096 2162 2156 τὸ

590 2191 987 2257 συγκολλᾶσθαι
1007 2198 1255 2269 ἀλλήλοις
1272 2203 1364 2255 καὶ
1384 2195 1907 2273 συμπήγνυσθαικαὶ
1930 2200 2162 2273 ἁρμόζε-

591 2287 733 2355 σθαι,
773 2291 931 2346 τοῦτο
968 2301 1130 2353 ποιεῖ.
1170 2301 1233 2352 Εἰ
1260 2301 1439 2355 τοίνυν
1472 2301 1772 2373 βουλόμεθα
1797 2300 1891 2356 τοῦ
1920 2300 2162 2372 πνεύμαδ

588 2398 679 2447 τος
703 2385 996 2443 ἀπολαύειν
1039 2392 1135 2445 τοῦ
1178 2395 1285 2449 ἀπὸ
1314 2396 1414 2465 τῆς
1441 2398 1703 2468 κεφαλῆς,
1749 2396 1993 2469 ἀλλήλων
2023 2395 2161 2467 ἐχώ-

591 2479 750 2545 μεθα.
786 2482 888 2537 Δύο
924 2486 1032 2557 γάρ
1061 2490 1169 2543 εἰσι
1198 2490 1489 2563 διαιρέσεις
1516 2492 1623 2547 ἀπὸ
1653 2492 1748 2547 τοῦ
1783 2494 2033 2563 σώματος
2064 2491 2159 2546 τοῦ

584 2577 1040 2649 ἑκκλησιαστικοῦ
1063 2601 1076 2615 ·
1101 2587 1199 2657 μία
1226 2588 1343 2658 μὲν,
1376 2590 1503 2642 ὅταν
1521 2587 1780 2659 ψύξωμεν
1797 2588 1895 2660 τὴν
1919 2588 2157 2659 ἀγάπην.

584 2670 810 2743 δευτέρα
837 2675 913 2742 δὲ,
938 2678 1066 2732 ὅταν
1094 2680 1291 2745 ἀνάξια
1312 2680 1405 2735 τοῦ
1430 2682 1601 2736 τελεῖν
1623 2685 1703 2747 εἰς
1729 2684 1901 2738 ἐκεῖνο
1919 2682 1980 2736 τὺ
2000 2681 2160 2753 σῶμα

586 2768 945 2842 τολμήσωμεν
968 2791 982 2805 ο
1021 2776 1295 2849 ἑκατέρως
1321 2778 1429 2847 γάρ
1468 2775 1770 2849 χωρίζομεν
1804 2777 2027 2842 ἑαυτοὺς
2062 2776 2158 2831 τοῦ

587 2862 970 2935 πληρώματος.
1000 2870 1062 2922 Εἰ
1110 2871 1168 2924 δὲ
1200 2872 1291 2925 καὶ
1332 2872 1523 2938 ἀλλους
1550 2875 1628 2934 είς
1660 2873 1720 2927 τὸ
1746 2873 2047 2945 οἰκοδομεῖν
2070 2890 2159 2926 τε-

582 2955 853 3025 τάγμεθα,
901 2962 950 3013 οί
992 2962 1068 3034 μὴ
1108 2964 1550 3036 οἰκοδομοῦντες,
1590 2965 1726 3019 ἀλλά
1765 2967 1858 3020 καὶ
1895 2966 2159 3038 πρότερον

588 3051 881 3119 σχίζοντες,
910 3055 962 3107 τί
995 3057 1095 3112 οὐκ
1130 3058 1197 3113 ἂν
1228 3059 1483 3126 πάθοιεν;
1517 3060 1682 3115 Οὐδὲν
1720 3060 1892 3125 οὕτως
1930 3063 2158 3134 Ἐκκλη-

584 3146 708 3198 εσίαν
743 3148 1031 3222 δυνήσεται
1076 3153 1325 3226 διαιρεῖν,
1374 3156 1449 3218 ὡς
1486 3156 1743 3226 φιλαρχία
1769 3172 1782 3187 ο
1821 3156 1972 3209 οὐδὲν
2014 3156 2157 3211 οὕτω

583 3242 876 3310 παροξύνει
915 3246 1005 3301 τὸν
1032 3248 1184 3314 Θεὸν,
1224 3250 1299 3314 ὡς
1332 3250 1393 3303 τὸ
1431 3250 1757 3322 Ἐκκλησίαν
1799 3251 2151 3323 διαιρεθῆναι.

584 3339 706 3394 Κᾶν
735 3341 903 3413 μυρία
920 3337 1071 3414 ὦμεν
1092 3346 1455 3417 ἐργασάμενοι
1478 3346 1638 3413 καλά,
1666 3348 1774 3401 τῶν
1794 3349 1854 3401 τὸ
1881 3348 2037 3419 σῶμα
2061 3348 2156 3402 αύ-

582 3432 677 3489 τοῦ
700 3434 1063 3511 ηδιατεμόντων
1102 3444 1201 3496 οὐκ
1230 3444 1487 3498 ἐλάττονα
1523 3444 1765 3515 δώσομεν
1806 3446 1984 3516 δίκην,
2008 3445 2055 3499 οί
2092 3445 2155 3498 τδ

585 3531 861 3605 πλήρωμα
890 3538 1322 3608 κατατέμνοντες
1350 3538 1410 3592 τὸ
1436 3540 1904 3612 ἐκκλησιαστικόν.
1950 3542 2154 3595 Ἐκεῖνο

582 3630 683 3696 μὲν
710 3631 818 3702 γὰρ
838 3633 931 3689 ἐπὶ
957 3634 1251 3707 κέρδειτῆς
1287 3638 1610 3709 οἰκουμένης
1627 3639 1861 3707 ἐγένετο,
1894 3641 1942 3693 εί
1962 3638 2055 3693 καί⁷
2078 3638 2152 3710 μὴ

582 3728 691 3781 ἀπὸ
715 3724 956 3793 διανοίας
998 3729 1289 3802 τοιαύτηςο
1315 3731 1471 3787 τοῦτο
1515 3732 1572 3786 δὲ
1617 3734 1769 3787 οὐδὲν
1814 3733 2050 3804 οὐδαμοῦ
2092 3733 2153 3787 τὸ

581 3827 853 3897 χρήσιμον
909 3824 1044 3895 ἔχει,
1089 3828 1227 3881 ἀλλά
1281 3829 1449 3901 πολλὴ
1500 3831 1534 3901 ἡ
1585 3830 1775 3900 βλάϐη.
1838 3831 2021 3884 Ταῦτά
2064 3848 2153 3903 μοι

581 3924 703 3994 οὐχὶ
747 3919 883 3994 πρὸς
921 3926 1046 3988 τοὺς
1077 3925 1342 3997 ἄρχοντας
1388 3928 1599 3998 εἴρηται
1658 3931 1837 4000 μόνον,
1886 3929 2021 3984 ἀλλά
2059 3932 2152 3985 καὶ

584 4022 721 4092 πρὸς
750 4022 875 4085 τοὺς
907 4018 1259 4092 ἀρχομένους.
1292 4019 1455 4096 Ἀνὴρ
1474 4025 1531 4078 δέ
1550 4044 1632 4089 τις
1661 4027 1813 4095 ἆγιος
1841 4022 1960 4081 εἰπέ
1988 4046 2040 4082 τι
2066 4029 2153 4083 δο-

583 4119 714 4172 κοῦν
745 4112 884 4170 εἶναι
913 4117 1201 4189 τολμηρὸν,
1242 4119 1380 4190 πλὴν
1411 4120 1525 4174 ἀλλ’
1564 4122 1711 4192 ὅμως
1739 4122 2057 4193 ἐφθέγξατο.
2087 4126 2152 4178 Τί

581 4215 647 4287 δὴ
676 4215 832 4269 τοῦτό
861 4217 1037 4279 ἐστιν;
1089 4212 1224 4269 Οὐδὲ
1261 4217 1561 4290 μαρτυρίου
1589 4212 1730 4290 αἷμα
1760 4220 1963 4293 ταύτην
1992 4221 2152 4276 δύνα-

584 4313 709 4367 σθαι
734 4312 1034 4383 ἐξαλείφειν
1055 4313 1153 4385 τὴν
1182 4313 1455 4386 ἁμαρτίαν
1479 4316 1698 4388 ἔφησεν.
1734 4318 1871 4371 Είπέ
1900 4319 2009 4389 γάρ
2039 4337 2149 4390 μοι,

579 4406 725 4471 τίνος
747 4407 932 4461 ἕνεκεν
955 4411 1279 4481 μαρτυρεῖς;
1302 4409 1361 4462 οὐ
1385 4409 1471 4465 διὰ
1492 4412 1590 4483 τὴν
1606 4409 1760 4477 δόξαν
1777 4413 1869 4467 τοῦ
1886 4415 2149 4486 Χριστοῦς

595 4502 653 4553 Ὀ
688 4503 866 4556 τοίνυν
902 4504 1000 4573 τὴν
1039 4505 1216 4576 ψυχὴν
1254 4506 1550 4577 προέμενος
1582 4504 1719 4580 ὑπὲρ
1758 4509 1854 4563 τοῦ
1892 4511 2151 4581 Χριστοῦ,

585 4596 702 4659 πῶς
737 4598 835 4669 τὴν
890 4596 1215 4670 Ἐκκλησίαν
1257 4600 1477 4671 πορθεῖς
1500 4644 1515 4670 ,
1567 4601 1708 4675 ὑπὲρ
1733 4598 1800 4675 ἧς
1834 4602 1933 4672 τὴν
1974 4604 2150 4677 ψυχὴν

586 4696 865 4765 προήκατο
906 4697 934 4748 ό
966 4697 1227 4766 Χριστός;
1264 4697 1461 4750 Ἀκουε
1493 4699 1586 4753 τοῦ
1626 4701 1839 4757 Παύλου
1880 4698 2148 4772 λέγοντος,

582 4789 666 4844 ὅτι
717 4793 837 4845 Οὐκ
880 4791 999 4861 είμί
1054 4791 1228 4858 ἄξιος
1259 4793 1571 4848 καλεῖσθαι
1625 4798 2003 4865 ἀπόστολος,
2060 4792 2150 4854 ὅτι

584 4886 800 4949 ἐδίωξα
830 4886 944 4954 τὴν
984 4885 1356 4953 Ἐκκλησίαν
1387 4888 1493 4943 τοῦ
1529 4891 1711 4957 Θεοῦ,
1759 4894 1851 4947 καὶ
1888 4895 2150 4967 ἐπόρθουν

582 4984 777 5054 αὐτήν.
819 4982 933 5036 υὺκ
959 4980 1107 5037 ἐστιν
1149 4980 1288 5055 αῦτη
1334 4984 1567 5039 ἐλάττων
1594 4990 1626 5059 ἡ
1658 4989 1827 5061 βλάϐη
1860 4994 1956 5063 τῆς
2003 4992 2151 5061 παρά

586 5075 817 5147 ἐχθρῶν,
851 5076 986 5132 ἀλλά
1030 5079 1166 5134 πολὺ
1203 5081 1426 5152 μείζων.
1486 5083 1698 5155 Ἐκείνη
1749 5086 1847 5156 μὲν
1895 5083 2003 5160 γάρ
2054 5090 2149 5143 καὶ

586 5172 969 5243 λαμπροτέραν
984 5174 1152 5248 αὐτὴν
1170 5176 1481 5248 ἐργάζεται,
1498 5179 1635 5253 αῦτη
1651 5182 1707 5235 δέ
1718 5183 1886 5255 αὐτὴν
1898 5184 1992 5238 καὶ
2004 5187 2151 5256 παρὰ

585 5272 695 5332 τοῖς
721 5269 935 5342 ἐχθροῖς
967 5271 1337 5342 καταισχύνει,
1362 5275 1491 5329 ὅταν
1517 5275 1623 5330 ὑπὸ
1646 5276 1752 5331 τῶν
1777 5277 1921 5333 ἰδίων
1948 5278 2149 5335 τέκνων

586 5370 715 5423 πολε
722 5371 911 5441 μῆται.
944 5370 1103 5441 Μέγα
1123 5374 1230 5442 γὰρ
1246 5373 1443 5445 δεῖγμα
1465 5375 1679 5448 ἀπάτης
1698 5373 1835 5457 εἶναι
1857 5380 2005 5433 δοκεῖ
2020 5383 2148 5453 παρ’

584 5472 768 5534 αὐτοῖς
790 5470 850 5524 τὸ
867 5472 993 5535 τοὺς
1009 5472 1363 5545 γεννηθέντας
1382 5475 1440 5528 ἐν
1457 5475 1592 5548 αὐτῇ
1608 5476 1702 5530 καὶ
1722 5477 2041 5549 τραφέντας,
2056 5480 2151 5535 καὶ

586 5586 655 5621 τα
686 5569 968 5642 ἀπόρρητα
1000 5572 1171 5644 αὐτῆς
1202 5573 1585 5646 μεμαθηκότας
1627 5577 1887 5650 ἀκριϐῶς,
1929 5582 2147 5647 τούτους

589 5666 1085 5740 μεταὸαλλομένους
1136 5673 1395 5747 ἐξαίφνης
1447 5674 1515 5730 τά
1580 5676 1687 5733 τῶν
1725 5678 1932 5751 ἐχθρῶν
1982 5682 2147 5755 αὐτὴν

586 5765 933 5822 διατίθεσθαι.

2335 486 2396 533 ε’.
2413 477 2596 536 Ταῦτά
2613 501 2703 554 μοι
2728 485 2964 556 εἰρήσθω
2980 478 3115 556 πρὸς
3136 488 3260 550 τοὺς
3274 489 3556 566 ἀδιαφόρως
3569 499 3756 575 διδόντας

2263 574 2488 642 ἑαυτοὺς
2534 581 2649 644 τοῖς
2681 581 2922 651 σχίζουσι
2961 581 3062 654 τὴν
3106 582 3440 655 Ἐκκλησίαν.
3474 590 3530 646 Εἰ
3565 596 3649 665 μὲν
3674 602 3756 674 γὰρ

2262 670 2357 724 καὶ
2376 672 2615 744 δόγματα
2640 675 2853 748 ἔχουσιν
2880 676 3116 745 ἐναντία,
3153 679 3250 733 καὶ
3274 679 3357 735 διὰ
3379 684 3526 740 τοῦτο
3552 692 3606 744 οὐ

2260 766 2397 837 ἧκεν
2420 768 2650 834 ἐκείνοις
2678 772 3082 843 ἀναμίγνυσθαι
3100 791 3114 806 ο
3140 776 3188 829 εί
3216 775 3274 830 δὲ
3296 778 3361 833 τά
3383 782 3513 837 αὐτά
3536 792 3755 862 φρονοῦσι,

2262 864 2440 937 πολλῷ
2490 867 2708 939 μᾶλλον.
2754 870 2820 923 Τί
2848 870 3076 942 δήποτε;
3104 873 3229 929 ’Ότι
3270 876 3542 949 φιλαρχίας
3583 885 3701 941 ἐστὶν
3734 893 3758 963 ἡ

2260 960 2435 1025 νόσος.
2459 964 2577 1017 Οὐκ
2606 966 2720 1019 ίστε
2756 965 2809 1021 τί
2838 968 3168 1023 πεπόνθασιν
3194 970 3246 1022 οί
3274 973 3398 1043 περὶ
3424 976 3557 1046 Κορέ
3582 980 3661 1033 καὶ
3682 960 3758 1036 Aa;

2264 1058 2362 1114 θάν
2389 1060 2481 1113 καὶ
2515 1060 2773 1133 Ἀὁειρών
2791 1082 2805 1130 ;
2820 1061 2933 1137 ἄρα
2948 1066 3101 1120 αὐτοὶ
3130 1066 3301 1136 μόνοι,
3317 1069 3431 1140 οὐχὶ
3446 1071 3498 1124 δέ
3513 1074 3596 1127 καὶ
3613 1079 3653 1130 οἱ
3671 1077 3757 1154 [8η

2264 1150 2382 1222 μετ’
2410 1153 2588 1208 αὐτῶν
2607 1173 2622 1223 ;
2641 1157 2705 1210 Τί
2725 1156 2901 1227 λέγεις
2919 1178 2934 1221 ς
2956 1162 2990 1232 ἡ
3011 1161 3149 1233 αὐτὴ
3166 1161 3346 1226 πίστις
3367 1165 3523 1232 ἐστὶν,
3544 1150 3759 1241 όρθόδοξοί

2261 1251 2367 1302 εἰσι
2402 1252 2662 1307 κάκεῖνοι.
2687 1253 2841 1321 Τίνος
2878 1253 2971 1312 οὖν
3006 1258 3195 1315 ἕνεκεν
3224 1262 3324 1314 οὐκ
3355 1263 3456 1317 εἰσὶ
3491 1266 3758 1341 μεθ’ήμῶν;

2262 1342 2368 1413 Εἷς
2380 1351 2612 1420 Κύριος,
2628 1354 2739 1423 μία
2758 1357 2983 1423 πίστις,
3007 1358 3420 1431 ἐπεβάπτισμα.
3436 1363 3495 1417 Εἰ
3510 1366 3571 1419 τά
3586 1368 3758 1425 ἐκείνων

2263 1444 2444 1509 καλῶς
2460 1448 2688 1516 γίνεται,
2716 1452 2785 1506 τά
2812 1453 3057 1524 ἡμέτερα
3076 1456 3263 1521 κακῶς
3286 1472 3301 1487 ·
3330 1459 3378 1511 εἰ
3402 1459 3455 1511 δὲ
3480 1461 3543 1514 τὰ
3568 1462 3759 1536 ἡμέτερα

2262 1540 2474 1610 καλῶς,
2513 1544 2581 1599 τά
2602 1547 2824 1603 ἐκείνων
2848 1551 3051 1614 κακῶς.
3074 1552 3312 1619 Νήπιοι,
3345 1556 3492 1625 φησὶ,
3523 1559 3759 1613 κλυδωνιε

2269 1628 2503 1710 δόμεν-οι
2542 1642 2642 1696 καί
2676 1650 3119 1717 περιφερόμενοι
3150 1651 3327 1704 παντί
3361 1652 3563 1722 ἀνέμῳ.
3594 1655 3760 1726 ’Λρκεῖν

2259 1736 2417 1791 τοῦτο
2444 1740 2684 1810 ἡγεῖσθε,
2709 1744 2829 1798 εἰπέ
2860 1758 2972 1816 μοι,
2990 1746 3050 1801 τὸ
3070 1748 3272 1817 λέγειν,
3301 1750 3380 1803 ὅτι
3405 1750 3647 1821 ὀρθόδοξοί
3663 1757 3757 1818 εἰσι,

2258 1834 2327 1888 τά
2352 1835 2455 1905 τῆς
2477 1840 2807 1910 χειροτονίας
2836 1841 2891 1894 δὲ
2921 1843 3125 1914 οἴχεται
3147 1846 3242 1899 καὶ
3261 1847 3529 1915 ἀπόλωλε;
3552 1848 3648 1901 Καὶ
3662 1848 3759 1904 τίιὺ

2258 1922 2447 1999 ὄφελος
2462 1933 2569 1989 τῶν
2592 1930 2786 2002 ἄλλων,
2811 1938 3013 2010 ταύτης
3043 1942 3144 1994 οὐκ
3166 1941 3539 2014 ἡκριδωμένης
3560 1960 3575 2009 ;
3599 1943 3757 2015 Ὥσπερ

2259 2023 2369 2096 γὰρ
2403 2026 2545 2099 ὑπὲρ
2566 2020 2669 2100 τῆς
2713 2031 2967 2097 πίστεως,
3008 2034 3150 2089 οὕτω
3190 2037 3285 2090 καὶ
3312 2030 3447 2108 ὑπὲρ
3482 2036 3661 2108 ταύτης
3685 2037 3761 2105 μάλ

2258 2122 2449 2190 χεσθαι
2476 2119 2603 2197 χρῆ.
2647 2126 2816 2193 Ἐπεὶ,
2842 2130 2893 2183 εί
2924 2131 3084 2184 παντὶ
3120 2132 3299 2199 ἔξεστι
3325 2133 3552 2203 πληροῦν
3574 2133 3657 2197 τὰς
3676 2136 3759 2203 xc?-

2259 2223 2362 2287 ’ρας
2386 2219 2571 2285 αὑτοῦ,
2598 2222 2738 2277 κατά
2763 2226 2889 2289 τοὺς
2920 2227 3203 2294 παλαιοὺς,
3233 2231 3330 2286 καὶ
3359 2230 3514 2299 ἱερεῖς
3548 2228 3759 2297 γίνεσθαι,

2263 2310 2574 2381 παρίτωσαν
2601 2316 2820 2380 πάντες,
2851 2318 2974 2389 είκῆ
2994 2318 3056 2373 τὸ
3076 2320 3456 2392 θυσιαστήριον
3479 2320 3761 2391 ᾠκοδόμηται

2257 2403 2435 2473 τοῦτο,
2479 2408 2602 2478 είκῆ
2628 2409 2689 2462 τὸ
2727 2411 2999 2483 πλήρωμα
3028 2414 3128 2485 τῆς
3168 2415 3512 2488 Ἐκκλησίας,
3549 2416 3656 2486 είκῆ
3683 2414 3763 2466 τῶν

2258 2501 2450 2575 ίερέων
2490 2506 2519 2558 ό
2545 2506 2813 2579 άριθμός’
2868 2510 3150 2582 ἀνέλωμεν
3196 2512 3338 2567 αὑτά
3382 2511 3473 2566 καὶ
3500 2511 3764 2581 διαφθείρω·

2260 2616 2378 2669 μεν.
2435 2602 2527 2673 Μὴ
2567 2604 2809 2671 γένοιτο,
2854 2607 3037 2679 φησίν.
3078 2608 3268 2680 Ὑμεῖς
3303 2609 3443 2663 αὐτὰ
3474 2610 3671 2671 ποιεῖτε,
3699 2610 3765 2661 καί

2258 2712 2416 2764 φατες
2441 2699 2531 2770 Μὴ
2560 2700 2804 2769 γένοιτο;
2830 2703 2947 2768 πῶς
2984 2704 3183 2773 λέγεις,
3217 2706 3313 2776 Μὴ
3338 2705 3561 2775 γένοιτο,
3587 2703 3764 2773 γενομέ-

2257 2809 2361 2845 νων
2389 2794 2600 2863 αὐτῶν;
2635 2796 2777 2866 Ἐγὼ
2804 2798 2945 2869 λέγω
2964 2796 3060 2855 καὶ
3095 2802 3465 2874 μαρτύρομαι,
3491 2801 3549 2855 οὐ
3566 2800 3620 2854 τὸ
3638 2800 3765 2869 ἐμαυ-

2256 2883 2349 2937 τοῦ
2380 2886 2617 2950 σκοπῶν,
2650 2888 2786 2943 ἀλλὰ
2814 2890 2913 2964 τὴν
2934 2890 3204 2964 ὑμετέραν
3236 2893 3510 2965 σωτηρίαν
3529 2908 3543 2924 °
3572 2892 3616 2944 εἰ
3640 2891 3765 2952 δίτις

2255 2976 2592 3050 ἀδιαφοροίη,
2637 2982 2799 3047 αὐτὸς
2834 2983 2901 3038 ἂν
2932 2984 3100 3052 εἰδείη
3129 3000 3144 3017 ο
3188 2987 3239 3040 εί
3272 2986 3331 3041 δέ
3376 3003 3481 3039 τινι
3512 2984 3689 3038 τούτων
3723 2980 3766 3035 οὗ

2259 3073 2431 3145 μέλει,
2478 3076 2593 3130 ἀλλ’
2636 3080 2767 3149 ἡμῖν
2818 3081 2969 3152 μέλει
2995 3097 3011 3113 ⁸
3054 3082 3202 3152 Ἐγὼ
3248 3083 3573 3153 ἐφύτευσα,
3622 3078 3765 3150 φησὶν,

2267 3172 2574 3241 Ἀπολλὼς
2615 3174 2916 3241 ἐπότισεν,
2958 3178 3096 3233 ἀλλ’
3138 3180 3171 3233 ὀ
3216 3180 3366 3246 Θεὸς
3405 3178 3632 3247 ηὔξανε.
3676 3173 3769 3235 Πῶς

2252 3269 2471 3340 οἴσομεν
2497 3270 2588 3325 τὸν
2610 3272 2761 3345 παρὰ
2780 3273 2889 3327 τῶν
2916 3274 3179 3347 Ἑλλήνων
3198 3276 3414 3346 γέλωτα
3431 3292 3446 3343 ;
3472 3276 3529 3328 Ει
3551 3272 3647 3344 γὰρ
3661 3269 3768 3338 ὑπὲρ

2252 3364 2360 3419 τῶν
2391 3366 2657 3436 αἱρέσεων
2697 3371 3018 3438 ἐγκαλοῦσιν
3055 3373 3208 3444 ἡμῖν,
3250 3373 3391 3444 ὑπὲρ
3419 3371 3613 3426 τούτων
3633 3366 3678 3421 τί
3696 3366 3769 3418 οὐκ

2251 3460 2499 3532 ἐροῦσιν;
2536 3464 2599 3518 Εἰ
2623 3464 2692 3518 τὰ
2717 3466 2854 3521 αὑτά
2879 3468 3142 3537 δόγματα,
3195 3471 3247 3524 εἰ
3273 3468 3343 3523 τά
3366 3468 3502 3523 αὐτὰ
3522 3463 3767 3536 μυστήρια»

2250 3557 2395 3622 τίνος
2412 3559 2597 3614 ἕνεκεν
2618 3561 2802 3633 ἕτερος
2836 3563 3019 3634 ἄρχων
3040 3564 3204 3637 ἑτέρᾳ
3241 3564 3534 3637 Ἐκκλησία
3552 3558 3768 3630 ἐπιπηδῷ

2263 3654 2477 3727 Ὁρᾶτε,
2510 3657 2695 3728 φησὶν,
2718 3658 2799 3711 ὃτι
2831 3660 3007 3714 πάντα
3035 3659 3342 3727 κενοδοξίας
3374 3660 3700 3730 πεπλήρωται
3720 3653 3770 3706 τί

2252 3751 2623 3819 Χριστιανῶν,
2657 3757 2750 3809 καὶ
2782 3757 3041 3829 φιλαρχία
3068 3757 3200 3830 παρ’
3239 3760 3425 3824 αὐτοῖς
3462 3756 3549 3812 καὶ
3601 3754 3771 3821 ἀπάτην

2251 3849 2534 3921 γύμνωσον
2554 3850 2749 3917 αὐτοὺς
2793 3853 2888 3907 τοῦ
2930 3853 3180 3926 πλήθους,
3213 3857 3373 3927 φησι,
3415 3855 3511 3927 τὴν
3550 3853 3681 3906 νόσον
3707 3848 3773 3900 ἐκ·

2252 3946 2444 4015 κοψον,
2501 3948 2594 4001 τοῦ
2644 3946 2801 4019 ὄχλου
2837 3949 2936 4022 τὴν
2972 3944 3299 4023 διαφθοράν,
3345 3953 3441 4006 καὶ
3489 3950 3631 4006 οὐδέν
3674 3947 3772 4000 εἰσι.

2253 4040 2513 4096 Βούλεσθε
2538 4044 2676 4100 εἴπω
2698 4044 2735 4099 ἀ
2757 4046 2887 4117 περὶ
2907 4040 3005 4119 τῆς
3028 4047 3234 4111 πόλεως
3254 4049 3477 4118 λέγουσι
3502 4047 3594 4118 τῆς
3617 4038 3774 4115 ἠμετέε

2252 4155 2388 4210 ρας;
2419 4138 2536 4204 πῶς
2564 4142 2713 4212 ἡμᾶς
2740 4143 2820 4208 είς
2845 4143 3094 4198 εὐκολίαν
3121 4144 3541 4211 διαϐάλλουσιν;
3580 4140 3773 4208 Ἔξεστιν

2251 4238 2403 4307 φησὶ,
2444 4238 2608 4291 παντὶ
2628 4238 2706 4310 τῷ
2744 4239 3049 4312 βουλομένῳ
3079 4240 3263 4311 εὑρεῖν
3291 4242 3419 4303 τοὺς
3446 4235 3772 4308 πειθομένους,

2251 4334 2347 4386 καὶ
2372 4334 2471 4388 οὐκ
2497 4335 2562 4391 ἄν
2591 4353 2722 4390 ποτε
2750 4337 3043 4409 ἀπορήσειε
3076 4338 3307 4395 τούτων.
3340 4339 3408 4392 Ὢ
3434 4337 3527 4392 τοῦ
3559 4330 3774 4406 γέλωτοςι

2250 4420 2643 4504 ταῦτα’πόσης
2678 4434 2972 4506 αἰσχύνης;
3017 4435 3181 4488 Ἀλλά
3232 4437 3332 4490 καὶ
3394 4435 3575 4505 ἕτερος
3617 4430 3773 4499 γέλωςι

2251 4525 2412 4598 ἐτέρα
2437 4526 2696 4601 αἰσχύνη*
2726 4530 2827 4583 ’Δν
2851 4547 2995 4594 τινες
3020 4530 3245 4596 ἁλόντες
3268 4532 3401 4602 παρ’
3431 4524 3559 4602 ἡμῖν
3585 4528 3667 4581 ἐπὶ
3694 4526 3779 4585 τοῖς

2250 4623 2580 4694 αἰσχίστοις,
2652 4624 2915 4696 μέλλωσιν
2966 4626 3250 4697 ἐπιτιμίου
3303 4627 3591 4697 τυγχάνειν
3645 4620 3775 4681 τινὸς.

2250 4720 2416 4785 πολὺς
2459 4722 2488 4774 ό
2525 4722 2746 4794 τρόμος,
2782 4721 2947 4787 πολὺς
2976 4725 3005 4776 ό
3035 4723 3199 4791 φόὸος
3227 4723 3500 4780 πάντοθεν
3521 4736 3537 4755 ⁸
3566 4720 3649 4792 Μὴ
3672 4719 3779 4773 ἀπο·

2250 4817 2507 4889 πηδήσῃ,
2582 4819 2751 4887 φησὶν
2813 4818 2886 4890 μὴ
2932 4809 3051 4890 μετ’
3109 4819 3340 4873 ἐκείνων
3392 4824 3512 4891 στῇ.
3584 4819 3778 4881 Ἀποπη-

2246 4913 2387 4985 δήσῃ
2427 4914 2526 4985 μὲν
2576 4914 2683 4986 γάρ
2727 4914 2982 4985 μυριάκις
3024 4916 3053 4968 ό
3092 4914 3360 4981 τοιοῦτος,
3408 4918 3502 4970 καὶ
3530 4915 3660 4969 ἔστω
3689 4904 3779 4981 μετ’

2249 5011 2493 5077 ἐκείνων,
2523 5013 2643 5083 οὐχί⁵
2687 5012 2799 5066 τῶν
2836 5012 3232 5084 ἡμαρτηκότων
3266 5013 3415 5083 λέγω
3437 5029 3453 5045 ο
3504 5009 3614 5065 ἀλλ’
3651 5007 3697 5061 εί
3717 5018 3781 5067 τις

2248 5106 2627 5179 ἀναμάρτητος
2652 5107 2727 5162 ὢν
2751 5108 3025 5179 τυγχάνοι,
3060 5110 3152 5161 καὶ
3183 5109 3441 5179 βούλεται
3474 5101 3781 5181 μεταθέσθαι.

2252 5204 2582 5276 μεταθέσθω.
2627 5204 2796 5274 Ἀλγῶ
2829 5206 2928 5276 μὲν
2959 5205 3067 5276 γάρ
3093 5205 3185 5259 καὶ
3212 5206 3491 5277 κόπτομαι
3518 5205 3607 5259 καὶ
3627 5201 3783 5269 όδύρο·

2251 5317 2348 5370 μαι
2387 5302 2481 5355 καὶ
2522 5300 2965 5375 διαπρίομαιιτά
3012 5300 3332 5373 σπλάγχνα,
3373 5304 3452 5368 ὡς
3490 5302 3677 5356 οἰκείου
3710 5297 3786 5368 μὲο

2248 5395 2376 5462 λους
2419 5398 2886 5470 ἀποστερούμενος
2902 5415 2915 5428 ·
2956 5398 3096 5469 πλὴν
3117 5399 3232 5453 ἀλλ’
3253 5401 3357 5472 οὐχ
3380 5399 3555 5464 οὕτως
3577 5394 3711 5465 ἀλγῶ
3726 5392 3787 5453 ὡς

2249 5493 2649 5564 ἀναγκάζεσθαι
2676 5494 2840 5563 τι,διά
2867 5494 2957 5550 τὸν
2989 5495 3151 5566 φόσον
3174 5494 3393 5562 τοῦτον,
3420 5494 3531 5550 τῶν
3555 5492 3626 5564 μὴ
3648 5492 3787 5563 προά-

2248 5592 2487 5664 ηκόντων
2519 5595 2709 5652 ποιεῖν.

2311 5795 2332 5823 α
2364 5781 2497 5833 Unus
2530 5782 2679 5834 codex
2706 5789 2757 5831 ct
2777 5793 2926 5845 marg.
2951 5778 3122 5844 Sa\'il.,
3149 5780 3229 5829 καὶ
3253 5779 3598 5845 διαπυροῦμαι.
