3960 6508
134 453 201 509 85
1028 443 1094 500 ΙΝ
1116 436 1345 500 Ἐριετ.
1390 438 1479 495 AD
1518 430 1712 493 EPHE:

1821 434 1955 492 IAP.
1997 437 2082 493 IV.
2127 439 2350 495 HOMIL.
2395 442 2484 497 XI.
3305 443 3373 496 SD

134 575 294 629 misso
318 572 491 628 alium’
514 578 679 633 tenet,
709 565 1181 639 quomodototu‘m
1214 568 1409 631 corpus
1453 556 1618 624 laidit,
1642 564 1697 611 et

130 682 270 736 ωερε
300 674 524 720 mortem
551 663 726 727 aﬂ‘ert,
751 672 811 717 et
828 676 971 732 stupe
996 661 1158 715 etiam
1188 658 1258 713 de
1283 665 1479 713 cmtero
1504 656 1689 710 inven-

132 769 240 812 tum
262 766 350 812 est
380 756 653 824 indignum
671 752 810 824 quod
840 739 1167 805 retineatur?
1194 748 1347 803 multi
1385 747 1526 803 enim
1552 760 1695 814 saepe

128 864 196 903 eo
235 846 442 913 exciso,
493 846 667 903 locum
721 844 958 897 fecerunt
1008 855 1255 896 vacuum.
1292 839 1520 908 Semper
1552 836 1694 892 enim

131 941 329 995 malum
356 948 440 994 est
471 938 545 1001 id,
576 936 716 1007 quod
756 936 1036 990 redundat.
1068 934 1224 989 Etin
1251 932 1535 988 elementis
1561 946 1695 999 quo-

128 1046 232 1102 que
270 1029 486 1101 quando
522 1044 618 1084 sua
648 1028 827 1083 relicta
869 1027 1177 1099 symmetria
1204 1018 1498 1095 plusquam
1542 1023 1697 1078 decet

130 1122 539 1187 abundaverint,
585 1120 911 1176 universitati
958 1119 1245 1187 perniciem
1294 1117 1539 1173 afferunt.
1588 1117 1699 1171 Hoc

131 1224 212 1269 est
240 1228 365 1269 esse
391 1223 721 1282 compactum
750 1220 804 1266 et
832 1225 1151 1265 connexum.
1173 1211 1347 1276 Quare
1367 1210 1700 1279 unumquod-

131 1322 234 1376 que
274 1307 328 1360 in
357 1319 457 1360 suo
502 1304 621 1359 loco
649 1317 884 1366 manere,
910 1316 1030 1357 'n‘ec
1073 1300 1125 1355 in
1168 1302 1395 1356 alterum
1440 1301 1699 1356 excedere

130 1415 235 1453 non
272 1397 701 1461 convenientem,
745 1401 1000 1465 quantum
1026 1394 1097 1448 sit
1125 1394 1320 1464 cogita.
1350 1393 1431 1448 Tu
1462 1392 1697 1447 membra

130 1490 445 1558 componis;
474 1488 565 1542 ille
599 1485 831 1556 desuper
857 1485 1225 1541 subministrat
1268 1501 1331 1541 ac
1375 1486 1694 1557 suppeditat.

130 1582 371 1638 Utenim
400 1581 701 1649 incorpore
727 1586 851 1633 sunt
887 1576 1147 1647 ejusmodi
1188 1578 1538 1632 instrumenta
1578 1586 1699 1646 apta

128 1672 195 1726 ad
224 1670 659 1740 suscipiendum,
684 1668 753 1722 ita
780 1668 939 1729 etiam
970 1666 1236 1739 in-Spiritu
1257 1683 1425 1733 ,-cum
1454 1667 1702 1723 sitdesu-

132 1778 233 1833 per
259 1763 507 1816 universa
534 1760 687 1814 radix
717 1776 731 1812 :
763 1767 1053 1813 ut'corest
1076 1758 1231 1812 radix
1271 1758 1512 1829 spiritus,
1550 1758 1703 1825 jecur

128 1854 433 1923 sanguinis,
463 1851 568 1907 lien
616 1850 739 1905 bilis
764 1892 780 1914 ,
818 1858 873 1905 et
908 1849 1014 1904 alia
1056 1850 1279 1905 alterius
1312 1865 1327 1903 :
1359 1848 1474 1903 haec
1523 1858 1701 1905 autem

130 1947 319 1999 omttia
361 1944 554 1998 habent
582 1955 877 1997 causam'a
908 1942 1183 1998 cerebro:
1210 1941 1288 1997 sic
1327 1942 1466 1996 Deus
1491 1955 1704 2011 quoque

132 2039 283 2104 fecit,
334 2036 601 2092 hominem
645 2036 797 2090 valde
850 2034 1138 2103 ltouoraus,
1184 2043 1238 2090 et
1296 2036 1484 2091 nolens
1524 2035 1591 2090 ab
1635 2049 1703 2091 eo

132 2130 343 2193 abesse,
375 2137 436 2182 ut
459 2128 549 2198 qui
573 2129 686 2197 ipse
714 2126 927 2198 quidem
946 2138 1169 2182 causam
1206 2143 1235 2181 a
1262 2142 1320 2183 se
1348 2126 1579 2197 pendere
1604 2142 1701 2181 vo-

134 2222 327 2286 luerit,
368 2220 471 2275 sibi
512 2229 691 2274 autem
734 2218 1006 2289 adjutores
1041 2220 1414 2285 constituerit;
1462 2227 1518 2275 et
1556 2218 1704 2272 illum

133 2314 350 2383 quidem
381 2312 596 2376 adhoc,
617 2311 922 2366 'hunc'vero
950 2311 1014 2366 ad
1056 2309 1186 2365 illud
1214 2309 1705 2381 ‘posuerit.iExem-

135 2405 397 2473 plicansa
427 2402 698 2473 apostolus
725 2412 809 2458 est
844 2416 940 2458 vas
966 2403 1200 2459 omnium
1246 2403 1487 2471 corporis
1513 2401 1706 2472 praeci-

136 2512 323 2566 puum,
349 2496 419 2552 ab
446 2497 565 2566 ipso
600 2496 790 2551 omnia
829 2495 1117 2566 accipiens.
1167 2496 1520 2563 Quamobrem
1568 2507 1704 2550 tam-

135 2604 298 2658 quam
324 2602 426 2659 per
451 2602 616 2643 venas
639 2598 694 2643 et
709 2589 960 2653 arterias,
992 2589 1140 2644 verbi
1182 2590 1418 2659 inquam,
1465 2587 1594 2643 facit
1638 2588 1707 2643 ad

135 2696 331 2737 omnes
376 2696 595 2739 currere
630 2681 797 2734 vitam
843 2690 1116 2735 aeternam.
1158 2680 1426 2751 PrOpheta
1471 2679 1709 2751 praedicit

137 2772 343 2837 futura,
371 2781 428 2827 et
467 2772 581 2842 ipse
618 2771 816 2828 eadem
855 2772 1103 2827 adstruit.
1134 2773 1199 2827 Et
1226 2771 1313 2828 ille
1353 2772 1565 2842 quidem
1587 2786 1708 2826 ossa

133 2866 451 2935 componit;
480 2865 595 2935 ipse
619 2865 700 2920 eis
719 2864 878 2919 vitam
905 2864 1229 2935 suppeditat.
1257 2865 1337 2921 Ad
1357 2867 1710 2937 perfectionem

134 2958 540 3032 sanctorum,“
562 2974 689 3029 opus
712 2959 996 3014 ministerii.
1024 2959 1230 3016 Caritas
1263 2958 1490 3015 aedificat
1512 2968 1566 3015 et
1596 2959 1708 3014 effi«

133 3054 213 3108 cit
240 3062 303 3107 ut
332 3052 472 3107 inter
499 3053 1039 3121 se-conglutinentur,
1067 3051 1475 3122 compingantur
1499 3061 1553 3105 et
1580 3066 1710 3105 con-

130 3147 451 3217 jungantur.
481 3143 539 3200 Si
562 3144 807 3200 volumus
831 3159 961 3215 ergo
991 3144 1091 3199 frui
1112 3144 1307 3214 spiritu
1349 3144 1436 3213 qui
1474 3143 1715 3212 procedit

134 3254 166 3292 a
204 3237 414 3308 capite,
442 3237 577 3291 alter
618 3236 773 3291 alteri
820 3236 1210 3290 adhaereamus.
1254 3234 1387 3289 Nam
1431 3234 1549 3289 duce
1589 3242 1715 3288 sunt

134 3334 439 3388 divisiones
491 3347 522 3385 a
577 3345 801 3400 corpore
858 3329 1258 3395 ecclesiastico;
1310 3343 1413 3383 una
1456 3327 1710 3398 quidem,

136 3422 363 3494 quando
392 3421 756 3477 refrixerimus
782 3421 838 3474 in
863 3421 1123 3487 caritate;
1150 3419 1379 3475 secunda
1407 3429 1583 3473 autem
1610 3427 1715 3487 qua

133 3514 258 3570 ausi
284 3513 552 3568 fuerimus
589 3528 653 3567 ea
690 3512 898 3578 facere,
924 3526 1043 3581 qua:
1072 3521 1195 3565 sunt
1222 3511 1435 3581 indigna
1468 3511 1716 3565 ut‘simus

134 3609 189 3663 in
214 3609 312 3664 illo
328 3621 562 3677 corpore
589 3622 604 3670 ;
634 3616 857 3676 utroque
891 3604 1032 3660 enim
1062 3603 1220 3659 modo
1264 3618 1362 3658 nos
1407 3617 1716 3675 separamus

132 3715 165 3753 a
187 3700 356 3770 pleno
380 3698 477 3754 illo
506 3708 792 3753 conventu.
821 3697 974 3764 Quod
1004 3698 1047 3753 si
1068 3697 1311 3752 collocati
1341 3706 1404 3752 ac
1440 3678 1717 3753 cotisutuu

132 3807 330 3846 sumus
356 3800 414 3846 ut
434 3790 567 3845 alios
598 3789 664 3844 ad
692 3790 791 3844 hoc
819 3789 1163 3857 azdi'ficem’us,
1184 3789 1270 3859 qui
1299 3788 1443 3860 prius
1469 3784 1718 3845 scindunt

134 3884 267 3951 quid
295 3899 405 3936 non
436 3881 746 3951 patientur?
770 3880 908 3936 Nihil
926 3880 1222 3936 Ecclesiam
1252 3897 1402 3952 teque
1432 3889 1605 3950 potest
1637 3881 1719 3936 di-

132 3974 348 4038 videre,
376 3983 440 4027 ut
465 3973 683 4027 ambitio
711 3981 764 4028 et
804 3988 956 4028 amor
981 3972 1185 4041 imperii
1222 3981 1277 4028 et
1303 3972 1525 4044 gerendi
1554 3974 1719 4044 magi-

128 4075 343 4119 stratus
373 4082 388 4118 :
415 4065 550 4119 nihil
577 4065 743 4120 Deum
770 4078 921 4134 atque
946 4064 1119 4118 irritat
1144 4073 1301 4134 atque
1337 4064 1560 4119 divisam
1598 4078 1720 4120 esse

136 4156 465 4211 Ecclesium.
519 4156 737 4211 Etiamsi
788 4155 926 4211 bona
970 4155 1253 4211 fecerimus
1290 4156 1715 4221 innumerabilia,

132 4264 257 4304 non
311 4249 569 4312 minores,
615 4258 774 4318 quam
827 4248 917 4317 qui
970 4248 1087 4317 ejus
1135 4263 1330 4318 corpus
1374 4245 1717 4313 discindunt,

135 4354 341 4409 pcnnas
370 4340 634 4404 dabimus,
664 4341 754 4411 qui
784 4338 998 4410 plenum
1043 4341 1456 4395 ecclesiasticum
1483 4353 1719 4395 conven-

132 4446 271 4488 tum
298 4433 710 4488 conscindimns.
740 4430 872 4489 Nam
904 4432 1033 4488 illud
1063 4434 1278 4503 quidem
1312 4434 1507 4489 factum
1548 4444 1629 4488 est
1655 4432 1719 4486 ad

134 4525 370 4579 lucrum
394 4523 537 4578 orbis
562 4533 842 4588 terrarum,
882 4526 981 4580 etsi
1011 4540 1114 4579 non
1142 4540 1207 4580 eo
1232 4528 1409 4578 animo
1441 4542 1453 4578 :
1481 4525 1603 4593 hoc,
1629 4541 1724 4579 au-

130 4626 269 4671 tem
287 4616 480 4669 nullam
509 4632 725 4687 usquam
749 4614 906 4672 habet
928 4618 1228 4679 utilitatem,
1252 4618 1344 4672 sed
1370 4633 1432 4672 ex
1459 4633 1524 4673 eo
1544 4617 1724 4671 damni

125 4717 230 4765 est
262 4709 570 4778 plurimum.
600 4694 783 4765 Haec'a
812 4726 899 4765 me
926 4710 1066 4766 dicta
1114 4720 1238 4765 sunt
1285 4727 1387 4765 non
1436 4712 1607 4766 solum
1649 4712 1714 4765 ad

125 4817 241 4856 eos
272 4800 364 4869 qui
393 4810 583 4870 gerunt
613 4802 971 4871 magistratus,
1018 4804 1111 4857 sed
1147 4804 1305 4857 etiam
1331 4802 1395 4856 ad
1424 4816 1518 4858 eos
1544 4803 1630 4873 qui
1661 4803 1728 4856 ab

128 4894 255 4947 illis
291 4904 574 4963 reguntur.
610 4893 752 4948 Dixit
778 4903 957 4949 autem
985 4897 1066 4949 vir
1091 4895 1303 4966 quidam
1332 4908 1549 4951 sanctus
1570 4897 1718 4966 quiti-

124 4986 299 5047 dam,
328 4985 471 5055 quod
504 5001 746 5056 magnam
776 5001 887 5057 prae
912 5002 971 5043 se
1002 4988 1101 5043 fert
1125 4990 1419 5052 audaciam,
1439 4991 1530 5044 sed
1553 4998 1727 5045 tamen

126 5086 223 5130 est
254 5077 575 5147 eloquutus.
606 5077 743 5143 Quid
774 5078 875 5133 hoc
904 5088 987 5133 est
1010 5090 1185 5133 autem
1208 5080 1231 5130 ?
1255 5080 1393 5137 Dixit
1424 5096 1490 5134 ne
1512 5083 1729 5149 sangui-

126 5186 273 5224 nem
306 5169 527 5239 quidem
568 5170 807 5241 martyrii
856 5186 1013 5241 posse
1058 5172 1235 5227 delere
1285 5175 1384 5228 hoc
1430 5184 1727 5243 peccatum.

126 5262 279 5316 Nam
316 5261 404 5315 dic
448 5260 601 5325 mihi,
632 5277 914 5332 quamnam
944 5262 1012 5317 ob
1036 5279 1248 5318 causam
1278 5280 1338 5320 es
1365 5267 1598 5338 martyr?
1636 5282 1733 5321 an-

128 5369 250 5407 non
292 5363 521 5421 propter
546 5350 742 5406 Christi
771 5352 1040 5425 gloriam?
1068 5354 1165 5421 Qut
1216 5371 1312 5424 pro
1354 5356 1567 5411 Christo
1609 5360 1731 5413 ani-

130 5465 293 5503 mam
337 5447 588 5517 posuisti,
641 5449 766 5518 qttid
822 5450 1090 5519 popularis
1136 5450 1453 5515 Ecclesium,
1499 5469 1596 5522 pro
1627 5469 1729 5522 qua

125 5544 408 5600 Christus
436 5557 586 5597 suam
613 5542 845 5613 profudit
892 5543 1168 5597 animam?
1207 5544 1344 5598 A‘udi
1389 5544 1606 5600 Paulum
1653 5546 1732 5599 di-

127 5647 398 5697 centem,
432 5632 555 5687 Non
581 5649 690 5688 sum
718 5634 899 5703 dignus
938 5651 1101 5689 vocari
1128 5622 1387 5701 apostolus
1409 5679 1423 5703 ,
1450 5637 1535 5706 qui
1563 5654 1732 5707 perse-

126 5738 340 5798 quutus
364 5741 479 5778 sum
510 5723 786 5778 Ecclesium
814 5724 910 5779 Dei
932 5724 1007 5797 (l.
1036 5727 1153 5783 Cor.
1183 5714 1266 5781 l3.
1293 5722 1370 5791 9),
1393 5737 1446 5783 et
1472 5744 1585 5783 eam
1617 5742 1734 5783 sum

127 5817 535 5888 depopulatus.
560 5816 673 5870 Non
704 5827 785 5872 est
811 5818 910 5872 hoc
936 5818 1109 5873 minus
1135 5819 1387 5875 damnum
1415 5837 1570 5891 qttam
1590 5823 1729 5892 quod

128 5913 387 5969 affertur
436 5911 505 5965 ab
556 5908 802 5977 inimicis,
849 5911 941 5966 sed
986 5914 1153 5966 multo
1203 5913 1394 5984 majus.
1447 5913 1575 5970 Nam
1607 5916 1732 5971 illud

472 6020 732 6080 ΡΑτιιοι..
774 6016 889 6076 Gtt.
934 6014 1124 6078 LXII.

1803 555 2016 626 quidem
2038 571 2157 611 eam
2187 558 2350 613 efficit
2373 558 2687 621 clariorem;
2716 558 2815 612 hoc
2845 567 3020 612 autem
3045 557 3207 613 etiam
3230 558 3371 625 apud

1804 650 2048 705 inimicos
2074 666 2192 705 eam
2222 650 2420 720 probro
2449 666 2514 705 ac
2534 651 2797 706 dedecore
2821 650 3018 715 afficit,
3047 648 3368 720 quandosui

1799 744 1892 797 filii
1920 759 2037 799 eam
2066 744 2205 800 bello
2235 750 2508 815 appetunt.
2542 744 2765 799 Videtur
2793 744 2936 800 enim
2978 758 3225 814 magnum
3251 755 3371 795 esse

1805 836 2003 892 fraudis
2030 834 2282 892 indicimn
2304 836 2443 907 apud
2473 851 2591 901 eos,
2623 835 2762 905 quod
2789 834 2880 905 qui
2923 835 2977 889 in
3006 849 3084 888 ea
3113 842 3235 887 sunt
3260 832 3371 886 nati

1803 940 1858 985 et
1880 930 2087 986 educati
2136 938 2191 985 et
2226 930 2342 1001 ejus
2385 945 2577 985 arcana
2629 940 2819 985 exacte
2850 926 3191 991 didicerunt,
3226 926 3260 979 ii
3287 940 3372 980 re-

1804 1032 1974 1092 pente'
1990 1024 2197 1088 mutati,
2229 1033 2494 1094 tamquam
2522 1023 2722 1078 inimici
2751 1022 2803 1076 in
2826 1020 2945 1077 eam
2977 1023 3083 1075 sint
3103 1019 3295 1074 affecti.

1876 1116 1928 1172 5.
1952 1115 2095 1170 ‘Hatc
2115 1131 2143 1169 a
2174 1129 2258 1171 me
2283 1116 2421 1171 dicta
2462 1116 2569 1171 sint
2609 1115 2675 1170 ad
2714 1130 2827 1180 eos,
2858 1113 2946 1183 qui
2977 1128 3036 1168 se
3062 1112 3265 1166 dedunt
3294 1110 3377 1164 in-

1802 1205 2207 1262 discriminatim
2246 1207 2333 1272 iis,
2374 1207 2466 1278 qui
2494 1207 2743 1262 scindunt
2791 1203 3109 1260 Ecclesium.
3152 1200 3286 1258 Nam
3325 1201 3374 1255 si

1804 1299 2051 1367 dogmata
2080 1298 2295 1369 quidem
2322 1298 2520 1353 habent
2568 1297 2856 1361 contraria,
2880 1296 2973 1351 vel
3006 1303 3224 1365 propter
3270 1291 3374 1346 hoc

1806 1388 2108 1458 ipsum'non
2138 1390 2491 1446 conveniebat
2514 1404 2634 1445 cum
2667 1388 2771 1444 illis
2792 1388 3003 1443 misceri
3037 1408 3048 1442 :
3081 1385 3163 1440 sin
3194 1384 3372 1439 autem

1806 1482 1992 1537 eadem
2020 1484 2275 1548 sentiunt,
2302 1483 2472 1537 multo
2517 1480 2959 1550 magis.‘Quarc?
3001 1476 3262 1546 Quoniam
3291 1466 3377 1530 est

1806 1577 2024 1631 morbus
2053 1576 2355 1631 ambitionis
2380 1586 2433 1630 et
2457 1575 2654 1629 amoris
2683 1573 2889 1643 imperii
2932 1582 2985 1627 et
3011 1568 3371 1640 magistratus.

1806 1669 2033 1725 Nescitis
2053 1669 2177 1740 quid
2196 1671 2337 1740 passi
2352 1680 2478 1724 sunt
2493 1665 2877 1731 CoreQDathan
2900 1663 3231 1722 et‘Abiron'?
3250 1672 3376 1715 num

1808 1764 1906 1833 ipsi
1939 1764 2081 1818 soli?
2108 1779 2283 1819 annon
2310 1765 2469 1819 etiam
2500 1763 2535 1818 ii
2563 1763 2651 1834 qui
2693 1771 2846 1819 erant
2889 1778 3008 1818 cum
3041 1761 3211 1830 ipsis?
3238 1755 3376 1826 Quid

1809 1851 1975 1911 dicis?
2004 1857 2303 1912 eadem‘est
2335 1857 2485 1921 fides,
2529 1856 2602 1911 illi
2644 1856 2854 1926 quoque
2897 1864 3020 1909 sunt
3058 1850 3378 1907 orthodoxi?

1808 1960 1904 2004 cur
1934 1956 2076 2020 ergo
2112 1954 2230 2002 noti
2270 1946 2394 2003 sunt
2441 1948 2717 2003 nobiscum
2737 1945 2931 2001 ?*Unus
2971 1944 3247 2006 Dominus,
3275 1957 3380 1994 una

1809 2040 1956 2110 ﬁdes,
1979 2056 2131 2093 unum
2156 2040 2440 2110 'baptismn.
2490 2038 2544 2094 Si
2596 2044 2681 2094 res
2722 2037 2934 2093 illorum
2966 2044 3110 2090 recte
3140 2034 3377 2098 habent,

1810 2142 2007 2189 nostra
2036 2136 2205 2201 male;
2226 2137 2282 2191 si
2317 2152 2407 2192 res
2450 2146 2647 2192 nostra;
2674 2136 2831 2202 bene,
2854 2142 2951 2190 ‘res
2978 2134 3187 2187 illorum
3215 2128 3375 2183 male.

1812 2226 2043 2294 Parvuli,
2064 2228 2251 2299 inquit,
2274 2231 2594 2299 ﬂuctuantes,
2618 2240 2664 2283 et
2690 2229 2775 2300 qui
2801 2227 3224 2296 circumferuntur
3241 2223 3382 2277 omni

1812 2321 2421 2383 vento.'Existim:itisne,
2447 2332 2648 2391 quaeso,
2679 2321 2923 2375 sufficere
2944 2322 2987 2374 si
3004 2320 3212 2394 dicatur
3238 2316 3382 2387 quod

1812 2410 1919 2465 sint
1945 2411 2229 2466 orthodoxi
2253 2452 2269 2475 ,
2300 2423 2482 2482 pereat
2509 2419 2685 2467 autem
2730 2423 2785 2467 et
2814 2412 3043 2467 intereat
3070 2407 3383 2465 ordinatio?

1817 2500 1881 2554 Et
1900 2502 2022 2570 quid
2053 2508 2276 2571 prosunt
2321 2503 2446 2563 alia,
2480 2503 2521 2557 si
2549 2519 2612 2558 ea
2653 2519 2757 2557 non
2800 2504 2870 2558 sit
2916 2510 3102 2558 exacta
3143 2512 3198 2556 et
3218 2506 3384 2554 accu-

1815 2594 1972 2647 rata?
1993 2592 2311 2649 Sicut‘ettim
2340 2609 2436 2664 pro
2467 2588 2590 2658 fide,
2618 2596 2688 2650 ita
2716 2596 2877 2649 etiam
2906 2594 3130 2664 pro‘hac
3146 2607 3385 2662 pugnan-

1814 2682 2061 2739 dum‘est.
2088 2683 2293 2738 Nam‘si
2323 2684 2538 2740 cuilibet
2587 2685 2712 2741 licet
2753 2690 2877 2739 s'uas
2911 2684 3131 2754 implere
3162 2690 3385 2746 manus,

1816 2783 1875 2829 ut
1915 2774 2161 2829 dicebant
2207 2783 2436 2839 veteres,
2492 2784 2547 2830 et
2594 2764 2708 2831 fieri
2755 2775 3082 2842 sacerdotes,
3130 2775 3389 2830 accedant

1816 2865 2265 2922 omnes:frustra
2308 2866 2407 2921 fuit
2449 2868 2564 2922 hare
2610 2882 2702 2923 ara
2747 2867 3028 2930 aediﬁcata,
3082 2868 3276 2921 frustra
3301 2876 3389 2923 est

1818 2958 2286 3029 plenusEcclesiaa
2314 2967 2633 3023 conventus,
2688 2958 2883 3014 frustra
2930 2969 3012 3013 est
3050 2958 3387 3014 sacerdotum

1820 3060 2071 3106 numerus
2103 3067 2117 3104 :
2146 3066 2208 3107 ea
2237 3050 2304 3106 de
2330 3051 2505 3107 medio
2531 3052 2777 3106 tollamus
2802 3061 2856 3106 et
2883 3051 3183 3122 perdamus.
3209 3047 3384 3117 Absit,

1819 3142 2006 3213 inquit.
2041 3141 2152 3197 Vos
2175 3142 2288 3197 haec
2314 3142 2426 3212 ipsa
2465 3142 2676 3207 facitis;
2709 3152 2765 3198 et
2801 3143 2996 3207 dicitis,
3043 3144 3228 3198 Absit?
3256 3150 3391 3213 quo-

1816 3235 1979 3290 modo
2003 3235 2159 3301 dicis,
2202 3234 2377 3299 Absit,
2425 3249 2545 3290 cum
2592 3236 2703 3305 ipsa
2742 3234 2886 3290 facta
2916 3236 3065 3290 sint?
3113 3236 3228 3307 Ego
3276 3232 3393 3290 haec

1818 3327 1939 3381 dico
1967 3336 2020 3381 et
2046 3325 2320 3389 testificor,
2350 3342 2456 3381 non
2486 3332 2732 3396 spectans
2759 3327 2812 3381 id
2840 3326 2978 3397 quod
3001 3328 3116 3381 mea
3138 3327 3390 3391 interest,

1820 3418 1913 3474 sed
1938 3424 2171 3474 vestram
2200 3418 2428 3474 salutem
2457 3436 2469 3471 :
2499 3419 2541 3473 si
2587 3419 2706 3489 quis
2744 3419 2815 3473 sit
2853 3418 2940 3489 qui
2967 3414 3109 3487 putet
3142 3418 3273 3472 nihil
3302 3434 3391 3472 re-

1820 3512 1981 3587 ferre,
2011 3513 2123 3581 ipse
2140 3510 2372 3577 viderit;
2404 3512 2447 3566 si
2474 3512 2559 3566 cui
2582 3522 2760 3567 autem
2782 3527 2846 3567 ex
2872 3512 2954 3566 his
2984 3527 3087 3566 non
3118 3519 3202 3565 est
3226 3526 3391 3576 curm,

1821 3612 1875 3656 at
1901 3602 2054 3657 nobis
2075 3612 2157 3657 est
2190 3620 2203 3656 :
2237 3601 2344 3671 Ego
2370 3601 2619 3673 ‘pldntavt',
2650 3602 2837 3671 inquit,
2872 3603 3055 3671 Apollo
3072 3602 3271 3670 rigavit,
3300 3588 3389 3655 sed

1822 3694 1961 3747 Deus
1992 3694 2129 3748 dedit
2154 3696 2514 3748 incrementum
2562 3696 2635 3769 (l.
2665 3694 2785 3750 Cor.
2807 3696 2863 3750 5.
2906 3694 2983 3765 6).
3014 3696 3290 3762 Quomodo
3321 3696 3397 3750 fe-

1824 3800 2003 3841 remus
2031 3786 2339 3841 Grateorum
2370 3787 2535 3842 risum
2563 3797 2618 3842 et
2639 3784 2929 3842 ludibrium
2954 3788 2978 3841 ?
3008 3786 3138 3842 Nam
3166 3788 3210 3842 si
3239 3789 3393 3841 nobis

1823 3879 2034 3935 crimini
2081 3879 2212 3934 dant
2258 3879 2514 3946 hereses,
2560 3872 2628 3935 de
2656 3881 2742 3935 his
2785 3880 2911 3950 quid
2953 3895 3058 3935 non
3090 3880 3310 3935 dieent?
3339 3880 3394 3934 Si

1824 3973 2010 4027 eadem
2037 3982 2163 4026 sunt
2189 3972 2460 4042 dogmata,
2484 3973 2530 4026 si
2555 3972 2742 4027 eadem
2775 3971 3048 4042 mysteria,
3078 3984 3306 4041 quanam
3331 3971 3397 4026 de

1824 4081 1983 4122 causa
2013 4066 2150 4121 alius
2178 4075 2357 4121 rector
2402 4066 2559 4120 aliam
2592 4066 2795 4120 invadit
2824 4065 3160 4120 Ecclesiam?
3188 4064 3397 4125 Videte,

1829 4160 2092 4228 inquiunt,
2123 4155 2264 4228 quod
2289 4173 2379 4212 res
2400 4172 2592 4213 omnes
2616 4157 3041 4212 Christianorum
3069 4156 3241 4225 plena:
3272 4166 3398 4209 sunt.

1829 4254 1972 4307 inani
1994 4252 2157 4322 gloria
2180 4254 2203 4304 ?
2232 4253 2373 4321 qund
2395 4252 2616 4306 ambitio
2643 4251 2779 4320 apud
2807 4267 2920 4315 eos,
2957 4249 3097 4303 fraus
3124 4248 3349 4303 etdolus
3378 4249 3402 4300 ?

1828 4345 2016 4398 Adime
2042 4346 2140 4408 eis,
2160 4345 2420 4415 inquiunt,
2442 4343 2851 4407 multitudinem,
2867 4340 3117 4396 exscinde
3132 4340 3397 4405 morbum,

1829 4446 1883 4489 et
1909 4437 2074 4491 turbae
2111 4437 2531 4505 corruptionem,
2586 4444 2641 4489 et
2677 4433 2811 4489 nihil
2841 4441 2983 4487 sunt.
3025 4431 3196 4486 Vultis
3224 4431 3397 4485 dicam

1829 4541 1948 4597 qua:
1974 4526 2153 4580 dicunt
2179 4527 2245 4579 de
2271 4535 2451 4581 nostra
2481 4518 2737 4581 civitate?
2760 4508 3029 4593 quomodo
3051 4538 3149 4577 nos
3175 4516 3403 4592 arguunt

1829 4619 1898 4673 de
1927 4618 2091 4672 nimia
2114 4614 2407 4672 facilitate?
2429 4617 2591 4683 Licet,
2629 4617 2888 4687 inquiunt,
2907 4616 3075 4670 cuivis
3096 4614 3293 4693 volenti
3324 4615 3403 4668 in-

1830 4711 2013 4765 venire
2034 4710 2121 4780 qui
2152 4709 2569 4778 persuadeantur
2595 4718 2648 4763 et
2667 4708 2925 4773 credant;
2955 4720 3052 4761 nec
3078 4706 3111 4761 ii
3144 4722 3397 4777 umquam

1833 4802 2116 4857 defuerint.
2144 4801 2189 4856 0
2211 4818 2322 4856 rem
2354 4801 2662 4857 ridiculam!
2704 4801 2980 4867 Quodnam
3007 4806 3088 4855 est
3116 4802 3215 4855 hoc
3239 4786 3405 4853 dedc-

1835 4896 1969 4951 cus?
1994 4894 2098 4951 Sed
2126 4904 2207 4950 est
2235 4894 2377 4950 aliud
2426 4908 2637 4966 quoque
2678 4896 2981 4962 ridiculum,
3011 4903 3065 4947 et
3105 4893 3248 4949 aliud
3277 4909 3405 4964 pro-

1840 4990 1989 5042 brum
2040 5002 2104 5043 ac
2131 4988 2382 5044 dedecus.
2432 4988 2491 5043 Si
2518 4990 2606 5058 q‘ui
2636 5005 2696 5044 ex
2746 4989 2899 5043 nobis
2946 4986 3175 5043 convicti
3224 5002 3402 5041 rerum

1839 5080 2289 5150 turpissimarum,
2320 5081 2429 5135 sint
2450 5080 2680 5150 aliquam
2712 5084 2922 5150 pmnam
2948 5079 3145 5145 daturi,
3178 5092 3403 5148 magnus

1838 5182 1920 5228 est
1967 5184 2187 5240 tremor,
2218 5184 2437 5242 magnus
2466 5162 2700 5242 undique
2730 5188 2909 5242 pavor,
2961 5170 3039 5225 Ne
3066 5170 3286 5231 resiliat,
3321 5168 3403 5220 in-

1838 5268 1973 5336 quit,
2021 5277 2073 5321 et
2119 5267 2399 5333 desciscat,
2434 5283 2502 5321 ne
2529 5276 2633 5321 stet
2675 5282 2794 5319 cum
2830 5266 2952 5320 illis.
2987 5262 3175 5319 Millies
3205 5260 3408 5317 resiliat

1838 5375 1902 5414 ac
1945 5358 2158 5414 deficiat
2205 5358 2254 5412 et
2308 5357 2522 5413 sitcum
2552 5356 2675 5421 illis,
2702 5376 2804 5412 non
2832 5357 2975 5421 dico,
3006 5357 3050 5410 si
3078 5355 3196 5426 quis
3239 5354 3308 5407 sit
3336 5368 3405 5407 ex

1840 5453 1905 5507 iis
1945 5451 2035 5522 qui
2078 5461 2390 5523 peccarunt,
2434 5452 2527 5506 sed
2571 5452 2669 5506 etsi
2720 5453 2838 5521 quis
2882 5452 2951 5504 sit
3003 5449 3134 5503 nttlli
3188 5457 3403 5517 peccato

1841 5547 2104 5600 obnoxius
2135 5556 2189 5601 et
2211 5547 2322 5599 vult
2353 5546 2605 5611 deficere,
2635 5544 2865 5599 deficiat.
2895 5543 3023 5597 Nam
3060 5556 3159 5611 ego
3189 5540 3399 5609 quidem

1840 5639 1994 5693 deleo
2025 5644 2079 5692 et
2107 5638 2280 5693 defleo
2322 5648 2376 5692 et
2417 5638 2609 5707 plango
2634 5648 2688 5691 et
2728 5635 3023 5690 visceribus
3062 5633 3319 5699 dissecor,
3351 5643 3407 5687 ttt

1840 5735 1927 5801 qui
1960 5735 2137 5801 priver
2189 5732 2402 5802 proprio
2455 5730 2728 5795 membro;
2774 5732 2866 5784 sed
2899 5745 3001 5783 tton
3051 5728 3124 5782 ita
3172 5726 3326 5782 doleo
3357 5735 3409 5779 ut

1844 5836 2060 5895 propter
2104 5836 2300 5881 metum
2352 5841 2514 5894 cogar
2558 5823 2754 5894 aliquid
2803 5823 2979 5878 facere
3023 5821 3160 5876 ltaud
3209 5834 3405 5876 conve-

1847 5932 2016 5972 IIICIIS.

2964 6007 3005 6067 6
