3960 6526
624 421 705 477 ’8⁸1
1382 415 1439 469 S.
1478 412 1752 470 JOANNIS
1787 410 2256 468 CHRYSOSTOMI
2285 410 2589 499 ARCIIIEP.
2627 415 3154 475 CONSTANTINOP.
3737 443 3784 499 εδ

709 536 1093 609 Chrysostonuts
1134 533 1375 588 doctrina:
1408 534 1542 586 verbi
1585 534 1875 603 prafectus.
1924 528 2205 585 Ecclesium

636 630 863 684 scindere
890 645 988 681 non
1011 626 1175 680 minus
1193 635 1265 679 est
1295 626 1483 678 malum
1511 640 1662 694 quam
1690 623 1909 677 incidere
1944 623 1998 675 in
2043 623 2201 675 lucre-

633 723 748 775 sim.
782 750 851 760 --
878 718 991 773 Non
1026 717 1367 771 dominamur
1396 725 1587 771 vestrm
1626 714 1770 777 ﬁdei,
1800 730 1834 770 ο
1871 714 2074 777 dilecti,
2108 728 2205 767 nec

632 810 832 864 domini
881 823 1029 863 more
1057 806 1172 861 huic
1201 808 1524 877 imperamus
1552 823 1566 860 :
1594 806 1851 861 doctrina:
1891 804 2037 860 verbi
2068 820 2202 874 pra:-

631 904 749 960 fecti
777 918 961 957 smnus
992 919 1006 955 :
1039 916 1143 956 non
1189 909 1275 956 est
1317 910 1493 955 autem
1540 900 1696 955 nobis
1726 899 2007 953 mandatus
2034 898 2195 968 magi-

629 1004 847 1059 stratus,
900 1009 999 1049 nec
1024 994 1145 1048 data
1187 994 1514 1048 auctoritas:
1548 991 1970 1046 consiliariorum
2014 993 2200 1044 admo-

627 1088 866 1141 nentium
899 1088 1073 1141 locum
1102 1096 1364 1141 tenemus.
1408 1086 1753 1140 Consiliarius
1780 1084 1909 1139 dicit
1944 1100 2062 1154 qua:
2086 1100 2115 1137 a
2142 1099 2201 1139 se

628 1181 941 1249 procedunt,
990 1198 1094 1236 non
1134 1182 1501 1237 necessitatem
1553 1181 1782 1236 all'erens
1809 1181 2036 1235 auditori
2064 1199 2078 1245 ;
2104 1180 2197 1234 sed

627 1275 679 1328 in
707 1275 826 1345 ejus
855 1284 1117 1345 potestate
1141 1275 1356 1329 dimittit
1383 1284 1438 1328 ut
1465 1273 1703 1328 facienda
1735 1274 2029 1343 eligatqua:
2057 1273 2196 1328 dicta

625 1376 753 1420 sunt
780 1384 791 1418 :
820 1366 990 1436 culpze
1013 1374 1123 1419 tum
1146 1366 1316 1419 solum
1347 1374 1432 1419 est
1460 1364 1741 1429 obnoxius,
1787 1365 1831 1418 si
1866 1381 1969 1418 non
2002 1365 2198 1419 dixerit

624 1474 745 1528 qua:
774 1460 823 1513 ei
849 1470 972 1513 sunt
990 1459 1294 1514 commissa.
1323 1456 1447 1513 Ideo
1471 1458 1584 1511 hinc
1613 1457 1857 1516 dicimus.
1891 1457 2004 1511 hmc
2029 1457 2197 1527 loqui-

626 1567 765 1616 mur,
815 1566 884 1605 ne
931 1550 1020 1605 illo
1064 1551 1152 1604 die
1202 1551 1360 1605 liceat
1408 1550 1560 1604 vobis
1602 1549 1799 1611 dicere,
1848 1548 2016 1603 Nemo
2044 1548 2195 1603 nobis

622 1646 775 1708 dixit,
801 1660 957 1698 nemo
983 1644 1255 1713 explicuit,
1289 1644 1669 1713 ignoravimus,
1690 1643 1888 1696 nullum
1919 1642 2193 1697 existinm-

621 1738 795 1790 vimus
840 1750 959 1791 esse
1009 1745 1304 1805 peccatum.
1335 1734 1619 1805 Propterea
1664 1734 1789 1789 dico
1817 1746 1872 1789 et
1901 1743 2188 1805 protestor,

624 1829 915 1883 Ecclesium
967 1828 1212 1883 scindere
1244 1844 1349 1882 non
1392 1828 1570 1881 minus
1612 1842 1733 1882 esse
1782 1828 2001 1892 malum,
2034 1844 2190 1898 quam

622 1921 856 1976 incidere
886 1920 939 1974 in
968 1920 1235 1975 haeresim.
1267 1920 1359 1974 Dic
1380 1919 1584 1980 mihi,si
1612 1920 1730 1989 quis
1753 1919 2034 1990 alicuiregi
2059 1921 2192 1976 sub-

614 2014 808 2079 jectus,
853 2011 918 2066 ad
963 2013 1122 2065 alimn
1169 2011 1382 2080 quidem
1432 2025 1537 2064 non
1576 2009 1850 2075 defecerit,
1910 2026 2083 2080 neque
2132 2025 2191 2066 se

617 2105 774 2159 alicui
806 2104 914 2173 regi
942 2102 1224 2166 dediderit,
1254 2101 1346 2157 sed
1380 2101 1520 2156 illius
1545 2110 1814 2171 acceptam
1843 2110 1897 2155 et
1921 2101 2189 2157 dctentam

616 2210 903 2265 purpuram
932 2210 960 2247 a
984 2193 1145 2249 ﬁbula
1176 2203 1339 2248 totam
1370 2194 1665 2254 detruserit.
1698 2203 1753 2249 et
1783 2194 1834 2248 in
1882 2196 2045 2248 multa
2080 2194 2189 2248 fra-

614 2295 827 2355 gmenta
857 2284 1167 2353 disruperit,
1212 2300 1278 2338 an
1313 2286 1490 2339 minus
1518 2285 1767 2353 punietur
1809 2300 1967 2355 quam
2004 2286 2091 2355 qui
2122 2286 2188 2340 ad

614 2376 843 2430 alterum
890 2374 1407 2441 defccerunt?Quid
1452 2391 1601 2440 vero,
1657 2376 1701 2429 si
1740 2376 1958 2446 insuper
2014 2378 2188 2446 ipsum

613 2480 825 2536 quoque
874 2480 1053 2535 regem
1100 2465 1284 2537 jugulo
1346 2468 1737 2536 apprehensum
1790 2468 2185 2535 interemisset,

613 2556 949 2610 membratim
971 2555 1280 2624 discerpens
1310 2556 1425 2626 ejus
1451 2572 1667 2625 corpus,
1714 2573 1971 2628 quasnam
2002 2575 2187 2628 poenas

611 2646 847 2702 dedisset
874 2661 971 2717 pro
997 2646 1246 2703 meritis?
1273 2646 1327 2702 Si
1349 2656 1527 2702 alitem
1553 2650 1642 2718 qui
1665 2650 1772 2719 regi
1799 2664 2060 2706 conservo
2087 2667 2187 2707 suo

613 2738 716 2793 hoc
741 2738 944 2801 fecerit,
974 2738 1175 2808 majora
1207 2738 1333 2793 fecit
1361 2754 1518 2807 quam
1553 2750 1607 2793 ut
1631 2756 1764 2810 quas
1811 2757 1908 2810 par
1948 2753 2031 2797 est
2057 2742 2187 2798 dare

610 2833 782 2903 possit
810 2846 1028 2901 pmnas;
1060 2833 1150 2902 qui
1176 2831 1447 2887 Christum
1494 2833 1703 2903 jugulat
1747 2843 1801 2889 et
1851 2837 2185 2893 membratim

610 2923 849 2985 dilaniat,
878 2938 1035 2993 quam
1084 2938 1188 2978 non
1239 2924 1529 2979 merebitur
1573 2928 1911 2996 gehennam?
1956 2928 2185 3001 hancne,

611 3013 762 3081 cujus
815 3022 938 3067 sunt
979 3015 1250 3069 intentata:
1282 3016 1478 3069 minue?
1510 3017 1619 3085 Ego
1643 3017 1854 3087 quidem
1884 3034 1989 3074 non
2038 3022 2184 3077 arbi-

612 3113 747 3166 tror,
793 3105 885 3158 sed
933 3105 1091 3158 aliam
1143 3107 1296 3175 longe
1350 3107 1668 3175 graviorem.
1716 3108 1885 3164 Dicite
1927 3122 2187 3183 quotquot

610 3196 809 3252 adestis
851 3199 869 3268 (
900 3213 1017 3253 nam
1050 3214 1238 3266 magna
1265 3216 1329 3255 ex
1353 3212 1502 3269 parte
1531 3202 1630 3256 hoc
1660 3215 1741 3259 cst
1773 3205 2025 3262 delictum
2068 3225 2185 3263 mu-

610 3287 878 3358 lierum),
936 3288 1247 3343 absentihus
1292 3302 1506 3346 narrate
1562 3292 1665 3349 hoc
1713 3298 2039 3367 exemplum,
2090 3315 2183 3355 eas

610 3389 830 3435 terrete.
876 3380 932 3435 Si
982 3382 1072 3451 qui
1117 3384 1426 3438 existimant
1457 3401 1542 3440 me
1567 3386 1754 3442 dolore
1783 3388 2001 3446 afficere
2028 3402 2082 3447 et
2106 3396 2185 3449 sic

608 3471 816 3539 ulcisci,
836 3473 1003 3527 sciant
1035 3489 1092 3527 se
1122 3474 1235 3529 haec
1264 3475 1456 3531 frustra
1509 3477 1705 3534 facere.
1746 3478 1877 3535 Nam
1907 3484 1951 3537 si
1979 3498 2076 3538 nos
2101 3485 2181 3540 vis

608 3562 810 3627 ulcisci,
840 3577 939 3633 ego
966 3564 1057 3618 tibi
1085 3563 1155 3619 do
1202 3566 1441 3633 modum,
1491 3584 1596 3638 quo
1638 3570 1840 3641 absque
1868 3572 2064 3628 damno
2092 3587 2183 3630 tuo

608 3657 790 3711 ulcisci
819 3658 1028 3726 possis;
1059 3660 1165 3713 imo
1196 3676 1324 3716 vero
1369 3678 1476 3717 non
1517 3664 1718 3735 absque
1758 3664 1953 3721 damno
2001 3670 2182 3724 ulcisci

607 3749 726 3817 quis
757 3759 951 3817 potest,
998 3761 1053 3803 at
1098 3750 1289 3806 saltem
1330 3768 1452 3808 cum
1499 3756 1691 3811 minori
1727 3758 2025 3828 :colaphos
2051 3760 2182 3815 mihi

609 3842 861 3911 impinge,
890 3856 1129 3912 conspue
1155 3844 1207 3898 in
1234 3845 1448 3915 publico
1476 3862 1786 3917 occurrens,
1813 3862 1867 3906 et
1894 3852 2073 3923 plagas
2104 3854 2184 3907 iu-

609 3930 751 4000 ﬂige.

679 4022 734 4079 6.
773 4021 1048 4079 ilorrescis
1095 4024 1209 4079 hazc
1250 4025 1518 4082 audiens?
1562 4028 1839 4085 Horrescis
1882 4033 1926 4086 si
1969 4032 2179 4096 dixero,

607 4112 875 4183 Colaphos
918 4115 1047 4169 mihi
1092 4117 1326 4188 impinge
1366 4135 1379 4172 :
1408 4128 1464 4175 et
1492 4120 1770 4176 Dominum
1803 4132 1948 4178 tuum
1976 4125 2179 4182 discer-

608 4204 713 4274 pis,
762 4220 861 4260 nec
899 4204 1217 4262 horrescis?
1265 4209 1502 4265 membra
1546 4212 1754 4267 Domini
1799 4214 2084 4282 dilaceras,
2129 4227 2183 4273 et

608 4312 714 4352 nou
740 4300 1146 4355 contremiscis?
1167 4301 1403 4358 Ecclesia
1425 4314 1511 4359 est
1533 4303 1723 4361 domus
1750 4314 1994 4377 paterna,
2017 4327 2181 4366 unum

608 4402 824 4459 corpus,
854 4400 908 4445 et
936 4406 1071 4447 unus
1095 4393 1335 4463 Spiritus.
1374 4394 1479 4450 Sed
1507 4395 1588 4451 vis
1615 4412 1702 4456 me
1728 4399 1910 4452 ulcisci
1937 4403 1960 4451 ἰ
1990 4400 2069 4455 Ad
2098 4416 2183 4456 me

610 4497 776 4553 usque
815 4486 1071 4542 consiste.
1122 4486 1229 4541 Cur
1264 4503 1363 4559 pro
1410 4504 1497 4544 me
1540 4489 1811 4544 Christum
1857 4491 2183 4548 ulcisceris?

610 4574 719 4628 imo
743 4592 839 4630 cur
863 4577 1119 4634 adversus
1144 4580 1324 4636 clavos
1350 4582 1630 4637 culcitras?
1659 4585 1832 4652 Atque
1859 4584 2040 4639 ulcisci
2068 4586 2186 4655 qui-

611 4665 733 4721 dem
772 4684 1031 4740 nusquam
1058 4682 1140 4727 est
1176 4673 1373 4727 bonum
1404 4690 1501 4729 nec
1532 4674 1817 4731 honestum
1849 4678 2061 4742 ;altero
2086 4694 2183 4733 au-

614 4766 720 4811 tem
755 4757 1001 4828 injuriam
1033 4760 1278 4829 faciente,
1321 4765 1547 4819 alterum
1587 4768 1905 4822 contumelia
1944 4769 2181 4835 allicere,

613 4858 699 4904 est
718 4850 873 4921 longe
902 4854 1135 4922 gravius.
1170 4854 1364 4924 injuria
1394 4871 1453 4910 cs
1479 4871 1507 4909 a
1539 4857 1694 4912 nobis
1718 4858 1937 4915 allectus
1962 4862 1986 4914 ἲ
2008 4876 2102 4915 cur
2131 4862 2183 4916 ei

614 4954 674 4993 es
717 4942 973 4997 molestus
1022 4945 1109 5013 qui
1165 4945 1257 4999 tibi
1308 4962 1413 5001 non
1457 4947 1583 5002 fecit
1636 4948 1918 5015 injuriam?
1966 4950 2065 5005 hoc
2102 4964 2187 5007 est

617 5044 872 5089 extrema:
902 5037 1144 5091 insaniae.
1187 5038 1299 5094 Non
1348 5055 1444 5110 per
1486 5041 1711 5095 ironiam
1750 5042 1871 5096 dico
1897 5043 2037 5113 quod
2066 5060 2183 5099 sum

612 5126 876 5194 dicturus,
906 5144 1077 5201 neque
1107 5141 1307 5188 temere
1326 5174 1345 5200 ,
1375 5132 1469 5188 sed
1497 5134 1566 5188 ita
1599 5142 1657 5188 ut
1682 5135 1856 5189 sentio
1881 5144 1934 5188 et
1958 5150 2074 5189 sum
2112 5136 2186 5190 af—

612 5217 1035 5276 fectuszvellem
1082 5238 1511 5294 unumquemque
1557 5240 1739 5281 eorum
1780 5225 1870 5296 qui
1913 5226 2182 5282 vobiscum

660 5335 3151 5361 Μ

2308 526 2364 583 in
2402 544 2500 584 nos
2541 530 2778 587 ulcerato
2804 543 2929 588 sunt
2968 534 3181 601 animo,
3212 543 3265 590 et
3292 537 3438 595 nobis
3477 544 3599 601 male
3621 550 3781 619 volunt,

2309 631 2362 675 et
2387 633 2603 715 propter
2629 623 2770 680 hunc
2790 640 2943 681 suum
2970 627 3384 687 auimidolorem
3413 636 3597 706 seipsos
3620 641 3781 715 lautum,

2308 721 2363 767 et
2389 713 2495 767 alio
2520 716 2735 781 vadunt,
2764 718 2916 773 nobis
2942 719 2993 773 in
3026 721 3137 788 ipsa
3168 719 3299 777 facie
3324 725 3495 795 plagas
3517 713 3785 803 indigeres:

2307 807 2534 860 nudatos
2557 806 2735 877 llagris
2763 810 2969 865 caedere
2989 811 3101 866 sive
3123 812 3242 880 jure
3270 814 3380 869 sive
3404 816 3577 887 injuria
3597 838 3780 896 accusa,

2305 905 2359 949 et
2388 896 2517 951 iram
2568 899 2619 953 in
2650 915 2746 955 nos
2773 901 3059 957 immittere
3098 904 3269 971 potius
3306 921 3457 975 quam
3485 925 3540 964 ea
3565 928 3665 983 qua
3683 934 3782 978 nunc

2303 988 2502 1042 audent
2540 989 2732 1047 facere.
2764 992 2819 1048 Si
2870 992 2969 1048 hoc
3015 994 3163 1049 lieret
3191 1036 3207 1061 ,
3253 998 3376 1052 nihil
3415 1013 3549 1057 esset
3578 1005 3781 1069 hominem

2306 1080 2452 1132 nihili
2481 1091 2535 1133 ct
2564 1082 2762 1138 nullius
2789 1085 3155 1140 aestimationis
3196 1086 3307 1141 htec
3334 1091 3458 1159 pati.
3490 1094 3698 1166 Alioquin
3718 1120 3783 1158 au-

2305 1178 2407 1222 tem
2444 1186 2544 1239 ego
2598 1172 2787 1241 injuria
2825 1184 2881 1229 et
2905 1176 3224 1230 contumelia
3262 1178 3475 1236 allectus
3505 1184 3645 1241 Deum
3670 1207 3781 1261 roga.

2302 1276 2448 1327 rem,
2499 1272 2552 1317 et
2594 1275 2766 1319 vestra
2817 1276 3041 1345 peccata“
3072 1269 3365 1324 remitteret
3405 1289 3419 1324 :
3459 1289 3555 1328 non
3593 1284 3779 1347 quoniam

2302 1363 2499 1408 tantam
2529 1356 2698 1412 habeo
2727 1358 2996 1422 ﬁduciam.
3021 1361 3116 1415 sed
3146 1363 3393 1427 quoniam
3420 1368 3502 1435 qui
3525 1378 3599 1423 est
3619 1373 3780 1431 allectus

2300 1446 2510 1513 injuria,
2534 1449 2743 1517 quando
2775 1461 2926 1519 rogat
2957 1467 3055 1521 pro
3078 1466 3145 1506 eo
3168 1454 3255 1521 qui
3286 1453 3412 1509 fecit
3438 1457 3673 1526 injuriam,
3699 1482 3779 1520 ma-

2297 1552 2451 1605 gnam
2484 1538 2641 1594 habet
2684 1539 2951 1597 ﬁduciam.
2982 1542 3046 1597 Si
3081 1543 3133 1596 in
3163 1544 3432 1607 hominem,
3464 1549 3631 1619 inquit,
3654 1571 3781 1621 pecca-

2296 1632 2418 1683 verit
2442 1632 2708 1701 quispiam,
2756 1633 2966 1688 orabunt
3009 1651 3101 1703 pro
3140 1636 3253 1705 ipso
3291 1638 3383 1705 (1.
3411 1640 3531 1711 Reg.
3552 1644 3780 1717 2.25).Si

2294 1732 2473 1775 autem
2503 1739 2606 1778 non
2648 1738 2860 1794 possem
2884 1741 3003 1796 ego,
3039 1726 3172 1781 alios
3198 1737 3411 1784 sanctos
3438 1747 3722 1802 quaererem,
3743 1752 3778 1795 et

2295 1828 2559 1883 rogarem,
2593 1825 2647 1869 et
2673 1815 2775 1871 hoc
2800 1816 3093 1873 efficerent.
3123 1817 3276 1874 Nunc
3303 1829 3475 1875 autem
3507 1838 3645 1893 quem
3669 1842 3778 1898 ιιιιρ.

2293 1906 2469 1961 bimus
2491 1948 2507 1973 ,
2542 1908 2648 1963 Deo
2673 1924 2703 1963 a
2742 1908 2897 1964 nobis
2925 1910 3117 1965 allecto
3156 1914 3474 1968 contumelia
3502 1917 3522 1968 ?
3556 1916 3778 1975 \‘ideina-

2293 2001 2623 2071 qualitatem.
2644 2002 2718 2057 Ex
2738 2004 2801 2058 iis
2817 2003 2980 2071 enim,
3002 2005 3091 2075 qui
3114 2004 3231 2061 lucc
3246 2005 3441 2063 faciunt
3465 2011 3513 2065 in
3538 2012 3779 2080 Ecclesiam,

2293 2093 2383 2146 alii
2423 2094 2634 2163 quidem
2683 2104 2774 2149 aut
2814 2111 3097 2165 numquam
3142 2098 3421 2166 accedunt,
3460 2112 3547 2155 aut
3582 2106 3714 2160 semel
3746 2109 3779 2161 in

2291 2200 2451 2250 anno,
2482 2194 2537 2241 et
2557 2196 2679 2243 tunc
2700 2196 2901 2243 temere
2921 2199 2975 2243 et
3000 2190 3493 2262 quomodocumque
3519 2212 3531 2247 :
3556 2195 3633 2248 alii
3655 2208 3781 2253 autem

2291 2277 2621 2349 frequentius
2648 2280 2886 2349 quidem,
2915 2281 3007 2334 sed
3040 2282 3138 2350 ipsi
3178 2297 3393 2352 quoque
3423 2293 3607 2341 temere
3624 2296 3668 2341 et
3690 2288 3782 2344 levi-

2291 2380 2371 2425 ter
2397 2370 2761 2437 disserentes,
2806 2380 2861 2425 et
2902 2371 2970 2426 de
3000 2372 3165 2426 nihilo
3204 2384 3464 2443 nugantes
3504 2393 3516 2428 :
3554 2376 3629 2431 alii
3653 2388 3782 2434 autem

2288 2463 2378 2532 qui
2424 2462 2673 2517 videntur
2698 2463 2840 2517 serio
2877 2479 3036 2533 agere
3058 2505 3074 2529 ,
3110 2465 3161 2518 hi
3189 2473 3317 2520 sunt
3342 2466 3430 2535 qui
3457 2478 3572 2521 sunt
3597 2479 3783 2524 auctores

2289 2552 2444 2623 hujus
2468 2554 2801 2609 calamitatis.
2820 2553 2873 2610 Si
2897 2571 3025 2624 ergo
3050 2570 3143 2610 vos
3161 2571 3376 2626 quoque
3398 2566 3599 2627 propter
3613 2574 3664 2615 ea
3685 2562 3784 2615 serio

2288 2645 2443 2715 agitis
2484 2655 2539 2700 et
2568 2644 2797 2699 Studium
2828 2658 3061 2700 vestrum
3108 2646 3330 2714 ponitis,
3375 2648 3534 2703 satius
3567 2660 3689 2705 esset
3720 2667 3785 2705 vos

2287 2738 2572 2792 collocatos
2613 2752 2733 2792 esse
2760 2752 2878 2793 cum
2917 2740 3311 2809 negligentibus
3340 2758 3353 2795 :
3384 2741 3489 2796 imo
3524 2758 3635 2798 vero
3665 2744 3785 2798 satius

2288 2837 2431 2883 esset
2449 2868 2463 2893 ,
2485 2844 2655 2899 neque
2684 2830 2801 2884 illos
2834 2845 2953 2885 esse
2985 2831 3340 2901 negligentes,
3370 2848 3535 2904 neque
3561 2850 3643 2887 vos
3661 2835 3783 2899 tales;

2288 2935 2396 2974 nou
2442 2938 2538 2978 vos
2570 2920 2691 2976 dico
2717 2922 2804 2992 qui
2848 2923 3046 2977 adestis
3068 2965 3085 2990 ,
3114 2924 3206 2979 sed
3250 2925 3372 2980 illos
3410 2926 3497 2995 qui
3523 2926 3787 2981 resiliuntac

2287 3014 2608 3069 desciscunt.
2638 3014 2715 3069 Ea
2754 3030 2843 3071 res
2888 3025 2971 3071 est
2998 3016 3345 3072 adulterium.
3393 3018 3448 3073 Si
3486 3000 3603 3088 ergo
3632 3017 3723 3072 huc
3742 3018 3787 3071 de

2288 3106 2391 3160 illis
2419 3105 2520 3160 dici
2553 3120 2656 3161 nou
2696 3105 2966 3172 admittis,
2991 3123 3118 3178 ergo
3158 3123 3260 3163 nec
3301 3108 3369 3163 de
3409 3109 3555 3163 nobis
3581 3127 3593 3161 :
3619 3123 3714 3162 nam
3741 3124 3787 3163 ex

2285 3196 2493 3251 duobus
2517 3197 2743 3251 alterum
2775 3198 2969 3251 factum
2999 3212 3118 3253 esse
3143 3208 3362 3269 oportet
3387 3210 3574 3269 praeter
3594 3199 3726 3268 leges.
3748 3199 3787 3252 Si

2288 3289 2401 3343 ha-c
2427 3302 2554 3359 ergo
2580 3289 2646 3343 de
2674 3288 2828 3343 nobis
2853 3304 2947 3344 vos
2968 3290 3333 3359 suspicamini,
3367 3292 3531 3361 parati
3559 3306 3712 3346 sumus
3730 3306 3790 3345 (‘12-

2285 3380 2414 3435 dcre
2441 3380 2655 3450 regendi
2677 3395 2871 3435 munus
2897 3382 2980 3435 cui
3007 3382 3198 3437 voletis
3224 3400 3241 3445 ;
3273 3383 3434 3438 modo
3459 3400 3556 3438 una
3578 3386 3637 3437 sit
3660 3383 3792 3437 Emic-

2286 3474 2364 3526 sia
2397 3491 2410 3527 :
2437 3472 2480 3525 si
2512 3489 2610 3527 uos
2635 3483 2811 3527 autem
2841 3473 3072 3543 legitime
3098 3475 3267 3528 creati
3293 3489 3513 3539 sumus,
3542 3472 3791 3544 persuadete

2288 3572 2347 3617 ut
2387 3562 2717 3631 deponantur
2755 3563 2843 3632 qui
2886 3562 3041 3617 sedes
3072 3572 3270 3633 prmter
3311 3563 3455 3631 leges
3487 3564 3792 3619 ascenderunt.

2287 3653 2411 3709 llaec
2433 3654 2564 3717 dixi,
2593 3668 2696 3706 non
2723 3660 2987 3720 tamquam
3017 3654 3308 3722 imperans.
3329 3655 3422 3710 sed
3444 3669 3536 3710 vos
3563 3663 3685 3709 tutos
3706 3651 3792 3707 red-

2287 3746 2419 3801 dens
2446 3756 2499 3800 et
2522 3747 2680 3799 certis
2705 3745 2945 3800 muniens
2972 3745 3259 3815 praesidiis.
3288 3748 3547 3815 Quoniam
3570 3746 3796 3816 unusquis-

2286 3854 2390 3909 que
2412 3838 2571 3893 habet
2597 3846 2826 3902 zetatem,
2854 3846 2909 3892 et
2938 3837 3007 3892 de
3032 3837 3098 3891 iis
3116 3852 3240 3908 qua:
3269 3839 3436 3908 gessit
3455 3849 3536 3895 est
3556 3837 3797 3893 redditurus

2290 3932 2551 3987 rationem
2575 3973 2592 3996 ,
2623 3946 2753 4002 rogo
2782 3946 2850 3986 ne
2881 3929 3130 3985 universo
3156 3932 3207 3985 in
3239 3947 3341 3986 nos
3371 3932 3640 4002 conjecto.
3659 3929 3800 3985 existi-

2288 4024 2445 4079 metis
2465 4038 2559 4078 vos
2584 4023 2726 4093 ipsos
2753 4038 2856 4077 non
2885 4037 3009 4078 esse
3040 4022 3233 4077 rationi
3263 4023 3551 4080 reddenda:
3576 4022 3797 4082 obnoxios,

2290 4133 2357 4172 ne
2384 4130 2480 4173 vos
2501 4128 2702 4172 temere
2722 4116 3051 4186 decipientes
3081 4115 3372 4187 plangatis.
3395 4116 3682 4172 Reddemus
3697 4112 3801 4169 enim

2289 4211 2549 4265 rationem
2580 4224 2676 4278 pro
2704 4209 2895 4263 vestris
2918 4207 3219 4272 animabus,
3259 4208 3357 4264 sed
3387 4206 3595 4277 quando
3614 4204 3801 4272 delique-

2288 4304 2472 4366 rimus,
2504 4300 2716 4371 quando
2745 4315 2850 4354 non
2875 4299 3242 4370 rogaverimus
3266 4340 3283 4364 ,
3310 4297 3527 4369 quando
3549 4311 3644 4353 non
3665 4292 3802 4349 admo-

2289 4396 2580 4457 nuerimus,
2607 4393 2819 4465 quando
2846 4408 2950 4446 non
2978 4391 3239 4446 fuerimus
3270 4390 3572 4461 protestati.
3599 4388 3706 4444 Post
3722 4384 3802 4436 huc

2288 4500 2487 4553 autem,
2514 4485 2792 4541 concedite
2822 4492 2877 4537 ut
2900 4497 2998 4552 ego
3023 4496 3237 4552 quoque
3266 4481 3471 4547 dicam,
3505 4478 3708 4535 Mundus
3725 4489 3804 4528 tu

2289 4599 2321 4635 a
2348 4580 2594 4651 sanguine
2624 4578 2846 4631 omnium
2868 4575 3013 4643 (Act.
3046 4574 3136 4629 9-0.
3169 4575 3241 4630 26
3265 4575 3307 4643 ),
3337 4584 3415 4640 et,
3444 4573 3665 4627 Animam
3687 4581 3805 4620 ιιιισιιι

2289 4674 2515 4729 liberabit
2543 4670 2678 4724 Deus
2704 4669 2794 4742 (2.
2826 4666 2961 4721 Tim.
2992 4667 3047 4721 4.
3091 4666 3158 4721 18
3180 4666 3226 4737 ).
3258 4666 3430 4722 Dicite
3454 4679 3572 4735 qua:
3604 4660 3753 4721 vultis,
3771 4664 3809 4708 et

2287 4769 2481 4838 justam
2509 4778 2722 4819 causam
2753 4770 2969 4831 propter
2996 4775 3151 4829 quam
3180 4759 3443 4815 rcceditis
3468 4767 3521 4813 et
3544 4751 3807 4812 desciscitis,

2290 4872 2345 4916 et
2372 4876 2470 4931 ego
2494 4855 2849 4927 respondebo.
2877 4853 2981 4909 Sed
3005 4868 3107 4907 non
3133 4852 3353 4907 dicetis.
3386 4851 3497 4906 Vos
3523 4860 3714 4919 quoque
3733 4842 3810 4912 jam

2288 4972 2419 5027 rogo
2456 4964 2513 5008 ut
2547 4963 2763 5007 strenue
2792 4948 3027 5011 instetis,
3059 4956 3115 4999 ut
3144 4945 3422 5000 reducatis
3447 4958 3540 4999 eos
3567 4942 3649 5011 qui

2290 5026 2475 5105 serunt
2500 5064 2513 5100 :
2541 5054 2596 5097 ut
2620 5041 2899 5097 unanimes
2919 5038 3203 5109 gratiarum
3231 5038 3507 5092 actionem
3536 5034 3638 5088 Deo
3658 5026 3815 5085 eluitu-

2293 5156 2431 5196 mus.
2461 5134 2721 5204 Quoniam
2743 5140 2825 5187 est
2849 5130 2896 5186 ei
2922 5129 3087 5200 gloria
3109 5129 3160 5183 in
3189 5128 3417 5183 sarcula.
3444 5130 3629 5184 Amen.

3152 5319 3820 5345 ____________...

1991 5389 2329 5453 HOMILIA
2371 5389 2519 5451 XII.

615 5512 741 5569 CAP.
770 5516 823 5570 4.
859 5530 907 5568 v.
937 5514 1021 5570 i7.
1057 5512 1167 5567 Hoc
1191 5514 1345 5583 igitur
1377 5513 1489 5567 dico
1515 5523 1561 5566 et
1598 5513 1835 5578 testiﬁcor
1866 5514 1916 5565 in
1949 5510 2182 5581 Domino,

686 5616 739 5659 ut
777 5607 891 5676 jam
930 5622 1030 5660 non
1058 5604 1358 5668 ambuletis,
1391 5607 1518 5657 sicut
1557 5616 1604 5660 et
1636 5616 1807 5675 gentes
1836 5604 2096 5658 ambulant
2131 5607 2185 5661 in

686 5700 904 5759 vanitate
949 5716 1123 5755 uncus
1167 5700 1285 5766 sui,
1336 5699 1547 5754 tenebris
1591 5698 1912 5753 obscuratum
1954 5697 2187 5755 habentes

686 5791 1016 5847 intellectum.

692 5884 735 5937 ι.
782 5885 1066 5959 Ductorem
1091 5896 1306 5959 Oportet
1336 5887 1615 5945 instituere
1638 5896 1693 5945 et
1719 5885 1949 5960 dirigere
1977 5885 2187 5944 animos

2291 5512 2689 5583 discipulorum,
2721 5522 2826 5561 non
2858 5506 3029 5561 solum
3056 5502 3393 5560 consulendo
3414 5513 3469 5557 et
3494 5488 3821 5583 docendo.

2290 5620 2344 5664 ct
2370 5579 2623 5663 terrendo
2648 5610 2702 5657 et
2730 5600 2841 5655 Deo
2870 5596 3144 5653 tradendo.
3173 5594 3309 5649 Nam
3353 5593 3602 5664 quoniam
3640 5600 3743 5657 qua:
3772 5579 3823 5632 ab

2292 5696 2597 5755 hominibus
2623 5693 2873 5748 dicuntur
2914 5697 3180 5758 tamquam
3224 5699 3256 5738 a
3295 5684 3592 5750 conservis,
3619 5695 3712 5735 non
3737 5670 3824 5730 sul-

2294 5790 2477 5845 ftciunt
2518 5785 2583 5841 ad
2613 5781 2930 5853 tangendam
2961 5780 3216 5841 animam,
3241 5791 3473 5832 necesse
3500 5784 3581 5830 est
3608 5770 3824 5837 reliquum

2294 5882 2522 5941 Domino
2550 5877 2780 5935 tradere.
2813 5874 2925 5931 lIoc
2959 5887 3086 5943 ergo
3116 5868 3320 5928 Paulus
3341 5884 3555 5943 quoque
3573 5866 3702 5924 facit.
3725 5857 3827 5914 Nam
