3960 6500
153 453 221 509 87
408 528 411 529 ν
966 448 1034 505 IN
1080 446 1297 503 EPIST.
1326 445 1416 501 AD
1454 444 1696 499 EPIIES.
1738 442 1889 497 CAP.
1922 442 2011 496 IV.
2059 439 2296 497 IIOMIL.
2329 438 2443 492 XII.
3333 433 3400 487 88

220 567 296 621 Οὑ
347 564 674 635 κυριεύομεν
739 562 892 632 ὑμῶν
954 562 1052 632 τῆς
1102 560 1337 623 πίστεως
1364 599 1378 622 ,
1426 555 1724 627 ἀγαπητοὶ,

145 654 271 710 οὐδὲ
287 651 623 715 δεσποτικῶς
642 649 817 703 ταῦτα
844 649 1208 719 ἐπιτάττομεν
1232 667 1245 680 ·
1276 649 1355 710 είς
1378 642 1728 699 διδασκαλίαν

145 745 308 812 λόγου
358 740 887 813 προεχειρίσθημεν,
944 739 1044 791 οὑκ
1092 740 1173 800 εἰς
1230 734 1405 807 ἀρχὴν
1466 732 1588 787 οὑδέ
1650 731 1730 793 είς

146 830 457 886 αὑθεντίαν·
481 827 800 899 συμϐούλων
828 825 980 890 τάξιν
1003 825 1272 895 ἐπέχομεν
1298 819 1726 894 παραινούντων.

160 918 223 971 ὐ
266 916 651 987 συμϐουλεύων
692 915 840 983 λέγει
874 914 942 967 τὰ
981 912 1111 983 παρ’
1147 911 1371 974 ἑαυτοῦ,
1420 910 1520 962 οὑκ
1560 909 1729 975 ἀναγ-

148 1007 337 1072 κάζων
393 1007 485 1058 τὸν
538 1004 815 1076 ἀκροατὴν
838 1043 854 1069 ,
905 1002 1023 1055 ἀλλ’
1057 1000 1219 1054 αὑτὸν
1250 1000 1444 1069 ἀφίησι
1490 997 1590 1066 τῆς
1624 996 1732 1048 τῶν

148 1096 464 1165 λεγομένων
528 1094 794 1165 αἱρέσεως
870 1092 1059 1164 κύριον
1096 1108 1112 1122 ·
1170 1091 1228 1144 ἐν
1311 1090 1521 1150 τούτοις
1584 1083 1733 1139 ἐστὶν

150 1184 457 1248 ὑπεύθυνος
479 1181 657 1253 μόνον,
674 1180 741 1235 ἂν
758 1181 827 1234 τά
850 1179 1202 1252 παραστάντα
1220 1177 1294 1248 μὴ
1315 1176 1481 1229 εἴποι.
1499 1174 1597 1227 Διά
1615 1169 1730 1245 [88]

149 1270 317 1325 τοῦτο
345 1272 441 1325 καὶ
480 1271 641 1339 ἡμεῖς
689 1268 861 1322 ταῦτά
891 1283 1090 1338 φαμεν,
1139 1264 1307 1319 ταῦτα
1351 1263 1604 1332 λέγομεν,
1649 1261 1735 1314 ἵνα

152 1361 287 1429 ὑμῖν
329 1358 405 1430 μὴ
432 1356 526 1429 ἐξῇ
553 1357 669 1409 κατ’
701 1356 917 1425 ἐκείνην
944 1354 1042 1426 τὴν
1068 1353 1281 1425 ἡμέραν
1309 1351 1511 1419 λέγειν’
1549 1347 1735 1411 Οὐδεὶς

150 1448 290 1516 ἡμῖν
339 1441 513 1510 εἷπεν,
534 1444 710 1507 οὐδεὶς
745 1441 1105 1507 διεστείλατο,
1162 1442 1529 1510 ἡγνοήσαμεν,
1583 1435 1736 1489 οὑδέν

155 1532 445 1603 ἡγούμεθα
471 1531 532 1585 τὸ
563 1529 864 1602 ἁμάρτημα
891 1527 1050 1582 εἶναι.
1110 1527 1209 1581 Διά
1232 1526 1390 1580 τοῦτο
1446 1525 1625 1593 λέγω,
1642 1524 1737 1576 καὶ

151 1620 624 1692 διαμαρτύρομαι,
656 1619 737 1672 ὄτι
760 1616 853 1670 τοῦ
883 1619 962 1680 είς
986 1615 1198 1684 αἰρεσιν
1243 1614 1506 1684 ἐμπεσεῖν
1550 1611 1612 1665 τὸ
1638 1610 1737 1681 τὴν

164 1706 498 1778 Ἐκκλησίαν
519 1706 701 1777 σχίσαι
724 1706 825 1759 οὑκ
847 1704 1067 1758 ἔλαττόν
1091 1707 1206 1756 ἐστι
1234 1702 1425 1756 κακόν.
1463 1700 1599 1753 Εἰπέ
1623 1716 1736 1770 μοι,

154 1795 217 1849 εἴ
235 1813 324 1859 τις
352 1795 455 1848 ὑπὸ
482 1794 687 1865 βασιλεῖ
715 1811 820 1847 τινι
851 1791 1158 1863 τυγχάνων,
1192 1790 1365 1862 ἐτέρῳ
1397 1788 1495 1860 μὲν
1529 1787 1738 1857 βασιλεῖ

157 1885 241 1957 μὴ
274 1883 587 1955 πρόσθοιτο,
619 1881 753 1953 μηδέ
783 1881 859 1951 δῶ
892 1879 1087 1934 ἐαυτὸν
1113 1879 1280 1949 ἄλλῳ,
1307 1876 1475 1931 αὑτοῦ
1504 1877 1562 1930 δέ
1591 1875 1736 1929 ἐκεί-

156 1990 254 2025 νου
304 1972 403 2042 τὴν
432 1969 721 2041 ἁλουργίδα
768 1967 947 2020 λαϐὼν
980 1968 1075 2021 καὶ
1118 1964 1443 2036 κατασχὼν,
1494 1963 1601 2018 ἀπὸ
1638 1962 1739 2031 τῆς

157 2057 400 2128 περόνης
419 2057 751 2127 κατήνεγκεν
775 2056 1016 2118 ἃπασαν,
1045 2053 1139 2107 καὶ
1155 2051 1436 2124 διέρρηξεν
1462 2053 1540 2114 είς
1572 2048 1740 2103 πολλά

159 2145 444 2216 ῥήγματα,
472 2140 581 2214 ἄρα
605 2139 767 2214 ἦττον
789 2142 853 2195 ἂν
879 2141 988 2195 τῶν
1018 2140 1189 2213 ἑτέρῳ
1217 2139 1602 2211 προσθεμένων
1628 2139 1742 2191 ἐκο-

156 2231 375 2301 λάσθη;
403 2232 468 2285 Τί
487 2232 567 2295 δέ,
599 2232 648 2283 εἰ
681 2230 819 2300 μετά
858 2228 1048 2282 τούτου
1077 2228 1239 2282 αὑτὸν
1265 2228 1357 2281 τὸν
1388 2226 1609 2298 βασιλέα
1633 2227 1741 2279 ἀπὸ

158 2319 253 2373 τοῦ
298 2318 497 2389 λαιμοῦ
546 2317 834 2387 κατασχὼν
872 2317 1124 2385 ἔσφαττε,
1167 2314 1310 2369 κατά
1342 2314 1502 2385 μέλος
1540 2312 1744 2379 διαξαί-

158 2424 267 2460 νων
294 2407 462 2461 αὑτοῦ
504 2405 564 2458 τὸ
592 2404 771 2475 σῶμα,
817 2404 976 2457 ποίαν
1006 2404 1071 2457 ἂν
1103 2402 1258 2471 δίκην
1283 2401 1427 2465 δοὺς,
1464 2400 1564 2472 τὴν
1588 2399 1743 2464 ἀξίαν

158 2491 404 2560 ἕδωκενς
437 2494 499 2547 El
518 2493 573 2546 δὲ
602 2494 681 2556 είς
710 2491 931 2562 βασιλέα
964 2490 1052 2543 τὸν
1077 2489 1366 2561 ὁμόδουλον
1396 2486 1556 2542 τοῦτο
1579 2489 1744 2558 ἐργα-

159 2583 420 2654 σάμενος,
476 2574 669 2651 πάσης
702 2579 767 2634 ἀν
798 2579 1021 2649 μείζονα
1066 2577 1221 2649 δίκης
1250 2575 1561 2649 εἰργάσατο·
1599 2577 1627 2628 6
1654 2576 1746 2628 τὸν

158 2671 400 2744 Χριστὸν
448 2670 695 2739 σφάττων
727 2669 821 2722 καὶ
859 2666 1144 2734 διαξαίνων
1186 2665 1326 2721 κατά
1373 2665 1552 2736 μέλος,
1587 2667 1747 2728 ποίας

159 2760 389 2830 γεέννης
404 2759 505 2812 οὑκ
524 2758 674 2812 ἐσται
694 2757 840 2824 ἄξιος
861 2773 876 2818 ;
908 2752 1018 2827 ἆρα
1041 2753 1243 2824 ταύτης
1262 2753 1404 2825 [τῆς]
1424 2752 1748 2822 ἀπειλουμέ-

158 2865 261 2918 νης
276 2865 293 2914 ;
318 2847 434 2899 Οῦκ
444 2846 616 2915 ἔγωγε
629 2839 778 2916 οἶμαι
787 2885 800 2908 ,
815 2843 929 2896 ἀλλ’
941 2842 1131 2913 ἐτέρας
1146 2841 1323 2911 πολλῷ
1343 2841 1745 2911 χαλεπωτέρας.

160 2934 395 2998 Εἴπατε,
431 2935 554 2990 ὅσαι
578 2934 817 3005 πάρεστε
845 2931 942 3002 (ὡς
970 2930 1079 3000 γὰρ
1112 2929 1205 2982 ἐπὶ
1240 2929 1299 2981 τὸ
1318 2927 1452 2981 πολὺ
1477 2928 1749 2996 γυναικῶν

156 3022 326 3077 τοῦτο
354 3024 414 3075 τὸ
454 3018 782 3091 ἐλάττωμα).
827 3022 946 3084 ταῖς
974 3017 1241 3080 ἀπούσαις
1268 3015 1598 3087 διηγήσασθε
1626 3014 1749 3069 τοῦ-

156 3129 225 3165 το
251 3112 318 3165 τὸ
361 3111 697 3181 ὑπόδειγμα,
739 3109 1034 3179 φοϐήσατε.
1101 3107 1171 3161 Et
1200 3122 1346 3167 τινες
1388 3106 1536 3175 ἡμᾶς
1560 3104 1750 3157 λυπεῖν

160 3201 260 3253 καὶ
288 3198 603 3271 ἀμύνασθαι
643 3197 818 3268 τούτῳ
863 3194 1194 3266 νομίζουσιν,
1234 3188 1292 3247 εὖ
1328 3192 1635 3256 είδέτωσαν,
1667 3192 1750 3246 ὅτι

157 3286 342 3340 ταῦτα
371 3287 547 3357 μάτην
570 3283 831 3339 ποιοῦσιν.
884 3284 947 3337 Εἰ
980 3283 1088 3354 γάρ
1116 3282 1263 3352 ἡμᾶς
1288 3278 1595 3351 ἀμύνασθαι
1628 3276 1751 3349 βού-

156 3376 274 3439 λει,
303 3374 415 3443 ἐγὼ
447 3392 529 3428 σοι
570 3373 762 3445 δίδωμι
810 3373 1030 3442 τρόπον,
1067 3370 1191 3425 καθ’
1238 3370 1299 3423 ὃν
1331 3369 1501 3440 χωρὶς
1524 3370 1623 3438 τῆς
1652 3369 1752 3439 σῆς

160 3463 376 3535 βλάϐης
403 3461 715 3533 ἀμύνασθαι
740 3462 946 3531 δυνήσῃ
971 3477 985 3490 ·
1020 3458 1220 3529 μᾶλλον
1242 3457 1299 3510 δὲ
1318 3457 1418 3509 οὐκ
1442 3456 1557 3509 ἐστι
1581 3457 1751 3526 χωρὶς

161 3551 375 3622 βλάϐης
417 3548 749 3620 ἀμύνασθαι,
796 3547 935 3618 πλὴν
970 3546 1108 3599 ἀλλά
1141 3546 1281 3615 μετὰ
1308 3545 1591 3607 ἐλάττονος
1619 3543 1749 3614 βλά-

159 3640 267 3711 ϐης
284 3655 301 3670 ·
330 3639 584 3709 ῥάπισον,
610 3637 886 3709 ἐμπτύσον
908 3634 1203 3706 ἐντυχοῦσα
1222 3632 1475 3706 δημοσίᾳ,
1498 3633 1594 3686 καὶ
1612 3632 1751 3703 πλη-

158 3726 271 3799 γάς
303 3726 562 3781 ἐντεινον.

237 3821 314 3881 ς’.
340 3815 588 3885 Φρίττεις
603 3811 775 3867 ταῦτα
795 3811 1068 3866 ἀκούουσα
1088 3827 1102 3875 ;
1135 3811 1233 3863 Ἂν
1254 3809 1414 3870 εῐπω.
1433 3808 1563 3879 Ἐμέ
1587 3807 1751 3879 ῥάπι-

162 3917 283 3964 σον,
320 3900 567 3970 φρίττεις
585 3916 601 3931 ·
630 3897 727 3958 καὶ
743 3897 834 3950 τὸν
854 3895 1130 3966 Δεσπότην
1162 3910 1255 3947 σου
1281 3893 1633 3965 σπαράττεις,
1659 3892 1754 3945 καὶ

159 3987 225 4040 οὑ
275 3985 526 4057 φρίττεις
549 4000 563 4046 ;
589 3982 659 4036 τά
689 3981 824 4052 μέλη
854 3982 923 4035 τά
961 3980 1267 4033 Δεσποτικά
1294 3978 1612 4043 διαξαίνεις,
1657 3977 1752 4030 καὶ

158 4070 225 4123 οὗ
252 4070 517 4140 τρέμεις;
549 4062 711 4129 Οἷκός
738 4067 886 4119 ἐστιν
916 4065 950 4134 ὴ
980 4063 1277 4133 Ἐκκλησία
1310 4063 1605 4133 πατρικὸς·
1642 4063 1753 4116 Ἔν

161 4152 361 4220 σῶμα,
381 4152 481 4205 καί
503 4151 575 4205 ἐν
590 4149 847 4218 πνεῦμα.
888 4146 1049 4201 Ἀλλά
1088 4145 1267 4217 βούλει
1299 4163 1366 4217 με
1405 4145 1749 4217 ἀμύνασθαι;

161 4237 379 4308 Μέχρις
413 4234 550 4305 ἐμοῦ
579 4233 755 4305 στῆθι.
774 4233 839 4286 Τί
861 4232 977 4286 ἀντ’
999 4230 1131 4302 ἐμοῦ
1158 4229 1249 4284 τὸν
1272 4231 1505 4302 Χριστὸν
1530 4229 1747 4303 ἀμύνῃ;

166 4317 379 4388 μᾶλλον
410 4316 468 4368 δὲ
487 4313 539 4367 τί
568 4313 710 4367 κατά
738 4311 847 4365 τῶν
865 4311 1013 4382 ἦλων
1040 4308 1347 4374 λακτίζειςς
1374 4308 1624 4380 Οὑδαμοῦ
1651 4308 1750 4378 μὲν

162 4394 266 4452 οῦν
306 4400 372 4451 τὸ
420 4395 728 4467 ἀμύνασθαι
760 4394 959 4448 καλόν·
1004 4394 1068 4447 τὸ
1095 4393 1153 4446 δέ
1202 4391 1390 4463 ἐτέρου
1435 4391 1748 4453 ἀδικοῦντος

162 4482 367 4550 ἓτερον
413 4478 677 4549 ὑϐρίζειν,
732 4476 912 4547 πολλῷ
965 4474 1364 4549 χαλεπώτερον.
1417 4474 1554 4546 Παρ’
1592 4473 1749 4546 ἡμῶν

164 4561 469 4633 ἠδίκησαις
515 4561 565 4615 τί
588 4562 678 4615 τὸν
712 4561 813 4613 οὐκ
843 4559 1142 4632 ἠδικηκότα
1181 4558 1410 4625 λυπεῖς;
1444 4557 1603 4611 τοῦτο
1641 4574 1746 4627 μα-

163 4646 295 4708 νίας
334 4646 591 4716 ἐσχάτης.
634 4645 749 4698 Οὑκ
788 4642 1229 4715 εἰρωνευόμενος,
1273 4642 1302 4695 ὃ
1334 4641 1511 4712 μέλλω
1546 4640 1745 4709 λέγειν,

158 4730 337 4800 φημί,
366 4729 490 4783 οὐδὲ
521 4728 731 4791 ἁπλῶς,
777 4727 893 4780 ἀλλ’
937 4725 1010 4791 ὡς
1049 4726 1157 4797 ἔχω
1181 4726 1276 4780 καὶ
1314 4727 1391 4789 ὼς
1428 4726 1744 4795 διάκειμαι·

155 4814 400 4867 ἕκαστον
422 4814 532 4866 τῶν
554 4815 652 4867 σὺν
677 4813 806 4882 ὑμῖν
826 4811 890 4864 λυ
900 4809 1181 4878 τεθυμένων
1198 4811 1334 4882 πρὸς
1356 4811 1524 4880 ἡμᾶς,
1543 4810 1639 4863 καὶ
1660 4808 1748 4863 διὰ

1835 554 2040 623 ταύτην
2071 552 2171 621 τὴν
2200 550 2379 621 λύπην
2403 547 2749 619 βλαπτόντων
2771 544 3016 607 ἑαυτοὺς.
3046 543 3141 596 καὶ
3164 542 3398 614 ἀλλαχοῦ

1829 637 2228 707 πορευομένων.
2274 633 2573 702 ἐϐουλόμην
2611 628 2827 698 πληγάς
2861 628 3112 680 ἐντείνειν
3153 629 3283 695 ἡμῖν
3323 629 3402 689 εἰς

1828 722 1927 792 τὴν
1959 720 2080 788 ὄψιν
2104 718 2294 789 αὑτὴν,
2329 716 2422 768 καὶ
2460 716 2699 784 γυμνοὺς
2722 712 3070 766 ἀποδύσαντα
3098 711 3403 774 αἰκίζεσθαι

1832 802 2104 873 μάστιξιν,
2127 801 2236 854 εἴτε
2254 800 2481 861 δικαίως
2502 798 2612 851 εἴτε
2637 796 2833 859 ἀδίκως
2860 796 3140 865 ἐγκαλοίη.
3162 796 3256 848 καὶ¹
3275 794 3405 864 μᾶλ-

1828 885 1918 938 λον
1945 887 2184 955 είςήμᾶς
2206 883 2427 953 ἀφιέναι
2444 881 2541 951 τὴν
2560 879 2799 952 ὀργὴν,ῆ
2821 879 2995 931 ταῦτα
3017 878 3242 948 τολμᾷν,
3258 877 3293 930 ἃ
3309 878 3405 929 νῦν

1830 970 2120 1039 τολμῶσιν.
2150 969 2212 1020 Εἰ
2241 966 2399 1019 τοῦτο
2421 964 2664 1033 γέγονεν,
2688 962 2837 1015 οὐδὲν
2863 963 2929 1015 ἂν
2968 958 3072 1029 ἦν,
3119 961 3405 1030 ούὸαμινδν

1831 1053 2114 1122 ἄνθρωπον
2155 1052 2251 1104 καὶ
2286 1049 2494 1111 οὐδενὸς
2526 1048 2675 1113 ἀξιον
2703 1046 2860 1114 λόγου
2902 1046 3125 1098 τοιαῦτα
3154 1044 3403 1113 πάσχειν.

1837 1138 2042 1200 ’Ἄλλως
2072 1137 2131 1189 δέ
2160 1136 2225 1188 ἂν
2242 1134 2336 1187 καὶ
2361 1132 2712 1203 παρεκάλεσα
2738 1133 2765 1183 6
2790 1128 3115 1199 ἠδικημένος
3143 1130 3235 1181 καὶ
3257 1128 3408 1197 ὑϐρι-

1836 1221 2029 1291 σμένος
2060 1219 2170 1287 ἐγὼ
2210 1219 2301 1272 τὸν
2333 1217 2487 1277 Θεὸν,
2519 1215 2614 1269 καὶ
2653 1214 2865 1283 ἀφῆκεν
2900 1213 3028 1281 ὑμῖν
3058 1211 3126 1264 τὰ
3156 1212 3408 1281 ἁμαρτή-

1837 1319 2014 1375 ματα·
2060 1303 2159 1359 οῦκ
2194 1301 2383 1371 ἐπειδὴ
2442 1298 2557 1371 [89]
2599 1296 2914 1367 παρρησίαν
2948 1294 3057 1364 ἔχω
3116 1294 3407 1362 τοσαύτην,

1833 1387 1947 1440 ἀλλ’
1973 1385 2220 1456 ἐπειδὴηὸ
2254 1382 2610 1454 ἠδικημένος,
2632 1380 2760 1433 ὅταν
2788 1379 2929 1449 ὑπὲρ
2961 1377 3052 1430 τοῦ
3085 1376 3410 1447 ἠδικηκότος

1836 1471 2158 1544 παρακαλῇ,
2188 1467 2391 1537 πολλὴν
2410 1465 2675 1536 κέκτηται
2702 1463 2801 1533 τὴν
2829 1460 3164 1533 παρρησίαν.
3193 1462 3303 1513 Ἂν
3323 1461 3411 1544 είς

1835 1542 2149 1623 ἄνθρωπόν
2184 1569 2275 1618 τις
2316 1549 2572 1620 ἁμάρτῃ,
2606 1547 2761 1616 φησὶ,
2809 1545 3245 1615 προσεύξονται
3279 1542 3413 1611 περὶ

1835 1638 2041 1693 αὑτοῦ.
2078 1636 2139 1689 El
2164 1635 2222 1689 δὲ
2256 1634 2330 1704 μὴ
2367 1632 2650 1703 ἠδυνάμην
2692 1628 2824 1698 ἐγὼ,
2866 1630 3086 1698 ἐτέρους
3118 1626 3183 1679 ἂν
3224 1626 3415 1694 ἁγίους

1840 1722 2081 1793 ἐζήτησα
2108 1719 2201 1772 κα)⁵
2240 1715 2613 1788 παρεκάλεσα,
2646 1714 2742 1767 καὶ
2782 1711 2940 1765 τοῦτο
2970 1711 3034 1765 ἂν
3065 1709 3412 1781 εἰργάσαντο.

1843 1792 1958 1859 Νῦν
2008 1804 2065 1858 δὲ
2105 1804 2229 1857 τίνα
2278 1801 2373 1854 καὶ
2430 1796 2911 1869 παρακαλέσομεν,
2964 1794 3057 1848 τοῦ
3102 1792 3237 1846 Θεοῦ
3283 1793 3414 1861 παρ’

1838 1889 1994 1959 ἡμῶν
2027 1884 2427 1957 ὑϐριζομένου;
2460 1882 2603 1951 Ὅρα
2647 1877 2984 1949 ἀνωμαλίαν.
3026 1877 3147 1930 Τῶν
3178 1875 3287 1946 γὰρ
3333 1875 3416 1936 είς

1837 1975 1936 2044 τὴν
1982 1969 2313 2042 Ἐκκλησίαν
2346 1966 2553 2036 ταύτην
2593 1964 2893 2017 τελούντων
2936 1964 2986 2015 οί
3034 1960 3134 2032 μὲν
3162 1960 3417 2013 οὐδέποτε

1839 2055 2146 2126 προσίασιν.
2175 2053 2208 2125 ἢ
2239 2051 2332 2104 τοῦ
2368 2048 2614 2102 ἐνιαυτοῦ
2650 2047 2818 2113 ἅπαξ.
2862 2048 2957 2099 καὶ
2998 2046 3124 2098 τότε
3156 2044 3279 2113 εἱκῆ
3310 2044 3411 2098 καὶ

1838 2125 1912 2202 ὡς
1942 2140 2133 2209 ἔτυχεν
2152 2154 2166 2167 ·
2189 2138 2238 2190 οἱ
2263 2136 2320 2189 δέ
2350 2133 2731 2204 συνεχέστερον
2762 2132 2881 2202 μὲν,
2901 2130 2994 2183 καὶ
3021 2129 3176 2183 αὑτοὶ
3205 2127 3261 2180 δὲ
3284 2125 3409 2194 εἰκῆ

1842 2227 1935 2278 καὶ
1964 2221 2170 2287 ἁπλῶς,
2188 2217 2558 2288 διαλεγόμενοι
2588 2218 2684 2271 καὶ
2705 2213 3123 2287 ἐρεσχελοῦντες
3150 2212 3292 2284 ὑπὲρ
3321 2210 3415 2263 τοῦ

1846 2306 2103 2380 μηδενός·
2138 2305 2188 2357 οί
2230 2303 2289 2356 δὲ
2335 2301 2496 2370 δῆθεν
2557 2298 2883 2364 σπουδάζειν
2934 2288 3241 2358 δοκοῦντες.
3273 2288 3419 2348 οῦτοί

1844 2376 1979 2445 εἰσιν
2011 2390 2060 2442 οἱ
2087 2387 2184 2460 τὴν
2218 2385 2503 2456 συμφοράν
2547 2382 2755 2451 ταύτην
2783 2380 3163 2451 ἐργαζόμενοι.
3200 2379 3263 2432 Ei
3288 2376 3419 2460 γοῦν

1842 2474 2046 2527 τούτων
2073 2458 2260 2523 ἕνεκεν
2303 2466 2659 2530 σπουδάζετε,
2702 2464 2913 2534 βέλτιον
2958 2464 3050 2516 καὶ
3098 2463 3243 2531 ὑμᾶς
3280 2458 3422 2531 μετὰ

1844 2558 1951 2610 τῶν
1983 2546 2327 2625 ἀμελούντων
2363 2550 2651 2620 τετάχθαι·
2687 2547 2888 2616 μᾶλλον
2914 2546 2970 2600 δέ
2996 2545 3055 2597 τὸ
3085 2544 3294 2614 βέλτιον
3327 2537 3420 2613 ἦν,

1850 2642 1987 2712 μήτε
2016 2638 2257 2701 ἐκείνους
2299 2632 2439 2689 εἶναι
2469 2634 2712 2705 ἀμελεῖς,
2750 2632 2888 2703 μήτε
2920 2629 3195 2691 τοιούτους
3243 2626 3417 2712 ὑμᾶς·

1846 2708 1945 2795 ὸὺχ
1990 2723 2133 2793 ὑμᾶς
2165 2720 2309 2789 λέγω
2346 2719 2473 2781 τοὺς
2523 2716 2823 2787 παρόντας,
2867 2713 2981 2766 ἀλλ’
3021 2708 3424 2795 ἐκείνουςλξτοδῖ

1847 2790 2263 2875 ἀποπηδῶντας.
2297 2799 2528 2870 Μοιχεία
2564 2799 2627 2851 τὸ
2668 2796 2904 2869 πρᾶγμά
2934 2796 3105 2848 ἐστιν.
3144 2793 3206 2847 Et
3242 2790 3315 2875 61-:
3360 2790 3423 2875 οὑ

1849 2890 1980 2963 δέχῃ
1997 2873 2123 2958 περὶ
2149 2885 2374 2940 ἐκείνων
2416 2883 2593 2938 ταῦτα
2621 2879 2862 2942 ἀκούειν,
2909 2878 3106 2941 οὐκοῦν
3145 2874 3267 2930 οὑδέ
3295 2873 3427 2943 περὶ

1850 2957 2008 3044 ἡμῶν
2029 2989 2041 3002 ·
2071 2957 2183 3024 τῶν
2210 2968 2323 3039 γὰρ
2358 2966 2453 3021 δύο
2504 2965 2566 3021 τδ
2607 2965 2795 3035 ἕτερον
2828 2961 3162 3032 παρανόμως
3194 2957 3425 3044 γεγενῆ..

1854 3042 1976 3109 σθαι
2002 3054 2101 3107 δεῖ.
2130 3053 2193 3106 EE
2228 3052 2325 3122 μὲν
2354 3045 2448 3104 οῦν
2491 3048 2619 3117 περὶ
2656 3046 2815 3118 ἡμῶν
2844 3046 3018 3098 ταῦτα
3052 3042 3387 3096 ὑποπτεύετε
3407 3080 3425 3105 ,

1848 3138 2055 3208 ἕτοιμοι
2083 3133 2485 3207 παραχωρῆσαι
2504 3132 2603 3202 τῆς
2627 3131 2799 3202 ἀρχῆς
2815 3130 3031 3198 ὅτῳπερ
3054 3126 3119 3180 ἂν
3140 3124 3423 3195 βούλησθε·

1853 3221 2011 3292 μόνον
2056 3217 2355 3288 Ἐκκλησία
2414 3216 2555 3269 ἐστω
2609 3214 2735 3285 μία·
2792 3214 2841 3265 εί
2883 3211 2940 3265 δὲ
2977 3212 3139 3280 ἡμεῖς
3187 3209 3427 3292 ἐννόμως

1849 3290 2213 3374 γεγενήμεθα,
2250 3300 2479 3353 πείσατε
2528 3294 2862 3351 καταθέσθαι
2904 3293 3031 3356 τοὺς
3076 3290 3428 3363 παρανόμους

1849 3388 1942 3439 ἐπὶ
1968 3373 2060 3439 τὸν
2089 3386 2275 3456 θρόνον
2304 3381 2736 3452 ἀναϐεϐηκότας.
2779 3377 2966 3431 Ταῦτα
3000 3373 3175 3439 εἷπον,
3208 3375 3307 3444 οὑχ
3351 3373 3426 3436 ὠς

1851 3455 2173 3533 ἐπιτάττων,
2210 3465 2324 3520 ἀλλ’
2362 3466 2509 3536 ὑμᾶς
2544 3462 2981 3532 ἀσφαλιζόμενος
3012 3461 3109 3513 καὶ
3146 3455 3425 3529 φρουρῶν.

1864 3552 2081 3621 Ἐπειδὴ
2106 3551 2337 3613 ἕκαστος
2364 3548 2582 3619 ἡλικίαν
2609 3546 2745 3616 ἔχει,
2774 3544 2869 3598 καὶ
2892 3542 3002 3595 τῶν
3032 3542 3180 3611 αὑτῴ
3210 3556 3429 3611 πεπρα-

1852 3635 2067 3706 γμένων
2097 3633 2256 3686 δώσει
2292 3634 2391 3695 τάς
2440 3631 2566 3684 δίκα
2583 3647 2632 3693 ς.
2670 3625 2973 3697 παρακαλῶ
3005 3624 3080 3706 μὴ
3107 3623 3170 3676 τὸ
3214 3624 3321 3676 πᾶν
3343 3621 3429 3706 ἐφ’

1850 3705 2002 3790 ἡμᾶς
2029 3716 2313 3790 ῥίψαντας,
2346 3714 2589 3786 νομίζειν
2616 3710 2943 3774 ἀνευθύνους
2979 3705 3118 3762 εἶναι
3151 3706 3296 3777 ὑμᾶς
3328 3705 3429 3760 αὑ-

1850 3806 1998 3867 τοὺς,
2035 3803 2124 3855 ἵνα
2168 3800 2243 3873 μὴ
2288 3801 2467 3871 μάτην
2510 3795 2834 3857 ἀπατῶντες
2887 3792 3118 3855 ἑαυτοὺς
3167 3793 3423 3861 κόπτητε.

1851 3888 2025 3955 Λόγον
2059 3885 2159 3957 μὲν
2183 3886 2293 3952 γὰρ
2314 3881 2562 3952 δώσομεν
2582 3880 2723 3951 ὑπὲρ
2754 3878 2863 3932 τῶν
2886 3875 3075 3947 ψυχῶν
3101 3876 3131 3929 ὑ
3140 3875 3278 3946 μῶν,
3315 3873 3434 3957 ἀλλ’

1850 3971 1980 4025 ὅταν
2015 3955 2086 4023 τά
2150 3967 2279 4038 παρ’
2314 3965 2482 4038 ἡμῶν
2526 3962 2772 4033 ἐλλείπῃ,
2821 3962 2950 4014 ὅταν
2985 3959 3063 4029 μὴ
3117 3955 3432 4029 παρακαλέ-

1854 4070 2058 4125 σωμεν,
2085 4053 2214 4106 ὃταν
2247 4053 2322 4121 μὴ
2370 4048 2809 4118 νουθετήσωμεν,
2843 4044 2973 4097 ὅταν
3021 4042 3098 4113 μὴ
3130 4041 3433 4111 διαμαρτυ-

1853 4138 2098 4211 ρὼμεθα.
2152 4135 2310 4190 Μετά
2362 4133 2420 4186 δέ
2472 4131 2670 4195 ταῦτα,
2725 4129 2844 4183 δότε
2893 4128 2992 4211 καὶ
3039 4125 3164 4197 ἐμοὶ
3216 4126 3429 4211 είπείν·

1852 4208 2121 4290 Καθιιρὸς
2142 4219 2257 4289 ἐγὼ
2288 4216 2409 4273 ἀπὸ
2451 4214 2558 4270 τοῦ
2596 4215 2845 4284 αἵματος
2892 4210 3157 4273 πάντων,
3185 4209 3301 4273 καὶ,
3347 4208 3430 4290 ὅτι

1859 4306 1979 4374 Τὴν
2015 4289 2234 4374 ψυχήν
2265 4319 2379 4372 μου
2418 4300 2674 4368 ῥύσεται
2722 4297 2755 4349 ὀ
2785 4294 2950 4359 Θεός.
3005 4293 3207 4345 Εἴπατε
3239 4291 3268 4343 ὃ
3302 4289 3432 4374 βού-

1853 4373 2042 4452 λεσθε,
2063 4390 2159 4442 καὶ
2196 4386 2380 4440 αἰτίαν
2412 4383 2629 4437 δικαίαν
2665 4380 2732 4433 δι’
2765 4378 2833 4450 ἢν
2877 4378 3062 4439 ἄπιτε,
3105 4375 3202 4428 καὶ
3229 4373 3431 4428 ἀπολο-

1853 4475 2116 4543 γήσομαι.
2146 4469 2308 4523 ιἈλλ’
2354 4469 2453 4521 οὑκ
2499 4467 2697 4537 ἐρεῖτε.
2741 4461 2855 4527 Διὸ,
2890 4458 3214 4543 παρακαλῶ,
3254 4475 3432 4543 Ϋσπουο

1854 4541 2053 4611 δασατε
2070 4553 2165 4608 καὶ
2188 4554 2332 4623 ὑμᾶς
2348 4551 2545 4613 αὑτοὺς
2560 4544 2810 4602 ἐντεῦθεν
2828 4543 2929 4615 ήδη
2955 4542 3149 4611 στῆσαι
3177 4541 3430 4612 βεϐαίως,

1855 4640 2104 4701 καὶτοὺς
2152 4634 2548 4708 μετατεθέντας
2596 4628 2991 4696 ἐπαναγαγεῖν,
3025 4626 3114 4679 ἵνα
3153 4626 3435 4697 ὁμοθυμα-

1854 4725 1943 4779 δὸν
1971 4720 2382 4792 ἀναπέμψωμεν
2421 4712 2770 4788 εὐχαριστίαν
2798 4709 2876 4781 τῷ
2915 4709 3057 4787 Θεῷ,
3101 4710 3188 4764 ὅτι
3217 4710 3365 4780 αὑτῷ
3396 4711 3431 4780 ἡ

1852 4808 1981 4875 δόξα
2014 4808 2091 4870 είς
2114 4805 2239 4868 τοὺς
2263 4802 2484 4867 αἰῶνας.
2529 4800 2720 4866 Ἀμήν.
2956 4800 2961 4805 ’
3188 4832 3193 4839 ς

1600 5097 1844 5154 OMIAIA
1894 5098 1993 5151 lB'.

164 5247 358 5302 Τοῦτο
378 5238 493 5298 οὖν
517 5242 675 5311 ,λέγω
696 5242 795 5295 καὶ
813 5239 1278 5311 μαρτύρομαιίέν
1301 5239 1516 5311 Κυρίῳ,
1533 5238 1747 5311 μηκέτι

1847 5234 2084 5303 ἅψασθαι
2125 5232 2323 5303 ψυχῆς.
2374 5232 2672 5299 ἀναγκαῖον
2717 5226 2797 5299 τῷ
2842 5224 3032 5297 Κυρίῳ
3079 5222 3431 5295 παραδιδόναι

238 5315 403 5385 ὑμᾶς
452 5308 828 5385 περιὰατεῖνζ
871 5310 1065 5385 καθὼς
1110 5310 1209 5385 θεαὶ
1260 5309 1336 5385 Τά
1362 5312 1547 5385 εξοιῖτά
1586 5308 1749 5385 ,ἔθνη
1844 5317 2049 5371 λοιπόν.
2068 5316 2239 5370 Τοῦτο
2267 5311 2361 5369 οῦν
2395 5315 2490 5367 καὶ
2517 5317 2545 5369 6
2570 5311 2777 5375 Παῦλος
2807 5313 2969 5365 ποιεῖ.
3012 5309 3149 5380 Περὶ
3177 5325 3432 5361 ταπεινο-

236 5378 577 5454 περιζπατέῖ,
595 5384 669 5454 ξος
679 5381 1026 5454 ματαιότητι
1052 5380 1157 5434 τοῦ
1173 5379 1315 5446 νοὸς
1331 5379 1553 5445 αὐτῶν,
1573 5378 1752 5432 ἐσκο-

233 5451 517 5525 τιὰμένοι
542 5451 617 5522 τῇ
642 5452 896 5520 διανοίᾳ.

234 5593 311 5643 α’.
348 5586 455 5638 Τὸν
473 5583 793 5638 διδάσκαλον
807 5626 822 5648 ,
848 5582 908 5635 ού
926 5582 1084 5652 μόνον
1103 5577 1537 5650 συμϐουλεύοντα
1554 5579 1647 5632 καὶ
1667 5577 1751 5630 δι-

154 5673 449 5725 δάσκοντα
488 5667 571 5719 δεῖ
600 5666 950 5737 καταρτίζειν
994 5666 1090 5718 καὶ
1144 5662 1339 5734 όρθοῦν
1368 5662 1467 5725 τὰς
1506 5660 1614 5714 τῶν
1648 5678 1749 5731 μα-

157 5751 560 5823 θητευομένων
598 5750 796 5818 ψυχὰς,
832 5748 968 5802 ἀλλὰ
991 5747 1085 5800 καὶ
1116 5745 1383 5815 φοϐοῦντα
1415 5743 1610 5815 καὶτῷ
1631 5742 1749 5814 Θεῷ

156 5835 561 5909 παραδιδόντα.
609 5832 824 5902 Ἐπειδὴ
860 5832 970 5902 γὰρ
1007 5831 1077 5883 τά
1127 5828 1277 5900 παρά
1307 5828 1415 5881 τῶν
1447 5827 1747 5899 ἀνθρώπων

159 5924 292 5998 [90]
328 5918 624 5989 λεγόμενα,
659 5916 732 5981 ὡς
770 5913 921 5986 παρά
940 5913 1266 5986 ὁμοδούλων,
1298 5913 1396 5982 οὑχ
1431 5912 1588 5966 ίκανά
1616 5910 1750 5965 καθ-

1848 5402 2121 5470 φροσύνης
2164 5398 2274 5469 γάρ
2316 5398 2410 5452 καὶ
2449 5395 2693 5460 ἐνὼσεως
2724 5394 3048 5465 διαλεχθεὶς,
3104 5391 3320 5445 καὶτοῦ
3355 5392 3430 5463 μὴ

1849 5485 1958 5538 δεῖν
1995 5485 2179 5554 ἕτερον
2208 5481 2694 5549 κατεξανίστασθαι
2719 5479 2810 5534 τοῦ
2847 5479 3055 5549 ἐτέρου,
3098 5476 3331 5529 ἄκουσον
3376 5478 3430 5529 τί

1854 5596 1986 5651 φησι
2009 5597 2025 5612 ·
2060 5581 2238 5634 Τοῦτο
2275 5574 2387 5633 οὖν
2411 5577 2567 5648 λέγω
2590 5577 2686 5630 καὶ
2715 5575 3081 5645 μαρτύρομαι
3116 5570 3186 5623 ἐν
3212 5572 3427 5640 Κυρίῳ,

1850 5664 2063 5733 μηκέτι
2080 5662 2233 5732 ὑμᾶς
2254 5660 2619 5730 περιπατεῖν,
2650 5660 2844 5724 καθὼς
2864 5656 2961 5711 καὶ
2988 5656 3059 5709 τὰ
3081 5653 3264 5708 λοιπὰ
3283 5654 3427 5723 ἔθνη

1854 5744 2177 5815 περιπατεῖ.
2230 5747 2344 5797 Οῦκ
2401 5740 2558 5805 εἷπε,
2608 5742 2827 5812 Μηκέτι
2885 5742 3030 5810 ὑμᾶς
3084 5741 3427 5810 περιπατεῖν,

1857 5830 2037 5894 καθὼς
2091 5830 2477 5901 περιπατεῖτε·
2522 5824 2964 5894 πληκτικώτερος
2998 5822 3107 5893 γάρ
3152 5825 3179 5874 ό
3228 5821 3383 5890 λόγος
3412 5837 3423 5849 ·

1856 5913 1992 5967 ἀλλά
2013 5912 2071 5965 τὸ
2093 5911 2225 5965 αὑτὸ
2263 5911 2359 5980 μὲν
2386 5908 2673 5979 ἐδήλωσεν,
2716 5906 2824 5962 ἀπὸ
2847 5907 2902 5961 δὲ
2941 5906 3142 5977 ἐτέρων
3167 5904 3227 5959 τὸ
3254 5907 3428 5975 παρά-
