3960 6568
132 459 193 514 ες)
1024 426 1340 499 ιΝΕἰηεΤ.
1386 440 1473 493 AD
1514 438 1753 493 EPIIES.
1794 438 1945 492 me.
1993 437 2079 490 IV.
2124 437 2355 493 unum.
2401 439 2512 493 xu.
3311 449 3410 499 ειη.

130 589 240 630 eum
266 572 333 625 dc
356 566 657 622 humilitate
682 560 1022 616 disseruisset
1046 568 1099 613 et
1129 558 1197 609 de
1227 557 1442 615 unione,
1472 562 1525 606 et
1550 553 1691 621 quod

133 680 228 718 ttull
259 667 504 729 oporteat
531 656 756 708 alterum
785 659 967 705 contra
992 648 1217 701 altermn
1251 646 1544 713 insurgere,
1571 642 1693 727 audi

128 754 248 823 quid
276 753 419 805 dicat
448 766 464 802 :
500 747 614 800 Hoc
639 761 754 813 ergo
786 742 899 793 dico
926 749 971 792 et
1003 738 1240 806 testiﬁcor
1279 738 1331 788 in
1371 734 1608 794 Domino,
1640 743 1695 785 ut

120 853 225 919 jmu
248 862 349 899 non
377 839 643 895 ambulctis
671 838 800 888 sicut
827 842 872 886 et
902 839 1069 900 gentes
1094 828 1371 881 ambulant.
1399 825 1512 880 Non
1540 825 1692 919 dixit,

125 916 237 995 Non
264 936 496 1006 amplius
521 928 804 985 ambuletis
833 926 969 979 sicut
1002 921 1288 976 ambulatis
1318 934 1332 983 ;
1367 918 1526 972 nimis
1553 916 1694 970 enim

125 1032 383 1102 pungitea
419 1027 621 1087 oratiu;
655 1022 748 1077 sed
779 1020 1005 1088 idipsum
1033 1014 1247 1085 quidem
1274 1012 1608 1083 signiﬁcavit,
1627 1010 1695 1064 ab

122 1127 236 1180 aliis
257 1132 435 1176 autem
460 1117 608 1171 duxit
629 1114 949 1181 exetnplum.
980 1110 1148 1164 Porro
1169 1107 1233 1161 ad
1254 1104 1695 1161 Thessalonica:-

121 1233 205 1270 ευε
234 1220 453 1284 quoque
480 1210 736 1270 scribens,
771 1205 874 1258 hoc
918 1202 1041 1256 facit
1068 1199 1253 1254 dicens
1285 1215 1299 1250 :
1344 1197 1463 1250 Non
1493 1197 1544 1250 in
1572 1212 1693 1264 pas-

119 1310 258 1362 sione
283 1304 518 1359 desiderii
548 1302 677 1355 sicut
706 1308 751 1352 et
775 1305 967 1350 caetera:
991 1302 1159 1365 gentes
1184 1292 1203 1361 (
1230 1293 1281 1346 l.
1308 1289 1490 1344 Thess.
1519 1289 1572 1343 4.
1598 1287 1631 1342 5
1653 1288 1692 1357 ).

119 1404 201 1456 Ab
240 1400 480 1460 illorum,
510 1393 701 1464 inquit,
730 1388 1064 1460 dogmatibus
1088 1383 1382 1440 dissentitis
1410 1399 1425 1446 ;
1463 1381 1556 1436 sed
1594 1380 1696 1435 huc

120 1507 291 1551 totum
320 1495 414 1549 Dei
455 1510 469 1546 :
503 1505 601 1561 ego
629 1496 806 1549 autem
846 1499 908 1539 ea
954 1495 1135 1551 quaero
1162 1495 1282 1548 quae
1314 1493 1344 1532 a
1382 1476 1533 1531 vobis
1572 1483 1697 1529 sunt

118 1586 447 1659 praestanda,
491 1584 675 1645 vitam,
719 1587 774 1636 et
811 1578 921 1632 Deo
952 1580 1330 1643 congruentem
1376 1567 1696 1623 ambulatio-

117 1697 241 1735 nem
268 1699 283 1734 :
319 1680 422 1733 hoc
449 1686 531 1731 est
558 1682 816 1729 vestrum.
842 1669 1057 1724 Testem
1081 1674 1256 1720 autem
1284 1662 1496 1733 appello
1517 1661 1697 1716 Domi-

116 1789 248 1827 num
295 1785 478 1828 eorum
519 1782 638 1838 quae
670 1780 700 1819 a
728 1779 813 1818 me
838 1762 980 1817 dicta
1005 1768 1150 1825 sunt,
1188 1757 1329 1828 quod
1357 1760 1461 1812 n‘ou
1507 1755 1696 1811 relicui

113 1880 221 1920 nec
273 1860 580 1932 suppressi,
628 1856 723 1911 sed
781 1853 892 1910 dixi
940 1848 1386 1922 quemadmodum
1441 1856 1687 1916 Oporteat

111 1956 419 2011 ambulare.
448 1953 514 2006 In
540 1951 781 2013 vanitate,
827 1946 1020 2016 inquit,
1060 1960 1235 1999 sensus
1276 1944 1524 2011 ipsorum.
1560 1939 1697 2008 Quid

111 2058 197 2104 est
215 2061 415 2103 sensus
430 2060 523 2100 seu
541 2042 737 2099 mentis
761 2038 1005 2093 vanitas?
1021 2036 1233 2091 Versari
1256 2034 1308 2089 in
1339 2036 1500 2089 rebus
1524 2022 1703 2086 vanis;

112 2144 378 2209 Qumnam
410 2148 587 2192 autem
617 2143 740 2191 sunt
762 2148 917 2198 vana,
948 2131 1049 2185 nisi
1071 2130 1245 2184 omnia
1275 2125 1555 2198 praesentia
1582 2126 1606 2176 Ἰ
1631 2124 1698 2180 de

114 2233 312 2303 quibus
357 2231 490 2286 dicit
532 2228 899 2288 Ecclesiastes,
943 2221 1150 2276 Vanitas
1200 2220 1501 2283 vanitatum,
1528 2216 1699 2270 omnia

114 2329 316 2380 vanitas
342 2323 539 2393 (Eccle.
565 2321 616 2375 Ι.
639 2319 720 2390 2).
752 2317 857 2373 Sed
883 2315 1023 2370 dicet
1039 2310 1318 2383 quispiam,
1342 2308 1398 2365 Si
1420 2317 1543 2363 sunt
1563 2322 1698 2361 vana

114 2429 168 2473 et
192 2417 426 2479 vanitas,
449 2428 675 2484 quanam
698 2411 766 2465 de
793 2423 950 2465 causa
974 2407 1108 2462 facta
1140 2405 1307 2459 sunt?
1332 2404 1375 2458 si
1402 2402 1491 2457 Dei
1512 2402 1694 2471 opera,

112 2508 390 2581 quomodo
419 2515 544 2562 sunt
565 2502 738 2559 vana?
762 2510 818 2557 et
844 2501 1006 2555 multa
1028 2496 1200 2575 dehis
1225 2495 1385 2551 verba
1413 2495 1564 2549 ﬁunt.
1592 2491 1698 2548 Sed

112 2603 260 2667 audi,
291 2617 328 2655 ο
349 2600 564 2655 dilecte.
592 2596 709 2652 Non
734 2595 830 2650 Dei
852 2607 1013 2664 opera
1039 2589 1175 2645 dixit
1201 2604 1359 2653 vana,
1386 2589 1523 2642 absit
1549 2604 1561 2641 :
1587 2602 1694 2641 non

110 2707 196 2749 est
236 2692 438 2747 celum
480 2704 710 2754 vanum,
761 2699 933 2755 neque
976 2692 1117 2737 terra
1160 2695 1337 2745 vana;
1376 2678 1515 2733 absit
1547 2696 1561 2730 :
1595 2694 1699 2731 non

110 2789 192 2843 sol
214 2830 229 2850 ,
266 2800 372 2841 nec
400 2788 523 2837 luna
544 2824 557 2846 ,
594 2794 692 2836 nec
718 2787 891 2843 astra,
920 2790 1021 2831 nec
1046 2788 1240 2843 corpus
1278 2780 1517 2825 nostrum
1548 2788 1561 2824 :
1587 2769 1702 2824 haec

109 2878 262 2933 enim
292 2875 480 2929 omnia
509 2880 633 2927 sunt
656 2869 811 2924 valde
836 2868 976 2922 bona
1010 2884 1023 2919 :
1051 2864 1145 2919 sed
1185 2862 1309 2933 quid
1340 2870 1422 2916 est
1458 2875 1651 2914 vanum
1677 2858 1702 2912 ?

107 2968 419 3022 Audiamus
467 2965 640 3035 ipsum
687 2960 1065 3016 Ecclesiastem
1110 2955 1413 3021 dicentem,
1464 2951 1704 3006 Plautavi

107 3062 241 3113 mihi
268 3060 465 3122 vineas,
495 3056 593 3125 feci
620 3054 746 3108 mihi
769 3061 998 3107 cantores
1021 3058 1069 3104 et
1094 3048 1411 3113 cantatrices,
1444 3045 1542 3118 feci
1579 3044 1703 3098 mihi

106 3152 348 3222 piscinas
391 3163 639 3219 aquarum
678 3162 697 3199 :
726 3148 926 3215 fuerunt
968 3141 1091 3194 mihi
1137 3155 1308 3211 greges
1350 3147 1397 3193 et
1438 3150 1662 3190 armenta
1684 3177 1699 3199 ,

105 3243 259 3312 coegi
297 3257 485 3294 aurum
513 3248 561 3293 et
587 3246 854 3308 argentum
881 3251 902 3300 ;
939 3242 985 3286 et
1017 3232 1116 3285 vidi
1152 3230 1287 3297 quod
1313 3230 1482 3282 omnia
1509 3228 1703 3281 vanitas

105 3340 123 3403 (
156 3334 341 3387 Eccte.
368 3331 424 3385 2.
452 3333 506 3387 5.
538 3346 672 3398 seqq.
700 3330 754 3396 );
795 3334 851 3381 et
893 3340 1075 3379 rursus
1097 3363 1113 3389 ,
1155 3320 1358 3375 Vanitas
1395 3320 1700 3381 vanitatum,

102 3426 295 3477 omnia
320 3423 536 3475 vanitas.
562 3419 697 3473 Audi
715 3418 875 3473 etiam
906 3416 1217 3485 prophetam
1243 3411 1503 3465 dicentem
1531 3426 1543 3463 :
1576 3408 1704 3463 The—

100 3516 370 3579 saurizat,
415 3521 462 3566 et
499 3513 699 3581 ignorat
721 3508 804 3562 cui
830 3504 1148 3576 congregabit
1180 3516 1239 3556 ea
1266 3513 1284 3574 (
1309 3500 1453 3555 Psal.
1490 3501 1579 3556 38.
1608 3502 1639 3554 7
1662 3501 1701 3569 ).

101 3607 227 3660 Hac
248 3606 470 3660 ratione
491 3603 697 3657 vanitas
717 3600 1006 3654 vanitatum
1031 3594 1283 3666 praeclara
1305 3591 1546 3657 aadilicia,
1571 3592 1704 3645 mul-

97 3709 230 3751 tum
281 3710 478 3750 aurum
535 3702 591 3747 et
633 3690 1042 3750 circumﬂuens,
1089 3699 1275 3755 greges
1316 3683 1701 3752 mancipiorum

95 3790 359 3859 superbe
403 3788 457 3841 in
505 3786 621 3839 foro
651 3782 990 3843 incedentes,
1022 3778 1190 3832 fastus
1215 3784 1269 3830 et
1291 3776 1457 3845 gloria
1506 3774 1701 3838 inanis,

92 3893 158 3935 et
189 3882 369 3936 elatio
392 3878 589 3933 mentis
611 3884 666 3930 et
699 3872 1019 3942 arrogantia.
1054 3868 1180 3923 Haec
1205 3867 1346 3922 enim
1374 3865 1551 3920 omnia
1580 3864 1705 3919 sunt

90 3988 255 4026 vana
290 3990 304 4026 :
338 3986 446 4024 non
479 3968 624 4022 enim
654 3981 686 4020 a
718 3965 826 4019 Deo
854 3962 991 4017 facta
1030 3967 1173 4021 sunt,
1214 3958 1309 4012 scd
1342 3972 1372 4011 a
1402 3956 1556 4010 nobis
1580 3965 1705 4009 sunt

89 4066 400 4121 fabricata.
423 4062 532 4117 Cur
557 4069 736 4115 autem
774 4070 909 4111 vana
936 4052 1237 4120 ?Quoniam
1267 4048 1470 4104 nullum
1505 4047 1704 4102 habent

87 4160 324 4213 bonum
358 4155 541 4209 ﬁnem.

174 4248 444 4304 Pecunia:
480 4258 655 4308 unum,
695 4240 738 4296 si
766 4245 1125 4294 consumantur
1151 4235 1219 4288 ad
1247 4233 1474 4287 delicias.
1503 4260 1575 4272 —
1601 4230 1705 4286 Pe-

78 4341 301 4396 cuniae
326 4347 454 4392 sunt
484 4350 653 4398 vanm,
688 4331 898 4401 quando
938 4332 1323 4383 consumuntur
1357 4322 1409 4377 in
1440 4321 1660 4376 delicias
1687 4335 1701 4384 ;

75 4448 220 4488 non
264 4439 398 4483 sunt
423 4436 601 4481 autem
638 4438 818 4487 vanae,
861 4419 1076 4491 quando
1100 4418 1479 4487 disperguntur
1509 4429 1708 4483 paupe-

68 4526 307 4579 ribus.
348 4517 572 4586 Quando
610 4526 781 4570 autem
825 4527 917 4568 eas
945 4508 1338 4579 consumpseris
1373 4511 1424 4561 in
1463 4506 1704 4570 delicias,

68 4614 413 4669 videamus
438 4608 673 4678 quisnam
691 4608 759 4659 sit
785 4617 965 4658 earum
989 4600 1108 4655 finis
1128 4618 1141 4653 :
1164 4598 1425 4669 pinguedo
1446 4595 1704 4666 corporis,

69 4715 339 4763 ructus,
388 4700 565 4762 ﬂatus,
611 4694 895 4751 multitudo
939 4692 1212 4757 stercoris,
1254 4690 1490 4761 crapula,
1534 4689 1708 4742 carnis

69 4793 424 4857 mollities,
452 4792 706 4859 calorque
732 4796 787 4843 et
824 4784 1125 4840 dissolutio.
1154 4783 1222 4838 Ut
1256 4783 1300 4837 si
1328 4782 1447 4852 quis
1471 4779 1710 4835 infundat

66 4894 130 4945 in
190 4887 431 4943 dolium
474 4882 801 4953 perforatum
823 4921 839 4945 ,
872 4892 1006 4933 vane
1034 4877 1241 4932 laborat
1271 4894 1283 4929 :
1314 4876 1382 4930 ita
1420 4876 1578 4930 etiam
1617 4874 1708 4942 qui

64 4981 255 5051 degit
294 4978 359 5032 in
390 4974 624 5036 deliciis,
657 4970 889 5026 infundit
914 4969 966 5023 in
993 4968 1192 5023 dolium
1222 4968 1567 5036 perforatum.
1600 4963 1708 5017 Va-

65 5091 224 5130 num
263 5070 420 5125 alias
448 5068 646 5122 dicitur
671 5063 815 5135 quod
843 5071 1208 5132 ex5pectatum
1236 5068 1319 5115 est
1342 5059 1554 5130 quidem
1595 5056 1711 5113 fore

66 5180 133 5220 ut
176 5168 248 5220 in
303 5162 529 5215 honore
567 5165 713 5211 esset
736 5164 792 5209 et
820 5153 1024 5224 pretio,
1054 5167 1161 5206 non
1197 5149 1295 5205 fuit
1319 5160 1496 5204 autem
1527 5167 1539 5203 :
1568 5149 1710 5220 quod

60 5260 269 5313 etiam
306 5250 515 5305 dicunt
541 5248 697 5300 inane
722 5253 780 5300 et
806 5258 929 5312 spes
954 5243 1140 5297 inanes
1160 5282 1175 5305 ,
1208 5249 1262 5295 et
1292 5239 1343 5294 id
1372 5239 1512 5308 quod
1542 5239 1600 5293 tit
1630 5249 1710 5294 te-

58 5362 247 5404 mere
297 5350 373 5398 et
420 5337 837 5394 inconsiderate.
884 5334 952 5388 Et
992 5333 1210 5387 omnino
1251 5331 1476 5387 dicimus
1517 5346 1709 5384 vanum

58 5433 388 5514 quidquid
420 5431 487 5486 ad
516 5430 647 5484 nihil
674 5438 756 5483 est
787 5426 935 5482 utile.
963 5425 1249 5481 Videamus
1272 5440 1401 5495 ergo
1427 5439 1600 5478 annon
1624 5437 1713 5478 res

60 5535 380 5586 lmmauaa
407 5526 517 5577 sint
535 5519 821 5590 ejusmodi.
848 5517 1072 5571 Edamus
1092 5528 1137 5570 et
1157 5516 1383 5570 bibamus
1409 5531 1429 5580 ,'
1452 5532 1565 5571 cras
1581 5516 1711 5569 enim

65 5626 407 5680 anoriemur
438 5616 518 5682 (Ι.
552 5611 671 5666 Cor.
704 5611 792 5665 15.
826 5608 938 5679 52).
967 5608 1096 5677 Quis
1117 5616 1200 5663 est
1227 5609 1711 5678 crgo,dic,qumsu,

68 5716 207 5769 linis
238 5714 269 5767 2
312 5704 649 5772 Corruptiu.
684 5701 968 5753 lnduamur
1001 5708 1054 5753 et
1093 5698 1398 5763 vestiamur,
1429 5709 1483 5753 ct
1507 5699 1624 5768 quis
1652 5698 1713 5751 ft-

71 5812 160 5863 uis
188 5810 222 5860 γ
272 5798 478 5858 Nihil.
523 5795 647 5848 llaec
690 5792 861 5850 ΕΙ·ωεί
902 5792 1113 5861 quidam
1162 5802 1287 5847 sunt
1330 5792 1710 5862 philosophati.

71 5903 174 5958 sed
227 5904 413 5953 sane
456 5897 511 5943 ct
561 5884 803 5946 frustra:
838 5884 997 5938 vitam
1047 5893 1378 5940 ostcutarunt
1425 5884 1608 5940 duram
1658 5895 1712 5941 et

1801 568 2064 619 asperam,
2083 553 2178 608 sed
2207 563 2407 608 temere
2429 567 2482 609 et
2500 555 2911 622 inconsiderate,
2936 573 3040 611 non
3057 557 3122 611 ad
3146 559 3377 621 aliquem

1801 642 1960 697 finem
1990 646 2312 715 aSpicientes
2340 648 2559 712 utilem,
2589 648 2680 703 scd
2707 649 2772 703 ad
2806 650 3017 703 inanem
3047 651 3293 720 gloriam,
3327 664 3378 706 ct

1801 733 2055 789 honorem
2088 740 2175 806 qui
2202 738 2429 792 habetur
2449 754 2475 789 a
2499 741 2701 793 multis.
2729 740 2864 807 Quid
2896 750 2980 795 est
3004 752 3181 796 autem
3211 741 3382 796 honor

1799 828 1888 897 qui
1920 827 2145 883 habetur
2166 845 2195 884 a
2222 830 2405 884 multis
2431 834 2453 885 ’Ξ
2478 831 2641 885 Nihil.
2669 831 2799 886 Nam
2827 833 2870 887 si
2901 833 2935 886 ii
2966 835 3125 889 etiam
3155 846 3382 904 pereunt

1800 934 1829 974 a
1851 922 2042 991 quibus
2066 921 2292 977 habetur
2316 923 2507 989 honor,
2541 925 2709 979 multo
2738 926 2905 995 magis
2934 925 3127 982 honor.
3158 928 3259 994 Qui
3288 928 3379 982 alii

1803 1021 2023 1081 praestat
2048 1012 2327 1074 honorem.
2354 1014 2452 1069 sibi
2476 1016 2622 1085 prius
2639 1016 2796 1071 debet
2812 1026 3066 1086 praestare
3093 1037 3115 1072 ε⁴
3133 1020 3176 1072 si
3199 1030 3378 1073 autem

1801 1103 1902 1157 sibi
1948 1119 2054 1158 non
2101 1114 2352 1176 przestat,
2392 1108 2662 1177 quomodo
2704 1109 2980 1177 prmstabit
3005 1109 3202 1164 alteri?
3229 1111 3380 1167 Nunc

1800 1204 1981 1249 autem
2003 1197 2258 1253 honorem
2277 1201 2562 1268 quaerimus
2578 1201 2645 1254 ab
2662 1200 2968 1266 infamibus,
2988 1201 3055 1256 ab
3077 1203 3381 1257 hominibus

1801 1288 2012 1353 vilibus,
2058 1290 2281 1357 abjectis
2309 1301 2363 1345 et
2391 1292 2777 1362 ignominiosis.
2811 1291 3118 1363 Cujusmodi
3144 1307 3273 1365 ergo
3299 1304 3381 1350 est

1802 1378 1889 1433 hic
1914 1379 2086 1434 honor
2113 1382 2136 1434 ?
2270 1448 2273 1451 ἢ

1871 1472 1922 1526 2.
1966 1471 2112 1543 Ignis
2159 1472 2453 1528 adoratores
2502 1475 2895 1546 redarguuntur.
2926 1475 3185 1532 —-Vides
3238 1476 3377 1547 quod

1800 1562 1906 1618 sint
1935 1564 2110 1617 omnia
2151 1566 2358 1621 vanitas
2383 1566 2680 1622 vanitatum
2706 1570 2730 1621 ἰν
2760 1568 2888 1622 ldeo
2916 1566 3158 1634 dicebat,
3190 1568 3256 1622 In
3291 1586 3380 1622 va-

1801 1657 1958 1710 nitate
1974 1658 2152 1711 mentis
2171 1674 2298 1712 sate.
2328 1658 2431 1714 Sed
2454 1675 2518 1713 an
2547 1676 2732 1714 eorum
2760 1660 2946 1730 religio
2973 1677 3078 1715 non
3100 1670 3184 1716 est
3215 1661 3381 1715 talis?

1800 1748 1936 1814 Quid
1962 1749 2179 1803 autem?
2206 1765 2384 1804 annon
2413 1751 2552 1821 ligna
2576 1762 2625 1806 et
2652 1752 2853 1821 lapides
2873 1752 3202 1807 adorantur?
3232 1753 3382 1808 Fecit

1801 1841 1955 1896 nobis
1984 1842 2151 1896 solem
2192 1843 2371 1897 lucere
2417 1860 2511 1913 pro
2542 1844 2755 1899 lucerna
2787 1863 2801 1898 :
2838 1845 2956 1915 quis
3007 1861 3158 1900 suam
3194 1845 3382 1900 adorat

1803 1931 2072 1987 lucernam
2104 1934 2128 1986 ?
2170 1933 2261 1989 Sol
2309 1935 2510 2003 pra-bet
2538 1936 2711 1991 lucem
2738 1954 2751 2000 ;
2783 1936 2877 1991 sed
2904 1937 3115 2006 quando
3142 1936 3231 1991 ille
3272 1952 3377 1990 non

1802 2035 2006 2095 potest,
2040 2026 2255 2081 lucerna
2288 2038 2462 2098 potest
2496 2050 2508 2085 :
2542 2046 2637 2083 cur
2675 2045 2803 2100 ergo
2836 2047 2940 2085 non
2969 2031 3162 2086 adoras
3206 2031 3379 2086 lucer-

1803 2134 1925 2172 nam
1955 2119 1978 2171 ?
2002 2118 2182 2183 Certe,
2214 2121 2405 2190 inquit,
2434 2122 2601 2176 adoro
2630 2123 2826 2192 ignem.
2856 2124 2900 2179 Ο
2924 2139 3037 2178 rem
3063 2124 3339 2178 ridiculam
3365 2124 3377 2178 !

1802 2220 2004 2265 tantum
2031 2214 2304 2282 probrum,
2336 2226 2388 2269 et
2427 2230 2530 2269 non
2563 2216 2835 2271 erubescis
2863 2217 2886 2268 ?
2915 2216 2992 2271 En
3026 2232 3211 2271 rursus
3241 2218 3375 2271 alte-

1801 2319 1941 2359 rum.
1970 2303 2076 2359 Cur
2101 2305 2241 2374 quod
2271 2305 2523 2360 aduratur
2548 2306 2889 2376 exstinguis?
2915 2323 3011 2362 cur
3040 2308 3261 2376 perdis?
3287 2324 3382 2361 cur

1802 2394 1961 2448 deum
1994 2403 2141 2450 tuum
2174 2397 2242 2451 de
2274 2396 2451 2449 medio
2480 2397 2620 2451 tollis
2650 2398 2673 2451 ?
2711 2414 2808 2452 cur
2836 2413 2941 2453 non
2988 2399 3121 2453 sinis
3164 2398 3380 2453 domum

1803 2496 1946 2541 tuam
1977 2502 2044 2541 eo
2070 2502 2191 2543 esse
2226 2489 2482 2557 repletam
2514 2490 2537 2541 ?
2563 2489 2693 2543 Nam
2725 2490 2769 2544 si
2803 2490 2937 2560 ignis
2962 2500 3045 2546 est
3074 2491 3228 2556 deus,
3256 2507 3379 2545 cor-

1806 2579 1920 2649 pori
1948 2588 2038 2632 tuo
2065 2579 2434 2645 admoveatur,
2462 2596 2566 2653 non
2591 2580 2755 2635 fundo
2784 2581 2903 2636 ollae
2931 2591 2985 2636 et
3010 2582 3197 2636 lebetis
3221 2582 3380 2637 deum

1803 2670 2054 2741 subjicias
2080 2691 2093 2727 :
2124 2671 2370 2726 introduc
2397 2672 2450 2726 iu
2472 2672 2661 2726 cellam
2687 2674 3022 2742 penuariam,
3054 2673 3302 2728 introduc
3330 2675 3381 2728 in

1803 2771 1982 2818 vestes
2006 2762 2227 2819 sericas.
2258 2763 2337 2817 'I‘u
2367 2772 2544 2817 autem
2575 2778 2677 2817 non
2709 2765 2881 2818 solum
2914 2780 3019 2818 non
3047 2764 3341 2819 iutroducis
3367 2806 3382 2829 ,

1806 2858 1899 2912 sed
1943 2858 2102 2912 etiam
2152 2857 2196 2913 si
2241 2871 2367 2913 casu
2404 2858 2582 2927 aliquo
2623 2857 2781 2913 fuerit
2811 2858 3118 2929 ingressus,
3149 2858 3386 2929 undique

1804 2966 1927 3006 eum
1967 2951 2155 3020 abigis,
2188 2966 2374 3006 omnes
2403 2950 2653 3017 advocas,
2685 2961 2739 3007 et
2768 2952 2990 3021 perinde
3026 2962 3186 3022 atque
3216 2952 3258 3007 si
3300 2952 3382 3007 in~

1804 3058 1984 3112 gressa
2026 3042 2096 3097 sit
2134 3041 2246 3098 fera
2292 3042 2466 3112 aliqua
2488 3084 2503 3107 ,
2534 3044 2605 3097 ita
2636 3053 2690 3098 et
2720 3043 2817 3098 fles
2858 3052 2913 3097 et
2955 3043 3261 3114 ingemiscis
3281 3085 3295 3105 ,
3326 3052 3384 3097 et

1808 3134 1944 3189 hanc
1987 3149 2099 3189 rem
2141 3149 2300 3188 vocas
2338 3134 2697 3188 calamitatem
2729 3134 3021 3205 ingentem,
3071 3134 3211 3204 quod
3254 3133 3385 3188 deus

1807 3235 1927 3281 tuus
1955 3226 2115 3280 adsit.
2142 3226 2324 3281 Habeo
2349 3241 2477 3294 ergo
2503 3226 2693 3287 Deum,
2718 3235 2772 3280 et
2800 3226 2977 3280 omnia
3017 3226 3151 3280 facio
3178 3234 3236 3279 ut
3260 3241 3382 3279 eum

1806 3328 2021 3386 pectore
2048 3333 2169 3372 meo
2203 3310 2549 3386 complectar,
2581 3327 2635 3372 et
2672 3333 2845 3372 meam
2875 3319 3132 3373 existimo
3158 3317 3383 3372 felicita-

1806 3419 1936 3475 tem,
1983 3424 2090 3464 non
2130 3410 2342 3479 quando
2367 3410 2585 3464 domum
2614 3426 2788 3464 meam
2820 3410 3020 3474 invisit,
3050 3410 3143 3464 sed
3172 3410 3384 3479 quando

1805 3517 1928 3555 eum
1961 3512 2171 3556 traxero
2206 3501 2271 3556 ad
2302 3516 2396 3556 cor
2429 3518 2625 3557 meum.
2669 3502 2748 3556 Tu
2791 3518 3002 3572 quoque
3032 3502 3182 3557 trahe
3208 3503 3382 3571 ignem

1806 3593 1873 3649 ad
1899 3609 1993 3649 cor
2019 3605 2189 3647 tuum.
2218 3593 2342 3648 Hazc
2380 3604 2505 3649 sunt
2534 3594 2754 3647 ridicula
2787 3602 2841 3648 et
2876 3594 3101 3646 vanitas.
3133 3590 3271 3662 Ignis
3297 3608 3386 3659 res

1808 3686 1943 3739 bona
1966 3695 2046 3739 est
2075 3685 2140 3739 ad
2163 3700 2339 3752 usum,
2369 3701 2474 3741 non
2505 3684 2571 3739 ad
2599 3685 3003 3751 adorationem;
3033 3685 3098 3737 ad
3140 3684 3381 3739 ministco

1806 3777 1943 3832 rium
1972 3785 2027 3831 et
2054 3776 2350 3841 servitium,
2392 3785 2448 3831 et
2474 3786 2529 3830 ut
2556 3776 2685 3830 mihi
2722 3778 2954 3841 serviat,
3003 3791 3108 3831 non
3139 3786 3195 3829 ut
3220 3776 3270 3829 in
3299 3792 3401 3830 mc.

1807 3867 2045 3922 obtineat
2074 3868 2353 3938 imperium
2388 3878 2443 3923 et
2470 3868 2802 3923 dominatum
2852 3887 2865 3924 :
2914 3868 3003 3923 ille
3046 3879 3266 3938 prapter
3297 3885 3383 3923 me

1808 3959 1977 4015 factus
2000 3968 2103 4026 est,
2138 3975 2242 4015 non
2269 3976 2369 4030 ego
2396 3970 2616 4031 propter
2656 3960 2848 4030 ipsum.
2877 3960 2932 4016 Si
2965 3963 3139 4030 ignem
3168 3961 3381 4025 adoras,

1808 4067 1903 4107 cur
1923 4053 2033 4123 ipse
2044 4052 2258 4123 quidem
2281 4052 2428 4121 jaces
2450 4053 2501 4106 in
2528 4053 2687 4118 lecto,
2705 4067 2878 4121 coquo
2896 4063 3073 4107 autem
3099 4062 3187 4105 tuo
3208 4052 3385 4120 jubcs,

1807 4146 1878 4199 sit
1908 4159 2071 4213 prope
2109 4144 2268 4199 deum
2299 4154 2445 4199 tuum
2476 4145 2500 4199 ?
2541 4144 2659 4213 Ipse
2682 4155 2851 4197 artem
2883 4144 3096 4214 suscipe
3135 4144 3388 4213 coquina-

1809 4236 1965 4300 riam,
1994 4244 2049 4290 et
2074 4234 2243 4306 pistor
2269 4234 2507 4295 efficere.
2549 4245 2640 4287 aut
2668 4235 2712 4288 si
2740 4238 2930 4299 mavis,
2964 4232 3114 4288 faber
3141 4233 3384 4287 :erarius.

1808 4326 1948 4381 Nihil
1994 4335 2078 4380 est
2120 4326 2263 4380 enim
2307 4324 2392 4380 bis
2436 4326 2642 4379 artibus
2674 4325 3074 4390 honorabilius,
3104 4339 3224 4379 cum
3252 4324 3385 4379 deus

1810 4426 1930 4471 tuus
1959 4432 2050 4471 eas
2070 4416 2264 4470 invisat
2288 4426 2342 4471 et
2366 4432 2547 4471 earum
2569 4432 2751 4470 curam
2778 4426 2946 4483 gerat.
2973 4416 3108 4483 Quid
3133 4417 3387 4486 probrum

1809 4524 1871 4563 ac
1900 4507 2134 4563 dedecus
2175 4507 2447 4562 existimas
2475 4518 2665 4572 artem,
2710 4508 2799 4563 ubi
2838 4508 2970 4563 deus
3011 4518 3133 4565 tuus
3159 4520 3242 4565 est
3271 4512 3375 4564 fre-

1811 4601 2021 4669 quens?
2042 4616 2137 4655 cur
2161 4600 2331 4655 servis
2358 4600 2598 4664 mandas,
2631 4603 2743 4670 ipse
2769 4614 2943 4656 autem
2974 4618 3078 4655 non
3109 4603 3388 4673 dignaris?

1812 4692 1954 4745 Bona
1976 4707 2061 4747 res
2080 4700 2163 4746 est
2187 4692 2341 4762 ignis,
2369 4693 2618 4763 quoniam
2643 4680 2764 4747 boni
2794 4703 2876 4747 est
2906 4694 3132 4764 opificis,
3163 4694 3257 4749 sed
3282 4712 3387 4750 nun

1811 4782 1946 4838 deus
1976 4800 1990 4837 :
2019 4798 2153 4851 opus
2182 4783 2324 4837 enim
2354 4783 2469 4849 Dei,
2503 4798 2607 4837 non
2638 4783 2770 4838 deus
2800 4796 2882 4839 est
2921 4787 3236 4855 appellatus.
3268 4786 3383 4840 Non

1812 4873 1961 4928 vides
1986 4873 2101 4943 ejus
2130 4874 2472 4943 petulantiam
2502 4874 2526 4926 ?
2554 4875 2822 4945 quomodo
2846 4876 3057 4945 quando
3082 4878 3271 4932 domos
3296 4894 3392 4946 ap-

1812 4968 2179 5037 prehenderit,
2207 4982 2466 5037 nusquam
2494 4982 2551 5022 se
2569 4969 2742 5034 sistat,
2764 4969 2856 5023 sed
2878 4969 2921 5023 si
2939 4970 3111 5040 aliqua
3133 4970 3387 5037 tenuerit,

1815 5058 1992 5113 omnia
2019 5058 2215 5126 diruat,
2247 5068 2302 5114 et
2326 5059 2425 5112 nisi
2458 5059 2727 5113 fabrorum
2756 5070 2846 5113 aut
2874 5060 3169 5129 aliquoruu~
3201 5076 3392 5116 manus

1815 5154 2044 5206 furorem
2086 5151 2203 5219 ejus
2244 5151 2631 5217 exstinxerint,
2680 5167 2785 5205 non
2824 5151 3026 5206 amicos
3068 5162 3247 5218 novu,
3284 5168 3389 5206 non

1817 5247 2024 5312 hostes,
2056 5243 2150 5299 sed
2177 5243 2423 5298 omnibus
2452 5243 2699 5298 similiter
2741 5246 2949 5299 utitur?
2978 5246 3193 5300 lliccine
3235 5245 3389 5309 deus,

1817 5352 1917 5392 nec
1954 5352 2048 5391 vos
2090 5336 2293 5407 pudet?
2330 5336 2408 5391 Re
2435 5352 2563 5391 vera
2611 5337 2833 5406 pulchre
2874 5338 3023 5401 dixit,
3068 5337 3135 5391 In
3175 5338 3394 5391 vanitate

1818 5428 1996 5481 uiculis
2016 5442 2141 5480 suaz.
2168 5427 2238 5480 At
2266 5428 2345 5480 sol
2371 5437 2452 5481 est
2476 5469 2491 5493 ,
2519 5428 2716 5498 inquit,
2751 5428 2902 5483 deus.
2939 5429 3031 5483 Dic
3053 5429 3182 5481 mihi
3202 5468 3216 5491 ,
3249 5425 3393 5481 unde

1817 5518 1870 5571 id
1911 5528 1965 5573 ct
2001 5517 2213 5583 quare?
2250 5516 2511 5584 Quoniam
2557 5518 2779 5572 multam
2823 5520 3018 5574 emittit
3058 5520 3248 5571 lucem.
3287 5517 3393 5572 Sed

1817 5626 1923 5663 non
1955 5611 2103 5665 vides
2124 5626 2244 5664 eum
2271 5611 2463 5664 vincia
2498 5611 2745 5677 nubibus,
2777 5620 2830 5666 et
2868 5610 3070 5667 servire
3092 5611 3395 5666 necessitati

1820 5708 2042 5765 natum,
2075 5709 2129 5754 et
2156 5700 2387 5756 deficere
2408 5711 2461 5755 ct
2483 5701 2737 5756 abscondi
2766 5718 2792 5754 a
2820 5703 2942 5756 luna
2971 5711 3025 5755 et
3050 5701 3395 5772 nubc?atqui

1820 5793 1988 5848 nubes
2012 5804 2095 5848 est
2110 5793 2225 5847 sole
2252 5793 2586 5856 imbecillior,
2605 5792 2700 5848 sed
2723 5801 2896 5846 tamen
2920 5808 3062 5862 saepe
3085 5795 3135 5847 in
3163 5810 3283 5847 enim
3301 5793 3395 5847 oh-

1823 5884 1955 5940 tinct
1973 5883 2404 5952 dominatum;ct
2430 5882 2531 5940 hoc
2552 5891 2633 5939 cst
2655 5897 2787 5953 opus
2814 5882 2906 5938 Dei
2935 5884 3227 5954 sapictttitc.
3256 5884 3396 5940 Deus
