4002 6502
587 388 648 442 ιη
1310 377 1365 430 s.
1404 372 1677 455 10thle
1713 367 2177 427 cunvsosrout
2219 367 2532 424 ARClllEP.
2568 367 3095 426 CONSTAN‘I‘INUP.
3550 380 3557 386 ’
3785 376 3857 434 ea

588 505 751 560 debet
777 516 899 558 e;se
930 498 1075 554 omni
1096 512 1162 552 ex
1191 503 1338 564 parte
1372 492 1665 556 sufficiens,
1704 491 1790 546 hic
1825 505 1955 547 vero
1990 487 2170 543 multis

591 596 790 663 indiget
818 611 833 647 :
864 592 964 645 hoc
986 597 1163 643 autem
1188 595 1391 640 nonest
1419 585 1529 639 Dei.
1555 586 1692 639 Aere
1718 584 1860 638 enim
1885 581 2079 650 indiget
2104 578 2168 633 ad

592 686 899 749 lucendum,
933 694 1105 751 eoque
1133 678 1351 743 subtili;
1385 693 1507 732 nam
1538 677 1626 746 qui
1658 684 1741 730 est
1762 674 1914 727 valde
1935 686 2168 733 crassus,

590 794 696 833 non
724 775 850 830 sinit
873 771 1098 828 transire
1120 769 1324 824 mdium
1352 789 1364 823 :
1395 784 1530 840 aqua
1552 768 1711 821 etiam
1735 765 1954 835 indiget,
1980 774 2035 818 et
2060 763 2167 816 alio

590 870 728 941 quod
755 883 876 924 eum
904 865 1179 921 contineat
1208 878 1276 918 ne
1305 862 1603 917 comburat.
1631 859 1763 914 Nam
1793 857 1893 912 nisi
1925 856 2097 911 fontes
2117 864 2172 909 et

589 962 737 1015 lacus
774 967 828 1013 et
856 956 1001 1011 ﬂuvii
1028 964 1084 1011 et
1127 954 1297 1008 maria
1338 962 1393 1008 et
1435 960 1629 1006 czetera
1673 949 1852 1004 omnia
1892 946 2168 1001 humorem

588 1051 875 1122 quemdam
919 1049 1310 1104 constituerent
1358 1060 1453 1116 per
1496 1058 1751 1113 vaporum
1795 1040 2168 1103 emissionem",

593 1143 719 1197 nihil
739 1152 944 1198 vetaret
959 1141 1243 1212 quominus
1260 1140 1437 1195 omnia
1460 1138 1814 1207 ignescerent.
1839 1132 2001 1188 Vides
2020 1147 2170 1202 ergo,

593 1234 784 1302 inquit.
811 1232 951 1304 quod
978 1232 1111 1287 deus
1131 1231 1238 1285 sit?
1265 1230 1308 1286 Ο
1334 1229 1625 1284 insaniam!
1659 1241 1692 1281 ο
1715 1242 1826 1281 rem
1856 1223 2168 1280 ridiculam!

592 1326 853 1391 Quoniam
883 1332 1079 1394 potest,
1112 1320 1301 1392 inquit,
1333 1320 1546 1381 laedere,
1573 1317 1706 1373 deus
1738 1327 1837 1371 est.
1872 1315 2030 1385 Atqui
2053 1328 2175 1385 pro-

593 1426 715 1486 pter
744 1415 845 1469 hoc
873 1430 977 1469 non
1009 1421 1093 1469 est
1117 1412 1277 1477 deus,
1312 1411 1432 1482 quia
1473 1410 1526 1464 in
1556 1410 1618 1463 iis
1638 1451 1654 1475 ,
1691 1408 1744 1463 iu
1775 1407 1967 1479 quibus
1997 1404 2172 1468 lzedit,

597 1510 745 1564 nullo
775 1508 1011 1578 indiget;
1056 1508 1109 1561 in
1138 1507 1329 1577 quibus
1361 1514 1537 1558 autem
1567 1501 1805 1573 prodest,
1839 1500 2025 1555 multis
2058 1498 2176 1552 aliis

598 1600 758 1655 habet
794 1614 966 1669 opus:
996 1614 1027 1653 a
1060 1599 1168 1653 Deo
1209 1607 1389 1653 autem
1431 1595 1626 1651 ltedere
1655 1594 1868 1665 quidem
1896 1602 1979 1647 est
2002 1606 2178 1647 remo-

598 1704 745 1758 ttnu,
780 1692 1031 1762 prodesse
1070 1700 1247 1745 autem
1289 1699 1372 1745 est
1414 1688 1535 1757 ejus
1563 1686 1855 1756 proprium.
1886 1683 2019 1738 Cum
2049 1696 2177 1753 ergo

598 1786 665 1839 sit
694 1784 743 1839 id
760 1782 903 1854 quod
923 1793 1004 1838 est
1026 1782 1380 1847 contrarium,
1400 1778 1669 1849 quomodo
1689 1776 1861 1832 deus?
1889 1774 2003 1830 Non
2028 1773 2179 1828 vides

596 1875 739 1946 quod
763 1884 1021 1929 venenata
1060 1875 1346 1944 pharmaca
1384 1887 1505 1941 qu:e
1545 1877 1771 1925 mortem
1814 1864 2044 1923 aderunt
2082 1866 2177 1920 lte-

597 1967 751 2031 dunt,
775 1975 830 2022 et
859 1966 1008 2020 nullo
1031 1964 1297 2034 indigent;
1330 1963 1544 2033 quando
1568 1970 1744 2016 autem
1767 1968 2016 2029 prosunt,
2042 1957 2178 2011 mul-

598 2062 668 2114 tis
695 2059 890 2128 egent?
920 2058 1140 2127 Propter
1168 2066 1219 2112 te
1246 2070 1373 2125 ergo
1400 2064 1482 2110 est
1512 2053 1653 2119 talis,
1685 2062 1739 2107 et
1765 2049 1985 2121 pulcher
2009 2058 2064 2103 et
2088 2049 2180 2103 im-

601 2150 826 2205 hecillus
851 2169 862 2203 :
891 2148 1131 2219 pulcher,
1161 2157 1217 2201 ut
1238 2160 1496 2217 agnoscas
1518 2144 1833 2199 Dominum:
1860 2140 2178 2207 imbecillus,

602 2260 671 2298 ne
697 2260 815 2297 cum
845 2243 993 2296 dicas
1018 2256 1137 2298 esse
1162 2241 1459 2296 dominum.
1491 2240 1561 2293 At
1590 2238 1776 2303 nutrit,
1810 2235 2000 2305 inquit,
2034 2234 2182 2303 plan-

604 2346 684 2390 tas
710 2345 764 2390 et
791 2334 1037 2390 semina?
1063 2331 1199 2402 Quid
1229 2347 1378 2397 vero,
1410 2346 1537 2386 num
1569 2329 1691 2385 ideo
1728 2342 1941 2399 quoque
1974 2335 2181 2381 stercus

602 2438 685 2481 est
712 2426 882 2482 deus?
914 2442 1035 2481 nam
1066 2425 1196 2480 illud
1224 2440 1437 2496 quoque
1465 2424 1651 2478 nutrit.
1692 2422 1799 2477 Cur
1834 2437 1939 2476 non
1969 2420 2183 2474 additur

601 2518 730 2583 falx,
760 2528 813 2573 et
842 2533 1031 2573 manus
1059 2516 1340 2588 agricolae?
1366 2515 1600 2572 Ostende
1623 2514 1755 2571 mihi
1784 2514 1949 2569 solem
1977 2513 2183 2570 nutrire

603 2610 798 2673 solum,
828 2622 881 2664 et
907 2626 1012 2665 non
1036 2625 1196 2680 egere
1213 2597 1389 2678 ineque
1416 2616 1579 2675 terra,
1612 2623 1713 2662 nec
1740 2621 1898 2676 aqua,
1921 2619 2021 2660 nec
2043 2604 2184 2674 agri-

603 2703 858 2757 cultura:
904 2701 996 2757 sed
1038 2701 1304 2772 jaciantur
1351 2700 1595 2766 semina,
1647 2709 1700 2754 et
1745 2698 1987 2753 immisso
2034 2697 2184 2751 radio

603 2796 851 2849 ostendat
877 2795 1069 2862 Spicas.
1112 2793 1168 2848 Si
1206 2802 1383 2846 autem
1416 2808 1523 2846 non
1568 2799 1661 2847 est
1695 2790 1813 2859 ejus
1850 2789 2049 2853 solius,
2085 2789 2183 2844 sed

603 2888 763 2940 etiam
792 2886 1037 2940 imbrium
1058 2925 1075 2951 ,
1105 2900 1203 2939 cur
1230 2901 1335 2939 non
1364 2899 1500 2953 aqua
1528 2898 1741 2953 quoque
1764 2891 1847 2937 est
1872 2882 2044 2937 deus?
2076 2880 2183 2937 Sed

607 2979 841 3034 nondum
866 2977 933 3033 de
957 2978 1059 3033 hoc
1084 2978 1279 3048 agitur.
1301 2978 1410 3030 (Zur
1431 2992 1535 3030 non
1557 2975 1717 3029 etiam
1745 2982 1886 3030 terra
1909 2983 1994 3029 est
2017 2974 2184 3028 deus?

604 3087 702 3126 cur
732 3087 835 3125 non
877 3080 932 3125 et
969 3078 1212 3132 stercus,
1258 3077 1314 3123 et
1352 3066 1493 3137 ligo?
1526 3066 1649 3121 lltec
1676 3081 1804 3136 ergo
1840 3066 2054 3131 omnia,
2097 3066 2185 3122 dic

607 3161 759 3228 mihi,
792 3160 1165 3217 adorabimus?
1193 3158 1238 3215 Ο
1263 3174 1429 3231 nugas
1456 3168 1511 3214 et
1537 3158 1797 3228 ineptias!
1831 3159 1990 3228 Atqui
2016 3160 2186 3229 magis

607 3253 725 3307 sine
752 3253 865 3307 sole
902 3251 1060 3307 tulerit
1095 3251 1272 3321 Spica,
1301 3265 1461 3321 quam
1506 3250 1622 3305 sine
1662 3258 1802 3304 terra
1848 3258 1904 3305 et
1930 3264 2099 3320 aqua,
2130 3260 2188 3306 et

611 3344 804 3413 plantae
830 3350 882 3396 et
918 3342 1020 3395 alia
1059 3342 1239 3401 omnia
1276 3341 1542 3397 similiter.
1592 3340 1774 3412 Itaque
1818 3341 1864 3397 si
1912 3350 2051 3397 terra
2079 3358 2185 3397 non

609 3435 710 3502 sit,
751 3437 881 3492 nihil
912 3436 1101 3491 horum
1138 3435 1464 3507 apparuerit.
1492 3434 1550 3490 Si
1585 3434 1707 3505 quis
1736 3438 1915 3490 autem
1954 3436 2005 3489 in
2033 3445 2187 3505 tegu-

612 3530 741 3595 lam,
769 3539 826 3584 ut
851 3529 1047 3584 faciunt
1071 3529 1227 3600 pueri
1253 3537 1308 3585 et
1334 3527 1589 3585 mulieres
1607 3569 1623 3596 ,
1654 3538 1794 3584 terra
1823 3529 2059 3584 immissa
2086 3529 2187 3584 sub

613 3631 776 3689 tecto,
809 3638 925 3677 eam
958 3623 1195 3693 posuerit
1232 3621 1400 3676 multo
1426 3630 1666 3677 stercore
1692 3622 1948 3693 repletam
1968 3663 1985 3689 ,
2014 3623 2185 3677 imbe-

611 3716 763 3770 cillas
788 3716 1001 3788 quidem
1022 3757 1037 3780 ,
1073 3717 1279 3785 plantas
1305 3714 1485 3771 tamen
1514 3714 1642 3771 edit.
1675 3716 1857 3787 Itaque
1897 3725 2039 3772 terra
2069 3715 2189 3785 plus

602 3792 820 3864 'confert
849 3816 902 3862 et
928 3818 1133 3862 stercus
1152 3849 1167 3871 ,
1197 3817 1251 3861 et
1276 3821 1336 3861 ea
1363 3806 1553 3877 magis,
1582 3822 1739 3877 quam
1769 3807 1913 3861 illum
1934 3847 1949 3870 ,
1980 3815 2192 3875 Oportet

615 3899 859 3953 adorare.
887 3898 1032 3967 Opus
1054 3898 1215 3953 habet
1237 3897 1370 3952 czelo
1391 3914 1456 3952 ne
1477 3907 1686 3962 noceat,
1708 3912 1843 3966 opus
1864 3896 2023 3951 habet
2041 3911 2187 3962 aere,

615 4005 750 4061 Opus
778 3990 935 4045 habet
965 3990 1046 4045 his
1076 3989 1246 4060 aquis,
1275 3997 1539 4058 tamquam
1561 3986 1875 4057 quibusdam
1907 3987 2070 4042 frenis
2095 4001 2189 4042 co-

619 4081 926 4136 bibentibus
985 4080 1102 4151 ejus
1160 4080 1349 4134 virium
1404 4078 1694 4145 ferociam,
1750 4091 1849 4133 nec
1894 4076 2192 4134 sinentibus

617 4188 832 4227 omnem
861 4173 911 4226 in
941 4182 1142 4242 partem
1166 4171 1410 4227 emittere
1435 4169 1639 4225 radium
1667 4178 1933 4239 tamquam
1962 4169 2192 4225 ferocem

618 4281 837 4335 equum.
872 4264 964 4319 Die
994 4278 1122 4319 vero
1146 4262 1299 4330 mihi,
1327 4262 1539 4317 ubinam
1565 4270 1648 4316 est
1676 4261 1719 4317 is
1741 4261 1937 4316 noctu?
1960 4277 2193 4332 quonam

618 4357 753 4412 deus
782 4371 841 4411 es
867 4370 1087 4427 peregre
1128 4353 1433 4425 profectus?
1472 4368 1575 4408 non
1619 4360 1702 4408 est
1742 4353 1885 4408 enim
1930 4354 2034 4410 hoc
2065 4354 2151 4410 dei
2176 4396 2192 4421 ,

620 4466 813 4519 nempe
840 4450 1035 4505 includi
1065 4459 1117 4503 et
1143 4448 1372 4504 termino
1397 4447 1695 4511 contineri;
1728 4447 1829 4503 hoc
1854 4447 1996 4502 enim
2023 4449 2195 4504 solum

619 4556 907 4610 corporum
936 4550 1037 4596 est.
1070 4539 1173 4595 Sed
1201 4549 1284 4594 est
1309 4540 1550 4610 quaedam
1570 4581 1585 4606 ,
1619 4539 1818 4609 inquit,
1864 4539 1914 4593 in
1959 4540 2074 4608 ipso
2104 4554 2198 4610 po-

622 4643 807 4696 testas,
838 4645 891 4687 et
920 4640 1181 4687 movetur.
1211 4632 1328 4701 Ipsa
1342 4642 1729 4701 ergopotestas.
1757 4631 1843 4687 dic
1867 4631 2017 4696 mihi,
2045 4643 2198 4690 estne

624 4724 799 4779 deus?
843 4737 940 4777 cur
983 4737 1110 4791 ergo
1154 4723 1265 4790 ipsa
1309 4732 1461 4791 eget,
1509 4732 1564 4776 et
1610 4724 1785 4793 ignem
1818 4740 1924 4779 non
1952 4724 2197 4781 cohibet?

626 4829 810 4870 rursus
845 4814 985 4867 cnim
1009 4812 1196 4865 eodem
1226 4811 1363 4865 redit
1391 4813 1582 4867 oratio.
1606 4813 1743 4881 Quid
1773 4830 1900 4869 vero
1926 4816 2012 4870 illa
2045 4827 2198 4885 pote-

629 4906 776 4961 stas?
803 4915 954 4959 estne
994 4904 1327 4967 illuminans,
1368 4918 1434 4957 au
1465 4918 1561 4971 per
1597 4920 1719 4959 eum
1749 4906 2009 4962 illuminat
2048 4908 2158 4977 ipsa
2179 4949 2197 4974 ,

631 4997 829 5052 nullius
876 4995 1066 5051 horum
1113 4995 1413 5065 particeps?
1458 4996 1549 5050 Sol
1588 5012 1715 5067 ergo
1761 5009 1844 5054 est
1884 5015 1947 5055 ea
2007 5001 2197 5071 major.

633 5087 919 5157 Quousque
946 5087 1301 5158 labyrinthum
1324 5087 1768 5157 circumagitnus?

707 5182 760 5235 5.
792 5181 927 5246 Quid
961 5195 1086 5233 vero
1111 5195 1274 5249 aqua,
1306 5196 1407 5232 non
1443 5180 1553 5249 ipsa
1578 5196 1784 5250 queque
1811 5182 1944 5239 deus
1970 5186 2091 5240 est?
2121 5186 2201 5240 itt-

629 5278 837 5345 quiunt.
862 5274 977 5329 Hoc
1014 5289 1223 5343 quoque
1248 5288 1431 5326 rursus
1460 5284 1542 5328 est
1568 5273 1843 5329 ridiculum
1876 5292 1979 5331 non
2013 5294 2204 5334 vacans

633 5367 996 5422 contentione.
1030 5364 1214 5417 Nonne
1262 5373 1372 5428 est,
1418 5362 1620 5433 inquit,
1662 5364 1826 5431 deus,
1863 5384 1968 5435 quo
1993 5367 2060 5422 ad
2097 5380 2202 5423 tam

633 5462 796 5514 multa
829 5457 1063 5512 utimur?
1091 5457 1154 5509 lit
1192 5455 1258 5508 de
1298 5466 1437 5508 terra
1479 5472 1663 5509 rursus
1704 5457 1963 5513 similiter.
1998 5459 2202 5516 Revera

633 5554 700 5607 In
731 5554 953 5607 vanitate
1002 5550 1179 5603 tuentis
1209 5564 1345 5612 sum,
1375 5548 1693 5602 obscuratum
1735 5550 1967 5605 [tabentes
2004 5553 2204 5607 intelle-

636 5659 789 5701 ctum.
814 5646 918 5699 Sed
949 5645 1060 5700 haec
1082 5657 1221 5697 nunc
1242 5640 1365 5695 dicit
1391 5641 1458 5695 de
1480 5643 1584 5695 vita
1612 5660 1624 5695 :
1656 5642 1969 5699 Scortantur
1989 5657 2041 5701 et
2059 5647 2206 5701 adul—

638 5750 766 5789 teria
799 5738 1086 5790 admittunt
1125 5734 1315 5789 Graeci.
1362 5733 1548 5787 Merito
1584 5752 1594 5786 :
1632 5751 1750 5789 nam
1781 5739 1869 5807 qui
1917 5739 2049 5794 tales
2077 5740 2207 5796 deos

636 5830 733 5884 sibi
769 5829 1067 5885 describant
1093 5870 1108 5895 ,
1154 5834 1570 5882 consentaneum
1614 5838 1696 5883 est
1739 5846 1831 5887 cos
1876 5830 1992 5894 haec
2030 5834 2203 5889 omnia

2278 487 2501 546 facere:
2532 500 2587 546 et
2626 491 2671 546 si
2717 494 2986 562 potuerint
3030 493 3299 550 hominum
3345 497 3531 553 oculos
3573 497 3812 568 effugere
3835 543 3852 565 ,

2275 579 2450 634 nullus
2478 590 2559 635 est
2587 582 2674 650 qui
2704 583 2774 638 sit
2812 597 2906 638 eos
2932 584 3282 641 cohibiturus.
3314 586 3453 655 Quid
3479 588 3623 644 enim
3657 594 3857 658 poterit

2275 669 2328 724 id
2365 669 2506 737 quod
2545 670 2740 728 dicitur
2776 672 2846 728 de
2874 664 3303 741 resurrectione,
3336 693 3458 732 cum
3500 680 3581 753 eis
3609 679 3857 735 videatur

2274 758 2481 816 fabula?
2508 764 2575 817 At
2598 764 2737 834 quod
2764 764 2958 820 dicitur
2975 765 3043 820 de
3072 768 3137 821 iis
3160 768 3247 837 qui
3274 779 3399 823 sunt
3422 770 3564 839 apud
3593 770 3797 826 inferos
3827 776 3853 825 ?

2273 849 2380 906 Sed
2407 851 2524 909 bzec
2547 869 2761 926 quoque
2787 866 2912 911 sunt
2939 857 3133 913 fabula:
3158 876 3171 912 :
3203 858 3321 915 vide
3341 871 3519 916 autem
3559 863 3854 932 cogitatum

2275 944 2589 1000 satanicum.
2617 947 2839 1014 Quando
2867 948 2973 1004 illis
2996 949 3194 1005 dicitur
3211 950 3341 1005 deos
3360 966 3480 1007 esse
3503 962 3856 1021 scortatores,

2275 1049 2381 1089 non
2408 1034 2591 1091 dicunt
2616 1054 2736 1093 esse
2761 1038 2988 1106 fabulas,
3021 1041 3111 1096 sed
3139 1042 3363 1097 credunt
3390 1061 3404 1098 :
3433 1044 3647 1114 quando
3674 1056 3856 1101 autem

2275 1126 2562 1199 loquuntur
2587 1128 2655 1184 de
2693 1131 2985 1201 supplicio,
3026 1131 3196 1197 Sunt,
3229 1134 3507 1205 inquiunt,
3552 1144 3756 1204 poetae,
3802 1146 3857 1191 et

2276 1218 2454 1272 omnia
2482 1218 2807 1287 fabulantur,
2838 1232 2895 1277 ut
2919 1222 3073 1279 bonae
3098 1224 3221 1280 vita:
3247 1234 3418 1281 status
3442 1228 3586 1283 omni
3610 1243 3677 1284 ex
3703 1238 3857 1299 parte

2276 1319 2570 1365 evertatur.

2349 1401 2537 1457 Contra
2580 1408 2738 1475 fatum
2775 1415 2821 1460 et
2850 1409 3322 1485 metempsycltosiu.
3352 1440 3423 1450 —
3443 1411 3515 1466 At
3550 1411 3857 1482 philosophi

2279 1493 2618 1564 invenerunt,
2650 1496 2841 1567 inquit,
2872 1498 3123 1569 quiddam
3150 1500 3310 1569 plane
3334 1502 3667 1571 praclarum,
3694 1513 3753 1559 et
3772 1503 3858 1561 his

2279 1588 2469 1642 melius
2510 1603 2574 1644 ac
2618 1592 2976 1659 pra-stantius.
3015 1591 3330 1659 Quomodo?
3358 1594 3449 1664 qui
3486 1594 3652 1651 fatum
3694 1597 3853 1652 indu-

2278 1688 2426 1747 cunt,
2457 1690 2511 1735 et
2534 1680 2719 1736 dicunt
2748 1683 2927 1738 omnia
2956 1684 3098 1739 nulla
3119 1684 3231 1754 geri
3262 1684 3614 1755 providentia,
3644 1698 3699 1743 et
3723 1689 3855 1744 nihil

2280 1772 2526 1842 cuiquam
2554 1787 2675 1828 esse
2711 1789 2888 1841 curae,
2931 1774 3023 1831 sed
3051 1785 3300 1832 constare
3324 1778 3501 1832 omnia
3527 1793 3594 1834 ex
3621 1782 3855 1836 atomis?

2279 1864 2373 1919 sed
2422 1864 2510 1935 qui
2555 1864 2739 1922 dicunt
2780 1866 2937 1924 deum
2983 1883 3102 1924 esse
3142 1869 3377 1940 corpus?
3417 1868 3520 1926 Sed
3565 1873 3727 1943 quis?
3770 1873 3877 1940 dic,

2279 1972 2463 2027 quaeso
2491 1976 2505 2012 :
2534 1959 2625 2029 qui
2652 1959 2910 2016 humanas
2936 1961 3142 2017 animas
3164 1961 3364 2018 faciunt
3389 1977 3509 2019 esse
3533 1965 3774 2027 caninas.
3803 1975 3859 2021 et

2281 2050 2607 2119 persuadent
2647 2050 2953 2109 hominibus
2995 2053 3135 2124 quod
3180 2054 3396 2125 quidam
3433 2055 3722 2128 aliquando
3762 2058 3859 2115 fuit

2281 2143 2451 2207 canis,
2482 2154 2537 2199 et
2563 2144 2649 2200 leo
2672 2154 2727 2200 et
2751 2145 2952 2215 piscis?
2975 2146 3266 2217 Quousque
3290 2161 3395 2203 non
3418 2149 3641 2205 cessatis
3670 2152 3857 2220 nugari

2282 2246 2517 2291 mentem
2541 2237 2795 2293 habentes
2820 2239 3195 2294 obscuratam?
3219 2255 3339 2294 nam
3363 2241 3532 2310 utqui
3562 2241 3670 2296 sint
3695 2243 3746 2296 in
3776 2253 3857 2299 te-

2283 2327 2481 2395 nebris,
2500 2328 2678 2383 omnia
2693 2337 2746 2384 et
2761 2329 2944 2385 dicunt
2958 2340 3013 2385 et
3028 2330 3243 2397 faciunt,
3268 2340 3374 2386 tam
3392 2347 3511 2402 qua:
3526 2332 3593 2386 ad
3610 2332 3859 2403 dogmata

2282 2421 2551 2490 pertinent
2578 2435 2735 2491 quam
2764 2436 2884 2491 quze
2910 2421 2977 2476 ad
3009 2423 3195 2477 vitam.
3242 2422 3442 2479 Eorum
3483 2425 3626 2480 enim
3650 2441 3773 2495 qua:
3807 2426 3856 2480 in

2284 2509 2462 2565 medio
2493 2511 2592 2565 sita
2620 2519 2745 2565 sunt
2772 2510 2906 2566 nihil
2934 2511 3076 2566 videt
3099 2512 3144 2567 is
3168 2512 3261 2583 qui
3289 2522 3375 2577 est
3400 2513 3752 2570 circumfusus
3778 2526 3860 2571 te-

2284 2600 2484 2663 nebris,
2513 2600 2608 2656 sed
2634 2616 2797 2671 stepe,
2820 2601 2934 2658 viso
2961 2603 3104 2668 fune,
3134 2604 3404 2659 existimat
3427 2616 3617 2676 sponte
3642 2616 3859 2662 enatum

2283 2701 2585 2763 serpentem
2614 2710 2628 2745 :
2658 2707 2894 2749 rursusa
2931 2708 3057 2764 sepe
3084 2703 3345 2763 retentus,
3375 2705 3524 2766 putat
3547 2706 3641 2753 aut
3659 2697 3861 2752 daemo-

2285 2800 2407 2840 nem
2435 2786 2663 2855 aliquem
2689 2794 2782 2840 aut
2808 2785 3076 2841 hominem
3104 2802 3227 2842 eum
3257 2788 3522 2855 retinere;
3549 2789 3860 2861 multusque

2284 2887 2366 2933 est
2392 2879 2648 2933 tumultus
2668 2919 2683 2944 ,
2729 2878 2894 2933 multa
2924 2881 3275 2950 perturbatio.
3307 2880 3585 2951 Ejusmodi
3613 2885 3857 2954 quzedam

2283 2969 2658 3024 extimescunt.
2702 2967 3001 3035 Timebunt,
3051 2971 3254 3040 inquit,
3300 2970 3387 3025 ubi
3426 2988 3528 3027 non
3570 2975 3663 3028 erit
3712 2976 3861 3029 timor

2286 3060 2462 3132 (Psal.
2493 3060 2581 3117 52.
2610 3060 2665 3131 6)
2692 3078 2707 3115 :
2738 3076 2860 3132 qua:
2880 3060 3003 3132 jure
3038 3073 3216 3118 autem
3247 3064 3523 3129 timentur,
3568 3080 3672 3121 non
3720 3068 3863 3123 exti-

2286 3162 2529 3210 mescunt
2555 3171 2569 3208 :
2597 3153 2693 3209 sed
2721 3154 2861 3209 sicut
2887 3154 3116 3211 infantes
3142 3157 3330 3225 gesuati
3358 3171 3390 3210 a
3418 3158 3715 3213 nutricibus
3744 3176 3864 3215 ma-

2288 3261 2389 3301 nus
2417 3245 2631 3317 quidem
2671 3245 2724 3301 in
2756 3245 2931 3317 ignem
2969 3263 3036 3303 ex
3084 3248 3375 3320 improviso
3412 3260 3466 3305 et
3502 3250 3555 3305 iu
3586 3250 3863 3309 lucernam

2286 3337 2540 3393 audacter
2564 3337 2879 3404 immittunt,
2909 3337 3080 3393 virum
3108 3348 3286 3394 autem
3314 3354 3472 3395 sacco
3498 3340 3741 3397 indutum
3769 3359 3865 3398 ex—

2287 3432 2574 3487 timescunt
2603 3448 2618 3485 :
2647 3430 2727 3485 sic
2755 3429 2842 3484 isti
2871 3444 3085 3501 quoque
3110 3430 3305 3499 Graeci,
3336 3441 3394 3487 ut
3417 3432 3507 3503 qui
3535 3432 3643 3488 sint
3672 3450 3866 3490 revera

2288 3525 2551 3588 infantes,
2601 3524 2739 3579 sicut
2762 3524 2921 3580 etiam
2950 3523 3166 3594 quidam
3196 3523 3331 3580 dixit
3356 3525 3495 3595 apud
3520 3541 3642 3592 eos,
3684 3526 3865 3586 Cra-ci

2288 3633 2501 3683 semper
2530 3617 2705 3687 pueri,
2736 3616 2925 3673 timent
2947 3617 3159 3688 quidem
3189 3633 3307 3688 quae
3331 3633 3438 3673 non
3467 3628 3593 3675 sunt
3618 3633 3865 3691 peccata,

2290 3723 2347 3764 ut
2368 3707 2553 3764 sordes
2576 3707 2839 3778 corporis,
2865 3708 3060 3763 mortui
3095 3709 3272 3774 funus,
3302 3710 3499 3779 cubile,
3530 3711 3741 3767 dierum
3768 3713 3867 3769 ob-

2288 3801 2637 3868 servationes,
2660 3811 2714 3856 et
2737 3818 2855 3871 qute
2880 3814 3003 3857 sunt
3024 3803 3363 3870 hujusmodi;
3395 3820 3513 3875 qua:
3537 3814 3715 3861 autem
3738 3816 3869 3863 sunt

2290 3908 2414 3947 vere
2435 3900 2681 3962 peccata,
2711 3893 3057 3963 praedicatus,
3087 3894 3435 3963 adulterium,
3462 3899 3738 3963 scortatio,
3771 3913 3867 3954 eo.

2290 4001 2410 4041 rum
2436 3987 2633 4041 nullam
2652 3987 2846 4043 habent
2864 3989 3145 4045 rationem.
3164 3990 3269 4046 Sed
3285 3991 3481 4048 videris
3500 3992 3712 4063 quidem
3737 4008 3865 4050 eum

2291 4093 2322 4133 a
2348 4079 2542 4134 mortui
2569 4088 2819 4135 contactu
2844 4079 3042 4150 lavari,
3071 4097 3103 4137 a
3130 4084 3356 4139 mortuis
3394 4094 3570 4141 autem
3612 4088 3869 4157 operibus

2293 4185 2661 4241 nequaquam;
2691 4181 2746 4227 et
2772 4187 2870 4242 pro
2904 4174 3142 4244 pecuniis
3167 4174 3383 4246 quidem
3412 4177 3634 4232 multum
3664 4192 3869 4248 ponere

2293 4264 2547 4332 studium,
2575 4264 2879 4321 existimare
2904 4277 3081 4322 autem
3104 4282 3211 4322 uno
3230 4268 3371 4338 gallo
3391 4277 3554 4324 totatn
3576 4284 3695 4325 esse
3713 4285 3869 4326 como

2296 4357 2521 4426 positam
2568 4358 2714 4412 litem
2758 4372 2822 4413 ac
2866 4360 3285 4415 controversiam
3332 4376 3349 4415 :
3394 4361 3531 4416 adeo
3581 4361 3867 4419 obscurata

2296 4462 2477 4509 mente
2495 4461 2638 4508 sunt.
2659 4453 2839 4510 Multis
2861 4453 3154 4510 terroribus
3178 4455 3329 4525 plena
3347 4466 3429 4511 est
3446 4471 3633 4512 eorum
3653 4458 3828 4512 anima
3846 4474 3865 4513 :

2296 4553 2357 4598 ut
2401 4554 2561 4614 puta,
2610 4544 2698 4599 hic
2736 4552 2829 4599 aut
2873 4544 2966 4600 ille
3007 4545 3209 4615 primus
3254 4545 3385 4602 mihi
3434 4548 3670 4603 occurrit
3706 4548 3870 4603 domo

2298 4635 2545 4700 exeunti;
2574 4635 2792 4689 omnino
2819 4636 3127 4706 contingere
3152 4628 3367 4707 oportet
3394 4639 3531 4693 mala
3561 4640 3874 4696 innumera-

2299 4724 2445 4780 bilia.
2472 4723 2625 4779 Nunc
2666 4738 2853 4779 servus
2879 4726 3239 4783 exsecrandus
3280 4726 3417 4783 dans
3456 4729 3586 4783 mihi
3620 4730 3831 4785 calceos
3852 4772 3873 4797 ,

2302 4817 2530 4888 primum
2561 4818 2795 4887 porrexit
2841 4828 3044 4887 partem
3084 4818 3390 4885 sinistram;
3437 4835 3626 4891 graves
3663 4822 3873 4891 signifi-

2300 4920 2488 4965 cantur
2516 4911 2876 4977 calamitates,
2907 4920 2961 4966 et
2989 4912 3348 4968 contumeliae.
3394 4913 3507 4983 Ego
3546 4915 3659 4983 ipse
3685 4914 3876 4969 exiens

2302 5003 2519 5058 sinistro
2545 5003 2704 5073 priori
2734 5004 2969 5072 processi
3001 5004 3172 5073 pede;
3204 5004 3304 5060 hoc
3322 5020 3534 5077 quoque
3559 5015 3643 5061 est
3660 5005 3874 5076 signum

2303 5094 2682 5150 calamitatum.
2712 5095 2779 5149 Et
2820 5095 2935 5149 hate
2958 5096 3172 5166 quidem
3200 5097 3345 5152 domi
3375 5106 3499 5153 sunt
3523 5098 3659 5153 mala
3684 5116 3699 5153 :
3727 5098 3879 5153 foras

2305 5200 2481 5245 autem
2508 5203 2724 5259 egresso
2764 5188 2953 5244 dexter
2979 5189 3110 5243 mihi
3136 5190 3322 5244 oculus
3361 5190 3564 5247 inferne
3589 5191 3740 5256 salit;
3773 5190 3879 5246 hoc

2305 5290 2388 5335 est
2425 5279 2674 5334 indicium
2721 5279 3095 5350 lacrymarum.
3137 5280 3386 5335 Mulieres
3423 5296 3634 5350 quoque
3661 5281 3880 5350 quando

2307 5379 2499 5425 sonant
2522 5368 2711 5424 calami
2736 5369 2802 5422 ad
2842 5378 3062 5424 texturae
3089 5379 3234 5425 recta
3276 5370 3413 5440 ligna
3442 5371 3606 5435 allisi,
3638 5370 3719 5425 vel
3749 5384 3879 5424 cum

2308 5462 2437 5531 ipsae
2484 5462 2692 5530 pectine
2733 5460 3133 5528 discriininant,
3179 5462 3281 5516 hoc
3325 5477 3420 5531 pro
3461 5463 3614 5532 signo
3654 5462 3878 5518 habent.

2309 5555 2513 5609 Rursus
2537 5554 2751 5624 quando
2778 5554 3090 5623 subtegmen
3127 5556 3336 5624 pectine
3366 5557 3709 5619 concutiunt,
3739 5564 3796 5610 et
3822 5554 3881 5609 id

2311 5648 2508 5702 faciunt
2532 5647 2935 5711 vehementius;
2967 5646 3161 5702 deinde
3180 5649 3269 5717 qui
3293 5657 3416 5702 sunt
3435 5662 3661 5717 superne
3685 5648 3880 5703 calami

2310 5740 2381 5793 ob
2410 5739 2672 5793 inteusum
2702 5739 2861 5791 ictum
2892 5738 3057 5793 edunt
3080 5740 3380 5806 strepitum,
3410 5740 3547 5794 allisi
3575 5739 3642 5792 ad
3673 5749 3879 5793 rectum

2312 5842 2531 5889 texturae
2560 5832 2776 5903 lignum,
2810 5831 2907 5887 hoc
2934 5831 3129 5888 habent
3160 5848 3254 5903 pro
3281 5833 3432 5903 signo
3462 5851 3474 5890 :
3511 5842 3566 5889 et
3585 5833 3689 5889 alia
3720 5834 3879 5891 inut»
