3960 6504
142 353 205 410 91
1015 360 1081 417 ΙΝ
1120 362 1335 419 EPIST.
1374 363 1465 418 AD
1505 364 1746 420 EPHES.
1783 366 1932 422 CAP.
1974 368 2062 424 IV.
2110 367 2338 423 HOMIL.
2381 368 2493 423 XII.

144 465 255 536 Οὐχ
291 466 444 537 δρᾷς,
476 468 560 522 ὅτι
586 467 654 523 τά
681 468 979 542 δηλητήρια
1009 472 1277 543 φάρμακα
1306 474 1694 540 καταδλάπτει,

143 548 238 601 καὶ
263 550 478 614 οὐδενὸς
508 550 694 617 δεῖται,
721 553 850 606 ὅταν
889 554 946 607 δέ
982 555 1186 626 ὠφελῇ,
1219 556 1462 621 πολλῶν;
1514 558 1611 610 Διά
1642 557 1702 610 σὲ

141 630 320 683 τοίνυν
350 633 468 686 ἐστὶ
500 634 759 700 τοιοῦτος,
799 636 893 689 καὶ
928 638 1087 700 καλὸς
1116 642 1211 692 καὶ
1244 639 1474 710 ἀσθενής
1496 658 1510 670 ’
1541 640 1702 703 καλὸς

142 713 261 782 μὲν,
292 712 381 768 ἴνα
408 717 774 790 ἑπιγινώσκῃς
799 720 890 773 τὸν
916 722 1189 791 Δεσπότην
1212 739 1226 754 ·
1250 723 1479 795 ἀσθενὴς
1505 724 1583 789 δὲ,
1612 723 1699 777 ἴνα

142 796 217 867 μὴ
237 800 515 870 Δεσπότην
546 802 705 854 αὐτὸν
732 798 869 856 εἶναι
901 803 1084 875 λέγῃς.
1123 804 1280 859 Ἀλλά
1304 806 1514 877 τρέφει,
1543 805 1699 878 φησὶ.

136 881 206 933 τά
231 882 377 950 φυτά
403 884 497 936 καὶ
518 882 588 937 τὰ
611 885 918 957 σπέρματα.
950 887 1014 939 Τί
1040 885 1135 941 οὖν
1160 888 1233 960 μὴ
1255 889 1405 958 παρὰ
1430 887 1589 942 τοῦτο
1607 888 1701 943 καὶ

136 967 169 1036 ἠ
202 967 411 1038 κόπρος
458 968 615 1034 θεός;
662 970 758 1023 καὶ
798 972 907 1041 γάρ
948 972 1040 1025 καὶ
1068 972 1247 1043 ἐκείνη
1281 975 1489 1043 τρέφει,
1525 973 1591 1026 Τί
1625 971 1701 1043 μὴ

136 1051 290 1121 παρὰ
311 1050 467 1105 τοῦτο
488 1053 580 1106 καὶ
606 1053 666 1106 :6
688 1053 971 1125 δρέπανον,
1003 1055 1096 1107 καὶ
1119 1055 1290 1108 αἰτοῦ
1326 1054 1569 1127 γεωργοῦ
1592 1049 1725 1127 χεῖ-’

135 1152 264 1205 92;;
301 1137 482 1203 Δεῖξόν
524 1155 613 1208 μοι
648 1138 808 1208 μόνον
847 1139 1109 1210 τρέφοντα
1144 1139 1234 1192 τὸν
1265 1140 1435 1210 ἥλιον,
1469 1140 1562 1193 καὶ
1596 1158 1700 1210 μη-

133 1218 284 1283 δενὸς
312 1220 588 1290 δεόμενον,
618 1222 753 1291 μήτε
779 1221 903 1291 γῆς,
938 1223 1075 1292 μήτε
1112 1222 1321 1284 ὓδατος,
1356 1223 1492 1292 μήτε
1526 1238 1699 1293 γεωρ-

133 1303 259 1368 γίας
280 1324 297 1335 ·
329 1304 468 1356 ἀλλὰ
497 1304 769 1371 βαλλέσθω
809 1304 878 1358 τά
913 1304 1222 1376 σπέρματα,
1258 1307 1355 1358 καὶ
1380 1304 1477 1376 τὴν
1507 1306 1699 1358 ἀκτῖνα

131 1386 294 1453 ἀφεὶς
319 1386 582 1440 δεικνύτω
609 1387 736 1450 τοὺς
765 1387 1061 1458 ἀστάχυας.
1096 1389 1158 1442 Εί
1192 1388 1248 1441 δὲ
1282 1390 1381 1442 οὐκ
1407 1388 1570 1443 αὑτοῦ
1600 1389 1697 1459 μό-

131 1485 248 1534 νου,
288 1470 425 1525 ἀλλά
478 1473 572 1524 καὶ
609 1470 718 1525 τῶν
757 1472 926 1525 ὑετῶν
968 1474 1101 1535 ἐστι,
1150 1472 1239 1526 διὰ
1283 1472 1336 1526 τί
1378 1472 1453 1543 μὴ
1502 1473 1595 1525 καί
1638 1472 1698 1525 τὸ

132 1553 283 1625 ὕδωρ
311 1555 465 1620 θεός;
507 1556 668 1609 Ἀλλά
701 1556 868 1627 μήπω
892 1556 1020 1628 1:291
1049 1556 1258 1609 τούτου.
1301 1557 1398 1609 Διά
1418 1556 1471 1608 τί
1501 1555 1575 1627 μὴ
1604 1556 1697 1608 καὶ

131 1640 166 1707 ἢ
191 1639 265 1707 Υῆ
294 1638 450 1706 θεάςῖ
482 1639 569 1692 διὰ
598 1639 651 1692 τί
678 1638 754 1710 μὴ
784 1640 877 1693 καὶ
903 1640 935 1711 ἡ
968 1640 1190 1710 κόπρος,
1216 1640 1309 1693 καὶ
1339 1642 1371 1710 ἡ
1396 1639 1611 1692 δίκελλα
1629 1651 1654 1678 ιι
1679 1653 1695 1703 ;

129 1724 327 1777 Πάντα
369 1721 481 1787 οὖν,
516 1724 639 1778 εἰπέ
688 1741 814 1793 μοι,
853 1724 1330 1794 προσκυνήσομενς
1380 1723 1443 1775 Ὢ
1466 1720 1563 1792 τῆς
1602 1721 1698 1792 λη-

130 1808 369 1876 ρωδίαςῐ
403 1808 587 1862 Καίτοι
623 1808 821 1878 μᾶλλον
848 1807 977 1862 ἄνευ
1010 1807 1159 1878 ἡλίου
1192 1806 1403 1875 γένοιτο
1434 1805 1692 1876 ἄσταχυς,

125 1892 161 1959 ἢ
182 1891 322 1945 ἄνευ
350 1894 450 1961 γῆς
465 1894 556 1947 καὶ
586 1891 798 1958 ὓδατος,
817 1892 913 1945 καὶ
928 1891 1070 1960 φυτά
1096 1892 1192 1945 καὶ
1210 1890 1279 1944 τὰ
1298 1890 1432 1946 ἀλλα
1458 1889 1691 1945 ἅπαντα.

128 1974 242 2042 Γῆς
262 1974 367 2045 μὲν
381 1971 473 2029 οὖν
488 1976 587 2029 οὒκ
606 1975 794 2047 οὔσης,
810 1975 911 2028 οὐκ
929 1975 995 2029 ἄν
1019 1992 1149 2028 ποτε
1164 1973 1371 2027 τούτων
1388 1991 1441 2026 τι
1462 1972 1655 2043 φανείη
1676 1988 1692 2004 ο

126 2059 181 2109 εἰ
206 2056 266 2109 δέ
312 2074 397 2121 τις
429 2060 488 2111 ἐν
531 2058 802 2129 κεραμίῳ,
846 2053 936 2111 οἷα
965 2056 1032 2111 τὰ
1059 2056 1249 2112 παιδία
1276 2055 1490 2110 ποιοῦσι
1518 2057 1613 2109 καὶ
1637 2055 1693 2109 αί

130 2143 414 2213 γυναῖκες,
454 2143 558 2213 γῆν
593 2140 1007 2212 ἐναποθέμενος,
1041 2138 1147 2193 ὑπὸ
1172 2139 1263 2193 τὸν
1294 2138 1488 2209 ὄροφον
1524 2138 1694 2192 κατά-

131 2223 302 2285 θοιτο,
344 2224 586 2297 κέραμον
637 2225 919 2297 ἐμπλήσας
961 2223 1168 2295 κόπρου
1221 2223 1442 2293 πολλῆς,
1496 2220 1694 2291 ἀσθενῆ

131 2307 255 2376 μὲν,
300 2307 605 2361 ἀναδίδοται
637 2307 694 2361 δὲ
731 2308 879 2378 ὅμως
918 2306 987 2361 τά
1017 2306 1179 2376 φυτά.
1226 2307 1389 2359 Ὥστε
1427 2305 1625 2358 πλείων
1657 2305 1691 2374 ἡ

128 2391 281 2461 παρά
311 2392 413 2461 τῆς
444 2392 546 2462 γῆς
575 2392 670 2445 καὶ
705 2392 806 2462 τῆς
832 2393 1035 2462 κόπρου
1068 2389 1363 2456 συντέλεια,
1406 2387 1695 2443 καὶταῦτα

128 2473 246 2548 [95]
275 2476 479 2546 μᾶλλον
504 2476 709 2530 ἐκείνου
736 2476 841 2546 χρὴ
869 2476 1212 2545 προσκυνεῖν.
1235 2473 1478 2546 Οὐρανοῦ
1501 2474 1691 2535 δεῖται,

125 2559 289 2629 ἀέρος
332 2560 523 2617 δεῖται,
573 2558 781 2612 ὑδάτων
820 2557 988 2611 δεῖται
1014 2556 1238 2621 τούτων,
1281 2557 1420 2610 ὥστε
1453 2556 1527 2626 μὴ
1569 2555 1693 2625 βλάο

123 2659 283 2694 πτειν
317 2642 567 2711 καθάπερ
601 2640 830 2711 χαλινῶν
877 2639 1219 2709 κατεχόντων
1256 2639 1418 2693 αὑτοῦ
1458 2639 1555 2709 τὴν
1596 2638 1694 2708 τῆς

120 2724 412 2795 δυνάμεως
462 2725 780 2795 ἀγριότητα,
842 2725 936 2777 καὶ
987 2725 1087 2777 οὐκ
1141 2721 1354 2776 ὲώντων
1404 2724 1693 2790 ἐπαφεῖναι

122 2806 410 2879 πανταχοῦ
454 2808 551 2878 τὴν
594 2810 808 2873 ἀκτῖνα,
857 2806 1045 2878 ῶσπερ
1094 2809 1215 2860 τινά
1270 2807 1434 2859 ἵππον
1480 2805 1690 2875 ἄγριον.

120 2892 263 2944 Εἰπὲ
290 2892 356 2960 δή
391 2909 503 2962 μοι,
533 2891 635 2944 ποῦ
662 2893 793 2962 ἡμῖν
829 2892 977 2945 ἐστιν
1002 2882 1157 2953 οὗτος
1188 2890 1327 2943 κατά
1361 2890 1460 2960 τὴν
1487 2888 1691 2953 νύκτας

118 2976 229 3029 ποῦ
249 2978 279 3029 6
302 2975 425 3039 θεὸς
444 2976 885 3045 ἀποδεδήμηκεν;
912 2975 973 3028 οὐ
995 2974 1104 3045 γὰρ
1130 2971 1253 3027 θεοῦ
1272 2973 1431 3027 τοῦτο
1454 2972 1516 3026 :6
1537 2991 1693 3053 περι-

117 3060 402 3113 κλείεσθαι
452 3060 546 3111 καὶ
596 3057 962 3129 περατοῦσθαι
1001 3074 1016 3088 ο
1075 3057 1341 3126 σωμάτων
1382 3056 1489 3127 γάρ
1526 3058 1694 3120 ὄντως

115 3144 284 3198 τοῦτο
328 3143 505 3213 μόνον.
556 3141 720 3196 Ἀλλὰ
758 3142 851 3196 καὶ
882 3141 1111 3211 δύναμίς
1137 3142 1222 3205 τίς
1251 3142 1401 3195 ἐστιν
1436 3144 1495 3195 ὲν
1523 3142 1691 3213 αὐτῷ,

117 3229 282 3299 φησὶ,
323 3229 420 3280 καὶ
454 3229 704 3280 κινεῖται.
743 3224 888 3296 Δῦτη
932 3221 1024 3279 οῦν
1071 3226 1381 3297 ήδύναμις,
1423 3227 1545 3280 είπέ
1582 3246 1693 3298 μοι,

115 3313 280 3376 626;;
327 3312 379 3362 τί
408 3307 502 3363 οὖν
534 3309 675 3379 αῦτη
722 3309 916 3371 δεῖται,
954 3309 1048 3361 καὶ
1096 3309 1171 3381 μὴ
1210 3310 1428 3381 κατέχει
1456 3312 1518 3363 τὸ
1544 3311 1692 3381 πῦρς

114 3398 292 3451 πάλιν
317 3396 423 3466 γὰρ
453 3397 481 3448 6
500 3393 662 3456 αὐτός
694 3410 784 3465 μοι
810 3393 988 3461 λόγος.
1012 3393 1077 3445 Τί
1097 3394 1151 3446 δὲ
1173 3395 1206 3463 ἡ
1233 3394 1461 3465 δύναμις
1481 3395 1695 3464 ἐκείνη;

114 3483 430 3551 φωτιστικὴ
471 3478 599 3551 τί[ς]
642 3480 808 3541 ἐστιν,
850 3477 1003 3547 ἢδιά
1042 3478 1231 3531 τούτου
1284 3479 1528 3547 φωτίζει,
1560 3479 1696 3549 αὐτὴ

116 3567 431 3635 μετέχουσα
455 3563 657 3616 τούτων
699 3562 957 3632 μηδενόςς
992 3561 1199 3615 Οὐκοῦν
1234 3559 1433 3631 μείζων
1459 3563 1629 3632 αὐτῆς
1669 3563 1698 3615 6

112 3653 293 3723 ἥλιος.
332 3650 512 3721 Μέχρι
544 3649 691 3711 τίνος
717 3648 1067 3718 ἀνελίττομεν
1096 3647 1451 3719 λαϐύρινθονς

188 3776 261 3838 γ’.
279 3768 348 3821 Τί
368 3767 425 3820 δὲ
445 3767 505 3821 :6
537 3766 682 3836 ὕδωρ
706 3785 721 3832 ;
760 3767 882 3835 οὐχὶ
902 3767 996 3820 καὶ
1017 3766 1148 3819 αὐτὸ
1177 3766 1316 3829 θεὸς,
1341 3766 1473 3833 φασί
1493 3784 1506 3831 ;
1531 3768 1698 3821 Τοῦτο

112 3855 294 3916 ὅντως
332 3851 568 3919 γέλωτος
596 3851 755 3905 πάλιν
795 3850 1117 3919 φιλονείκου.
1158 3850 1293 3919 Οὐχὶ
1332 3849 1472 3913 θεὸς,
1512 3852 1695 3921 φησὶν,

110 3931 159 4004 ᾧ
190 3937 337 4007 1:96;
358 3936 594 3989 τοσαῦτα
623 3933 967 4006 κεχρήμεθα;
1004 3933 1110 3986 K01
1140 3932 1381 4004 περὶτῆς
1410 3933 1512 4004 γῆς
1536 3934 1696 3987 πάλιν

110 4022 348 4092 ὁμοίιος.
388 4022 619 4081 Ὄντως,
669 4021 765 4071 Ἑν
789 4018 1133 4088 ματαιότητι
1172 4017 1279 4070 τοῦ
1307 4018 1448 4083 νοὸς
1476 4017 1693 4082 αὐτῶν,

110 4104 552 4174 ἐσκοτωμένοι
585 4103 701 4168 τὴν
725 4100 1014 4155 διάνοιαν.
1050 4099 1209 4153 Ἀλλά
1233 4101 1362 4171 1:291
1387 4099 1503 4170 βίου
1526 4100 1698 4154 ταῦτά

112 4208 257 4258 φησι
288 4188 387 4241 νῦν
411 4205 426 4218 ·
454 4186 782 4258 Πορνεύουσι
823 4187 917 4238 καὶ
944 4182 1279 4254 μοιχεύουσιν
1305 4182 1581 4253 Ἕλληνες.
1610 4186 1699 4238 Εἰ-

113 4275 304 4336 κότως
321 4289 335 4303 ·
359 4274 410 4325 οί
431 4272 537 4341 γάρ
560 4268 833 4331 τοιούτους
853 4267 1261 4337 ὑπογράφοντες
1284 4267 1497 4330 ἑαυτοῖς
1519 4265 1693 4331 θεοὺς,

111 4358 316 4410 πάντα
339 4354 646 4417 ἀκολούθως
674 4352 997 4423 ἐργάζονται
1015 4368 1030 4383 ο
1061 4350 1162 4404 κᾶν
1188 4352 1315 4411 τοὺς
1351 4349 1457 4403 τῶν
1487 4350 1697 4420 ἀνθρώ-

111 4456 252 4493 πων
289 4438 556 4502 δυνηθῶσι
594 4436 777 4489 λαθεῖν
810 4433 1142 4503 ὀφθαλμοὺς,
1177 4431 1349 4494 οὐδεὶς
1392 4434 1422 4484 6
1453 4432 1696 4497 καθέξων

111 4521 357 4584 αὐτούς.
391 4520 457 4572 Τί
484 4520 585 4589 γὰρ
610 4520 897 4586 δυνήσεται
921 4517 950 4568 6
986 4516 1113 4586 1:291
1139 4515 1487 4578 ἀναστάσεως
1518 4516 1693 4584 λόγος,

111 4606 305 4678 μῦθος
332 4604 513 4665 αὐτοῖς
546 4598 681 4655 εἶναι
711 4600 913 4665 δοκῶν;
962 4600 1121 4652 Ἀλλά
1156 4598 1284 4670 1:291
1309 4597 1418 4653 τῶν
1448 4600 1504 4651 ἐν
1530 4598 1691 4669 ᾇδου;

126 4690 306 4744 Ἀλλά
347 4689 441 4742 καὶ
469 4687 638 4741 ταῦτα
665 4685 824 4757 μῦθοι
850 4703 863 4717 ⁸
904 4685 996 4738 καὶ
1025 4683 1120 4736 θέα
1147 4683 1247 4752 τὴν
1281 4684 1576 4752 σατανικὴν
1604 4683 1693 4735 έν-

109 4793 299 4829 νοιαν.
338 4773 507 4825 Ὅταν
548 4771 646 4838 μὲν
690 4768 919 4835 λέγωσιν
952 4767 1133 4829 αὐτοῖς
1161 4765 1316 4827 θεοὺς
1354 4765 1603 4835 πόρνους,
1631 4766 1693 4818 ού

111 4875 293 4926 φασιν
322 4852 464 4908 εἶναι
491 4852 714 4923 μύθους,
741 4851 875 4904 ἀλλά
890 4849 1167 4903 πείθονται
1189 4864 1202 4879 ’
1226 4848 1351 4901 ὅταν
1380 4849 1435 4901 δὲ
1463 4850 1589 4919 1:291
1613 4867 1696 4901 κο-

109 4943 340 5001 λάσεως
362 4937 744 5003 διαλέγωνται,
768 4932 1017 5004 Ποιηταὶ,
1038 4932 1222 5001 φασὶν,
1252 4931 1380 4995 εἰσὶ,
1404 4933 1497 4985 καὶ
1521 4933 1697 4985 πάντα

113 5024 481 5094 μυθεύουσιν,
518 5021 605 5072 ἵνα
642 5018 901 5073 πάντοθεν
938 5015 1306 5086 άνατρέπηται
1333 5015 1432 5085 τῆς
1467 5015 1697 5079 εύζωῖας

110 5112 148 5179 ἡ
195 5106 561 5166 κατάστασις.

203 5218 355 5270 Ἀλλ’
378 5217 430 5268 οί
463 5215 761 5283 φιλόσοφοι,
789 5213 974 5283 φησὶν,
1005 5211 1229 5281 ὲφεῦρόν
1254 5228 1308 5263 τι
1340 5210 1535 5280 σεμνὸν
1560 5210 1696 5263 πάν-

109 5320 250 5365 τως,
285 5301 385 5354 καὶ
425 5300 632 5353 τούτων
661 5301 922 5369 κρεῖττον.
961 5297 1082 5359 Πῶς
1109 5313 1124 5360 ς
1153 5297 1200 5348 οἱ
1224 5295 1322 5364 τὴν
1358 5294 1696 5365 εἱμαρμένην

110 5386 539 5454 ἐπεισάγοντες,
561 5383 655 5437 καὶ
671 5382 975 5453 ἀπρονόητα
994 5378 1131 5433 εἶναι
1146 5379 1390 5446 λέγοντες
1406 5379 1472 5432 τά
1496 5380 1692 5444 πάντα,

114 5472 219 5524 καὶ
282 5468 485 5540 μηδενὶ
517 5465 700 5537 μέλειν
726 5466 753 5505 b
789 5464 1033 5534 μηδενὸς,
1064 5462 1181 5516 ἀλλ’
1208 5460 1267 5525 ἐξ
1298 5461 1514 5530 ἀτόμων
1571 5479 1692 5514 συν-

112 5555 359 5608 εστάναι
378 5570 392 5614 ;
416 5550 535 5605 ἀλλ’
562 5550 738 5619 ἕτεροι
753 5548 803 5602 οί
820 5549 977 5618 σῶμα
992 5550 1086 5600 τὸν
1100 5546 1237 5601 Θεὸν
1248 5545 1486 5610 εἰπόντες
1503 5563 1517 5611 ;
1537 5546 1691 5600 Ἀλλά

180 5737 200 5759 ⁸
230 5736 445 5794 Quidam
472 5749 585 5783 mss.
616 5733 794 5782 nabant
817 5733 1042 5793 μάκελλα.

183 5802 211 5839 b
241 5800 328 5848 Sic
357 5812 472 5846 mss.
504 5797 655 5855 Editi,
676 5798 873 5856 μέλλειν,
901 5794 1042 5843 male.

1800 477 1964 542 τίνες,
1999 480 2118 533 είπέ
2168 498 2287 552 9.01;
2328 482 2377 533 οί
2411 482 2507 544 τὰς
2541 479 2883 552 ἀνθρωπίνας
2923 478 3099 551 ψυχὰς
3143 482 3360 547 κυνείας

1800 560 2101 625 ποιοῦντες,
2140 564 2235 616 καὶ
2271 563 2395 626 τοὺς
2437 562 2756 634 ἀνθρώπους
2804 563 3101 625 πείθοντες,
3139 564 3221 617 ὅτι
3267 568 3361 619 καὶ

1800 640 1946 695 κύων
1988 645 2205 711 ἐγένετό
2241 645 2371 698 ποτέ
2407 663 2510 709 τις,
2542 648 2636 699 καὶ
2666 646 2804 700 λέων
2832 647 2927 699 καὶ
2959 646 3143 717 ίχθύς;
3180 647 3360 719 Μέχρι

1799 724 1941 789 τίνος
1988 727 2050 780 οὐ
2099 726 2337 781 παύεσθε
2369 727 2682 798 ληροῦντες,
2717 728 3090 799 ἐσκοτισμένοι
3135 732 3202 800 τῇ
3246 729 3363 784 δια-

1799 810 1945 880 νοίας
1993 812 2242 883 καθάπερ
2276 812 2384 883 γὰρ
2424 812 2575 877 ὄντες
2603 815 2661 868 ἐν
2713 814 2889 883 σκότῳ
2931 814 3107 868 πάντα
3138 815 3232 867 καὶ
3274 813 3363 867 λέ-

1799 908 1956 959 γουσι
1983 894 2080 947 καὶ
2107 896 2423 966 πράττουσι,
2468 896 2563 949 καὶ
2605 895 2675 948 τά
2702 896 2829 966 περὶ
2856 896 3140 965 δογμάτων
3169 894 3264 948 καὶ
3292 895 3361 948 τὰ

1801 972 1928 1041 περὶ
1955 972 2089 1042 βίου.
2124 973 2289 1026 Οὐδὲν
2313 974 2420 1046 γὰρ
2448 975 2551 1044 ὁρᾷ
2577 974 2682 1027 τῶν
2712 975 2768 1026 ἐν
2807 973 2954 1043 μέσῳ
2980 974 3270 1042 κειμένων,
3302 974 3360 1037 ὃς

1798 1058 1947 1108 ἐστιν
2000 1057 2401 1126 ἐσκοτισμένος,
2442 1057 2575 1111 ἀλλά
2624 1057 2853 1125 σχοινίον
2906 1057 3165 1120 πολλάκις
3212 1056 3358 1123 ίδὼν,

1798 1137 1920 1207 ὅφιν
1965 1139 2213 1207 ἐνόμισεν
2244 1140 2549 1210 αὐτόματον
2571 1157 2585 1170 ·
2633 1139 2736 1192 ὑπὸ
2772 1139 3026 1209 φραγμοῦ
3069 1139 3231 1193 πάλιν
3269 1158 3362 1194 κα-

1797 1221 2099 1291 τασχεθεὶς,
2130 1222 2375 1293 ἐνόμισεν
2406 1222 2690 1293 ἄνθρωπόν
2726 1240 2847 1275 τινα
2876 1221 2908 1287 ἢ
2950 1220 3174 1292 δαίμονα
3229 1239 3361 1277 κατ-

1798 1301 1942 1372 έχειν
1970 1304 2128 1357 αὐτόν
2152 1321 2164 1333 ·
2198 1304 2291 1357 x01
2318 1303 2482 1367 πολὺς
2514 1307 2542 1357 ὁ
2572 1304 2817 1376 θὸρυῆος,
2852 1302 3020 1375 πολλὴ
3058 1306 3091 1374 ὴ
3123 1306 3357 1378 ταραχή,

1798 1385 1841 1439 Τ
1845 1387 2034 1440 οιαῦτά
2064 1406 2182 1441 τινα
2209 1388 2530 1456 φοεοῦνται⁸
2562 1386 3032 1456 Φοϐηθήσονται,
3073 1388 3226 1456 φησὶ,
3256 1389 3362 1458 φό-

1798 1470 1922 1535 ϐον,
1951 1466 2024 1526 οὗ
2055 1473 2164 1525 οὐκ
2186 1468 2265 1542 ἦν
2293 1472 2476 1541 φόϐος
2493 1489 2505 1500 ·
2532 1471 2602 1526 τά
2627 1473 2684 1525 δὲ
2709 1471 2834 1535 ἄξια
2860 1471 3025 1539 φόϐου
3045 1471 3104 1523 ού
3141 1470 3256 1542 [94]
3278 1472 3363 1524 δε-

1795 1552 2056 1608 δοίκασιν.
2112 1554 2272 1607 Ἀλλὰ
2313 1554 2564 1627 καθάπερ
2607 1555 2676 1608 τά
2727 1554 2912 1607 παιδία
2958 1553 3036 1625 τῷ
3083 1553 3181 1624 μὲν
3227 1555 3360 1625 πυρὶ

1795 1635 1895 1698 τάς
1934 1640 2122 1706 χεῖρας
2167 1639 2553 1709 ἀπρονοήτως,
2599 1640 2693 1692 καὶ
2731 1638 2808 1709 τῷ
2848 1637 3024 1707 λύχνῳ
3073 1636 3359 1707 τολμηρῶς

1795 1718 2092 1788 ὲπαφιᾶσιν
2134 1721 2236 1774 ὑπὸ
2263 1720 2369 1774 τῶν
2403 1721 2598 1776 τιτθῶν
2632 1720 3027 1792 βασταζόμενα,
3060 1721 3262 1774 σάκκον
3300 1721 3358 1773 6‘2

1795 1802 1960 1873 ἄνδρα
1987 1803 2332 1875 ἐνδεδυμένον
2358 1804 2644 1873 φοϐοῦνται
2671 1823 2684 1835 ·
2721 1803 2862 1857 οῦτω
2908 1802 2972 1875 δὴ
3010 1805 3105 1857 καὶ
3133 1796 3278 1856 οὗτοι
3305 1804 3356 1856 οἱ

1797 1884 2092 1955 Ἕλληνες,
2144 1887 2392 1958 καθάπερ
2444 1887 2612 1950 ὅντως
2647 1888 2733 1939 ἀεὶ
2779 1886 2966 1939 παιδία
2999 1886 3097 1949 (ὡς
3140 1886 3235 1939 καί
3271 1904 3357 1950 τις

1793 1967 1901 2021 τῶν
1915 1969 2044 2039 παρ’
2059 1970 2242 2033 αὐτοῖς
2260 1967 2431 2023 εἶπεν·
2454 1972 2750 2037 Ἕλληνες
2769 1970 2860 2024 ἀεὶ
2883 1969 3136 2038 παῖδες),
3160 1970 3230 2023 τὰ
3259 1970 3357 2040 μὲν

1793 2051 1892 2107 οὐκ
1921 2051 2048 2105 ὅντα
2078 2054 2447 2124 ἁμαρτήματα
2476 2053 2797 2118 δεδοίκασιν,
2830 2046 2941 2106 οἷον
2974 2052 3144 2123 ῥύπον
3170 2052 3358 2120 σῶμα·

1792 2151 1904 2202 τος,
1951 2135 2131 2206 κῆδος,
2178 2135 2352 2206 λέχος,
2387 2137 2483 2190 καὶ
2522 2136 2742 2208 ἡμερῶν
2789 2137 3221 2207 παρατηρήσεις,
3264 2135 3358 2188 καὶ

1792 2218 1892 2273 ὃσα
1911 2219 2134 2274 τοιαῦτα
2153 2237 2167 2251 ·
2192 2220 2227 2274 ἀ
2245 2220 2301 2274 δέ
2328 2222 2474 2274 ἐστιν
2494 2219 2663 2282 ὅντως
2681 2219 3072 2290 ἁμαρτήματα,
3099 2218 3361 2287 παιδεραρ-

1796 2303 1937 2368 στία,
1966 2304 2200 2376 μοιχεία,
2233 2304 2480 2376 πορνεία,
2514 2303 2717 2357 τούτων
2742 2302 2861 2356 ούδέ
2890 2301 3047 2370 λόγον
3070 2314 3092 2342 ε
3120 2304 3353 2372 ἔχουσιν.

1806 2386 1942 2439 Ἀλλ’
1975 2388 2101 2451 ἴδοις
2136 2387 2201 2441 ἂν
2227 2389 2387 2441 αὑτὸν
2415 2387 2523 2441 611:6
2554 2387 2651 2459 μὲν
2684 2385 2876 2455 νεκροῦ
2906 2385 3221 2454 λουόμενον,
3248 2384 3358 2439 ἀπὸ

1792 2468 1849 2521 δὲ
1876 2469 2084 2540 νεκρῶν
2114 2470 2309 2541 ἔργων,
2341 2470 2523 2524 οὐκέτι
2542 2488 2555 2499 ·
2591 2469 2687 2523 καὶ
2714 2468 3012 2540 χρημάτων
3043 2469 3142 2538 μὲν
3169 2468 3358 2522 ἕνεκεν

1795 2553 1994 2625 πολλὴν
2034 2552 2357 2624 ποιούμενον
2405 2552 2660 2623 σπουδὴν,
2690 2553 2783 2621 ,ἐνὶ
2826 2550 3256 2623 ὅδε-ἀλεκτρυόνι
3296 2551 3358 2604 :6

1793 2638 1903 2689 πᾶν
1925 2635 2264 2690 διαλελύσθαι
2297 2633 2584 2706 νομίζοντα
2609 2654 2621 2666 ο
2648 2633 2820 2696 οῦτως
2850 2636 3224 2703 ἐσκοτισμένοι
3250 2634 3358 2687 είσί

1792 2722 1856 2789 τῇ
1888 2720 2114 2790 διανοίᾳ.
2142 2718 2359 2773 Πολλῶν
2385 2718 2652 2786 δειμάτων
2686 2716 2870 2777 αὐτοῖς
2900 2717 2933 2787 ἡ
2963 2716 3109 2787 ψυχὴ
3146 2716 3318 2787 μεστή
3341 2756 3353 2768 .

1792 2798 1923 2869 οἷον,
1954 2803 2011 2856 '0
2038 2803 2188 2855 δεῖνά
2206 2820 2295 2872 μοι
2327 2801 2539 2873 πρῶτος
2571 2800 2812 2869 ἐνέτυχε,
2840 2800 3233 2870 φησὶν,ἐξιόντι
3257 2798 3358 2868 τῆς

1793 2887 1968 2949 οἰκίας
1992 2902 2003 2914 ·
2037 2886 2253 2947 πάντως
2285 2885 2453 2956 μυρία
2498 2884 2579 2936 δεῖ
2625 2885 2770 2935 κακά
2805 2885 3127 2953 συμπεσεῖν.
3172 2882 3284 2935 Νῦν
3330 2885 3363 2935 6

1791 2968 2008 3039 οἰκέτης
2057 2971 2085 3021 6
2134 2968 2327 3038 9.10196;
2376 2966 2444 3021 τὰ
2487 2966 2810 3037 ὑποδήματα
2857 2966 3150 3028 ἐπιδιδοὺς,
3205 2965 3351 3033 πρῶ-

1793 3069 1882 3104 τον
1938 3051 2105 3124 ὤρεξε
2167 3053 2228 3104 τὸ
2283 3050 2606 3122 ἀριστερόν·
2666 3049 2945 3120 συμφοραὶ
3000 3049 3201 3113 δειναὶ,
3263 3047 3358 3101 x01

1795 3134 1996 3206 ῦδρεις.
2024 3134 2162 3204 Ἐγὼ
2175 3136 2333 3199 αὐτὸς
2352 3133 2531 3199 ἐξιὼν,
2550 3133 2628 3204 τῷ
2647 3132 2921 3204 ἀριστερῷ
2936 3132 3183 3205 προτέρῳ
3200 3131 3359 3203 προῦ-

1794 3219 1895 3289 6ην
1924 3218 2078 3271 ποδί·
2110 3218 2387 3271 καὶτοῦτο
2425 3216 2719 3288 συμφορῶν
2755 3218 3000 3285 σημεῖον.
3042 3217 3150 3269 Καὶ
3184 3213 3359 3268 ταῦτα

1798 3303 1895 3372 μὲν
1933 3303 2060 3371 περὶ
2089 3303 2188 3370 τὴν
2234 3302 2410 3354 οίκίαν
2440 3301 2509 3353 τά
2549 3299 2696 3353 κακά
2723 3316 2735 3328 ·
2783 3298 2888 3364 ἔξω
2928 3298 2984 3351 δὲ
3033 3297 3300 3364 ἐξελθόντι
3329 3300 3359 3351 ὁ

1793 3385 2085 3457 ὀφθαλμός.
2098 3402 2194 3454 μοι
2228 3387 2256 3438 6
2292 3383 2461 3447 δεξιὸς
2501 3381 2744 3436 κάτωθεν
2778 3380 3027 3451 ἀναπηδᾷ
3048 3398 3065 3413 ο
3106 3380 3356 3452 δακρύων

1794 3468 1951 3523 τοῦτο
1995 3469 2310 3539 τεκμήριον.
2340 3467 2450 3520 Καὶ
2483 3467 2537 3518 αί
2572 3466 2830 3532 γυναῖκες
2858 3464 2940 3526 δὲ,
2965 3465 3091 3517 ὃταν
3118 3464 3196 3535 τῷ
3212 3464 3354 3518 ίστό-

1795 3551 1915 3604 ποδι
1952 3551 2457 3622 προσαρασσόμενοι
2485 3548 2749 3619 κροτῶσιν
2792 3547 2841 3599 οί
2874 3545 3127 3615 κάλαμοι,
3164 3547 3197 3616 ἢ
3227 3546 3356 3599 ὅταν

1796 3634 1957 3688 αὑταὶ
1984 3634 2061 3704 τῷ
2088 3634 2236 3686 κτενὶ
2259 3632 2527 3692 σπαθῶσι,
2567 3632 2789 3701 σημεῖον
2827 3630 2920 3684 καὶ
2953 3628 3108 3682 τοῦτο
3140 3630 3355 3683 ποιοῦν-

1794 3734 1903 3770 ται.
1938 3718 2106 3770 Πάλιν
2129 3718 2256 3769 ὅταν
2297 3716 2395 3785 τὴν
2425 3716 2628 3786 κρόκην
2658 3714 2736 3785 τῷ
2767 3714 2912 3767 κτενί
2955 3713 3358 3784 κατακρούωσι,

1797 3798 1892 3852 καὶ
1930 3798 2277 3871 σφοδρότερον
2322 3797 2478 3851 τοῦτο
2516 3797 2876 3867 ἐργάζωνται,
2909 3789 3029 3849 εἶτα
3062 3796 3113 3848 οί
3148 3794 3373 3848 ἄνωθεν·

1798 3882 2030 3952 κάλαμοι
2074 3881 2178 3934 ὑπὸ
2217 3882 2314 3952 τῆς
2356 3881 2569 3934 ὲντόνου
2618 3880 2832 3950 πληγῆς
2897 3877 3132 3950 κροτῶσι
3189 3895 3357 3949 προσ-

1796 3966 2154 4037 αρασσόμενοι
2185 3964 2263 4034 τῷ
2297 3962 2552 4027 ίστόποδι,
2597 3965 2821 4033 σημεῖον
2850 3959 3123 4015 καὶτοῦτο
3146 3960 3362 4015 ποιοῦνη

1796 4063 1917 4100 ταιο
1946 4048 2037 4099 καὶ
2072 4048 2239 4117 μυρία
2281 4047 2444 4117 ἐτερα
2477 4046 2709 4114 γέλωτος
2737 4044 2884 4110 ἄξια.
2913 4044 3033 4098 Κᾶν
3066 4042 3186 4108 ὄνος
3228 4045 3357 4097 ἀνα-

1797 4130 1993 4202 κράξη,
2033 4130 2133 4184 κᾶν
2164 4129 2493 4201 ἀλεκτρυὼν,
2530 4128 2632 4182 κᾶν
2672 4128 2854 4199 πτάρῃ
2900 4145 3002 4191 τις,
3038 4126 3140 4181 κᾶν
3179 4126 3357 4180 ὁτιοῦν

1797 4214 2000 4285 συμῦῇ,
2049 4214 2297 4285 καθάπερ
2331 4212 2546 4284 μυρίοις
2594 4212 2868 4281 δεδεμένοι
2898 4211 3135 4281 δεσμοῖς,
3174 4211 3310 4281 ὅπερ
3326 4210 3367 4254 ά»

1795 4298 1951 4368 ἔφην,
1992 4298 2242 4368 καθάπερ
2283 4299 2341 4349 ἐν
2396 4295 2569 4366 σκότῳ
2600 4296 2973 4365 κατεχόμενοι,
3022 4294 3198 4346 πάντα
3233 4295 3357 4345 ὐπο-

1794 4381 2071 4444 πτεύουσι,
2096 4382 2188 4433 καὶ
2214 4380 2420 4449 μυρίων
2438 4380 2573 4431 είσὶν
2593 4378 2935 4447 ἀνδραπόδων
2960 4374 3352 4446 δουλικώτεροι.

1809 4464 1967 4518 Ἀλλά
2019 4465 2093 4534 μὴ
2126 4466 2221 4516 καὶ
2268 4464 2429 4533 ἡμεῖς
2452 4479 2465 4492 ·
2503 4460 2640 4513 ἀλλά
2672 4460 2890 4513 πάντων
2935 4459 3139 4512 τούτων
3184 4475 3353 4512 κατα-

1797 4547 2139 4615 γελάσαντες,
2159 4546 2253 4599 ἆτε
2273 4548 2330 4598 ἐν
2352 4543 2490 4613 φωτὶ
2518 4542 2736 4607 ζῶντες,
2769 4542 2863 4595 καὶ
2889 4544 2948 4594 ἐν
2974 4540 3185 4611 οὐρανῷ
3208 4541 3356 4594 πολι-

1797 4631 2093 4699 τευόμενοι,
2120 4628 2370 4699 καὶπρὸς
2396 4628 2494 4698 τὴν
2524 4627 2627 4696 γῆν
2651 4626 2802 4679 οὐδὲν
2831 4625 3043 4694 ἔχοντες
3076 4624 3271 4688 κοινὸν,
3296 4625 3355 4676 ἓν

1799 4713 1957 4783 μόνον
1981 4712 2242 4782 ἡγώμεθα
2274 4706 2411 4764 εἶναι
2454 4709 2683 4781 φοϐερὸν
2711 4709 2809 4779 τὴν
2836 4706 3130 4779 ἁμαρτίαν,
3160 4708 3255 4760 καὶ
3294 4711 3365 4761 :61

1796 4793 2159 4867 προσκροῦσαι
2185 4794 2320 4863 Θεῷ.
2339 4791 2538 4846 Τούτου
2559 4792 2615 4844 δὲ
2634 4793 2733 4846 οὐκ
2758 4791 2928 4856 ὄντος,
2950 4790 3164 4845 πάντων
3187 4807 3355 4843 κατα·

1794 4878 2110 4948 γελάσωμεν
2140 4878 2246 4930 τῶν
2279 4877 2473 4939 ἄλλων,
2509 4876 2604 4929 καὶ
2636 4874 2728 4927 τοῦ
2751 4873 2924 4928 ταῦτα
2957 4873 3355 4942 εἰσενεγκόντος

1795 4961 2060 5016 διασόλου.
2102 4960 2274 5030 ’Υπὲρ
2307 4960 2371 5030 δὴ
2402 4958 2607 5012 τούτων
2646 4956 3053 5027 εύχαριστῶμεν
3086 4956 3163 5025 τῷ
3194 4957 3313 5028 Θεῷ
3335 4972 3349 4987 ⁸

1797 5044 2203 5113 σπουδάσωμεν,
2232 5043 2498 5112 μηδέποτε
2524 5043 2657 5113 μήτε
2681 5041 2834 5093 αὐτοὶ
2862 5042 3037 5113 ταύτῃ
3057 5039 3254 5093 ἁλῶναι
3283 5043 3349 5111 τῇ

1794 5127 2026 5199 δουλείᾳ,
2071 5127 2164 5179 καὶ
2193 5127 2245 5179 εί
2269 5142 2352 5188 τις
2386 5126 2516 5194 ἡμῖν
2544 5124 2651 5177 τῶν
2676 5123 2843 5191 φίλων
2872 5122 3099 5181 ἑάλωκε.
3126 5122 3350 5193 διαρρή-

1796 5209 1973 5280 ξωμεν
2010 5208 2172 5262 αὐτοῦ
2219 5208 2289 5262 τά
2319 5207 2512 5277 δεσμὰ,
2555 5205 2910 5276 ἀποδύσωμεν
2945 5206 3105 5259 αὐτὸν
3131 5207 3230 5277 τῆς
3260 5222 3352 5275 χα-

1793 5294 2110 5363 λεπωτάτης
2147 5293 2239 5345 καὶ
2276 5290 2681 5360 καταγελάστου
2726 5289 2930 5359 ταύτης
2963 5290 3206 5360 εἱρκτῆς,
3255 5287 3347 5340 εῦ-

1794 5378 1950 5431 λυτον
1982 5376 2142 5430 αὐτὸν
2165 5373 2525 5445 ἐργασώμεθά
2550 5373 2685 5444 πρὸς
2708 5373 2799 5425 τὸν
2822 5372 3017 5442 δρόμον
3040 5372 3116 5425 τὼ
3154 5373 3232 5434 είς
3255 5370 3347 5423 τὸν

1792 5458 2036 5529 οὐρανὸν,
2083 5458 2153 5511 τά
2196 5457 2369 5529 πτερά
2431 5456 2736 5527 βαρούμενα
2784 5454 3197 5524 ἀνορθώσωμεν,
3252 5454 3347 5507 καὶ

1794 5542 1911 5613 βίου
1935 5543 2026 5595 καὶ
2043 5541 2309 5611 δόγματος
2329 5539 2512 5593 ἕνεκεν
2532 5538 2873 5608 διδάσκωμεν
2889 5537 3209 5607 φιλοσοφεῖν.
3240 5535 3345 5589 Εὐ-

1855 5732 1878 5760 ⁶
1907 5728 2053 5790 Marg.
2077 5728 2249 5788 Savil.,
2273 5728 2443 5777 οὐδένα
2472 5727 2575 5788 λογ.

1857 5790 1884 5830 d
1918 5787 2107 5853 Legem
2132 5787 2269 5852 jubet
2291 5791 2518 5848 Dunwus,
2543 5789 2621 5836 καὶ
2644 5787 2773 5849 ὅπερ.
