3960 6526
234 331 307 386 93
1151 326 1217 382 IN
1256 325 1470 382 EPIST.
1512 326 1605 383 AD
1645 325 1805 381 EPlli

1921 325 2074 383 CAP.
2115 329 2204 385 ιν.
2244 329 2470 388 HGMIL.
2512 333 2661 391 Xlllt‘
3025 336 3039 350 ⁸
3413 348 3479 401 9t

234 445 508 501 merabilia
554 444 710 514 digna
739 458 856 515 qua:
903 441 1195 497 rideantur.
1243 442 1382 496 Etsi
1414 442 1599 495 asinus
1633 440 1805 494 excla-

233 514 483 601 tnaverit,
510 545 565 591 et
593 536 635 588 si
663 514 852 605 gallus.
882 543 934 587 et
961 535 1004 588 si
1032 533 1153 603 quis
1180 532 1526 593 sternutavit,
1550 542 1603 585 et
1634 531 1805 599 quod-

232 630 316 683 vis
346 627 521 693 aliud,
552 637 819 696 tamquam
859 626 1037 681 decies
1080 624 1222 679 mille
1251 625 1409 678 vincti
1446 624 1703 686 vinculis,
1751 632 1807 677 ut

232 721 342 774 dixi
369 761 386 786 ,
417 731 681 789 tamquam
707 719 796 788 qui
827 726 1105 772 teneantur
1133 717 1183 770 in
1222 716 1472 779 tenebris,
1504 716 1680 769 omnia
1712 714 1805 767 ha-

231 816 362 867 bent
387 821 655 881 suspecta,
687 820 742 865 et
760 818 885 864 sunt
912 810 1080 879 magis
1106 809 1326 864 serviles
1351 823 1510 879 quam
1534 808 1805 861 innumera

233 902 525 970 mancipia.
554 900 660 956 Sed
702 915 771 955 ne
808 914 907 954 nos
933 913 1144 970 quoque
1182 899 1256 953 ita
1284 912 1500 969 agamus
1519 939 1535 963 ,
1562 896 1656 952 sed
1684 912 1804 951 cum

230 996 349 1049 lucc
378 996 556 1049 omnia
583 994 925 1060 irriserimus,
956 1002 1015 1048 ut
1035 994 1125 1064 qui
1154 994 1394 1048 vivamus
1422 992 1475 1046 in
1503 992 1643 1057 luce,
1670 1002 1725 1046 et
1754 993 1808 1045 in

230 1090 368 1142 caelo
394 1101 690 1153 versemur,
717 1097 772 1141 et
796 1100 915 1141 cum
940 1095 1079 1140 terra
1110 1084 1237 1139 nihil
1266 1084 1550 1138 habeamus
1570 1097 1808 1137 commu-

232 1196 307 1233 ne
326 1222 341 1239 ,
376 1193 538 1232 unum
565 1177 930 1232 existimemus
951 1191 1069 1231 esse
1098 1175 1332 1231 terribile
1354 1216 1371 1241 ,
1399 1189 1591 1242 nempe
1618 1188 1807 1243 pecca-

230 1280 347 1323 tum
374 1279 429 1323 et
455 1270 620 1323 Deum
645 1268 937 1323 oﬂendere.
969 1267 1120 1335 Quod
1148 1267 1194 1322 si
1225 1267 1327 1321 hoc
1356 1282 1459 1320 non
1486 1266 1585 1330 sit,
1616 1265 1806 1320 omnia

230 1364 338 1416 alia
366 1362 684 1417 irrideamus
704 1402 719 1427 ,
746 1370 802 1415 et
822 1360 1092 1416 diabolum
1121 1359 1207 1429 qui
1239 1359 1352 1413 haec
1382 1357 1577 1411 intulit.
1601 1355 1702 1410 Pro
1726 1356 1809 1410 his

232 1456 349 1509 Deo
377 1470 594 1524 agamus
631 1455 856 1524 gratias;
889 1452 1119 1507 studium
1164 1466 1424 1523 ponamus
1462 1466 1529 1505 ne
1560 1463 1807 1517 umquam

233 1549 327 1603 tali
361 1549 634 1616 capiamur
668 1547 959 1623 servitute;
987 1554 1042 1601 et
1082 1544 1126 1599 si
1154 1544 1274 1615 quis
1302 1559 1366 1599 ex
1395 1541 1582 1597 amicis
1610 1539 1808 1595 nostris

1913 454 2097 512 captus
2136 445 2323 511 fuerit,
2358 450 2566 506 vincula
2593 452 2712 522 ejus
2739 455 3124 526 perfringamus
3145 500 3161 526 ,
3196 462 3480 524 liberemus

1912 549 2034 588 eum
2061 536 2128 590 ab
2148 536 2256 592 hoc.
2269 542 2582 608 gravissimo
2603 554 2656 599 et
2681 547 2904 604 ridiculo
2928 566 3165 614 carcere.
3197 556 3480 614 reddamus

1911 639 2031 679 eum
2052 628 2356 696 espeditum
2378 632 2444 686 ad
2469 637 2789 692 currendum
2818 641 2871 694 in
2896 644 3102 708 ca-lum,
3137 661 3334 715 pennas
3358 665 3481 720 gra~

1911 724 2061 770 vatas
2105 718 2371 787 erigamus
2401 740 2415 776 :
2446 736 2665 794 prepter
2692 731 2854 785 vitam
2896 744 2949 788 et
2976 735 3162 805 dogma
3196 718 3483 799 doceamus

1912 807 2292 879 philosophari.
2322 814 2430 870 Deo
2453 819 2648 887 gratias
2664 835 2883 892 agamus
2903 842 2999 894 pro
3022 831 3288 897 omnibus,
3323 848 3476 904 roge-

1911 915 2028 955 mus
2065 917 2223 967 eum,
2267 921 2334 962 ne
2375 923 2474 965 nos
2512 925 2865 982 appareamus
2910 918 3107 990 indigni
3145 923 3288 979 dono
3326 926 3481 983 nobis

1911 991 2034 1046 dato
2063 1010 2077 1046 :
2117 1004 2172 1049 et
2200 997 2299 1067 ipsi
2328 1014 2452 1055 cum
2481 1001 2564 1058 bis
2590 1015 2771 1061 nostra
2811 1010 3119 1069 Studeamus
3156 1015 3346 1072 all'erre
3366 1058 3381 1081 ,
3424 1018 3481 1074 ut

1910 1082 2196 1143 doceamus
2222 1104 2326 1144 non
2370 1093 2541 1148 solum
2569 1095 2843 1166 dicentes,
2883 1102 2979 1157 sed
3016 1104 3175 1159 etiam
3206 1108 3480 1165 facientes.

1910 1172 1987 1229 Ita
2013 1177 2157 1232 enim
2184 1182 2477 1248 poterimus
2500 1190 2711 1258 assequi
2732 1190 2870 1246 bona
2894 1193 3300 1253 innumerabilia
3328 1218 3483 1271 :qu:e

1910 1263 2065 1337 detur
2090 1270 2243 1326 nobis
2270 1275 2517 1330 omnibus
2543 1282 2795 1351 consequi
2820 1325 2835 1349 ,
2881 1299 2977 1353 per
3000 1288 3224 1355 gratiam
3250 1300 3306 1345 et
3332 1263 3484 1347 beni-

1911 1356 2164 1425 gnitatem
2191 1361 2399 1420 Domini
2438 1371 2605 1424 nostri
2632 1371 2760 1428 Jesu
2797 1373 3023 1443 Christi,
3054 1381 3139 1433 cui
3178 1395 3299 1436 cum
3326 1383 3483 1440 Patro

1910 1458 1965 1504 et
2009 1450 2206 1521 Spiritu
2243 1468 2431 1515 sancto
2466 1462 2653 1533 gloria,
2696 1466 2998 1538 imperium,
3043 1472 3233 1542 honor,
3264 1492 3404 1533 nunc
3428 1487 3484 1533 et

1918 1555 2153 1612 semper,
2185 1556 2241 1602 et
2267 1550 2319 1604 in
2348 1554 2542 1609 saecula
2568 1559 2905 1615 saeculorum.
2937 1563 3130 1620 Amen.

254 1658 3019 1697 '-''--—-———'-'————'————__—_——-——~"—‘h——_—_._._—~

1614 1708 1959 1781 HOMILIA
2003 1721 2176 1787 Xlll.

235 1874 369 1929 Car.
398 1876 451 1929 4.
479 1888 529 1926 v.
561 1873 648 1928 ΓΙ.
685 1871 795 1925 Hoc
824 1873 977 1942 igitur
1003 1872 1116 1925 dico
1142 1881 1189 1926 ct
1215 1871 1451 1938 testiﬁcor
1484 1883 1539 1920 in
1563 1865 1807 1933 Domino,

308 1976 365 2019 ut
380 1966 493 2036 jam
521 1980 623 2017 non
650 1964 915 2017 ambuletis
935 2004 949 2027 ,
999 1964 1126 2017 sicut
1166 1972 1212 2016 et
1253 1971 1422 2031 gentes
1452 1960 1713 2015 ambulant
1755 1962 1805 2011 in

304 2060 530 2112 uanitate
553 2074 735 2113 sensus
753 2059 853 2121 sui,
884 2058 967 2111 l8.
998 2056 1208 2110 tenebris
1229 2056 1551 2110 obscuratum
1572 2054 1806 2106 habentes

303 2150 636 2215 intellectum,
669 2150 877 2203 alienati
901 2165 931 2201 a
954 2150 1057 2201 vita
1080 2146 1172 2200 Dei
1201 2160 1289 2216 per
1315 2145 1673 2215 ignorantiam.
1696 2158 1808 2215 qua?

305 2252 380 2296 est
408 2243 463 2295 in
484 2243 585 2296 illis
618 2252 821 2312 propter
848 2242 1117 2295 ctccitatein
1141 2240 1307 2293 cordis
1327 2240 1574 2308 ipsorum,
1606 2236 1691 2290 19.
1721 2238 1813 2304 qui

305 2333 631 2402 desperantes
680 2333 970 2402 semetipsos
1015 2331 1330 2385 tradiderunt
1378 2328 1707 2398 impudicitia:
1754 2328 1806 2381 in

305 2426 647 2493 operationem
674 2424 1007 2478 immunditiae
1033 2424 1272 2477 omnis‘in
1294 2422 1525 2476 avaritia.

302 2519 355 2571 1.
399 2517 526 2571 llaec
552 2518 689 2572 dicta
724 2526 847 2571 sunt
876 2533 978 2571 non
1009 2517 1180 2571 solum
1200 2515 1496 2586 Ephesiis;
1538 2516 1631 2570 sed
1655 2515 1806 2569 vobis

223 2626 444 2679 quoque
486 2625 625 2664 nunc
652 2610 938 2676 dicuntur,
967 2618 1021 2664 et
1050 2624 1157 2664 non
1185 2624 1215 2662 a
1244 2609 1400 2663 nobis
1424 2650 1438 2676 ,
1470 2611 1563 2663 sed
1590 2609 1747 2663 etiam
1775 2623 1806 2663 a

223 2702 426 2767 Paulo,
470 2703 579 2756 imo
618 2717 718 2757 nec
746 2717 775 2756 a
805 2703 957 2757 nobis
978 2744 995 2768 ,
1044 2717 1141 2757 nec
1171 2717 1197 2754 a
1226 2682 1428 2764 Paulo‘,
1460 2699 1553 2755 sed
1582 2716 1611 2755 a
1637 2701 1805 2770 gratia

220 2794 480 2863 Spiritus.
507 2796 799 2865 Tamquam
818 2810 945 2866 ergo
968 2797 1083 2863 ipso
1105 2795 1219 2849 haec
1239 2795 1447 2849 dicente
1472 2808 1571 2848 nos
1597 2801 1807 2864 oportet

219 2887 390 2940 aflici.
425 2886 561 2940 Audi
608 2894 784 2940 autem
824 2887 947 2956 quid
977 2887 1158 2942 dicat:
1184 2887 1296 2941 Hoc
1333 2886 1489 2957 igitur
1513 2887 1625 2941 dico
1651 2896 1698 2941 et
1727 2897 1804 2941 te-

219 2982 424 3049 stiﬁcor
450 2983 503 3034 in
534 2980 786 3049 Domino,
818 2991 873 3035 ut
898 2984 1010 3051 jam
1044 2999 1145 3035 non
1172 2982 1435 3036 ambuletis
1461 2982 1586 3034 sicut
1614 2991 1807 3035 caetera:

166 3058 167 3061 η
219 3084 400 3143 gentes
424 3074 684 3129 ambulant
711 3076 762 3128 in
791 3076 1008 3128 vanitate
1036 3092 1210 3129 sensus
1231 3076 1312 3128 sui
1335 3117 1350 3141 ,
1385 3075 1597 3129 tenebris
1620 3076 1805 3129 obscu-

218 3177 395 3219 ratum
420 3168 654 3222 habentes
680 3169 1004 3235 intellectum,
1033 3169 1239 3222 alienati
1255 3186 1285 3221 a
1308 3169 1407 3221 vita
1435 3168 1529 3222 Dei
1549 3185 1638 3239 per
1662 3169 1806 3239 igno-

218 3260 468 3323 rantiam,
494 3275 610 3330 qutz
634 3270 707 3313 est
727 3261 779 3314 in
799 3262 923 3331 ipsis
949 3272 1153 3331 prapter
1175 3262 1449 3315 ctecitatem
1474 3261 1642 3316 cordis
1667 3261 1805 3330 ipso-

218 3367 364 3403 rum.
402 3350 457 3405 Si
484 3360 568 3405 est
593 3367 722 3421 ergo
752 3353 1048 3420 ignorantia
1077 3394 1091 3416 ,
1122 3354 1165 3407 si
1198 3354 1485 3407 excmcatio
1505 3393 1520 3416 ,
1567 3368 1664 3407 cur
1692 3352 1802 3407 cri-

218 3442 496 3496 minaris?
528 3458 651 3497 nam
682 3458 804 3497 cum
835 3445 924 3514 qui
959 3445 1205 3514 ignorat,
1241 3460 1344 3499 non
1392 3444 1531 3499 male
1564 3444 1670 3514 pati
1703 3457 1802 3498 nec

217 3534 709 3604 accusari‘mquum
737 3544 852 3601 est,
902 3535 997 3590 sed
1025 3535 1231 3590 discere
1261 3552 1380 3606 qua:
1422 3537 1653 3607 ignorat.
1695 3537 1802 3591 Sed

219 3622 348 3678 vide
379 3625 654 3693 quomodo
682 3640 776 3680 eos
816 3627 993 3681 statim
1038 3627 1269 3681 excludit
1308 3644 1339 3682 a
1368 3630 1540 3683 venia.
1585 3629 1683 3695 Qui
1717 3628 1805 3682 de-

220 3728 489 3785 sperantes
516 3720 805 3790 semetipsos
846 3720 1157 3774 tradiderunt
1188 3722 1515 3788 impudicitia:
1541 3724 1594 3775 in
1621 3740 1803 3792 opera-

222 3814 417 3863 tionem
461 3811 790 3866 immunditia:
813 3813 975 3866 onmis
1002 3814 1054 3867 in
1096 3815 1326 3867 avaritia.
1370 3814 1459 3870 ‘20.
1512 3814 1612 3869 Vos
1636 3829 1803 3869 autem

220 3919 329 3955 non
354 3902 427 3954 ita
454 3902 702 3956 didicistis
726 3902 999 3957 Christum.
1044 3904 1142 3959 Hic
1170 3907 1402 3960 ostendit
1428 3922 1612 3961 eorum
1644 3908 1800 3962 vitam

222 3992 395 4046 fuisse
421 4007 637 4046 causam
667 3994 1041 4049 excmcatiouis
1075 4013 1087 4049 :
1122 3997 1229 4049 vita
1260 4009 1435 4052 autem
1466 4009 1582 4053 orta
1629 4010 1710 4054 est
1736 4018 1803 4055 ex

222 4100 415 4139 eorum
446 4086 691 4140 socordia
730 4097 786 4141 et
828 4087 1136 4141 indolentia.
1183 4088 1284 4154 Qui
1308 4106 1461 4157 cum,
1510 4092 1712 4161 inquit,
1742 4093 1805 4146 de

223 4193 281 4229 se
307 4180 655 4246 desperassent
678 4189 727 4232 et
756 4180 981 4232 animum
1025 4180 1444 4250 despondissent,
1476 4183 1666 4253 seipsos
1695 4194 1804 4237 tra-

226 4269 494 4321 diderunt.
535 4269 758 4337 Quando
801 4286 929 4341 ergo
974 4272 1125 4325 audis
1149 4313 1165 4336 ,
1207 4272 1373 4326 Deum
1401 4288 1495 4327 eos
1526 4274 1805 4330 tradidisse

230 4361 288 4413 in
320 4360 603 4431 reprobum
626 4377 842 4417 sensum
872 4362 1064 4433 (Rom.
1097 4365 1147 4418 1.
1173 4363 1264 4434 25)
1293 4406 1308 4430 ,
1341 4365 1623 4421 recordare
1650 4366 1806 4437 hujus

233 4453 391 4506 verbi
420 4454 557 4523 quod
583 4456 790 4527 seipsos
823 4456 1172 4512 tradiderunt.
1207 4456 1261 4511 Si
1290 4458 1432 4513 enim
1460 4462 1665 4528 seipsos
1692 4469 1803 4515 tra-

237 4543 526 4609 diderunt,
574 4548 839 4617 quomodo
872 4549 1011 4603 Deus
1060 4548 1318 4603 tradidit?
1358 4548 1403 4603 si
1446 4559 1622 4604 autem
1668 4552 1806 4605 Deus

230 4654 334 4693 eos
380 4638 628 4707 tradidit,
673 4640 941 4710 quomodo
982 4642 1186 4710 seipsos
1230 4639 1598 4695 tradiderunt?
1647 4642 1806 4698 Vides

226 4746 354 4785 eam
386 4748 505 4799 quae
536 4748 656 4787 esse
682 4732 892 4787 videtur
916 4732 1316 4802 repugnantiam
1340 4733 1364 4786 ?
1396 4732 1625 4787 Tradidit
1651 4750 1799 4806 ergo,

222 4824 377 4879 idem
407 4834 491 4879 est
515 4824 656 4894 quod
687 4825 926 4893 permisit
949 4865 964 4887 ,
997 4824 1076 4877 vel
1106 4824 1392 4879 concessit.
1435 4823 1596 4881 Vides
1625 4827 1765 4897 quod
1786 4870 1803 4894 ,

222 4917 323 4972 ubi
353 4933 461 4972 non
489 4929 573 4971 est
601 4919 704 4970 vita
736 4933 864 4986 pura
893 4958 908 4982 ,
942 4917 1010 4972 ibi
1043 4918 1222 4971 talium
1258 4934 1470 4989 quoque
1496 4920 1805 4990 dogmatum

218 5018 312 5063 est
344 5010 756 5079 argumentum?
788 5009 966 5062 Omnis
989 5049 1003 5074 ,
1036 5008 1241 5077 inquit,
1269 5012 1354 5081 qui
1379 5010 1511 5065 male
1533 5013 1660 5083 agit,
1700 5014 1809 5068 adit

220 5104 417 5165 lucem,
448 5109 496 5153 et
521 5117 622 5154 non
649 5103 779 5155 venit
806 5101 875 5154 ad
900 5102 1058 5155 lucem
1087 5101 1263 5174 (Joan.
1298 5105 1349 5159 5.
1382 5103 1498 5175 20).
1531 5104 1808 5171 Quomodo

218 5195 375 5249 enim
410 5204 590 5263 posset
617 5194 907 5264 flagitiosus
949 5204 1003 5249 et
1031 5194 1269 5264 impurus
1292 5238 1307 5260 ,
1351 5207 1405 5251 et
1441 5196 1532 5266 qui
1571 5197 1809 5253 omnium

219 5285 522 5338 mulierum
554 5284 871 5354 corporibus
899 5288 1068 5358 magis
1095 5287 1353 5356 polluitttr
1379 5298 1432 5343 et
1458 5290 1766 5360 inquinatur
1790 5332 1808 5359 ,

217 5391 398 5445 quam
424 5376 574 5446 porci
602 5377 693 5447 qui
723 5378 776 5431 in
806 5393 963 5434 emno
991 5379 1350 5446 voluntantur,
1387 5390 1442 5436 et
1466 5392 1610 5437 amat
1648 5398 1800 5453 pecu«

218 5470 380 5523 niam
407 5509 422 5533 ,
451 5478 507 5524 et
544 5471 910 5539 temperantitc
941 5486 1004 5526 ac
1033 5472 1311 5528 modestia:
1337 5474 1467 5528 nihil
1506 5479 1688 5531 omnio
1711 5492 1812 5547 ap-

217 5560 405 5628 petit,
440 5559 578 5616 hanc
613 5563 775 5615 vitam
805 5563 1123 5632 suscipere?
1156 5565 1299 5620 Ilauc
1324 5608 1339 5631 ,
1368 5566 1537 5637 inquit
1563 5611 1579 5634 ,
1608 5579 1811 5625 statue-

215 5660 360 5707 runt
387 5652 776 5720 operationem.
800 5653 929 5708 inde
950 5665 1033 5708 est
1059 5658 1371 5723 excmcalio,
1396 5659 1517 5715 inde
1541 5670 1623 5716 est
1641 5662 1815 5732 caligo

218 5743 453 5801 mentis.
498 5744 727 5803 Possunt
767 5761 884 5802 esse
930 5748 1161 5803 teucbra:
1207 5749 1415 5806 etiamsi
1459 5753 1545 5808 lux
1595 5754 1807 5822 luceat,

1914 1870 2125 1936 quando
2153 1873 2401 1933 imbecilli
2428 1894 2552 1938 sunt
2593 1888 2729 1943 oculi
2761 1906 2778 1945 :
2810 1892 2944 1949 ﬁunt
2970 1905 3150 1952 autem
3180 1900 3430 1961 imbecilli
3460 1946 3476 1969 .

1911 1969 1997 2050 aut
2046 1964 2304 2020 malorum
2336 1969 2617 2031 humorum
2659 1978 2893 2050 afﬂuxu,
2938 1996 3027 2040 aut
3070 1986 3242 2046 ﬂuxus
3281 1993 3476 2049 redun-

1911 2044 2111 2107 dantia.
2146 2055 2220 2109 lta
2252 2060 2337 2114 hic
2364 2078 2576 2134 quoque
2606 2086 2620 2122 :
2653 2044 3092 2139 quando'multus
3122 2080 3351 2151 impetus
3388 2102 3478 2141 re-

1912 2148 2060 2211 rum,
2105 2164 2223 2215 quae
2271 2152 2337 2207 ad
2385 2155 2522 2212 hanc
2552 2160 2713 2216 vitam
2740 2167 3041 2233 pertinent,
3093 2148 3327 2230 obruerit
3357 2193 3479 2247 per-

1911 2238 2171 2307 Spicacem
2197 2248 2389 2302 mentis
2412 2263 2605 2310 nostra:
2625 2256 2953 2331 facultatem,
2968 2280 3032 2321 ea
3045 2277 3126 2323 est
3142 2269 3194 2324 in
3221 2238 3474 2330 tenebris:

1912 2338 1966 2383 et
1996 2331 2130 2387 sicut
2166 2335 2218 2389 iu
2247 2338 2509 2407 profundo
2531 2345 2771 2413 jacentes
2802 2352 2854 2407 in
2882 2369 3020 2426 aqua
3041 2399 3054 2421 ,
3089 2362 3258 2416 solem
3295 2365 3475 2422 videre

1911 2435 2017 2475 non
2056 2428 2414 2498 potuerimus,
2463 2437 2627 2492 multa
2668 2456 2804 2511 aqua
2851 2448 3014 2501 veluti
3062 2453 3289 2520 quodam
3329 2469 3481 2528 septo

1910 2525 2141 2582 superne
2190 2518 2434 2590 imposita
2479 2540 2492 2575 :
2543 2527 2612 2582 ita
2656 2531 2707 2586 in
2756 2538 2951 2593 mentis
2995 2518 3162 2598 oculis
3200 2546 3259 2601 lit
3304 2518 3482 2607 cor-dis

1910 2610 2197 2698 excmcatio
2221 2651 2236 2676 ,
2289 2617 2502 2685 quando
2532 2621 2708 2680 nullus
2754 2628 2913 2683 timor
2939 2632 3170 2690 animam
3218 2645 3477 2698 concutit.

1911 2695 2033 2783 Non
2056 2711 2150 2766 est,
2180 2703 2369 2775 inquit,
2400 2710 2549 2764 timor
2580 2713 2677 2768 Dei
2696 2728 2811 2772 ante
2832 2722 3003 2777 oculos
3029 2726 3165 2794 ejus;
3190 2740 3245 2784 et
3273 2748 3479 2799 rursus,

1912 2787 2054 2843 Dixit
2082 2792 2321 2864 insipiens
2362 2800 2415 2853 in
2443 2805 2595 2859 corde
2621 2822 2734 2869 suo,
2764 2826 2864 2864 non
2893 2824 2965 2867 est
3007 2787 3190 2892 D-eusﬁ(
3218 2787 3476 2883 Psal.l5:

1909 2882 1963 2938 5.
2007 2886 2100 2956 1).
2139 2888 2252 2943 Non
2280 2893 2497 2952 aliunde
2525 2912 2705 2958 autem
2755 2906 2814 2960 fit
2858 2882 3188 2981 excaecatio,‘
3221 2932 3377 2987 quam
3413 2937 3481 2975 ex

1909 2988 2099 3078 sensus
2125 2980 2330 3038 defectu
2365 3004 2377 3039 :
2412 2986 2515 3044 hoc
2539 2994 2683 3048 enim
2730 3010 2938 3056 meatus
2967 3004 3214 3063 obstruit.
3237 2980 3479 3078 Quando

1909 3069 2050 3122 enim
2073 3084 2321 3130 concreta
2336 3077 2567 3138 deﬂuxio
2586 3085 2638 3140 in
2664 3104 2825 3145 unum
2850 3092 3024 3149 locum
3049 3100 3278 3169 cogitur,
3307 3122 3477 3160 mem-

1908 3159 2064 3216 brum
2095 3168 2151 3218 tit
2179 3180 2446 3226 mortuum
2478 3184 2533 3229 et
2557 3191 2718 3234 sensu
2745 3181 3078 3251 destitutum;
3111 3159 3163 3246 et
3190 3194 3301 3251 sive
3330 3212 3479 3253 usse-

1907 3254 1984 3347 ris
2006 3296 2022 3321 ,
2066 3258 2178 3312 sive
2204 3265 2441 3321 secueris
2464 3308 2480 3333 ,
2514 3268 2629 3325 sive
2654 3274 2864 3342 quidvis
2891 3278 3083 3337 feceris
3104 3324 3118 3347 ,
3151 3300 3256 3339 non
3289 3292 3473 3347 sentit.

1908 3341 1982 3448 lla
2032 3348 2190 3448 etiam
2219 3351 2293 3406 illi
2323 3357 2410 3425 qui
2455 3372 2514 3413 se
2560 3341 2728 3418 semel
2774 3366 3037 3425 dederunt
3079 3341 3465 3448 impudicitiae,

1908 3439 2115 3495 etiamsi
2144 3444 2311 3500 instar
2348 3448 2482 3519 ignis
2507 3494 2522 3519 ,
2573 3456 2781 3513 etiamsi
2808 3459 2974 3515 instar
3013 3465 3141 3521 ferri
3180 3472 3474 3528 orationem

1908 3529 1987 3583 eis
2012 3532 2293 3601 applicaris
2312 3579 2326 3601 ,
2369 3540 2503 3594 nihil
2532 3557 2625 3598 eos
2653 3549 2855 3618 tangit,
2908 3552 3039 3608 nihil
3067 3556 3132 3610 ad
3160 3574 3253 3613 eos
3284 3577 3477 3630 perve-

1908 3625 1989 3679 nit
2017 3644 2030 3678 :
2060 3638 2140 3682 est
2178 3631 2319 3685 enim
2352 3634 2504 3701 plane
2531 3648 2799 3696 mortuum
2832 3658 3019 3701 eorum
3050 3625 3389 3719 membrum,
3417 3668 3478 3711 et

1909 3718 2013 3774 nisi
2034 3721 2111 3776 eis
2137 3722 2401 3781 ademeris
2421 3743 2610 3785 sensus
2631 3735 2971 3805 vacuitatem,
3002 3749 3059 3795 ut
3083 3744 3322 3800 membra
3350 3763 3478 3805 sana

1912 3821 2118 3882 tangas,
2148 3813 2344 3870 frustra
2376 3819 2503 3874 facis
2545 3825 2743 3881 omnia.
2775 3826 2841 3881 In
2864 3832 3099 3899 avaritia,
3152 3834 3342 3906 inquit.
3384 3839 3480 3895 llic

1909 3906 2141 3960 maxime
2161 3906 2375 3964 abstulit
2393 3926 2576 3968 eorum
2594 3919 2994 3977 excusationem
3020 3932 3074 3978 et
3094 3923 3477 3989 defensionem.

1911 3995 2128 4052 Licebat
2170 4000 2311 4055 enim
2339 4003 2454 4070 eis,
2502 4006 2547 4060 si
2589 4009 2916 4076 voluissent,
2967 4030 3138 4086 neque
3178 4034 3299 4076 esse
3334 4024 3480 4079 avari

1912 4102 2085 4157 neque
2110 4090 2360 4159 impudici
2393 4110 2567 4167 neque
2592 4101 2762 4154 ventri
2795 4103 3073 4176 indulgere
3096 4148 3111 4172 ,
3141 4120 3196 4164 et
3220 4125 3347 4167 suas
3370 4130 3476 4170 ex-

1911 4181 2058 4249 plere
2089 4184 2408 4252 cupiditates
2453 4190 2637 4259 eisque
2677 4191 2778 4247 frui
2809 4212 2823 4247 :
2855 4178 3047 4253 licebat
3091 4210 3146 4256 et
3194 4206 3433 4272 pecunia:
3460 4248 3477 4271 ,

1916 4274 2107 4326 licebat
2126 4285 2181 4327 et
2200 4277 2487 4347 voluptatis
2514 4294 2567 4336 et
2588 4283 2893 4341 deliciarum
2920 4291 3191 4347 moderate
3212 4312 3331 4353 esse
3356 4314 3480 4368 par-

1912 4365 2101 4436 ticipes
2126 4384 2140 4431 ;
2172 4370 2265 4424 sed
2288 4373 2536 4440 quoniam
2561 4376 2625 4430 iis
2655 4377 3003 4438 immoderate
3032 4385 3110 4439 usi
3132 4399 3275 4456 sunt,
3303 4365 3481 4449 omnia

1910 4473 2285 4529 corruperunt.
2313 4462 2380 4519 In
2404 4469 2743 4536 Operationcm
2772 4474 3137 4546 immunditiis,
3165 4481 3353 4552 inquit.
3385 4485 3480 4540 Vi-

1910 4549 2007 4604 des
2032 4554 2299 4621 quomodo
2325 4570 2419 4611 eos
2444 4558 2616 4628 privat
2646 4563 2795 4615 venia
2822 4604 2837 4628 ,
2866 4564 3052 4623 dicens
3074 4609 3089 4632 ,
3126 4549 3479 4641 Operationem

1911 4642 2244 4700 immunditite
2263 4647 2289 4701 ξ)
2311 4647 2426 4703 Νοη
2455 4664 2617 4717 casu,
2650 4652 2858 4724 inquit,
2889 4657 3018 4728 lapsi
3047 4676 3357 4731 peccarunt;
3382 4669 3477 4723 sed

1915 4737 2091 4804 gravia
2120 4736 2232 4791 haec
2257 4738 2369 4809 ipsa
2392 4740 2629 4797 fecerunt
2651 4784 2667 4810 ,
2699 4755 2754 4801 et
2779 4763 2841 4803 ea
2863 4764 2921 4804 re
2947 4752 3200 4812 meditata
3225 4758 3305 4812 usi
3331 4771 3478 4815 sunt.

1912 4828 1970 4882 In
2000 4832 2145 4884 omni
2173 4831 2529 4888 immunditia.

1983 4920 2316 4979 Immunditia
2334 4927 2456 4996 quid
2474 4929 2558 4982 sit.
2585 4960 2655 4970 --
2679 4930 3014 4992 [inmunditia
3037 4940 3211 4995 omnis
3231 4953 3314 4997 est
3329 4943 3482 4998 adul-

1914 5014 2125 5082 terium,
2160 5020 2432 5084 scortatio,
2468 5022 2753 5091 pzedicatus
2776 5066 2792 5091 ,
2826 5027 3056 5094 invidia,
3090 5033 3265 5088 omnis
3317 5035 3481 5091 libido

1914 5119 1968 5163 et
1997 5109 2422 5180 intemperantia.
2484 5113 2583 5169 Vos
2610 5128 2776 5170 autem
2804 5136 2904 5173 non
2932 5122 3003 5175 ita
3047 5124 3289 5180 didicistis
3335 5128 3482 5180 Chri—

1914 5210 2045 5253 stum
2064 5216 2083 5254 :
2102 5199 2162 5254 Si
2177 5240 2190 5253 .
2221 5202 2266 5255 si
2289 5212 2454 5257 tanten
2470 5205 2614 5259 illum
2629 5208 2861 5275 audistis,
2884 5221 2932 5264 et
2954 5212 3005 5266 in
3029 5215 3139 5283 ipso
3162 5216 3321 5270 cdocti
3340 5221 3477 5284 estis,

1915 5292 2045 5345 sicut
2069 5302 2142 5347 est
2161 5294 2343 5349 veritas
2360 5297 2414 5349 in
2447 5296 2593 5351 Jesu.
2619 5299 2775 5368 illud,
2801 5302 2861 5357 Si
2880 5314 3043 5359 tamen
3072 5308 3218 5361 illum
3243 5311 3475 5378 audistis,

1916 5398 2022 5437 non
2051 5394 2133 5439 est
2159 5384 2468 5453 dubitantis,
2497 5389 2589 5444 sed
2616 5390 2776 5446 etiam
2800 5395 2955 5450 valde
2979 5396 3312 5465 aflirmantis;
3336 5403 3475 5458 sicut

1917 5477 2079 5531 etiam
2124 5476 2252 5534 dicit
2276 5482 2399 5535 alibi
2433 5498 2447 5533 :
2481 5481 2543 5536 Si
2582 5494 2746 5539 tamen
2780 5488 2979 5558 justum
3010 5499 3083 5544 est
3126 5492 3263 5561 apud
3311 5493 3478 5550 Deum

1915 5569 2124 5623 reddere
2147 5572 2521 5627 retributionem
2547 5576 2608 5628 iis
2650 5578 2737 5644 qui
2763 5593 2849 5631 vos
2892 5578 3132 5634 tribulam
3159 5583 3179 5654 (
3204 5581 3255 5636 Ξ..
3299 5584 3475 5641 Thess.

1920 5664 1970 5717 1.
2003 5662 2096 5734 ϐ).
2153 5664 2209 5719 ld
2234 5675 2355 5731 est,
2404 5665 2520 5721 Non
2565 5668 2615 5721 iu
2666 5668 2748 5722 his
2789 5669 3053 5724 Christum
3095 5672 3373 5731 didiciStis.
3416 5679 3480 5734 Si

1920 5765 2082 5810 tamen
2112 5756 2254 5814 illum
2279 5758 2492 5814 audistis
2516 5797 2534 5826 ,
2581 5768 2627 5813 et
2651 5759 2704 5812 in
2728 5760 2836 5828 ipso
2866 5760 3027 5816 edocti
3057 5764 3172 5820 estis
3195 5806 3210 5835 ,
3251 5768 3379 5823 sicut
3406 5782 3480 5825 est
