3974 6500
460 323 530 377 95
944 311 956 321 ’
1183 323 1241 381 S.
1278 322 1552 380 JOANNIS
1589 322 2055 383 CIIRYSOSTOMI
2096 328 2408 391 ARCHIEP.
2441 336 2965 398 CONSTANTINOP.
3550 356 3556 367 ’
3615 355 3683 409 96

451 447 632 501 ueritas
681 444 732 497 in
769 442 967 499 Christo
1005 439 1161 505 Iesu,
1208 439 1299 493 22.
1331 440 1577 508 deponere
1610 456 1695 495 ros
1734 444 2009 496 secundum

451 538 717 609 pristinam
760 532 1179 589 conversationem
1218 540 1425 584 ueterem
1467 531 1738 586 hominem.
1780 533 1891 589 Hoc
1929 544 2013 590 est

450 645 576 700 ergo
590 626 860 683 Christum
890 623 1159 688 didicisse,
1201 632 1346 678 recte
1386 624 1586 678 vivere.
1611 625 1710 690 Qui
1738 625 1880 680 enim
1906 626 2005 680 im-

450 720 617 791 probe
644 719 808 779 vivit,
837 716 996 768 Deum
1035 715 1256 783 ignorat,
1288 725 1341 768 et
1370 716 1437 769 ab
1467 731 1531 770 eo
1554 716 1841 786 ignoratur.
1872 716 2009 771 Audi

449 812 585 865 enim
609 812 775 879 ipsum
798 806 922 860 alibi
949 806 1241 860 dicentem:
1268 805 1428 861 Deum
1450 809 1752 876 conﬁtentur
1771 825 1823 862 se
1841 825 2003 874 nosse,

443 903 592 972 {actis
619 906 799 969 negant
827 907 1013 951 autem.
1046 898 1194 952 Sicut
1236 908 1308 951 est
1347 900 1525 952 ueritas
1565 901 1617 953 in
1644 899 1769 954 Iesu
1793 940 1809 965 ,
1851 901 2009 969 depo-

442 1008 560 1045 nere
589 1006 672 1043 vos
699 987 973 1041 secundant
1013 988 1277 1057 pristinam
1321 991 1740 1043 conversationem
1790 999 2005 1045 ueterem

442 1083 691 1135 hominem
716 1078 852 1148 (Tit.
882 1081 933 1133 i.
965 1077 1072 1147 16).
1102 1079 1213 1132 Hoc
1238 1089 1350 1145 est,
1382 1095 1485 1133 non
1509 1079 1590 1133 his
1615 1081 2005 1138 conditionibus

440 1182 647 1242 pactum
676 1179 996 1224 conventum
1024 1167 1214 1222 fecisti.
1258 1168 1387 1222 Nam
1413 1185 1530 1238 qua:
1565 1181 1689 1224 sunt
1717 1171 1855 1240 apud
1882 1188 1999 1238 nos,

440 1278 544 1316 non
590 1268 717 1313 sunt
739 1258 978 1323 vanitas,
1010 1257 1101 1311 sed
1150 1258 1344 1310 veritas
1374 1274 1387 1311 :
1419 1259 1555 1311 sicut
1594 1258 1840 1328 dogmata
1876 1270 1999 1317 sunt

438 1368 585 1417 vera,
616 1352 688 1405 ita
717 1360 771 1403 et
797 1352 922 1402 vita.
962 1348 1174 1401 Vanitas
1200 1348 1343 1402 enim
1370 1357 1451 1402 est
1480 1361 1750 1417 peccatum
1776 1360 1829 1404 et
1854 1366 2001 1406 men-

437 1444 682 1505 dacium;
731 1441 833 1493 vita
873 1448 1049 1493 autem
1097 1448 1239 1493 recta
1280 1445 1362 1492 est
1401 1439 1598 1493 veritas
1627 1456 1641 1493 :
1672 1439 1829 1495 habet
1857 1443 1999 1498 enim

436 1548 684 1602 magnum
714 1532 871 1585 finem
895 1544 911 1593 ;
937 1527 1341 1597 intemperantia
1386 1543 1513 1583 vero
1540 1530 1591 1582 itt
1621 1528 1748 1586 nihil
1782 1531 1996 1587 desinit.

438 1624 539 1690 Qui
578 1622 915 1689 corrumpitur
941 1661 956 1684 ,
985 1619 1191 1689 inquit,
1236 1619 1509 1674 secundum
1536 1620 1785 1676 desideria
1816 1625 1999 1678 erroris

434 1718 531 1770 sui.
556 1716 705 1770 Sicut
725 1715 840 1782 ejus
863 1712 1180 1783 cupiditates
1199 1720 1254 1767 et
1276 1712 1536 1769 desideria
1560 1726 1996 1786 corrumpuntur,

434 1810 503 1863 ita
533 1809 645 1874 ipse
668 1820 898 1876 quoque.
1246 1874 1251 1877 1

503 1902 559 1955 2.
600 1896 879 1966 Quomodo
901 1911 1030 1966 ergo
1057 1905 1474 1965 corrumpuntur
1498 1897 1615 1965 ejus
1640 1896 1997 1967 cupiditates?

433 1989 601 2046 Morte
626 1991 902 2045 solvuntur
921 1988 1119 2041 omnia.
1152 1987 1285 2041 Audi
1313 1986 1453 2041 enim
1482 1986 1791 2056 pr0pltetam
1819 1988 1999 2042 dicen-

432 2094 537 2137 tem
566 2099 579 2135 :
604 2080 670 2133 In
691 2080 781 2132 illa
801 2079 882 2131 die
902 2078 1129 2149 peribunt
1150 2093 1320 2131 omnes
1345 2077 1668 2147 cogitationes
1691 2079 1800 2149 ejus
1821 2077 1993 2149 (Prol.

431 2174 551 2228 MS.
582 2172 661 2241 4).
704 2169 812 2225 Nec
862 2179 1033 2222 morte
1072 2169 1182 2222 sola
1208 2210 1224 2235 ,
1270 2166 1366 2223 sed
1397 2169 1556 2221 etiam
1599 2169 1781 2222 multis
1831 2170 1991 2224 aliis:

439 2274 498 2316 ut
525 2273 645 2332 puta
674 2302 687 2322 ,
722 2258 1058 2329 pulchritudo
1078 2298 1094 2324 ,
1122 2273 1242 2312 cum
1270 2256 1544 2312 advenerit
1572 2258 1791 2312 morbus
1820 2268 1875 2314 et
1899 2274 1987 2314 se-

430 2364 637 2418 nectus,
667 2352 945 2415 abscedit,
980 2350 1206 2404 moritur
1231 2360 1286 2404 et
1312 2350 1493 2405 interit
1520 2366 1535 2403 :
1567 2350 1729 2404 robur
1754 2351 1995 2419 corporis

430 2462 612 2502 rursus
645 2445 830 2499 iisdem
873 2443 1102 2497 concidit
1135 2461 1147 2496 :
1189 2442 1395 2497 delicia:
1436 2442 1564 2511 ipsae
1608 2459 1713 2497 non
1753 2443 1993 2498 eamdem

428 2540 640 2609 quidem
665 2539 864 2593 habent
885 2538 1203 2608 voluptatem
1234 2537 1285 2591 in
1313 2545 1585 2591 senectute
1615 2553 1628 2591 :
1659 2536 1817 2605 idque
1843 2537 1995 2591 nobis

430 2643 514 2687 est
544 2633 877 2703 perspicuum
906 2647 968 2685 ex
998 2630 1273 2684 Berzellai.
1308 2630 1466 2684 Scitis
1494 2644 1680 2684 omnes
1722 2630 1992 2684 historiam

430 2724 529 2791 (2.
566 2722 693 2794 Reg.
741 2722 867 2793 19).
910 2724 1014 2775 Aut
1056 2721 1251 2789 alioqui
1290 2735 1410 2774 eum
1453 2720 1622 2788 ipsum
1666 2734 1848 2773 rursus
1873 2735 1996 2774 cor-

427 2817 626 2884 rumpit
644 2824 698 2868 et
723 2813 895 2882 perdit
915 2812 1195 2881 cupiditas.
1222 2811 1371 2865 Sicut
1390 2811 1529 2864 enim
1556 2812 1673 2865 lana
1694 2812 1760 2865 ab
1788 2811 1852 2864 iis
1876 2826 1996 2879 per-

427 2908 571 2959 tlitur
591 2921 657 2959 ex
674 2904 867 2974 quibus
884 2904 1140 2969 nascitur,
1167 2902 1236 2955 ita
1259 2902 1416 2955 etiam
1447 2910 1597 2956 vetus
1626 2903 1804 2956 homo.
1832 2904 1996 2958 Antor

426 2998 566 3051 enim
593 2995 774 3065 gloriae
803 2993 1008 3063 perdit,
1052 3002 1107 3047 et
1135 3007 1276 3061 saepe
1306 2991 1534 3060 perdunt
1563 2992 1861 3062 voluptates
1883 3033 1899 3058 ,
1942 3001 1996 3047 et

428 3086 629 3155 decipit
653 3083 935 3154 cupiditas.
963 3081 1078 3136 Non
1106 3092 1185 3136 est
1214 3082 1356 3136 enim
1383 3097 1444 3134 ea
1474 3095 1559 3137 res
1587 3081 1829 3152 voluptas
1850 3125 1865 3147 ,
1900 3081 1994 3137 sed

426 3174 746 3241 amaritudo,
777 3174 1018 3243 deceptio
1045 3215 1059 3238 ,
1091 3172 1378 3236 simulatio,
1407 3181 1461 3226 et
1488 3172 1713 3226 imitatio
1746 3172 1989 3227 scenica:

428 3280 483 3324 et
510 3284 684 3323 rerum
707 3266 917 3338 quidem
942 3265 1102 3320 facies
1130 3274 1212 3320 est
1232 3264 1528 3334 splendida,
1560 3280 1647 3319 res
1667 3274 1842 3320 autem
1867 3266 1993 3336 ipsa:

425 3376 530 3415 non
556 3367 678 3412 sunt
705 3357 845 3411 aliud
871 3372 1027 3425 quam
1061 3356 1229 3425 plena:
1256 3356 1486 3410 miseria:
1513 3365 1568 3409 et
1596 3356 1993 3423 injucunditatis

424 3461 481 3505 et
523 3449 702 3504 multa:
747 3447 1074 3517 paupertatis
1105 3464 1118 3499 :
1151 3457 1202 3500 et
1231 3446 1276 3500 si
1321 3460 1603 3514 personam
1631 3446 1913 3500 abstuleris
1939 3456 1993 3501 et

426 3543 617 3597 faciem
669 3538 1010 3604 ostenderis,
1054 3538 1257 3593 videbis
1305 3537 1691 3606 deceptionem.
1747 3539 1992 3608 Deceptio

427 3636 569 3689 enim
596 3643 675 3688 est
704 3631 914 3702 quando
940 3630 1065 3700 qttid
1093 3630 1160 3683 sit
1188 3645 1291 3682 non
1320 3638 1576 3698 apparet,
1603 3628 1697 3684 sed
1725 3630 1864 3699 quod
1888 3646 1992 3685 non

424 3735 507 3779 est
530 3723 842 3780 ostenditur.
868 3725 938 3776 Ita
968 3722 1095 3775 fiunt
1125 3719 1344 3775 fallacia:
1372 3730 1427 3774 et
1456 3721 1818 3790 paralogismi.
1849 3722 1991 3789 Qua-

428 3829 549 3872 tuor
563 3826 736 3871 autem
755 3816 907 3871 nobis
935 3814 1177 3867 homines
1203 3813 1288 3867 hic
1315 3812 1566 3867 describit
1594 3828 1608 3866 :
1633 3823 1705 3875 et,
1734 3813 1777 3867 si
1796 3813 1990 3883 placet,

428 3914 479 3968 id
521 3913 630 3983 jam
678 3914 1004 3964 demonstro.
1052 3906 1147 3960 llic
1183 3906 1395 3975 quidem
1436 3905 1570 3960 duos
1595 3946 1609 3968 ,
1649 3906 1727 3961 sic
1765 3905 1987 3960 dicens:

428 4005 742 4072 Deponentes
763 4010 971 4053 veterem
995 3998 1265 4059 hominem,
1289 3998 1597 4050 renovamini
1617 3999 1797 4065 spiritu
1819 3998 1992 4052 mentis

426 4105 621 4158 vestras,
651 4104 696 4145 et
721 4091 913 4144 induite
938 4105 1119 4142 novum
1148 4089 1398 4141 hominem
1423 4104 1443 4153 ;
1475 4088 1526 4141 in
1558 4088 1793 4157 Epistola
1816 4100 1990 4142 autem

425 4188 492 4241 ad
523 4188 786 4240 llomanos
814 4183 945 4237 alios
963 4182 1117 4247 duos,
1150 4190 1207 4235 ut
1230 4180 1440 4251 quando
1462 4179 1610 4247 dicit,
1652 4179 1804 4235 Video
1827 4192 1992 4236 autem

426 4279 581 4331 aliam
607 4276 762 4346 legem
791 4276 843 4328 in
872 4274 1102 4327 membris
1140 4273 1262 4326 meis
1292 4280 1647 4341 repugnantem
1693 4270 1789 4342 legi
1817 4274 1993 4327 mentis

424 4386 583 4432 metu,
614 4378 659 4421 et
696 4367 1027 4435 captivantem
1072 4380 1149 4416 me
1189 4364 1243 4416 in
1284 4364 1391 4433 lege
1416 4363 1607 4433 peccati
1635 4405 1649 4426 ,
1685 4380 1798 4433 qnte
1840 4374 1911 4416 est
1937 4364 1989 4417 in

428 4462 655 4517 membris
683 4460 800 4513 meis
822 4461 838 4528 (
863 4458 1011 4511 flant.
1038 4458 1090 4511 7.
1117 4456 1207 4526 25)
1242 4472 1255 4509 :
1286 4465 1340 4509 et
1384 4455 1468 4510 isti
1498 4470 1616 4509 cum
1657 4454 1758 4509 illis
1796 4455 1991 4511 habent

427 4555 834 4625 cognationem;
865 4566 983 4604 cum
1029 4549 1282 4603 interiore
1326 4564 1494 4603 novus
1516 4589 1532 4614 ,
1579 4563 1699 4602 cum
1726 4549 1989 4603 exteriore

428 4657 578 4700 vetus
607 4662 622 4699 :
650 4644 741 4697 sed
767 4653 875 4696 tres
901 4641 1133 4710 corrupti
1164 4650 1308 4694 sunt.
1341 4638 1435 4694 Vel
1466 4641 1638 4709 potius
1663 4640 1821 4694 etiam
1850 4656 1989 4695 nunc

428 4746 554 4791 sunt
580 4744 707 4798 tres,
744 4748 911 4787 novus
938 4742 993 4785 et
1022 4742 1173 4785 vetus
1196 4772 1211 4795 ,
1241 4740 1294 4784 ct
1322 4730 1406 4786 hic
1433 4732 1732 4785 essentialis
1760 4741 1813 4785 et
1836 4742 1989 4785 natu-

427 4828 576 4882 ralis.
602 4826 692 4880 25.
723 4823 1050 4878 Ilenovamini
1070 4862 1087 4888 ,
1131 4821 1333 4889 inquit,
1385 4822 1567 4892 spiritu
1594 4824 1770 4877 mentis
1792 4833 1984 4877 vestrae.

424 4918 505 4975 Ne
531 4916 651 4986 quis
674 4916 941 4970 existimet
965 4912 1103 4982 quod
1151 4912 1309 4965 alium
1340 4911 1609 4989 hominem
1649 4913 1983 4980 introducat,

430 5019 707 5080 postquam
734 5005 867 5059 dixit
895 5013 1125 5058 veterem
1153 5014 1206 5058 et
1237 5018 1431 5058 novum
1454 5045 1471 5070 ,
1501 5003 1626 5059 vide
1647 5003 1772 5073 quid
1798 5003 1937 5057 dicat
1967 5020 1982 5057 :

431 5096 781 5156 Renovamini.
824 5096 1082 5150 Renovari
1127 5104 1303 5149 autem
1345 5104 1464 5159 est,
1511 5095 1722 5165 quando
1760 5093 1983 5164 idipsmn

427 5190 570 5263 quod
594 5187 895 5250 consenuit,
917 5196 1221 5252 renovatur,
1251 5196 1306 5241 ut
1325 5186 1465 5257 quod
1493 5186 1582 5241 fiat
1605 5186 1747 5241 aliud
1770 5201 1834 5241 ex
1860 5185 1982 5240 alio:

426 5284 499 5337 ita
530 5290 587 5335 ut
613 5279 909 5348 subjectum
937 5277 1151 5346 quidem
1178 5278 1248 5332 sit
1276 5277 1437 5344 idem,
1469 5277 1689 5332 mutatio
1718 5286 1891 5331 autem
1917 5278 1985 5331 sit

428 5376 481 5428 ιιι
508 5373 799 5428 accidente.
832 5371 979 5425 Sicut
1000 5384 1191 5438 corpus
1214 5369 1424 5440 quidem
1450 5380 1531 5425 est
1561 5370 1697 5425 idem
1720 5412 1736 5437 ,
1768 5374 1983 5425 mutatio

424 5476 599 5521 autem
624 5474 707 5519 est
734 5466 783 5518 in
810 5463 1080 5518 accidente
1122 5479 1135 5515 :
1165 5463 1234 5517 ita
1260 5473 1312 5516 et
1342 5462 1426 5517 hic
1448 5478 1679 5533 quoque.
1707 5464 1982 5529 Quomodo

423 5569 599 5613 autem
622 5558 733 5611 ﬁeri
756 5558 948 5626 poterit
972 5556 1280 5610 renovatio?
1308 5554 1370 5607 In
1389 5555 1568 5623 spiritu
1592 5558 1766 5610 mentis
1786 5568 1977 5624 vestrm,

427 5649 615 5718 inquit.
662 5647 762 5714 Qui
788 5662 916 5717 ergo
943 5660 1053 5701 rem
1095 5645 1335 5700 habuerit
1374 5655 1606 5699 veterem
1632 5688 1647 5712 ,
1694 5647 1823 5701 nihil
1849 5664 1979 5718 Ope-

426 5739 624 5797 rahitur
641 5756 653 5793 :
673 5754 777 5796 non
801 5738 1075 5795 sustinebit
1096 5739 1236 5796 enim
1257 5739 1471 5809 spiritus
1493 5748 1696 5798 veteres
1717 5742 1969 5799 actiones.

2124 446 2345 518 Spiritu,
2376 451 2566 521 inquit,
2601 457 2777 510 mentis
2798 468 2992 523 vestrm;
3019 457 3121 515 hoc
3146 469 3247 525 est,
3276 462 3463 532 spiritu
3488 468 3576 535 qui
3602 482 3682 525 est

2117 538 2171 594 in
2218 553 2414 597 mento.
2442 542 2532 598 21.
2580 544 2646 598 Et
2689 546 2957 601 induimiui
2986 565 3166 604 novum
3204 553 3477 613 hominem.
3521 558 3679 616 Vides

2116 630 2255 699 quod
2283 648 2441 687 unum
2472 634 2683 703 quidem
2712 637 2780 691 sit
2809 639 3099 707 subjectum
3120 683 3136 707 ,
3165 642 3471 701 indumenta
3503 661 3676 705 autem

2114 718 2257 786 dtto,
2306 738 2494 793 nempe
2528 736 2582 780 et
2630 726 2679 781 id
2707 744 2811 796 quo
2850 732 3078 796 exuitur,
3120 742 3173 786 et
3199 734 3247 788 id
3275 750 3379 805 quo
3406 738 3683 796 induitur?

2115 807 2318 863 Novum
2343 811 2613 879 hominem,
2644 815 2839 885 inquit,
2868 818 2952 886 qui
2977 821 3250 874 secundum
3293 824 3453 879 Deum
3482 841 3682 884 creatus

2112 901 2252 954 estin
2272 903 2471 971 justitia
2490 914 2538 958 et
2557 908 2818 962 sanctitate
2842 910 3083 967 veritatis.
3109 914 3213 969 Cur
3233 924 3409 972 autem
3434 920 3679 978 virtutem

2109 991 2340 1060 appellat
2364 993 2629 1050 hominem
2648 1038 2663 1062 ,
2695 1007 2748 1052 et
2768 1014 2863 1053 cur
2885 1001 3147 1057 hominem
3171 1005 3396 1063 vitium?
3421 1008 3684 1077 Quoniam

2109 1079 2268 1136 homo
2294 1098 2396 1139 non
2422 1095 2595 1155 potest
2621 1090 2837 1147 ostendi,
2871 1092 3070 1163 absque
3096 1098 3427 1166 operatione.
3465 1102 3582 1170 Quo
3623 1106 3683 1159 lit

2108 1180 2165 1225 ut
2191 1171 2303 1227 hzec
2330 1190 2433 1229 non
2465 1175 2640 1231 minus
2663 1195 2819 1249 quam
2848 1192 3055 1251 natura,
3085 1184 3352 1243 hominem
3375 1194 3681 1260 ostendant,

2105 1263 2217 1319 sive
2244 1266 2437 1322 bonum
2465 1270 2578 1325 sive
2604 1273 2823 1329 malum.
2863 1276 3010 1331 Sicut
3033 1287 3211 1335 autem
3239 1279 3394 1338 facile
3419 1295 3500 1339 est
3528 1288 3678 1351 exui,

2105 1356 2175 1410 ita
2202 1357 2361 1412 etiam
2388 1359 2512 1415 licet
2540 1362 2723 1419 videre
2764 1365 2817 1419 in
2847 1367 3040 1422 virtute
3066 1381 3120 1425 et
3150 1372 3297 1426 vitio.
3338 1373 3560 1431 Juvenis
3586 1380 3681 1447 qui

2103 1456 2185 1500 est
2213 1464 2401 1517 novus,
2432 1461 2515 1507 est
2555 1454 2744 1519 fortis;
2788 1470 2917 1528 ergo
2943 1473 3041 1513 nos
3065 1475 3278 1531 quoque
3320 1464 3486 1520 simus
3512 1466 3682 1523 fortes

2102 1539 2168 1593 ad
2188 1542 2548 1609 operationem
2570 1545 2825 1602 bonarum
2845 1549 3114 1606 actionum
3139 1555 3373 1622 :juveuis
3391 1573 3493 1614 non
3515 1560 3683 1617 habet

2100 1644 2319 1700 rugam;
2365 1648 2493 1705 ergo
2519 1652 2618 1692 nec
2654 1653 2752 1694 nos
2791 1655 3002 1712 quoque
3036 1661 3049 1698 :
3072 1645 3285 1714 juvenis
3311 1664 3413 1703 non
3441 1650 3679 1706 circum-

2101 1720 2299 1790 fertur,
2331 1740 2503 1797 neque
2529 1726 2685 1785 facile
2711 1734 2829 1802 capi
2862 1743 3036 1803 potest
3062 1750 3093 1788 a
3121 1736 3359 1805 morbis;
3391 1739 3548 1811 igitur
3574 1760 3681 1799 nec

2101 1826 2199 1866 nos
2225 1829 2455 1885 quoque.
2483 1818 2583 1884 Qui
2612 1832 2810 1877 creatus
2836 1835 2931 1879 est.
2956 1825 3091 1882 Vide
3119 1831 3388 1898 quomodo
3416 1833 3501 1888 hic
3524 1850 3681 1890 crea-

2100 1903 2295 1960 tionem
2328 1918 2485 1964 vocet
2509 1910 2881 1970 deductionem
2909 1916 3116 1973 virtutis
3151 1919 3220 1975 ad
3245 1923 3529 1979 essentiam
3555 1967 3572 1992 ,
3617 1937 3680 1981 ιιι

2102 2008 2222 2063 qua:
2250 2012 2315 2050 ex
2365 1998 2550 2063 nihilo,
2611 2002 2678 2058 ad
2722 2003 2822 2060 hoc
2852 2014 2910 2061 ut
2952 2018 3136 2076 esset,
3179 2012 3249 2066 sit
3285 2012 3533 2070 deducta.
3571 2017 3677 2084 Qui

2098 2087 2266 2140 vero?
2308 2091 2508 2144 creatio
2544 2092 2631 2146 illa
2663 2108 2769 2149 non
2793 2105 2876 2150 est
2898 2099 3194 2155 secundum
3223 2103 3385 2157 Deum
3408 2105 3430 2157 ?
3458 2105 3675 2176 Nequa-

2098 2191 2290 2246 quam,
2348 2181 2441 2235 sed
2483 2185 2774 2240 secundum
2819 2188 3131 2246 diabolum:
3174 2192 3289 2263 ipse
3337 2205 3420 2249 est
3461 2208 3678 2254 creator

2098 2279 2319 2342 peccati.
2349 2278 2667 2344 Quomodo?
2696 2282 2865 2337 Homo
2888 2285 3029 2340 enim
3058 2303 3164 2342 non
3191 2305 3257 2344 ex
3282 2306 3416 2361 aqua
3435 2334 3452 2350 .
3482 2309 3581 2348 nec
3604 2310 3675 2349 ex

2100 2373 2239 2419 terra
2261 2380 2344 2421 est
2365 2381 2597 2436 creatus,
2622 2372 2715 2426 sed
2734 2373 2786 2427 in
2809 2374 3013 2443 justitia
3034 2386 3088 2431 et
3106 2382 3385 2435 sanctitate
3410 2386 3668 2439 veritatis.

2097 2458 2231 2524 Quid
2264 2460 2365 2516 hoc
2388 2463 2514 2517 est?
2539 2462 2729 2520 Statim
2759 2467 2907 2522 illum
2936 2473 3135 2526 creavit
3162 2475 3325 2529 lilium
3356 2492 3370 2529 :
3400 2477 3500 2532 hoc
3522 2478 3674 2533 enim

2102 2551 2160 2604 fit
2185 2566 2212 2604 a
2239 2551 2564 2621 baptismate
2613 2574 2626 2611 :
2659 2556 2775 2614 haec
2800 2570 2883 2614 est
2911 2564 3164 2617 essentia.
3204 2565 3370 2622 Recte
3394 2568 3527 2622 dixit
3553 2610 3569 2635 ,
3601 2568 3677 2624 In

2088 2642 2291 2713 justitia
2315 2654 2361 2697 et
2389 2647 2658 2702 sanctitate
2684 2650 2927 2706 veritatis.
2972 2652 3101 2708 Erat
3124 2656 3415 2725 aliquando
3437 2660 3669 2728 justitia,

2097 2744 2210 2789 erat
2238 2745 2291 2790 et
2315 2739 2568 2792 sanctitas
2594 2740 2647 2793 in
2670 2739 2889 2807 Judteis,
2922 2760 3103 2799 verum
3134 2763 3240 2801 non
3278 2751 3535 2814 veritatis,
3566 2754 3668 2806 sed

2099 2833 2251 2895 typus
2280 2841 2342 2880 ac
2367 2830 2530 2897 ﬁgura
2560 2840 2674 2885 erat
2702 2832 2789 2886 illa
2810 2834 3036 2902 justitia.
3080 2837 3213 2893 Esse
3237 2841 3379 2895 enim
3409 2844 3667 2898 mundum

2096 2932 2341 2986 corpore,
2367 2920 2640 2976 munditia:
2662 2932 2777 2977 erat
2804 2935 2981 2996 typus,
3009 2943 3112 2981 non
3136 2930 3332 2985 veritas
3360 2933 3661 3000 munditiae,

2091 3007 2311 3076 justitia:
2336 3021 2448 3064 erat
2471 3021 2649 3082 typus,
2676 3029 2782 3067 non
2805 3018 3257 3087 veritasjustitiae.
3288 3020 3353 3075 In
3376 3025 3664 3087 sanctitate,

2097 3100 2261 3169 inquit
2287 3141 2303 3166 ,
2334 3111 2380 3154 et
2415 3104 2618 3171 justitia
2643 3106 2901 3160 veritatis.»
2926 3109 2991 3162 Et
3020 3110 3119 3164 hoc
3148 3110 3284 3167 forte
3328 3112 3458 3167 dicit
3490 3114 3665 3183 respi-

2095 3191 2243 3246 ciens
2269 3192 2333 3246 ad
2367 3190 2557 3247 falsum
2589 3212 2603 3249 :
2632 3198 2882 3263 quoniam
2909 3200 3063 3254 ntulti
3094 3211 3220 3255 sunt
3244 3204 3386 3270 apud
3413 3214 3672 3260 externos

2095 3285 2184 3354 qui
2213 3284 2458 3340 videntur
2487 3301 2605 3342 esse
2628 3288 2779 3358 justi,
2810 3291 2904 3346 sed
2934 3302 3060 3346 sunt
3091 3294 3327 3351 fallaces.

2165 3375 2341 3431 Justus
2380 3380 2609 3449 quisnam
2650 3397 2760 3437 vere
2800 3385 2883 3437 sit.
2911 3370 3219 3441 —-'.lustitia
3264 3399 3442 3446 autem
3472 3393 3665 3448 dicitur

2094 3467 2261 3521 virtus
2305 3472 2356 3521 in
2404 3484 2621 3539 genere.
2676 3473 2811 3528 Audi
2856 3476 2995 3530 enim
3047 3479 3313 3535 Christum
3353 3483 3662 3552 dicentem,

2097 3557 2216 3612 Nisi
2230 3561 2431 3630 justitia
2457 3572 2619 3615 vestra
2644 3566 2804 3635 magis
2840 3568 3164 3625 abundaverit
3196 3588 3347 3640 quam
3387 3576 3660 3631 scribarum

2095 3658 2140 3702 et
2182 3648 2580 3720 Pharisaeorum,
2641 3671 2742 3708 non
2782 3656 3028 3712 intrabitis
3066 3661 3118 3713 in
3168 3678 3375 3732 regnum
3422 3667 3660 3720 cwlorum

2096 3740 2306 3813 (Matth.
2338 3744 2391 3798 5.
2418 3743 2545 3814 20);
2600 3754 2656 3800 et
2706 3763 2910 3815 rursus,
2954 3749 3131 3805 Justus
3178 3754 3364 3809 dicitur
3404 3759 3493 3826 qui
3533 3760 3661 3814 nihil

2093 3832 2239 3886 habet
2262 3833 2395 3900 quod
2430 3836 2825 3904 reprehendatur
2854 3839 2931 3909 (l.
2952 3840 3107 3894 Joan.
3137 3844 3190 3898 ‘5.
3222 3844 3302 3914 9).
3334 3846 3463 3900 Nam
3497 3850 3549 3903 in
3574 3850 3656 3904 fo—

2094 3924 2335 3978 rensibus
2386 3926 2544 3979 etiam
2583 3926 2798 3996 judiciis
2842 3928 2989 3985 illum
3034 3933 3260 3989 dicimus
3299 3937 3514 4006 justum,
3565 3941 3657 4010 qtti

2097 4013 2339 4083 injuriam
2365 4018 2572 4086 accepit
2598 4034 2697 4073 nec
2724 4019 2973 4075 reddidit.
3004 4024 3059 4077 Si
3089 4041 3216 4094 ergo
3243 4044 3342 4082 nos
3367 4046 3577 4100 quoque
3605 4035 3658 4087 in

2095 4105 2358 4161 horrendo
2379 4108 2579 4178 judicio
2606 4113 2931 4180 potuerimus
2971 4116 3104 4171 alter
3144 4120 3283 4187 apud
3328 4122 3552 4177 alterum
3582 4127 3659 4178 vi-

2093 4195 2205 4250 deri
2230 4196 2378 4266 justi,
2406 4199 2699 4268 poterimus
2728 4202 2958 4271 aliquam
2998 4208 3207 4276 assequi
3250 4209 3655 4280 benignitatem.

2092 4287 2223 4342 Nam
2270 4298 2326 4342 ut
2366 4289 2503 4358 apud
2545 4291 2708 4346 Deum
2741 4294 2953 4362 quidem
3000 4296 3295 4365 videamur,
3341 4316 3446 4355 non
3478 4314 3655 4372 potest

2095 4379 2231 4444 fieri,
2254 4380 2506 4449 quidquid
2536 4385 2928 4439 ostenderimus
2953 4404 2966 4439 :
2998 4387 3109 4457 ipse
3134 4389 3275 4443 enim
3300 4389 3419 4459 jure
3445 4407 3659 4463 semper

2093 4478 2175 4524 est
2216 4472 2488 4540 superior;
2533 4473 2668 4528 sicut
2704 4476 2863 4530 etiam
2901 4476 3029 4531 dicit
3072 4480 3349 4548 propheta,
3390 4482 3457 4535 Et
3494 4485 3657 4539 vinces

2094 4578 2208 4615 cum
2240 4565 2490 4635 judicaris
2529 4565 2701 4635 (l’sal.
2733 4568 2822 4622 50.
2856 4569 2934 4635 6).
2980 4569 3083 4625 Sed
3128 4572 3194 4635 si,
3228 4588 3344 4640 qua:
3374 4574 3514 4629 inter
3558 4592 3665 4632 nos

2094 4654 2583 4723 interceduutjura,
2617 4674 2721 4711 non
2762 4662 3180 4729 corruperimus,
3221 4673 3346 4718 tunc
3371 4664 3497 4734 justi
3541 4670 3653 4721 eri-

2093 4762 2211 4801 mus
2244 4765 2257 4800 :
2287 4748 2330 4801 si
2380 4748 2709 4816 potneritntts
2754 4752 3034 4806 ostendi-re
3074 4767 3172 4807 nos
3210 4753 3454 4823 ittjuriam
3496 4772 3655 4811 acce-

2092 4837 2258 4909 pisse,
2290 4847 2413 4891 tunc
2434 4837 2563 4907 justi
2594 4838 2813 4894 erimus.
2844 4842 3121 4906 Quomodo
3149 4853 3330 4898 autem
3352 4847 3430 4899 eis
3457 4846 3658 4903 indtttis

2091 4941 2272 4980 rursus
2297 4926 2443 4991 dicit,
2472 4925 2797 4982 Induimini?
2820 4931 2863 4983 Α
2892 4932 2995 4984 vita
3025 4932 3193 5001 inquit
3218 4951 3359 4990 nunc
3397 4946 3453 4991 et
3477 4940 3655 5007 operi-

2090 5018 2209 5073 bus.
2239 5018 2389 5072 Tuttc
2432 5017 2794 5074 indumentum
2824 5020 2921 5076 luit
2946 5039 2974 5075 a
3005 5012 3343 5093 baptismate,
3374 5044 3516 5084 nunc
3554 5046 3653 5084 au-

2090 5118 2194 5164 tem
2224 5124 2253 5162 a
2279 5109 2397 5164 vitae
2416 5109 2633 5178 agendae
2652 5112 2859 5167 ratione
2887 5122 2942 5166 et
2970 5115 3219 5182 operibus
3247 5134 3260 5169 :
3292 5134 3401 5172 non
3423 5121 3652 5189 amplnts

2089 5200 2378 5255 secundum
2424 5201 2883 5270 concupiscentias
2924 5203 3274 5273 d'eceptionis,
3323 5208 3417 5262 sed
3461 5225 3654 5264 secun-

2086 5290 2211 5345 dum
2240 5291 2427 5345 Deum.
2454 5289 2703 5345 Sanctum
2726 5303 2902 5348 autem
2924 5295 3051 5363 quid
3080 5301 3200 5351 est?
3224 5298 3373 5366 Quod
3395 5311 3477 5355 est
3498 5316 3653 5355 mun-

2086 5382 2231 5446 dum,
2263 5382 2401 5451 quod
2429 5381 2668 5437 debetur.
2712 5385 2995 5455 PrOptcrea
3040 5404 3223 5443 eorum
3253 5393 3410 5447 etiam
3436 5396 3525 5465 qui
3550 5396 3645 5451 dc-

2086 5480 2361 5527 cesserunt
2394 5471 2534 5542 justa
2572 5472 2796 5530 dicimus
2829 5495 2843 5532 :
2876 5476 2977 5531 hoc
3025 5490 3125 5545 est,
3174 5481 3247 5536 Dc
3284 5495 3476 5540 caetero
3517 5487 3647 5543 nihil

2086 5564 2164 5619 eis
2189 5563 2379 5628 debeo,
2427 5579 2530 5617 non
2573 5580 2689 5618 sunt
2719 5566 2797 5620 eis
2838 5567 3118 5622 obnoxius.
3160 5571 3251 5627 Sic
3293 5576 3523 5632 solemus
3557 5577 3642 5629 di-

2084 5669 2228 5721 cere,
2269 5657 2630 5726 ἀφωσιωςάμην,
2671 5658 2752 5712 Me
2792 5659 3002 5726 expiavi
3048 5670 3102 5715 et
3142 5663 3380 5733 absolvi,
3422 5677 3476 5724 ει
3525 5684 3650 5738 qua:

2096 5754 2217 5801 sunt
2243 5744 2574 5815 bujusmodi;
2603 5747 2699 5803 hoc
2724 5758 2823 5814 cst,
2847 5747 2985 5804 Nihil
3009 5748 3195 5806 debeo.
