3960 6546
292 365 369 423 95
1175 364 1241 421 ΙΝ
1284 365 1500 423 EPIST.
1534 366 1625 423 AD
1667 363 1905 421 EPHES.
1937 363 2087 419 CAP.
2122 361 2211 419 IV.
2246 362 2484 420 HOMIL.
2523 363 2661 421 XIII.

296 496 444 537 πον.
475 480 615 550 Ἀρα
660 479 755 533 καὶ
806 477 965 533 τοῦτο
1014 479 1202 550 μαθεῖν
1232 482 1347 535 ἐστι
1386 481 1476 536 τὸν
1518 482 1770 554 Χριστὸν,
1800 481 1861 533 τὸ

289 564 473 636 ὀρθῶς
498 563 667 635 βιοῦν.
700 565 757 616 ’0
788 563 899 634 γάρ
923 563 1172 633 πονηρῶς
1211 563 1360 634 βίῶν,
1384 567 1568 634 ἀγνοεῖ
1592 566 1684 619 τὸν
1709 565 1861 632 Θεὸν,

294 647 394 700 καὶ
424 648 700 714 ἀγνοεῖται
750 645 882 714 παρ’
908 645 1094 701 αὑτοῦ.
1128 647 1328 701 Ἀκουε
1359 648 1467 718 γὰρ
1494 648 1659 703 αὑτοῦ
1694 649 1860 702 ἀλλα-

289 729 395 799 χοῦ
419 730 669 797 λέγοντος
690 744 703 757 ·
742 730 891 782 Θεὸν
918 730 1321 799 ὁμολογοῦσιν
1351 730 1592 797 ειδέναι,
1623 731 1749 797 τοῖς
1793 730 1863 785 δὲ

290 812 493 882 ἔργοις
548 811 885 880 ἀρνοῦνται.
938 814 1141 878 Καθὼς
1188 813 1360 867 ἐστιν
1393 813 1644 882 ἀλήθεια
1685 814 1756 867 ἐν
1784 812 1865 880 τῷ

304 904 527 971 Ἰησοῦ,
558 902 884 958 ἀποθέσθαι
906 902 1062 971 ὑμᾶς
1090 905 1239 957 κατὰ
1260 902 1377 972 τὴν
1400 905 1692 973 προτέραν
1718 905 1864 959 ἀνα-

291 988 575 1056 στροφὴν
604 987 709 1040 τὸν
736 986 994 1040 παλαιὸν
1025 986 1356 1053 ἄνθρωπον.
1400 988 1706 1054 Τουτέστιν,
1752 988 1865 1041 Ούκ

295 1072 397 1125 ἐπὶ
426 1070 639 1134 τούτοις
693 1068 934 1123 συνέθου.
993 1069 1068 1121 Ού
1110 1070 1408 1139 ματαιότης
1436 1070 1504 1123 τὰ
1550 1071 1677 1139 παρ’
1707 1072 1859 1141 ἡμῖν,

294 1153 415 1207 ἀλλ’
442 1152 685 1222 ἀλήθεια·
706 1151 893 1222 ῶσπερ
909 1151 977 1204 τά
996 1151 1240 1222 δόγματα
1265 1152 1459 1223 ἀληθῆ,
1477 1152 1592 1225 [97]
1611 1153 1752 1206 οὕτω
1770 1153 1865 1206 καὶ

294 1237 328 1288 δ
361 1235 494 1305 βίος.
530 1234 843 1304 Ματαιότης
867 1234 976 1305 γὰρ
1010 1235 1043 1305 ή
1074 1235 1315 1306 ἁμαρτία
1354 1235 1472 1288 ἐστὶ
1510 1237 1605 1289 καὶ
1630 1236 1824 1306 ψεῦδος
1848 1253 1862 1266 ·

296 1320 329 1370 ὀ
360 1316 417 1370 δὲ
445 1317 558 1388 βίος
585 1319 614 1370 ό
633 1315 809 1386 ὀρθὸς,
836 1316 1085 1386 ἀλήθεια·
1107 1316 1218 1386 ἔχει
1248 1317 1357 1388 γὰρ
1386 1316 1480 1371 καὶ
1506 1318 1653 1381 τέλος
1684 1318 1827 1388 μέγα
1846 1334 1863 1351 ο

296 1404 335 1471 ἡ
368 1401 424 1454 δὲ
459 1400 724 1455 ἀκολασία
756 1401 837 1464 είς
859 1400 1012 1453 οὐδὲν
1038 1400 1283 1472 τελευτᾷ.
1317 1400 1428 1454 Τὸν
1451 1403 1863 1470 φθειρόμενον,

299 1486 490 1553 φησὶν,
520 1484 679 1549 κατὰ
722 1484 827 1547 τὰς
874 1483 1191 1550 ἐπιθυμίας
1235 1481 1347 1550 τῆς
1384 1483 1619 1552 ἀπάτης
1655 1483 1863 1539 αὑτοῦ,

298 1568 515 1637 Ὠσπερ
531 1560 591 1637 ἀί
604 1566 884 1636 ἐπιθυμίαι
897 1566 1061 1620 αὑτοῦ
1076 1566 1549 1639 φθείρονται,οὖτω
1565 1568 1662 1621 καὶ
1681 1568 1864 1631 αὑτός.

382 1652 447 1721 β’.
467 1651 586 1713 Πῶς
596 1650 713 1729 ⁸ἄρα
729 1650 785 1703 αἱ
800 1649 1085 1716 ἐπιθυμίαι
1114 1650 1278 1704 αὐτοῦ
1296 1650 1603 1722 φθείρονται
1622 1667 1637 1717 ;
1661 1650 1752 1723 Τῷ
1781 1650 1870 1705 θα-

299 1735 455 1805 νάτῳ
487 1735 660 1788 πάντα
688 1732 892 1785 λύεται·
945 1732 1111 1786 ἄκουε
1163 1733 1273 1804 γὰρ
1318 1732 1415 1787 τοῦ
1447 1734 1734 1805 Προφήτου
1774 1732 1867 1786 λέ-

304 1833 513 1885 γοντος·
546 1818 640 1869 Ἑν
673 1815 875 1884 ἐκείνη
925 1813 1001 1883 τῇ
1034 1815 1222 1886 ἡμέρᾳ
1247 1816 1615 1870 ἀπολοῦνται
1646 1814 1869 1882 πάντες

301 1903 365 1953 οι
396 1900 767 1969 διαλογισμοί
820 1900 1027 1956 αὑτοῦ.
1070 1902 1178 1954 Καὶ
1216 1900 1276 1954 ού
1329 1900 1408 1971 τῷ
1436 1899 1653 1970 θανάτῳ
1683 1899 1863 1971 μόνον,

299 1982 444 2035 ἀλλὰ
473 1983 565 2036 καὶ
598 1982 775 2045 ἄλλοις
808 1982 1022 2046 πολλοῖς
1040 1999 1056 2015 ·
1110 1977 1222 2037 οἷον
1247 1982 1308 2036 τὸ
1338 1981 1552 2047 κάλλος,
1588 1983 1682 2036 καὶ
1710 1982 1865 2036 νόσου

299 2066 399 2119 καὶ
454 2068 639 2136 γήρως
689 2065 1027 2129 ἐπελθόντος,
1058 2064 1330 2136 ὑπεξέστη
1362 2065 1458 2118 καὶ
1501 2064 1740 2119 ἀπέθανε
1774 2066 1868 2120 καὶ

297 2148 551 2220 ἐφθάρη·
601 2150 636 2219 ἡ
676 2146 835 2219 ῥώμη
874 2147 968 2202 τοῦ
1018 2147 1268 2218 σώματος
1311 2150 1426 2211 τοῖς
1475 2148 1660 2213 αὐτοῖς
1707 2149 1869 2203 πάλιν

299 2233 604 2286 ἁλίσκεται·
646 2234 678 2302 ἡ
731 2231 910 2303 τρυφὴ
965 2230 1088 2284 οὐδὲ
1120 2229 1260 2300 αὕτη
1288 2231 1389 2301 τήν
1429 2231 1600 2300 αὐτὴν
1644 2231 1758 2302 ἔχει
1808 2233 1869 2287 ἐν

296 2318 453 2387 γήρᾳ
502 2314 715 2386 ᾑδονήν.
774 2315 885 2367 Καὶ
913 2313 1071 2383 δῆλον
1101 2314 1235 2384 ἡμῖν
1267 2313 1425 2366 τοῦτο
1472 2313 1583 2367 ἀπὸ
1611 2315 1706 2368 τοῦ
1736 2316 1870 2387 Βερ-

298 2400 464 2471 ζελλῆ
500 2411 549 2453 ι.
577 2398 716 2452 Ἰστε
746 2398 963 2460 πάντως
990 2397 1089 2466 τὴν
1125 2396 1481 2466 ἱστορίαννἪ
1535 2397 1734 2466 ἑτέρως
1759 2398 1869 2451 πά-

296 2482 385 2536 λιν
416 2481 606 2536 τοῦτον
630 2482 790 2535 αύτὸν
833 2481 1046 2551 φθείρει
1064 2478 1163 2533 καὶ
1191 2478 1489 2533 ἀπόλλυσιν
1516 2481 1549 2549 ή
1581 2480 1865 2552 ἐπιθυμία.

298 2565 573 2636 Καθάπερ
615 2565 726 2635 γάρ
769 2565 830 2617 τὸ
858 2564 1024 2633 ἔριον,
1064 2563 1158 2632 ἀφ’
1194 2554 1269 2615 ὧν
1293 2563 1561 2627 τίκτεται,
1603 2563 1708 2616 ὑπὸ
1742 2565 1869 2618 τού-

296 2671 411 2706 των
432 2655 529 2707 καὶ
556 2653 851 2706 ἀπόλλυται
879 2667 893 2681 ·
927 2651 1069 2705 οὕτω
1097 2649 1192 2703 καὶ
1220 2651 1248 2703 ό
1289 2649 1521 2713 παλαιὸς
1554 2650 1865 2723 ἄνθρωπος.

300 2739 414 2793 Καὶ
451 2738 558 2808 γὰρ
583 2737 740 2807 δόξης
779 2736 917 2808 ἔρως
943 2734 1204 2788 ἀπόλλυσι
1229 2772 1245 2797 ,
1274 2733 1371 2787 καὶ
1400 2733 1580 2804 ήδοναὶ
1613 2734 1872 2799 πολλάκις

298 2821 613 2882 ἀπώλεσαν,
646 2821 739 2873 καὶ
769 2819 1032 2888 ἐπιθυμία
1078 2817 1443 2888 ἐξηπάτησεν.
1473 2818 1548 2872 Ού
1583 2819 1690 2890 γάρ
1717 2820 1870 2873 ἐστιν

297 2904 473 2966 ὅντως
520 2902 679 2974 ἡδονή
704 2941 719 2966 ,
745 2900 881 2955 ἀλλὰ
912 2900 1108 2972 πικρία
1155 2900 1252 2953 καὶ⁸
1309 2898 1492 2969 ἀπάτη
1521 2900 1581 2953 τὸ
1613 2902 1867 2971 πρᾶγμα,

303 2987 597 3055 ὑπόκρισις
650 2986 745 3039 καὶ
803 2986 976 3055 σκηνή
1006 3000 1020 3015 ·
1056 2984 1151 3037 καὶ
1198 2982 1260 3036 τὸ
1287 2983 1387 3054 μὲν
1417 2982 1709 3054 πρόσωπον
1730 2984 1871 3052 λαμ-

305 3073 449 3140 πρὸν
476 3070 583 3123 τῶν
621 3068 989 3141 πραγμάτων,
1020 3066 1161 3120 αύτά
1202 3066 1261 3119 δέ
1289 3065 1360 3120 τά
1394 3066 1693 3137 πράγματα
1719 3067 1872 3121 οὐδὲν

300 3154 513 3227 ἕτερον,
542 3153 576 3224 ἢ
602 3151 975 3224 ταλαιπωρίας
1005 3151 1100 3205 καὶ
1124 3148 1323 3220 πολλῆς
1342 3149 1613 3220 πτωχείας
1630 3150 1872 3219 γέμοντα

301 3239 403 3292 καὶ
450 3236 640 3308 ἀηδίας
683 3238 780 3290 καὶ
820 3235 1021 3306 πολλῆς
1060 3234 1158 3306 τῆς
1188 3232 1378 3296 πενίας
1400 3249 1415 3264 ·
1443 3233 1546 3288 κᾶν
1577 3233 1781 3305 ἀφέλῃς
1808 3233 1871 3288 τὸ

305 3323 675 3391 προσωπεῖον,
716 3319 812 3373 καὶ
839 3316 1134 3389 γυμνώσῃς
1154 3316 1253 3388 τὴν
1284 3316 1427 3385 ὄψιν,
1451 3314 1572 3386 ὄψει
1602 3317 1703 3388 τὴν
1728 3317 1872 3370 ἀπά-

303 3421 429 3475 την.
460 3403 666 3473 Ἀπάτη
702 3402 811 3474 γὰρ
846 3399 1003 3454 τοῦτό
1026 3403 1195 3467 ἐστιν,
1219 3400 1353 3453 ὅταν
1379 3400 1516 3471 ὅπερ
1546 3399 1599 3452 τί
1632 3401 1769 3465 ἐστι,
1797 3399 1872 3472 μὴ

302 3488 589 3559 φαίνηται,
622 3487 739 3541 ἀλλ’
763 3487 899 3555 ὅπερ
933 3487 1006 3555 μή
1033 3486 1168 3549 ἐστι,
1203 3483 1475 3537 δείκνυται
1501 3484 1552 3538 ι).
1584 3484 1743 3538 Οὕτω
1778 3487 1873 3539 καὶ

299 3576 354 3627 οἱ
386 3571 789 3644 παραλογισμοὶ
809 3569 1069 3638 γίνονται.
1105 3567 1388 3639 Τέσσαρας
1412 3568 1469 3621 δὲ
1507 3569 1638 3639 ήμῖν
1664 3568 1873 3640 ἀνθρὼ-

300 3674 444 3719 πους
505 3654 740 3710 ἐνταῦθα
773 3651 1080 3723 ὑπογράφει
1103 3665 1116 3679 ·
1143 3651 1259 3713 καὶ,
1286 3652 1335 3703 εί
1366 3650 1641 3720 βούλεσθε,
1668 3654 1872 3705 τούτων

300 3741 410 3813 ἠδη
432 3740 531 3810 τήν
561 3737 833 3803 ἀπόδειξιν
863 3736 1108 3806 παρέχω·
1149 3733 1413 3787 Ἐνταῦθα
1454 3733 1551 3804 μὲν
1580 3733 1705 3801 δύο,
1731 3734 1874 3789 οὕτω

300 3825 479 3893 λέγων
503 3839 518 3853 ·
560 3820 933 3888 Ἀποθέμενοι
960 3817 1067 3871 τὸν
1091 3816 1349 3870 παλαιὸν
1374 3816 1705 3883 ἄνθρωπον,
1730 3818 1875 3875 ἀνα-

301 3909 564 3963 νεοῦσθε
604 3904 711 3971 τῷ.
737 3905 1025 3972 πνεύματι
1053 3900 1159 3956 τοῦ
1192 3902 1332 3968 νοὸς
1364 3901 1548 3970 ὑμῶν,
1570 3902 1667 3957 καὶ
1702 3903 1875 3959 ἐνδύ-

310 3999 513 4047 σασθε
543 3989 651 4043 τὸν
686 3987 899 4042 καινὸν
918 3985 1250 4054 ἄνθρωπον.
1283 3985 1371 4038 Ἐν
1393 3984 1450 4037 δὲ
1475 3988 1543 4055 τῇ
1572 3986 1707 4056 πρὸς
1734 3987 1872 4040 Ῥω..

304 4076 503 4147 μαίους
524 4073 717 4135 ἄλλους
750 4070 863 4133 δύο,
897 4069 972 4133 ὡς
996 4069 1123 4123 ὅταν
1145 4068 1280 4139 λέγῃ
1307 4084 1321 4099 ·
1353 4066 1565 4121 Βλέπω
1581 4067 1650 4122 δὲ
1671 4068 1875 4138 ἕτερον

300 4159 496 4227 νόμον
521 4157 593 4209 ἐν
613 4154 737 4221 τοῖς
760 4152 976 4223 μέλεσι
1003 4169 1145 4223 μου,
1167 4149 1776 4220 ἀντιστρατευόμενον
1795 4151 1876 4217 τῷ

302 4242 470 4311 νόμῷ
507 4241 613 4296 τοῦ
648 4241 791 4305 νοός
804 4255 944 4307 μου,
976 4233 1478 4307 αἰχμαλωτίζοπά
1506 4251 1585 4304 με
1616 4233 1696 4301 τῷ
1716 4236 1877 4305 νόμῳ

304 4326 420 4392 τῆς
477 4323 762 4393 ἁμαρτίας
815 4318 894 4387 τῷ
925 4320 1052 4374 ὄντι
1095 4320 1166 4373 ἐν
1195 4317 1320 4385 τοῖς
1348 4317 1568 4388 μέλεσι
1595 4336 1736 4387 μου.
1765 4320 1875 4372 Καὶ

312 4405 465 4462 οὗτοι
519 4408 656 4479 πρὸς
715 4406 957 4469 ἐκείνους
1004 4401 1312 4473 έχουσιτὴν
1358 4401 1698 4470 συγγένειαν,
1739 4402 1877 4473 πρὸς

324 4492 427 4562 μὲν
470 4491 559 4544 τὸν
586 4491 691 4544 ἐσω
718 4492 747 4544 ό
782 4488 969 4549 καινὸς
1001 4528 1016 4553 ,
1040 4486 1177 4557 πρὸς
1210 4484 1267 4537 δὲ
1299 4484 1390 4539 τὸν
1424 4484 1530 4548 ἔξω
1556 4486 1585 4537 ό
1607 4483 1833 4547 παλαιός
1858 4501 1873 4516 ·

316 4574 436 4629 ἀλλ’
482 4575 623 4644 ὅμως
680 4574 732 4627 οἱ
783 4574 931 4645 τρεῖς
964 4568 1352 4639 διεφθάρησαν.
1379 4567 1593 4621 Μᾶλλον
1629 4567 1686 4620 δὲ
1728 4569 1878 4639 τρεῖς

313 4662 425 4714 είσι
444 4659 536 4713 καὶ
565 4657 679 4726 νῦν,
710 4656 897 4719 καινὸς
926 4654 1021 4707 καὶ
1046 4652 1297 4715 παλαιὸς,
1328 4651 1425 4704 καὶ
1452 4646 1605 4715 οὗτος
1625 4652 1654 4704 ὁ
1684 4651 1878 4704 οὐσιῶ-

310 4745 414 4815 δης
451 4743 545 4797 καὶ
572 4742 818 4813 φυσικός.
863 4736 1260 4794 Ἀνανεοῦσθε
1290 4736 1378 4801 δέ,
1413 4735 1567 4806 φησὶ,
1597 4734 1675 4800 τῷ
1698 4736 1878 4789 πνεύ-

300 4845 453 4899 ματι
480 4826 586 4881 τοῦ
612 4826 755 4892 νοὸς
781 4819 1091 4893 ὑμῶν.”ινα
1124 4821 1198 4892 μή
1226 4837 1310 4884 τις
1336 4819 1556 4892 νομίσῃ,
1586 4820 1665 4872 ὅτι
1690 4821 1877 4872 ἐπεισ-

308 4912 439 4981 άγει
495 4910 775 4983 ἄνθρωπον
826 4907 1031 4977 ἓτερον,
1065 4903 1236 4957 εἰπὼν
1266 4902 1491 4955 παλαιὸν
1522 4901 1617 4956 καὶ
1646 4903 1831 4958 καινὸν
1860 4940 1875 4967 ,

307 4996 417 5066 ὅρα
448 4993 499 5046 τί
550 5007 751 5063 φησιν·
797 4989 1213 5045 Ἀνανεοῦσθε.
1280 4985 1663 5040 Ἀνανεοῦσθαί
1706 4987 1874 5050 ἐστιν,

310 5079 447 5131 ὅταν
494 5075 624 5129 αὐτὸ
670 5075 733 5127 τὸ
786 5071 1094 5144 γεγηρακὸς
1116 5069 1441 5136 ἀνανεῶται,
1470 5069 1598 5122 ἄλλο
1630 5069 1688 5136 ἐξ
1715 5069 1877 5123 ἄλλου

308 5159 620 5229 γινόμενον.
654 5157 820 5210 Ὥστε
871 5155 935 5208 τὸ
982 5154 1078 5224 μὲν
1106 5153 1469 5223 ὑποκείμενον
1500 5151 1559 5205 τὸ
1585 5152 1735 5213 αὐτὸ,
1767 5153 1879 5223 ήδέ

316 5250 593 5322 μεταϐολὴ
644 5250 774 5320 περὶ
816 5249 876 5303 τὸ
925 5246 1295 5318 συμδεὸηκός.
1357 5244 1629 5316 Καθάπερ
1677 5246 1738 5299 τὸ
1780 5246 1879 5317 μὲν

313 5334 483 5403 σῶμά
511 5334 627 5387 ἐστι
647 5334 711 5387 τὸ
734 5332 884 5395 αὐτὸ,
917 5332 951 5401 ἡ
982 5331 1039 5383 δὲ
1081 5327 1351 5401 μεταϐολὴ
1372 5329 1503 5399 περὶ
1517 5328 1578 5382 τὸ
1602 5328 1878 5399 συμϐεϐη-

312 5418 416 5480 κὸς
448 5429 496 5479 ο,
534 5416 677 5469 οὕτω
727 5415 792 5486 δὴ
842 5416 939 5469 καὶ
986 5412 1243 5466 ἐνταῦθα.
1274 5411 1398 5473 Πῶς
1447 5410 1491 5465 δ’
1513 5412 1579 5465 ἀν
1607 5411 1875 5484 γένοιτοῆ

311 5499 655 5565 ἀνανέωσις;
696 5500 798 5553 Ἐν
825 5497 903 5563 τῷ
935 5498 1223 5567 πνεύματι
1258 5496 1365 5550 τοῦ
1386 5494 1527 5561 νοὸς
1550 5493 1738 5565 ὑμῶν,
1772 5512 1879 5564 φη-

381 5665 409 5719 ιι
432 5651 539 5719 Quo
569 5651 991 5719 n}SS.,_BepZ‘.§nai.
1023 5712 1056 5719 _
1077 5712 1104 5719 __
1136 5709 1146 5719 ο

382 5711 413 5751 ιι
438 5714 542 5760 MSS.
578 5714 693 5768 duo,
718 5711 997 5768 δεικνύηται.
1022 5711 1168 5767 Ειὶὶιὶ,
1194 5712 1443 5760 δείκνυται.

385 5787 407 5812 ε
434 5776 578 5836 Marg.
606 5773 884 5839 Savilqrmi
904 5776 1110 5839 καθάπερ
1142 5776 1196 5823 τὸ
1218 5775 1297 5836 μὲν
1319 5776 1457 5823 (mox.
1487 5772 1627 5835 σῶμά
1664 5771 1809 5833 ἐστιν,
1846 5772 1876 5827 ἡ

312 5840 370 5888 ἃ
403 5856 500 5901 μετΔ
528 5838 841 5898 συμϐεϐηκός.

3455 371 3549 428 96η

1974 477 2078 530 σίν.
2117 480 2215 542 Ὃς
2240 479 2334 531 ἐὰν
2370 476 2464 533 οὖν
2508 479 2607 553 ἐχῃ
2632 482 2862 553 πρᾶγμα
2896 481 3144 544 παλαιὸν,
3178 480 3334 538 οὐδὲν
3361 485 3527 555 ἐργά-

1967 579 2119 615 σεται
2142 563 2231 615 ·ού
2260 564 2368 634 γὰρ
2395 564 2642 629 ἀνέξεται
2663 565 2724 618 τὸ
2749 566 2964 637 πνεῦμα
2992 566 3238 621 παλαιῶν
3253 568 3525 639 πράξεων.

1969 642 2056 709 Τῷ
2082 646 2389 714 πνεύματι,
2419 648 2570 719 φησὶ,
2604 649 2710 703 τοῦ
2736 650 2879 716 νοὸς
2912 651 3080 721 ὑμῶν
3106 671 3118 684 ·
3148 654 3414 716 τουτέστι,
3452 654 3530 725 τῷ

1972 727 2244 797 πνεύματι
2267 729 2342 799 τῷ
2361 731 2416 783 ὲν
2442 731 2518 800 τῷ
2538 730 2634 800 νῷ.
2655 733 2765 786 Καὶ
2786 733 3124 789 ἐνδύσασθε
3150 736 3257 789 τὸν
3274 736 3388 809 [98]
3407 754 3532 792 και-

1968 809 2081 864 νὸν
2130 811 2460 877 ἄνθρωπον.
2503 814 2665 886 Ὁρᾷς
2707 816 2788 869 ὃτι
2833 816 2893 869 τὸ
2936 817 3033 887 μὲν
3089 818 3443 891 ὑποκείμενον
3473 820 3533 872 ἐν

1966 892 2101 953 ἐστι,
2129 894 2199 946 τὰ
2228 894 2284 947 δὲ
2315 894 2585 966 ἐνδύματα
2634 897 2746 960 δύο,
2786 900 2846 951 τό
2885 917 2942 952 τε
2973 901 3293 971 ἐκδυόμενον
3347 902 3441 956 καὶ
3470 903 3535 955 τὸ

1966 975 2316 1046 ἐνδυόμενον;
2364 979 2473 1032 Τὸν
2504 980 2717 1034 καινὸν
2739 981 3072 1050 ἄνθρωπον,
3107 986 3264 1056 φησὶ,
3296 987 3405 1039 τὸν
3426 1005 3531 1041 κα-

1965 1056 2037 1110 τὰ
2066 1061 2214 1112 θεὸν
2256 1060 2575 1115 κτισθέντα
2631 1063 2701 1116 ἐν
2742 1063 3095 1133 δικαιοσύνῃ
3129 1068 3228 1120 καί
3267 1072 3533 1137 ὁσιότητι

1964 1140 2075 1207 τῆς
2134 1143 2439 1211 ἀληθείας.
2479 1146 2579 1199 Διά
2610 1148 2664 1199 τί
2694 1147 2751 1201 δὲ
2782 1148 3069 1219 ἄνθρωπον
3094 1151 3250 1205 καλεί
3278 1153 3379 1221 τὴν
3405 1155 3534 1225 ἀρε-

1965 1227 2086 1308 τήν,
2136 1227 2230 1279 καὶ
2281 1226 2369 1282 διά
2413 1228 2466 1281 τί
2493 1228 2783 1301 ἄνθρωπον
2809 1231 2908 1302 τήν
2937 1232 3137 1285 κακίαν
3165 1252 3181 1301 ;
3208 1235 3330 1288 Ὅτι
3362 1237 3534 1308 χωρὶς

1967 1307 2248 1390 ἐνεργείας
2295 1311 2396 1364 οὐκ
2454 1312 2523 1366 ἂν
2576 1313 2812 1385 δειχθείη
2860 1314 3168 1385 ἄνθρωπος.
3220 1318 3384 1371 Ὥστε
3435 1307 3533 1390 ούχ

1968 1382 2131 1463 ἦττον
2184 1394 2283 1463 τῆς
2331 1392 2546 1463 φύσεως
2576 1382 2749 1450 ταῦτα
2779 1382 3064 1468 ἄνθρωπον
3092 1398 3392 1467 δείκνυσιν,
3423 1406 3533 1457 εἴτε

1969 1472 2157 1539 καλὸν,
2190 1476 2303 1529 εἴτε
2330 1478 2585 1549 πονηρόν.
2616 1479 2826 1551 Ὥσπερ
2853 1481 2909 1533 δὲ
2932 1481 2994 1534 τὸ
3025 1482 3417 1551 ἀποδύσασθαι,
3446 1486 3535 1540 εὔ·-

1968 1556 2143 1621 κολον,
2177 1558 2318 1613 οὕτω
2351 1561 2447 1615 καὶ
2473 1562 2566 1615 ἐπὶ
2590 1564 2790 1635 ἀρετῆς
2826 1564 2923 1617 καὶ
2960 1566 3160 1631 κακίας
3204 1567 3350 1622 ἔστιν
3370 1570 3531 1634 ίδεῖν.

1985 1641 2043 1694 ’0
2082 1641 2202 1725 νέος
2252 1644 2471 1715 ἰσχυρός
2520 1647 2668 1700 ἐστιν
2706 1661 2721 1678 ·
2756 1646 2951 1701 ούκοῦν
2983 1650 3077 1704 καὶ
3107 1653 3271 1721 ἡμεῖς
3325 1654 3536 1725 ἰσχυροὶ

1975 1722 2265 1807 γενώμεθα
2293 1726 2430 1796 πρὸς
2453 1727 2553 1798 τὴν
2581 1729 2860 1799 ἐνέργειαν
2880 1729 2987 1783 τῶν
3015 1732 3233 1801 ἀγαθῶν
3261 1722 3534 1807 πράξεων.

1987 1804 2050 1859 Ὀ
2078 1806 2196 1869 νέος
2220 1808 2406 1878 ῥυτίδα
2435 1811 2534 1863 οὐκ
2557 1811 2669 1882 ἔχει
2690 1827 2704 1841 ·
2730 1813 2925 1866 οὐκοῦν
2949 1815 3083 1885 μηδὲ
3106 1818 3285 1887 ἡμεῖς.
3309 1804 3389 1872 -Ὅ
3417 1821 3536 1883 νέος

1970 1890 2029 1942 ού
2066 1891 2438 1964 περιφέρεται,
2469 1895 2590 1949 οὐδέ
2616 1898 2765 1950 ἐστιν
2798 1896 3066 1963 εὐάλωτος
3094 1898 3123 1940 ἀ
3154 1904 3268 1965 τοῖς
3294 1908 3537 1972 νοσήμα-

1973 1975 2343 2059 σινχούκοῦν
2399 1978 2532 2047 μηδὲ
2598 1979 2780 2051 ἡμεῖς.
2839 1981 2950 2034 Τόν
2998 1983 3338 2039 κτισθέντα.
3393 1986 3537 2059 Ὀρα

1968 2056 2204 2111 ἐνταῦθα
2234 2059 2351 2121 πῶς
2388 2061 2561 2114 κτίσιν
2592 2061 2747 2115 καλεῖ
2770 2061 2868 2133 τὴν
2895 2063 3149 2118 οὐσίωσιν
3177 2070 3276 2138 τῆς
3312 2056 3537 2140 ἀρετῆς,

1968 2140 2067 2210 τὴν
2112 2141 2171 2205 ἐξ
2219 2143 2320 2195 οὐκ
2348 2144 2518 2197 ὄντων
2541 2145 2619 2208 εἰς
2651 2145 2713 2197 τὸ
2740 2141 2883 2200 εἷναι
2919 2149 3312 2219 παραχθεῖσαν.
3343 2153 3408 2205 Τί
3434 2153 3491 2206 δέ
3517 2170 3535 2219 ;

1970 2222 2150 2293 ἐκείνη
2183 2225 2245 2278 ού
2275 2226 2416 2280 κατά
2446 2226 2579 2281 Θεὸν
2611 2230 2645 2300 ή
2680 2229 2857 2293 κτίσις
2888 2248 2904 2299 ;
2929 2233 3213 2303 Οὐδαμῶς,
3242 2236 3378 2291 ἀλλά
3399 2240 3541 2293 κατὰ

1969 2305 2062 2389 τὸν
2114 2308 2360 2363 διάδολον
2410 2326 2425 2341 ·
2470 2311 2630 2375 αὐτὸς
2679 2313 3007 2386 δημιουργὸς
3074 2317 3175 2387 τῆς
3241 2320 3533 2389 ἁμαρτίας.

1972 2387 2133 2455 Πῶς;
2178 2388 2237 2442 ’0
2291 2392 2399 2460 γὰρ
2451 2394 2737 2464 ἄνθρωπος
2772 2397 2872 2451 ούκ
2896 2398 3006 2451 άπὸ
3035 2397 3248 2465 ὓδατος,
3277 2387 3398 2455 οὐδὲ
3428 2404 3540 2458 ἀπὸ

1970 2470 2071 2536 γῆς
2116 2467 2342 2540 ἐκτίσθη
2386 2470 2591 2535 λοιπὸν,
2632 2472 2746 2527 ἀλλ’
2798 2476 2856 2527 ἐν
2898 2476 3214 2550 δικαιοσύνῃ
3259 2480 3353 2533 καὶ
3392 2482 3538 2535 ὁσιό-

1970 2568 2092 2621 τητι
2156 2552 2255 2622 τῆς
2313 2552 2591 2624 ἀληθείας.
2672 2556 2737 2610 Τί
2800 2560 2915 2613 ἐστι
2990 2560 3184 2629 τοῦτο;
3258 2564 3382 2618 Υἰὸν
3450 2566 3541 2619 εύ-

1973 2632 2127 2699 θέως,
2160 2636 2343 2705 φησὶν,
2376 2636 2538 2692 αὑτὸν
2582 2637 2797 2693 ἔκτισε·
2822 2641 2980 2695 τοῦτο
3011 2644 3120 2715 γὰρ
3152 2644 3259 2698 ἀπὸ
3298 2648 3392 2700 τού
3442 2647 3540 2719 βα-

1975 2720 2279 2788 πτίσματος
2320 2721 2527 2790 γίνεται
2554 2736 2569 2752 ·
2595 2723 2732 2796 αὕτη
2783 2726 2928 2780 ἐστὶν
2958 2728 2991 2798 ἡ
3018 2728 3195 2782 ούσία.
3228 2730 3425 2795 Καλῶς
3460 2728 3539 2785 εἷ·-

1972 2822 2092 2858 πεν·
2112 2807 2214 2860 Ἐν
2227 2806 2576 2878 δικαιοσύνῃ
2597 2811 2693 2863 καὶ
2706 2812 2970 2881 ὁσιότητι
2993 2812 3103 2883 τῆς
3123 2813 3543 2883 ἀληθείας.Ἦν

1973 2905 2101 2941 ποτε
2130 2889 2468 2962 δικαιοσύνη,
2502 2887 2570 2964 ἦν
2598 2893 2692 2947 καὶ
2727 2896 2942 2967 ὁσιότης
2969 2897 3061 2950 ἐπὶ
3102 2898 3393 2964 Ἰουδαίων,
3423 2900 3542 2954 ἀλλ’

1972 2973 2032 3025 ού
2062 2973 2161 3042 τῆς
2196 2973 2473 3045 ἀληθείας,
2513 2977 2651 3031 ἀλλά
2671 2977 2767 3032 τοῦ
2796 2979 2968 3033 τύπου
2995 2982 3028 3054 ή
3054 2981 3368 3055 δικαιοσύνη
3394 2985 3541 3039 ἐκεί-

1972 3074 2057 3125 νη.
2091 3057 2168 3138 Τὸ
2208 3057 2317 3128 γὰρ
2367 3058 2607 3131 καθαρὸν
2661 3057 2799 3117 εῖναι
2846 3063 3059 3134 σώματι
3089 3066 3261 3130 τύπος
3305 3066 3543 3138 καθαρό-

1972 3157 2131 3210 τητος
2151 3136 2241 3212 ἦν,
2277 3142 2399 3213 ούχὶ
2427 3143 2658 3215 ἀλήθεια
2684 3146 3057 3221 καθαρότητος
3078 3164 3093 3180 ·
3128 3150 3299 3213 τύπος
3337 3136 3545 3207 δικαιο-

1975 3223 2141 3294 σύνης
2196 3221 2285 3296 ἦν,
2326 3226 2447 3297 οὐχὶ
2474 3227 2704 3299 ἀλήθεια
2735 3230 3107 3304 δικαιοσύνης.
3126 3236 3229 3287 Ἐν
3256 3236 3541 3304 ὁσιότητι,

1974 3309 2127 3379 φησὶ,
2152 3310 2247 3362 καὶ
2271 3309 2625 3381 δικαιοσύνῃ
2642 3311 2753 3382 τῆς
2773 3314 3079 3383 ἀληθείας.
3102 3316 3255 3388 Τάχα
3286 3319 3382 3372 καὶ
3408 3320 3545 3391 πρὸς

1972 3390 2033 3444 τὸ
2078 3391 2269 3461 ψευδὲς
2315 3393 2551 3475 εἴρηται-
2574 3395 2752 3463 τοῦτο,
2787 3398 2869 3452 ὅτι
2896 3400 3003 3452 είσὶ
3034 3399 3217 3454 πολλοὶ
3240 3403 3398 3475 παρὰ
3429 3390 3543 3470 τοῖς

1974 3476 2171 3541 ἔξωθεν
2200 3476 2484 3541 δοκοῦντες
2510 3472 2650 3532 εἶναι
2678 3480 2896 3547 δίκαιοι,
2923 3481 3059 3536 ἀλλά
3081 3483 3319 3553 ψευδεῖς.

2043 3559 2367 3644 ᾼικαιοσύνη
2378 3560 2455 3626 δὲ,
2472 3564 2503 3631 ή
2521 3561 2779 3634 καθολικὴ
2792 3564 2959 3635 ἀρετή
2971 3564 3207 3635 λέγεται.
3218 3568 3415 3622 ’Δκουε
3434 3570 3544 3644 γὰρ

1974 3643 2068 3696 τοῦ
2115 3642 2352 3713 Χριστοῦ
2392 3644 2642 3712 λέγοντος
2675 3662 2690 3677 ⁸
2730 3647 2871 3701 Ἐὰν
2887 3647 2974 3717 μὴ
3024 3654 3358 3721 περισσεύῃ
3392 3655 3430 3721 ἠ
3458 3642 3544 3706 δι..

1975 3727 2268 3794 καιοσύνη
2321 3726 2487 3797 ὑμῶν
2508 3729 2700 3782 πλέον
2732 3730 2853 3785 τῶν
2885 3736 3270 3803 γραμματέων
3293 3738 3389 3791 καί
3429 3742 3543 3791 Φα-

1968 3810 2243 3882 ρισαίων,
2270 3813 2341 3864 οὐ
2373 3810 2455 3880 μὴ
2480 3812 2793 3880 εἰσέλθητε
2819 3818 2905 3882 εὶς
2930 3816 3047 3885 τὴν
3064 3819 3397 3883 ,βασιλείαν
3424 3821 3544 3876 τῶν

1975 3895 2249 3964 οὐρανῶν
2272 3912 2286 3927 ·
2320 3898 2413 3951 καὶ
2434 3898 2629 3964 πάλιν,
2660 3900 2899 3967 Δίκαιος
2936 3901 3170 3972 λέγεται
3196 3908 3229 3958 ὁ
3244 3905 3544 3976 μηδεμίαν

1974 3981 2132 4051 ἔχων
2156 3982 2374 4051 λαϐήν.
2415 3984 2568 4037 Ἐπεὶ
2588 3984 2682 4037 κα)⁸
2708 3987 2766 4038 ἐν
2799 3989 2910 4050 τοῖς
2935 3988 3304 4062 δικαστηρίοις
3332 3993 3542 4047 ἐκεῖνόν

1976 4082 2157 4136 φαμεν
2197 4065 2436 4131 δίκαιον,
2482 4067 2573 4121 τὸν
2604 4068 2929 4140 ἀδικηθέντα
2956 4111 2971 4134 ,
3003 4074 3099 4127 καὶ
3126 4073 3201 4147 μὴ
3250 4062 3540 4147 ἀνταδική-

1977 4166 2166 4203 σαντα.
2200 4150 2298 4204 Ἂν
2342 4150 2522 4205 τοίνυν
2552 4154 2646 4207 καὶ
2682 4155 2842 4225 ἡμεῖς
2873 4156 2967 4211 ἐπὶ
2991 4157 3085 4210 τοῦ
3116 4159 3349 4229 φρικτοῦ
3374 4160 3533 4215 δικα-

1979 4233 2200 4305 στηρίου
2256 4233 2574 4305 δυνηθῶμεν
2603 4236 2803 4291 δίκαιοι
2831 4239 2965 4310 πρὸς
2994 4240 3257 4311 ἀλλήλους
3286 4243 3539 4315 ὀφθῆναι,

1975 4316 2318 4389 δυνησόμεθα
2370 4318 2784 4389 φιλανθρωπίας
2826 4323 2972 4386 τινὸς
3020 4328 3221 4394 τυχεῖν.
3255 4327 3399 4396 Πρὸς
3440 4329 3542 4399 μὲν

1977 4400 2086 4473 γὰρ
2118 4401 2209 4455 τὸν
2242 4401 2374 4455 Θεὸν
2395 4402 2676 4468 ἀδύνατον,
2712 4404 2812 4458 ὅσα
2835 4405 2902 4458 ἂν
2929 4407 3329 4479 ὲπιδειξώμεθα
3354 4428 3368 4441 ο
3405 4428 3541 4464 παν-

1978 4484 2145 4555 ταχοῦ
2203 4484 2312 4556 γὰρ
2356 4485 2521 4549 αὐτὸς
2566 4489 2680 4549 τοῖς
2733 4486 2962 4551 δικαίοις
3006 4492 3154 4561 νικᾷ,
3186 4491 3370 4555 καθὼς
3394 4494 3542 4548 καὶὸ

1979 4569 2273 4639 Προφήτης
2288 4567 2454 4637 λέγει·
2486 4568 2596 4623 Καὶ
2616 4569 2887 4637 νικήσεις
2918 4572 3080 4639 ἐντῷ
3110 4576 3418 4643 κρίνεσθαί
3443 4594 3540 4634 σε,

1990 4652 2151 4707 Ἀλλὰ
2175 4653 2244 4706 τά
2275 4654 2415 4725 πρὸς
2438 4653 2697 4725 ἀλλήλους
2725 4655 2905 4709 δίκαια
2924 4656 2990 4710 ἂν
3014 4658 3089 4729 μὴ
3115 4658 3536 4735 διαφθείρωμεν,

1978 4740 2108 4793 τότε
2174 4740 2416 4810 ἐσόμεθα
2455 4740 2698 4795 δίκαιοι·
2734 4743 2800 4797 ἀν
2858 4744 3173 4816 δυνηθῶμεν
3231 4748 3422 4816 δεῖξαι,
3458 4752 3540 4808 ὅτι

1979 4823 2340 4894 ἠδικήθημεν,
2372 4824 2493 4878 τότε
2524 4825 2757 4895 ἐσόμεθα
2776 4825 2991 4881 δίκαιοι.
3025 4829 3148 4893 Πῶς
3175 4831 3540 4904 ἐνδεδυμένοις

1978 4908 2161 4970 αὐτοῖς
2187 4907 2346 4962 πάλιν
2367 4908 2533 4976 λέγει,
2574 4908 2981 4975 Ἐνδύσασθε;
3023 4912 3156 4965 Ἀπὸ
3185 4912 3278 4967 τοῦ
3301 4914 3416 4985 βίου
3444 4916 3541 4969 νύν

1980 5009 2115 5062 φησι
2171 4993 2265 5046 καὶ
2294 4992 2403 5046 τῶν
2436 4994 2635 5064 ἔργων.
2669 4995 2802 5048 Τότε
2832 4993 3057 5064 γέγονεν
3084 4997 3193 5051 ἀπὸ
3213 4999 3307 5052 τοῦ
3344 5000 3538 5070 βαπτί-

1983 5092 2184 5145 σματος
2220 5075 2281 5129 τὸ
2302 5076 2529 5148 ἔνδυμα,
2554 5077 2648 5131 νῦν
2675 5077 2730 5130 δὲ
2756 5078 2864 5131 ἀπὸ
2892 5080 2990 5149 τῆς
3012 5080 3289 5146 πολιτείας
3319 5084 3542 5138 καὶτῶν

1980 5158 2178 5228 ἔργων,
2222 5160 2407 5213 οὐκέτι
2468 5161 2607 5214 κατά
2652 5162 2755 5224 τὰς
2800 5163 3095 5233 ἐπιθυμίας
3141 5165 3243 5234 τῆς
3289 5167 3539 5236 ἀπάτης,

1981 5242 2118 5296 ἀλλά
2148 5243 2289 5297 κατὰ
2328 5244 2421 5297 τὸν
2443 5244 2596 5299 Θεόν.
2638 5245 2710 5298 Τὸ
2755 5244 2811 5298 δὲ
2844 5246 2989 5301 ὅσιον
3018 5247 3071 5299 τί
3089 5249 3205 5301 ἐστι
3234 5266 3248 5314 ;
3275 5248 3346 5301 Τὸ
3374 5250 3540 5304 καθα-

1984 5327 2095 5397 ρὸν,
2136 5327 2197 5402 τὸ
2247 5328 2615 5397 ὀφειλόμενον.
2655 5329 2755 5383 Διά
2810 5329 2969 5384 τοῦτο
3009 5332 3103 5384 καὶ
3128 5332 3223 5402 τὴν
3253 5332 3404 5385 ὁσίαν
3443 5334 3541 5390 ἐπὶ

1981 5398 2322 5466 ἀπελθόντων
2360 5411 2472 5484 [99]
2516 5411 2734 5482 φαμέν·
2774 5415 3069 5481 τουτέστιν,
3128 5398 3289 5469 ούδὲν
3341 5416 3542 5486 ὀφείλω

1982 5494 2164 5555 αὐτοῖς
2184 5494 2389 5561 λοιπὸν,
2427 5495 2526 5549 ούκ
2558 5496 2676 5565 εἰμὶ
2704 5496 3024 5560 ὑπεύθυνος.
3052 5495 3238 5561 Οὓτως
3275 5497 3543 5570 ἐθοςήμῖν

1982 5576 2161 5644 λέγειν
2208 5578 2301 5631 καὶ
2342 5578 2437 5641 τὸ,
2496 5580 2949 5651 ’Λφωσιωσάμην,
3008 5581 3101 5633 καὶ
3158 5581 3258 5637 ὅσα
3298 5582 3540 5650 τοιαῦτα,

1984 5661 2228 5713 τουτέστι
2264 5660 2343 5727 τὸ,
2372 5661 2555 5733 Μηδὲν
2584 5661 2800 5731 ὀφείλω.

2054 5829 2079 5869 ἀ
2108 5830 2240 5881 Unus
2261 5829 2423 5882 Codex
2452 5830 2617 5893 hibet,
2641 5832 2725 5880 οὐκ
2746 5832 2799 5880 Ea
2810 5848 2870 5879 ειν
2894 5832 3205 5889 αἰχμάλωτος.
