3960 6570
468 391 538 447 97
1125 383 1184 440 S.
1223 361 1510 437 JOANNIS
1545 355 2029 435 CHRYSOSTOMI
2052 358 2389 432 ’ARCHIEP.
2430 363 2975 430 CONSTANTINOP.
3600 373 3663 429 98

538 515 607 578 γ’.
624 506 810 579 ’Πμῶν
830 505 1006 559 τοίνυν
1027 504 1140 556 ἐστὶ
1264 499 1430 556 άποδύ
1439 501 1629 553 σασθαι
1649 500 1708 551 16
1722 502 1819 570 τῆς
1834 498 2031 551 δικαιο-

472 593 637 664 σύνης
676 590 909 661 ἱμάτιον,
939 589 966 640 6
995 587 1089 640 καὶ
1126 588 1154 638 6
1184 585 1470 655 Προφήτης
1520 584 1732 664 ἱμάτιον
1771 579 2034 664 σωτηρίου

472 675 649 737 καλεῖ,
693 675 780 726 ἵνα
810 671 884 742 τῷ
920 668 1034 738 Θεῷ
1082 667 1452 736 όμοιωθῶμενο
1488 663 1719 735 καὶγὰρ
1762 663 1921 727 αὐτὸς
1960 663 2037 716 δι-

472 755 764 822 καιοσύνην
803 752 1094 806 ἐνδέδυται.
1132 749 1300 801 Τοῦτο
1325 747 1669 818 ἐνδυσώμεθα
1712 746 1775 799 16
1804 746 2036 816 ἱμάτιον.

474 840 548 890 Τὸ
571 839 645 902 δέ,
667 835 1004 896 ἐνδύσασθαι,
1052 833 1203 886 οὐδὲν
1245 833 1370 886 ἀλλο
1419 833 1587 901 δηλοῖ,
1617 832 1650 902 ἢ
1683 830 1744 883 τὸ
1773 830 2041 900 μηδέποτε

474 918 787 972 ἀποθέσθαι.
814 917 1012 968 Ἀκουε
1054 915 1160 985 γὰρ
1179 912 1271 966 τοῦ
1303 915 1587 983 Προφήτου
1617 911 1882 980 λέγοντος’
1914 911 2042 963 Ἐν-

471 1002 728 1055 εδύσατο
742 998 1005 1067 κατάραν
1022 995 1359 1066 ώςίίμὰτιον,
1376 996 1473 1049 καὶ
1490 995 1619 1063 ἥξει
1635 994 1812 1059 αὐτῷ.
1825 993 1932 1046 Kal
1947 992 2044 1046 πά-

474 1082 578 1147 λιν,
604 1080 1185 1148 ὀπεριϐαλλόμενος
1214 1078 1336 1147 φῶς
1365 1078 1445 1142 ὡς
1464 1077 1714 1146 ἱμάτιον.
1746 1077 1853 1130 Kal
1883 1075 2043 1129 πάλιν

473 1167 605 1237 ημῖν
630 1163 749 1226 ἔθος
764 1165 941 1230 λέγειν
961 1165 1053 1215 ἐπὶ
1075 1163 1182 1215 τῶν
1200 1160 1498 1231 ἀνθρώπων
1519 1175 1532 1189 ·
1567 1161 1606 1213 Ο
1625 1161 1769 1212 δεῖνα
1794 1160 1883 1212 τὸν
1898 1159 2043 1211 δεῖνα

475 1247 962 1302 ἐνεδύσατο.”Ωστε
990 1246 1050 1299 οὐ
1078 1247 1206 1316 μίαν
1233 1245 1444 1315 ἡμέραν
1473 1243 1594 1296 οὐδὲ
1636 1242 1894 1313 δευτέραν
1923 1241 2045 1295 οὐδὲ

474 1333 684 1401 τρίτην,
715 1330 849 1384 ἀλλά
881 1329 1168 1391 διαπαντὸς
1199 1330 1346 1398 ἡμᾶς
1373 1327 1616 1398 βούλεται
1659 1321 1799 1378 εἷναι
1827 1326 1886 1378 ἐν
1919 1325 2047 1396 ἀρε-

476 1416 566 1484 τῇ,
605 1413 699 1466 καὶ
723 1412 988 1482 μηδέποτε
1014 1413 1250 1480 γυμνοὺς
1273 1407 1408 1463 εἶναι
1437 1407 1532 1462 τοῦ
1584 1407 1797 1478 ἱματίου
1830 1407 2042 1460 τούτου.

480 1497 554 1548 υύ
585 1496 692 1566 γάρ
715 1494 887 1558 οὕτως
911 1495 1194 1563 ἄνθρωπος
1253 1493 1552 1563 ἀσχημονεῖ
1599 1489 1804 1560 γυμνὸς
1863 1489 1939 1543 ὢν
1985 1489 2047 1542 16

483 1578 661 1648 σῶμα,
689 1577 763 1640 ώς
794 1576 996 1647 γυμνὸς
1035 1575 1110 1629 ὢν
1143 1576 1237 1646 τὴν
1263 1575 1481 1646 ἀρετήν.
1527 1573 1788 1629 Ἐνταῦθα
1817 1573 1977 1627 αὑτὸν
1998 1574 2046 1626 οἱ

480 1660 757 1729 ὁμόδουλοι
806 1659 1092 1729 βλέπουσιν
1144 1657 1577 1728 ἀσχημονοῦντα,
1629 1655 1837 1709 ἐκεῖδέ
1891 1656 1920 1708 6
1951 1657 2049 1707 Δε-

484 1743 687 1811 σπότης
721 1743 814 1794 καὶ
837 1743 887 1793 οἱ
916 1740 1154 1808 ἄγγελοι.
1195 1742 1290 1792 Ἂν
1312 1734 1403 1793 οὖν
1425 1756 1546 1791 τινα
1586 1737 1722 1808 ῖδης,
1755 1737 1879 1790 εἰπέ
1937 1753 2049 1806 μοι,

482 1825 684 1894 γυμνὸν
706 1823 791 1876 διά
816 1825 915 1893 τῆς
947 1824 1151 1893 ἀγοράς
1186 1822 1462 1893 προϊόντα,
1486 1821 1607 1890 οὐχὶ
1635 1821 1850 1888 ἀλγεῖς;
1885 1820 2051 1872 Ὅταν

481 1904 575 1960 οὖν
604 1909 667 1960 σὺ
695 1907 895 1977 γυμνὸς
912 1905 1006 1958 τοῦ
1025 1907 1237 1978 ἱματίου
1254 1904 1441 1957 τούτου
1469 1905 1691 1974 τρέχης,
1714 1903 1767 1956 τί
1790 1902 2048 1974 ἐροῦμεν;

485 1991 596 2059 Οὐχ
617 1990 747 2060 ὁρᾷς
772 1989 994 2051 τούτους
1013 1991 1139 2050 τοὺς
1185 1986 1630 2058 προσαιτοῦντας,
1667 1985 1761 2047 οὒς
1804 1985 2050 2054 λώταγας

485 2075 616 2142 ἡμῖν
633 2071 752 2134 ἔθος
771 2071 980 2136 καλεῖν,
997 2071 1111 2134 πῶς
1129 2071 1392 2140 περιίασι,
1413 2068 1528 2132 πῶς
1544 2069 1636 2121 καὶ
1656 2069 1852 2131 αὐτοὺς
1871 2067 2051 2121 ἐλεοῦ-

489 2173 618 2224 μεν;
673 2154 810 2206 Ἀλλ’
842 2155 990 2224 ὅμως
1033 2153 1240 2216 τούτοις
1282 2153 1403 2205 οὐδὲ
1451 2151 1744 2222 συγγνώμη
1771 2151 1854 2214 τίς
1887 2153 2049 2204 ἐστιν’

485 2237 607 2290 οὐδὲ
637 2237 745 2307 γὰρ
771 2237 1212 2305 συγγινώσκομεν
1242 2235 1444 2297 αὐτοῖς,
1467 2235 1592 2287 ὅταν
1611 2233 2056 2295 κυϐεύοντεςέαυο

487 2319 594 2371 τῶν
618 2320 688 2372 τά
719 2320 906 2388 ἱμάτια
931 2317 1252 2371 ἀπολλύωσι.
1287 2316 1409 2378 Πῶς
1437 2313 1529 2369 οὖν
1562 2318 1691 2386 ἡμῖν
1710 2318 1737 2368 6
1764 2315 1894 2377 Θεὸς
1922 2331 2056 2383 συγ-

486 2403 754 2469 γνώσεται
786 2402 846 2452 τὸ
887 2402 1099 2471 ίμάτιον
1127 2398 1292 2452 τοῦτο
1313 2398 1670 2462 ἀπολέσασιν;
1708 2399 1874 2449 Ὅταν
1900 2398 2008 2468 γάρ
2028 2399 2056 2449 ό

485 2484 727 2546 διάϐολος
753 2483 837 2554 ἴδῃ
859 2482 1060 2553 γυμνὸν
1083 2480 1281 2552 ἀρετῆς
1309 2497 1450 2542 τινα,
1471 2480 1671 2542 εὐθέως
1716 2478 1810 2532 καὶ
1839 2478 2058 2531 ἀσϐολοῖ

487 2567 582 2619 καὶ
611 2568 848 2636 ἀμαυροῖ
877 2564 938 2616 τὸ
977 2564 1286 2631 πρόσωπον,
1311 2565 1406 2615 καὶ
1429 2561 1740 2633 τιτρώσκει,
1765 2562 1860 2614 καί⁸
1884 2562 2055 2629 ἀναγ-

487 2645 644 2711 κάζει
671 2647 879 2716 μεγάλα
902 2659 949 2702 α.
983 2647 1182 2717 Γυμνοὶ
1211 2643 1496 2715 γενώμεθα
1518 2645 1833 2714 χρημάτων,
1863 2643 1950 2696 ἵνα
1982 2643 2056 2713 μὴ

487 2729 860 2799 γυμνωθῶμεν
884 2727 991 2781 ἀπὺ
1031 2727 1392 2796 δικαιοσύνης
1429 2728 1462 2797 ἡ
1489 2727 1596 2778 τῶν
1639 2725 1937 2796 χρημάτων
1965 2742 2060 2779 πε·

491 2812 680 2883 ριϐολὴ
709 2811 867 2863 τοῦτο
915 2809 1234 2881 λυμαίνεται
1285 2809 1345 2862 16
1389 2810 1619 2879 ἱμάτιον·
1656 2807 1908 2861 ἀκανθῶν
1945 2809 2058 2860 ἐστι

488 2893 770 2966 περιϐολή.
826 2894 1081 2946 Τοιαῦται
1129 2894 1265 2946 εἰσιν
1311 2894 1366 2946 αἱ
1413 2893 1662 2956 ἄκανθαι,
1707 2892 1798 2943 καὶ
1825 2891 1934 2960 ὅσῳ
1995 2889 2061 2943 ἂν

489 2977 740 3038 πλείονας
773 2975 1218 3046 περιϐαλώμεθα,
1253 2973 1489 3044 τοσούτῳ
1520 2973 1716 3042 μᾶλλον
1750 2973 2059 3043 γυμνούμε-

491 3057 582 3112 θα.
629 3058 694 3110 ’Π
729 3058 982 3125 ἀσέλγεια
1009 3059 1204 3128 γυμνοῖ
1230 3056 1322 3109 τοῦ
1345 3055 1554 3126 ἱματίου
1579 3055 1790 3108 τούτου’
1822 3055 1932 3126 πῦρ
1954 3055 2060 3125 γάρ

491 3143 629 3204 ἐστι,
661 3140 722 3192 16
745 3140 802 3193 δέ
831 3139 945 3210 πῦρ
985 3139 1315 3195 ἀναλωτικδν
1340 3138 1434 3191 τοῦ
1475 3137 1688 3208 ἱματίου
1711 3138 1920 3192 τούτου.
1954 3140 2064 3209 Σής

493 3227 641 3278 ἐστιν
663 3225 692 3276 6
721 3222 964 3286 πλοῦτος·
989 3222 1236 3291 καθάπερ
1262 3223 1291 3274 ό
1333 3221 1433 3291 σὴς
1463 3222 1642 3274 πάντα
1663 3219 1951 3292 διατρώγει
1971 3223 2064 3274 καὶ

493 3307 616 3360 οὐδὲ
644 3306 751 3359 τῶν
786 3304 1024 3376 σηρικῶν
1077 3305 1337 3373 φείδεται,
1392 3303 1533 3356 οὕτω
1561 3304 1655 3356 καὶ
1677 3298 1846 3367 οὗτος.
1883 3304 2064 3357 Πάντα

492 3389 672 3442 τοίνυν
703 3389 872 3442 ταῦτα
899 3387 1246 3458 ἀποθώμεθα,
1302 3388 1389 3440 ἵνα
1415 3385 1697 3457 γενώμεθα
1720 3387 1937 3450 δίκαιοι,
1979 3387 2064 3439 ἵνα

494 3471 842 3542 ἐνδυσώμεθα
894 3470 986 3525 τὸν
1031 3472 1214 3524 καινὸν
1273 3469 1575 3542 ἄνθρωπον.
1615 3470 1794 3541 Μηδὲν
1817 3469 2062 3536 παλαιὸν,

499 3553 665 3626 μηδὲν
697 3555 1036 3625 φαινόμενον,
1094 3554 1258 3625 μηδὲν
1309 3553 1659 3623 φθειρόμενον
1726 3553 2060 3622 κατέχωμεν.

497 3642 611 3692 υύκ
638 3638 783 3690 ἐστιν
814 3641 845 3709 ἡ
896 3637 1066 3710 ἀρετὴ
1096 3637 1370 3702 ἐπίπονος,
1421 3637 1519 3689 ούκ
1549 3635 1663 3688 ἐστι
1692 3635 2065 3707 δυσκατόρθω-

495 3735 608 3782 10;.

568 3859 680 3929 Ούχ
717 3860 846 3930 ὁρᾷς
871 3861 996 3921 τοὺς
1025 3860 1084 3912 ἐν
1129 3862 1241 3922 τοῖς
1271 3859 1491 3929 δρεσινς
1550 3861 1745 3911 ἐκεῖνοι
1772 3859 1866 3912 καὶ
1889 3858 2064 3923 οἱκίας

498 3945 690 4012 ἀφιᾶσι
713 3945 804 3994 καὶ
825 3945 1083 4010 γυναῖκας
1104 3943 1196 3996 καὶ
1220 3943 1408 4005 παῖδας
1435 3942 1531 3993 καὶ
1571 3942 1899 4011 προστασίαν
1927 3941 2068 3994 ἀπα-

499 4037 618 4088 σαν,
650 4027 740 4076 καὶ
766 4025 922 4087 ἐκτὸς
944 4025 1167 4086 ἑαυτοὺς
1195 4023 1288 4076 τοῦ
1312 4024 1514 4093 κόσμου
1543 4025 1916 4093 ποιησάμενοι,
1937 4023 2067 4076 σάκ-

499 4127 594 4162 κον
632 4109 997 4180 περιθέμενοι,
1031 4109 1223 4162 σποδὸν
1251 4108 1752 4178 ὑποστρωσάμενοι,
1783 4107 1936 4160 κλοιά
1958 4108 2066 4162 τῶν

496 4193 784 4263 τραχήλων
822 4191 1235 4264 ἐξαρτήσαντες,
1279 4193 1337 4243 ἐν
1380 4190 1607 4260 οἰκίσκῳ
1663 4189 1842 4262 μικρῷ
1902 4209 2066 4245 κατα-

498 4277 811 4338 κλείσαντες
851 4276 1096 4340 ἑαυτοὺς,
1149 4273 1266 4326 ούδέ
1321 4273 1486 4344 μέχρι
1535 4271 1740 4325 τούτων
1801 4274 2064 4341 ἵστανται,

498 4358 632 4412 ἀλλά
651 4357 1050 4428 καῖ’νηστείαις
1076 4356 1169 4411 καὶ
1222 4354 1363 4427 λιμῴ
1394 4355 1626 4425 διηνεκεῖ
1667 4357 2068 4411 κατατείνουσιν

499 4440 742 4503 ἑαυτούς.
767 4441 829 4493 Εἰ
865 4439 1090 4494 τοιαῦτα
1113 4440 1405 4492 ἐπέταττον
1426 4437 1519 4492 νῦν
1544 4436 1670 4507 ἐγὼ,
1690 4438 1788 4491 οὐκ
1813 4439 1878 4493 ἂν
1901 4441 2069 4494 ἀπαν-

498 4541 585 4587 τες
607 4523 990 4593 ἀπεπηδήσατέ
1007 4540 1021 4587 ;
1039 4523 1138 4575 οὐκ
1158 4521 1222 4575 ἂν
1242 4522 1429 4574 εἴπατε
1451 4521 1509 4574 16
1528 4523 1758 4592 πρᾶγμα
1780 4524 2064 4594 φορτικόν;

501 4607 633 4658 Οὐδὲ
665 4604 902 4657 τοιοῦτόν
928 4622 1068 4676 φημι
1101 4603 1210 4658 δεῖν
1256 4607 1446 4658 ποιεῖν’
1481 4603 1738 4675 βούλομαι
1783 4604 1932 4678 [100]
1968 4608 2067 4678 μέν

501 4689 630 4756 γὰρ,
659 4686 796 4756 πλὴν
819 4688 880 4739 ού
919 4687 1213 4757 νομοθετῶ.
1247 4687 1406 4740 Ἀλλά
1435 4688 1488 4739 τί
1513 4704 1527 4753 ;
1573 4689 1680 4740 Kal
1703 4687 1947 4760 λουτροῖς
1975 4691 2068 4744 κέ-

501 4785 693 4840 χρησο,
707 4770 800 4822 καὶ
815 4771 875 4821 16
895 4769 1053 4838 σῶμα
1070 4769 1358 4839 θεράπευε,
1377 4772 1469 4823 καὶ
1491 4771 1567 4833 εἱς
1586 4772 1788 4842 ἀγορὰν
1812 4773 2065 4842 ἔμϐαλλε,

504 4853 597 4904 καὶ
654 4852 828 4904 οἰκίαν
880 4852 999 4921 ἔχε,
1050 4853 1144 4904 καὶ
1201 4853 1463 4915 διακόνοις
1492 4853 1776 4921 διακονοῦ,
1828 4857 1921 4909 καὶ
1952 4858 2068 4928 χρῶ

506 4935 693 4996 σιτίοις
713 4934 804 4985 καὶ
826 4937 1027 4995 ποτοῖς
1069 4935 1341 5004 πανταχοῦ
1363 4935 1460 5005 τὴν
1490 4936 1797 5002 πλεονεξίαν
1818 4939 2065 4995 ἔκϐαλλε.

517 5017 729 5086 Ἐκείνη
754 5017 862 5087 γάρ
894 5019 1040 5069 ἐστιν
1072 5018 1105 5087 ἡ
1131 5017 1228 5088 τὴν
1261 5019 1531 5089 ἁμαρτίαν
1561 5021 1806 5088 ποιοῦσα,
1862 5026 1954 5077 καὶ
2009 5028 2069 5079 τὸ

506 5102 637 5155 αύτό
662 5103 890 5172 πρᾶγμα
913 5100 1201 5164 πλεονάζον
1222 5104 1462 5173 άμαρτία
1487 5104 1723 5172 γέγονεν.
1741 5107 1903 5159 Ὥστε
1919 5109 2068 5161 οὐδὲν

506 5185 689 5254 ἕτερόν
718 5185 922 5256 ἐστινὴ
969 5183 1269 5252 πλεονεξία,
1328 5187 1360 5256 ἢ
1415 5188 1675 5258 ἁμαρτία.
1723 5189 1830 5241 Kal
1854 5191 1973 5262 ὅρα·
2012 5195 2069 5245 '0

509 5267 676 5337 θυμὸς
701 5269 826 5320 ὅταν
871 5269 1030 5322 πλέον
1065 5268 1159 5323 τοῦ
1191 5269 1400 5332 δέοντος
1429 5270 1645 5341 κινηθῇ,
1671 5272 1790 5324 τότε
1823 5272 2070 5342 ἐκπηδῶν

508 5350 843 5422 λοιδορεῖται,
883 5352 1000 5406 τότε
1031 5351 1228 5416 ἀδίκως
1251 5353 1427 5407 πάντα
1453 5359 1636 5408 ποιεῖ·
1694 5358 1721 5409 6
1753 5355 1860 5409 τῶν
1890 5357 2071 5426 σωμά-

511 5451 616 5487 των
656 5437 816 5507 ἐρως,
845 5439 872 5490 ὁ
905 5437 1011 5490 τῶν
1038 5438 1354 5508 χρημάτων,
1380 5439 1408 5490 ό
1433 5437 1530 5508 τῆς
1557 5437 1713 5509 δόξης
1731 5483 1748 5506 ,
1794 5443 1822 5492 6
1842 5441 1948 5492 τῶν
1975 5441 2068 5494 άλ-

510 5525 617 5580 λων
643 5529 912 5584 ἀπάντων.
944 5532 1054 5585 Kal
1101 5532 1173 5602 μή
1213 5547 1302 5602 μοι
1345 5530 1524 5601 εἴπῃς,
1549 5532 1628 5584 ὃτι
1656 5533 1847 5584 ἐκεῖνοι
1875 5532 2068 5603 ἠδυνή-

575 5719 591 5738 “
631 5719 1156 5787 Dunq‘osupplondum
1195 5709 1386 5776 videtur
1426 5721 1620 5784 aliquod
1659 5721 1880 5784 verbum,
1925 5738 1966 5772 ι’.
1995 5739 2066 5787 g.,

515 5779 813 5843 ἀσχημονεῖν.

2140 496 2328 565 θησανο
2354 495 2531 549 πολλοὶ
2549 494 2655 565 γὰρ
2685 493 2861 563 πολλῴ
2899 489 3272 561 ἀσθενέστεροί
3296 508 3385 544 σου
3412 491 3501 544 καὶ
3524 489 3669 548 πλοῦς

2139 577 2497 648 σιώτεροικαὶ
2534 574 2931 647 τρυφερώτεροι
2977 573 3066 625 τὸν
3100 573 3330 643 σκληρὸν
3360 576 3560 627 ’ἐκεῖνον
3588 578 3670 629 καὶ

2138 663 2342 730 τραχὺν
2381 659 2692 724 ἀνεδέξαντο
2720 659 2848 729 βίον.
2883 659 2990 710 Kal
3016 656 3068 709 τί
3103 657 3244 724 λέγω
3275 657 3502 730 ἀνδρας;
3531 657 3672 730 κόραι

2137 728 2377 796 είκοστδν
2405 743 2521 805 έτος
2555 728 2728 795 οὔπω
2760 741 3072 810 γενόμεναι,
3129 741 3186 793 ἐν
3241 728 3496 809 θαλάμοις
3520 728 3605 792 καί
3623 743 3674 793 ὲν

2142 843 2400 896 σκιατροφ
2409 826 2463 896 la
2475 825 2570 878 τὸν
2585 824 2798 878 ἅπαντα
2808 823 3011 876 διατελέ
3021 839 3177 876 cacat
3191 822 3398 892 χρόνον,
3413 820 3516 894 [ἐν]
3530 821 3674 877 θαλά-

2144 926 2265 980 μοις
2295 908 2479 979 μύρων
2531 908 2796 978 γέμουσαι
2847 909 2940 960 καὶ
2982 907 3357 976 θυμιαμάτων,
3388 907 3479 958 ἐπὶ
3524 923 3676 976 στρω-

2145 992 2280 1060 μνῆς
2307 991 2520 1062 ἁπαλῆς
2570 991 2978 1061 κατακείμεναι,
3028 990 3233 1042 ἀπαλαὶ
3282 991 3373 1041 καὶ
3405 987 3558 1042 αύταὶ
3591 989 3677 1059 τὴν

2143 1075 2320 1141 φύσιν,
2351 1075 2444 1127 xal
2472 1076 2537 1146 τῇ
2565 1074 2730 1144 πολλῇ
2764 1072 3027 1144 θεραπείᾳ
3058 1070 3440 1142 μαλακώτεραι
3476 1071 3677 1141 γινόμε-

2143 1175 2250 1222 ναι,
2274 1157 2361 1210 διά
2395 1159 2491 1226 τῆς
2514 1157 2724 1227 ἡμέρας
2748 1158 2926 1226 πάσης
2961 1156 3110 1209 οὐδὲν
3138 1156 3322 1225 ἓτερον
3353 1154 3509 1224 ἔργον
3549 1154 3679 1224 ἐχουα

2146 1256 2256 1303 σαι,
2285 1239 2319 1308 ἢ
2346 1240 2404 1292 16
2425 1238 2857 1303 καλλωπίζεσθαι
2880 1239 2974 1291 καὶ
3000 1240 3352 1307 χρυσοφορεῖν
3382 1236 3475 1289 καὶ
3492 1235 3680 1306 τρυφῆς

2146 1322 2434 1376 ἀπολαύειν
2462 1323 2682 1392 πολλῆς,
2721 1322 2840 1374 οὐδὲ
2871 1324 3086 1385 ἐαυταῖς
3118 1319 3682 1390 διακονούμεναι,ἀλ)ἀ

2147 1404 2343 1467 πολλὰς
2372 1405 2588 1474 ἔχουσαι
2614 1405 2714 1467 τὰς
2742 1404 3123 1474 θεραπαινίδας
3148 1403 3245 1466 τὰς
3272 1403 3682 1474 παρεστηκυίας,

2149 1487 2336 1558 ἱμάτια
2361 1488 2576 1558 ἔχουσαι
2623 1487 2839 1558 μαλακά
2895 1487 2987 1540 τοῦ
3021 1486 3270 1556 σώματος
3327 1484 3683 1556 μαλακώτερα,

2147 1570 2346 1634 λεπτάς
2377 1571 2565 1633 ὀθόνας
2595 1570 2689 1623 καὶ
2712 1569 3006 1640 τρυφερᾶς,
3038 1569 3094 1621 ἐν
3124 1568 3292 1640 ῥόδοις
3319 1569 3414 1621 καὶ
3453 1570 3568 1631 ταῖς
3589 1585 3686 1623 τοι-

2148 1654 2339 1718 αύταις
2382 1653 2629 1716 εὐωδίαις
2673 1653 2935 1725 διηνεκῶς
2991 1653 3414 1723 ἀσχολούμεναιο
3458 1645 3686 1726 αὖταιδὴ

2149 1737 2405 1805 ἐξαίφνης
2418 1736 2496 1805 τῷ
2511 1737 2648 1806 πυρὶ
2665 1735 2949 1806 ληφθεῖσαι
2977 1734 3070 1788 τοῦ
3089 1737 3342 1806 Χριστοῦ,
3373 1737 3548 1788 πᾶσαν
3567 1737 3687 1788 ἐκεί-

2151 1837 2248 1889 νην
2269 1819 2670 1888 ἀποδυσάμεναι
2727 1817 2826 1889 τὴν
2867 1817 3122 1887 βλακείαν
3155 1819 3248 1871 καὶ
3277 1818 3369 1870 τὸν
3395 1818 3577 1885 τῦφον,
3607 1819 3689 1873 καὶ

2151 1903 2358 1974 τρυφῆς
2408 1902 2501 1954 καὶ
2559 1901 2774 1972 ἡλικίας
2825 1901 3235 1971 ἐπιλαϐόμεναι,
3283 1900 3531 1970 καθάπερ
3564 1901 3689 1966 τινὲς

2152 1985 2378 2054 ἀθληταὶ
2420 1987 2651 2053 γενναῖοι
2678 1983 2749 2037 τά
2783 1983 2996 2054 μαλακά
3051 1986 3231 2039 ἐκεῖνα
3285 1982 3686 2052 ἀποδυσάμεναι,

2153 2068 2231 2130 είς
2282 2067 2476 2137 μέσους
2523 2066 2781 2134 ἐνέϐησαν
2826 2067 2951 2128 τοὺς
2989 2067 3222 2133 ἀγῶνας.
3277 2068 3388 2120 Kal
3431 2067 3554 2129 ἴσως
3606 2065 3690 2135 μὲν

2153 2151 2355 2203 ἄπιστα
2415 2147 2551 2212 δόξω
2601 2152 2768 2220 ἐρεῖν,
2826 2149 2963 2219 πλὴν
3016 2149 3128 2202 ἀλλ’
3157 2150 3352 2220 ἀληθῆ.
3399 2148 3604 2211 Ταύτας
3635 2148 3690 2221 δὴ

2151 2233 2248 2296 τάς
2272 2232 2442 2295 οὕτως
2471 2233 2681 2296 ἁπαλὰς
2721 2233 2888 2304 κόρας
2920 2234 3126 2303 ἥκουσα
3167 2233 3295 2301 ἐγώ,
3327 2235 3412 2286 ὅτι
3457 2234 3540 2296 ἐἱς
3581 2249 3688 2286 τοσ-

2153 2313 2321 2384 αύτην
2362 2314 2777 2385 σκληραγωγίαν
2821 2315 3013 2378 ἑαυτάς
3050 2315 3275 2385 ἤγαγον,
3305 2315 3383 2378 ώς
3415 2315 3484 2368 τά
3509 2313 3691 2384 τραχύ.

2151 2413 2284 2467 τερα
2304 2395 2413 2448 τῶν
2457 2395 2706 2467 τριχίνων
2760 2395 3070 2467 περιθέσθαι
3100 2397 3304 2450 ἐαυτῶν
3351 2399 3465 2460 τοῖς
3504 2395 3692 2466 σώμασι

2153 2478 2614 2548 γεγυμνωμένοις,
2675 2478 2768 2531 καὶ
2813 2479 3174 2549 ἀνυποδήτους
3215 2473 3356 2534 εἶναι
3377 2481 3476 2541 τὰς
3505 2479 3694 2544 ἁπαλὰς

2155 2561 2389 2632 πτέρνας
2415 2561 2649 2624 ἐκείνας,
2670 2561 2765 2614 καὶ
2789 2562 2881 2614 ἐπὶ
2903 2561 3150 2624 στιϐάδος
3175 2561 3552 2615 κατακεῖσθαι·
3579 2562 3693 2632 μᾶλ-

2155 2643 2243 2697 λον
2266 2643 2323 2697 δὲ
2347 2643 2408 2696 τὸ
2427 2643 2586 2696 πλέον
2613 2644 2971 2714 ἐγρηγορέναι
2997 2644 3095 2714 τῆς
3122 2645 3331 2708 νυκτὸς.
3349 2645 3444 2698 καὶ
3466 2642 3582 2697 οὔτε
3610 2643 3693 2714 μύ-

2158 2743 2274 2796 ρου,
2302 2724 2426 2779 οὔτε
2471 2725 2632 2780 ἀλλου
2655 2726 2798 2790 τινὸς
2834 2727 2940 2780 τῶν
2974 2726 3216 2780 παλαιῶν
3240 2727 3496 2798 πρόνοιαν
3544 2728 3693 2780 ποιεῖ-

2159 2808 2300 2873 σθαι,
2323 2807 2458 2860 ἀλλὰ
2481 2809 2576 2862 καὶ
2626 2807 2725 2879 τὴν
2781 2807 2924 2862 οὕτω
2971 2808 3415 2879 θεραπευομένην
3474 2809 3696 2878 κεφαλὴν

2157 2890 2489 2962 ἀτημέλητον
2516 2889 2680 2960 ἐχειν,
2714 2891 2899 2955 ἁπλῶς
2939 2892 3034 2944 καὶ
3063 2893 3184 2962 είκῆ
3229 2891 3327 2956 τὰς
3350 2893 3540 2964 τρίχας
3567 2892 3695 2945 ἐνδε-

2155 2973 2404 3043 δεμένην,
2435 2973 2573 3026 ὥστε
2618 2973 2693 3043 μὴ
2735 2975 2814 3038 εἱς
2842 2973 3224 3044 ἀσχημοσύνην
3266 2978 3544 3044 ἐμπεσεῖν.
3575 2974 3697 3045 Τρά-

2157 3055 2298 3119 πεζα
2333 3055 2388 3108 δὲ
2415 3056 2788 3118 αύταῖςέστιν
2817 3055 3074 3127 ἐσπερινὴ
3137 3057 3292 3128 μόνη,
3324 3057 3570 3129 τράπεζα
3593 3057 3695 3110 οὐδὲ

2158 3137 2386 3207 λαχάνου
2403 3137 2520 3189 ούδέ
2548 3139 2733 3209 ἄρτου,
2761 3137 2896 3192 ἀλλά
2938 3138 3211 3209 σεμίδαλις
3241 3141 3333 3193 καὶ
3361 3141 3569 3211 κύαμος
3618 3137 3708 3193 καῖ’

2159 3219 2450 3293 ἐρέϐινθος,
2504 3221 2597 3273 xal
2633 3220 2787 3274 ἐλαία
2843 3221 2936 3274 καὶ
2983 3221 3156 3275 σῦκα·
3213 3223 3308 3275 καὶ
3328 3222 3696 3294 ταλασιουργία

2159 3306 2406 3379 διηνεκὴς
2430 3307 2522 3360 καὶ
2551 3306 2660 3360 τῶν
2685 3308 2822 3360 οἴκοι
2852 3307 3238 3378 θεραπαινίδων
3267 3308 3406 3379 ἔργα
3431 3310 3600 3381 πολλῴ
3612 3329 3696 3382 χα·

2160 3388 2456 3458 λεπώτερα.
2488 3390 2553 3441 Τί
2597 3389 2704 3460 γάρ
2727 3407 2742 3456 ;
2769 3390 2867 3453 τὰς
2913 3390 3226 3459 καμνούσας
3267 3393 3331 3446 16
3363 3392 3522 3463 σῶμα
3550 3393 3693 3464 θερα-

2160 3471 2344 3524 πεύειν
2363 3472 2694 3538 ἀνεδέξαντο,
2711 3475 2806 3536 τὰς
2821 3473 3002 3535 κλίνας
3017 3473 3284 3543 βαστάξου
3292 3493 3404 3542 σαι,
3417 3479 3539 3540 τοὺς
3554 3477 3697 3540 πόδας

2161 3553 2464 3607 νίπτουσαι·
2491 3554 2680 3607 πολλαὶ
2729 3555 2786 3607 δὲ
2830 3556 3009 3609 αὐτῶν
3052 3559 3146 3610 καὶ
3188 3558 3589 3629 μαγειρεύουσι.
3614 3560 3699 3612 Το-

2163 3636 2332 3688 σαῦτα
2355 3636 2571 3690 δύναται
2599 3636 2693 3689 τοῦ
2726 3638 2959 3708 Χριστοῦ
2979 3640 3040 3692 16
3066 3639 3194 3711 πῦρ·
3219 3639 3360 3693 οὕτω
3390 3641 3482 3695 καὶ
3510 3640 3698 3710 φύσεως

2159 3717 2426 3792 ἀνώτερον
2455 3721 2487 3788 ή
2523 3721 2820 3790 προθυμία.
2869 3722 3013 3792 Πλὴν
3045 3721 3158 3775 ἀλλ’
3184 3723 3332 3776 οῦδὲν
3351 3723 3584 3778 τοιοῦτον
3605 3722 3700 3792 ἐγὼ

2163 3802 2302 3872 ὑμᾶς
2323 3801 2559 3869 ἀπαιτῶ,
2587 3802 2773 3874 ἐπειδὴ
2803 3803 3053 3872 βούλεσθε
3085 3805 3515 3878 παρελαύνεσθαι
3566 3807 3697 3878 παρά

2162 3901 2451 3953 γυναικων.

2232 3964 2376 4036 [101]
2393 3966 2458 4020 δ’.
2475 3965 2594 4018 Κάν
2620 3966 2749 4035 γοῦν
2763 3967 2864 4022 ὃσα
2881 3972 2954 4045 μὴ
2977 3970 3227 4042 φορτικά,
3239 3971 3413 4026 ταῦτα
3433 3971 3699 4043 πράττετε,

2162 4049 2341 4119 χειρὸς
2371 4051 2618 4117 κρατεῖτε
2643 4050 2737 4103 καὶ
2767 4052 3078 4107 ἀκολάστων
3102 4054 3415 4125 ὀφθαλμῶν.
3433 4057 3497 4108 Τί
3522 4053 3696 4108 δύσκο-

2163 4132 2273 4196 λον,
2296 4132 2416 4184 είπέ
2447 4149 2557 4202 μοι,
2581 4132 2635 4185 τί
2652 4133 2940 4205 δυσχερές;
2969 4137 3160 4191 Δίκαια
3182 4139 3467 4208 πράττετε,
3519 4138 3698 4210 μηδένα

2164 4215 2418 4279 ἀδικεῖτε,
2455 4214 2588 4285 μήτε
2617 4217 2647 4268 6
2666 4217 2854 4286 πένης,
2889 4219 3022 4288 μήτε
3048 4221 3076 4271 6
3100 4220 3369 4285 πλούσιος.
3395 4223 3528 4292 μήτε
3545 4224 3571 4272 6
3588 4222 3697 4288 ἀγο-

2168 4300 2335 4369 ραῖος,
2365 4299 2501 4368 μήτε
2526 4300 2554 4351 ό
2587 4298 2871 4368 μισθωτός·
2891 4301 3004 4354 ἔστι
3025 4302 3130 4374 γὰρ
3163 4305 3255 4357 καὶ
3282 4306 3446 4375 μέχρι
3473 4306 3699 4374 πενήτων

2163 4380 2372 4434 ἀδικίαν
2407 4380 2650 4435 διελθεῖν.
2687 4383 2755 4458 Ἢ
2801 4383 2899 4452 οὐχ
2923 4383 3086 4455 ὁρᾶτε
3136 4386 3306 4449 πόσας
3367 4380 3513 4440 οὗτοι
3543 4388 3700 4458 μάχας

2164 4462 2396 4526 ποιοῦσι,
2447 4463 2541 4517 καὶ
2592 4456 2768 4519 πάντα
2799 4467 3199 4536 ἀνατρέπουσι;
3257 4469 3509 4540 Κέχρησο
3535 4456 3699 4538 γάμῳ,

2165 4547 2252 4617 ἔχε
2277 4546 2486 4610 παῖδας·
2513 4548 2608 4600 καὶ
2637 4546 2844 4611 Παῦλος
2865 4549 3122 4614 τοιούτοις
3143 4551 3427 4614 ἐπέταττε,
3467 4551 3701 4612 τοιούτοις

2166 4631 2391 4704 ἔγραφε.
2419 4631 2605 4701 Μέγας
2625 4632 2830 4694 ἐκεῖνος
2860 4632 2888 4683 ό
2911 4633 3081 4699 ἀγὼν,
3117 4634 3209 4688 καὶ
3234 4635 3434 4705 ὑψηλὸς
3465 4638 3493 4688 6
3522 4635 3700 4687 σκόπε-

2165 4715 2276 4777 λος,
2304 4715 2400 4768 καὶ
2424 4715 2589 4783 ἐγγὺς
2609 4713 2700 4767 τοῦ
2733 4714 2962 4783 ούρανοῦ
2985 4717 3017 4786 η
3042 4717 3272 4787 κορυφὴ,
3297 4718 3392 4771 καὶ
3412 4719 3474 4771 ού
3496 4717 3698 4770 δύνασαι

2168 4797 2368 4866 φθάσαι
2391 4798 2524 4866 πρὸς
2557 4797 2618 4850 16
2656 4798 2823 4867 μέγας
2883 4797 3088 4850 Οὐκοῦν
3141 4798 3241 4852 κᾶν
3268 4799 3374 4852 τῶν
3429 4797 3701 4852 ἐλαττόνων

2168 4882 2311 4950 ἔχου.
2341 4883 2433 4934 καὶ
2464 4881 2569 4934 τῶν
2607 4881 2929 4951 κατωτέρων
2959 4881 3160 4950 ἐφίεσο.
3191 4883 3265 4936 ού
3294 4882 3518 4937 δύνασαι
3547 4880 3699 4936 κενῶ-

2169 4981 2256 5016 σαι
2285 4963 2352 5015 τά
2373 4964 2475 5033 χρή
2485 4979 2656 5033 ματα;
2695 4962 2796 5016 κᾶν
2814 4961 2884 5016 τά
2900 4963 3010 5016 τῶν
3036 4963 3209 5018 ἄλλων
3232 4965 3307 5037 μὴ
3335 4965 3564 5036 ἅρπαζε,
3584 4963 3700 5035 μηδὲ

2167 5046 2358 5100 ἀδίκει.
2393 5047 2468 5098 υύ
2495 5046 2721 5100 δύνασαι
2772 5044 3094 5115 νηστεῦσαις
3126 5047 3226 5102 κάν
3270 5047 3344 5118 μὴ
3376 5051 3457 5112 εἱς
3510 5045 3698 5117 τρυφὴν

2170 5129 2390 5180 σεαυτὸν
2423 5128 2719 5198 ἐξαγάγης,
2740 5129 2814 5182 Ού
2835 5127 3169 5182 δύνασαιέπὶ
3199 5129 3442 5192 στιϐάδος
3464 5128 3699 5183 κατακλι-

2170 5211 2352 5280 θῆναι;
2387 5213 2460 5282 μή
2491 5230 2580 5282 μοι
2626 5213 2811 5275 κλίνας
2847 5213 3267 5284 άργυρενδέτους
3322 5211 3695 5276 κατασκεύαζε.

2170 5295 2303 5349 ἀλλά
2324 5295 2559 5366 κέχρησο
2584 5295 2740 5367 κλίνῃ
2765 5298 2860 5348 καὶ
2889 5295 3167 5366 στρώμασι
3200 5297 3274 5367 μὴ
3310 5298 3444 5368 πρὸς
3463 5295 3698 5361 ἐπίδειξιν

2171 5388 2573 5455 πεποιημένοις,
2605 5388 2738 5442 ἀλλά
2771 5388 2906 5458 πρὸς
2938 5388 3256 5451 ἀνάπαυσιν,
3291 5389 3423 5460 μηδὲ
3444 5384 3697 5456 ἐλεφαντί-

2170 5485 2262 5530 νας
2286 5468 2469 5532 κλίνας
2491 5468 2539 5508 b'
2560 5469 2831 5524 σύστειλον
2862 5471 3071 5525 σαυτόν.
3107 5470 3172 5524 Τί
3194 5472 3399 5542 μυρίων
3425 5469 3696 5539 ἀγωγίμων

2169 5549 2392 5620 πληροῖς
2425 5549 2522 5621 τὴν
2544 5550 2771 5618 ὁλκάδας
2809 5554 2904 5606 Ἂν
2927 5549 2993 5627 ᾖς
3021 5553 3304 5622 εὐσταλὴς,
3337 5553 3482 5606 οὐδὲν
3497 5553 3690 5612 δείσεις,

2167 5631 2227 5683 ού
2253 5632 2464 5699 φθόνον,
2490 5634 2550 5686 ού
2582 5633 2914 5707 λῃστὰς,ούκ
2941 5633 3272 5700 ἐπιϐούλους.
3301 5633 3431 5689 Οὐδὲ
3457 5632 3694 5704 γὰροῦτω

2231 5787 2258 5826 ι’
2285 5787 2430 5850 Marg.
2457 5789 2624 5850 Savil.,
2648 5792 2953 5851 ἐλεφαντίναις
2979 5793 3168 5848 κλίναις.
