3960 6510
237 402 306 457 97
1114 410 1178 466 ΙΝ
1217 412 1424 468 EPIST.
1465 411 1554 467 AD
1592 411 1834 468 EPIIES.
1871 413 2025 491 CAP.
2069 420 2150 476 IV.
2193 422 2418 499 IIQMIL.
2460 427 2595 483 XIII.
3404 444 3475 501 98

303 526 355 581 5.
399 524 604 597 Nostra:
626 541 754 596 ergo
778 536 901 599 sunt
924 536 1097 597 partes
1125 544 1191 583 ne
1210 544 1464 602 exuuntur
1483 526 1799 583 vestimento

222 594 468 684 iustitiae,
501 616 640 685 quod
674 594 926 689 propheta
953 632 1103 671 vocat
1134 619 1506 691 vestimentum
1549 618 1799 672 salutaris

210 709 405 779 ,(f’sal.
436 708 699 783 ίᾷίηίδ),
754 709 965 783 ut‘Deo
1006 708 1174 763 simus
1226 709 1469 765 similes:
1501 710 1615 779 ipse
1657 709 1798 765 enim

230 786 447 852 indutus
476 810 555 855 est
582 800 858 869 justitiam.
887 801 998 857 lloc
1027 800 1346 856 vestimento
1384 800 1683 855 induamur.
1712 800 1800 854 ln-

226 890 318 943 ιιιιί
354 901 530 967 autem
566 892 696 946 nihil
724 892 865 948 aliud
893 892 1176 963 significat,
1209 909 1365 964 quam
1396 910 1681 967 numquam
1707 896 1801 950 de-

226 964 451 1053 ponere.
484 984 621 1037 Audi
647 984 787 1038 enim
815 985 1129 1055 prophetam
1158 985 1440 1050 dicentem,
1477 964 1654 1040 Induit
1689 1003 1799 1057 ma-

206 1058 544 1129 Iledictionem
570 1077 699 1130 sicut
722 1079 1086 1144 vestimentum,
1117 1088 1165 1132 et
1189 1080 1346 1133 veniet
1384 1079 1467 1144 ei;
1509 1089 1562 1133 et
1591 1095 1793 1145 rursus,

224 1166 333 1232 Qui
371 1166 599 1220 induitur
635 1167 823 1223 lumine
868 1178 1123 1239 tamquam
1149 1169 1436 1224 vestimento
1471 1168 1791 1240 (Ρδαιι108.

221 1256 314 1311 18.
360 1266 406 1310 ει
435 1258 558 1329 105.
592 1258 669 1329 2).
709 1259 775 1313 Ει
813 1260 1190 1327 rursusnobis
1236 1276 1350 1316 mos
1386 1270 1469 1315 est
1508 1261 1685 1316 dicere
1727 1261 1796 1315 de

221 1345 554 1415 hominibus,
600 1349 698 1421 llic
743 1351 888 1405 illum
934 1350 1121 1405 induit.
1156 1351 1278 1406 Vult
1323 1353 1499 1423 itaque
1544 1367 1640 1407 nos
1688 1367 1793 1406 non

208 1453 392 1507 unum
414 1454 529 1512 nec
566 1438 722 1506 duos,
754 1455 851 1496 nec
888 1450 992 1497 tres
1021 1441 1160 1504 dies,
1186 1443 1278 1497 sed
1309 1453 1563 1512 perpetuo
1588 1457 1709 1497 esse
1737 1443 1791 1497 in

210 1510 441 1595 virtute,
470 1512 524 1605 et
556 1532 693 1586 hanc
714 1542 912 1587 vestem
940 1549 1228 1604 numquam
1253 1550 1470 1597 exuere.
1512 1536 1791 1592 Hominem

218 1622 368 1674 enim
399 1638 503 1691 non
528 1623 664 1676 adeo
690 1622 911 1695 dedecet
949 1639 1070 1689 esse
1098 1625 1313 1691 ,nudum
1355 1640 1602 1696 corpore,
1633 1636 1791 1696 atque

220 1706 426 1787 nudum
455 1717 644 1772 virtute
669 1734 681 1770 :
714 1718 797 1773 hic
822 1720 1064 1785 conservi
1101 1736 1221 1775 eum
1248 1722 1510 1790 aspiciunt
1538 1722 1790 1785 indecore

220 1820 287 1859 se
312 1817 599 1882 gerentem,
632 1810 740 1865 illic
776 1821 950 1865 autem
982 1812 1235 1867 Dominus
1272 1824 1325 1868 et
1352 1816 1546 1886 angeli.
1577 1816 1633 1871 Si
1661 1832 1789 1887 ergo

218 1899 422 1953 videris
448 1903 746 1970 quempiam
774 1902 971 1969 nudum
1002 1919 1097 1972 per
1123 1905 1291 1973 forum
1334 1906 1783 1976 progredientem,

214 1975 487 2062 die,rogo,
535 1978 640 2047 non
684 2010 824 2064 aegre
855 1996 1003 2050 fers?
1031 1995 1255 2062 Quando
1299 2007 1474 2052 autem
1520 2006 1575 2053 tu
1613 2000 1786 2054 curris

215 2082 318 2136 hac
362 2095 513 2149 veste
563 2086 809 2151 nudatus,
859 2088 983 2158 quid
1028 2088 1300 2154 dicemus?
1334 2089 1449 2145 Non
1496 2090 1644 2146 vides
1687 2093 1786 2147 hos

212 2176 514 2241 mendicos,
537 2192 671 2248 quos
691 2179 923 2235 solemus
945 2196 1135 2236 vocare
1157 2181 1380 2251 Lotagas
1395 2182 1493 2252 (a),
1517 2186 1784 2253 quomodo

211 2265 563 2335 circumeant,
594 2253 861 2340 quomodo
884 2272 1042 2326 etiam
1064 2287 1247 2327 eorum
1277 2275 1660 2331 misereamur?
1679 2276 1781 2332 Sed

211 2369 392 2417 tamen
437 2365 517 2429 eis
563 2380 666 2419 non
714 2365 873 2421 datur
920 2367 1023 2423 ulla
1074 2368 1269 2424 venia:
1302 2386 1483 2441 neque
1518 2373 1658 2427 enim
1703 2374 1783 2428 eis

210 2452 561 2523 ignoscimus,
590 2457 801 2526 quando
829 2458 959 2514 aleis
1000 2459 1245 2517 ludentes
1278 2476 1403 2518 suas
1430 2463 1658 2532 perdunt
1693 2480 1783 2519 ve-

208 2554 342 2600 stes.
386 2547 665 2613 Quomodo
707 2564 834 2619 ergo
878 2550 1034 2606 nobis
1073 2552 1310 2622 ignoscet
1347 2554 1506 2621 Deus,
1559 2555 1650 2625 qui
1681 2557 1781 2610 hoc

208 2638 590 2693 vestimentum
620 2641 1045 2710 perdiderimus?
1084 2644 1312 2710 Quando
1358 2647 1498 2701 enim
1538 2647 1779 2702 diabolus

207 2730 515 2801 quempiam
541 2732 734 2788 viderit
762 2733 959 2788 nudum
986 2735 1201 2800 virtute,
1239 2736 1416 2791 statim
1440 2737 1626 2793 faciem
1655 2738 1777 2792 fuli-

202 2820 331 2886 gine
357 2819 519 2875 illinit
544 2823 877 2893 maculatque
896 2835 951 2880 et
974 2825 1242 2893 obscurat,
1275 2828 1597 2899 sauciatque,
1630 2839 1683 2886 et
1710 2830 1777 2886 ad

204 2925 396 2979 magna
437 2913 598 2987 cogit.
646 2913 821 2970 Simus
864 2915 989 2971 nudi
1036 2918 1294 2995 pecuniis,
1343 2935 1410 2975 ne
1448 2920 1709 2975 nudemur
1745 2936 1776 2975 a

197 3002 406 3071 justitia
438 3006 817 3074 :pecuniarum
864 3010 1089 3064 amictus
1136 3012 1273 3065 hanc
1309 3011 1482 3081 perdit
1523 3024 1722 3068 vestem
1758 3033 1772 3069 :

200 3103 286 3148 cst
306 3095 540 3161 amictus
566 3097 858 3167 spinarum.
888 3098 1045 3155 Tales
1072 3110 1193 3155 sunt
1216 3102 1409 3171 spinte,
1442 3112 1496 3157 et
1520 3119 1625 3174 quo
1651 3104 1773 3174 plu-

198 3199 287 3239 res
312 3186 665 3256 induerimus,
708 3204 773 3244 eo
802 3192 967 3261 magis
990 3192 1270 3257 nudamur.
1302 3193 1627 3265 [inpudicitia
1663 3213 1771 3255 .nu-

195 3276 294 3330 dat
320 3277 423 3332 hac
450 3288 632 3345 veste;
660 3290 743 3335 est
768 3282 911 3336 enim
932 3283 1071 3353 ignis
1099 3301 1113 3337 :
1144 3284 1280 3355 ignis
1302 3297 1479 3341 autem
1508 3291 1774 3349 consumit

196 3368 344 3424 hanc
364 3379 589 3435 vestem.
622 3373 823 3439 Divitis:
851 3386 974 3431 sunt
998 3377 1139 3432 tinea
1169 3395 1181 3432 :
1212 3379 1349 3433 sicut
1375 3380 1512 3435 tinea
1537 3383 1773 3439 corrodit

194 3463 378 3515 omnia
408 3478 507 3519 nec
528 3466 713 3519 sericis
742 3469 935 3536 parcit;
976 3468 1046 3523 ita
1076 3468 1190 3524 haec
1214 3486 1444 3541 quoque.
1477 3472 1601 3529 Haec
1628 3490 1757 3545 ergo

192 3556 379 3607 omnia
401 3548 753 3624 deponamns,
776 3568 833 3612 ιιι
852 3560 1019 3614 simus
1031 3560 1181 3629 justi,
1202 3571 1260 3616 ut
1283 3579 1475 3619 novum
1496 3564 1767 3622 hominem

190 3644 507 3700 induamur.
564 3646 705 3709 Nihil
757 3658 927 3716 vetus,
979 3652 1109 3707 nihil
1151 3655 1291 3724 quod
1335 3667 1581 3727 apparet,
1635 3660 1768 3715 nihil

186 3739 336 3809 quod
358 3742 719 3810 corrumpitur
742 3752 796 3797 et
825 3744 1022 3810 interit,
1052 3748 1437 3815 possideamus.
1462 3750 1642 3819 Virtus
1662 3770 1766 3810 non

189 3840 277 3883 est
303 3831 595 3898 laboriosa,
642 3850 747 3889 non
794 3846 877 3892 est
907 3838 1120 3895 difﬁcile
1160 3850 1217 3895 ut
1254 3857 1320 3896 ex
1360 3857 1422 3897 ea
1466 3855 1626 3901 rectae
1661 3847 1768 3902 sint

186 3923 456 3978 actiones.

265 4014 347 4067 De
390 4014 657 4071 Monachis
697 4028 742 4071 et
782 4018 845 4073 de
896 4020 1179 4092 Virginibus
1237 4022 1435 4080 Christo
1471 4027 1667 4083 dicatis.
1693 4059 1764 4069 —

182 4103 309 4163 Non
341 4107 491 4161 vides
532 4123 627 4162 eos
654 4109 744 4178 qui
770 4120 894 4165 sunt
936 4112 986 4166 in
1033 4116 1337 4185 montibus?
1381 4117 1456 4172 illi
1496 4106 1549 4172 et
1575 4118 1763 4174 domos

185 4197 473 4251 dimittunt
499 4207 555 4253 et
597 4216 789 4256 uxores
817 4212 872 4257 et
912 4203 1107 4260 liberos
1136 4215 1191 4260 et
1233 4223 1445 4263 omnem
1478 4211 1760 4280 praefectu-

184 4304 311 4343 ram
336 4300 387 4344 et
414 4289 948 4362 administrationem,
980 4308 1035 4354 et
1065 4309 1212 4354 extra
1238 4302 1491 4357 mundum
1522 4304 1619 4375 ipsi
1646 4320 1675 4359 a
1702 4320 1762 4361 se

184 4383 380 4450 positi,
411 4398 565 4439 sacco
593 4386 783 4454 induti,
809 4389 1077 4445 substran
1101 4394 1302 4460 cinere,
1329 4397 1468 4451 collo
1485 4399 1760 4473 suspensis

187 4475 407 4542 asperis
449 4476 746 4544 collaribus,
794 4496 913 4536 cum
964 4485 1015 4538 in
1066 4502 1254 4555 parvas
1299 4503 1356 4544 se
1398 4492 1758 4550 concluserint

183 4564 564 4636 domunculas,
592 4586 654 4626 nc
673 4572 740 4627 ad
765 4572 877 4629 base
901 4576 1113 4645 quidem
1138 4594 1305 4649 usque
1324 4583 1639 4650 consistunt,
1662 4585 1755 4640 sed

180 4665 247 4709 et
269 4656 493 4725 jejuniis
512 4671 564 4714 et
589 4662 727 4717 fame
756 4676 1008 4735 perpetua
1036 4684 1096 4722 se
1123 4668 1379 4742 affligunt.
1404 4674 1561 4744 Atqui
1584 4675 1626 4730 si
1655 4692 1755 4747 ego
1778 4690 1783 4691 ’

168 4752 398 4820 quidem
441 4754 557 4810 haec
584 4757 853 4826 juberem,
899 4777 1002 4816 non
1048 4778 1233 4819 omnes
1289 4767 1603 4822 resiliretis?
1646 4786 1753 4826 non

166 4842 436 4898 diceretis
476 4861 589 4900 rem
630 4862 750 4903 esse
785 4866 999 4919 gravem
1036 4862 1089 4907 et
1126 4854 1438 4911 difficilem?
1482 4856 1618 4913 Nihil
1647 4861 1751 4916 tale

163 4938 301 4992 dico
330 4953 427 4993 vos
448 4950 699 5006 oportere
726 4942 900 4999 facere
930 4963 943 4998 :
973 4962 1094 5001 nam
1115 4949 1232 5001 velo
1253 4949 1487 5019 quidem,
1518 4953 1609 5007 sed
1644 4968 1746 5009 non

162 5030 290 5084 fero
315 5031 509 5101 legem.
542 5019 678 5099 Quid
717 5039 892 5106 ergo?
922 5038 1080 5093 Utere
1108 5039 1331 5103 balneis,
1373 5054 1425 5097 et
1470 5058 1592 5097 cura
1623 5060 1744 5099 cor-

162 5134 295 5188 pus,
329 5131 384 5175 et
412 5122 544 5178 vade
572 5126 637 5178 ad
667 5123 865 5191 forum,
895 5138 948 5183 et
986 5128 1121 5184 habe
1148 5130 1383 5195 domum,
1411 5143 1465 5187 et
1492 5134 1585 5187 tibi
1624 5151 1741 5191 ser-

159 5213 322 5267 viant
345 5215 597 5282 ministri,
625 5228 679 5272 et
698 5220 819 5273 cibo
839 5230 1071 5292 potuque
1092 5232 1241 5278 utere
1265 5241 1279 5279 :
1309 5227 1513 5295 expelle
1534 5244 1745 5299 semper

155 5307 451 5361 avaritiam
495 5318 551 5363 et
588 5310 956 5379 cupiditatem.
1012 5315 1103 5370 Illa
1151 5318 1292 5371 enim
1337 5330 1420 5375 est
1458 5337 1576 5392 quae
1617 5323 1744 5380 facit

156 5408 475 5466 peceatum,
497 5411 552 5455 et
575 5404 761 5458 eadem
783 5421 891 5473 res,
922 5407 1038 5476 plus
1056 5400 1210 5478 quam
1234 5425 1329 5480 par
1352 5412 1421 5467 sit
1443 5414 1737 5483 abundans,

150 5486 301 5543 facta
334 5499 417 5545 est
441 5502 741 5561 peccatum.
767 5495 883 5552 Non
898 5508 980 5553 est
1007 5497 1185 5570 itaque
1212 5518 1363 5558 amor
1385 5506 1535 5576 plura
1564 5508 1743 5578 possi-

214 5628 296 5691 (α)
319 5630 400 5715 Ex
425 5633 756 5715 Chrysostomi
766 5639 949 5715 verbis
959 5642 1174 5715 arguitur
1196 5648 1394 5715 Lotagas
1413 5641 1521 5692 illos
1540 5643 1740 5715 circula-

148 5700 293 5743 tores
319 5693 495 5756 fuisse,
515 5693 600 5759 qui
623 5699 883 5761 spectaculi
907 5710 956 5751 et
970 5693 1105 5764 stipis
1127 5693 1359 5765 cogendae
1374 5717 1513 5753 causa
1538 5707 1738 5776 circum-

145 5769 364 5825 quoque
382 5757 741 5825 discurrebant.
765 5760 857 5811 Alii
874 5762 1102 5813 tibicines
1122 5764 1273 5815 fuisse
1295 5765 1461 5815 dicunt
1495 5780 1524 5816 a
1542 5780 1654 5825 λωτὸς
1678 5773 1738 5818 tt-

146 5804 259 5899 6ἱιι..
270 5804 284 5817 ’
294 5804 453 5899 quam
466 5804 636 5871 {nisi
642 5804 741 5899 ὖξῖ
754 5804 1041 5899 ξ
1048 5804 1737 5899 Huiiifn'_£;2§?'qiiae"'iit'ie'i-

148 5881 375 5941 ιιι-βιαιο
396 5895 493 5932 non
517 5881 701 5948 pugnat
722 5899 834 5937 cum
856 5881 948 5939 ista
970 5881 1305 5952 Chrisostomi.

1882 528 2061 607 vdendi
2105 535 2244 593 aliud
2290 554 2447 608 quam
2493 554 2785 617 peceatum.
2833 546 2966 603 Vide
3012 559 3188 625 autem
3215 571 3228 608 :
3258 556 3471 623 animus

1905 635 2023 675 cum
2047 625 2164 693 plus
2188 643 2346 698 quam
2377 647 2468 700 par
2488 634 2557 697 sit
2575 634 2735 690 fuerit
2763 639 3028 708 incitatus,
3057 653 3179 700 tunc
3207 649 3468 707 exsiliens

1907 715 2197 773 maledictis
2240 722 2471 792 impetit,
2519 735 2641 781 tunc
2682 729 2873 798 injuste
2905 732 3028 789 facit
3069 740 3243 806 omnia
3274 759 3286 795 :
3316 758 3471 803 amor

1906 803 2084 869 itidem
2134 824 2457 880 corporum,
2520 820 2798 887 pecuniae,
2849 823 3067 893 gloriae,
3133 838 3187 884 et
3239 816 3469 892 aliorum

1904 900 2160 955 omnium.
2190 903 2297 960 Nec
2322 906 2447 959 mihi
2475 907 2672 965 dixeris
2708 912 2824 966 illos
2850 917 3084 987 potuisse
3108 938 3120 973 :
3149 924 3295 983 multi
3322 928 3466 981 enim

1889 998 1955 1048 te
1986 992 2149 1057 inulto
2178 995 2551 1055 imbecilliores
2575 1012 2627 1058 et
2658 1003 2876 1060 ditiores
2904 1017 2957 1062 et
2981 1009 3315 1083 delicatiores
3342 1034 3464 1075 sus-

1902 1096 2155 1152 ceperunt
2199 1088 2340 1155 illam
2382 1092 2566 1164 duram
2594 1106 2662 1165 et
2702 1112 2946 1168 asperam
2992 1102 3171 1160 vitam.
3225 1108 3289 1163 Et
3335 1113 3463 1181 quid

1901 1173 2021 1229 dico
2047 1178 2232 1233 viros?
2260 1183 2447 1250 puella}
2488 1187 2720 1257 nondum
2751 1190 3129 1259 vigintiannos
3155 1208 3312 1265 nata),
3341 1219 3462 1273 qua:

1902 1264 1952 1318 in
1983 1265 2227 1325 thalamis
2253 1281 2306 1327 et
2338 1274 2387 1327 in
2416 1275 2519 1329 vita
2546 1279 2810 1334 umbratili
2842 1291 3006 1336 totum
3041 1264 3251 1355 tempus
3282 1264 3460 1347 trans-

1900 1370 2131 1425 egerant,
2184 1371 2237 1415 et
2262 1363 2506 1430 jaccbant
2551 1367 2601 1422 in
2634 1368 2892 1441 thalamis
2936 1373 3145 1430 refertis
3183 1386 3462 1450 unguentis

1898 1456 1953 1501 et
1977 1448 2243 1519 snflitibus
2266 1461 2319 1508 et
2344 1454 2395 1509 in
2424 1458 2570 1511 molli
2589 1459 2770 1522 cubili,
2803 1461 2931 1535 ipsa!
2954 1476 3006 1518 et
3038 1476 3219 1535 natura
3253 1448 3459 1540 molles,

1897 1546 1950 1592 et
1980 1541 2136 1611 inulta
2169 1544 2444 1619 curatione
2474 1547 2674 1615 effecta:
2705 1552 2995 1616 molliores,
3022 1558 3214 1625 quibus
3243 1571 3351 1615 toto
3374 1566 3460 1620 die

1895 1634 2094 1687 nullum
2122 1636 2263 1709 aliud
2293 1651 2405 1695 erat
2435 1658 2569 1711 opus
2597 1660 2752 1714 quam
2798 1658 2854 1701 ut
2881 1664 3219 1718 ornarentur,
3266 1667 3322 1714 et
3360 1676 3458 1715 au-

1894 1740 2009 1778 rum
2058 1740 2345 1799 gestarent,
2383 1745 2433 1787 et
2476 1736 2722 1797 omnibus
2752 1741 3055 1799 fruerentur
3078 1747 3312 1817 deliciis;
3343 1770 3461 1823 quin

1880 1832 1997 1893 non
2031 1820 2157 1888 ipsm
2183 1824 2283 1877 sibi
2313 1826 2705 1895 ministrabant,
2737 1832 2827 1886 sed
2858 1838 3051 1891 multas
3080 1839 3341 1897 habebant
3361 1820 3458 1900 an-

1892 1907 2041 1979 cillas
2067 1927 2184 1981 quae
2205 1915 2545 1984 assistebant,
2572 1928 2626 1973 et
2648 1923 2832 1977 molles
2856 1923 3122 1984 habebant
3148 1942 3321 1988 vestes
3344 1937 3457 2005 ipso

1889 2013 2114 2068 Corpore
2140 2004 2431 2077 molliores,
2458 2021 2641 2079 utpote
2662 2012 3070 2083 Iineassnbtiles
3100 2030 3153 2076 et
3177 2004 3456 2093 delicatas,

1878 2099 1941 2167 et
1979 2092 2191 2147 assidue
2233 2098 2459 2177 agebant
2503 2101 2553 2154 in
2594 2104 2730 2173 rosis
2782 2115 2835 2159 et
2865 2107 3169 2177 bujusmodi
3203 2120 3455 2175 suavibus

1892 2181 2143 2249 odoribus
2169 2203 2184 2239 :
2218 2186 2330 2255 ipse
2358 2206 2485 2245 vero
2507 2204 2725 2262 repente
2750 2211 2779 2249 a
2807 2196 3001 2253 Christi
3025 2202 3145 2271 igne
3169 2221 3453 2279 correpta},

1886 2288 2004 2327 cmn
2051 2291 2260 2347 omnem
2305 2279 2448 2334 illam
2497 2286 2774 2341 exuissent
2819 2290 3098 2347 mollitiem
3146 2307 3199 2350 et
3237 2297 3451 2367 fastum,

1878 2363 2215 2433 educationis
2258 2378 2313 2425 et
2351 2373 2523 2435 inlatis
2562 2376 2761 2445 oblitte,
2785 2388 3061 2450 tamquam
3102 2390 3305 2443 strenui
3331 2363 3450 2461 qui;

1884 2457 2004 2511 dam
2032 2460 2266 2529 athletae,
2291 2465 2538 2520 mollibus
2556 2467 2670 2531 illis
2690 2480 2881 2537 exutae,
2911 2473 2964 2527 in
2995 2477 3167 2532 media
3199 2457 3453 2552 ingressa:

1882 2560 2007 2603 sunt
2035 2554 2345 2619 certamina.
2380 2555 2447 2622 Et
2473 2557 2691 2613 videbor
2715 2562 2928 2630 quidem
2952 2566 3131 2627 dicere
3159 2571 3448 2630 incredibi-

1878 2638 1974 2713 lia,
1999 2642 2090 2695 sed
2125 2650 2297 2701 tamen
2321 2661 2465 2702 vera.
2496 2648 2603 2713 Has
2628 2651 2840 2720 quidem
2870 2654 3004 2710 adeo
3034 2660 3230 2716 molles
3251 2667 3453 2732 puellas

1881 2731 2057 2785 audivi
2083 2747 2141 2788 se
2166 2735 2232 2803 ad
2262 2745 2458 2807 tantum
2487 2740 2756 2811 redegisse
2782 2745 2905 2809 vitae
2932 2745 3181 2805 duritiem
3207 2731 3261 2808 et
3288 2771 3447 2826 aspe-

1882 2820 2111 2890 ritatem,
2142 2835 2198 2878 ιιι
2245 2830 2555 2896 aSperrimis
2582 2832 2768 2888 ciliciis
2796 2836 2936 2891 nuda
2976 2854 3071 2897 sua
3102 2856 3322 2912 corpora
3351 2820 3447 2903 ’ἰη-

1879 2910 2125 2983 όυοιεηι,
2165 2926 2218 2970 et
2247 2918 2437 2973 molles
2485 2920 2557 2975 illi
2599 2922 2832 2981 calcanei
2861 2910 3239 3002 nttllis'alliga'ti
3269 2950 3449 2994 essent

1870 3005 2089 3073 calceis,
2137 3018 2190 3062 et
2229 3009 2280 3063 in
2331 3012 2459 3067 toris
2505 3014 2763 3071 cubarent
2806 3020 3093 3088 gramineis
3127 3043 3141 3079 :
3172 3026 3279 3081 imo
3319 3045 3448 3093 vero

1876 3097 2133 3167 majorem
2158 3102 2331 3156 noctis
2346 3113 2552 3172 partem
2571 3107 2870 3178 vigilarent,
2890 3122 2943 3173 et
2970 3128 3069 3168 nec
3090 3120 3440 3189 unguentum,

1876 3207 1976 3247 nec
1999 3194 2283 3263 quidquam
2307 3212 2371 3252 ex
2397 3198 2502 3253 illis
2527 3201 2764 3268 pristinis
2787 3217 3055 3273 curarent,
3089 3210 3182 3264 sed
3204 3221 3257 3276 et
3282 3226 3441 3283 caput

1876 3284 2017 3352 quod
2048 3286 2195 3354 prius
2232 3287 2301 3342 ita
2328 3289 2614 3351 curabatur
2633 3301 2687 3347 et
2715 3297 3024 3365 ornabatur,
3063 3303 3440 3374 negligeretnr,

1878 3380 2077 3429 temere
2101 3384 2155 3430 ct
2184 3377 2645 3436 indiscriminatim
2677 3384 2746 3439 ita
2778 3387 2966 3443 vinctis
2992 3393 3198 3461 capillis
3226 3405 3283 3455 ut
3311 3398 3443 3453 nihil

1876 3464 2133 3522 incideret
2160 3468 2491 3537 indecorum.
2518 3474 2694 3530 Mensa
2722 3487 2897 3541 autem
2936 3489 3020 3537 est
3043 3483 3123 3538 eis
3149 3487 3319 3543 solum
3348 3506 3443 3545 ve-

1873 3561 2129 3627 spertina,
2175 3576 2381 3627 mensa,
2411 3580 2530 3634 quae
2568 3582 2741 3637 neque
2782 3571 2901 3623 olus
2940 3583 3024 3626 est
3062 3590 3233 3645 neque
3263 3581 3433 3647 panis,

1874 3650 1964 3705 sed
1986 3651 2156 3707 simila
2178 3663 2230 3708 et
2260 3653 2374 3709 faba
2395 3668 2445 3711 et
2470 3659 2611 3712 cicer
2630 3669 2683 3713 et
2706 3660 2838 3717 olea:
2855 3674 2907 3717 et
2930 3663 3079 3721 ﬁcus.
3109 3668 3431 3739 Perpetuam

1870 3757 2080 3812 quoque
2105 3751 2189 3799 est
2212 3745 2289 3801 eis
2316 3746 2598 3803 lanificium
2630 3766 2643 3803 :
2667 3761 2721 3807 et
2745 3762 2869 3807 sunt
2895 3770 3076 3810 earum
3099 3774 3256 3828 opera
3278 3762 3435 3835 longe

1869 3835 2109 3902 graviora
2130 3850 2288 3906 quam
2308 3838 2618 3893 ancillarum
2639 3841 3068 3902 domesticarum.
3088 3849 3220 3916 Quid
3245 3855 3386 3909 enim
3410 3856 3434 3910 ἵ

1869 3939 2216 4006 susceperunt
2231 3931 2372 3986 enim
2394 3947 2486 3986 eas
2508 3934 2767 3990 curandas
2787 3954 2903 4006 qua:
2927 3939 3166 3998 laborant
3185 3960 3432 4017 corpore,

1869 4017 2034 4075 lectos
2077 4029 2365 4090 portantes,
2400 4023 2561 4092 pedes
2588 4024 2825 4089 lavantes
2854 4046 2867 4085 :
2902 4032 3079 4085 multa:
3108 4049 3319 4106 quoque
3361 4054 3431 4094 ex

1869 4110 1949 4165 eis
1974 4126 2264 4182 coquorum
2294 4115 2583 4185 funguntur
2605 4119 2801 4177 ofﬁcio.
2828 4122 3058 4181 Tantum
3091 4136 3263 4195 potest
3296 4132 3433 4201 ignis

1867 4201 2065 4267 Christi
2100 4222 2113 4259 :
2144 4206 2214 4260 ita
2240 4215 2481 4269 naturam
2510 4220 2725 4278 superat
2747 4212 2909 4267 animi
2934 4215 3198 4279 alacritas.
3232 4220 3425 4280 Verum

1866 4295 2006 4348 enim
2036 4311 2166 4357 vero
2205 4298 2332 4361 nihil
2382 4298 2485 4355 tale
2526 4316 2555 4353 a
2589 4302 2737 4365 vobis
2784 4305 2971 4374 exigo,
3001 4310 3424 4381 quandoquidem

1864 4389 2023 4442 vultis
2046 4391 2283 4458 superari
2310 4407 2338 4442 a
2371 4392 2697 4447 mulieribus.

1935 4480 1985 4533 4.
2028 4478 2153 4534 Ηωο
2180 4481 2368 4536 saltem
2401 4482 2575 4545 facite,
2604 4500 2721 4553 quae
2760 4501 2865 4541 non
2897 4499 3019 4543 sunt
3042 4492 3221 4560 gravia
3254 4504 3308 4550 et
3331 4496 3427 4551 dif-

1862 4570 2023 4626 ficilia
2056 4588 2070 4625 :
2101 4587 2315 4627 manum
2348 4576 2618 4633 continete
2643 4587 2697 4632 et
2727 4578 3025 4650 impudicos
3052 4586 3254 4641 oculos.
3285 4589 3421 4658 Quid

1860 4664 1982 4729 hoc,
2013 4665 2099 4721 dic
2126 4666 2275 4729 mihi,
2302 4677 2386 4723 est
2409 4685 2589 4739 grave,
2617 4671 2744 4742 quid
2772 4673 3030 4731 difﬁcile?
3053 4676 3201 4734 Justa
3240 4682 3417 4749 facite,

1858 4758 2057 4813 nemini
2085 4759 2330 4829 injuriam
2362 4761 2569 4829 inferte,
2601 4779 2772 4835 neque
2799 4781 3020 4837 pauper,
3050 4785 3220 4839 neque
3246 4774 3413 4840 dives,

1858 4867 2032 4922 neque
2059 4853 2146 4923 qui
2176 4854 2227 4909 in
2258 4853 2374 4909 foro
2399 4858 2649 4922 versaris,
2682 4872 2779 4913 nec
2811 4859 2900 4928 qui
2928 4875 2986 4915 es
3012 4867 3373 4921 mercenarius
3401 4887 3415 4922 :

1856 4956 2029 5015 potest
2054 4947 2196 5002 enim
2236 4949 2395 5002 etiam
2425 4948 2490 5003 ad
2520 4965 2778 5018 pauperes
2812 4965 2979 5021 usque
3004 4957 3291 5022 pervadere
3333 4960 3415 5013 iu-

1849 5037 2075 5107 justitia.
2120 5038 2231 5093 Non
2260 5039 2450 5095 videtis
2477 5056 2635 5109 quam
2664 5041 2858 5096 multas
2889 5043 2971 5097 isti
3020 5046 3163 5102 cient
3191 5064 3414 5118 pugnas,

1853 5139 1907 5183 et
1945 5140 2191 5184 evertunt
2234 5131 2452 5185 omnia?
2479 5130 2642 5186 Utere
2688 5134 3045 5199 matrimonio,
3092 5137 3226 5193 habe
3255 5141 3415 5195 filios.

1853 5222 2025 5276 Etiam
2055 5221 2247 5276 Paulus
2278 5223 2355 5276 eis
2398 5223 2758 5291 principiebat,
2805 5232 2862 5279 et
2889 5225 2954 5278 ad
2994 5242 3088 5281 eos
3127 5230 3409 5285 scribebat.

1849 5312 2090 5382 Magnum
2120 5312 2347 5366 estillud
2370 5322 2661 5379 certamen,
2689 5324 2744 5368 et
2769 5314 2908 5370 altus
2935 5318 3203 5385 scopulus,
3231 5329 3286 5374 et
3316 5335 3410 5375 ca-

1846 5422 2036 5477 cumen
2059 5417 2141 5460 est
2167 5406 2300 5461 caelo
2324 5408 2708 5476 propinquum;
2741 5424 2912 5478 neque
2935 5418 3086 5478 potes
3106 5409 3170 5463 ad
3190 5410 3239 5463 id
3266 5412 3408 5480 quod

1848 5474 2095 5570 magnum
2122 5508 2205 5553 est
2235 5497 2549 5567 pervenire?
2575 5497 2775 5553 Minora
2804 5513 2933 5566 ergo
2962 5499 3148 5552 saltem
3177 5510 3404 5564 sectare,

1846 5605 1899 5651 et
1922 5595 2163 5650 desidera
2195 5608 2312 5663 qua:
2356 5600 2479 5645 sunt
2513 5590 2784 5647 inferiora.
2818 5589 2932 5643 Non
2963 5599 3113 5658 potes
3155 5593 3407 5659 pecunias

1847 5688 2168 5744 effundere?
2200 5686 2399 5741 Saltem
2432 5699 2493 5737 ea
2519 5697 2637 5752 qua:
2659 5690 2781 5734 sunt
2802 5680 3028 5734 aliorum
3056 5681 3163 5735 noli
3190 5698 3404 5754 rapere,

1812 5790 1945 5837 'nec
1986 5779 2067 5834 fac
2111 5777 2376 5848 injuriam.
2423 5774 2537 5829 Non
2584 5782 2734 5842 potes
2774 5771 3054 5841 jejunare?
3095 5773 3295 5830 Saltem
3340 5791 3409 5831 ne

1847 5873 2204 5947 progrediaris
2232 5872 2298 5927 ad
2337 5868 2575 5926 delicias.
2602 5865 2717 5922 Non
2739 5875 2889 5938 potes
2915 5866 2969 5923 in
2996 5876 3115 5923 toro
3141 5867 3404 5925 hcrbaceo
