3960 6526
589 440 659 498 99
1219 435 1276 491 S.
1313 433 1584 492 JOANNIS
1619 432 2087 490 CHRYSOSTOMI
2128 434 2435 490 ARClllEP.
2477 435 2999 494 CONSTANTINOP.
3666 462 3743 518 ,ορ

588 555 820 611 cubare?
860 553 937 608 Ne
975 550 1100 606 mibi
1129 563 1407 618 compares
1437 549 1605 602 lectos
1648 555 1869 618 argento
1907 558 2144 611 ornatos,

587 649 684 704 sed
714 649 850 702 lecto
875 657 1025 700 utere
1053 653 1107 699 et
1129 643 1396 712 stragulis,
1425 657 1528 696 non
1563 642 1712 695 factis
1740 641 1804 694 ad
1833 640 2146 694 ostentatio-

589 756 733 803 nem,
772 737 864 792 sed
902 735 966 790 ad
1015 735 1272 804 requiem,
1321 748 1490 802 neque
1532 733 1695 787 lectos
1732 732 2038 785 eburneos:
2071 740 2147 783 leo

587 829 756 898 ipsum
783 825 1054 881 contrahe.
1075 824 1210 892 Quid
1244 822 1712 876 innumerabilibus
1733 837 1848 889 quzu
1873 820 2145 888 importari

586 925 806 988 possunt
832 931 1022 970 navem
1062 915 1250 984 imples
1281 912 1612 966 onerariam?
1649 911 1704 966 Si
1731 913 1804 965 sis
1843 910 2143 964 moderatus

581 1023 632 1064 et
671 1009 1018 1077 compositus,
1066 1006 1193 1061 nihil
1221 1006 1451 1071 timebis,
1485 1020 1588 1058 non
1618 1003 1891 1069 invidiam,
1932 1018 2034 1055 non
2063 1003 2142 1055 la-

578 1113 785 1162 trones,
825 1115 931 1156 non
983 1099 1336 1154 insidiatores.
1387 1097 1502 1151 Non
1549 1097 1690 1149 enim
1735 1111 1795 1150 es
1842 1105 1946 1149 tam
1994 1094 2144 1148 dives

582 1194 840 1263 pecuniis,
879 1209 1036 1262 quam
1067 1193 1206 1246 euris
1240 1209 1252 1244 :
1283 1206 1386 1244 non
1418 1191 1486 1243 ita
1527 1187 1766 1241 abundas
1794 1187 2142 1256 possessioni-

581 1285 682 1340 bus
721 1294 781 1339 ut
822 1284 1105 1354 angoribus
1145 1293 1198 1337 et
1228 1281 1492 1352 periculis.
1544 1280 1641 1346 Qui
1675 1279 1911 1332 ditescere
1949 1279 2139 1340 volunt,

580 1378 768 1448 inquit.
801 1377 1092 1430 tentationes
1138 1385 1182 1427 et
1211 1371 1635 1442 concupiscentia;
1660 1371 1836 1423 noxias
1863 1369 1956 1422 sibi
1985 1369 2139 1420 indu-

579 1479 698 1522 cunt
728 1469 804 1537 (1.
834 1467 968 1522 Tim.
994 1467 1045 1521 6.
1081 1466 1161 1535 9).
1193 1465 1316 1520 lla'c
1358 1465 1618 1518 sustinent
1644 1463 1730 1531 qui
1763 1461 1925 1515 multa
1956 1461 2140 1515 volunt

578 1561 870 1630 possidere.
914 1559 1027 1613 Non
1071 1558 1210 1622 dico,
1256 1557 1487 1611 Ministra
1519 1555 1810 1619 laboranti;
1856 1565 1910 1608 at
1952 1555 2138 1608 saltem

576 1655 707 1724 jube
735 1669 898 1723 puero
942 1662 1000 1707 ut
1035 1653 1134 1706 hoe
1161 1653 1334 1706 faciat.
1367 1651 1528 1705 Vides
1553 1667 1708 1720 quam
1748 1667 1852 1705 non
1882 1649 1951 1704 sit
1978 1664 2140 1720 grave

573 1755 630 1800 et
649 1746 926 1800 molestum
946 1745 969 1797 ?
989 1743 1254 1814 quomodo
1280 1743 1418 1796 enim
1446 1751 1608 1807 esset,
1627 1758 1744 1796 cum
1773 1752 1967 1796 tenerae
1991 1741 2136 1810 puel-

575 1838 640 1892 he
667 1838 822 1904 longo
865 1838 1034 1905 spatio
1079 1853 1174 1890 nos
1204 1836 1565 1903 exsuperent?
1595 1835 1698 1888 Nos
1728 1835 1944 1904 pudeat,
1983 1848 2134 1901 rogo,

570 1929 713 1999 quod
741 1930 792 1983 in
829 1928 891 1981 iis
921 1943 1038 1996 qua:
1067 1928 1133 1980 ad
1174 1926 1424 1980 mundum
1463 1926 1728 1995 pertinent
1770 1939 2027 1993 nusquam
2059 1927 2135 1976 eis

569 2019 828 2081 cedimus,
867 2032 970 2071 non
1001 2019 1052 2071 in
1083 2017 1259 2082 bellis,
1292 2033 1395 2070 non
1428 2016 1479 2068 in
1509 2015 1916 2078 certaminibus;
1952 2015 2002 2067 iii
2025 2013 2135 2082 spi-

574 2109 852 2164 ritualibus
875 2117 1052 2164 autem
1073 2107 1452 2162 certaminibus
1481 2106 1598 2176 plus
1624 2122 1782 2176 quam
1811 2120 1906 2158 nos
1932 2105 2131 2169 ferunt,

570 2208 626 2253 et
660 2198 859 2268 majora
901 2198 1112 2267 rapiunt
1138 2198 1373 2267 praemia,
1402 2207 1454 2250 et
1481 2197 1660 2250 volant
1683 2196 1840 2249 altius
1866 2204 2133 2264 tamquam

567 2290 807 2361 quaedam
835 2291 1022 2360 aquila:
1047 2308 1060 2343 :
1090 2304 1187 2343 nos
1216 2299 1389 2343 autem
1414 2298 1677 2358 tamquam
1700 2288 1896 2358 graculi
1933 2286 2135 2341 inferne

565 2384 706 2435 circa
739 2380 975 2435 nidorem
1001 2389 1054 2434 et
1080 2381 1277 2434 futnum
1306 2395 1516 2448 semper
1544 2394 1836 2433 versamur.
1867 2379 1958 2432 Est
1990 2377 2132 2432 enim

567 2487 626 2525 re
652 2486 773 2526 vera
796 2470 1132 2540 graculorum
1175 2477 1229 2524 ct
1255 2469 1585 2539 liguritorum
1619 2484 1808 2523 canum
1835 2468 1902 2522 de
1929 2483 2128 2523 mensa:

555 2561 910 2620 structoribus
925 2568 977 2615 et
993 2559 1443 2628 coquiscogitare.
1475 2559 1607 2613 Audi
1636 2559 1838 2628 priscas
1867 2558 2126 2613 feminas:

565 2670 768 2724 magna!
793 2655 956 2717 enim,
988 2668 1190 2722 magna:
1218 2662 1270 2707 et
1294 2651 1632 2706 admirabiles
1659 2650 1872 2707 fuerunt
1896 2651 2126 2714 feminae,

563 2757 622 2800 ut
661 2746 810 2809 Sara,
846 2746 1103 2810 Rebecca,
1135 2744 1353 2809 Rachel,
1383 2744 1610 2808 Debora,
1639 2746 1791 2798 Anna
1821 2761 1837 2798 :
1865 2745 2131 2813 etiamque

563 2849 803 2906 tempore
831 2837 1024 2892 Christi
1049 2836 1184 2890 tales
1203 2845 1392 2899 erant;
1424 2835 1519 2889 sed
1547 2835 1690 2888 viros
1719 2849 1976 2904 nusquam
2004 2844 2128 2888 sunt

563 2938 945 3000 pnetervectee,
989 2929 1082 2983 sed
1111 2929 1286 2982 locum
1323 2927 1576 2981 tenebant
1615 2927 1906 2982 secundum
1939 2943 1953 2979 :
1988 2941 2128 2980 nunc

563 3031 740 3076 autem
785 3031 970 3075 contra
1017 3021 1227 3076 femina:
1270 3034 1367 3074 nos
1410 3030 1732 3088 praetereunt
1775 3029 1826 3074 et
1873 3019 2130 3075 obscuros

568 3115 815 3169 reddunt.
856 3115 1024 3180 Quam
1068 3121 1152 3166 est
1194 3111 1294 3165 hoc
1330 3111 1608 3165 ridiculum
1645 3121 1698 3165 et
1736 3125 1891 3180 quam
1924 3111 2126 3179 puden-

562 3206 719 3260 dum!
753 3204 858 3259 Nos
883 3205 1055 3258 locum
1083 3212 1323 3257 tenemus
1349 3201 1554 3270 capitis,
1582 3211 1636 3254 et
1658 3200 1918 3254 vincimur
1946 3215 1975 3253 a
2004 3215 2126 3253 eor-

564 3302 733 3368 pore?
779 3295 1067 3351 Constituti
1093 3309 1276 3348 sumus
1319 3304 1376 3347 ut
1420 3293 1499 3347 eis
1545 3295 1864 3363 imperemus
1898 3311 1910 3346 :
1941 3302 2130 3348 nonut

563 3390 734 3442 solum
776 3388 1116 3456 imperemus,
1153 3385 1244 3440 sed
1285 3385 1609 3454 imperemus
1655 3385 1704 3439 in
1744 3385 1958 3440 virtute.
1997 3385 2125 3440 Nam

562 3482 652 3549 qui
683 3479 930 3547 imperat,
962 3478 1060 3532 hoc
1089 3477 1316 3531 maxime
1352 3477 1512 3530 debet
1551 3476 1834 3545 imperare,
1868 3485 1924 3530 ut
1954 3477 2128 3532 vincat

561 3571 758 3625 virtute
791 3588 804 3624 :
836 3569 918 3623 sin
943 3579 1119 3622 autem
1148 3579 1450 3637 superatur,
1497 3582 1603 3621 non
1640 3567 1868 3637 amplius
1903 3566 2129 3637 imperat

563 3678 662 3716 nec
689 3669 831 3716 tenet
859 3660 1232 3730 principatum.

636 3754 906 3808 Mulierum
932 3753 1134 3805 virtutes
1156 3761 1200 3804 et
1225 3751 1363 3804 vitia.
1387 3779 1456 3789 ——
1478 3748 1693 3804 Vidistis
1713 3759 1905 3819 quanta
1927 3749 1994 3803 sit
2022 3749 2127 3802 vir-

561 3859 644 3902 tus
669 3847 925 3902 adventus
945 3843 1180 3898 Christi?
1208 3842 1472 3912 quomodo
1495 3833 1914 3897 exsecrationem
1943 3842 2121 3896 solve-

561 3942 629 3995 rit
660 3951 712 3992 et
732 3937 1156 3992 maledictionem
1173 3936 1196 3988 ?
1215 3935 1396 3988 Plures
1427 3936 1566 3989 enim
1591 3943 1714 3988 sunt
1734 3933 1966 4002 virgines
1987 3933 2124 4002 apud

563 4033 833 4095 mulieres,
866 4028 1036 4098 major
1061 4038 1144 4082 est
1169 4027 1305 4096 apud
1338 4027 1456 4081 illas
1484 4026 1829 4097 temperantia
1856 4034 1912 4081 et
1937 4025 2122 4080 mode-

560 4125 717 4185 ratio,
763 4121 943 4192 plures
969 4119 1247 4173 viduitates
1277 4137 1289 4170 :
1317 4117 1520 4172 nullutn
1561 4117 1781 4172 verbum
1817 4116 2123 4171 obscmnum

562 4214 758 4268 femina
800 4213 905 4266 cito
943 4209 1200 4265 emiserit.
1227 4207 1337 4262 Cur
1367 4219 1420 4261 ιιι
1458 4223 1608 4276 ergo,
1637 4206 1724 4261 die
1763 4206 1913 4271 mihi,
1948 4206 2118 4276 turpia

2255 557 2308 600 et
2333 548 2578 601 obscmna
2603 549 2874 616 loqueris?
2910 550 2984 604 Ne
3027 551 3159 604 mihi
3189 551 3331 608 enim
3360 555 3540 617 dixeris
3567 566 3744 630 femina,

2253 635 2551 704 deploratas
2579 649 2698 692 :est
2725 639 2934 707 quidem
2975 656 3137 708 genus
3168 644 3439 701 mulierum
3465 654 3536 706 sui
3565 668 3742 719 ornandi

2251 727 2563 790 Studiosum,
2591 738 2645 782 et
2671 727 2769 782 hoc
2797 740 2878 784 est
2901 731 3017 799 ejus
3035 731 3304 788 delictum.
3347 736 3445 793 Sed
3471 742 3516 797 in
3538 744 3624 802 hoc
3644 767 3744 820 quo.

2251 834 2354 887 que
2382 830 2474 872 vos
2502 820 2599 873 viri
2631 821 2860 887 vincitis,
2883 824 2970 891 qui
3002 823 3103 878 illis
3124 840 3277 895 atque
3296 827 3602 892 delectamini
3623 853 3743 914 atque

2250 921 2434 963 ornatu
2468 914 2697 979 proprio.
2725 912 2837 966 Non
2860 913 3001 968 enitn
3029 916 3277 971 existimo
3299 922 3555 979 mulierem
3579 929 3639 984 ita
3661 912 3746 994 suis

2249 1007 2422 1057 aureis
2467 1007 2641 1057 ornari
2681 1007 3029 1072 ornamentis,
3073 1017 3128 1061 ut
3158 1011 3401 1066 maritum
3444 1020 3602 1076 uxoris
3627 1041 3639 1079 :
3664 1042 3746 1086 non

2251 1093 2320 1146 ita
2352 1094 2450 1148 sibi
2483 1097 2652 1164 placet
2695 1097 2765 1150 ob
2811 1113 2994 1152 zonam
3037 1113 3274 1168 auream,
3319 1121 3469 1173 quain
3498 1116 3619 1178 quod
3644 1133 3746 1174 utor

2247 1198 2435 1238 aurum
2474 1194 2661 1254 gestet.
2692 1185 2864 1253 Quare
2890 1187 2943 1241 in
2971 1203 3063 1243 vos
3087 1206 3298 1261 quoque
3323 1209 3475 1250 causa
3502 1213 3574 1255 est
3598 1210 3743 1263 confe-

2227 1275 2429 1339 renda,
2457 1275 2545 1344 qui
2571 1277 2852 1330 scintillam
2883 1279 3123 1333 excitatis
3161 1293 3214 1335 et
3247 1282 3506 1342 flammam
3546 1301 3747 1352 accendi-

2247 1365 2333 1418 tis.
2361 1367 2566 1436 Alioqui
2588 1379 2762 1422 autem
2787 1385 2888 1424 non
2915 1381 2997 1426 est
3023 1381 3223 1427 tantum
3244 1387 3506 1444 peceatum
3534 1387 3742 1456 mulieris,

2245 1466 2494 1523 quantum
2526 1469 2608 1512 est
2633 1459 2684 1512 in
2714 1459 2845 1513 viro.
2873 1460 2951 1514 Tu
2975 1477 3034 1516 es
3060 1466 3376 1520 constitutus
3405 1479 3458 1522 ut
3477 1470 3604 1527 illam
3629 1493 3746 1532 com.

2245 1560 2449 1614 ponas:
2483 1549 2676 1615 ubique
2723 1550 2804 1603 vis
2849 1550 3044 1606 habere
3082 1554 3278 1622 primas
3324 1567 3496 1625 partes
3527 1579 3537 1615 :
3566 1579 3672 1634 ergo
3704 1569 3745 1624 in

2246 1637 2344 1690 hoc
2371 1653 2578 1706 ququ
2605 1641 2826 1695 ostende
2854 1655 2919 1696 ex
2948 1643 3106 1697 rebus
3132 1644 3254 1712 tuis,
3285 1649 3424 1716 quod
3449 1651 3579 1707 illius
3602 1671 3748 1726 super-

2241 1732 2456 1786 vacanei
2483 1744 2724 1803 sumptus
2751 1735 2890 1788 nulla
2923 1735 3014 1790 tibi
3039 1738 3108 1792 sit
3134 1739 3286 1793 ratio.
3322 1741 3416 1796 Est
3433 1749 3586 1815 magis
3607 1762 3746 1819 aptum

2242 1835 2294 1879 et
2318 1826 2640 1880 conveniens
2666 1829 2872 1882 mulieri
2897 1838 2953 1882 ut
2971 1842 3210 1896 ornetur,
3239 1850 3394 1902 quain
3423 1837 3549 1891 viro.
3569 1840 3748 1908 Quando

2243 1929 2370 1984 ergo
2417 1927 2468 1968 tu
2502 1933 2604 1971 non
2644 1917 2852 1988 effugis,
2889 1922 3155 1989 quomodo
3183 1922 3275 1977 illa
3317 1925 3562 1996 effugiet?
3586 1931 3748 1989 Habent

2243 2005 2346 2059 illa:
2375 2007 2532 2060 etiam
2560 2008 2840 2076 quamdam
2882 2009 3089 2065 inanem
3117 2013 3374 2082 gloriam;
3417 2018 3509 2071 sed
3534 2019 3623 2074 hoc
3646 2038 3748 2092 quo-

2239 2112 2342 2165 que
2381 2107 2463 2150 est
2487 2098 2612 2151 viris
2650 2113 2933 2156 commune
2965 2119 2980 2158 :
3009 2112 3133 2157 sunt
3171 2104 3466 2172 iracundae;
3511 2121 3560 2164 et
3584 2110 3670 2167 hoc
3690 2126 3751 2168 est

2238 2202 2538 2242 commune.
2576 2189 2632 2242 ln
2675 2190 2866 2259 quibus
2907 2201 3082 2247 autem
3113 2206 3382 2263 superant,
3429 2214 3488 2253 ea
3531 2217 3625 2256 non
3657 2216 3753 2259 sunt

2237 2278 2463 2347 amplius
2493 2283 2814 2348 communia,
2861 2285 3173 2354 gravitatem
3200 2288 3322 2343 dico
3366 2301 3420 2346 et
3446 2293 3750 2364 honestatem,

2238 2369 2520 2433 fervorem,
2553 2373 2814 2440 pietatem,
2848 2389 2972 2444 erga
2999 2376 3265 2434 Christum
3292 2381 3641 2440 dilectionem.
3667 2390 3751 2444 Cur

2235 2479 2380 2531 ergo,
2413 2464 2638 2534 inquies,
2683 2467 2762 2520 eis
2791 2467 3063 2524 interdixit
3101 2473 3228 2526 sede
3254 2474 3531 2531 doctoris?
3573 2480 3655 2535 Est
3677 2485 3755 2536 hoc

2234 2569 2443 2624 quoque
2487 2557 2713 2626 signum,
2743 2560 2882 2629 quod
2922 2563 3142 2618 multum
3182 2565 3406 2622 interest
3449 2570 3582 2625 inter
3615 2587 3754 2628 easet

2234 2647 2395 2710 viros,
2434 2658 2488 2702 et
2511 2651 2650 2720 quod
2679 2666 2882 2722 magna:
2911 2654 3104 2710 fuerint
3128 2673 3246 2726 qua:
3272 2670 3399 2714 tunc
3441 2676 3603 2718 erant.
3628 2666 3758 2721 Paulo

2234 2737 2518 2805 enim,die,
2537 2755 2736 2811 quteso,
2769 2743 2994 2799 docente
3021 2756 3074 2800 et
3107 2747 3261 2803 Petro
3290 2751 3397 2804 illis
3425 2754 3631 2818 sanctis,
3664 2775 3753 2808 lllll-

2233 2832 2486 2886 lieremne
2513 2834 2579 2888 ad
2618 2850 2734 2889 eam
2771 2852 2882 2890 rem
2914 2839 3157 2905 prosilire
3183 2846 3494 2911 oporteret?
3523 2846 3658 2901 Nunc
3684 2864 3758 2900 au-

2235 2936 2336 2979 tem
2365 2941 2430 2980 eo
2469 2927 2708 2982 venimus
2754 2931 3002 3000 nequitia:
3040 2943 3094 2986 et
3133 2934 3511 3003 improbitatis,
3557 2940 3757 2993 utetiam

2233 3015 2425 3070 merito
2467 3028 2735 3086 quaeratur
2778 3035 2874 3074 cur
2919 3038 3022 3076 non
3063 3023 3256 3078 docent
3306 3028 3600 3084 mulieres:
3629 3047 3762 3098 usque

2231 3107 2364 3162 adeo
2388 3108 2696 3164 advenimus
2721 3111 2788 3165 ad
2816 3127 2995 3166 earum
3029 3114 3469 3173 imbecillitatem.
3520 3120 3634 3174 llaec
3654 3120 3759 3183 dixi,

2233 3215 2336 3253 non
2361 3200 2502 3270 quod
2529 3202 2686 3256 velim
2717 3217 2807 3258 eas
2833 3203 3108 3270 extollere,
3144 3207 3236 3262 sed
3279 3210 3438 3264 nobis
3474 3211 3598 3281 ipsis
3625 3212 3764 3281 pudo-

2233 3309 2344 3348 rem
2375 3293 2640 3361 incutere,
2673 3296 2991 3368 erudireque
3011 3307 3065 3354 et
3086 3315 3324 3365 monere,
3356 3313 3413 3356 ut
3439 3303 3701 3372 imperium
3725 3314 3765 3357 et

2234 3384 2583 3453 principatum
2607 3387 2696 3454 qui
2728 3387 2880 3442 nobis
2920 3391 3165 3445 convenit
3209 3394 3585 3462 suscipiamus,
3613 3409 3768 3449 nonut

2229 3477 2396 3530 simus
2432 3480 2682 3546 majores,
2710 3480 2804 3535 sed
2843 3489 2900 3534 ut
2941 3483 3313 3551 provideamus
3357 3497 3414 3542 et
3439 3504 3615 3542 curam
3641 3506 3767 3558 gera-

2231 3582 2348 3621 mus
2368 3577 2423 3622 et
2441 3583 2507 3622 ex
2531 3570 2725 3625 virtute
2743 3571 2903 3626 vitam
2927 3573 3280 3630 instituamus.
3308 3577 3462 3633 Tunc
3486 3581 3622 3635 enim
3652 3581 3696 3633 in
3720 3595 3770 3632 eo

2231 3669 2370 3713 statu
2402 3660 2455 3713 in
2480 3677 2586 3731 quo
2621 3664 2871 3717 convenit
2916 3665 3019 3720 erit
3043 3681 3257 3737 corpus,
3296 3672 3518 3739 quando
3543 3673 3768 3742 Optimum

2231 3751 2522 3820 principem
2559 3754 2648 3823 qui
2695 3755 2744 3809 ei
2785 3753 3007 3825 imperet
3051 3757 3208 3813 fuerit
3247 3773 3620 3832 assequutum.
3647 3763 3773 3818 Fuit

2229 3848 2408 3895 autem
2451 3842 2591 3898 Deus
2631 3852 2688 3897 ut
2721 3854 2775 3899 et
2812 3845 3022 3901 feminae
3060 3858 3114 3903 et
3155 3850 3253 3904 viri
3300 3853 3371 3906 ad
3417 3854 3513 3908 Dei
3557 3855 3770 3923 placitum

2230 3947 2415 3986 omnes
2455 3935 2655 4000 vivant,
2701 3945 2758 3990 ut
2783 3936 2924 4006 digni
2966 3954 3151 3994 omnes
3193 3941 3494 3999 habeamur
3525 3947 3574 3999 in
3602 3947 3684 3999 illo
3707 3945 3775 3999 die

2232 4024 2454 4078 terribili
2499 4026 2589 4095 qui
2635 4026 2872 4082 fruamur
2917 4029 3239 4100 benignitate
3284 4034 3526 4101 Domini,
3572 4050 3620 4091 et
3667 4039 3773 4089 bona

2231 4117 2487 4184 promissa
2542 4134 2967 4190 consequamur,
3018 4124 3070 4178 iti
3126 4124 3346 4182 Christo
3400 4127 3533 4184 Jesu
3588 4130 3777 4183 Domino

2232 4215 2434 4262 nostro.

562 4340 3780 4367 MM

1899 4415 2242 4476 HOMILIA
2287 4416 2456 4477 XIV.

561 4564 688 4619 CAP.
737 4564 790 4617 4.
839 4577 892 4616 v.
931 4560 1022 4616 25.
1056 4560 1273 4630 Propter
1296 4559 1431 4629 quod
1459 4559 1764 4629 deponentes
1791 4561 2124 4626 mendacium,

633 4656 892 4726 loquimini
927 4656 1179 4708 veritatem
1219 4655 1554 4722 unusquisque
1586 4669 1700 4706 cum
1745 4655 1973 4723 proximo
2000 4670 2092 4707 suo
2112 4671 2132 4708 :

633 4749 866 4818 quoniam
911 4763 1082 4800 sumus
1107 4746 1313 4799 invicem
1353 4746 1591 4798 ntembra.
1641 4744 1730 4798 26.
1774 4743 2065 4798 Irascimlni
2087 4754 2133 4798 et

637 4839 789 4893 nolite
835 4853 1039 4907 peccare
1074 4852 1092 4890 :
1130 4837 1206 4890 sol
1259 4853 1359 4890 non
1401 4836 1596 4889 occidat
1636 4852 1784 4901 super
1819 4836 2133 4889 iracundiam

637 4943 848 4988 vestram
877 4948 894 4985 :
922 4931 1012 4985 27.
1038 4929 1190 4984 nolite
1221 4929 1385 4983 locum
1412 4929 1534 4982 dare
1559 4929 1778 4982 diabolo.

639 5029 687 5080 l.
723 5023 854 5079 Cum
883 5023 952 5077 de
979 5024 1142 5077 veteri
1191 5022 1406 5076 homine
1450 5021 1698 5075 universe
1741 5021 1966 5076 dixisset
1995 5031 2048 5076 et
2079 5023 2130 5075 in

564 5131 779 5187 genere,
794 5114 902 5184 jam
926 5129 1045 5168 eum
1072 5113 1323 5167 describit
1347 5112 1505 5166 etiam
1537 5112 1822 5182 sigillatim.
1849 5111 1971 5166 Haec
1991 5113 2132 5166 enim

564 5207 806 5262 doctrina
833 5215 914 5259 est
945 5204 1150 5258 facilior
1172 5202 1239 5257 ad
1269 5203 1597 5266 discendum,
1631 5201 1841 5271 quando
1867 5203 2025 5256 etiam
2052 5204 2133 5256 di-

564 5301 762 5357 scimus
805 5297 1131 5368 singulatim.
1173 5294 1307 5360 Quid
1339 5303 1516 5348 autem
1547 5293 1713 5347 dicit?
1756 5292 1970 5363 Propter
1998 5293 2131 5364 quod

566 5393 867 5459 deponentes
891 5385 1227 5440 mendacium.
1257 5385 1406 5451 Quod
1448 5384 1818 5438 mendacium?
1845 5400 1971 5438 num
2006 5385 2133 5439 dicit

566 5483 736 5538 idola?
757 5481 869 5536 Non
899 5479 964 5534 de
991 5479 1056 5532 iis
1081 5478 1208 5532 dicit
1229 5495 1242 5532 :
1261 5492 1380 5531 nam
1406 5476 1516 5530 haec
1540 5475 1752 5545 quidem
1772 5485 1893 5530 sunt
1917 5477 2135 5530 menda-

566 5575 706 5628 cium
723 5587 740 5638 ;
757 5572 851 5628 sed
869 5571 936 5627 de
957 5571 1060 5625 illis
1078 5585 1182 5624 non
1203 5583 1342 5623 nunc
1359 5568 1559 5638 agitur;
1582 5567 1710 5621 nihil
1729 5567 1870 5622 enim
1892 5568 1972 5622 his
1989 5584 2133 5623 com-

568 5681 726 5720 mune
751 5681 872 5719 eum
906 5666 1009 5720 illis
1036 5685 1050 5719 :
1081 5665 1174 5720 sed
1202 5665 1269 5719 de
1299 5663 1575 5718 mendacio
1603 5662 1744 5732 quod
1774 5663 1972 5732 profert
1998 5663 2133 5718 alter

566 5772 687 5810 cum
725 5757 892 5811 altero
917 5798 932 5821 ,
965 5757 1106 5827 quod
1133 5768 1215 5811 est
1240 5757 1483 5811 tlolosum
1510 5764 1562 5809 et
1589 5755 1997 5811 fraudulentum.
2029 5756 2130 5810 Lo-

564 5847 773 5917 quimini
792 5849 1042 5910 veritatem
1065 5852 1398 5920 unusquisque
1417 5865 1528 5904 cum
1548 5848 1775 5920 proximo
1797 5864 1907 5902 suo.
1936 5848 2132 5904 Deinde

2235 4561 2374 4631 quod
2401 4563 2562 4617 etiam
2590 4563 2845 4633 pudorem
2874 4566 3039 4635 magis
3066 4567 3250 4622 inetitit
3283 4587 3296 4622 :
3335 4570 3599 4636 Quoniam
3642 4587 3786 4626 sumtis

2234 4655 2438 4708 invicem
2461 4657 2698 4722 membra,
2719 4673 2875 4712 nemo
2905 4658 3131 4728 decipiat
3163 4662 3499 4730 proximum.
3519 4665 3666 4732 Quod
3691 4665 3786 4733 qui-

2235 4746 2354 4799 dem
2383 4747 2506 4800 dicit
2537 4748 2971 4818 psalmographus
3000 4750 3048 4802 id
3089 4767 3299 4806 sursum
3333 4765 3392 4808 et
3423 4757 3675 4811 deorsum
3698 4754 3789 4824 agi-

2237 4847 2375 4904 tans,
2393 4839 2549 4892 Labia
2569 4840 2744 4895 dolosa
2760 4841 2809 4894 in
2832 4843 2999 4904 corde,
3014 4851 3056 4895 et
3078 4843 3129 4896 in
3154 4845 3303 4898 corde
3325 4847 3576 4916 loquutus
3595 4857 3662 4901 est
3680 4847 3789 4898 male

2235 4927 2417 4998 (Psal.
2465 4931 2550 4984 ll.
2587 4932 2654 4986 15
2675 4931 2717 5001 ).
2750 4931 2887 4986 Nihil
2919 4942 3000 4986 est
3025 4934 3191 5000 enim,
3216 4936 3353 4990 nihil
3384 4948 3474 4992 est
3501 4939 3643 5009 quod
3669 4953 3794 5004 atque

2235 5021 2404 5090 pariat
2454 5022 2790 5086 inimicitias,
2823 5033 2979 5092 atque
3025 5024 3271 5094 decipere
3317 5037 3378 5081 et
3429 5029 3638 5084 fallere.
3686 5025 3794 5079 Vide

2232 5112 2496 5182 quomodo
2522 5113 2599 5167 eis
2627 5113 2818 5182 ubique
2848 5114 3100 5184 pudorem
3129 5116 3352 5171 incutiat
3380 5135 3482 5188 per
3510 5135 3716 5188 θοι-ρης.
3738 5117 3798 5168 δε

2234 5204 2376 5258 fallat
2404 5246 2416 5268 ,
2447 5204 2652 5274 inquit,
2681 5205 2866 5259 oculus
2895 5206 3079 5274 pedem
3105 5247 3120 5272 ,
3153 5223 3326 5276 neque
3361 5225 3463 5278 pes
3494 5215 3718 5264 oculum.
3747 5206 3798 5260 [ι

2235 5306 2354 5366 puta
2377 5337 2390 5358 ,
2434 5296 2477 5349 si
2506 5296 2575 5349 sit
2599 5296 2739 5351 fossa
2767 5297 3020 5366 profunda
3045 5339 3061 5363 ,
3092 5308 3146 5352 et
3175 5313 3340 5368 super
3388 5313 3598 5356 teri-ani
3641 5302 3803 5372 positis

2235 5387 2578 5441 arundinibus
2621 5395 2678 5440 et
2721 5397 2858 5442 terra
2903 5391 3136 5458 opertis,
3169 5390 3219 5443 in
3258 5393 3567 5460 superficie
3597 5392 3806 5463 prmbeat

2234 5479 2400 5534 oculis
2433 5479 2735 5550 opinionem
2767 5490 2921 5534 terrae
2948 5482 3166 5546 solidae;
3215 5498 3406 5538 annon
3442 5494 3628 5541 utetur
3653 5480 3806 5553 pede.

2235 5583 2293 5626 ut
2340 5572 2472 5626 sciat
2519 5589 2643 5626 nttm
2691 5574 2760 5626 sit
2807 5572 3027 5628 inferius
3056 5589 3316 5639 vacuum,
3350 5593 3425 5631 an
3460 5580 3809 5631 remittaturet

2235 5664 2487 5718 resistat?
2513 5681 2635 5717 ntun
2666 5679 2768 5717 non
2799 5665 2942 5718 fallat
2963 5681 3078 5734 pes,
3102 5668 3194 5720 sed
3221 5667 3370 5734 quod
3404 5678 3497 5724 est
3525 5664 3812 5724 renuntiet?

2234 5755 2367 5820 Quid
2391 5770 2534 5814 vero.
2555 5756 2597 5808 si
2621 5766 2916 5823 serpentem
2938 5756 3128 5810 viderit
3145 5759 3360 5822 oculos,
3380 5769 3482 5812 aut
3502 5760 3688 5822 feram,
3706 5769 3812 5807 num

2233 5845 2364 5901 fallit
2398 5847 2628 5918 pedem?
2655 5863 2758 5902 non
2790 5848 2969 5902 statim
3003 5848 3269 5904 renuntiat
3289 5847 3317 5900 ?
3373 5850 3469 5904 ille
3501 5859 3681 5903 autem
3712 5855 3813 5898 cum
