3974 6500
537 420 634 476 101

534 533 881 608 ἐπιϐουλεύῃ,
913 535 1174 607 φησίςΤδ
1203 536 1396 607 ἀληθὲς
1424 538 1578 607 μάθε’
1612 539 1678 591 ἂν
1724 540 1831 610 γὰρ
1864 541 2083 593 ἐπιϐου-

536 625 687 701 λεύῃ,
715 629 815 682 οὐκ
843 627 959 683 ἔστι
988 629 1164 700 μέλος.
1193 626 1326 683 Εῐπε
1355 631 1432 694 δὲ,
1451 632 1540 703 Μὴ
1572 633 1829 702 ψεύδεσθε
1857 636 1994 706 πρὸς
2024 637 2111 690 16'

539 724 688 798 [104]
718 727 876 798 μέλη.
918 728 1264 798 Ὀργίζεσθε.
1304 728 1399 782 καὶ
1426 729 1513 799 μὴ
1543 731 1919 805 ἁμαρτάνετε.
1948 734 2093 805 Ὅρα

540 820 771 875 σύνεσιψ
801 826 895 878 καὶ
930 824 1076 894 λέγει
1100 825 1244 887 ὅπως
1268 824 1341 895 μὴ
1383 826 1803 897 ἁμαρτήσωμεν,
1831 829 1924 882 καὶ
1946 846 2092 899 παρ·

537 917 873 984 ἀκούσαντας
899 920 1057 974 πάλιν
1080 920 1178 973 οὐκ
1201 920 1682 991 ἐγκαταλιμπάνει·
1712 924 1771 976 οὐ
1796 924 1900 995 γὰρ
1925 924 2091 995 ἀφίη-

541 1028 623 1065 σιν
650 1015 812 1068 αύτοῦ
839 1013 907 1067 τά
936 1013 1211 1084 σπλάγχνα
1234 1014 1302 1067 τά
1317 1018 1677 1086 πνευματικά.
1699 1019 1962 1090 Καθάπερ
1983 1019 2090 1090 γὰρ

536 1110 566 1162 6
594 1109 772 1181 ἰατρὸς
787 1109 1087 1180 διαγορεύει
1120 1109 1216 1180 μὲν
1238 1109 1305 1165 τὰ
1321 1112 1564 1181 πρακτέα
1586 1113 1665 1182 τῷ
1698 1115 1976 1185 κάμνοντι,
1996 1116 2089 1169 καὶ

540 1202 617 1274 μὴ
661 1203 1021 1272 ἀνασχομένου
1041 1204 1097 1256 δὲ
1132 1203 1281 1273 ὅμως
1324 1205 1386 1258 οὐ
1420 1210 1765 1276 καταφρονεῖ,
1811 1208 1945 1262 ἀλλὰ
1990 1210 2088 1280 τὴν

537 1300 601 1352 ἐκ
620 1297 719 1368 τῆς
752 1297 970 1363 πειθοῦς
987 1298 1215 1367 εἰσάγων
1237 1300 1562 1371 συμϐουλὴν,
1593 1301 1882 1372 θεραπεύει
1906 1304 2085 1370 πάλιν,

534 1393 676 1446 οὕτω
707 1393 799 1445 κα)¹
834 1395 862 1446 6
912 1393 1137 1457 Παῦλος.
1177 1393 1236 1446 Ὀ
1276 1394 1374 1465 μὲν
1400 1397 1509 1467 γὰρ
1552 1400 1726 1451 ἐκεῖνο
1774 1399 1960 1464 ποιῶν,
1989 1402 2089 1471 τῂν

535 1487 695 1553 δόξαν
727 1489 883 1559 μόνον
911 1489 1091 1559 ζητεῖ,
1131 1492 1224 1544 καὶ
1267 1492 1349 1544 ὅτι
1381 1494 1753 1565 κατεφρονήθη
1798 1496 2047 1551 δάκνεται
2069 1512 2085 1527 ’

534 1586 563 1637 6
598 1584 654 1636 δὲ
686 1584 959 1653 πανταχοῦ
1001 1585 1097 1654 τὴν
1127 1588 1313 1655 ὑγείαν
1337 1588 1430 1642 τοῦ
1464 1589 1759 1661 κάμνοντος
1792 1590 2087 1661 ἐπιζητῶν,

535 1679 670 1748 πρὸς
703 1678 759 1730 ἓν
785 1678 945 1731 τοῦτο
975 1680 1131 1749 μόνον
1162 1684 1283 1753 ὁρᾷ,
1330 1682 1476 1747 ὅπως
1528 1684 1805 1761 ἀναστήσῃ
1835 1686 1925 1740 τὸν
1972 1689 2086 1741 κεί-

537 1789 716 1841 μενον.
748 1772 914 1841 Τοῦτο
960 1774 1052 1827 καὶ
1096 1776 1124 1827 6
1174 1776 1383 1839 Παῦλος
1416 1780 1577 1832 ποιεῖ.
1630 1777 1765 1833 Εἷπε
1792 1781 1927 1850 ,Μὴ
1955 1782 2087 1852 ψεύ-

532 1867 705 1921 δεσθε·
736 1870 785 1920 εἰ
807 1868 864 1921 δέ
893 1869 1246 1937 ποτεγένοιτο
1264 1871 1371 1924 ἀπὸ
1394 1870 1621 1942 ψεύδους
1642 1874 1801 1945 ὀργὴ,
1826 1877 2089 1931 καὶτοῦτο

516 1962 824 2035 θεραπεύει
854 1964 1032 2020 πάλιν.
1054 1966 1121 2017 .Τί
1142 1967 1248 2036 γάρ
1280 1984 1476 2037 φησιν;
1517 1970 1861 2038 Ὀργίζεσθε,
1881 1974 1978 2026 καὶ
2002 1974 2087 2043 μὴ

533 2059 913 2129 ἁμαρτάνετε.
946 2059 1121 2113 Καλὸν
1148 2062 1245 2131 μέν
1270 2062 1377 2131 γάρ
1399 2063 1458 2115 16
1488 2063 1561 2133 μὴ
1589 2064 1923 2134 ὀργίζεσθαιο
1954 2071 2001 2121 εὶ
2031 2068 2088 2121 δέ

533 2172 616 2217 τις
649 2155 874 2224 ἐμπέσοι
904 2157 1032 2209 ποτέ
1051 2156 1129 2221 είς
1157 2156 1217 2209 16
1237 2156 1427 2224 πάθος,
1449 2158 1582 2211 ἀλλὰ
1613 2160 1688 2229 μὴ
1712 2161 1792 2223 εἰς
1812 2161 2082 2217 τοσοῦτον.

544 2251 600 2303 Ὁ
624 2251 795 2319 ἣλιος
833 2252 957 2324 γὰρ,
994 2254 1161 2322 φησὶ,
1193 2252 1281 2323 μὴ
1320 2254 1605 2308 ἐπιδυέτω
1631 2255 1727 2307 ἐπὶ
1759 2254 1838 2320 τῷ
1879 2274 2091 2327 παρορο

535 2344 723 2416 γισμῷ
747 2346 930 2423 ὑμῶν.
962 2346 1150 2401 Βούλει
1172 2349 1271 2418 τῆς
1300 2350 1467 2421 ὀργῆς
1493 2350 1906 2421 ἐμπλησθῆναι;
1932 2354 2091 2423 ἀρκεῖ

534 2458 616 2494 σοι
646 2441 743 2510 μία
772 2421 889 2512 ῶρα
931 2444 1024 2496 καὶ
1060 2443 1285 2514 δευτέρα
1315 2444 1408 2497 καὶ
1434 2445 1590 2515 τρίτη
1617 2462 1630 2477 ·
1667 2446 1744 2517 μὴ
1780 2421 2089 2505 καταλιπὼν

513 2536 761 2607 £10906;
792 2536 934 2606 ὑμᾶς
956 2538 984 2590 6
1002 2537 1152 2608 ἥλιος
1173 2538 1415 2593 ἀπέλθοι.
1456 2540 1589 2594 Ἀπὸ
1613 2542 1945 2615 ἀγαθότητος
1992 2548 2089 2599 ἀν-

532 2631 723 2692 έτειλε,
747 2632 821 2701 μὴ
844 2633 1166 2704 ἀπερχέσθω
1193 2635 1273 2697 είς
1294 2634 1543 2700 ἀναξίους
1573 2634 1810 2707 λάμψας.
1846 2641 1907 2693 Εἰ
1933 2639 2039 2710 γὰρ
2062 2642 2091 2694 6

532 2727 805 2795 Δεσπότης
830 2728 991 2781 αὐτὸν
1012 2728 1119 2783 ἀπὸ
1148 2728 1345 2798 πολλῆς
1374 2728 1968 2803 676061n1oc'énep¢e,
1998 2736 2091 2789 καὶ

532 2822 690 2884 αὐτὸς
719 2822 816 2892 μὲν
848 2823 1024 2893 ἀφῆκέ
1054 2840 1134 2876 σοι
1157 2825 1226 2878 τὰ
1262 2825 1651 2896 ἁμαρτήματα,
1680 2830 1745 2880 σὺ
1768 2828 1823 2882 δέ
1854 2829 1932 2900 τῷ
1955 2832 2092 2903 πλη-

532 2916 645 2969 σίον
682 2917 784 2969 οὐκ
815 2918 1001 2990 ἀφίης,
1038 2920 1138 2991 ὅρα
1174 2920 1340 2973 πόσον
1370 2921 1430 2973 τὸ
1478 2922 1666 2981 κακόν.
1714 2925 1824 2980 Καὶ
1870 2925 1996 2981 ἀλλο
2031 2928 2089 2989 δὲ

524 3012 671 3081 μετά
698 3012 907 3067 τούτου*
930 3015 1144 3068 ,δέδοικε
1170 3014 1268 3087 τὴν
1300 3016 1469 3070 νύκτα
1495 3020 1524 3072 ὀ
1564 3019 1829 3090 μακάριος
1852 3023 2087 3093 Παῦλος,

534 3106 611 3176 μὴ
649 3106 887 3171 λαϐοῦσα
940 3108 1028 3171 ἐπ’
1065 3108 1296 3179 ἐρημίας
1345 3110 1437 3162 16v
1490 3111 1819 3183 ἠδικημένον
1856 3116 1937 3171 ἔτι
1965 3118 2091 3188 φλε-

531 3201 850 3271 γμαίνοντα,
874 3203 1163 3278 ἀνακαύσῃ
1186 3205 1246 3259 τὸ
1274 3206 1555 3277 πῦρ.Ἔως
1583 3211 1681 3280 μὲν
1699 3210 1807 3284 γάρ
1830 3215 1897 3267 ἂν
1922 3217 2090 3272 πολλά

532 3297 793 3369 ἐκκρούῃ,
821 3298 919 3368 τῆς
945 3299 1157 3372 ἠμέρας
1188 3299 1374 3373 οὔσης,
1401 3303 1576 3368 ἔξεστί
1603 3323 1684 3359 σοι
1713 3310 2086 3380 ἐμφορεῖσθαι·

532 3393 659 3445 ὃταν
687 3378 745 3446 δὲ
800 3393 980 3464 μέλλοι
1030 3395 1237 3468 ἑσπέρα
1270 3397 1543 3469 γίνεσθαι,
1598 3378 1962 3459 καταλλάττου
1996 3412 2090 3464 καὶ

533 3485 843 3558 πρόσφατον
866 3490 1057 3543 σϐέσον
1079 3491 1141 3544 τὸ
1166 3493 1351 3547 κακόν.
1382 3495 1479 3548 ’Ἂν
1499 3496 1605 3566 γὰρ
1630 3497 1724 3563 νὺξ
1747 3500 2087 3569 ἐπιλάϐηται,

529 3584 632 3639 οὐκ
657 3586 882 3657 ἀρκέσει
912 3587 946 3657 ή
982 3587 1118 3658 μετά
1145 3589 1314 3642 ταῦτα
1335 3592 1515 3663 ἡμέρα
1543 3593 1604 3646 16
1632 3597 1892 3665 συναχθὲν
1921 3600 2012 3654 καὶ
2031 3603 2089 3656 ἐν

534 3684 602 3755 τῇ
631 3683 813 3735 νυκτὶ.
835 3682 1021 3736 σϐέσαι
1062 3685 1228 3739 κακόν
1250 3702 1269 3720 ο
1298 3686 1433 3753 ἀλλά
1466 3689 1576 3755 ,κᾶν
1613 3690 1675 3755 16
1709 3691 1866 3748 πλέον
1896 3695 2086 3761 ὑποτέ-

535 3792 663 3851 μῃς,
698 3780 762 3829 τὸ
790 3778 846 3830 δέ
877 3779 996 3832 ὅλον
1028 3779 1101 3850 μὴ
1131 3780 1381 3853 δυνηθῇς,
1423 3783 1582 3837 πάλιν
1618 3785 1832 3840 δίδωσιν
1859 3789 1966 3843 ἀπὸ
1996 3792 2086 3845 τοῦ

530 3874 945 3942 ὑπολειφθέντος
963 3878 1029 3945 τῇ
1053 3876 1281 3949 ἐπιούσῃ
1301 3879 1454 3931 νυκτὶ
1476 3880 1833 3951 σφοδροτέραν
1853 3884 2088 3954 ἐργάσα-

532 3966 655 4017 σθαι
677 3965 773 4037 τὴν
805 3967 1003 4037 πυράν.
1032 3968 1143 4020 Kal
1165 3967 1411 4040 καθάπερ
1440 3972 1467 4023 6
1489 3971 1655 4042 ἥλιος,
1683 3974 1747 4028 ἂν
1775 3975 1834 4029 τὸ
1850 3981 2086 4047 νεφωθὲν

534 4061 629 4115 καὶ
666 4062 945 4121 πυκνωθὲν
981 4062 1076 4117 τοῦ
1108 4064 1265 4135 ἀέρος
1291 4063 1379 4118 διά
1408 4067 1506 4135 τῆς
1542 4069 1731 4133 νυκτὸς
1774 4072 1852 4144 μὴ
1879 4077 2087 4152 ἀρκέσῃ

536 4159 601 4227 τῇ
632 4157 970 4233 καθημερινῇ
993 4158 1225 4229 μαλάξαι
1246 4162 1339 4216 καὶ
1365 4161 1709 4220 διασκεδάσαι
1732 4167 1928 4242 θέρμῃ,
1959 4172 2087 4226 ὑπό-

527 4251 677 4305 θεσιν
703 4254 965 4324 χειμῶνος
994 4254 1323 4325 παρέχεται,
1352 4256 1450 4327 τῆς
1479 4259 1669 4324 νυκτὸς
1695 4264 2086 4340 ἐπιλαϐομένης

528 4347 622 4400 τοῦ
676 4348 959 4419 λειψάνου,
1013 4351 1107 4402 καὶ
1164 4350 1323 4405 πάλιν
1367 4353 1496 4406 αὐτὸ
1542 4357 1843 4430 τρεφούσης
1881 4362 2085 4433 ἑτέροις

531 4444 743 4513 61ml;-
767 4444 913 4498 οὕτω
943 4446 1036 4498 καὶ
1063 4446 1154 4499 ἐπὶ
1179 4449 1277 4515 τῆς
1294 4448 1479 4521 ὀργῆς.
1510 4451 1672 4519 Μήτε
1689 4454 1883 4510 δίδοτε
1901 4460 2086 4514 τόπον

532 4534 612 4603 τῷ
637 4538 910 4602 διαϐόλῳ.
946 4540 1108 4593 Ὥστε
1136 4540 1197 4594 16
1218 4540 1473 4614 ἀλλήλους
1496 4546 1769 4616 πολεμεῖν,
1791 4550 1951 4604 τόπον
1970 4554 2085 4606 ἐστὶ⁵

525 4631 708 4684 δοῦναι
738 4633 815 4703 τῷ
851 4633 1096 4704 διαϐόλῳ.
1127 4636 1253 4688 Δέον
1280 4637 1386 4709 γάρ
1410 4638 1617 4704 πάντας
1640 4647 2080 4717 συμπεφράχθαι,

528 4728 623 4781 καὶ
642 4729 765 4782 κατ’
794 4729 1002 4783 ἐκείνου
1025 4732 1294 4795 ἵστασθαι,
1318 4734 1638 4800 ἐκλύσαντες
1666 4740 1824 4809 ἡμεῖς
1842 4743 1936 4813 τήν
1955 4744 2085 4814 πρὸς

526 4823 730 4877 ἐκεῖνον
776 4822 993 4895 ἔχθραν,
1032 4827 1116 4879 ἐπ’
1145 4826 1401 4898 ἀλλήλους
1432 4832 1722 4903 κελεύομεν
1770 4835 2079 4905 τρέπεσθαι.

524 4917 788 4970 Οὐδέποτε
818 4917 925 4989 γὰρ
950 4918 1122 4985 οὕτως
1167 4919 1278 4992 ἔχει
1309 4923 1467 4977 τόπον
1495 4928 1523 4979 6
1567 4928 1806 4994 διάϐολος
1828 4969 1843 4995 ,
1889 4931 1963 4995 ὡς
2010 4934 2066 4985 ἐν

534 5016 651 5081 ταῖς
685 5013 925 5086 ἔχθραις.

598 5230 667 5304 β’.
684 5231 764 5285 Τὰ
792 5232 957 5303 μυρία
980 5234 1228 5289 ἐντεῦθεν
1258 5240 1402 5292 κακά
1424 5241 1684 5301 τίκτεται.
1703 5245 1811 5299 Kal
1836 5246 2080 5322 καθάπερ

519 5328 627 5390 ἕως
660 5330 755 5399 μὲν
777 5330 842 5383 ἂν
872 5324 1011 5384 ὦσιν
1039 5333 1371 5404 ἡρμοσμένοι
1390 5335 1543 5401 λίθοι,
1592 5340 1684 5393 καὶ
1715 5341 1879 5411 μηδὲν
1902 5345 2079 5399 διάκε-

528 5442 619 5478 νον
652 5425 883 5495 ἔχοντες,
928 5429 1217 5499 ἑστήκασιν
1241 5432 1521 5503 ἀρῤαγείς·
1556 5433 1621 5487 ἂν
1647 5435 1702 5487 δὲ
1735 5435 1952 5507 βελόνης
1981 5443 2078 5509 μό-

526 5538 625 5589 νης
648 5521 925 5593 διάτρησιν
952 5524 1193 5598 διαμπὰξ
1211 5528 1597 5601 γεγενημένηνν
1620 5529 1652 5600 ἢ
1682 5532 1884 5600 ῥαγάδα
1902 5537 2080 5607 τριχὸς

526 5617 827 5687 ἐπέχουσαν
859 5619 1019 5673 τόπον
1060 5621 1239 5693 συμϐῇ
1291 5623 1560 5690 γενέσθαι,
1594 5626 1748 5680 τοῦτο
1773 5629 1948 5685 πάντα
1984 5650 2079 5687 κα-

525 5712 709 5767 ταλύει
727 5717 817 5768 καὶ
833 5717 1141 5773 ἀπόλλυσιν·
1154 5718 1295 5775 οῦτω
1315 5722 1407 5775 καὶ
1427 5722 1516 5774 ἐπὶ
1535 5721 1681 5796 [105]
1704 5726 1796 5778 τοῦ
1816 5726 2073 5783 διαϐόλου·

526 5808 630 5872 ἕως
653 5811 753 5880 μὲν
776 5812 839 5865 ἂν
877 5806 1028 5885 ὦμεν
1059 5818 1467 5889 πεπυκνωμένοι
1496 5820 1587 5874 καὶ
1620 5823 2070 5895 συνηρμοσμένοι,

1219 418 1278 475 S.
1316 418 1597 476 JOANNIS
1632 419 2111 477 CIIRYSOSTOMI
2147 423 2465 483 ARCIIIEP.
2505 430 3043 493 CONSTANTINOP.

3649 449 3749 504 10?.

2193 546 2343 601 οὐδὲν
2367 548 2503 614 ὅλως
2525 553 2805 623 ἐπεισάγει
2839 555 2948 608 τῶν
2992 556 3175 610 αὑτοῦ·
3205 559 3419 615 ἐπειδὰν
3444 561 3500 617 δὲ
3555 566 3748 635 μικρὸν

2190 634 2335 715 ήμᾶίς
2369 649 2731 725 διαχαυνὼσῃ,
2762 653 3010 727 καθάπερ
3053 672 3136 719 τις
3174 660 3503 730 χειμάρρους
3532 662 3750 732 ἐπικέε-

2189 756 2299 795 ται.
2324 743 2606 817 Πανταχοῦ
2654 749 2760 818 γὰρ
2793 750 2964 820 ἀρχῆς
3022 750 3169 822 αύτῷ
3220 754 3377 824 χρεία
3415 755 3600 825 μόνης,
3654 758 3749 810 καὶ

2187 835 2344 890 τοῦτό
2369 838 2487 892 ἐστι
2511 841 2572 893 16
2613 840 3072 916 δυσκατόρθωτονο
3103 848 3290 902 τούτου
3338 849 3396 902 δὲ
3427 851 3746 921 γενομένου.

2189 933 2347 997 αὐτὸς
2377 937 2555 1007 ἐαυτῷ
2576 940 2645 994 τά
2676 942 2848 996 πάντα
2876 943 3109 1014 εὐρύνει’
3148 944 3329 999 λοιπὸν
3348 948 3456 1017 γὰρ
3473 948 3749 1014 διαϐολαῖς

2186 1027 2253 1079 16
2283 1022 2398 1082 ὦτα
2422 1032 2657 1101 ἀνέῳγε,
2712 1037 2806 1089 καὶ
2826 1038 2874 1089 οἱ
2892 1036 2959 1089 τὰ
2989 1037 3159 1107 ψευδῆ
3196 1038 3463 1107 λέγοντες,
3493 1044 3747 1095 πιστότε-

2192 1140 2294 1192 ροι·
2325 1125 2423 1195 τὴν
2455 1128 2562 1199 γάρ
2596 1129 2793 1201 ἔχθραν
2820 1131 3001 1203 έχουσι
3025 1133 3367 1201 δικάζουσαν,
3398 1137 3458 1188 ού
3484 1138 3585 1208 τὴν
3609 1137 3747 1208 ἀλή-

2189 1217 2337 1271 θειαν
2367 1222 2673 1292 κρίνουσαν.
2711 1226 2819 1278 Kal
2850 1225 3033 1297 ῶσπερ
3070 1228 3248 1296 φιλίας
3298 1229 3486 1300 οῦσης,
3546 1232 3641 1284 καὶ
3675 1230 3746 1284 τὰ

2186 1312 2358 1385 ἀληθῆ
2391 1316 2554 1387 ψευδῆ
2584 1320 2828 1386 φαίνεται
2862 1322 2969 1373 τῶν
3005 1322 3208 1374 κακῶν·
3236 1323 3406 1387 οὓτως
3428 1324 3623 1395 ἔχθρας
3649 1324 3744 1378 οὖ-

2190 1424 2312 1477 σης,
2349 1412 2448 1464 καὶ
2473 1412 2542 1465 16
2572 1413 2740 1485 ψευδῆ
2764 1414 2955 1487 ἀληθῆ-
2981 1412 3163 1489 ἔτερος
3186 1418 3327 1484 νοῦς,
3359 1418 3541 1489 ἕτερον
3587 1420 3745 1473 δικα-

2190 1508 2430 1579 στήριον,
2459 1511 2557 1565 ούκ
2588 1512 2647 1576 ἐξ
2682 1513 2801 1582 ἴσης
2829 1512 3047 1581 ἀκοῦον,
3075 1515 3210 1569 ἀλλά
3234 1516 3373 1586 μετὰ
3410 1516 3611 1584 πολλῆς
3641 1519 3745 1586 τῆς

2188 1602 2558 1671 προσκλίσεως
2581 1607 2676 1660 καὶ
2694 1609 3067 1681 ἐπιρρεπείας.
3092 1610 3357 1683 Καθάπερ
3384 1613 3491 1684 γὰρ
3512 1615 3569 1666 ἐν
3592 1615 3744 1683 ξυτῴ

2189 1697 2442 1765 μόλυϐδος
2472 1703 2788 1771 προστεθεὶς
2837 1705 2896 1758 16
2924 1707 3029 1759 πᾶν
3058 1706 3324 1759 εἵλκυσενο
3358 1707 3501 1762 οὕτω
3527 1712 3619 1763 καὶ
3652 1713 3744 1763 ἐν·

2187 1793 2381 1857 ταῦθα,
2414 1796 2474 1850 τὸ
2504 1798 2602 1868 τῆς
2622 1799 2819 1870 ἔχθρας
2850 1800 3031 1872 βάρος,
3071 1802 3332 1872 μολύϐδου
3364 1804 3746 1876 χαλεπώτερον

2187 1890 2264 1944 6v.
2299 1891 2407 1958 Διὸ,
2465 1896 2789 1965 παρακαλῶ,
2822 1898 2999 1953 πάντα
3031 1899 3379 1972 πράττωμεν,
3437 1902 3577 1956 ὥστε
3634 1907 3744 1975 πρὸ

2187 1985 2280 2039 τοῦ
2321 1988 2470 2058 ήλίου
2505 1991 2784 2046 σϐεννύναι
2813 1992 2911 2057 τὰς
2935 1993 3151 2064 ἔχθρας.
3184 1997 3282 2051 “Av
3305 1998 3411 2068 γάρ
3438 2002 3504 2070 τῇ
3557 2001 3744 2072 ἡμέρᾳ

2187 2086 2253 2155 τῇ
2286 2086 2480 2158 πρώτῃ
2520 2088 2595 2158 μὴ
2639 2090 2914 2162 κρατήσῃς
2955 2092 3048 2145 καὶ
3072 2095 3140 2164 τῇ
3173 2092 3316 2163 ἐξῆς,
3345 2095 3601 2159 πολλάκις
3645 2098 3746 2150 καὶ

2184 2183 2269 2242 εἰς
2298 2183 2537 2237 ἐνιαυτὸν
2556 2185 2721 2254 αὐτὴν
2741 2185 3026 2252 ἐξέτεινας,
3044 2189 3140 2241 καὶ
3160 2187 3299 2258 αὑτὴ
3312 2190 3506 2260 ἑαυτὴν
3535 2190 3745 2261 ηὔξησε

2188 2278 2368 2334 λοιπὸν
2402 2282 2434 2351 ἡ
2464 2282 2650 2352 ἐχθρα,
2676 2284 2766 2337 καὶ
2790 2285 2851 2337 ού
2877 2284 3047 2340 δεῖταί
3079 2303 3243 2349 τινος.
3270 2288 3378 2341 Kal
3400 2290 3615 2359 ῥήματα
3630 2291 3746 2360 γάρ

2191 2376 2391 2449 ἑτέρως
2427 2378 2693 2450 λεγόμενα
2727 2382 2929 2453 ἑτέρως
2981 2383 3305 2438 ὑποπτεύειν
3363 2386 3607 2452 ποιοῦσα,
3645 2391 3747 2441 καὶ

2194 2478 2447 2547 σχήματα
2475 2484 2567 2533 καὶ
2593 2483 2701 2534 πᾶν
2730 2483 2906 2536 ὁτιοῦν
2934 2482 3176 2554 ἐκθηριοῖ
3213 2486 3305 2538 καὶ
3331 2486 3592 2556 ἐξαγριοί,
3646 2490 3749 2540 καὶ

2189 2573 2296 2626 τῶν
2327 2575 2665 2646 μαινομένων
2699 2576 2863 2648 χείρω
2918 2577 3238 2649 διατίθησιν,
3283 2580 3405 2634 οὔτε
3458 2584 3520 2637 16
3570 2583 3748 2652 ὄνομα

2192 2671 2383 2733 εἰπεῖν,
2419 2670 2541 2729 οὔτε
2589 2672 2817 2727 ἀκοῦσαι
2865 2673 3184 2746 ἀνεχομένη,
3218 2677 3332 2730 ἀλλ’
3356 2678 3463 2731 ἀπὸ
3498 2678 3606 2730 τῶν
3631 2678 3747 2732 λοι-

2188 2767 2376 2838 δοριῶν
2399 2769 2609 2823 ἅπαντα
2643 2769 3006 2842 φθεγγομένη.
3046 2772 3169 2836 Πῶς
3196 2769 3289 2826 οὖν
3321 2773 3627 2844 μαλάξομεν
3648 2774 3746 2828 16v

2189 2862 2388 2933 θυμόν;
2418 2864 2535 2929 πῶς
2580 2865 2842 2937 σϐέσομεν
2869 2868 2965 2938 τὴν
3014 2868 3224 2938 φλόγα;
3281 2871 3378 2923 Ἂν
3427 2871 3495 2924 τά
3530 2872 3745 2925 ἑαυτῶν

2191 2962 2559 3030 ἁμαρτήματα
2595 2963 2954 3033 ἐννοήσωμεν,
2982 2967 3076 3020 καὶ
3102 2966 3222 3020 ὅσον
3247 2968 3411 3037 ἐσμὲν
3451 2969 3744 3025 ὑπεύθυνοι

2187 3054 2264 3125 τῷ
2289 3054 2426 3125 Θεῷ·
2450 3057 2514 3109 ἂν
2545 3059 2902 3130 ἐννοήσωμεν,
2950 3061 3032 3115 ὅτι
3079 3062 3139 3115 οὐ
3174 3063 3265 3115 τὸν
3315 3064 3505 3134 ἐχθρὸν
3536 3067 3745 3137 ἀμυνό-

2192 3148 2348 3218 μεθα,
2391 3150 2501 3202 ἀλλ’
2532 3153 2678 3221 ἡμᾶς
2707 3153 2922 3218 αὐτούς’
2983 3156 3049 3212 ἂν
3104 3158 3461 3228 ἐννοήσωμεν,
3514 3161 3594 3213 ὅτι
3647 3160 3744 3214 16v

2190 3248 2435 3303 διάϐολον
2464 3250 2842 3322 εὐφραίνομεν,
2877 3254 2957 3306 ὅτι
2981 3255 3069 3308 τὸν
3096 3254 3285 3326 ἐχθρὸν
3312 3257 3402 3310 τὸν
3447 3259 3740 3330 ἡμέτερον,

2188 3336 2277 3401 16v
2309 3346 2475 3411 ὅντως
2498 3347 2708 3419 ἐχθρὸν,
2726 3349 2792 3402 δι’
2812 3349 2869 3404 ὃν
2891 3351 2948 3402 τὸ
2974 3350 3133 3421 μέλος
3160 3352 3503 3425 τὺ·ήμέτερον
3524 3355 3745 3409 ἀδικοῦ-

2193 3462 2313 3517 μεν.
2344 3443 2533 3498 Βούλει
2567 3439 2702 3501 εἶναι
2762 3446 3090 3517 μνησίκακος
3119 3447 3209 3500 καὶ
3240 3447 3467 3519 ἐχθρός;
3515 3430 3742 3521 ’ἐχθρὸς

2186 3540 2299 3603 ἔσο..
2330 3540 2465 3595 ἀλλά
2495 3541 2589 3594 τοῦ
2614 3541 2882 3605 διαϐόλου,
2922 3545 2996 3613 μὴ
3028 3542 3121 3596 τοῦ
3158 3545 3347 3614 μέλους
3371 3544 3464 3598 τοῦ
3498 3546 3612 3599 σοῦ.
3638 3550 3742 3600 Διὰ

2185 3636 2345 3689 τοῦτο
2368 3637 2513 3706 ήμᾶς
2546 3636 2748 3690 ὥπλισε
2774 3638 2849 3705 τῷ
2873 3638 3027 3708 θυμῷ
3045 3639 3074 3691 6
3093 3638 3241 3703 Θεὸς,
3258 3640 3355 3710 ούχ
3389 3641 3475 3695 ἵνα
3503 3642 3562 3695 τὸ
3584 3642 3741 3711 ξίφος

2180 3732 2325 3786 κατά
2342 3733 2450 3785 τῶν
2472 3736 2751 3805 ήμετέρων
2776 3735 3059 3804 σωμάτων,
3084 3734 3200 3788 ἀλλ’
3227 3735 3315 3789 ἴνα
3335 3736 3520 3807 ὀλόκλη
3530 3756 3618 3809 ρον
3635 3740 3739 3810 τὴν

2190 3826 2460 3899 μάχαιραν
2509 3832 2586 3892 εἰς
2617 3829 2675 3882 16
2704 3829 2798 3882 τοῦ
2851 3830 3093 3883 διαϐόλου
3139 3831 3327 3901 στῆθος
3365 3832 3737 3903 βαπτίζωμεν.

2199 3924 2344 3977 Ἐ’κεί
2366 3924 2427 3976 16
2451 3924 2601 3993 ξίφος
2629 3924 2905 3993 ἕγκλεισον
2934 3928 3096 3999 μέχρι
3121 3927 3218 3997 τῆς
3254 3927 3443 3999 λαϐῆς,
3464 3930 3511 3981 εί
3531 3929 3731 3999 βούλει,

2185 4024 2277 4075 καὶ
2299 4021 2394 4093 τὴν
2422 4021 2589 4095 λαϐὴν
2618 4022 2803 4091 αὐτὴν,
2839 4025 2933 4077 καὶ
2971 4025 3235 4095 μηδέποτε
3265 4026 3565 4097 ἐκσπάσῃς,
3595 4027 3736 4082 ἀλλά

2186 4119 2279 4172 καὶ
2306 4121 2484 4190 Enyo»
2519 4120 2769 4190 πρόσθες.
2792 4120 2961 4174 Τοῦτο
3001 4120 3057 4173 δέ
3077 4121 3250 4185 ἔσται,
3284 4124 3411 4176 ὅταν
3433 4122 3588 4193 ήμῶν
3617 4140 3735 4192 φει-

2182 4215 2420 4285 δώμεθα,
2451 4216 2577 4271 ὅταν
2605 4216 2893 4286 εἰρηνικῶς
2920 4218 3054 4287 πρὸς
3080 4217 3341 4288 ἀλλήλους
3370 4217 3732 4289 διακεὼμεθα.

2184 4312 2430 4384 ηἘρῤέτω
2460 4314 2735 4383 χρήματα,
2796 4311 3000 4384 ἐρρέτω
3047 4312 3171 4379 δόξα
3224 4315 3317 4366 καὶ
3356 4314 3732 4384 εὐδοκίμησιςσ

2184 4406 2399 4459 πάντων
2439 4407 2498 4460 16
2543 4407 2699 4477 μέλος
2751 4407 2810 4459 16
2845 4408 2976 4477 ἐμὸν
3009 4407 3129 4477 ἐμοὶ
3178 4408 3518 4479 τιμιώτερον.
3549 4409 3737 4464 Ταῦτα

2183 4497 2424 4568 λέγωμεν
2455 4500 2588 4571 πρὸς
2611 4500 2833 4564 ἐαυτούς
2852 4516 2867 4531 ο
2925 4500 2997 4572 μή
3022 4500 3118 4572 τὴν
3145 4501 3305 4570 φύσιν
3334 4502 3603 4573 ἀδικῶμεν
3634 4504 3736 4575 τὴν

2182 4598 2471 4668 ἡμετέραν,
2494 4600 2579 4652 ἵνα
2636 4602 2884 4669 χρήματα
2915 4599 3262 4670 κτησώμεθα,
3294 4602 3381 4654 ἵνα
3410 4600 3564 4671 δόξης
3607 4602 3736 4655 ἐπι-

2182 4695 2453 4767 τύχωμεν.
2515 4695 2575 4748 ’0
2627 4696 2919 4763 κλέπτων,
2955 4696 3162 4765 μηκέτι
3184 4696 3501 4761 κλεπτέτω,
3544 4699 3731 4768 φησίν.

2194 4793 2353 4863 Ὁρᾷς
2384 4790 2503 4844 τίνα
2530 4790 2598 4843 τὰ
2635 4790 2767 4863 μέλη
2797 4789 2889 4843 τοῦ
2917 4791 3144 4845 παλαιοῦ
3165 4792 3445 4865 ἀνθρώπου
3470 4810 3484 4858 ;
3515 4794 3731 4864 ψεῦδος,

2184 4885 2531 4958 μνησικακία,
2558 4885 2748 4949 κλοπή.
2771 4886 2869 4939 Διά
2895 4887 2947 4940 τί
2971 4887 3045 4958 μή
3072 4885 3244 4952 εἶπεν,
3281 4889 3338 4942 '0
3358 4889 3601 4945 κλέπτων
3636 4908 3733 4943 κο-

2180 4983 2439 5049 λαζέσθω,
2468 4983 2855 5055 βασανιζέσθω.
2896 4985 3289 5055 στρεϐλούσθω,
3322 4986 3478 5050 ἀλλὰ,
3506 4988 3731 5053 Μηκέτι

2182 5082 2490 5136 κλεπτέτω
2510 5096 2524 5111 ο
2559 5080 2799 5149 μᾶλλον
2824 5080 2893 5135 δὲ
2924 5080 3181 5136 κοπιάτω
3230 5082 3612 5152 ἐργαζόμενος
3661 5085 3729 5137 τὸ

2179 5178 2404 5247 ἀγαθὸν
2456 5177 2584 5243 ταῖς
2636 5178 2866 5246 χερσὶν,
2926 5178 3028 5230 ἵνα
3067 5178 3178 5247 ἔχῃ
3226 5179 3599 5247 μεταδιδόναι
3648 5180 3731 5246 τῷ

2182 5275 2389 5346 χρείαν
2415 5276 2616 5344 ἔχοντι
2637 5290 2655 5338 ;
2677 5274 2786 5328 Ποῦ
2803 5275 2851 5326 οἱ
2873 5273 3114 5343 Καθαροὶ
3139 5274 3435 5345 λεγόμενοι,
3452 5278 3499 5328 οἱ
3530 5278 3729 5341 παντὸς

2182 5374 2352 5445 ῥύπου
2381 5373 2658 5443 γέμοντες,
2692 5373 2784 5427 καὶ
2813 5371 2969 5427 τοῦτο
3020 5372 3243 5438 ἑαυτοὺς
3288 5375 3567 5445 ὀνομάζειν
3604 5386 3727 5428 τολ-

2182 5470 2424 5541 μῶντες;
2454 5467 2608 5523 Ἐστι
2640 5469 2769 5539 γὰρ,
2799 5468 2945 5521 ἔστιν
2969 5468 3340 5525 ἀποδύσασθαι
3364 5474 3423 5525 τὸ
3454 5474 3723 5543 ἔγκλημα,

2177 5570 2237 5622 οὐ
2264 5567 2339 5638 τῷ
2394 5568 2581 5636 στῆναι
2614 5567 2769 5637 μόνον
2796 5565 2888 5618 τοῦ
2924 5566 3074 5639 [106]
3127 5570 3535 5641 ἁμαρτήματος,
3589 5571 3727 5623 ἀλλά

2176 5658 2272 5711 καὶ
2293 5656 2368 5726 τῷ
2387 5657 2586 5724 ἀγαθόν
2602 5673 2651 5708 τι
2673 5656 3027 5725 ἐργάσασθαι.
3055 5657 3244 5728 Ὁρᾶτε
3267 5659 3381 5723 πῶς
3399 5659 3726 5713 ἀπολύεσθαι

2176 5744 2245 5798 τὰ
2281 5745 2645 5814 ἁμαρτήματα
2678 5744 2790 5809 δεῖς
2820 5743 3108 5813 Ἐκλεψαν,
3130 5747 3283 5799 τοῦτό
3319 5750 3434 5801 ἐστι
3457 5749 3517 5801 16
3549 5748 3728 5817 ἀμάρ-

2182 5850 2329 5903 τημα
2358 5832 2575 5901 πρᾶξαιο
2598 5834 2694 5886 οὐκ
2723 5831 2973 5902 ἔκλεψαν,
3001 5835 3155 5889 τοῦτο
3179 5838 3276 5891 οὐκ
3298 5838 3411 5892 ἔστι
3451 5838 3509 5891 τὸ
3542 5838 3724 5909 ἁμάρ-
