3974 6532
223 417 317 473 101

217 536 287 590 ab
322 520 390 588 eo
434 528 703 594 didicerit,
744 542 848 583 non
893 526 1135 597 amplius
1166 526 1354 597 pergit.
1408 524 1542 593 Quid
1586 533 1785 589 autem,

214 626 434 699 quando
470 638 643 694 neque
670 621 857 678 oculus
882 661 897 685 ,
929 635 1100 691 neque
1125 634 1217 690 pes
1246 620 1505 674 invenerit
1527 611 1794 688 quomodo

214 720 512 781 discernat,
544 715 638 771 sed
666 723 835 769 totum
861 713 930 767 sit
958 713 1232 775 odoratus,
1250 721 1310 766 ut
1338 721 1515 766 utrum
1540 711 1793 773 sit_venc-

217 826 348 866 num
391 808 550 864 letale
598 821 769 862 necne
792 846 808 871 ,
842 820 969 859 num
993 818 1056 858 os
1086 803 1220 859 fallit
1246 802 1531 857 odoratus?
1554 801 1789 857 Minime.

214 902 434 971 Quare?
459 900 591 956 Nam
616 899 849 968 seipsum
875 910 1084 965 quoque
1112 894 1283 965 perdit
1310 895 1352 948 si
1381 894 1527 948 fallat
1552 910 1568 948 :
1593 891 1687 947 sed
1715 892 1794 945 di-

214 997 289 1051 cit
317 994 463 1063 quod
492 991 593 1045 sibi
622 987 876 1044 occurrit.
902 986 1037 1054 Quid
1064 1002 1191 1040 vero
1217 986 1392 1054 lingua
1410 1026 1424 1044 .
1452 983 1654 1037 fallitne
1680 991 1792 1036 sto-

215 1086 469 1142 machum
495 1084 518 1137 ?
548 1097 654 1136 non
682 1095 803 1134 cum
835 1094 1072 1133 amarum
1102 1076 1318 1147 quidem
1347 1076 1557 1140 viderit,
1588 1074 1791 1143 rejicit;

212 1180 298 1234 sin
335 1186 521 1232 autem
563 1174 753 1238 dulce,
784 1169 1128 1235 transmittit?
1176 1168 1304 1224 Vide
1332 1166 1714 1230 ministerium,
1740 1173 1797 1220 et

214 1270 496 1324 servntutis
519 1263 1004 1321 remunerationem
1036 1280 1051 1317 :
1082 1260 1201 1316 vide
1226 1276 1407 1315 curam
1435 1268 1490 1314 et
1515 1257 1796 1330 providen-

216 1363 345 1415 tiam
374 1376 443 1415 ex
474 1360 701 1413 veritate
730 1364 901 1409 ortam
926 1396 942 1420 ,
974 1354 1130 1425 idque
1179 1353 1340 1407 alacri
1370 1360 1421 1406 et
1452 1360 1714 1422 prompto,
1741 1358 1798 1406 ut

216 1454 287 1506 ita
318 1450 499 1505 dicam
518 1488 534 1514 ,
562 1447 763 1500 animo.
795 1443 871 1499 Ita
899 1460 997 1498 nos
1023 1458 1232 1513 quoque
1260 1457 1325 1497 ne
1356 1443 1675 1496 mentiamur
1698 1454 1797 1494 nec

215 1545 501 1604 fallamus,
532 1540 575 1593 si
607 1553 791 1592 sumus
837 1537 972 1589 alter
1019 1535 1238 1589 alterius
1272 1533 1532 1588 membra.
1562 1532 1674 1587 Hoc
1716 1543 1800 1586 est

215 1635 476 1690 indicium
500 1628 1133 1694 amicitiae;contrarium
1155 1634 1329 1681 autem
1382 1624 1794 1680 inimicitiarum.
1848 1626 1861 1641 ‘

215 1727 358 1795 Quid
387 1741 541 1789 vero,
571 1723 763 1792 inquit,
793 1720 838 1775 si
873 1718 1185 1774 insidietur?
1224 1716 1374 1785 Quod
1400 1731 1584 1772 verum
1610 1726 1690 1769 est
1715 1716 1798 1769 di-

219 1834 311 1873 sce
342 1835 359 1871 :
391 1832 517 1871 nam
543 1817 589 1870 si
619 1813 921 1879 insidietur,
956 1824 1064 1865 non
1094 1818 1175 1865 est
1200 1808 1512 1863 membrum.
1543 1807 1681 1861 Dixit
1705 1821 1799 1860 au-

222 1924 352 1972 tem,
385 1908 465 1964 Ne
494 1905 821 1962 mentiamini
849 1904 1106 1959 adversus
1137 1901 1393 1957 membra.
1417 1899 1727 1965 Irascimini,
1754 1908 1803 1953 et

222 2004 380 2055 nolite
420 2016 650 2069 peccare.
704 1998 835 2053 Vide
878 1995 1193 2065 sapientiam
1224 2011 1238 2048 :
1269 2003 1324 2050 et
1368 1993 1498 2048 dicit
1537 1991 1803 2064 quomodo

222 2108 329 2147 non
365 2105 675 2162 peccemus,
704 2096 757 2142 et
783 2101 877 2142 eos
903 2088 991 2156 qui
1021 2102 1126 2141 non
1152 2085 1452 2140 obedierint
1486 2100 1671 2139 rursus
1699 2099 1804 2138 non

222 2184 484 2254 relinquit
515 2201 528 2237 :
560 2196 665 2235 non
693 2181 834 2234 enim
867 2178 1086 2234 dimittit
1110 2178 1311 2233 viscera
1352 2192 1447 2232 sua
1488 2176 1802 2246 Spiritualia.

225 2277 377 2333 Sicut
421 2276 567 2330 enim
610 2271 847 2327 medicus
873 2278 1073 2339 aegroto
1102 2268 1317 2339 quidem
1347 2268 1474 2323 dicit
1520 2283 1638 2338 quae
1682 2276 1806 2321 sunt

227 2366 431 2437 agenda
455 2381 472 2431 ;
498 2362 640 2435 quod
670 2362 717 2417 si
746 2361 837 2416 ille
867 2370 924 2414 ut
946 2375 1009 2415 ea
1038 2359 1193 2415 faciat
1217 2374 1320 2414 non
1348 2358 1677 2423 sustinuerit,
1700 2372 1805 2411 non

227 2470 412 2513 tamen
443 2471 567 2509 eum
593 2452 840 2523 despicit,
875 2452 967 2505 sed
997 2449 1367 2521 persuadendo
1392 2448 1650 2504 adhibens
1674 2464 1806 2503 con-

228 2551 431 2613 silium,
461 2561 644 2600 rursus
671 2553 822 2600 curat
849 2561 863 2598 :
893 2544 962 2597 ita
991 2544 1152 2598 etiam
1176 2540 1389 2595 Paulus.
1412 2539 1544 2595 Nam
1566 2541 1652 2610 qui
1679 2540 1808 2594 illud

231 2644 455 2713 quidem
478 2641 621 2705 facit,
641 2654 831 2709 nempe
852 2638 939 2707 qui
961 2636 1203 2707 despicit.
1229 2636 1448 2705 gloriam
1474 2634 1644 2690 solum
1662 2650 1783 2704 quae
1797 2668 1812 2680 -

238 2736 344 2799 rit,
375 2741 433 2787 et
476 2746 616 2801 aegre
651 2730 754 2785 fert
797 2727 937 2797 quod
980 2729 1050 2783 sit
1089 2735 1423 2795 contemptus
1452 2743 1467 2777 :
1496 2726 1585 2796 qui
1632 2737 1809 2781 autem

242 2837 462 2891 semper
486 2820 667 2890 quzerit
692 2820 974 2873 sanitatem
1024 2817 1338 2883 laborantis,
1367 2815 1469 2870 hoc
1514 2831 1675 2870 unum
1720 2830 1809 2869 so-

240 2916 356 2969 lum
388 2922 594 2985 Spectat
620 2923 675 2966 ut
700 2911 966 2981 iacentem
1014 2910 1279 2966 restituat.
1310 2907 1422 2962 Hoc
1451 2924 1661 2980 quoque
1690 2910 1813 2963 facit

239 3006 447 3062 Paulus
477 3003 677 3067 dicens,
708 3002 883 3056 Nolite
903 3000 1116 3056 mentiri
1145 3016 1159 3053 :
1187 3000 1233 3054 si
1256 2999 1468 3070 quando
1491 3012 1667 3056 autem
1697 3010 1813 3055 orla

235 3100 310 3153 sit
334 3098 413 3151 ira
442 3110 509 3150 ex
537 3092 813 3149 mendacio
835 3134 852 3159 ,
887 3094 986 3147 hoc
1015 3106 1223 3163 quoque
1261 3107 1446 3147 rursus
1484 3102 1653 3146 curat.
1677 3092 1813 3160 Quid

236 3189 381 3245 enim
412 3187 587 3242 dicit?
616 3184 922 3250 Irascimini,
951 3193 1000 3239 et
1046 3184 1199 3238 nolite
1243 3201 1466 3255 peccare.
1504 3184 1707 3238 Bonum
1735 3193 1818 3239 est

237 3281 383 3336 enim
434 3293 545 3331 non
588 3276 779 3339 irasci;
810 3275 903 3329 sed
932 3275 975 3328 si
1003 3276 1121 3345 quis
1149 3275 1430 3343 aliquando
1458 3276 1506 3328 in
1538 3290 1655 3329 eam
1682 3275 1814 3330 inci-

237 3371 382 3426 derit
406 3370 642 3437 culpam,
668 3382 734 3421 ne
765 3377 939 3421 tamen
966 3367 1034 3421 sit
1058 3367 1326 3421 diuturna.
1356 3368 1470 3431 Sol,
1503 3368 1690 3437 inquit,
1718 3382 1819 3421 non

238 3461 442 3516 occidat
470 3476 623 3527 super
641 3458 953 3512 iracundiam
972 3466 1204 3510 vestram.
1224 3455 1316 3510 Vis
1345 3458 1418 3510 ira
1450 3457 1693 3526 impleri?
1712 3457 1822 3512 suf-

241 3555 357 3608 ﬁcit
387 3554 481 3607 tibi
516 3566 622 3605 una
649 3551 777 3605 hora
804 3562 858 3605 et
885 3550 1049 3604 altera
1077 3558 1133 3604 et
1161 3551 1347 3615 tertia;
1373 3566 1440 3605 ne
1460 3551 1607 3606 vobis
1628 3551 1823 3607 relictis

242 3646 480 3702 inimicis
510 3644 591 3697 sol
621 3642 851 3697 recedat.
881 3642 1041 3697 Ortus
1062 3650 1145 3713 est
1164 3657 1192 3695 a
1220 3644 1454 3698 bonitate
1477 3661 1491 3697 :
1520 3660 1586 3698 ne
1610 3644 1825 3699 recedat

241 3752 370 3792 cum
392 3735 594 3789 luserit
618 3732 755 3803 apud
784 3732 1049 3802 indignos.
1074 3732 1204 3787 Nam
1232 3733 1277 3787 si
1305 3734 1557 3788 Dominus
1583 3750 1703 3789 eum
1728 3735 1824 3788 mi-

245 3827 321 3881 sit
338 3841 404 3880 ει
428 3824 593 3878 multa
617 3823 869 3890 bonitate,
890 3832 944 3876 et
963 3831 1179 3893 peccata
1203 3823 1295 3876 tibi
1323 3824 1543 3887 remisit,
1568 3832 1621 3877 In
1648 3836 1822 3878 autem

248 3916 504 3984 proximo
531 3929 635 3967 non
664 3912 912 3978 remittis,
936 3912 1057 3967 vide
1083 3923 1336 3983 quantum
1365 3914 1435 3968 sit
1456 3915 1669 3968 malum.
1691 3915 1824 3970 Cum

246 4008 357 4062 hoc
388 4016 571 4060 autem
602 4004 743 4059 malo
766 4012 851 4059 est
874 4003 1019 4059 aliud
1046 4018 1255 4075 qucque
1282 4019 1297 4057 :
1330 4004 1479 4060 timet
1502 4005 1692 4060 Paulus
1711 4046 1727 4071 ,
1762 4023 1829 4062 ne

246 4103 299 4155 si
331 4115 437 4154 nos
459 4113 585 4154 eum
611 4098 701 4167 qui
721 4104 804 4153 est
832 4095 1023 4167 injuria
1052 4096 1273 4152 ali'ectus
1299 4097 1351 4151 in
1377 4099 1661 4154 solitudine
1685 4100 1829 4154 inve-

252 4194 405 4247 nerit
431 4190 841 4254 inﬂammatum,
872 4190 1046 4260 ignem
1086 4190 1358 4245 accendat.
1392 4189 1519 4245 Nam
1555 4193 1826 4261 quamdiu,

247 4284 389 4338 dum
434 4291 519 4337 est
562 4281 713 4343 dies,
748 4281 910 4335 multa
962 4281 1199 4345 excutis,
1228 4281 1351 4336 licet
1395 4281 1487 4336 tibi
1532 4283 1827 4337 exsatiari:

250 4374 477 4447 quando
502 4382 682 4427 autem
730 4381 950 4428 ventura
975 4380 1058 4427 est
1080 4387 1300 4442 vespera
1326 4413 1340 4436 ,
1371 4373 1712 4428 reconciliare
1734 4414 1750 4439 ,
1778 4383 1832 4428 et

254 4480 456 4523 recens
480 4465 677 4519 malum
705 4464 1003 4533 exstingue.
1032 4461 1161 4516 Nam
1188 4463 1231 4516 si
1258 4477 1361 4515 nox
1390 4463 1795 4533 apprelienderit
1814 4506 1829 4529 ,

254 4572 370 4614 non
403 4557 602 4627 poterit
629 4554 744 4610 dies
776 4567 1026 4623 sequens,
1072 4553 1267 4607 malum
1298 4564 1458 4608 noctu
1485 4570 1696 4625 quoque
1737 4571 1831 4611 co-

256 4659 444 4704 actum
472 4657 529 4703 et
555 4654 926 4716 congregatum
956 4644 1291 4714 exstinguere
1315 4660 1330 4709 ;
1373 4644 1466 4699 sed
1491 4645 1696 4699 etiamsi
1722 4663 1835 4701 ina-

254 4741 438 4809 jorem
468 4747 674 4808 partem
705 4735 1018 4800 resecueris,
1052 4742 1218 4788 totum
1252 4744 1428 4789 autem
1476 4752 1581 4791 non
1623 4740 1792 4806 possis
1814 4779 1830 4804 ,

256 4831 359 4886 dat
384 4843 573 4883 rursus
613 4826 853 4896 sequenti
899 4826 1039 4880 nocti
1081 4841 1146 4881 ex
1189 4840 1254 4881 eo
1293 4827 1433 4896 quod
1469 4838 1553 4883 est
1595 4830 1834 4885 relictum

258 4922 527 4990 majorem
556 4932 742 4988 rogum
775 4916 1069 4971 faciendum
1099 4935 1112 4970 :
1141 4926 1197 4972 et
1221 4918 1358 4973 sicut
1383 4920 1483 4986 sol,
1514 4920 1559 4974 si
1589 4922 1728 4990 quod
1754 4930 1836 4977 est

257 5014 409 5069 aeris
432 5013 483 5065 in
513 5013 705 5065 nubem
729 5019 968 5065 coactum
997 5019 1051 5065 et
1076 5009 1456 5066 condensatum
1482 5028 1578 5083 per
1602 5027 1831 5080 noctem,

260 5120 376 5159 non
407 5103 641 5173 potuerit
660 5103 837 5156 calore
865 5102 1056 5156 diurno
1080 5102 1290 5158 mollire
1313 5112 1367 5158 et
1394 5104 1717 5175 dispergere,
1746 5122 1836 5162 oc-

260 5194 415 5249 casio
436 5193 703 5263 praebetur
728 5194 1080 5261 tempestatis,
1106 5192 1230 5246 dum
1256 5209 1357 5247 nox
1381 5194 1630 5264 reliquias
1650 5212 1838 5266 appre-

264 5284 552 5345 henderit,
584 5293 637 5337 et
663 5297 753 5337 eas
783 5298 967 5338 rursus
1011 5283 1127 5337 aliis
1178 5285 1457 5354 vaporibus
1497 5286 1687 5341 aluerit
1717 5305 1731 5341 :
1764 5289 1837 5344 ita

259 5376 431 5428 etiam
463 5374 515 5426 in
543 5373 643 5427 ira.
676 5370 850 5425 Nolite
895 5373 1056 5427 locum
1097 5374 1219 5428 dare
1263 5374 1482 5432 diabolo.
1514 5376 1692 5448 Itaque
1719 5378 1835 5434 bel-

262 5466 376 5519 lum
408 5462 512 5518 sibi
539 5469 725 5517 mutuo
750 5463 964 5529 inferre,
990 5473 1072 5517 est
1097 5463 1270 5519 locum
1297 5465 1423 5521 dare
1446 5466 1677 5523 diabolo.
1706 5469 1835 5524 Nam

261 5570 391 5609 cum
435 5562 710 5623 oporteret
733 5568 920 5608 omnes
948 5553 1104 5608 simul
1130 5569 1249 5611 esse
1275 5557 1603 5628 constipatos
1630 5570 1685 5614 et
1711 5575 1838 5615 con-

264 5649 526 5703 densatos
550 5688 566 5712 ,
594 5655 652 5701 et
674 5646 927 5699 adversus
955 5647 1101 5701 illum
1129 5658 1304 5716 stare,
1329 5649 1517 5706 solutis
1558 5667 1676 5722 quae
1715 5664 1839 5707 sunt

267 5742 426 5797 nobis
447 5756 570 5797 cum
592 5739 683 5794 illo
704 5738 1010 5803 inimicitiis,
1025 5741 1271 5808 jubemus
1292 5750 1350 5797 ut
1370 5742 1503 5799 alter
1530 5743 1584 5799 in
1611 5744 1835 5801 alterum

606 5929 875 5988 PATROL.
922 5926 1039 5987 (in.
1088 5926 1274 5989 LXII.

1089 408 1155 466 1N
1191 406 1407 467 EPIST.
1447 408 1538 463 AD
1574 405 1814 461 EPHES.
1854 407 2003 462 CAP.
2048 408 2136 462 IV.
2180 408 2409 466 IIOMIL.
2450 408 2589 467 XIV.

3349 418 3452 473 10?.

1901 535 2290 581 convertamur.
2319 526 2612 596 Numquam
2649 529 2790 584 enim
2830 529 3004 585 locum
3044 532 3121 587 sic
3153 530 3314 590 habet
3339 538 3455 589 dia-

1896 614 2047 668 bolus
2076 625 2133 668 ut
2161 615 2212 668 in
2244 616 2548 672 inimicitiis.

1964 705 2019 759 9..
2061 704 2449 761 Inimicitiarum
2487 710 2620 764 mula
2645 728 2665 765 :
2692 715 2941 783 quomodo
2970 716 3069 770 sint
3104 717 3360 773 sedanda.
3382 748 3454 761 —

1897 795 2031 850 Hinc
2075 797 2213 851 mala
2252 808 2541 855 nascuntur
2578 802 2872 860 innumera.
2926 806 2994 861 Et
3034 808 3171 863 sicut
3206 809 3456 879 quamdiu

1896 890 2109 960 quidem
2136 901 2261 947 sunt
2286 895 2547 962 compacti
2579 895 2781 965 lapides
2801 939 2817 963 ,
2850 914 3022 969 neque
3049 902 3336 972 quidquam
3367 904 3459 956 liu-

1899 983 2026 1038 bent
2065 1000 2286 1039 vacuum
2311 1027 2326 1050 ,
2361 994 2504 1043 stant
2547 988 2794 1053 infracti;
2839 991 2920 1045 sin
2960 1002 3135 1048 autem
3178 996 3461 1065 contigerit

1898 1076 2064 1131 solius
2092 1092 2218 1132 acus
2263 1077 2377 1133 fieri
2410 1078 2822 1146 perforationem
2864 1091 2956 1137 aut
2997 1094 3267 1154 rupturum
3291 1126 3308 1153 ,
3339 1104 3457 1157 quas

1898 1169 2054 1224 unius
2083 1168 2172 1237 pili
2200 1170 2371 1224 solum
2403 1171 2578 1225 locum
2608 1180 2805 1237 teneat,
2837 1183 3004 1229 totum
3035 1190 3242 1231 murum
3271 1192 3461 1246 perva-

1898 1258 2111 1314 dentem
2133 1302 2147 1320 .
2189 1260 2288 1315 hoc
2315 1263 2492 1316 omnia
2531 1262 2775 1317 dissolvit
2801 1274 2855 1318 et
2883 1265 3055 1335 perdit
3079 1285 3092 1320 :
3122 1266 3193 1320 ita
3221 1270 3377 1322 etiam
3409 1270 3460 1325 in

1905 1351 2159 1416 diabolo;
2192 1355 2439 1423 quamdiu
2480 1355 2693 1424 quidem
2737 1357 2993 1412 fuerimus
3020 1360 3287 1429 conjuncti
3332 1376 3460 1416 con-

1913 1442 2226 1512 densatique
2252 1460 2315 1499 ac
2346 1444 2481 1501 bene
2504 1448 2785 1516 compacti,
2817 1448 2944 1502 nihil
2969 1450 3185 1503 omnino
3216 1450 3373 1506 infert
3398 1467 3462 1510 ex

1902 1531 1967 1586 iis
1992 1549 2108 1602 quae
2136 1550 2229 1588 sua
2258 1546 2419 1601 sunt;
2448 1537 2658 1606 quando
2700 1549 2877 1593 autem
2906 1555 3003 1595 nos
3041 1557 3225 1611 parum
3253 1544 3462 1599 mollie-

1900 1623 1986 1687 rit,
2012 1632 2278 1695 tamquam
2302 1637 2510 1682 torrens
2530 1629 2743 1698 quidam
2772 1631 2963 1687 inﬂuit.
2995 1633 3053 1687 Ei
3081 1634 3220 1688 enim
3251 1649 3464 1705 semper

1901 1715 2017 1769 solo
2043 1731 2178 1785 opus
2198 1726 2281 1773 est
2304 1718 2489 1785 initio;
2521 1730 2574 1773 et
2600 1719 2701 1775 hoc
2725 1730 2810 1776 est
2835 1722 2977 1792 quod
3005 1723 3292 1779 difﬁculter
3316 1739 3461 1783 recte

1901 1808 2238 1876 componitur
2266 1826 2280 1862 :
2305 1808 2407 1864 hoc
2425 1820 2602 1865 autem
2627 1812 2763 1866 facto
2787 1814 2898 1882 ipse
2922 1814 3022 1869 sibi
3044 1817 3216 1870 omnia
3241 1817 3462 1874 dilatat:

1903 1898 2157 1968 deinceps
2183 1899 2326 1953 enim
2348 1916 2506 1955 aures
2530 1904 2703 1971 aperit
2722 1904 3019 1968 calumniis,
3048 1914 3101 1960 et
3131 1907 3194 1961 iis
3213 1910 3303 1979 qui
3334 1909 3469 1965 falsa

1904 1987 2089 2043 dicunt
2116 1990 2287 2059 major
2314 1990 2595 2047 adhibetur
2621 1992 2755 2048 ﬁdes
2787 2012 2801 2048 :
2834 2010 2954 2049 nam
2986 1996 3345 2068 disceptantes
3375 2001 3473 2055 ha-

1904 2081 2034 2137 bent
2073 2082 2395 2150 inimicitias,
2425 2100 2531 2140 non
2565 2085 2888 2155 judicantem
2919 2090 3211 2146 veritatem.
3242 2093 3309 2148 Et
3334 2095 3470 2151 sicut

1906 2173 1952 2227 si
1995 2173 2064 2228 sit
2106 2175 2359 2239 amicitia,
2385 2176 2545 2233 etiam
2586 2177 2725 2233 mala
2749 2194 2874 2234 vera
2916 2180 3163 2236 videntur
3199 2182 3366 2249 falsa;
3395 2186 3469 2241 ita

1906 2262 2066 2317 etiam
2092 2262 2136 2319 si
2165 2264 2274 2320 sint
2306 2264 2597 2321 inimicit‘aa
2622 2307 2638 2332 ,
2670 2268 2831 2323 etiam
2872 2270 3001 2325 falsa
3030 2271 3275 2328 videntur
3293 2290 3417 2330 vera
3449 2294 3465 2330 :

1908 2352 2011 2407 alia
2042 2361 2123 2408 est
2147 2370 2319 2421 mens,
2352 2356 2492 2411 aliud
2515 2356 2793 2428 judicium,
2821 2374 2926 2415 non
2952 2375 3023 2416 ex
3046 2377 3199 2433 :equo
3226 2365 3469 2429 audiens,

1910 2446 2003 2501 sed
2036 2462 2155 2501 cum
2198 2463 2385 2518 magna
2430 2449 2775 2505 inclinatione
2816 2446 2961 2507 et'in
3003 2454 3222 2510 alteram
3266 2468 3472 2527 partem

1912 2537 2282 2607 prapensione.
2311 2539 2766 2607 Quemadmodum
2790 2544 2931 2598 enim
2958 2559 3010 2598 In
3039 2545 3172 2601 libra
3201 2548 3470 2617 plumbum

1911 2630 2147 2703 additum
2178 2640 2345 2689 totum
2375 2633 2534 2687 trahit
2563 2651 2578 2688 :
2607 2634 2677 2688 ita
2708 2632 2794 2689 hic
2821 2636 2979 2691 etiam
3008 2638 3212 2707 pondus
3239 2639 3471 2695 inimici-

1914 2723 2104 2775 tiarum
2126 2763 2141 2786 ,
2174 2736 2294 2776 cum
2339 2722 2410 2778 sit
2450 2725 2665 2793 plumbo
2690 2728 2926 2796 gravius.
2958 2728 3314 2795 Quamobrem
3344 2748 3474 2803 rogo

1913 2825 2129 2881 agamus
2154 2812 2326 2866 omnia
2357 2853 2374 2879 ,
2406 2822 2464 2867 ut
2491 2823 2614 2869 ante
2642 2815 2769 2869 solis
2799 2832 3046 2873 occasum
3075 2820 3474 2893 exslinguamus

1916 2901 2238 2957 inimicitias.
2269 2901 2401 2957 Nam
2440 2904 2483 2957 si
2511 2905 2683 2973 primo
2707 2914 2763 2960 et
2786 2909 3025 2977 sequenti
3052 2909 3139 2964 die
3163 2924 3257 2966 eas
3287 2921 3474 2967 tenue-

1919 2995 2015 3062 ris,
2046 3009 2190 3065 saepe
2218 2998 2376 3051 etiam
2405 2996 2472 3051 ad
2499 3012 2694 3052 annum
2724 3015 2890 3069 usque
2917 3000 3157 3057 extendis
3176 3042 3192 3069 ,
3216 3011 3273 3059 et
3289 3004 3355 3060 de
3374 3018 3477 3057 ca:—

1919 3095 2032 3141 tero
2060 3086 2189 3156 ipsae
2214 3087 2417 3157 seipsas
2443 3098 2637 3158 augent
2666 3088 2977 3158 inimicitiae,
3006 3107 3107 3149 nec
3130 3094 3307 3164 aliquo
3334 3096 3475 3151 indi-

1916 3184 2075 3245 gent;
2098 3185 2152 3231 et
2166 3192 2284 3247 qua:
2303 3177 2459 3232 alites
2473 3178 2726 3234 dicuntur
2739 3178 2894 3235 aliter
2911 3183 3169 3251 suspicari
3196 3184 3470 3251 facientes,

1919 3269 2079 3323 etiam
2106 3278 2287 3340 gestus
2317 3270 2634 3343 habitusque
2661 3283 2717 3329 et
2741 3274 3013 3344 quodlibet
3056 3276 3288 3334 furorem
3330 3282 3477 3337 inve-

1920 3358 2086 3426 bunt,
2121 3368 2176 3414 et
2202 3360 2438 3416 efﬁciunt
2464 3372 2520 3417 ut
2546 3363 2696 3433 pejus
2729 3379 2788 3420 se
2812 3364 3040 3422 habeant
3066 3384 3224 3439 quam
3253 3371 3472 3441 furiosi,

1923 3451 1999 3503 ira
2026 3465 2199 3521 neque
2227 3466 2421 3508 nomen
2459 3455 2636 3509 dicere
2664 3470 2761 3510 nec
2803 3457 2987 3514 audire
3032 3462 3344 3531 sustinente,
3385 3468 3476 3521 sed

1924 3554 1988 3593 ex
2018 3541 2309 3596 maledictis
2335 3554 2389 3595 et
2417 3543 2671 3598 conviciis
2706 3546 2951 3616 loquente
2976 3551 3173 3605 omnia.
3200 3553 3476 3620 Quomodo

1925 3644 2053 3699 ergo
2082 3631 2216 3685 iram
2243 3631 2858 3705 mollicmus?quomodo
2888 3637 3149 3695 flammam
3176 3645 3478 3716 exstingue-

1928 3721 2089 3776 mus?
2123 3721 2178 3777 Si
2216 3732 2397 3778 nostra
2433 3725 2670 3795 ipsorum
2714 3729 2926 3797 peccata
2967 3741 3145 3788 mente
3172 3750 3479 3809 versemus,

1928 3828 1990 3867 ac
2016 3824 2268 3884 quantum
2301 3816 2408 3870 Deo
2435 3817 2751 3883 debeamus,
2783 3829 2837 3876 et
2871 3823 2937 3877 ad
2964 3825 3015 3879 ei
3043 3826 3363 3885 reddendam
3393 3848 3480 3887 ra-

1930 3905 2128 3960 tionem
2165 3906 2333 3962 simus
2360 3908 2573 3964 obnoxii
2604 3928 2617 3963 :
2650 3914 2692 3965 si
2719 3912 3013 3982 cogitemus
3053 3919 3193 3987 quod
3225 3936 3330 3976 non
3358 3922 3480 3978 ulci-

1931 3997 2130 4051 scimur
2157 3997 2450 4064 inimicum,
2483 4000 2576 4054 sed
2617 4017 2711 4055 nos
2736 4002 2881 4071 ipsos
2911 4023 2925 4059 :
2957 4006 2999 4059 si
3026 4009 3317 4077 cogitemus
3342 4014 3482 4083 quod

1931 4087 2199 4143 diabolum
2229 4089 2409 4143 laetitia
2448 4091 2704 4146 allicimus
2724 4133 2741 4159 ,
2773 4105 3013 4151 nostrum
3044 4097 3313 4155 inimicum
3338 4142 3353 4165 ,
3398 4106 3486 4174 qui

1934 4194 2058 4235 vere
2084 4187 2166 4234 est
2192 4180 2456 4245 inimicus,
2488 4195 2702 4252 propter
2728 4200 2883 4252 quem
2912 4189 3150 4243 membro
3185 4201 3368 4247 nostro
3408 4195 3487 4248 in-

1929 4269 2121 4339 juriam
2154 4269 2396 4325 facimus.
2434 4270 2523 4325 Vis
2552 4282 2779 4341 accepta:
2809 4274 3011 4343 injuria:
3036 4292 3155 4333 esse
3185 4297 3408 4348 memor,
3438 4296 3493 4339 et

1935 4359 2222 4415 inimicus?
2247 4360 2330 4415 Sis
2357 4360 2623 4427 inimicus,
2648 4363 2741 4417 sed
2768 4364 2985 4431 diaboli,
3008 4382 3113 4422 non
3142 4372 3365 4427 membri
3392 4379 3489 4431 tui.

1938 4452 2223 4521 Propterea
2263 4468 2360 4508 nos
2403 4454 2582 4508 animo
2618 4465 2672 4509 et
2708 4456 2783 4511 ira
2824 4461 3045 4513 armavit
3087 4462 3258 4529 Deus,
3300 4483 3405 4521 non
3438 4480 3495 4524 ut

1937 4558 2121 4598 ensem
2149 4544 2199 4597 in
2230 4554 2408 4597 nostra
2434 4560 2656 4613 corpora
2676 4547 2967 4617 adigamns,
2992 4551 3085 4605 sed
3114 4563 3171 4606 ut
3197 4564 3361 4613 totum
3381 4559 3495 4629 gla-

1938 4634 2081 4689 dium
2121 4635 2175 4688 in
2217 4634 2413 4689 diaboli
2457 4645 2640 4706 pectus
2687 4637 3082 4709 immergamus.
3128 4645 3240 4702 illic
3281 4648 3496 4708 include

1938 4740 2121 4781 ensem
2148 4727 2400 4793 usquead
2431 4728 2698 4801 capulum,
2729 4730 2773 4784 si
2803 4731 2903 4797 vis,
2934 4742 2986 4787 et
3016 4733 3189 4803 ipsum
3210 4742 3488 4809 capulum,

1939 4833 2039 4872 nec
2075 4834 2324 4888 umquam
2367 4820 2622 4874 evulseris
2642 4861 2655 4883 ,
2688 4821 2780 4875 sed
2806 4823 2965 4877 etiam
2998 4826 3135 4881 adde
3170 4829 3352 4886 alium.
3381 4834 3495 4890 Hoc

1937 4919 2112 4963 autem
2143 4911 2232 4963 iiet
2254 4909 2463 4979 quando
2489 4910 2641 4965 nobis
2667 4911 2794 4981 ipsis
2824 4929 3120 4983 parcemus,
3146 4922 3358 4989 quando
3379 4926 3495 4994 pla-

1938 5012 2052 5056 cate
2072 5005 2208 5056 inter
2231 5017 2328 5056 nos
2349 5000 2520 5057 aﬂ‘ecti
2539 5004 2758 5059 erimus.
2788 5004 3011 5061 Pereant
3032 5012 3290 5080 pecuniae,
3313 5027 3495 5083 pereat

1939 5094 2102 5164 gloria
2150 5103 2203 5149 et
2254 5094 2389 5147 bona
2441 5094 2765 5149 existimatio
2805 5113 3023 5153 :meum
3074 5103 3373 5160 membrum
3413 5120 3496 5163 est

1942 5190 2073 5245 InlIiI
2114 5190 2359 5245 omnibus
2398 5190 2704 5259 pretiosius.
2747 5190 2870 5246 Haec
2910 5193 3051 5264 apud
3091 5213 3188 5253 nos
3216 5198 3492 5259 dicamus:

1940 5283 2017 5337 Ne
2046 5292 2241 5336 nostrae
2284 5291 2485 5335 natura:
2529 5281 2773 5350 injuriam
2814 5284 3104 5354 faciamus,
3152 5298 3208 5343 ut
3246 5295 3496 5359 pecunias

1942 5374 2274 5444 aequiramus
2293 5414 2309 5435 ,
2340 5381 2396 5425 ut
2421 5372 2642 5441 gloriam
2670 5387 3073 5443 consequamur.
3105 5378 3194 5432 28.
3218 5378 3318 5443 Qui
3354 5385 3498 5450 fura-

1943 5474 2060 5529 tur,
2094 5466 2206 5535 jam
2249 5480 2349 5517 non
2395 5466 2620 5533 furatur,
2662 5464 2850 5534 inquit.
2903 5463 3061 5537 Vides
3103 5484 3343 5536 quamam
3389 5473 3498 5527 sint

1942 5558 2179 5613 membra
2202 5555 2397 5610 veteris
2428 5555 2697 5609 hominis?
2726 5556 3078 5624 mendacium,
3108 5571 3337 5631 accepta:
3362 5565 3497 5635 inju.

1942 5652 2035 5705 ria:
2066 5649 2394 5713 recordatio,
2437 5649 2655 5703 furtum.
2687 5647 2795 5702 Cur
2828 5658 3002 5703 autem
3045 5667 3147 5705 non
3186 5653 3354 5721 dixit,
3395 5659 3496 5727 Qui

1943 5741 2176 5807 furatur,
2208 5740 2494 5810 castigetur
2518 5781 2532 5805 ,
2561 5748 2863 5809 torqueatur
2887 5780 2902 5803 ,
2941 5741 3034 5796 sed
3058 5784 3076 5809 ,
3118 5742 3235 5799 Non
3277 5749 3497 5815 annilius

1946 5836 2180 5908 furatur?
2207 5834 2371 5905 Magis
2390 5843 2556 5888 autem
2581 5833 2764 5888 laboret
2789 5833 3040 5903 aperando
3062 5836 3243 5893 bonum
3268 5844 3498 5896 manibus

3093 5936 3134 5996 '1
