3960 6568
521 440 557 491 ’4
570 439 641 493 (i3

538 554 639 604 suis
658 591 673 616 ,
704 550 964 604 uthabeat
993 549 1123 601 unde
1153 546 1332 599 tribuat
1373 547 1711 600 necessitatem
1740 540 1968 611 patienti.
2000 538 2099 614 Ubi

537 651 661 697 sunt
688 643 775 710 qui
796 642 1043 694 dicuntur
1063 637 1274 692 Calliari
1308 638 1406 706 (a),
1437 638 1487 692 id
1511 646 1593 691 est
1615 636 1820 699 mundi,
1850 650 1937 704 qur
1959 633 2101 686 omni

537 732 697 787 sorde
729 731 870 801 pleni
912 730 981 784 ita
1017 744 1076 782 se
1119 728 1317 783 audent
1362 728 1637 783 nominare
1664 727 1687 779 ’ἲ
1714 728 1896 779 Potest
1924 726 2099 790 enim,

536 832 711 892 potest
740 822 942 875 crimen
970 820 1091 876 exui
1116 863 1130 885 ,
1163 835 1268 873 non
1299 820 1469 873 solum
1497 834 1563 873 eo
1588 818 1726 888 quod
1759 818 2043 871 desistatur
2070 831 2099 869 a

538 923 773 983 peccato,
807 912 899 967 sed
931 913 1092 969 etiam
1120 928 1184 966 eo
1210 912 1352 981 quod
1390 913 1482 967 ﬁat
1512 912 1708 965 bonum
1740 909 1972 979 aliquod.
2009 909 2101 962 Vi-

534 1007 671 1060 detis
696 1005 960 1075 quomodo
980 1012 1227 1073 oporteat
1247 1018 1440 1057 exuere
1462 1014 1677 1073 peccata
1699 1002 1721 1055 ?
1742 1001 1921 1056 Furati
1942 1010 2097 1065 sunt;

536 1098 636 1154 hoc
662 1106 745 1152 est
783 1109 1055 1167 peccatum
1092 1097 1369 1151 admittere
1399 1113 1414 1150 :
1444 1111 1549 1150 non
1594 1094 1750 1150 furati
1799 1104 1959 1161 sunt;
2002 1096 2103 1151 hoc

534 1206 638 1244 non
664 1200 742 1245 est
765 1200 1039 1261 peccatum
1063 1190 1273 1244 solvere
1297 1205 1311 1253 ;
1342 1188 1433 1242 sed
1458 1186 1725 1257 quomodo
1748 1186 1771 1236 ?
1795 1187 1850 1241 Si
1887 1180 2101 1242 labora-

533 1290 696 1345 runt,
739 1291 794 1335 et.
822 1282 939 1335 aliis
968 1281 1337 1349 impcrtierunt
1362 1299 1373 1331 :
1400 1280 1476 1334 sic
1504 1279 1775 1333 solverunt
1802 1288 2098 1348 peccatum.

536 1370 650 1425 Non
678 1373 790 1425 vult
818 1372 987 1426 solum
1016 1387 1111 1426 nos
1141 1372 1401 1435 laborare,
1426 1370 1518 1425 sed
1543 1371 1625 1423 ita
1642 1370 1884 1423 laborare
1907 1380 1960 1422 ut
1983 1370 2101 1423 aliis

441 1451 453 1491 ἲ
535 1464 942 1531 impertiamus:
973 1478 1093 1517 nam
1131 1464 1288 1517 etiam
1325 1464 1415 1532 qui
1452 1462 1655 1516 furatur
1679 1471 1964 1532 operatur,
2006 1462 2099 1516 sed

448 1600 453 1605 .
536 1559 754 1611 malum.
792 1557 882 1611 99.
933 1556 1108 1611 Omnis
1146 1573 1306 1610 sermo
1352 1556 1517 1609 malus
1564 1572 1626 1609 ex
1668 1572 1754 1609 ore
1799 1565 1958 1609 vestro
2002 1572 2102 1608 non

442 1642 445 1645 ’
534 1650 791 1716 procedat.
821 1650 950 1716 Quis
971 1659 1051 1703 est
1077 1663 1255 1704 sermo
1279 1650 1445 1702 malus
1472 1648 1494 1700 ?
1524 1647 1593 1713 Is,
1617 1664 1771 1716 quem
1796 1650 1953 1702 etiam
1976 1648 2104 1702 dicit

533 1741 785 1805 otiosum,
808 1741 1084 1804 detractio,
1108 1740 1387 1795 obscenius
1408 1754 1606 1801 sermo,
1632 1739 1948 1802 scurrilitas,
1972 1739 2103 1792 stul-

536 1834 837 1903 tiloquium.
881 1832 1044 1887 Vides
1092 1831 1361 1901 quomodo
1405 1831 1667 1886 exscindit
1719 1832 1813 1886 ira:
1858 1831 2099 1899 radices,

536 1927 866 1981 mendacium
891 1969 905 1991 ,
936 1927 1163 1992 furtum,
1198 1928 1618 1997 intempestivam
1647 1927 2102 1997 disputationem?

537 2020 666 2074 Illud
695 2032 895 2082 autem,
932 2020 1050 2074 Non
1078 2022 1297 2089 amplius
1324 2026 1539 2089 furatur,
1573 2037 1677 2075 non
1705 2031 1810 2075 tam
1841 2021 1967 2076 dicit
1998 2022 2102 2076 illis

534 2112 817 2180 ignosceus
843 2152 858 2174 ,
900 2127 1056 2181 quam
1103 2114 1258 2166 mites
1304 2123 1359 2166 et
1402 2113 1690 2167 clementes
1732 2128 1827 2168 eos
1872 2113 2103 2168 reddens

533 2203 723 2271 quibus
750 2202 882 2257 facta
913 2213 1027 2258 erat
1056 2205 1248 2269 injuria
1272 2245 1287 2269 ,
1315 2212 1369 2259 et
1397 2204 1627 2258 suadens
1654 2215 1711 2259 ut
1756 2220 1820 2260 eo
1864 2206 2100 2260 contenti

534 2298 672 2359 sint,
703 2297 844 2365 quod
875 2312 979 2351 non
1006 2298 1112 2352 sint
1138 2314 1199 2352 ea
1226 2298 1454 2368 amplius
1483 2300 1710 2368 passuri.
1744 2301 1885 2355 Bene
1924 2310 2099 2355 autem

534 2390 602 2443 de
624 2388 800 2443 verbis
829 2399 1008 2443 monet
1037 2408 1049 2442 :
1082 2389 1198 2443 Non
1229 2390 1398 2444 solum
1425 2390 1565 2444 enim
1598 2406 1795 2456 rerum,
1822 2394 1913 2445 sed
1941 2393 2101 2446 etiam

536 2480 815 2535 verborum
844 2496 1029 2549 poenas
1055 2481 1263 2536 damus.
1309 2480 1412 2536 Sed
1439 2483 1483 2536 si
1510 2483 1619 2551 quis
1647 2482 1803 2536 bonus
1831 2484 1898 2535 ad
1932 2483 2099 2550 cedi/i-

532 2572 773 2625 cationem
801 2572 921 2639 ﬁdei
947 2582 1001 2625 ut
1028 2572 1109 2625 det
1129 2574 1343 2641 gratiam
1372 2574 1705 2629 audientibus.
1736 2574 1847 2629 Iloc
1877 2587 1977 2642 est,
2004 2576 2104 2631 hoc

534 2662 703 2714 solum
735 2662 953 2732 loquere
980 2663 1123 2733 quod
1155 2665 1381 2719 mdificat
1410 2666 1728 2734 proximum,
1764 2666 1897 2721 nihil
1923 2677 2100 2723 autem

532 2768 1008 2823 supervacaneum.

607 2849 661 2901 5.
712 2845 912 2917 Lingua
956 2850 1203 2917 quomodo
1251 2849 1507 2902 utendum.
1534 2880 1599 2887 —
1631 2850 1912 2916 Propterea
1963 2854 2103 2905 enim

535 2942 629 2996 tibi
654 2955 716 2995 os
744 2952 795 2995 et
838 2941 1068 3010 linguam
1099 2940 1248 2995 dedit
1289 2942 1427 2995 Deus
1447 2982 1461 3004 ,
1494 2954 1550 2995 ut
1579 2941 1688 2995 Deo
1718 2958 1844 3012 agas
1868 2943 2099 3013 gratias,

535 3043 595 3085 ut
625 3033 921 3101 proximum
953 3031 1201 3086 mdiﬁces.
1232 3032 1382 3099 Quod
1435 3033 1479 3086 si
1514 3032 1794 3088 azdiﬁcium
1824 3035 2066 3092 destruas
2085 3075 2103 3104 ,

536 3123 727 3177 melius
759 3131 842 3177 est
881 3122 1067 3187 silere,
1110 3132 1164 3177 et
1203 3139 1487 3195 numquam
1532 3125 1694 3195 loqui.
1744 3126 1875 3181 Nam
1916 3143 2105 3183 manus

530 3212 774 3289 artificis,
803 3227 919 3283 qua:
952 3229 1048 3282 pro
1077 3214 1345 3268 struendis
1378 3216 1541 3269 muris
1567 3217 1832 3285 deputata:
1858 3258 1872 3282 ,
1901 3217 2103 3272 didice-

535 3305 954 3370 riutdestruere,
983 3306 1102 3375 jure
1126 3306 1582 3362 exscinderentur.
1610 3307 1819 3363 Etenim
1852 3310 1954 3366 hoc
1971 3326 2105 3381 quo-

535 3413 639 3467 que
681 3398 810 3451 dicit
852 3397 1291 3468 psalmographus
1334 3416 1348 3454 :
1396 3398 1581 3453 Perdet
1629 3400 1878 3456 Dominus
1935 3404 2106 3456 omnia

535 3488 670 3542 labia
695 3488 872 3542 dolosa
902 3487 1071 3558 (Psat.
1104 3489 1190 3543 11.
1224 3489 1299 3559 4).
1333 3488 1444 3543 Ηοε
1478 3506 1538 3544 οε
1565 3500 1647 3545 εει
1682 3507 1840 3546 causa
1866 3492 2103 3548 omnium

536 3582 816 3646 malorum,
846 3581 952 3635 imo
978 3596 1104 3635 vero
1135 3596 1237 3635 non
1265 3598 1348 3646 os,
1376 3582 1467 3636 sed
1492 3584 1579 3652 qui
1610 3598 1675 3637 eo
1703 3585 1838 3639 male
1860 3595 2101 3639 utuntur.

540 3672 669 3725 llinc
696 3672 1056 3740 contumelize,
1090 3674 1366 3728 maledicta
1394 3716 1409 3740 ,
1442 3674 1785 3744 blasphemia:
1809 3719 1822 3741 ,
1857 3678 2103 3748 volupta-

536 3773 648 3817 tum
675 3764 883 3817 fomites
903 3776 956 3818 et
982 3765 1248 3830 incendia,
1275 3766 1469 3832 caedes,
1495 3768 1773 3833 adulteria,
1803 3769 1960 3837 furta,
1987 3786 2102 3826 om-

540 3858 623 3909 nia
650 3871 716 3909 ex
744 3870 809 3910 eo
836 3866 1145 3911 nascuntur.
1178 3858 1243 3911 Et
1268 3860 1533 3927 quomodo
1554 3902 1568 3924 ,
1592 3860 1783 3931 inquit,
1811 3862 2028 3919 credes?
2058 3866 2100 3919 Α

538 3949 857 4002 contumelia
882 3949 948 4003 ad
985 3950 1114 4003 iram
1142 3991 1155 4013 ,
1194 3950 1261 4004 ab
1290 3952 1362 4003 ira
1392 3952 1455 4004 ad
1488 3954 1665 4023 plagas
1686 3997 1701 4017 ,
1752 3972 1779 4008 a
1824 3958 1991 4027 plagis
2037 3959 2101 4012 ad

536 4040 736 4093 ea:de
760 4039 1041 4094 devenisti.
1066 4040 1344 4106 Quomodo
1366 4042 1728 4099 adulterium?
1756 4046 1879 4101 Haec
1902 4049 1983 4103 vel
2010 4049 2104 4103 illa

541 4142 613 4191 te.
641 4132 843 4200 inquit,
886 4140 1059 4197 amat,
1092 4133 1215 4186 boni
1256 4134 1524 4202 quidpiam
1550 4136 1617 4191 de
1647 4148 1697 4192 te
1726 4148 1811 4193 est
1847 4139 2060 4210 loquuta
2085 4182 2101 4207 ,

440 4293 445 4300 _
540 4228 703 4278 robur
730 4233 874 4278 tuum
905 4225 1181 4291 relaxavit,
1209 4225 1402 4295 deinde
1434 4227 1528 4281 tibi
1569 4230 1645 4283 sic
1677 4247 1889 4300 quoque
1915 4249 2105 4290 accen-

441 4300 450 4321 ³
540 4318 986 4387 uliturcupiditas.
1033 4319 1316 4388 Propterea
1368 4320 1577 4376 dicebat
1618 4323 1852 4391 Paulus,
1898 4327 1959 4381 Si
1992 4329 2105 4397 quis

537 4410 710 4464 bonus.
743 4410 1003 4475 Quoniam
1039 4425 1167 4480 ergo
1204 4412 1487 4466 verborum
1519 4414 1681 4468 multa
1709 4426 1791 4470 est
1829 4416 2101 4487 profusio,

538 4503 734 4558 merito
759 4502 891 4556 dixit
920 4501 1214 4565 indeﬁnite,
1247 4511 1306 4557 ut
1329 4504 1418 4574 qui
1462 4503 1548 4559 illa
1591 4506 1733 4576 loqui
1764 4507 2026 4578 jusserit,
2051 4521 2106 4567 et

539 4596 763 4650 formam
784 4594 1011 4649 dederit.
1033 4595 1371 4662 Quamnam?
1400 4597 1454 4652 Si
1484 4600 1603 4668 quis
1624 4601 1872 4669 aediﬁcat,
1894 4602 2101 4659 dicens.

544 4689 648 4739 Aut
673 4684 774 4740 hoc
803 4684 963 4748 dicit,
991 4695 1050 4739 ut
1080 4686 1171 4756 qui
1204 4687 1371 4754 audit,
1404 4689 1493 4743 tibi
1526 4684 1732 4746 'babeat
1759 4696 2003 4764 gratiam.
2037 4695 2108 4753 Ut

545 4785 669 4845 puta
698 4790 714 4829 :
741 4783 1005 4829 scortatus
1028 4785 1112 4830 est
1132 4774 1335 4843 frater;
1381 4793 1449 4834 ne
1488 4780 1778 4839 insolenter
1817 4789 2011 4855 probro
2043 4803 2106 4843 ac

543 4867 867 4924 contumelia
912 4868 1147 4935 afﬁcias,
1194 4886 1294 4927 nec
1331 4888 1451 4928 cmn
1493 4875 1720 4933 ludibrio
1746 4880 1797 4934 ei
1838 4881 2102 4940 insultes:

544 4958 774 5015 auditori
812 4959 943 5013 nihil
980 4959 1193 5028 prodes,
1225 4962 1318 5016 sed
1349 4979 1469 5018 eum
1497 4966 1644 5022 lzedis
1666 5008 1680 5032 ,
1713 4980 1768 5023 ut
1796 4986 1891 5039 par
1918 4988 2020 5041 est,
2050 4987 2108 5032 ut

547 5055 637 5122 qui
668 5052 974 5123 scrupulum
988 5053 1051 5106 “ei
1086 5054 1349 5122 injcceris.
1377 5056 1476 5111 Sed
1501 5059 1542 5112 si
1568 5060 1616 5113 ei
1645 5062 1875 5119 suadeas
1900 5083 1961 5121 ea
1988 5086 2106 5141 qua:

545 5153 668 5197 sunt
696 5142 897 5213 agenda
917 5184 933 5209 ,
964 5158 1206 5213 magnam
1236 5145 1331 5199 das
1368 5148 1417 5201 ei
1443 5150 1702 5217 gratiam;
1734 5155 1779 5207 si
1809 5157 2022 5213 erudias
2049 5173 2108 5217 ut

546 5236 682 5287 bona
708 5235 867 5288 verba
898 5235 1197 5304 eloquatur,
1225 5238 1270 5292 si
1292 5238 1536 5294 docueris
1566 5255 1621 5296 ut
1647 5248 1913 5303 neminem
1944 5252 2108 5306 male-

545 5326 688 5378 dicto
711 5334 943 5396 appetat,
970 5328 1202 5383 maxime
1223 5345 1342 5383 eum
1367 5332 1564 5398 crudis,
1588 5346 1641 5389 et
1665 5337 1712 5390 ei
1735 5336 1830 5394 das
1847 5343 2067 5410 gratiam
2090 5363 2106 5410 ;

548 5421 591 5469 si
624 5416 855 5486 loquaris
879 5417 944 5472 de
973 5422 1401 5489 compunctioue,
1431 5424 1496 5478 de
1528 5425 1754 5495 pietate,
1778 5430 1844 5486 de
1870 5433 2107 5489 eleemo-

462 5568 465 5575 ~
550 5520 715 5577 syna,
755 5509 869 5563 haec
906 5511 1083 5564 omnia
1131 5513 1377 5568 molliunt
1420 5517 1533 5585 ejus
1578 5522 1832 5577 animum.
1883 5526 1983 5579 Pro
2026 5527 2108 5585 his

554 5603 800 5656 omnibus
828 5606 1074 5660 fatebitur
1107 5622 1163 5661 se
1206 5609 1296 5662 tibi
1329 5609 1525 5666 habere
1550 5618 1790 5682 gratiam.
1821 5620 1923 5676 Sed
1953 5625 1995 5677 si
2043 5627 2114 5679 ri-

614 5780 690 5853 (α)
711 5781 772 5831 Hi
811 5793 922 5857 sunt
960 5790 1199 5859 Noratiani
1222 5829 1233 5839 .
1270 5791 1334 5839 de
1375 5794 1553 5853 quibus
1589 5795 1737 5847 multa
1767 5801 1944 5853 videsis
1986 5812 2110 5871 apud

544 5834 845 5885 CVnnamtm-
876 5846 1130 5885 hominum
1156 5865 1203 5885 ιιι
1227 5852 1327 5885 nam
1378 5854 1484 5885 νηηι
1524 5863 1569 5885 οι
1592 5856 1901 5885 ιινηίημη..;..,.-

574 5846 845 5904 .yprianum.
874 5846 1132 5899 Eusebium
1156 5854 1203 5900 in
1227 5852 1350 5903 Hist.
1376 5846 1503 5907 Eccl.
1523 5863 1574 5907 et
1592 5846 1922 5923 Epiphaniam:

1225 433 1275 487 S.
1320 428 1591 485 JOANNIS
1628 426 2091 484 Cll‘RYSOSTOMl
2132 425 2441 481 ARCHIEP.
2482 428 3005 488 CONSTANTINOP.
3631 450 3707 505 to;

2211 552 2329 590 sum
2359 542 2622 606 moveris,
2653 544 2695 596 si
2724 552 2877 613 turpe
2907 545 3157 615 loquutus
3180 547 3357 612 fueris,
3388 555 3539 622 magis
3562 571 3710 615 nam.

2209 626 2328 691 dis;
2373 629 2417 682 si
2460 630 2690 687 laudaris
2732 637 3057 704 nequitiam,
3082 638 3265 707 dejicis
3302 650 3353 694 et
3380 645 3557 710 perdis.
3586 648 3711 719 Igitur

2211 720 2291 771 vel
2323 719 2424 775 hoc
2446 722 2727 779 dicendum
2763 744 2776 780 :
2812 728 2892 781 vel
2936 739 2994 782 ut
3022 744 3113 783 eos
3151 731 3334 786 reddat
3367 738 3632 805 gratiosos,
3657 744 3711 799 ita

2206 810 2359 865 dixit.
2398 814 2462 869 Ut
2490 817 2632 870 enim
2672 830 2997 888 unguentum
3038 824 3128 877 dat
3169 827 3385 893 gratiam
3418 830 3476 883 iis
3503 834 3578 900 qui
3617 849 3714 893 sunt

2207 903 2321 972 ejus
2358 908 2680 977 participes,
2724 914 2795 965 ita
2843 913 3002 967 etiam
3046 930 3222 969 sermo
3254 917 3437 972 bonus.
3476 922 3712 993 Propterea

2205 996 2417 1064 quidem
2462 1000 2619 1054 etiam
2664 1002 2869 1059 diccbat
2896 1047 2911 1071 ,
2967 1005 3285 1076 Unguentum
3329 1011 3531 1078 effusum
3568 1036 3710 1078 nomen

2208 1099 2345 1143 tuam
2372 1091 2539 1161 (Cant.
2568 1096 2620 1149 1.
2653 1095 2732 1167 2),
2764 1097 2905 1167 quod
2934 1114 3027 1153 eos
3054 1100 3281 1156 faciebat
3304 1105 3500 1174 spirare
3522 1125 3581 1164 ex
3604 1113 3715 1170 bono

2208 1181 2298 1235 illo
2333 1183 2517 1239 odore.
2562 1185 2725 1243 Vides
2769 1189 2913 1244 illum
2960 1191 3101 1261 quod
3142 1208 3353 1262 semper
3397 1198 3601 1267 suadet,
3641 1205 3716 1262 hoc

2206 1287 2416 1344 quoque
2445 1291 2584 1331 nunc
2610 1278 2789 1334 dicere
2810 1321 2825 1344 ,
2856 1290 2913 1334 ut
2940 1282 3032 1351 qui
3063 1285 3277 1340 mandet
3310 1288 3573 1357 unicuique
3590 1297 3717 1353 ediﬁ-

2205 1382 2329 1422 carc
2356 1371 2652 1438 proximum
2691 1388 2787 1442 pro
2812 1374 3054 1429 viribus?
3081 1376 3181 1443 Qui
3214 1394 3341 1449 ergo
3368 1381 3482 1436 aliis
3511 1383 3717 1445 hucsua-

2206 1457 2332 1520 des,
2363 1461 2531 1515 multo
2560 1464 2727 1534 magis
2770 1466 2990 1536 tibiipsi.
3024 1468 3112 1524 '50.
3155 1470 3223 1523 Et
3253 1474 3404 1527 nolite
3435 1484 3717 1551 contristare,

2146 1619 2158 1632 .
2207 1550 2394 1619 inquit,
2423 1552 2672 1624 Spiritum
2699 1567 2949 1614 sanctum.
2998 1560 3315 1619 Horribilius
3344 1566 3513 1624 hocet
3544 1550 3716 1629 ter-ubi?

2208 1640 2308 1695 lius
2341 1663 2352 1696 :
2383 1645 2523 1712 quod
2555 1647 2766 1715 quidem
2795 1649 2923 1704 dicit
2953 1652 3111 1706 etiam
3143 1654 3195 1709 in
3230 1657 3460 1726 lipistola
3498 1662 3557 1716 ad
3582 1664 3716 1721 Thes-

2208 1734 2571 1792 salonicenses
2603 1756 2616 1793 :
2650 1740 2755 1795 illis
2776 1742 2917 1796 enim
2941 1759 3153 1815 quoque
3181 1749 3284 1803 tale
3306 1751 3426 1820 quid
3452 1753 3586 1817 dicit.
3618 1759 3720 1816 Nam

2206 1825 2288 1893 qui
2315 1828 2526 1897 spernit,
2550 1845 2650 1883 non
2680 1832 2933 1888 hominem
2954 1838 3167 1907 spernit,
3194 1841 3284 1893 sed
3310 1840 3465 1897 Deum
3488 1845 3554 1917 (l.
3584 1848 3716 1907 Thess.

2205 1918 2260 1969 4.
2288 1918 2363 1989 8).
2410 1920 2486 1975 Ita
2530 1920 2616 1978 hic
2652 1939 2860 1995 quoque
2886 1944 2898 1979 :
2929 1927 2983 1982 Si
3020 1931 3242 1988 verbum
3272 1933 3467 1991 dixeris
3490 1948 3719 1997 contume-

2209 2009 2481 2077 liosum,si
2510 2012 2727 2071 fratrem
2753 2022 3103 2089 percusseris,
3128 2038 3232 2080 non
3264 2025 3410 2080 illum
3440 2032 3718 2102 percussisti,

2207 2101 2298 2154 sed
2325 2102 2575 2172 Spiritum
2604 2106 2827 2163 aﬁ'ecisti
2868 2111 3100 2167 tristitia.
3151 2113 3358 2171 Deinde
3385 2129 3463 2173 εει
3487 2121 3627 2175 etiam
3656 2140 3722 2178 ac-

2206 2193 2378 2247 cessio
2406 2194 2687 2265 beneﬁcii,
2728 2210 2784 2254 ut
2829 2202 2999 2271 major
3036 2206 3106 2259 sit
3150 2208 3420 2264 accusatio
3458 2227 3470 2263 :
3506 2209 3570 2265 Et
3605 2216 3724 2270 nolite

2206 2286 2527 2355 contristare,
2555 2289 2725 2360 inquit
2751 2333 2765 2357 ,
2813 2293 3065 2365 Spiritum
3093 2312 3325 2354 sanctum
3344 2344 3359 2369 ,
3390 2304 3441 2356 in
3467 2322 3556 2375 quo
3577 2309 3724 2378 signati

2205 2376 2323 2431 estis
2344 2378 2396 2431 in
2424 2379 2506 2433 die
2532 2382 2904 2453 redemptionis.
2936 2387 2985 2441 ls
3008 2403 3105 2443 nos
3129 2390 3253 2446 fecit
3277 2408 3488 2464 gregem
3514 2376 3722 2468 regalem,

2207 2468 2252 2521 is
2279 2484 2377 2523 nos
2420 2471 2641 2528 abduxit
2669 2490 2697 2527 a
2739 2477 2924 2545 primis
2953 2482 3199 2537 omnibus
3229 2526 3245 2551 ,
3298 2485 3343 2540 is
3388 2502 3488 2541 non
3530 2493 3725 2559 permisit

2208 2573 2307 2613 nos
2349 2575 2469 2615 esse
2499 2563 2631 2617 sitos
2655 2580 2775 2619 cum
2804 2567 2870 2622 iis
2899 2569 2989 2639 qui
3020 2582 3145 2626 sunt
3173 2574 3390 2629 obnoxii
3427 2578 3514 2632 ira:
3546 2580 3624 2635 Dei
3645 2625 3657 2645 ,
3685 2594 3725 2638 et

2209 2658 2262 2703 tu
2299 2666 2418 2705 eum
2450 2654 2658 2709 tristitia
2699 2656 2908 2713 afﬁeis?
2936 2660 3067 2717 Vide
3101 2666 3372 2733 quomodo
3419 2669 3520 2725 illic
3553 2671 3724 2740 quidem

2210 2742 2516 2799 terribiliter
2555 2745 2683 2800 dicit
2726 2765 2740 2801 ι
2789 2748 2929 2803 Nam
2982 2755 3068 2822 qui
3113 2758 3340 2824 spernit,
3388 2776 3484 2814 non
3521 2764 3725 2815 hominem

2207 2838 2425 2903 spernit,
2456 2838 2545 2890 sed
2583 2838 2782 2904 Deum;
2810 2840 2894 2897 hic
2929 2854 3105 2900 autem
3148 2851 3392 2918 apposite
3423 2852 3484 2905 ad
3513 2854 3725 2923 pudorem

2210 2924 2592 2994 iucutiendum,
2622 2928 2797 2985 Nolite
2821 2936 3132 3003 contristare,
3166 2938 3358 3009 inquit,
3391 2942 3621 3013 Spiritum
3637 2963 3727 2999 san-

2209 3026 2363 3086 ctum,
2394 3020 2445 3073 in
2473 3038 2570 3091 quo
2596 3024 2782 3095 signati
2810 3028 2945 3081 estis.
2973 3028 3085 3083 lloc
3117 3031 3443 3102 signaculum
3469 3038 3534 3090 sit
3557 3038 3601 3091 in
3622 3054 3724 3093 ore:

2212 3125 2279 3164 ne
2305 3112 2476 3181 sigilla
2502 3117 2800 3171 sustuleris.
2825 3118 2897 3172 Os
2926 3121 3201 3189 spirituale
3229 3125 3360 3180 nihil
3394 3128 3492 3183 tale
3518 3129 3725 3199 loquitur.

2207 3199 2285 3255 Ne
2307 3201 2474 3269 dicas,
2504 3203 2644 3260 Nihil
2671 3217 2753 3261 est
2780 3209 2824 3263 si
2854 3217 3006 3278 turpe
3035 3212 3241 3279 dixero,
3271 3217 3317 3271 si
3348 3217 3485 3272 hunc
3511 3221 3726 3274 autillum

2208 3295 2525 3349 contumelia
2552 3296 2800 3353 offecere.
2826 3300 3114 3370 Propterea
3143 3321 3393 3375 magnum
3417 3318 3497 3364 est
3530 3311 3726 3374 malum,

2208 3384 2457 3452 quoniam
2492 3386 2620 3440 nihil
2658 3404 2775 3443 esse
2806 3391 3036 3447 videtur.
3065 3394 3196 3448 Nam
3227 3412 3348 3466 quae
3386 3399 3511 3453 nihil
3545 3416 3648 3455 esse
3665 3402 3728 3454 vi-

2208 3474 2422 3542 dentur,
2449 3475 2602 3533 facile
2622 3490 3069 3549 contemnuntur;
3092 3501 3212 3555 qum
3235 3496 3413 3543 autem
3436 3502 3731 3545 contemnun-

2209 3576 2314 3632 tur,
2342 3568 2505 3624 etiam
2530 3582 2825 3641 augentur;
2859 3590 2977 3645 qua:
2998 3588 3175 3633 autem
3202 3591 3465 3651 augentur
3485 3624 3500 3649 ,
3527 3585 3642 3637 ﬁunt
3666 3585 3731 3635 in-

2207 3660 2480 3716 curahilia.
2520 3661 2592 3718 Os
2622 3663 2785 3720 habes
2811 3667 3129 3735 Spirituale?
3155 3670 3343 3741 Cogita
3381 3675 3516 3743 quod
3549 3674 3728 3729 verbum

2207 3751 2407 3806 dixeris
2432 3754 2659 3822 primum
2687 3757 2899 3825 quando
2919 3774 2977 3812 es
3006 3759 3275 3830 loquutus,
3303 3774 3495 3834 quanta
3523 3765 3733 3835 sitdigni-

2211 3854 2289 3897 tas
2318 3845 2428 3897 oris
2459 3845 2556 3905 tui.
2586 3846 2797 3902 Patrem
2830 3864 2989 3909 vocas
3021 3851 3186 3907 Deum
3211 3894 3225 3918 ,
3256 3865 3311 3909 ct
3354 3856 3561 3912 fratrem
3586 3860 3731 3911 statim

2209 3934 2397 4003 injuria
2420 3936 2628 3991 afficis?
2652 3940 2835 4010 Cogita
2862 3943 3127 3998 undenam
3160 3946 3329 4002 Deum
3362 3963 3519 4004 vocas
3539 3948 3730 4003 Patrem.

2208 4030 2252 4080 A
2283 4030 2511 4083 natura?
2540 4031 2632 4085 sed
2662 4048 2766 4086 non
2796 4036 3049 4103 potueris.
3073 4038 3111 4091 A
3139 4039 3378 4095 virtute?
3404 4041 3492 4096 sed
3521 4056 3610 4097 nec
3632 4041 3729 4094 hoc.

2208 4118 2311 4174 Sed
2342 4120 2524 4176 unde?
2551 4124 2597 4177 A
2623 4125 2736 4179 sola
2767 4126 3091 4198 benignitate
3116 4139 3171 4186 et
3195 4131 3477 4189 clementia
3503 4176 3517 4201 ,
3547 4150 3574 4189 a
3600 4133 3731 4189 multa

2208 4211 2590 4269 misericordia.
2620 4214 2842 4284 Quando
2868 4232 2997 4290 ergo
3027 4220 3193 4278 Deum
3224 4239 3385 4281 vocas
3411 4225 3627 4293 Patrem,
3648 4240 3731 4280 non

2209 4306 2380 4361 solum
2409 4307 2510 4365 hoc
2533 4311 2726 4382 cogita,
2757 4312 2897 4383 quod
2918 4312 3050 4371 facis
3080 4317 3290 4389 indigna
3319 4320 3408 4375 illa
3432 4321 3630 4392 generis
3653 4333 3730 4374 oo-

2210 4400 2413 4457 bilitate
2432 4443 2449 4469 ,
2479 4405 2806 4462 contumelia
2831 4407 3108 4476 afﬁciens;
3139 4412 3235 4467 sed
3260 4414 3400 4483 quod
3432 4416 3581 4470 etiam
3606 4429 3633 4468 a
3657 4413 3734 4467 be-

2209 4495 2467 4566 nignitate
2486 4507 2541 4553 et
2565 4498 2845 4555 clementia
2874 4501 3040 4558 habes
3073 4503 3406 4562 nobilitatem
3434 4507 3648 4578 generis.
3674 4504 3736 4560 Ne

2209 4603 2326 4643 eam
2349 4604 2476 4660 ergo
2501 4590 2765 4647 dedecore
2806 4592 3009 4649 afﬁcias
3032 4636 3047 4660 ,
3079 4609 3199 4651 cum
3226 4611 3346 4653 eam
3374 4598 3580 4669 quidem
3612 4610 3735 4653 acco-

2210 4681 2354 4750 peris
2388 4696 2416 4734 a
2454 4682 2778 4753 benignitate
2804 4694 2859 4739 et
2894 4685 3215 4753 clementia;
3247 4690 3558 4746 crudelitate
3589 4699 3735 4745 autem

2210 4780 2266 4825 et
2290 4772 2488 4825 saevitia
2536 4774 2700 4827 utaris
2740 4774 2993 4830 adversus
3026 4776 3236 4834 fratres.
3281 4779 3446 4835 Deum
3477 4796 3622 4835 vocas
3659 4779 3736 4832 Pa-

2214 4871 2348 4917 trem
2372 4903 2386 4926 ,
2416 4872 2471 4918 et
2495 4878 2615 4919 eum
2657 4866 2977 4921 contumelia
3013 4867 3181 4925 affinis
3202 4870 3224 4922 ?
3248 4870 3350 4926 Sed
3381 4872 3493 4926 haec
3520 4888 3616 4926 non
3639 4877 3737 4924 sunt

2214 4952 2305 5007 filii
2344 4954 2456 5008 Dei.
2485 4953 2630 5025 Opus
2661 4956 2756 5010 filii
2800 4958 2893 5013 Dei
2930 4966 3014 5013 est
3052 4959 3281 5016 inimicis
3324 4965 3622 5026 remittere,
3660 4974 3737 5029 pro

2213 5045 2643 5115 cruciﬁgentibus
2670 5062 2849 5115 orare,
2880 5064 2974 5119 pro
3001 5051 3063 5105 iis
3093 5054 3182 5122 qui
3210 5054 3434 5109 oderunt
3465 5054 3741 5125 sanguinem

2215 5135 2506 5191 effundere.
2538 5136 2663 5191 Hrcc
2684 5147 2809 5193 sunt
2835 5140 2989 5210 digna
3019 5141 3125 5198 ﬁlio
3156 5142 3271 5205 Dei,
3302 5145 3560 5211 inimicos,
3588 5146 3741 5213 ingra-

2216 5237 2319 5288 tos,
2340 5228 2504 5294 fures,
2530 5229 2880 5298 impudentes,
2907 5234 3263 5302 insidiatores,
3288 5253 3381 5290 eos
3398 5239 3580 5292 fratres
3597 5239 3743 5289 facere

2217 5327 2271 5372 et
2298 5318 2541 5384 heredes,
2567 5336 2671 5374 non
2699 5331 2877 5376 autem
2900 5338 2992 5378 eos
3019 5327 3107 5394 qui
3136 5326 3257 5381 facti
3283 5339 3407 5383 sunt
3430 5330 3608 5385 fratres
3634 5338 3743 5383 lam--

2217 5424 2373 5478 quam
2403 5412 2661 5479 mancipia
2685 5413 2897 5469 afﬁcere
2921 5419 3257 5474 contumelia.

2290 5502 2343 5556 4.
2376 5502 2561 5557 Contra
2590 5506 2877 5560 maledicos.
2909 5537 2978 5546 —
3002 5508 3183 5579 Cogita
3211 5528 3448 5581 quianam
3502 5512 3649 5568 verba
3677 5509 3745 5562 ιο-

2220 5605 2438 5662 quntum
2467 5606 2548 5651 est
2571 5611 2633 5651 os
2662 5608 2805 5653 tuum
2825 5641 2838 5661 ,
2881 5616 3106 5669 quanam
3139 5619 3318 5659 mensa
3358 5607 3427 5660 sit
3466 5607 3709 5675 dignatum
3731 5636 3745 5665 ν

2220 5702 2461 5753 quasnam
2487 5699 2684 5758 tangat,
2708 5708 2947 5760 quzrnam
2968 5703 3163 5764 gustet,
3192 5712 3418 5766 quonam
3449 5698 3638 5752 fruatur
3662 5694 3745 5750 alio

2221 5789 2423 5832 mento.
2452 5779 2527 5834 Te
2553 5780 2697 5835 fratri
2717 5784 2846 5838 nihil
2873 5800 3031 5855 grave
3056 5788 3231 5844 facere
3259 5791 3530 5845 existimas
3554 5788 3623 5843 illi
3650 5801 3746 5840 mae

2228 5868 2498 5925 ledicens?
2530 5871 2805 5941 Quomodo
2834 5890 2960 5948 ergo
2981 5892 3136 5935 vocas
3156 5879 3410 5939 fratrem?
3436 5882 3489 5938 Si
3515 5894 3633 5952 ergo
3662 5890 3747 5933 non
