3974 6500
291 386 394 446 105

281 522 440 578 τημα
486 503 641 557 λῦσαι
662 519 674 531 ·
709 499 846 554 ἀλλὰ
873 499 1022 563 πῶς;
1052 497 1116 551 Ei
1157 497 1474 557 ἐκοπίασαν,
1517 491 1612 545 καὶ
1646 487 1852 578 ἑτέρως

287 569 600 660 μέτέδωκαν
621 604 634 615 .
660 584 834 648 οὑτως
861 583 1055 635 ἔλυσαν
1088 583 1147 633 τὸ
1181 579 1502 650 ἁμάρτημα.
1530 575 1642 660 Οὐχ
1667 569 1854 660 ἁπλῶς

279 654 437 742 ἡμᾶς
474 667 804 740 ἐργάζεσθαι
841 666 1110 737 βούλεται,
1138 663 1254 716 ἀλλ’
1285 661 1427 714 ὥστε
1464 654 1855 742 κοπιᾷν,ῶστε

279 740 500 827 ἑτέροις
538 753 877 824 μεταδιδόναι
899 770 910 782 ο
948 751 1041 803 καί
1069 749 1176 820 γάρ
1203 749 1232 800 ὁ
1255 745 1502 799 κλέπτων
1540 740 1853 813 ἐργάζεται,

280 839 430 894 ἀλλὰ
462 839 648 892 κακόν.
685 837 807 903 Πᾶς
841 836 1021 904 ,λόγος
1055 833 1287 900 σαπρὸς
1321 833 1389 885 ἐκ
1420 829 1526 882 τοῦ
1561 827 1857 896 στόματος

283 923 460 988 ὑμῶν
472 922 558 990 μὴ
579 921 1010 989 ἐκπορευέσθω.
1039 919 1134 980 Τίς
1162 921 1276 970 ἐστι
1301 914 1507 984 σαπρός
1529 928 1544 976 ;
1565 911 1664 964 "Ov
1694 923 1856 976 φησιν

283 1005 525 1076 ἀλλαχοῦ
564 1007 658 1059 καί
684 1004 872 1075 ἀργὸν,
904 1000 1228 1064 καταλαλιὰ,
1255 994 1623 1066 αἰσχρολογία,
1660 993 1857 1060 εὐτρα-

283 1091 475 1155 πελία,
501 1089 828 1160 μωρολογία.
863 1089 1026 1158 Ὁρᾷς
1052 1085 1169 1148 πῶς
1189 1086 1287 1146 τὰς
1313 1082 1465 1153 ῥίζας
1486 1077 1741 1132 ἐκκόπτει
1753 1077 1861 1160 ,τῆς

280 1173 487 1242 ὀργῆς,
514 1171 812 1241 τὸιψεῦδος,
839 1170 936 1242 τὴν
968 1169 1194 1237 κλοπὴν,
1221 1165 1319 1236 τὴν
1345 1165 1568 1231 ἄκαιρον
1589 1159 1818 1242 διάλεξιν
1840 1174 1855 1221 ;

287 1257 368 1310 Τὸ
386 1241 471 1322 δέ,
497 1254 726 1324 Μηκέτι
753 1241 1072 1315 κλεπτέτω,
1099 1251 1197 1304 οὐκ
1218 1248 1445 1308 ἐκείνοις
1476 1241 1861 1324 συγγινώσκων

286 1341 548 1394 τοσοῦτόν
578 1355 760 1409 φησιν,
795 1339 918 1390 ὅσον
949 1337 1072 1398 τοὺς
1103 1326 1696 1407 ἠδικημένους-πράους
1730 1322 1862 1377 καθ-

289 1423 485 1488 ιστῶν,
522 1423 616 1476 καὶ⁵
662 1421 739 1492 τῷ
783 1419 977 1490 μηκέτι
1018 1418 1087 1471 τὰ
1121 1415 1260 1469 αὐτὰ
1300 1403 1492 1466 παθεῖν
1519 1423 1544 1450 ει
1578 1407 1862 1479 ἀρκεῖσθαι

286 1507 604 1580 παραινῶν.
648 1490 846 1567 καλῶς
883 1503 939 1555 δὲ
970 1501 1064 1555 καὶ
1101 1498 1231 1570 περὶ
1275 1497 1450 1564 λόγων
1491 1493 1752 1580 διδάσκει.
1785 1490 1860 1544 Οὐ

290 1575 408 1662 γάρ
433 1589 777 1662 πραγμάτων
817 1586 996 1656 μόνον,
1040 1581 1176 1636 ἀλλὰ
1223 1581 1318 1634 καὶ
1362 1578 1620 1662 ῥημάτων
1647 1575 1863 1662 τίνομεν

286 1656 496 1738 δίκας.-
528 1656 681 1727 Ἀλλ’
722 1671 778 1726 ετ
820 1687 911 1735 τις
940 1669 1182 1736 ἀγαθὸς,
1234 1663 1388 1733 φησί,
1454 1659 1604 1729 πρὸς
1639 1656 1866 1712 οἰκοδο-

290 1757 424 1828 μὴν
469 1757 582 1824 τῆς
620 1756 848 1824 χρείας,
882 1753 984 1804 ἵνα
1031 1747 1116 1814 δῷ
1168 1747 1342 1818 χάριν
1390 1744 1514 1808 τοῖς
1553 1741 1863 1828 ἀκούομιγι.

295 1822 821 1907 Τουτέστιν,⁶οπερ
837 1835 1112 1903 οἰκοδομεῖ
1139 1833 1230 1885 τὸν
1262 1829 1510 1900 πλησίον,
1533 1828 1688 1879 τοῦτο
1705 1822 1868 1893 φθέγ-

293 1941 398 1993 γου
429 1922 612 1994 μενον,
646 1919 896 1990 περιττὸν
927 1918 983 1971 δὲ
1019 1916 1202 1987 μηδέν.

371 2097 443 2168 γ’.
463 2097 563 2152 Διὰ
585 2096 742 2150 τοῦτο
772 2094 881 2166 γάρ
906 2111 987 2147 σοι
1011 2093 1186 2163 στόμα
1215 2093 1312 2145 καὶ
1338 2089 1590 2158 γλῶσσαν
1617 2085 1813 2139 ἔδωκεν
1842 2085 1872 2137 ό

292 2182 456 2246 Θεὸς,
487 2182 577 2234 ἵνα
607 2180 934 2251 εὐχαριστῇς
969 2175 1136 2246 αὐτῷ,
1169 2176 1255 2229 ἵνα
1287 2174 1577 2243 οἰκοδομῇς
1612 2171 1704 2223 τὸν
1736 2168 1873 2237 πλη-

300 2266 418 2319 σίον
437 2280 453 2294 ⁶
478 2265 559 2328 ὡς
588 2263 685 2318 ἐὰν
705 2261 972 2332 καθαιρῇς
995 2259 1092 2330 τὴν
1121 2257 1427 2328 οἰκοδομὴν,
1457 2256 1662 2326 βέλτιον
1690 2251 1869 2320 σιγᾷν,

301 2349 398 2403 καὶ
431 2348 708 2420 μηδέποτε
730 2342 1080 2414 φθέγγεσθαι.
1116 2342 1224 2394 Καὶ
1258 2340 1366 2410 γὰρ
1403 2342 1580 2411 χεῖρες
1607 2337 1870 2406 τεχνίτου,

299 2435 427 2488 ἀντὶ
444 2432 542 2486 τοῦ
566 2431 696 2494 τοὺς
716 2429 926 2498 τοίχους
950 2425 1256 2493 ἐξυφαίνειν
1277 2423 1542 2494 μαθοῦσαι
1563 2420 1870 2490 καθαιρεῖν,

304 2513 674 2570 ἐκκόπτεσθαι
703 2511 908 2565 δίκαιαι
949 2510 1016 2562 ἂν
1052 2504 1182 2562 είεν.
1231 2509 1340 2561 Καὶ
1382 2506 1487 2577 γάρ
1515 2506 1547 2556 ό
1571 2500 1875 2573 ιί¹⁶αλμιλρίῖοὸς

307 2599 468 2654 τοῦτό
521 2611 720 2667 φησιν’
781 2594 1233 2660 Ἐξολοθρεύσει
1294 2591 1504 2657 Κύριος
1559 2587 1755 2640 πάντα
1804 2586 1876 2638 τὰ

316 2683 488 2754 χείλη
511 2681 584 2734 τὰ
598 2679 790 2734 δόλια.
821 2676 991 2730 Τοῦτο
1013 2677 1230 2731 πάντων
1244 2675 1416 2727 αἴτιον
1445 2669 1554 2723 τῶν
1577 2668 1781 2729 κακῶν,
1817 2668 1877 2721 τὸ

321 2749 496 2836 στόμα
516 2780 532 2795 ·
572 2763 768 2835 μᾶλλον
808 2761 864 2814 δὲ
889 2761 950 2813 οὐ
976 2759 1037 2812 τὸ
1077 2758 1273 2828 στόμα,
1306 2755 1419 2808 ἀλλ’
1444 2756 1492 2807 οί
1516 2752 1698 2815 κακῶς
1730 2749 1878 2836 αὐτῷ

320 2834 613 2919 χρώμενοι.
649 2843 930 2898 Ἐντεῦθεν
959 2839 1171 2912 ὕϐρεις,
1206 2837 1482 2908 λοιδορίαι,
1516 2834 1874 2919 βλασφημίαι,

319 2917 642 3002 ἐκκαύματα
694 2928 805 2981 τῶν
850 2925 1089 2996 ἡδονῶν,
1140 2923 1310 2991 φόνοι,
1351 2922 1605 2991 μοιχεῖαι,
1660 2917 1877 2977 κλοπαὶ,

316 3000 512 3069 πάντα
533 3012 643 3067 ἀπὸ
673 3011 864 3065 τούτου
898 3009 1162 3062 τίκτεται.
1193 3007 1302 3059 Καὶ
1333 3003 1469 3067 πῶς,
1507 3002 1660 3071 φησί,
1695 3000 1878 3070 φόνοις

326 3095 462 3154 Ἀπὸ
494 3097 707 3169 ῦϐρεως
735 3097 814 3158 εἰς
840 3085 1026 3164 ὀργὴν,
1066 3091 1172 3144 ἀπὸ
1199 3088 1369 3160 ὀργῆς
1412 3089 1492 3160 εἰς
1515 3085 1748 3155 πληγὰς,
1777 3084 1883 3137 ἀπὸ

314 3181 546 3253 πληγῶν
563 3183 645 3244 εἰς
675 3179 835 3248 φόνον
857 3176 1067 3245 ἐξέϐης.
1097 3173 1220 3237 Πῶς
1249 3175 1518 3243 μοιχείαις
1558 3172 1619 3223 Ἠ
1649 3170 1797 3222 δεῖνά
1823 3185 1883 3220 σε

313 3251 481 3335 φιλεῖ,
507 3263 698 3334 φησὶν,
737 3259 1035 3330 ἐφθέγξατό
1071 3274 1124 3310 τι
1158 3255 1288 3327 περὶ
1332 3254 1426 3308 σοῦ
1471 3253 1724 3324 χρηστὸν,
1757 3251 1885 3321 ἐχά-

314 3348 448 3401 λασέ
478 3363 576 3400 σου
622 3345 714 3398 τὸν
739 3344 916 3406 τόνον,
959 3338 1078 3395 εἶτα
1115 3341 1207 3393 καὶ
1240 3341 1324 3392 σοὶ
1363 3337 1535 3401 οὕτως
1587 3338 1886 3389 ἀνάπτεται

317 3431 389 3485 τά
432 3430 537 3498 τῆς
571 3427 887 3497 ἐπιθυμίας.
938 3423 1036 3501 Διά
1079 3423 1236 3476 τοῦτο
1271 3425 1298 3475 ὁ
1329 3421 1537 3484 Παῦλος
1575 3419 1780 3486 ἔλεγεν,
1815 3417 1890 3472 El

317 3533 414 3582 τις
444 3513 689 3583 ἀγαθός.
741 3510 894 3564 Ἐπεὶ
935 3505 1028 3562 οὑν
1055 3508 1189 3562 πολὺ
1235 3506 1296 3559 τὸ
1325 3505 1476 3577 χὺμα
1527 3503 1636 3556 τῶν
1691 3502 1886 3570 λόγων,

318 3599 553 3660 εἰκότως
581 3594 901 3665 ἀδιορίστως
930 3587 1104 3652 εἶπεν,
1131 3592 1314 3643 ἐκεῖνα
1346 3587 1677 3657 φθέγγεσθαι
1701 3583 1892 3638 κελεύ-

323 3700 446 3748 σας,
501 3682 599 3736 καί
625 3679 794 3732 τύπον
823 3674 1213 3745 δοὺςόμιλίας.
1261 3674 1418 3726 Ποῖον
1460 3671 1526 3740 δὴ
1562 3668 1750 3723 τοῦτον
1779 3685 1796 3735 ;
1827 3665 1896 3721 Εἴ

321 3787 411 3833 τις
434 3765 730 3836 οἰκοδομεῖ,
765 3759 954 3814 εἰπών.
991 3760 1065 3812 Ἦ
1093 3757 1250 3812 τοῦτό
1276 3773 1460 3827 φησιν,
1497 3755 1586 3808 ἵνα
1613 3753 1776 3824 χάριν
1806 3768 1892 3836 σοι

322 3852 444 3922 εἰδῇ
464 3834 740 3904 ὁάκούων.
757 3837 903 3906 Οἷον,
920 3841 1239 3912 ἐπόρνευσεν
1266 3843 1295 3894 ὁ
1315 3837 1560 3908 ἀδελφός·
1583 3837 1658 3908 μὴ
1685 3834 1893 3907 ὲκπθμο

327 3920 462 3986 πευε
497 3933 597 4002 τὴν
626 3931 802 4001 ὓϐριν.
843 3930 994 4001 Μηδέ
1031 3927 1290 3996 ἐντρύφα·
1321 3923 1472 3978 οὐδὲν
1488 3922 1779 4002 ὠφέλησας
1802 3920 1893 4002 τὸν

324 4000 624 4078 ἀκούοντα,
670 4000 805 4067 ἀλλὰ
849 4000 944 4066 καί
996 4009 1254 4076 ἔϐλαψας,
1284 4007 1530 4068 εἰκότως,
1571 4000 1700 4076 ἦλον
1745 4000 1894 4071 αὐτῷ

327 4099 477 4164 δούς.
511 4101 611 4152 Ἂν
640 4098 821 4164 μέντοι
850 4095 920 4148 τὰ
949 4095 1197 4164 πρακτέα
1223 4093 1482 4161 παραινῇ,
1511 4087 1712 4158 πολλὴν
1744 4085 1894 4155 αὑτῴ

1184 378 1252 434 IN
1285 375 1499 432 EPIST.
1543 375 1632 428 AD
1672 366 1916 424 EPHES.
1967 366 2114 422 CAP.
2159 367 2246 421 IV.
2287 368 2520 424 HOMIL.
2559 367 2701 423 XN.

3407 366 3511 420 1οι

1961 499 2052 552 ρον
2092 486 2185 538 καὶ
2231 485 2600 556 φοϐερώτερον
2642 483 2817 546 τοῦτο,
2872 482 3008 553 ὅπερ
3056 480 3148 535 καὶ
3179 480 3237 533 ἐν
3267 482 3333 552 τῇ
3384 481 3522 552 πρὸς

1956 568 2386 624 ωεσσαλονικέας
2417 568 2707 637 Ἐπιστολῇ
2741 583 2873 637 φησι
2892 581 2904 592 ·
2935 565 3030 634 καὶ
3060 564 3169 636 γάρ
3202 565 3318 616 ἐκεῖ
3344 563 3521 617 τοιοῦ·

1956 650 2048 702 τόν
2077 668 2129 703 τι
2153 651 2338 719 λέγει’
2383 653 2443 702 '0
2477 651 2585 720 γὰρ
2615 648 2860 714 ἀθετῶν,
2899 650 3011 703 οὐκ
3037 647 3350 716 ἄνθρωπον
3383 648 3522 703 d08-

1957 732 2063 790 τεῖ,
2088 734 2246 787 ἀλλὰ
2275 733 2382 787 τὸν
2410 734 2579 786 Θεόν.
2619 733 2774 786 Οὕτω
2804 733 2897 786 καί
2945 729 3198 785 ἐνταῦθα.
3234 729 3330 782 ’Ἂν
3363 729 3524 802 είπῃς
3562 787 3583 808 ι

1959 816 2273 886 ὑϐριστικὸν
2311 817 2480 886 ῥῆμα,
2507 816 2573 868 ἂν
2603 815 2812 884 πλήξῃς
2849 815 2940 867 τὸν
2975 812 3219 883 ἀδελφὸν,
3252 813 3352 866 οὐκ
3378 813 3526 865 ἐκεῖη

1959 915 2048 951 νον
2075 898 2339 968 ἔπληξας,
2373 899 2508 952 ἀλλὰ
2553 898 2615 951 τὸ
2657 896 2880 967 Πνεῦμα
2915 896 3212 966 ἐλύπησας.
3256 890 3390 948 Εἶτα
3432 894 3528 948 καὶ

1940 983 1994 1051 -ή
2027 982 2315 1053 προσθήκη
2360 982 2460 1051 τῆς
2498 980 2836 1050 εὐεργεσίας,
2870 981 2956 1033 ἵνα
2989 980 3188 1050 μείζων
3225 978 3450 1048 γένηται
3491 978 3527 1048 ἠ

1961 1066 2294 1135 κατηγορία.
2325 1067 2431 1118 Καὶ
2468 1064 2551 1133 μὴ
2579 1062 2826 1118 λυπεῖτε
2864 1063 2931 1114 τὸ
2970 1062 3212 1130 Πνεῦμα
3239 1062 3304 1114 τὸ
3334 1059 3526 1129 ἄτιον,

1962 1149 2146 1218 φησὶν,
2175 1149 2246 1199 ἐν
2270 1142 2318 1214 ᾧ
2339 1148 2780 1216 ἐσφραγίσθητε
2807 1148 2895 1208 εἱς
2925 1145 3153 1212 ἡμέραν
3179 1139 3530 1210 ἀπολυτρώ-

1962 1246 2134 1296 σεως.
2169 1230 2338 1284 Τοῦτο
2367 1233 2515 1302 ἡμᾶς
2553 1229 2752 1293 ἔδειξεν
2786 1228 2987 1298 ἀγέλην
3032 1226 3334 1296 βασιλικὴν,
3370 1225 3530 1279 τοῦτο

1963 1315 2110 1382 ἡμᾶς
2165 1314 2382 1367 πάντων
2434 1314 2541 1365 τῶν
2587 1312 2821 1384 πρώτων
2861 1313 3179 1381 ἀπέστησε,
3228 1309 3386 1362 τοῦτο
3429 1311 3531 1363 οὐκ

1965 1397 2144 1467 ἁφῆκε
2173 1397 2386 1450 κεῖσθαι
2422 1396 2558 1466 μετὰ
2597 1397 2706 1449 τῶν
2750 1393 3066 1448 ὑπευθύνων
3095 1393 3193 1462 τῆς
3236 1392 3408 1463 ὀργῆς
3432 1391 3527 1444 τοῦ

1965 1479 2122 1546 Θεοῦ,
2151 1481 2246 1533 καὶ
2282 1482 2344 1535 σύ
2380 1480 2512 1534 αὐτὸ
2530 1481 2717 1544 λυπεῖς
2739 1498 2754 1543 ;
2780 1482 2920 1550 Ὅρα
2944 1479 3060 1542 πῶς
3089 1480 3205 1530 ἐκεῖ
3238 1478 3336 1547 μὲν
3367 1477 3530 1546 φοϐε-

1969 1563 2099 1633 ρῶς,
2136 1563 2198 1615 Ὀ
2230 1565 2341 1632 γὰρ
2368 1563 2612 1627 ἀθετῶν,
2639 1564 2824 1633 φησὶν,
2851 1564 2961 1616 οὐκ
2985 1562 3297 1629 ἄνθρωπον
3312 1558 3527 1623 ἀθετεῖ,

1963 1647 2128 1701 ἀλλὰ
2150 1649 2258 1700 τὸν
2297 1650 2448 1702 Θεόν
2470 1665 2483 1678 ·
2522 1647 2752 1700 ἐνταῦθα
2786 1647 2844 1700 δὲ
2866 1646 3232 1718 ἐντρεπτικῶς
3250 1685 3264 1709 ,
3307 1643 3401 1712 Μὴ
3423 1647 3530 1698 λυ-

1968 1731 2129 1785 πεῖτε
2175 1733 2239 1786 τὸ
2268 1733 2508 1800 Πνεῦμα
2552 1733 2617 1787 τὸ
2654 1733 2844 1802 ἅγιον,
2887 1731 3072 1802 φησὶν,
3122 1731 3192 1784 ἐν
3231 1724 3531 1800 ᾧέσφρα-

1969 1816 2232 1883 γίσθητε.
2265 1816 2328 1867 'H
2361 1817 2593 1884 σφραγὶς
2611 1815 2748 1885 αῦτη
2776 1816 2867 1868 ἐπὶ
2895 1813 2988 1867 τοῦ
3007 1814 3271 1884 στόματος
3293 1812 3493 1866 κείσθω
3513 1827 3529 1842 °

1967 1898 2047 1966 μὴ
2076 1899 2270 1970 ἀνέλῃς
2302 1899 2370 1951 τὰ
2409 1900 2712 1969 σήμαντρα.
2747 1897 2928 1968 Στόμα
2976 1894 3342 1966 πνευματικὸν
3385 1894 3535 1948 οὐδὲν

1969 1979 2206 2033 τοιοῦτον
2270 1981 2590 2050 φθέγγεται.
2627 1981 2717 2050 Μὴ
2770 1979 2952 2052 εἴπῃς,
3012 1979 3179 2032 Οὐδέν
3239 1981 3407 2041 ἐστιν,
3464 1975 3534 2030 ἂν

1971 2063 2194 2134 αἰσχρὸν
2228 2066 2388 2130 εἴπω,
2415 2065 2484 2118 ἂν
2509 2063 2598 2117 τὸν
2632 2064 2784 2118 δεῖνα
2818 2063 3044 2133 ὑϐρίσω.
3078 2062 3176 2115 Διὰ
3201 2062 3359 2115 τοῦτο
3394 2061 3540 2132 μέγα

1972 2147 2089 2199 ἐστί
2116 2148 2306 2213 κακὸν,
2333 2147 2521 2218 ἐπειδὴ
2548 2147 2700 2200 οὐδὲν
2734 2143 2874 2200 εἶναι
2911 2146 3078 2198 δοκεῖ.
3109 2146 3189 2199 Τὰ
3229 2145 3336 2214 γὰρ
3371 2145 3539 2215 μηδὲν

1971 2226 2111 2284 εἶναι
2139 2231 2429 2297 δοκοῦντα,
2464 2232 2698 2294 εὐκόλως
2741 2230 2834 2283 καὶ
2886 2231 3326 2299 καταφρονεῖται,
3366 2227 3436 2281 τά
3477 2227 3537 2280 δέ

1973 2315 2455 2385 καταφρονούμενα
2500 2313 2594 2366 καὶ
2625 2312 2869 2378 αὒξεται,
2910 2311 2981 2364 τά
3029 2310 3085 2362 δὲ
3138 2308 3412 2378 αὐξόμενα
3443 2311 3540 2362 καὶ

1972 2398 2165 2450 ἀνίατα
2193 2398 2418 2466 γίνεται.
2455 2397 2638 2467 Στόμα
2675 2398 2819 2466 ἐχεις
2858 2395 3268 2464 πνευματικόν;
3323 2393 3540 2464 Ἐννόη-

1976 2496 2067 2531 σον
2108 2478 2160 2530 τί
2208 2479 2452 2548 ἐφθέγξω
2492 2477 2692 2539 εὐθέως
2745 2477 2897 2547 ῥῆμα
2940 2477 3200 2544 τεχθεὶς,
3227 2477 3358 2528 ποία
3411 2475 3540 2538 ἀξία

1974 2560 2070 2613 τοῦ
2096 2561 2360 2632 στόματός
2396 2579 2510 2614 σου.
2543 2561 2764 2630 Πατέρα
2797 2559 2983 2623 καλεῖς
3014 2560 3106 2612 τὸν
3134 2559 3299 2623 Θεὸν,
3329 2559 3423 2611 καὶ
3451 2558 3543 2611 τὸν

1978 2643 2203 2712 ἀδελφὸν
2232 2643 2432 2707 εὐθέως
2473 2642 2750 2714 ὑϐρίζεις;
2796 2641 3078 2711 Ἐννόησον
3117 2641 3281 2694 πόθεν
3324 2640 3546 2711 Πατέρα

1987 2727 2168 2792 καλεῖς
2197 2728 2289 2780 τὸν
2331 2727 2481 2780 Θεόν.
2525 2725 2656 2779 Ἀπὸ
2689 2725 2932 2796 φύσεως;
2977 2724 3092 2777 ἀλλ’
3142 2725 3241 2776 οὐκ
3273 2723 3337 2776 ἂν
3373 2722 3539 2792 ἔχοις.

1992 2813 2124 2864 Ἀπὸ
2152 2812 2387 2883 ἁρετῆςς
2418 2809 2532 2866 ἀλλ’
2593 2810 2713 2864 οὐδὲ
2748 2809 2924 2863 τοῦτο.
2970 2808 3130 2862 Ἀλλὰ
3167 2807 3362 2874 πόθεν;
3411 2806 3546 2860 Ἀπὸ

1981 2897 2386 2968 φιλανθρωπίας
2417 2896 2606 2967 μόνης,
2644 2895 2749 2947 ἀπὸ
2779 2893 3201 2963 εὐσπλαγχνίας,
3246 2892 3352 2945 ἀπὸ
3387 2890 3539 2943 ἐλέου

1980 2981 2198 3035 πολλοῦ.
2239 2981 2405 3034 Ὀταν
2433 2976 2526 3033 οῦν
2559 2980 2778 3050 Πατέρα
2797 2978 2967 3048 καλῇς
2990 2978 3081 3030 τὸν
3111 2977 3261 3040 Θεὸν,
3289 2975 3365 3046 μη
3391 2973 3550 3028 τοῦτο

1986 3066 2143 3135 μόνον
2169 3066 2358 3127 ἐννόει,
2381 3065 2462 3117 ὄτι
2485 3063 2679 3128 ἀνάξια
2709 3063 2808 3132 τῆς
2830 3061 3108 3129 εὐγενείας
3144 3061 3361 3128 ἐκείνης
3379 3058 3552 3131 πράτ-

1981 3166 2097 3213 τεις
2127 3149 2385 3220 ὑϐρίζων,
2427 3147 2541 3200 ἀλλ’
2571 3147 2652 3198 ὅτι
2687 3146 2782 3198 καὶ
2816 3145 2923 3197 άπὸ
2958 3141 3368 3214 φιλανθρωπίας
3404 3141 3550 3210 ἐχεις

1983 3231 2082 3303 τὴν
2125 3231 2424 3299 εὐγένειαν.
2465 3228 2558 3300 Μὴ
2590 3228 2767 3282 τοίνυν
2798 3226 2967 3298 αὐτὴν
3012 3225 3400 3298 καταισχύνῃς,
3442 3224 3552 3278 ἀπὸ

1989 3318 2088 3389 μὲν
2137 3315 2544 3387 φιλανθρωπίας
2588 3311 2788 3377 λαϐὼν,
2821 3312 3065 3382 ὠμότητι
3110 3312 3167 3364 δὲ
3214 3309 3552 3381 κεχρημένος

1994 3401 2132 3473 πρὸς
2171 3400 2296 3465 τούς
2324 3397 2602 3466 ἀδελφούς.
2648 3396 2867 3466 Πατέρα
2907 3395 3089 3458 καλεῖς
3134 3394 3225 3447 τὸν
3256 3393 3410 3458 Θεὸν,
3459 3393 3555 3445 καί

1989 3483 2260 3556 ὑϐρίζεις;
2317 3481 2457 3535 ’Ἀλλ’
2491 3481 2553 3533 οὐ
2591 3479 2764 3533 ταῦτα
2815 3477 2910 3532 τοῦ
2967 3477 3082 3530 υἱοῦ
3136 3476 3230 3530 τοῦ
3280 3475 3442 3530 Θεοῦ.
3476 3475 3552 3529 Τὸ

1989 3569 2150 3640 ἔργον
2172 3566 2269 3621 τοῦ
2291 3564 2408 3620 υἰοῦ
2428 3565 2521 3618 τοῦ
2549 3562 2711 3625 Θεοῦ,
2749 3564 2863 3626 τοῖς
2898 3561 3112 3633 ἐχθροῖς
3139 3560 3378 3631 ἀφιέναι,
3413 3560 3555 3632 ὑπὲρ

1988 3653 2100 3706 τῶν
2123 3648 2498 3720 σταυροῦντων
2529 3645 2800 3717 εὐχεσθαι,
2841 3644 2982 3714 ὑπὲρ
3011 3645 3118 3698 τῶν
3158 3641 3460 3714 μισούντων
3493 3642 3558 3696 τὸ

1991 3731 2131 3807 αἷμα
2161 3733 2390 3804 ἐκχέειν.
2434 3730 2622 3787 Ταῦτά
2661 3732 2810 3784 ἐστιν
2841 3726 2966 3792 ἀξια
2990 3725 3082 3780 τοῦ
3116 3724 3234 3780 υἰοῦ
3264 3724 3360 3779 τοῦ
3393 3724 3555 3790 Θεοῦ,

1989 3823 2119 3884 τοὺς
2149 3819 2396 3891 ἐχθροὺς,
2425 3817 2551 3879 τοὺς
2593 3812 2934 3884 ἀγνώμονας,
2959 3811 3085 3875 τοὺς
3127 3810 3388 3875 κλέπτας,
3427 3810 3558 3874 τοὺς

1996 3905 2241 3976 ίταμούς,
2297 3903 2424 3966 τούς
2482 3896 2954 3961 ἐπιϐουλεύοντας,
3013 3894 3232 3958 τούτους
3295 3893 3558 3962 ἀδελφοὺς

1994 3989 2260 4044 ποιεῖσθαι
2292 3986 2386 4040 καὶ
2404 3983 2793 4055 κληρονόμους,
2818 3982 2940 4051 οὐχὶ
2974 3981 3099 4044 τούς
3119 3978 3379 4050 ἀδελφοὺς
3408 3995 3556 4048 γινο-

1995 4076 2211 4145 μένους,
2241 4071 2463 4134 τούτους
2496 4069 2571 4133 ώς
2589 4066 2897 4138 ἀνδράποδα
2934 4064 3204 4136 ὑϐρίζειν.

327 4181 489 4246 δίδως
518 4184 620 4252 τὴν
639 4182 798 4252 χάριν
819 4198 833 4210 ·
859 4181 924 4233 ἂν
945 4178 1242 4248 παιδεύσῃς
1263 4175 1508 4245 εὔφημον
1532 4173 1674 4242 ἔχειν
1697 4170 1891 4252 στόμα,
1995 4203 2002 4212 -

333 4269 405 4320 ἂν
423 4251 640 4337 διδάξῃς
671 4251 876 4336 μηδένα
910 4263 1256 4331 κακηγορεῖν,
1285 4257 1520 4327 μάλιστα
1543 4253 1705 4307 αὐτὸν
1737 4251 1897 4337 ἐπαί-

332 4353 558 4414 δευσας,
583 4334 684 4402 καί
722 4334 882 4419 χάριν
920 4345 1072 4416 αὐτῷ
1103 4343 1338 4405 δέδωκας
1358 4355 1371 4368 ·
1406 4340 1471 4393 ἂν
1505 4337 1630 4408 περὶ
1660 4334 1896 4402 κατανύ-

335 4433 495 4498 ξεως,
521 4433 590 4486 ἂν
618 4432 747 4501 περί
776 4418 1085 4492 εὐλαϐείας,
1127 4427 1194 4479 ἂν
1224 4425 1350 4494 περί
1381 4420 1748 4493 ἐλεημοσύνης
1783 4418 1899 4470 δια-

333 4517 555 4587 λεχθῇς,
597 4516 776 4587 πάντα
822 4513 993 4567 ταῦτα
1047 4509 1305 4582 μαλάττει
1345 4505 1511 4560 αὑτοῦ
1556 4506 1654 4573 τὴν
1697 4503 1896 4574 ψυχήν.

346 4601 521 4672 ’Υπὲρ
549 4599 755 4652 τούτων
784 4598 1000 4652 πάντων
1031 4595 1187 4666 χάριν
1215 4592 1558 4660 ὁμολογήσει.
1587 4587 1901 4672 Ἂνμμέντοι

336 4670 553 4755 γέλωτα
571 4684 818 4753 κινήσῃς,
839 4683 902 4734 ἂν
933 4677 1154 4750 αἰσχρὸν
1184 4676 1414 4747 φθέγξῃ,
1438 4672 1637 4755 μᾶλλον
1663 4670 1897 4755 ἐξῆψαςῗ

337 4752 410 4824 av
449 4752 763 4838 ἐπαινέσῃς
786 4765 884 4835 τὴν
923 4762 1073 4835 [107]
1123 4759 1418 4829 πονηρίαν,
1474 4754 1769 4816 κατέϐαλες
1809 4752 1904 4805 καὶ

339 4851 652 4911 ἀπώλεσας.
682 4848 851 4902 Τοῦτο
881 4844 974 4900 οῦν
1003 4845 1148 4898 ἐστιν
1173 4846 1345 4896 εἰπεῖν
1363 4859 1377 4872 ·
1419 4841 1452 4911 ἢ
1484 4840 1573 4893 ἵνα
1604 4853 1905 4908 κεχαριτω-

347 4936 544 5007 μένους
573 4934 769 4996 αὐτοὺς
791 4932 1108 5002 ἐργάσηται,
1139 4927 1309 4990 οὑτως
1339 4925 1481 4978 εἷπε.
1511 4922 1772 4991 Καθάπερ
1799 4918 1906 4987 γὰρ

345 5005 408 5072 τὸ
439 5019 608 5089 μύρον
646 5019 802 5088 χάριν
833 5015 1014 5068 δίδωσι
1050 5014 1162 5074 τοῖς
1211 5008 1734 5080 μεταλαμϐάνουσιν,
1766 5005 1908 5058 οῦτω

347 5103 446 5155 καὶ
473 5102 630 5168 λόγος
656 5099 858 5169 άγαοός
878 5115 892 5128 ·
928 5098 1016 5151 διὰ
1054 5095 1213 5148 τοῦτο
1240 5093 1332 5146 καί
1379 5109 1463 5154 τις
1503 5089 1675 5157 ἔλεγε,
1705 5089 1908 5154 Μύρον

347 5184 678 5238 ἑκκενωθὲν
701 5181 887 5252 ὄνομὰ
911 5197 1025 5236 σου
1047 5198 1059 5211 ·
1088 5179 1348 5234 ἀποπνεῖν
1377 5174 1574 5235 αὐτοὺς
1602 5171 1775 5224 ἐποίει
1801 5170 1909 5222 ἀπὸ

349 5268 451 5338 τῆς
477 5268 704 5332 εὐωδίας
745 5267 977 5336 ἐκείνης.
1021 5253 1180 5335 Ὁρᾷς
1212 5263 1315 5325 ὅτι,
1355 5260 1490 5323 ὅπερ
1522 5255 1608 5308 ἀεὶ
1636 5255 1907 5338 παραινεῖ,

349 5337 510 5406 τοῦτο
545 5352 638 5406 καὶ
676 5351 770 5405 νῦν
803 5351 970 5418 λέγει,
997 5350 1210 5418 ἑκάστῳ
1236 5343 1534 5412 οἰκοδομεῖν
1563 5339 1652 5392 τὸν
1689 5337 1910 5418 πλησίον

356 5435 667 5508 ἐπιτρέπων
696 5433 834 5488 κατὰ
862 5413 1089 5502 δύναμιν
1112 5413 1209 5500 τὴν
1236 5425 1461 5490 ἐαυτοῦ;
1501 5423 1561 5475 '0
1586 5420 1795 5508 ἐτέροις
1818 5413 1912 5508 οὖν

352 5501 580 5572 τοιαῦτα
618 5516 921 5587 παραινῶν,
970 5501 1147 5584 πολλῷ
1198 5510 1397 5583 μᾶλλον
1449 5503 1652 5574 σαυτῷ.
1693 5501 1802 5557 Καί
1824 5501 1911 5570 μὴ

353 5603 616 5669 λυπεῖτε,
651 5602 808 5674 φησὶ,
841 5601 907 5656 τὸ
940 5598 1180 5667 Πνεῦμα
1216 5595 1283 5650 τὸ
1323 5593 1512 5664 ἅγιον.
1547 5587 1914 5661 Φρικωδέστεο

421 5810 448 5840 ⁸
474 5808 646 5858 Παθεῖν
667 5807 725 5855 ἄν
748 5806 919 5856 mallet
941 5803 1167 5854 Dunaus.

1992 4300 1996 4304 ·
2065 4276 2128 4330 δ’.
2165 4273 2443 4342 Ἐννόησον
2471 4271 2591 4326 τίνα
2619 4270 2916 4339 ἐφθέγξατο
2945 4270 3161 4340 ῥήματα
3189 4265 3250 4320 τὸ
3285 4267 3459 4338 στόμα
3495 4268 3559 4322 τὸ

1997 4360 2150 4434 [108]
2193 4359 2304 4423 σὸν,
2355 4357 2515 4420 ποίας
2548 4356 2675 4420 ἄξια
2728 4353 3036 4425 τραπέζης·
3093 4352 3344 4434 ἐννόησον
3395 4353 3558 4408 τίνων

2001 4433 2248 4505 ἅπτεται,
2274 4443 2433 4493 τίνων
2457 4437 2702 4506 γεύεται,
2735 4437 2888 4498 ποίας
2914 4433 3174 4488 ἀπολαύει
3192 4437 3418 4505 τροφῆς.
3449 4436 3557 4489 Οὐ-

1998 4529 2084 4580 δὲν
2116 4528 2221 4596 ἡγῇ
2254 4525 2424 4576 ποιεῖν
2451 4522 2619 4575 δεινὸν
2658 4521 2750 4574 τὸν
2779 4519 3005 4589 ἀδελφὸν
3038 4519 3394 4588 κατηγορῶν;
3432 4518 3556 4582 Πῶς

2001 4607 2092 4665 οὑν
2119 4609 2301 4670 καλεῖς
2332 4605 2587 4674 ἁδελφόν;
2635 4605 2713 4656 Είν
2741 4603 2797 4656 δὲ
2823 4604 2922 4656 οὐκ
2971 4601 3118 4655 ἐστιν
3153 4600 3400 4669 ἁδελφὸς,
3441 4600 3560 4664 πῶς

2004 4695 2205 4761 λέγεις,
2236 4689 2425 4756 Πάτερ
2471 4687 2670 4757 ἡμῶν;
2695 4687 2755 4740 τὸ
2783 4687 2908 4756 γάρ,
2954 4685 3170 4754 Ἡμῶν,
3205 4683 3413 4736 πολλῶν
3447 4685 3566 4737 ἐστι

2007 4775 2314 4848 προσώπων
2345 4771 2695 4843 σημαντικόν.
2741 4770 3021 4839 Ἐννόησον
3050 4769 3186 4838 μετὰ
3213 4767 3372 4820 τίνων
3403 4767 3566 4837 ἐστη-

2006 4876 2107 4922 κας
2165 4857 2305 4910 κατὰ
2340 4855 2430 4909 τὸν
2464 4853 2655 4924 καιρὸν
2713 4853 2824 4905 τῶν
2873 4852 3186 4922 μυστηρίων
3213 4890 3228 4912 ,
3295 4850 3430 4918 μετὰ
3461 4851 3569 4903 τῶν

2007 4942 2323 5012 Χερουϐὶμ,
2383 4938 2513 5005 μετὰ
2568 4936 2675 4992 τῶν
2725 4935 2995 5006 Σεραφίμ.
3051 4935 3130 4987 Τὰ
3189 4932 3439 5002 Σεραφίμ
3472 4932 3570 5001 οὐχ

2009 5025 2240 5094 ὑϐρίζει,
2276 5023 2410 5076 ἀλλὰ
2461 5022 2590 5093 μίαν
2636 5021 2821 5080 αὐτοῖς
2872 5017 3062 5089 χρείαν
3102 5015 3261 5086 μόνον
3290 5015 3350 5068 τὸ
3398 5015 3572 5094 στόμα

2009 5092 2228 5177 πληροῖ,
2256 5106 2314 5158 τὸ
2341 5092 2662 5172 δοξολογείν,
2687 5103 2750 5155 τὸ
2771 5100 3014 5165 δοξάζειν
3040 5100 3128 5152 τὸν
3145 5099 3295 5151 Θεόν.
3328 5096 3450 5160 Πῶς
3478 5092 3573 5149 οὖν

2008 5191 2212 5262 δυνήσῃ
2232 5190 2295 5241 σὺ
2325 5188 2439 5258 μετ’
2459 5187 2680 5240 ἐκείνων
2699 5185 2898 5253 λέγειν,
2921 5184 3144 5252 Ἄγιος,
3175 5180 3363 5248 ἅγιος,
3384 5177 3570 5246 ἅγιος,

2011 5276 2092 5336 είς
2122 5272 2278 5344 ῦϐριν
2307 5271 2383 5340 τῷ
2424 5269 2652 5338 στόματι
2689 5269 3063 5337 κεχρημένος;
3101 5265 3235 5316 Είπέ
3281 5263 3342 5330 δή
3379 5277 3487 5344 μοι,
3524 5263 3574 5313 εί

2015 5357 2208 5420 σκεῦος
2241 5355 2326 5426 εἴη
2372 5353 2668 5424 βασιλικὸν,
2713 5352 2808 5404 καὶ
2843 5351 2930 5403 ἀεὶ
2963 5347 3275 5417 ἐδεσμάτων
3325 5343 3575 5426 ἔμπλεων

2017 5422 2328 5513 βασιλικῶν,
2364 5422 2460 5492 καὶ
2507 5438 2587 5500 εἰς
2635 5435 2790 5488 τοῦτο
2841 5429 3298 5513 ἀποτεταγμένον,
3345 5422 3464 5480 εῐτά
3493 5444 3578 5491 τις

2015 5507 2162 5595 αὐτῷ
2189 5522 2296 5577 τῶν
2324 5521 2548 5575 οἰκετῶν
2577 5521 2840 5589 χρήσαιτο
2868 5517 2949 5578 εἰς
2979 5514 3199 5595 κόπρονὲ
3233 5507 3341 5580 ἆρα
3373 5511 3580 5582 τολμή-

2016 5629 2098 5665 σει
2125 5594 2288 5662 πάλιν
2319 5605 2434 5675 μετ’
2468 5603 2692 5656 ἐκείνων
2734 5599 2841 5652 τῶν
2877 5596 3084 5650 σκευῶν
3131 5594 3241 5648 τῶν
3271 5597 3350 5658 εἰς
3395 5597 3579 5648 ἐκεῖνα

2015 5687 2470 5760 ἀποτεταγμένων
2502 5685 2634 5739 αὐτὸ
2665 5679 3020 5736 ἀποτίθεσθαι
3048 5679 3147 5750 τῆς
3179 5679 3383 5750 κόπρου
3418 5681 3581 5748 ἐμπε-

2020 5772 2327 5846 πλησμένον
2348 5786 2362 5836 ;
2380 5767 2664 5837 Οὐδαμῶς.
2689 5761 2941 5817 Τοιοῦτόν
2967 5762 3018 5816 τί
3041 5763 3230 5833 ἐστινὴ
3251 5761 3578 5831 γακηγορία,
