3960 6546
432 393 546 453 105

428 510 667 565 τοιοῦτόν
700 513 847 565 ἐστιν
883 514 913 581 ή
943 510 1117 582 ὕϐρις.
1147 510 1335 580 Πάτερ
1362 510 1548 581 ἡμῶν.
1585 514 1696 567 Καὶ
1718 514 1770 568 τί
1782 532 1797 579 ;
1829 513 1987 567 τοῦτο

429 594 621 664 μόνον;
660 596 852 647 Ἄκουε
883 592 1103 646 καὶτῶν
1134 592 1258 661 ἑξῆς
1283 610 1296 624 ο
1344 594 1406 646 '0
1442 594 1513 648 ἐν
1542 595 1666 660 τοῖς
1684 594 1981 663 οὐρανοῖς.

429 677 643 740 Εὐθέως
685 673 856 739 είπες,
891 674 1079 743 Πάτερ
1129 674 1299 743 ἡμῶν
1335 679 1368 730 ό
1394 677 1464 729 ἐν
1505 695 1632 744 τοις
1682 678 1983 745 οὐρανοῖς,

426 762 518 814 καὶ
548 759 804 829 ἀνέστησὲ
834 774 892 809 σε
912 757 972 809 τὸ
1000 757 1172 827 ῥῆμα.
1200 758 1478 829 ἐπτέρωσέ
1499 777 1592 813 σου
1610 761 1707 831 τὴν
1723 761 1983 823 διάνοιαν,

424 844 621 908 ἔδειξεν
667 844 748 895 ὅτι
782 841 1000 910 Πατέρα
1032 841 1177 910 ἔχεις
1232 844 1291 895 ἐν
1336 845 1450 905 τοῖς
1483 846 1752 913 οὐρανοῖς.
1801 844 1984 913 Μηδὲν

422 930 650 999 πρᾶττε,
677 926 839 995 μηδὲν
863 924 985 993 λέγε
1015 924 1123 977 τῶν
1153 926 1248 977 ἐπὶ
1272 927 1394 996 γῆς.
1431 926 1527 988 Εἰς
1552 926 1764 995 ἐκείνην
1794 944 1854 978 σε
1881 928 1983 999 τὴν

418 1009 570 1075 τάξιν
593 1008 787 1079 ἔστησε
812 1009 911 1078 τὴν
934 1008 1064 1071 ἄνω,
1096 1008 1288 1078 ἐκείνῳ
1330 1025 1390 1061 σε
1417 1009 1660 1079 ἐνέκρινε
1691 1010 1769 1079 τῷ
1803 1010 1979 1081 χορῷ·

421 1096 473 1147 τί
505 1092 700 1146 σαυτὸν
726 1092 875 1146 κάτω
896 1091 1179 1153 καθέλκεις
1200 1108 1214 1157 ;
1246 1090 1394 1161 παρά
1419 1091 1511 1142 τὸν
1538 1092 1725 1162 θρόνον
1748 1094 1982 1163 ἕστηκας

417 1178 507 1230 τὸν
548 1175 854 1238 Βασιλικὸν,
888 1174 982 1227 καὶ
1011 1172 1287 1245 ὐϐρίζειςς
1321 1174 1395 1225 Οὐ
1434 1173 1681 1237 δέδοικας
1719 1176 1793 1245 μὴ
1823 1175 1980 1245 ῦϐριν

414 1258 476 1312 τὸ
504 1259 737 1328 πρᾶγμα
765 1258 1034 1327 ἡγήσηται
1065 1258 1093 1309 ὁ
1124 1255 1410 1325 βασιλεύς;
1441 1255 1556 1307 ἀλλ’
1586 1255 1653 1308 ἂν
1684 1258 1783 1326 μὲν
1829 1259 1980 1310 οἰκέ-

414 1357 510 1410 της
544 1341 629 1410 ἐφ’
670 1339 831 1408 ήμῶν
860 1339 951 1391 τὸν
994 1338 1282 1408 ὁμόδουλον
1318 1337 1517 1408 τύπτῃ,
1565 1338 1596 1408 ἢ
1632 1338 1846 1410 ὑϐρίζῃ,
1880 1340 1989 1405 κᾶν

412 1424 637 1486 δικαίως
668 1422 827 1475 τοῦτο
872 1424 1022 1492 ποιῇ,
1072 1420 1273 1484 εὐθέως
1319 1421 1682 1491 ἐπιτιμῶμεν,
1733 1422 1889 1493 ὕϐριν
1920 1424 1981 1476 τὸ

414 1510 646 1576 πρᾶγμα
674 1504 959 1573 ἡγούμενοι
979 1520 992 1534 ο
1030 1505 1095 1556 σύ
1120 1503 1176 1556 δὲ
1209 1503 1346 1572 με.τά
1372 1502 1478 1555 τῶν
1498 1504 1779 1575 Χερουϐὶμ
1808 1506 1979 1568 ἐστὼς

414 1589 564 1661 παρά
591 1590 681 1640 τὸν
702 1587 888 1657 θρόνον
910 1586 1003 1639 τοῦ
1028 1586 1318 1649 Βασιλέως,
1342 1585 1579 1656 ὑϐρίζεις
1602 1587 1694 1639 τὸν
1715 1588 1941 1656 ἀδελφόν
1961 1603 1976 1651 ;

413 1673 525 1741 Οὐχ
550 1672 681 1741 ὁρᾷς
704 1670 772 1722 τὰ
799 1671 931 1737 ἀγια
955 1668 1127 1721 ταῦτα
1158 1670 1361 1738 σκεύη;
1402 1670 1522 1735 οὐχὶ
1562 1671 1700 1738 πρὸς
1742 1671 1800 1724 ἐν
1833 1674 1979 1724 ἐστιν

411 1754 593 1807 αὐτῶν
623 1753 913 1814 διαπαντὸς
945 1754 977 1819 ἡ
1005 1752 1198 1822 χρείας
1239 1751 1314 1821 μή
1355 1768 1437 1813 τις
1477 1751 1653 1822 τολμᾷ
1686 1752 1821 1823 πρὸς
1850 1753 1978 1806 ἄλλο

408 1854 461 1888 τι
492 1835 797 1907 χρήσασθαι
834 1836 1054 1898 αὐτοῖς;
1089 1835 1159 1886 Σὺ
1202 1834 1310 1887 τῶν
1343 1833 1551 1886 σκευῶν
1600 1834 1899 1906 ἁγιώτερος
1929 1832 1979 1888 εἷ

408 1920 633 1984 τούτων,
678 1918 773 1971 καὶ
803 1916 983 1987 πολλῷ
1033 1915 1358 1986 ἁγιώτεροςσ
1394 1916 1446 1967 τί
1474 1916 1653 1969 τοίνυν
1692 1919 1976 1987 ρυπαίνεις

412 2002 609 2055 σαυτὸν
660 2003 756 2055 καὶ
810 2002 1088 2072 μολύνεις;
1138 2001 1225 2052 Ἐν
1268 2002 1381 2062 τοῖς
1414 2000 1663 2070 οὐρανοῖς
1717 2001 1976 2072 ἕστηκας,

409 2087 503 2138 κα)⁸
524 2084 794 2155 ὐϐρίζειςς
834 2084 971 2155 μετά
1000 2083 1248 2152 ἀγγέλων
1273 2084 1553 2153 πολιτεύῃ,
1580 2084 1675 2137 καὶ
1705 2084 1970 2155 ὐϐρίζειςς

408 2169 714 2239 φιλήματος
744 2168 972 2236 ἠξίωσαι
1000 2164 1349 2229 Δεσποτικοῦ,
1372 2167 1464 2218 καὶ
1493 2166 1765 2236 ὐϐρίζειςς
1794 2168 1976 2221 τοσού-

406 2267 521 2315 τοις
551 2268 645 2304 σου
670 2251 732 2305 τὸ
772 2251 947 2320 στόμα
980 2248 1288 2318 ἐκόσμησεν
1315 2250 1343 2300 ὁ
1370 2247 1501 2313 Θεὸς
1535 2248 1725 2319 ὕμνοις
1757 2251 1975 2318 ἀγγελι-

408 2338 543 2398 κοῖς,
574 2337 747 2406 τροφῇ
786 2333 971 2387 οὐκέτι
1001 2332 1291 2402 ἀγγελικῇ,
1331 2331 1445 2385 ἀλλ’
1476 2334 1617 2404 ὑπὲρ
1654 2334 1971 2406 ἀγγελικὴν,

406 2418 673 2487 φιλήματι
707 2417 784 2487 τῷ
828 2417 1014 2479 αὐτοῦ,
1059 2415 1421 2487 περιπλοκαῖς
1449 2419 1568 2480 ταῖς
1605 2418 1741 2489 πρὸς
1785 2419 1969 2483 αὐτὸν,

404 2501 505 2553 καὶ
531 2501 803 2568 ὑϐρίζεις
835 2500 946 2569 Μὴ,
978 2497 1301 2568 παρακαλῶ.
1354 2498 1618 2565 Μεγάλων
1646 2500 1707 2553 τὸ
1742 2502 1971 2571 πρᾶγμα

408 2584 582 2637 αῐτιον
622 2583 830 2649 κακῶν,
861 2584 1051 2654 πόρρω
1076 2581 1255 2651 ψυχῆς
1293 2581 1640 2654 Χριστιανῆς,
1687 2585 1762 2639 Οὐ
1789 2584 1972 2638 πείθο-

1130 397 1186 451 S.
1220 393 1503 451 JOANNIS
1537 392 2018 453 CIIRYSOSTOMI
2058 398 2377 457 ARCHIEP.
2419 402 2970 461 CONSTANTINOP.

3548 404 3646 462 106

2090 515 2190 585 μέν
2232 534 2290 570 σε
2351 519 2618 587 λέγοντες,
2674 520 2793 573 οὐδὲ
2826 520 3190 590 ἐντρέπομεν;
3243 517 3453 573 Οὐκοῦν
3496 520 3649 585 ἄξιον

2087 599 2324 669 φοϐῆσαι
2351 602 2536 654 λοιπόν
2559 618 2572 633 ο
2616 604 2778 656 ἄκουε
2807 604 2913 674 γὰρ
2949 602 3042 657 τοῦ
3082 601 3318 671 Χριστοῦ
3361 602 3608 671 λέγοντος
3628 623 3644 635 ι

2096 683 2160 734 '0
2184 682 2369 736 εἰπὼν
2396 682 2475 749 τῷ
2500 684 2738 754 ἀδελφῷ
2776 685 2983 751 αὐτοῦ,
3017 686 3205 752 Μωρέ,
3237 684 3452 753 ἔνοχος
3477 688 3650 742 ἔσται

2084 764 2160 833 τῇ
2188 766 2397 835 γεέννῃ
2424 768 2527 821 τοῦ
2565 771 2773 835 πυρός.
2815 770 2876 821 Εἰ
2898 769 2955 821 δὲ
2992 769 3051 821 τὸ
3072 768 3400 838 κουφότερον
3427 770 3648 823 πάντων

2083 846 2306 916 γέενναν
2335 848 2603 919 προξενεῖ,
2650 850 2777 903 όίτά
2828 851 3076 921 τολμηρά
3118 850 3314 917 λέγων,
3372 850 3516 913 τίνος
3549 853 3652 905 οὐκ

2084 929 2237 984 ἔσται
2270 930 2450 997 ἀξιοςς
2483 933 2869 1004 Παιδεύσωμεν
2913 933 3071 1003 ήμῶν
3110 933 3242 1001 πρὸς
3287 933 3563 1002 εὐφημίαν
3587 935 3651 986 τὸ

2083 1015 2289 1085 στόμαο
2335 1014 2477 1086 μέγα
2507 1018 2615 1069 ἀπὸ
2652 1017 2842 1070 τούτου
2894 1017 3104 1087 κέρδος,
3153 1016 3362 1086 μεγάλη
3408 1016 3516 1069 άπὸ
3546 1019 3650 1086 τῆς

2084 1096 2295 1169 ὕϐρεως
2317 1101 2350 1168 ἡ
2378 1098 2548 1169 βλάϐη
2567 1116 2583 1130 ο
2614 1100 2713 1153 οὐκ
2747 1100 2892 1152 ἔστιν
2916 1099 3152 1152 ἐνταῦθα
3178 1100 3439 1169 χρήματα
3470 1099 3652 1152 δαπα-

2084 1180 2263 1250 νῆσαι.
2326 1182 2634 1252 Ἐπιθῶμεν
2682 1180 2852 1251 θύραν
2895 1182 2987 1235 καὶ
3041 1182 3275 1252 μοχλὸν,
3311 1178 3463 1252 [109]
3515 1197 3651 1232 κατ-ν

2082 1263 2348 1333 εσθίωμεν
2371 1265 2619 1329 ἑαυτοὺς,
2638 1264 2732 1317 ἐὰν
2756 1264 2908 1334 ῥῆμά
2927 1281 3056 1317 ποτε
3077 1264 3333 1335 φορτικὸν
3355 1264 3648 1334 ἐκπηδήσῃ

2078 1346 2186 1398 τῶν
2219 1346 2447 1399 ὀδόντων
2469 1366 2481 1378 ·
2514 1347 2919 1417 παρακαλῶμεν
2943 1349 3033 1401 τὸν
3057 1348 3211 1412 Θεὸν,
3236 1348 3651 1417 παρακαλῶμεν

2077 1429 2167 1481 τὸν
2200 1429 2545 1502 ὑϐρισμένον,
2583 1430 2656 1500 μή
2687 1431 3137 1501 ἀναξιοπαθῶμεν
3157 1447 3170 1461 ⁸
3220 1432 3447 1493 ἑαυτοὺς
3477 1432 3651 1505 ὲ-πλή-

2079 1511 2268 1583 ξαμεν,
2304 1515 2405 1566 οὐκ
2456 1516 2694 1567 ἐκεῖνον·
2752 1515 3031 1585 ἐπιθῶμεν
3080 1514 3141 1567 τὸ
3193 1515 3488 1586 φάρμακον
3540 1516 3646 1585 τὴν

2077 1596 2241 1666 εὐχὴν
2289 1599 2383 1650 καὶ
2439 1597 2536 1667 τὴν
2574 1598 2710 1668 πρὸς
2758 1597 2849 1650 τὸν
2902 1598 3228 1669 ὑϐρισμένον
3272 1598 3645 1667 καταλλαγήν.

2080 1679 2178 1732 Ἂν
2215 1681 2272 1732 ἐν
2301 1683 2414 1742 τοῖς
2459 1681 2666 1751 ῥήμασι
2695 1679 2966 1751 τοσαύτην
3019 1678 3302 1749 ποιώμεθα
3358 1680 3645 1751 πρόνοιαν,

2082 1760 2261 1830 πολλῷ
2312 1762 2509 1831 μᾶλλον
2570 1763 2629 1814 ἐν
2680 1766 2793 1825 τοῖς
2832 1764 3117 1834 πράγμασι
3174 1763 3371 1833 νόμους
3403 1762 3647 1833 τιθῶμεν

2078 1848 2315 1907 ἑαυτοῖς.
2346 1845 2462 1897 Κᾶν
2490 1846 2678 1914 φίλους
2700 1846 2933 1916 ἔχωμεν,
2978 1847 3081 1900 κᾶν
3128 1845 3492 1910 οὑστινασοῦν,
3545 1847 3646 1900 καὶ

2074 1930 2277 1980 είποιεν
2306 1929 2495 1992 κακῶς
2522 1947 2665 1993 τινα,
2703 1931 2735 2001 ἢ
2774 1931 3079 2005 ὐϐρίσαιενο
3106 1930 3406 1999 άπαίτησον
3436 1930 3641 1991 αὐτοὺς

2073 2015 2166 2065 καὶ
2216 2013 2507 2083 εἴσπραξαι
2558 2013 2733 2082 δίκην.
2781 2016 3161 2085 Μανθάνωμεν
3202 2012 3358 2078 ὅλως,
3404 2013 3487 2067 ὃτι
3536 2013 3642 2065 κᾶν

2072 2096 2376 2165 ἁμάρτημα
2405 2096 2465 2148 τὸ
2493 2096 2733 2150 τοιοῦτόν
2770 2099 2918 2149 ἐστιν
2941 2116 2955 2129 ο
2991 2098 3056 2150 ἀν
3084 2098 3191 2168 γάρ
3229 2095 3510 2166 μάθωμεν,
3541 2112 3643 2146 τα-

2071 2179 2207 2249 χέως
2254 2180 2698 2249 ἀποστησόμεθα.
2747 2181 2807 2233 '0
2847 2181 2904 2234 δὲ
2951 2181 3081 2243 Θεὸς
3130 2182 3228 2250 τῆς
3274 2181 3499 2251 εἰρήνης
3531 2197 3640 2248 φυ-

2070 2262 2221 2327 λάξοι
2275 2262 2429 2332 ὐμῶν
2486 2264 2582 2316 καὶ.
2637 2264 2730 2318 τὸν
2780 2264 2926 2331 νοῦν,
2960 2265 3054 2317 καὶ
3083 2265 3182 2334 τὴν
3232 2263 3507 2331 γλῶσσαν,
3540 2262 3640 2314 καὶ

2070 2344 2299 2414 τειχίσοι
2327 2345 2560 2414 ἀσφαλεῖ
2590 2348 2773 2418 τειχίῳ
2800 2348 2877 2418 τῷ
2914 2348 3077 2400 αὐτοῦ
3109 2348 3280 2418 φόϐῳ,
3324 2347 3384 2399 ἐν
3411 2344 3638 2416 Χριστῷ

2085 2425 2258 2496 Ἰησοῦ
2289 2429 2384 2479 καὶ
2436 2428 2626 2499 Κυρίῳ
2661 2430 2840 2499 ἡμῶν,
2882 2430 3001 2501 μεθ’
3030 2428 3090 2484 οὒ
3126 2430 3206 2501 τῷ
3234 2428 3411 2499 [Ιατρὶ
3444 2430 3478 2499 ή
3506 2427 3638 2491 δόξα

2072 2509 2186 2580 ἅμα
2219 2509 2297 2579 τῷ
2333 2509 2474 2580 ἁγίῳ
2504 2511 2803 2581 Πνεύματι.

424 2824 3574 2853 ______._.___.—.__~___.__________________________

1814 3089 2055 3143 ΟΜῐΛιΑ
2096 3092 2197 3147 ιε’.

398 3347 576 3402 Πᾶσα
614 3351 817 3417 πικρία
851 3350 945 3402 καί
980 3350 1186 3418 θυμὸς.
1232 3350 1331 3403 καὶ
1364 3350 1532 3419 ὀργὴ,
1566 3349 1662 3402 καί
1710 3349 1961 3418 κραυγὴ,

472 3432 568 3484 καί
606 3432 973 3500 βλασφημία
1021 3432 1253 3499 ἀρθήτω
1286 3433 1386 3501 ἀφ’
1428 3431 1597 3501 ὑμῶν
1628 3432 1750 3485 σὺν
1797 3430 1963 3500 πάσῃ

471 3518 669 3583 κακίᾳ.

468 3711 536 3760 α’.
553 3705 761 3773 Ὥσπερ
778 3706 857 3767 είς
878 3703 1069 3766 σκεῦος
1086 3704 1390 3775 ἀκάθαρτον
1406 3704 1505 3757 οὐκ
1531 3703 1595 3757 ἄν
1618 3721 1745 3757 ποτε
1763 3704 1963 3768 ἑαυτὰς

394 3787 616 3841 διαθεῖεν
649 3789 703 3838 αί
742 3787 1028 3855 μέλισσαι·
1058 3787 1145 3839 διὰ
1176 3786 1282 3857 γὰρ
1326 3786 1483 3839 τοῦτο
1520 3786 1612 3839 καὶ
1653 3785 1961 3857 θυμιάμασι

394 3872 491 3922 καὶ
530 3869 722 3939 μύροις
753 3869 848 3920 καὶ
878 3868 1126 3930 εὐωδίαις
1156 3868 1247 3920 τὸν
1290 3870 1454 3921 τόπον
1503 3870 1961 3939 καταρραίνουσιν

389 3953 445 4004 οί
488 3952 617 4021 περὶ
645 3950 816 4003 ταῦτα
864 3950 1049 4012 δεινοὶ,
1101 3951 1263 4011 οἴνοις
1321 3968 1379 4001 τε
1438 3950 1661 4003 εὐώδεσι
1717 3952 1961 4013 καὶτοῖς

396 4034 576 4095 ἄλλοις
604 4035 775 4085 ἅπασι
806 4031 931 4094 τοὺς
959 4029 1344 4096 καλαθίσκους,
1377 4032 1434 4083 ἐν
1461 4028 1541 4095 οἷς
1577 4032 1643 4085 ἂν
1675 4033 1960 4103 μέλλουσιν

392 4120 521 4190 ἄρτι
549 4117 659 4169 τῶν
693 4114 916 4186 σμηνῶν
963 4113 1204 4179 ἐξιοῦσαι
1251 4116 1541 4179 ἐνιζάνειν,
1580 4114 1722 4168 ὥστε
1756 4117 1830 4186 μὴ
1859 4117 1960 4189 τὴν

392 4201 533 4271 ἀηδῆ
586 4198 761 4270 ὀσμὴν
813 4198 1132 4269 λυπήσασαν
1188 4198 1361 4261 αὐτάς
1411 4200 1717 4270 ἀποστῆσαι
1751 4200 1913 4253 πάλιν
1940 4215 1954 4229 ·

389 4284 536 4337 οὕτω
558 4283 621 4354 δὴ
652 4284 745 4336 καὶ
767 4282 861 4334 ἐπὶ
888 4280 981 4334 τοῦ
1008 4280 1323 4351 Πνεύματός
1345 4282 1462 4334 ἐστι
1488 4280 1584 4334 τοῦ
1614 4281 1791 4349 ἁγίου.
1838 4282 1960 4350 ’Δγ-

393 4368 539 4435 γείόν
569 4367 622 4418 τί
655 4368 802 4418 ἐστιν
848 4365 881 4433 ή
923 4365 1168 4435 ήμετέρα
1200 4363 1345 4433 ψυχή
1375 4363 1471 4416 καὶ
1509 4363 1859 4427 καλαθίσκος,
1888 4363 1958 4418 τὰ

394 4453 571 4521 σμήνη
605 4448 711 4503 τῶν
740 4448 1093 4519 χαρισμάτων
1135 4446 1243 4499 τῶν
1275 4447 1662 4517 πνευματικῶν
1693 4446 1954 4512 ὑποδέξα-

393 4532 518 4585 σθαι
545 4531 815 4600 δυναμένη
837 4548 852 4562 ο
876 4530 992 4583 ἀλλ’
1028 4526 1176 4601 ὲάνῇ
1199 4529 1345 4582 ἔνδον
1366 4529 1495 4599 χολὴ
1517 4529 1611 4581 καὶ
1638 4529 1835 4599 πικρία
1861 4529 1955 4581 καὶ

391 4613 583 4683 θυμὸς,
618 4614 687 4665 τά
721 4615 900 4683 σμήνη
944 4614 1265 4681 ἀφίπταται.
1305 4614 1403 4665 Διά
1440 4612 1598 4666 τοῦτο
1626 4615 1654 4665 ό
1688 4614 1954 4682 μακάριος

387 4691 542 4757 οὗτος
572 4696 666 4747 καὶ
709 4697 870 4762 σοφὸς
899 4697 1141 4765 γεωργὸς
1187 4695 1529 4765 διακαθαίρει
1575 4695 1754 4757 καλῶς
1798 4696 1954 4765 ἡμῶν

391 4778 459 4830 τά
481 4775 670 4846 σκεύη,
698 4778 759 4829 οὐ
781 4776 1069 4846 δρέπανον,
1104 4777 1224 4829 οὐδέ
1253 4795 1305 4830 τι
1334 4778 1460 4831 ἄλλο
1490 4778 1680 4841 σκεῦος
1703 4776 1953 4848 σιδηροῦν

390 4860 638 4930 κατέχων
661 4876 673 4890 ·
706 4860 801 4913 καὶ
830 4859 985 4912 καλεῖ
1014 4862 1162 4930 ἡμᾶς
1186 4861 1277 4914 ἐπὶ
1310 4860 1371 4913 τὸ
1403 4860 1771 4929 πνευματικὸν
1797 4861 1954 4914 τοῦτο

392 4941 615 5012 σμῆνος,
650 4945 742 4994 καὶ
774 4941 1023 5008 συνάγων
1069 4941 1201 4994 αὐτὸ
1231 4941 1572 5011 διακαθαίρει
1624 4944 1809 5013 εὐχαῖς
1859 4947 1954 5000 καὶ

392 5024 576 5087 πόνοις
609 5024 702 5077 καὶ
730 5027 841 5089 τοῖς
874 5023 1057 5087 ἄλλοις
1098 5024 1319 5077 ἅπασιν.
1361 5026 1499 5095 Ὅρα
1529 5023 1623 5080 οὖν
1652 5028 1769 5091 πῶς
1796 5029 1953 5099 ήμῶν

388 5107 708 5178 ἐκκαθαίρει
745 5108 845 5177 τὴν
885 5107 1151 5178 καρδίαν·
1188 5104 1434 5175 ἀπήλασε
1473 5107 1537 5161 τὸ
1584 5108 1813 5178 ψεῦδος,
1848 5112 1954 5164 ἀπ·

392 5191 564 5263 ήλασε
613 5190 713 5263 τήν
763 5192 951 5262 ὀργήν.
985 5191 1236 5244 Δείκνυσι
1288 5191 1451 5244 πάλιν
1505 5194 1622 5259 πῶς
1646 5194 1712 5250 ἀν
1753 5195 1951 5265 μᾶλλον

386 5275 685 5347 πρόρριζον
744 5275 1122 5345 ἀνασπασθείη
1163 5274 1225 5328 τὸ
1278 5276 1483 5329 κακόν·
1531 5277 1600 5331 ἂν
1656 5278 1733 5349 μὴ
1779 5273 1949 5349 ὦμεν,

388 5364 543 5430 φησι,
576 5360 760 5428 πικροὶ
802 5360 899 5430 τὴν
939 5359 1197 5413 διάνοιαν.
1248 5358 1516 5431 Καθάπερ
1571 5360 1679 5432 γὰρ
1726 5360 1820 5416 ἐπὶ
1852 5363 1949 5433 τῆς

386 5445 548 5517 χολῆς
570 5445 888 5516 συμϐαίνειν
916 5445 1072 5497 εἴωθε
1103 5443 1201 5514 τῆς
1228 5445 1524 5515 ἡμετέρας,
1559 5444 1627 5498 ἂν
1665 5446 1764 5517 μὲν
1792 5446 1943 5519 ὀλίγη

382 5528 525 5599 τύχῃ
547 5545 632 5591 τις
666 5525 819 5595 οὐσα,
849 5528 1004 5599 ὀλίγη
1035 5528 1131 5581 καὶ
1156 5529 1189 5597 ή
1223 5527 1435 5597 κίνησις
1458 5527 1664 5595 γίνεται
1686 5530 1945 5601 ἐκραγέν-

384 5628 475 5674 τος
499 5612 595 5667 τοῦ
625 5614 905 5683 ταμιείου·
928 5615 1054 5668 ὅταν
1088 5612 1147 5665 δὲ
1186 5611 1456 5684 πλεονάσῃ
1486 5612 1546 5664 τὸ
1582 5613 1809 5684 σφοδρὸν
1843 5612 1946 5683 τῆς

383 5694 637 5763 τοιαύτης
667 5697 947 5767 ποιότητος
995 5698 1090 5749 καὶ
1119 5695 1395 5765 δηκτικὸν.
1424 5695 1606 5749 οὐκέτι
1656 5697 1839 5766 στέγει
1883 5698 1945 5752 τὸ

387 5778 552 5850 φέρον
592 5778 759 5850 αὐτὴν
796 5782 1056 5851 πρότερον
1098 5781 1336 5847 ἀγγεῖον,
1377 5778 1512 5832 ἀλλὰ
1550 5779 1799 5845 καθάπερ
1835 5797 1938 5833 πυ-

2067 3353 2159 3423 ρδς
2178 3367 2203 3394 ι
2239 3352 2467 3425 σφοδροῦ
2495 3354 2795 3426 διαϐρωθέν
2821 3358 3003 3411 οὐκέτι
3025 3356 3135 3413 οἷόν
3173 3365 3230 3415 τέ
3263 3365 3377 3416 ἐστι
3410 3366 3618 3433 στέγειν

2064 3436 2235 3506 αὐτὴν
2272 3438 2366 3490 καὶ
2415 3438 2663 3507 κατέχειν
2698 3440 2755 3490 ἐν
2783 3442 2896 3503 τοῖς
2923 3443 3245 3513 ὡρισμένοις
3270 3447 3435 3517 ὅροις,
3481 3449 3616 3502 ἀλλά

2062 3518 2393 3572 διασπασθὲν
2445 3521 2548 3572 ὐπὸ
2588 3521 2689 3589 τῆς
2743 3522 2979 3593 ἀμέτρου
3028 3525 3352 3597 δριμύτητος
3394 3530 3618 3600 ἀφίησιν

2062 3601 2381 3665 ἐξελθοῦσαν
2410 3604 2570 3656 παντὶ
2598 3605 2673 3673 τῷ
2700 3604 2911 3674 σώματι
2949 3608 3300 3678 λυμαίνεσθαι
3324 3628 3336 3642 ·
3366 3614 3460 3665 καὶ
3486 3616 3615 3665 καθ-

2062 3685 2204 3756 άπερ
2233 3688 2313 3749 είς
2358 3686 2512 3738 πόλιν
2549 3687 2765 3756 ἐνεχθὲν
2821 3688 3006 3760 θηρίον
3046 3691 3193 3762 [1101
3238 3694 3613 3763 χαλεπώτατον

2059 3770 2157 3823 καὶ
2181 3770 2471 3841 ἀφόρητον,
2506 3771 2609 3834 ἕως
2645 3772 2741 3841 μὲν
2773 3772 2840 3825 ἂν
2879 3772 3026 3827 ἔνδον
3063 3778 3121 3827 ἐν
3163 3779 3281 3840 ταῖς
3309 3782 3611 3851 πεποιημέ-

2058 3869 2177 3915 ναις
2218 3855 2458 3924 εἱρκταῖς
2489 3855 2808 3926 κατέχηται,
2850 3858 3020 3923 οὐδὲν,
3065 3858 3165 3913 κᾶν
3196 3862 3470 3934 ἀγριαίνῃ,
3509 3865 3611 3918 κᾶν

2059 3936 2258 4009 κράζῃ,
2288 3938 2476 3993 οὐδένα
2508 3939 2707 4010 βλάψαι
2735 3942 3021 4013 δυνήσεται
3048 3959 3061 3974 ·
3102 3945 3229 3997 ὅταν
3264 3944 3320 3996 δὲ
3350 3946 3428 4017 τῷ
3458 3948 3612 4019 θυμῷ

2057 4021 2326 4090 κρατηθῇ,
2352 4022 2444 4074 καὶ
2465 4022 2759 4088 διακλάσας
2782 4029 2908 4088 τοὺς
2936 4025 3023 4079 διὰ
3054 4026 3219 4095 μέσου
3251 4028 3612 4100 βεϐλημένους

2057 4100 2287 4165 κανόνας
2328 4104 2635 4174 ἐκπηδῆσαι
2688 4106 2936 4177 δυνηθῇ,
2990 4110 3189 4172 παντὸς
3243 4110 3472 4179 θορύϐου
3513 4113 3612 4183 τὴν

2057 4186 2210 4239 πόλιν
2240 4187 2543 4260 ἐμπίπλησι
2573 4190 2666 4242 καὶ
2698 4192 2936 4263 ταραχῆς
2958 4230 2973 4255 ,
3010 4192 3103 4245 καὶ
3140 4194 3341 4257 πάντας
3376 4195 3615 4249 ἀπελαύ-

2056 4284 2168 4321 νειο
2206 4268 2349 4322 οὔτω
2383 4270 2446 4340 δὴ
2475 4272 2569 4324 καὶ
2620 4272 2719 4341 τῆς
2750 4273 2910 4343 χολῆς
2938 4276 2970 4343 ἡ
3005 4274 3165 4343 φύσις
3195 4292 3208 4304 ·
3238 4276 3344 4339 ἕως
3397 4279 3494 4348 μὲν
3544 4279 3611 4332 ἂν

2057 4353 2115 4405 ἐν
2143 4354 2255 4416 τοῖς
2282 4354 2501 4417 οίκείοις
2541 4357 2690 4425 ὅροις
2741 4357 3056 4428 κατέχηται,
3085 4359 3236 4412 οὐδὲν
3278 4360 3419 4431 μέγα
3462 4364 3612 4432 ἡμᾶς

2054 4437 2340 4507 ἐργάζεται
2377 4439 2547 4492 κακόν
2569 4457 2581 4470 ο
2614 4440 2832 4493 ἐπειδὰν
2868 4441 2925 4493 δὲ
2968 4443 3292 4512 ἐκραγέντος
3321 4444 3415 4497 τοῦ
3451 4463 3610 4517 περι-

2055 4520 2267 4589 έχοντος
2294 4521 2462 4590 αὐτὴν
2495 4521 2710 4592 ὑμένος,
2744 4522 2896 4576 οὐδὲν
2986 4524 3046 4577 τὸ
3072 4524 3277 4579 κωλύον
3309 4525 3491 4579 λοιπὸν
3520 4531 3603 4591 είς

2054 4606 2230 4656 πᾶσαν
2266 4606 2579 4676 διαχυθῆναι
2619 4607 2720 4676 τὴν
2760 4607 2938 4674 φύσιν,
2966 4599 3096 4661 ’τότε
3136 4608 3221 4679 δὴ,
3256 4610 3395 4672 τότε,
3430 4612 3608 4666 καίτοι

2052 4687 2190 4740 οὐτω
2222 4689 2424 4757 σφόδρα
2451 4688 2646 4759 μικρὸν
2684 4690 2742 4741 ὃν
2781 4693 2843 4760 τῇ
2884 4692 3161 4761 ποσότητι,
3197 4692 3283 4745 διὰ
3310 4694 3408 4762 τὴν
3441 4696 3611 4765 ὑπερ-

2051 4769 2351 4823 ϐάλλουσαν
2390 4773 2447 4823 ἐν
2490 4774 2554 4841 τῇ
2605 4772 2847 4842 ποιότητι
2895 4772 3124 4842 δύναμιν
3172 4775 3346 4829 πάντα
3373 4778 3444 4830 τὰ
3471 4778 3608 4832 ἄλλα

2052 4856 2287 4923 στοιχεῖα
2320 4855 2418 4923 τῆς
2441 4856 2647 4913 οἰκείας
2687 4856 3059 4926 άναχρώννυσι
3094 4858 3311 4921 κακίας.
3336 4860 3467 4912 Τότε
3497 4862 3607 4931 γὰρ

2049 4937 2112 5007 δὴ
2152 4932 2292 5008 αἷμα
2325 4938 2555 5008 εὐροῦσα
2591 4940 2815 5009 πλησίον
2851 4941 2929 5010 τῷ
2961 4957 3019 4993 τε
3047 4944 3195 5013 τόπῳ
3227 4944 3323 4996 κα)⁸
3361 4946 3428 5015 τῇ
3458 4946 3606 4998 ποιόο

2047 5038 2188 5091 τητι,
2222 5022 2314 5074 καὶ
2337 5022 2433 5093 τὴν
2463 5024 2519 5075 ἐν
2539 5023 2728 5093 ἐκείνῳ
2759 5023 3066 5094 θερμότητα
3084 5024 3414 5096 δριμυτέραν
3438 5028 3605 5097 ἐργα-

2049 5102 2269 5176 ζομένη,
2307 5106 2401 5158 καὶ
2447 5106 2509 5158 τὸ
2541 5107 2769 5174 ἐγγύθεν
2819 5108 2926 5160 πᾶν
2974 5109 3108 5178 ὅπερ
3134 5110 3302 5173 ἐστὶν,
3352 5109 3460 5162 ἀπὸ
3499 5111 3604 5179 τῆς

2047 5188 2187 5240 κατά
2236 5188 2332 5258 τήν
2385 5190 2658 5260 ὑγρότητα
2708 5190 3045 5262 συμμετρίας
3099 5193 3423 5263 ὐπερϐαῖνον
3471 5197 3602 5258 τοὺς

2045 5270 2203 5339 ὄρους
2243 5273 2337 5325 καὶ
2374 5274 2533 5343 χολὰς
2586 5274 2974 5344 ἐργαζόμενον,
3015 5275 3153 5344 μετά
3184 5276 3373 5329 τούτου
3414 5276 3601 5330 λοιπὸν

2045 5352 2135 5404 καὶ
2183 5357 2293 5418 τοῖς
2345 5354 2525 5419 ἄλλοις
2586 5358 3029 5429 ἐπιστρατεύεται
3083 5359 3289 5429 μέλεσι,
3325 5361 3420 5412 καὶ
3454 5360 3601 5413 οὕτω

2046 5436 2221 5489 πάντα
2268 5440 2348 5501 είς
2386 5439 2483 5510 τὴν
2536 5441 2742 5495 οἰκείαν
2782 5442 2995 5496 ἐνθεῖσα
3042 5442 3325 5511 πονηρίαν,
3382 5442 3601 5511 ἄφωνον

2043 5520 2332 5591 ἐργάζεται
2364 5524 2456 5575 τὸν
2496 5524 2799 5597 ἄνθρωπον.
2844 5529 2938 5580 καὶ
2979 5528 3240 5580 ἀποπνεῖν
3290 5528 3449 5588 ποιεῖ,
3496 5525 3601 5593 τὴν

2042 5602 2216 5674 ψυχὴν
2243 5604 2634 5663 ἀπελαύνουσα.
2680 5608 2743 5661 Τί
2779 5608 2842 5679 δὴ
2868 5608 3038 5664 ταῦτα
3056 5610 3189 5680 ἡμῖν
3218 5609 3433 5662 ᾶπαντα
3452 5602 3600 5663 οὕτω

2104 5790 2129 5819 ⁸
2152 5788 2283 5850 Lege
2301 5789 2393 5837 ὐπὸ
2415 5790 2576 5854 πυρός.
