3960 6504
311 404 412 458 105

302 525 385 570 est
413 515 596 578 frater,
622 509 885 582 quomodo
914 509 1044 563 dicis
1065 547 1079 572 ,
1111 505 1264 560 Pater
1307 507 1512 560 noster?
1561 505 1686 559 illud
1717 504 1856 556 enim

303 615 492 671 noster,
523 605 715 658 multas
743 604 1001 672 significat
1028 613 1300 672 personas.
1327 597 1509 668 Cogita
1533 611 1652 651 cum
1671 595 1859 666 quibus

303 707 413 751 stes
441 707 678 765 tempore
703 695 908 749 illorum
942 690 1312 764 mysteriorum
1340 708 1354 755 ;
1396 705 1515 744 cum
1543 687 1822 743 Cherubim
1844 728 1858 751 ,

302 804 422 842 cum
458 787 753 856 Seraphim.
783 785 1056 854 Seraphin":
1084 784 1224 840 enim
1248 782 1568 837 contumelia
1613 795 1716 834 non
1742 779 1862 833 affi-

303 880 469 941 ciunt,
520 877 610 931 sed
656 892 717 931 0s
767 892 946 929 eorum
997 891 1156 929 unum
1209 875 1376 927 solum
1420 873 1600 941 implet
1649 885 1861 932 munus,

304 984 500 1037 nempe
530 968 692 1022 Deum
725 967 963 1020 laudandi
987 975 1039 1019 et
1060 964 1405 1034 glorificandi.
1430 962 1707 1028 Quomodo
1729 977 1854 1031 ergo

305 1060 504 1129 poteris
531 1072 648 1112 cum
681 1057 783 1110 illis
807 1057 1003 1118 dicere,
1024 1055 1264 1120 Sanctus,
1286 1065 1508 1118 sanctus,
1527 1055 1748 1118 sanctus,
1776 1053 1864 1122 qui

304 1165 396 1203 ore
423 1163 548 1202 usus
571 1163 628 1201 es
647 1146 712 1200 ad
743 1145 1158 1199 contumeliam?
1189 1145 1506 1212 Dic,qua:so,
1531 1143 1574 1197 si
1605 1153 1745 1198 esset
1773 1158 1866 1197 vas

304 1242 529 1310 regium,
552 1240 708 1309 regiis
734 1254 944 1306 semper
962 1238 1095 1292 cibis
1125 1236 1398 1299 refertum,
1430 1245 1484 1291 et
1512 1235 1578 1290 ad
1611 1235 1712 1290 hoc
1735 1250 1864 1290 con-

303 1334 590 1395 stitutum;
636 1329 826 1383 deinde
864 1328 1055 1390 aliquis
1091 1342 1155 1382 ex
1202 1326 1408 1379 famulis
1435 1340 1499 1381 eo
1523 1335 1759 1380 uteretur
1799 1325 1864 1380 ad

302 1433 562 1485 stercora,
590 1419 876 1474 auderetne
901 1419 1129 1489 amplius
1147 1431 1403 1486 reponere
1419 1432 1538 1470 cum
1564 1417 1726 1480 vasis,
1749 1433 1866 1486 qua:

303 1523 430 1566 sunt
457 1513 523 1566 ad
543 1513 626 1565 illa
653 1511 912 1564 destinata
937 1550 952 1573 ,
981 1510 1148 1577 ipsum
1179 1516 1413 1561 stercore
1435 1507 1735 1575 repletum?
1764 1506 1864 1560 Ne-

303 1618 584 1672 quaquam.
612 1599 923 1670 Hujusmodi
946 1614 1030 1672 res
1044 1609 1126 1653 est
1148 1598 1534 1659 maledicentia,
1566 1597 1864 1666 hujusmodi

305 1712 396 1750 res
421 1703 500 1749 est
534 1692 877 1748 contumelia.
907 1690 1063 1743 Pater
1084 1700 1267 1743 noster.
1300 1690 1363 1742 Et
1388 1689 1556 1758 quid?
1587 1697 1737 1743 estne
1768 1688 1868 1742 hoc

309 1787 519 1840 solum?
546 1784 664 1837 audi
691 1782 846 1836 etiam
875 1797 990 1850 quae
1021 1790 1310 1850 sequuntur
1341 1799 1352 1833 :
1392 1780 1489 1846 Qui
1524 1796 1573 1833 es
1617 1786 1665 1831 tu
1708 1778 1866 1832 cwlis.

308 1877 496 1930 Statim
523 1873 719 1938 dixisti,
751 1871 903 1924 Pater
930 1882 1095 1924 noster
1120 1872 1203 1940 qui
1244 1887 1292 1922 es
1315 1872 1367 1922 in
1387 1871 1540 1934 cretis,
1571 1878 1624 1924 et
1652 1870 1866 1924 verbum

306 1977 360 2022 te
385 1966 572 2028 erexit,
614 1973 668 2018 et
695 1965 856 2016 menti
889 1972 988 2014 tuae
1013 1959 1362 2016 alasaddidit
1389 1999 1402 2024 ,
1447 1967 1501 2012 et
1544 1957 1775 2013 ostendit
1818 1967 1870 2013 te

304 2057 517 2111 Patrem
547 2054 741 2108 habere
787 2053 838 2105 in
871 2051 1036 2106 cwlis.
1077 2050 1217 2104 Nihil
1248 2065 1373 2119 agas
1399 2090 1414 2116 ,
1457 2049 1590 2101 nihil
1635 2049 1778 2102 dicas
1804 2063 1867 2102 ex

303 2147 369 2200 iis
389 2161 508 2216 qua:
535 2152 656 2198 sunt
686 2145 735 2197 in
768 2152 928 2197 terra.
962 2140 1018 2194 lu
1048 2156 1335 2210 supernum
1368 2141 1513 2193 illum
1541 2138 1782 2193 ordinem
1811 2147 1862 2193 te

304 2237 505 2300 retulit,
535 2236 585 2289 in
617 2235 783 2288 choro
810 2232 899 2285 illo
931 2240 980 2286 te
1011 2231 1231 2284 inseruit
1263 2244 1396 2283 :cur
1423 2239 1474 2283 te
1501 2228 1748 2283 deorsum
1775 2227 1870 2282 de-

304 2326 516 2380 trahis?
553 2324 689 2394 apud
733 2323 979 2376 thronum
1029 2331 1136 2373 stas
1174 2319 1375 2388 regium
1402 2358 1418 2383 ,
1460 2327 1513 2373 et
1547 2316 1865 2372 contumelia

303 2414 652 2471 aﬂicis?Non
698 2410 1002 2468 extimeseis
1033 2425 1099 2464 ne
1151 2409 1261 2462 Rex
1307 2423 1424 2463 eam
1469 2423 1580 2462 rem
1606 2407 1873 2462 existimet

305 2507 727 2561 contumeliam?
770 2504 875 2558 Sed
906 2508 949 2556 si
994 2502 1218 2555 famulus
1246 2500 1457 2570 quidem
1497 2515 1676 2554 coram
1706 2499 1859 2552 nobis

307 2611 625 2652 conservum
651 2593 891 2648 verberet
931 2601 1021 2644 aut
1043 2591 1363 2644 contumelia
1405 2589 1637 2654 alliciat,
1666 2588 1872 2643 etiamsi

307 2689 412 2742 hoc
434 2688 572 2756 juste
598 2686 750 2739 faciat
774 2725 787 2747 ,
810 2684 986 2736 statim
1017 2682 1367 2752 increpamus,
1392 2696 1503 2736 rem
1534 2695 1654 2735 esse
1681 2689 1873 2734 contu-

307 2783 521 2836 meliam
575 2787 857 2850 putantes;
903 2785 958 2830 tu
1000 2783 1175 2830 autem
1213 2789 1332 2828 cum
1371 2773 1685 2828 Cherubinis
1729 2781 1874 2825 stans

306 2872 448 2942 apud
475 2873 720 2926 thronum
741 2869 919 2937 Regis,
947 2866 1264 2920 contumelia
1294 2864 1510 2920 fratrem
1534 2863 1735 2918 al'ficis?
1759 2863 1873 2919 Non

304 2964 456 3017 vides
482 2962 594 3016 hate
634 2970 815 3014 sancta
841 2958 1010 3011 vasa?
1049 2973 1225 3010 annon
1266 2956 1330 3010 ad
1361 2973 1522 3010 unum
1551 2957 1631 3011 eis
1661 2971 1874 3025 semper

305 3064 394 3107 est
449 3051 622 3122 Opus?
660 3066 782 3103 num
826 3048 985 3102 audet
1023 3047 1280 3116 quispiam
1322 3047 1399 3100 eis
1444 3046 1516 3100 uti
1561 3045 1628 3100 ad
1678 3045 1874 3114 aliquid

306 3142 456 3196 aliud
477 3148 500 3195 ἲ
527 3141 603 3196 Tu
644 3156 702 3195 es
729 3141 810 3194 his
838 3140 978 3193 vasis
1007 3139 1241 3192 sanctior
1263 3177 1276 3199 ,
1306 3147 1357 3190 et
1387 3139 1553 3191 multo
1592 3138 1827 3192 sanctior
1857 3155 1870 3191 :

304 3249 406 3288 cor
434 3248 560 3303 ergo
583 3233 806 3300 teipsqu
841 3230 1034 3299 polluis
1071 3237 1125 3282 et
1155 3227 1432 3296 inquinas?
1455 3227 1576 3282 Stas
1609 3229 1662 3282 in
1686 3229 1833 3283 cazlis
1856 3270 1872 3296 ,

305 3336 362 3378 et
392 3323 712 3379 contumelia
743 3322 956 3376 al’ficis?
986 3336 1107 3375 cum
1138 3319 1339 3388 angelis
1370 3321 1600 3374 versaris
1626 3362 1642 3386 ,
1669 3329 1722 3375 et
1747 3335 1876 3375 con-

1185 395 1248 450 IN
1288 393 1498 449 EPIST.
1543 394 1634 446 AD
1673 391 1910 445 EPIIES.
1949 389 2102 446 CAP.
2144 391 2231 446 ιν.
2273 393 2498 447 ΗΟΜΙΙι.
2541 393 2655 448 XV.

3425 397 3532 453 {06

1968 503 2178 557 tumelia
2204 503 2409 559 efficis?
2435 506 2707 562 Dominieo
2733 507 2914 561 osculo
2937 505 3181 578 dignatus
3203 525 3281 575 es,
3315 523 3366 566 et
3393 528 3526 567 con-

1981 595 2194 650 tumelia
2239 597 2452 651 efficis?
2492 598 2630 654 Deus
2672 613 2733 652 os
2778 608 2924 653 tuum
2961 601 3170 655 ornavit
3209 609 3316 657 tam
3345 606 3531 660 multis

1970 685 2180 757 hymnis
2205 688 2479 757 angelicis,
2507 690 2758 746 alimento
2787 706 2892 744 non
2923 691 3100 762 utique
3125 694 3364 763 angelico
3389 737 3406 762 ,
3433 697 3527 752 sed

1969 781 2387 849 superangelico,
2419 781 2500 835 sui
2527 782 2707 836 osculo
2730 791 2783 836 et
2804 783 2913 840 suis
2934 784 3286 854 amplexibus,
3318 796 3372 843 et
3394 804 3525 842 con-

1973 872 2180 925 tumelia
2204 872 2411 926 afficis?
2439 872 2790 942 Noli,qu:cso.
2822 874 2927 930 Res
2958 874 3092 942 haec,
3120 892 3278 931 causa
3303 894 3524 948 magno-

1970 980 2084 1017 rum
2114 965 2394 1028 malorum,
2428 966 2613 1035 procul
2642 967 2710 1019 sit
2750 965 2816 1020 ab
2846 967 3023 1020 animo
3063 967 3387 1024 Christiano.
3434 972 3527 1024 Di»

1970 1054 2138 1108 cendo
2188 1055 2282 1109 tibi
2330 1071 2435 1109 non
2484 1056 2887 1127 persuademus,
2937 1073 3109 1127 neque
3153 1060 3243 1113 tibi
3272 1061 3524 1130 pudorem

1971 1144 2299 1199 incutimus?
2329 1145 2514 1200 Restat
2541 1161 2668 1216 ergo
2693 1154 2750 1200 ut
2779 1155 2829 1201 te
2859 1158 3150 1202 terreatnus
3185 1169 3197 1204 :
3230 1151 3351 1205 audi
3380 1155 3523 1207 enim

1970 1233 2235 1289 Christum
2263 1234 2545 1300 dicentem,
2577 1237 2671 1301 Qui
2701 1237 2882 1288 dixerit
2907 1237 3054 1307 fratri
3080 1255 3188 1301 suo,
3214 1239 3393 1308 Fatue,
3412 1260 3528 1297 reus

1969 1327 2064 1379 erit
2092 1334 2330 1397 gehennae
2369 1329 2498 1398 ignis
2523 1328 2729 1398 (Matth.
2767 1330 2818 1381 5.
2849 1327 2964 1397 ‘22).
2997 1327 3051 1381 Si
3079 1340 3254 1384 autem
3281 1333 3416 1400 quod
3446 1345 3529 1388 est

1969 1418 2204 1471 omnium
2233 1418 2594 1484 levissimum,
2634 1419 2932 1488 gehennam
2969 1421 3216 1474 conciliat
3248 1439 3261 1474 :
3288 1426 3374 1491 qui
3397 1424 3528 1478 dicit

1970 1523 2087 1574 qua:
2112 1516 2234 1560 sunt
2263 1508 2437 1562 nimia:
2462 1507 2694 1562 audacia:
2719 1548 2732 1572 ,
2762 1524 2877 1576 qua:
2903 1525 3006 1562 non
3036 1511 3366 1566 merebitur?
3393 1515 3526 1568 Eru-

1970 1598 2173 1651 diamus
2207 1611 2267 1651 os
2311 1607 2545 1652 nostrum
2578 1599 2641 1650 ad
2685 1598 3102 1653 benedicendum
3147 1619 3159 1651 :
3192 1617 3259 1655 ex
3293 1603 3391 1657 hoc
3418 1621 3528 1658 ma-

1968 1702 2128 1755 gnum
2159 1696 2239 1741 est
2283 1685 2518 1753 lucrum;
2548 1703 2613 1741 ex
2660 1689 2974 1742 contumelia
3022 1707 3265 1759 maguum
3309 1704 3390 1747 est
3432 1695 3528 1748 da-

1971 1791 2149 1830 mnum
2183 1793 2198 1831 :
2229 1791 2336 1830 non
2376 1786 2498 1831 sunt
2538 1776 2622 1831 hic
2666 1780 2901 1846 pecuniae
2929 1779 3314 1849 impendendus.
3352 1783 3528 1854 Impo-

1971 1880 2156 1919 namus
2207 1867 2419 1927 ostium,
2467 1875 2668 1920 vectem
2718 1875 2772 1920 et
2819 1871 3124 1938 repagulum
3193 1889 3207 1924 :
3252 1888 3346 1926 nos
3387 1875 3532 1944 ipsos

1971 1955 2259 2010 exedamus
2280 1997 2293 2020 ,
2327 1957 2368 2010 si
2395 1972 2551 2026 grave
2580 1957 2791 2027 aliquod
2825 1960 3040 2012 verbum
3065 1962 3347 2030 aliquando
3376 1981 3405 2019 e
3437 1983 3535 2020 no-

1971 2048 2096 2102 stris
2135 2048 2384 2102 dentibus
2426 2049 2687 2103 exsilierit
2723 2068 2737 2102 :
2785 2066 3032 2119 rogemus
3066 2052 3252 2118 Deum,
3286 2071 3533 2125 rogemus

1971 2155 2091 2192 eum
2116 2141 2203 2208 qui
2231 2149 2313 2194 est
2342 2139 2561 2194 affectus
2601 2142 2959 2206 contumelia;
3009 2158 3075 2197 ne.
3118 2144 3165 2196 id
3206 2145 3360 2201 nobis
3399 2149 3533 2204 indi-

1972 2246 2132 2299 gnum
2151 2245 2500 2285 censeamus:
2529 2246 2623 2286 nos
2645 2232 2806 2301 ipsos,
2834 2249 2936 2286 non
2965 2233 3111 2287 illum
3136 2239 3528 2304 percussimus:

1971 2321 2314 2376 adhibeamus
2342 2321 2802 2388 medicamentum,
2827 2339 3027 2391 preces,
3051 2333 3105 2378 et
3135 2329 3526 2382 reconciliatio-

1973 2429 2093 2466 nem
2114 2427 2232 2465 cum
2259 2427 2324 2466 eo
2352 2412 2440 2482 qui
2465 2420 2545 2466 est
2572 2411 2790 2466 affectus
2810 2414 3152 2468 contumelia.
3180 2416 3232 2470 Si
3263 2417 3314 2469 in
3348 2419 3524 2473 verbis

1976 2514 2172 2557 tantam
2199 2517 2377 2556 curam
2400 2503 2633 2572 gerimus
2654 2544 2669 2568 ,
2700 2503 2865 2557 multo
2895 2505 3058 2571 magis
3091 2505 3142 2558 iu
3174 2505 3329 2559 rebus
3380 2507 3531 2563 nobis

1974 2596 2120 2665 leges
2146 2595 2497 2663 imponamus.
2528 2593 2594 2647 Et
2621 2593 2665 2647 si
2709 2592 2997 2648 habeamus
3024 2597 3221 2649 amicos
3245 2637 3259 2661 ,
3287 2599 3529 2666 quicum-

1973 2701 2076 2755 que
2105 2685 2314 2739 tandem
2342 2685 2447 2738 sint
2475 2683 2548 2738 illi
2583 2724 2599 2748 ,
2633 2693 2685 2738 et
2711 2684 3008 2754 quempiam
3053 2686 3332 2740 maledicto
3369 2704 3530 2758 appe-

1977 2778 2172 2842 tierint,
2201 2784 2291 2830 aut
2311 2775 2497 2845 injuria
2524 2774 2815 2839 affecerint,
2849 2776 3053 2843 pustula
3077 2777 3144 2830 ab
3172 2778 3300 2845 ipsis
3328 2789 3386 2833 ut
3413 2795 3528 2849 pm-

1975 2883 2070 2922 nas
2103 2866 2245 2921 dent.
2275 2866 2545 2920 Discamus
2571 2865 2790 2919 omnino
2814 2863 2913 2918 hoc
2943 2879 3060 2921 esse
3084 2880 3378 2936 peccatum:
3411 2887 3530 2926 nam

1975 2974 2094 3013 cum
2119 2957 2479 3019 didicerimus,
2505 2959 2610 3011 cito
2639 2955 2974 3010 desistemus.
3008 2957 3146 3012 Deus
3180 2971 3355 3014 autem
3389 2963 3534 3029 pacis

1975 3049 2238 3104 custodiat
2279 3056 2508 3102 mentem
2554 3055 2608 3101 et
2651 3046 2881 3116 linguam
2926 3057 3193 3114 vestram,
3235 3059 3290 3104 et
3333 3053 3537 3107 muniat

1978 3149 2090 3193 tuto
2116 3152 2287 3202 muro,
2312 3151 2501 3205 nempe
2521 3136 2599 3189 sui
2632 3144 2796 3202 metu,
2827 3136 2878 3189 in
2907 3136 3119 3190 Christo
3152 3138 3277 3193 Jesu
3309 3141 3541 3195 Domino

1977 3239 2181 3294 nostro,
2208 3243 2324 3282 cum
2353 3241 2457 3296 quo
2487 3226 2627 3280 Patri
2651 3226 2819 3296 gloria
2863 3225 3022 3280 simul
3062 3243 3180 3281 cum
3212 3242 3394 3283 saneto
3419 3232 3536 3302 Spi-

1980 3322 2105 3375 ritu.

1655 3501 1993 3564 HOMILIA
2035 3499 2177 3562 XV.

300 3659 437 3712 CAP.
465 3655 516 3710 4.
546 3670 598 3708 v.
626 3653 716 3708 3f.
762 3651 938 3704 Omnis
983 3647 1265 3702 amaritudo
1306 3656 1350 3698 et
1394 3650 1470 3698 ira
1507 3654 1554 3697 et
1593 3646 1871 3716 indignatio

379 3762 428 3803 et
455 3751 642 3801 clamor
679 3755 725 3799 et
752 3743 1063 3813 blasphemia
1103 3741 1309 3794 tollatur
1353 3755 1386 3790 α
1419 3737 1553 3791 vobis
1593 3754 1704 3790 cum
1739 3739 1873 3791 omni

378 3840 594 3894 malitia.

381 3934 434 3986 1.
478 3924 930 3996 Quemadmodum
959 3929 1012 3979 in
1043 3937 1134 3976 vas
1156 3929 1211 3976 et
1244 3921 1614 3975 vestimentum
1642 3920 1873 3974 immun-

301 4025 438 4079 dum
463 4033 747 4088 numquam
774 4032 832 4070 se
859 4014 1160 4070 dimiserint
1185 4027 1311 4082 apes
1338 4029 1350 4064 ε
1377 4009 1498 4065 ideo
1517 4011 1657 4064 enim
1688 4018 1742 4064 et
1766 4009 1874 4064 suf-

306 4118 488 4171 Iitibus
514 4125 566 4170 et
589 4112 870 4184 unguentis
905 4110 1164 4178 bonisque
1190 4106 1441 4161 odoribus
1484 4105 1657 4158 locum
1685 4118 1871 4172 asper-

305 4216 462 4283 gunt,
491 4205 675 4258 harum
702 4217 878 4257 rerqu
907 4200 1082 4270 periti,
1111 4197 1354 4266 vinisque
1395 4210 1556 4250 suave
1582 4195 1869 4258 olentibus,

305 4311 366 4355 et
391 4299 507 4352 aliis
536 4295 782 4352 omnibus
811 4293 1022 4348 illinunt
1050 4289 1368 4344 calathiscos
1394 4328 1407 4352 ,
1434 4288 1484 4340 iu
1527 4287 1716 4356 quibus
1748 4296 1872 4340 sunt

313 4395 598 4446 incessuras
629 4395 889 4443 exeuntes
917 4399 984 4439 ex
1009 4383 1173 4436 alveis
1206 4421 1222 4446 ,
1257 4395 1324 4434 ne
1353 4379 1591 4448 ingratus
1616 4377 1748 4431 odor
1775 4391 1868 4432 eas

317 4498 504 4538 rursus
530 4481 699 4552 abigat
726 4479 831 4533 :ita
851 4477 1008 4531 etiam
1039 4475 1091 4528 in
1112 4481 1295 4526 sancto
1317 4469 1537 4539 Spiritu.
1573 4468 1676 4522 Vas
1707 4467 1877 4538 quod-

315 4576 444 4628 dam
487 4581 538 4628 et
564 4573 772 4642 quidam
815 4567 1133 4625 calathiscus
1157 4571 1238 4618 est
1268 4572 1447 4618 nostra
1475 4561 1648 4614 anima
1694 4570 1874 4628 parata

310 4665 384 4719 ad
413 4664 717 4734 excipienda
746 4662 988 4717 examina
1032 4657 1320 4728 gratiarum
1361 4652 1748 4724 spiritualium;
1780 4650 1875 4705 sed

305 4757 360 4809 si
387 4756 456 4809 sit
485 4756 625 4810 intus
650 4753 770 4808 bilis
785 4759 840 4806 et
864 4747 1160 4804 amaritudo
1176 4755 1230 4802 et
1251 4746 1350 4810 ira,
1374 4743 1586 4799 evolant
1606 4743 1873 4798 examina.

306 4849 598 4914 Pmpterea
651 4845 835 4899 beatus
883 4840 973 4896 hic
1011 4849 1068 4895 et
1111 4839 1324 4907 sapiens
1375 4835 1605 4905 agricola
1657 4834 1875 4904 pulchre

305 4945 507 5008 purgat
533 4950 655 4990 vasa
682 4943 882 4996 nostra,
911 4946 1019 4986 non
1050 4931 1235 4984 falcem
1269 4938 1477 4992 tenens,
1503 4939 1677 4994 neque
1703 4924 1870 4978 ullum

301 5029 457 5082 aliud
490 5028 896 5081 instrumentum
940 5022 1169 5077 ferreum
1205 5035 1219 5073 :
1251 5027 1304 5074 et
1346 5031 1444 5073 nos
1472 5025 1625 5072 vocat
1654 5015 1721 5070 ad
1746 5031 1876 5070 exa-

304 5135 436 5174 men
464 5118 566 5172 hoc
592 5116 884 5186 spirituale,
907 5128 970 5168 ac
997 5123 1325 5181 congregans
1354 5109 1524 5178 ipsum
1544 5115 1734 5176 purgat
1760 5122 1878 5175 pre-

300 5210 467 5264 cibus
503 5219 558 5263 et
584 5206 850 5261 laboribus
877 5213 932 5260 et
963 5203 1082 5257 aliis
1124 5199 1393 5256 omnibus.
1424 5197 1556 5251 Vide
1580 5211 1706 5265 ergo
1740 5211 1874 5265 quo-

302 5301 474 5355 modo
516 5307 774 5368 expurgat
811 5307 862 5351 et
913 5293 1162 5350 emundat
1202 5307 1295 5346 cor
1327 5297 1564 5344 nostrum
1618 5304 1631 5341 :
1679 5287 1878 5355 expulit

302 5390 671 5455 mendacium,
705 5387 907 5457 expulit
940 5385 1093 5440 iram.
1123 5379 1370 5438 Ostendit
1400 5393 1581 5434 rursus
1613 5377 1877 5447 quomodo

302 5484 512 5538 malum
551 5481 806 5536 radicitus
842 5479 994 5533 evelli
1023 5475 1186 5545 possit
1214 5490 1227 5526 :
1256 5472 1303 5527 si
1326 5481 1504 5527 mente
1532 5470 1744 5540 quidem
1771 5485 1877 5522 non

299 5581 482 5629 simus
509 5572 715 5639 amari,
751 5571 939 5640 inquit.
973 5568 1041 5623 Ut
1084 5567 1224 5623 enim
1253 5565 1390 5620 solet
1418 5563 1664 5618 accidere
1691 5562 1741 5615 in
1770 5562 1878 5617 bile

303 5675 517 5731 nostra,
547 5665 590 5718 si
621 5663 828 5718 modica
860 5661 1036 5726 fuerit,
1057 5669 1232 5714 motus
1252 5656 1412 5712 etiam
1438 5670 1628 5726 parvus
1653 5655 1877 5709 efficitur

300 5768 469 5827 rupto
497 5756 866 5826 receptaculo;
891 5769 1012 5808 cum
1038 5761 1213 5806 autem
1242 5748 1578 5806 vehementia
1620 5746 1734 5817 ejus
1763 5762 1877 5802 cre-

300 5850 470 5920 verit,
498 5862 547 5908 et
569 5852 864 5908 utordacior
887 5848 1071 5906 effecta
1093 5846 1269 5914 fuerit,
1291 5860 1380 5900 vas
1398 5841 1536 5915 quod
1563 5842 1702 5898 illam
1729 5842 1876 5912 prius

1982 3645 2227 3708 ferebat,
2257 3641 2409 3712 quasi
2435 3657 2466 3696 a
2491 3641 2790 3696 vehementi
2822 3642 2940 3711 igne
2976 3659 3191 3697 exesum
3216 3685 3232 3710 ,
3269 3661 3371 3700 non
3403 3647 3540 3703 ultra

1980 3745 2152 3805 potest
2186 3734 2328 3788 illam
2355 3732 2627 3796 cohibere,
2655 3742 2707 3786 et
2737 3733 2787 3786 in
2832 3733 3066 3787 definitis
3095 3736 3337 3790 terminis
3363 3739 3537 3793 conti-

1979 3840 2145 3890 nere;
2175 3823 2269 3879 sed
2294 3822 2361 3876 ab
2391 3821 2669 3877 immodica
2696 3821 2958 3876 divulsum
2999 3825 3286 3878 acrimonia
3317 3826 3536 3882 dimittit

1977 3932 2095 3995 eam
2125 3956 2139 3979 ,
2190 3924 2246 3970 et
2286 3913 2413 3968 sinit
2459 3927 2725 3981 egressam
2769 3923 2935 3966 totum
2971 3929 3163 3983 corpus
3189 3917 3409 3985 perdere
3440 3935 3453 3970 :
3486 3928 3540 3973 ct

1977 4009 2112 4063 sicut
2138 4007 2190 4060 in
2233 4006 2416 4061 urbem
2444 4005 2722 4074 importata
2753 4005 2993 4075 quaedam
3033 4008 3322 4061 saevissima
3353 4017 3405 4063 et
3439 4009 3538 4064 im.

1979 4097 2283 4151 manissima
2307 4095 2500 4162 bellua,
2524 4095 2770 4165 quamdiu
2790 4095 3000 4164 quidem
3023 4098 3320 4152 continetur
3341 4100 3390 4152 in
3419 4115 3534 4154 car-

1977 4189 2184 4244 ceribus
2205 4228 2219 4253 ,
2259 4188 2466 4243 etiamsi
2494 4186 2745 4241 efferetur
2775 4196 2827 4241 et
2869 4187 3187 4244 vociferctur
3209 4230 3224 4254 ,
3266 4193 3535 4248 neminem

1978 4280 2172 4349 poterit
2195 4278 2419 4343 findere;
2462 4278 2672 4348 quando
2696 4287 2868 4331 autem
2896 4278 2971 4331 ira
2998 4280 3276 4335 invaluerit
3298 4323 3312 4346 ,
3342 4283 3384 4336 si
3414 4299 3535 4352 per-

1980 4370 2159 4424 fractis
2179 4386 2299 4440 qua:
2327 4369 2599 4438 iuterjecta
2632 4380 2784 4423 erant
2808 4373 3094 4440 repagulis,
3119 4374 3286 4442 possit
3304 4377 3536 4442 exsilire,

1980 4463 2178 4532 ingenti
2206 4462 2433 4516 tumultu
2454 4470 2508 4516 et
2530 4461 2932 4517 conturbatione
2960 4463 3126 4533 replet
3152 4465 3412 4520 civitatem
3439 4507 3454 4532 ,
3483 4477 3538 4523 et

1981 4569 2166 4609 omnes
2194 4554 2356 4623 abigit
2387 4569 2400 4605 :
2435 4553 2505 4606 ita
2526 4553 2681 4606 etiam
2705 4552 2754 4606 in
2779 4552 2889 4615 bili,
2914 4553 3144 4622 quandiu
3165 4557 3375 4622 quidem
3403 4573 3534 4612 con~

1983 4647 2179 4700 tinetur
2202 4645 2314 4700 suis
2339 4643 2546 4707 finibus,
2570 4643 2769 4696 nullum
2797 4643 2949 4698 nobis
2970 4659 3216 4714 magnum
3248 4647 3401 4701 infert
3422 4664 3535 4703 ma-

1981 4740 2123 4803 lum;
2153 4747 2492 4807 posteaquam
2522 4745 2698 4790 autem
2727 4776 2742 4798 ,
2774 4745 2924 4804 rupta
2947 4751 3063 4804 qua:
3091 4751 3206 4790 eam
3235 4741 3540 4796 continebat

1981 4830 2282 4885 membrana
2308 4869 2323 4894 ,
2356 4826 2484 4881 nihil
2518 4835 2656 4881 vetat
2693 4828 2974 4895 quominus
3017 4828 3084 4881 de
3111 4837 3302 4882 caetero
3332 4829 3383 4882 in
3415 4832 3536 4884 uni-

1979 4939 2187 4979 versam
2233 4922 2554 4976 diffundatur
2599 4931 2839 4973 naturain
2865 4959 2879 4983 ,
2909 4929 3068 4984 tunc,
3114 4921 3317 4974 etiamsi
3361 4923 3425 4974 sit
3457 4939 3541 4977 res

1981 5013 2264 5068 admodum
2290 5027 2446 5081 parva
2471 5010 2523 5064 in
2547 5010 2860 5079 quantitate,
2891 5019 3102 5079 propter
3132 5024 3533 5080 exsuperantem

1983 5107 2034 5160 in
2056 5104 2306 5174 qualitate
2328 5102 2453 5167 vim,
2476 5100 2650 5154 omnia
2668 5100 2769 5153 alia
2792 5099 3053 5153 elementa
3075 5112 3178 5156 suo
3199 5099 3364 5154 inficit
3391 5101 3538 5155 vitio.

1981 5196 2110 5251 Nam
2133 5203 2186 5249 et
2211 5194 2422 5248 invento
2450 5189 2705 5260 sanguine
2725 5231 2740 5256 ,
2766 5189 2856 5260 qui
2881 5198 2966 5243 est
2993 5189 3314 5258 propinquus
3341 5199 3393 5243 et
3424 5191 3542 5244 loco

1984 5299 2037 5342 et
2062 5285 2331 5356 qualitate,
2351 5281 2584 5337 calorem
2606 5281 2692 5349 qui
2721 5289 2802 5334 est
2828 5279 2880 5332 in
2895 5279 2985 5333 illo
3005 5279 3260 5333 acriorem
3281 5279 3539 5344 efficiam,

1984 5373 2301 5448 etquidquid
2323 5382 2406 5428 est
2431 5373 2803 5442 propinquum,
2828 5372 2894 5423 ah
2917 5385 2976 5423 ca
2998 5384 3112 5438 qua:
3139 5375 3219 5423 est
3245 5369 3296 5421 in
3321 5367 3539 5424 humore

1985 5465 2290 5538 symmetria
2331 5472 2387 5518 et
2417 5462 2782 5517 moderatione
2824 5459 3077 5514 terminos
3105 5458 3405 5515 transiliens
3438 5501 3451 5523 ,
3489 5469 3543 5514 et

1984 5559 2142 5611 bilem
2170 5554 2423 5617 reddens,
2471 5553 2552 5606 his
2597 5551 2728 5605 freta
2756 5551 2965 5604 auxiliis
2987 5590 3001 5614 ,
3035 5549 3281 5617 deinceps
3301 5552 3464 5607 etiam
3490 5554 3548 5609 in

1982 5654 2083 5706 alia
2134 5647 2369 5704 membra
2415 5646 2606 5700 bellqu
2640 5643 2775 5713 gerit
2807 5657 2821 5694 :
2853 5652 2906 5697 et
2933 5640 3124 5696 deinde
3157 5657 3276 5696 cum
3302 5645 3547 5700 omnibus

1983 5758 2133 5798 suam
2175 5738 2418 5794 indiderit
2446 5733 2878 5797 amaritudinem,
2914 5743 3114 5786 tnutum
3163 5733 3324 5789 efficit
3372 5735 3543 5788 homi-

1985 5853 2126 5903 nem,
2159 5843 2212 5890 ct
2239 5827 2775 5898 animantexpcllens,
2805 5826 3076 5898 exspirare
3106 5827 3262 5899 cogit.
3293 5827 3400 5882 Cur
3428 5827 3538 5882 hac:
