3974 6500
508 393 609 451 107

502 525 533 564 a
584 509 737 565 nobis
781 510 953 565 omnia
985 508 1118 563 adeo
1156 519 1341 563 exacte
1370 517 1423 563 et
1466 518 1713 564 accurate
1741 510 1875 565 dicta
1903 513 2067 566 sunt?

502 602 575 660 Ut
603 619 724 658 cum
753 618 819 657 ex
846 602 1025 657 sensili
1056 599 1410 655 amaritudine
1452 601 1779 655 senserimus
1825 603 2072 657 intolera-

501 694 609 750 bile
639 695 822 749 vitium
860 692 1263 755 amaritudinis,
1298 708 1415 761 qua:
1455 693 1595 746 culit
1628 693 1729 745 sub
1778 692 2072 762 intelligen-

498 789 648 855 tiam,
674 796 729 844 ct
770 786 910 857 quod
955 794 1048 841 toti
1086 801 1205 855 qua:
1256 801 1372 840 eam
1419 790 1554 855 parit
1603 787 1793 839 animae
1845 788 2069 856 primum

498 880 652 935 aﬂ'ert
681 878 975 945 interitum,
1008 880 1186 933 omnia
1224 893 1435 933 sursum
1483 887 1536 933 et
1572 878 1822 933 deorsum
1852 894 2068 949 perver-

496 980 634 1033 tens,
678 970 905 1025 vitemus
932 970 1049 1040 ejus
1074 971 1477 1040 experientiam.
1507 970 1636 1024 Nam
1664 981 1722 1025 ut
1752 971 1863 1042 ipsa
1899 981 2067 1027 totum

494 1064 840 1129 elementum,
875 1064 944 1117 ita
976 1064 1059 1117 illa
1086 1064 1320 1118 incensis
1360 1062 1789 1131 cogitationibus,
1820 1080 1940 1119 eum
1970 1065 2063 1134 qui

490 1166 677 1224 captus
698 1156 857 1211 fuerit
883 1156 1097 1210 abducit
1127 1158 1178 1210 in
1206 1156 1465 1227 gebennaa
1494 1156 1821 1208 barathrum.
1853 1154 1921 1211 Ut
1948 1155 2063 1209 hmc

487 1264 618 1319 ergo
642 1258 829 1304 exacte
868 1260 1266 1320 perscrutantes
1291 1290 1306 1314 ,
1340 1249 1441 1303 hoc
1471 1250 1666 1302 malum
1695 1248 1975 1319 fugiamus,
2009 1261 2063 1303 et

485 1340 718 1396 belluam
762 1342 1029 1397 l'renemus
1052 1382 1066 1403 ,
1098 1343 1185 1397 vel
1221 1347 1398 1417 potius
1444 1341 1699 1395 radicitus
1728 1343 2015 1397 evellamus
2038 1383 2056 1407 ,

488 1449 767 1503 pareamus
795 1434 958 1489 Paulo
987 1436 1074 1504 qui
1118 1435 1285 1501 dicit,
1338 1435 1514 1489 Omnis
1557 1436 1875 1499 amaritudo,
1917 1451 2054 1498 non,

486 1527 839 1599 Expurgetur,
868 1528 981 1590 sed,
1009 1528 1217 1581 tollatur
1246 1545 1276 1580 a
1309 1529 1465 1581 vobis.
1498 1527 1633 1595 Quid
1657 1527 1799 1582 enim
1827 1543 1958 1596 opus
1977 1536 2060 1581 est

486 1630 542 1673 ut
568 1636 645 1674 ea:
673 1634 758 1674 res
786 1619 915 1673 mihi
946 1620 1213 1688 negotium
1243 1618 1529 1673 exhibeant
1550 1659 1566 1685 ,
1596 1627 1651 1673 et
1688 1633 1779 1672 eas
1807 1628 2012 1672 teneam
2032 1620 2056 1669 ἲ

482 1712 607 1781 quid
638 1727 772 1781 opus
800 1720 882 1766 est
927 1721 982 1764 ut
1008 1711 1300 1766 custodiam
1332 1711 1559 1766 belluam
1587 1752 1603 1778 ,
1635 1726 1755 1765 cum
1800 1712 1960 1765 liceat
1988 1710 2055 1764 ab

481 1806 656 1860 anima
683 1805 967 1860 amandare
991 1846 1008 1871 ,
1038 1816 1093 1861 et
1122 1805 1301 1874 procul
1346 1804 1627 1859 abductam
1659 1804 1914 1873 abigere?
1947 1804 2051 1857 Pa-

480 1916 691 1955 reamus
719 1914 850 1970 ergo
877 1900 1040 1954 Paulo
1066 1899 1153 1967 qui
1186 1898 1352 1953 dicit:
1386 1897 1565 1951 Omnis
1589 1896 1875 1950 amaritudo
1903 1896 2048 1948 tolla-

478 2004 562 2047 tur
583 2011 616 2047 a
643 1994 801 2047 vobis.
831 1992 934 2047 Sed
965 1990 1095 2061 proh
1120 1990 1274 2045 dolor
1295 2030 1310 2055 ,
1340 2006 1458 2060 qua:
1486 2004 1585 2044 nos
1615 1998 1758 2043 tenet
1786 1988 2017 2057 perversi
2035 2019 2047 2028 -

478 2088 598 2141 tas!
627 2100 749 2140 cum
791 2092 1067 2154 Oporteret
1103 2091 1319 2154 prepter
1348 2082 1451 2137 hoc
1473 2081 1651 2136 omnia
1679 2081 1853 2135 facere
1876 2119 1892 2146 ,
1925 2089 2049 2135 sunt

474 2180 688 2250 quidam
718 2177 852 2234 adeo
877 2178 1175 2243 dementes,
1207 2186 1267 2231 ut
1294 2190 1353 2231 se
1379 2190 1593 2246 quoque
1619 2176 1720 2229 hac
1747 2174 1802 2228 in
1832 2190 1892 2229 re
1921 2174 2047 2228 bea-

473 2280 558 2325 tos
584 2279 859 2334 censeant,
886 2278 941 2324 et
968 2268 1021 2325 in
1052 2267 1192 2323 malo
1217 2268 1542 2338 voluptatem
1562 2267 1824 2336 accipiant
1842 2274 1898 2320 et
1930 2267 2045 2337 glo-

471 2361 699 2427 rientur,
725 2368 780 2417 et
801 2360 893 2415 alii
920 2374 1015 2416 eos
1042 2357 1384 2415 aemulentur.
1415 2358 1529 2424 Ille,
1559 2358 1747 2427 inquit,
1776 2366 1859 2413 est
1884 2359 2044 2413 homo

469 2454 698 2509 acerbus
718 2462 774 2509 et
796 2467 954 2522 asper
976 2493 992 2519 ,
1017 2461 1100 2508 est
1127 2452 1370 2521 scorpius
1390 2493 1406 2516 ,
1436 2460 1521 2507 est
1562 2465 1784 2520 serpens
1807 2491 1823 2515 ,
1854 2461 1934 2505 est
1964 2450 2040 2503 vi-

468 2560 594 2615 pera
620 2562 637 2610 ;
668 2544 959 2599 terribilem
985 2559 1104 2597 eum
1134 2543 1457 2598 existimant.
1481 2542 1615 2609 Quid
1640 2557 1766 2613 ergo
1790 2542 2036 2597 acerbum

467 2640 617 2695 illum
661 2647 718 2693 et
744 2653 994 2708 asperum
1022 2638 1178 2692 times
1199 2678 1214 2703 ,
1236 2651 1269 2693 ο
1295 2637 1496 2691 homo?
1526 2636 1601 2691 Ne
1627 2652 1712 2690 me
1742 2636 1919 2699 laedat,
1953 2636 2038 2689 in-

406 2800 417 2809 _
466 2733 615 2801 quit,
645 2747 713 2787 ne
750 2747 837 2787 me
876 2730 1064 2801 perdat
1097 2748 1111 2784 :
1147 2746 1265 2785 sum
1295 2730 1437 2785 illius
1477 2729 1691 2784 malitize
1718 2729 1988 2798 imperitus
2019 2746 2033 2782 :

467 2825 632 2880 timeo
660 2838 727 2879 ne
765 2825 811 2879 si
841 2839 927 2878 me
962 2824 1229 2878 hominem
1258 2823 1562 2893 acceperint
1614 2821 1909 2889 simplicem
1936 2863 1951 2887 ,
1983 2831 2037 2875 et

464 2933 584 2987 quae
611 2925 738 2973 sunt
761 2916 877 2986 ejus
897 2915 1026 2969 nihil
1053 2914 1457 2985 prmvidentem,
1495 2914 1549 2967 in
1575 2928 1700 2968 suos
1728 2913 1929 2982 injiciat
1953 2913 2032 2966 la-

463 3024 653 3078 queos,
683 3018 737 3063 et
765 3008 879 3064 suis
908 3008 1163 3076 impediat
1183 3006 1404 3071 retibus,
1428 3006 1495 3059 ab
1513 3006 1605 3061 illo
1629 3007 1823 3075 paratis
1842 3005 1906 3059 ad
1936 3020 2034 3059 nos

460 3101 830 3172 decipiendos.
864 3100 1015 3155 Nunc
1061 3100 1230 3155 rideo.
1274 3100 1381 3154 Cur
1410 3100 1583 3154 rides:
1628 3101 1886 3169 Quoniam
1918 3099 2031 3153 haec

460 3206 587 3250 sunt
615 3194 773 3249 verba
804 3208 1088 3263 puerorum
1136 3194 1431 3248 timentium
1457 3234 1472 3257 ,
1518 3208 1636 3262 quae
1681 3209 1785 3247 ron
1818 3202 1939 3247 sunt
1969 3195 2031 3247 ti-

461 3285 672 3340 menda.
700 3287 871 3356 Atque
889 3286 1155 3339 neminem
1175 3284 1385 3353 quidem
1410 3284 1478 3338 ita
1497 3293 1706 3352 oportet
1727 3282 2026 3354 deSpicere,

462 3378 726 3432 nemiuem
748 3378 814 3430 ita
841 3377 1061 3430 irridere
1084 3385 1139 3429 ut
1164 3376 1434 3430 hominem
1452 3376 1701 3429 acerbum
1728 3387 1781 3429 et
1807 3374 2025 3430 malum.

458 3467 598 3523 Nihil
629 3476 709 3522 est
759 3466 898 3521 enim
947 3481 1099 3536 a-que
1142 3465 1461 3520 imbecillum
1504 3474 1661 3535 atque
1698 3465 1960 3521 acerbitas
2010 3485 2023 3521 :

456 3562 649 3615 stultos
672 3561 754 3614 illa
791 3560 916 3613 facit
941 3569 993 3613 et
1019 3568 1283 3613 amentes.

525 3652 561 3706 2
610 3652 724 3706 Non
755 3652 947 3706 videtis
990 3652 1129 3721 quod
1159 3667 1243 3705 res
1279 3667 1418 3705 caeca
1450 3652 1520 3705 sit
1548 3652 1768 3705 vitium?
1799 3669 1901 3707 non
1933 3670 2027 3707 au-

454 3745 661 3800 divistis
681 3746 822 3815 quod
847 3746 935 3815 qui
963 3746 1136 3799 vicino
1158 3744 1289 3798 fodit
1318 3745 1546 3810 foveam,
1575 3746 1673 3800 sibi
1695 3747 1864 3801 fodit?
1889 3748 2021 3814 Quid

453 3839 627 3907 ergo?
671 3854 776 3891 nou
822 3848 902 3890 est
954 3838 1218 3891 timendus
1261 3840 1467 3891 animus
1515 3839 1700 3905 plenus
1747 3841 2023 3907 perturba-

456 3932 643 3985 tione?
680 3930 733 3985 Si
780 3930 993 4000 quidem
1044 3940 1309 3996 tamquam
1369 3929 1641 3984 dmmones
1684 3941 1736 3984 et
1775 3931 2019 3994 furiosos,

452 4032 664 4092 oportet
703 4024 861 4077 etiam
909 4022 1132 4075 acerbos
1170 4022 1357 4075 timere
1382 4062 1397 4086 ,
1431 4031 1481 4074 et
1521 4030 1788 4090 tamquam
1835 4022 2023 4075 stultos

452 4115 549 4175 (illi
580 4115 719 4168 enim
767 4123 970 4167 temere
999 4120 1054 4165 et
1096 4110 1489 4165 inconsiderate
1522 4113 1699 4165 omnia
1743 4111 1977 4185 faciunt)
2003 4154 2017 4177 ,

451 4224 552 4277 ego
581 4221 790 4276 quoque
822 4205 871 4258 id
899 4204 1018 4259 dico
1047 4222 1059 4258 :
1085 4203 1128 4257 si
1152 4214 1326 4257 autem
1351 4213 1406 4255 ut
1432 4204 1520 4271 qui
1546 4213 1690 4259 recte
1722 4206 2020 4274 intelligant

450 4298 720 4367 quomodo
768 4298 875 4353 sint
919 4312 1005 4351 res
1045 4297 1324 4366 gerendm,
1374 4296 1424 4349 in
1461 4296 1561 4349 hoc
1598 4314 1700 4349 non
1729 4300 2011 4351 assentior.

450 4390 583 4446 Nam
620 4390 684 4444 ad
711 4405 797 4444 res
825 4387 1273 4441 administrandas
1298 4396 1350 4440 et
1371 4386 1758 4456 dispensandas
1779 4388 1911 4441 nihil
1939 4399 2020 4444 est

450 4499 601 4553 teque
652 4491 833 4550 aptum
879 4490 1035 4546 atque
1078 4478 1397 4547 prudentia;
1452 4478 1784 4546 prudentiam
1836 4491 2012 4535 autem

455 4574 587 4628 nihil
617 4586 768 4640 aeque
805 4569 1043 4639 impedit,
1075 4576 1235 4636 atque
1264 4568 1492 4637 pravitas
1519 4578 1574 4622 et
1610 4570 1815 4636 vitium,
1850 4570 2020 4625 fraus-

448 4680 553 4734 que
594 4670 650 4717 et
688 4660 909 4715 insidiae.
963 4658 1078 4712 Non
1121 4658 1315 4712 videtis
1357 4660 1542 4714 biliosa
1586 4676 1811 4730 corpora
1860 4678 2014 4731 quam

448 4758 557 4812 sint
602 4754 905 4823 injucunda,
953 4767 1072 4805 cum
1110 4752 1282 4804 omnis
1334 4751 1430 4805 ﬂos
1474 4754 1525 4805 in
1554 4753 1630 4807 eis
1661 4754 2018 4809 emarcuerit?

449 4863 606 4917 quam
649 4847 753 4900 sint
784 4843 1044 4898 imbecilla
1078 4852 1130 4897 et
1157 4844 1378 4913 gracilia
1410 4852 1463 4896 et
1491 4845 1668 4912 inepta
1696 4844 1762 4898 ad
1792 4846 2015 4898 omnia?

445 4941 604 4996 Tales
631 4939 789 4991 etiam
832 4940 957 4988 sunt
1004 4933 1303 5003 hujusmodi
1348 4936 1559 4989 animae.
1590 4935 1704 4990 Non
1756 4946 1838 4989 est
1872 4939 2013 4992 enim

446 5032 638 5087 animm
662 5029 798 5083 alius
826 5027 1041 5079 morbus
1066 5026 1243 5095 regius
1278 5043 1433 5097 quam
1460 5030 1645 5081 vitium
1684 5038 1739 5083 et
1764 5032 2010 5097 pravitas.

444 5122 562 5179 Non
594 5135 721 5189 ergo
748 5160 761 5177 ,
796 5132 902 5171 non
932 5126 1014 5171 est
1058 5131 1144 5170 res
1174 5118 1322 5169 fortis
1369 5133 1433 5172 ac
1474 5118 1644 5172 valida
1684 5119 2012 5189 improbitas.

449 5214 621 5267 Vultis
653 5225 835 5265 rursus
880 5210 1038 5264 etiam
1072 5219 1128 5262 ut
1165 5211 1410 5279 exemplo
1455 5211 1785 5279 perspicuum
1831 5212 2014 5267 faciam

448 5309 501 5363 id
548 5305 689 5377 quod
732 5304 889 5368 dico,
921 5302 1164 5356 adductis
1211 5303 1363 5356 vobis
1403 5304 1717 5372 imaginibus
1772 5306 2013 5361 scelerati

448 5399 678 5455 hominis
707 5406 760 5450 et
786 5395 1017 5449 hominis
1062 5395 1319 5463 simplicis
1348 5406 1403 5447 et
1434 5410 1536 5448 non
1572 5396 1723 5449 licti?
1762 5397 2009 5452 Scelera-

448 5504 536 5547 tus
570 5499 624 5545 et
648 5487 792 5543 valer
816 5496 929 5542 erat
953 5486 1208 5551 Absalon,
1228 5495 1283 5541 et
1301 5501 1485 5539 omnes
1512 5487 1575 5539 ad
1602 5502 1723 5541 suas
1750 5488 2013 5561 alliciebat

450 5594 627 5655 partes
660 5601 673 5635 :
702 5581 821 5635 vide
849 5593 975 5647 ergo
1016 5587 1211 5645 quanta
1242 5578 1356 5646 ejus
1379 5587 1521 5631 esset
1544 5580 1735 5633 astutia
1768 5589 1822 5634 et
1852 5583 2007 5635 mali-

445 5676 640 5743 gnitas.
698 5670 1048 5735 Circuinieus,
1088 5670 1291 5738 inquit,
1335 5667 1545 5721 dicebat
1574 5686 1587 5721 :
1620 5668 1752 5723 Num
1781 5682 1863 5725 est
1910 5673 2001 5726 tibi

448 5764 746 5836 judicium?
814 5764 999 5816 volens
1056 5775 1481 5830 unumquemque
1546 5760 1647 5815 sibi
1718 5762 2005 5819 conciliare

448 5858 539 5916 (ἲ.
575 5857 698 5923 lira.
734 5855 818 5913 15.
853 5856 925 5923 13).
962 5855 1120 5910 David
1168 5866 1342 5911 autem
1384 5863 1496 5911 crat
1530 5855 1754 5926 simplex
1800 5865 1851 5912 et
1898 5872 2001 5913 non

1264 391 1321 448 S.
1359 390 1634 448 JOANNl-S
1659 392 2125 451 CllRYSOSTOMI
2168 399 2479 461 ARCHIEP.
2517 405 3040 471 CONSTANTINOP.

3645 428 3743 485 108

2184 514 2355 612 lictus.
2384 520 2519 587 Quid
2548 528 2713 595 ergo?
2732 528 2859 586 Vide
2879 532 3153 589 amborum
3179 534 3339 591 linem
3357 581 3371 604 ,
3404 538 3523 595 vide
3548 555 3745 612 quanta

2178 606 2481 702 illeplenus
2510 613 2607 671 luit
2633 622 2882 675 amentia.
2914 622 3045 679 Nam
3074 628 3322 695 quoniam
3354 646 3455 683 non
3485 606 3593 687 alio
3620 648 3745 702 spe-

2176 700 2351 753 ctabat
2379 717 2536 771 quam
2565 717 2619 760 ut
2660 722 2874 769 noceret
2918 718 3075 782 patri,
3107 715 3158 769 in
3202 718 3320 773 aliis
3350 721 3599 777 omnibus
3629 700 3741 778 erat

2174 801 2487 884 excmcatus.
2512 794 2613 849 Sed
2636 814 2739 853 non
2770 801 2930 856 David
2963 822 2975 855 :
3011 805 3108 869 Qui
3127 808 3269 861 enim
3296 811 3519 865 ambulat
3540 815 3747 884 simpli-

2173 880 2325 944 citer,
2357 887 2579 940 ambulat
2603 892 2911 955 confidenter
2940 895 3131 966 (Prov.
3164 899 3251 954 10.
3279 900 3387 971 9);
3419 903 3469 957 id
3501 914 3583 959 est
3606 946 3619 969 ,
3640 880 3737 975 ⁷(ιιιι

2171 975 2379 1032 curiose
2400 980 2529 1035 nihil
2557 988 2762 1052 quierit,
2789 990 2873 1056 qui
2904 991 3102 1045 nullum
3131 995 3325 1048 malum
3359 997 3595 1053 molitur.
3632 1000 3733 1053 Pa-

2171 1081 2381 1124 reamus
2402 1086 2529 1142 ergo
2556 1074 2711 1131 beato
2738 1079 2901 1133 Paulo
2918 1092 2969 1134 et
2991 1084 3339 1140 misereamur
3356 1103 3416 1142 ac
3441 1088 3735 1148 deﬂeamus

2171 1156 2411 1215 homines
2443 1166 2662 1221 acerbos
2685 1210 2701 1235 ,
2728 1180 2783 1223 et
2812 1174 2989 1226 omnia
3019 1189 3236 1243 agamus
3259 1189 3311 1232 et
3338 1179 3595 1236 faciamus
3624 1225 3639 1246 ,
3669 1195 3727 1238 ut

2167 1266 2231 1305 ex
2271 1269 2453 1333 eorum
2490 1261 2681 1315 animis
2724 1266 3095 1322 exhauriamus
3137 1270 3547 1341 improbitatem.
3596 1277 3730 1333 Nam

2165 1346 2431 1409 quomodo
2460 1365 2564 1404 non
2591 1362 2674 1406 est
2699 1355 3009 1420 absurdum,
3039 1374 3157 1414 cum
3188 1361 3238 1416 in
3274 1364 3426 1419 uobis
3456 1366 3580 1421 insit
3609 1369 3733 1423 bilis

2165 1432 2283 1503 (etsi
2309 1438 2435 1493 utile
2476 1443 2545 1495 sit
2571 1445 2890 1501 elementum
2932 1468 2943 1502 :
2970 1466 3089 1504 nam
3120 1453 3319 1525 absque
3343 1456 3448 1512 bile
3480 1460 3589 1518 lieni
3623 1478 3735 1516 non

2164 1536 2336 1592 potest
2364 1541 2416 1583 ut
2451 1532 2519 1586 sit
2548 1534 2709 1591 homo
2729 1580 2742 1600 ,
2767 1540 2831 1594 de
2861 1539 2960 1595 hac
2990 1542 3177 1612 loquor
3202 1545 3311 1600 bile
3332 1549 3641 1605 elementari
3664 1554 3682 1621 )
3709 1572 3726 1608 :

2160 1622 2448 1689 quomodo,
2483 1625 2694 1696 inquam
2730 1671 2745 1692 ,
2780 1646 2882 1685 non
2911 1642 2991 1687 est
3033 1636 3316 1691 absurdum
3346 1638 3481 1695 hanc
3510 1644 3730 1711 quidem

2157 1725 2415 1768 evacuare
2442 1732 2537 1783 pro
2566 1720 2785 1786 viribus,
2820 1723 3030 1779 etiamsi
3063 1728 3349 1795 plurimum
3381 1732 3448 1787 ab
3474 1750 3535 1788 ea
3562 1734 3724 1804 juve-

2157 1816 2311 1867 mur;
2345 1820 2460 1858 eam
2489 1818 2668 1862 autem
2701 1826 2817 1879 quae
2843 1822 2924 1867 est
2950 1815 3001 1868 in
3029 1817 3202 1871 anima
3231 1820 3380 1876 nihili
3410 1822 3605 1885 facere.
3631 1843 3730 1882 ne-

2154 1906 2257 1960 que
2284 1894 2515 1949 studium
2546 1913 2744 1983 ponere
2772 1911 2830 1956 ut
2858 1918 3176 1963 evacuemus
3200 1951 3215 1977 ,
3243 1927 3364 1967 cum
3404 1915 3622 1972 minime
3650 1920 3726 1975 sit

2154 1983 2317 2079 utilis,
2349 1986 2442 2040 sed
2479 1993 2638 2043 etiam
2688 1993 2917 2050 maxime
2964 1997 3165 2054 laedat?
3211 2002 3309 2069 Qui
3354 2009 3478 2073 uult,
3524 2010 3727 2079 inquit,

2152 2075 2281 2166 inter
2308 2092 2395 2130 vos
2415 2094 2519 2133 esse
2543 2082 2763 2151 sapiens,
2787 2088 2969 2141 stultus
2995 2089 3084 2157 ﬁat
3106 2100 3157 2143 ut
3176 2093 3240 2146 sit
3260 2097 3461 2164 sapiens
3487 2098 3563 2166 (1.
3589 2075 3717 2157 Cor.

2150 2165 2203 2221 3.
2228 2169 2337 2239 18).
2366 2172 2501 2226 Audi
2531 2189 2713 2230 rursus
2737 2176 2934 2233 Lucam
2963 2197 3171 2253 quoque
3193 2185 3453 2244 dicentem
3534 2191 3725 2247 Sume-

2148 2255 2269 2311 bant
2304 2260 2467 2314 cibum
2493 2279 2605 2316 cum
2637 2268 2965 2323 exsultatione
2991 2283 3036 2325 et
3062 2275 3380 2345 simplicitate
3401 2280 3588 2349 cordis,
3611 2285 3724 2338 col-

2146 2352 2407 2445 laudantcs
2435 2353 2639 2445 Deum,
2671 2368 2717 2411 et
2748 2359 2993 2416 habebant
3036 2367 3253 2435 gratiam
3279 2369 3347 2421 ad
3372 2386 3568 2426 omnem
3599 2375 3717 2445 ple-

2145 2440 2253 2495 bern
2283 2442 2433 2513 (Act.
2460 2444 2513 2498 Ξ.
2544 2447 2632 2500 46.
2665 2450 2732 2503 47
2755 2446 2797 2522 ).
2830 2451 3021 2507 Annon
3053 2455 3292 2512 videmus
3318 2476 3457 2516 nunc
3500 2440 3725 2534 quoque

2144 2535 2411 2605 simplices
2436 2548 2619 2593 etnon
2659 2541 2811 2596 (ictos
2844 2559 3178 2601 communem
3212 2549 3467 2607 honorem
3496 2560 3717 2626 assequi

2142 2628 2209 2683 ab
2251 2630 2538 2685 omnibus?
2564 2632 2730 2689 Nemo
2768 2636 2817 2690 ei
2844 2638 2935 2707 qui
2964 2646 3046 2693 est
3090 2641 3352 2710 ejusmodi
3385 2646 3581 2702 invidet
3611 2690 3627 2713 ,
3662 2651 3709 2705 si

2142 2735 2229 2774 res
2256 2737 2379 2778 suas
2405 2734 2550 2779 recte
2585 2735 2734 2795 gerat
2758 2744 2773 2792 ;
2802 2742 2957 2783 nemo
2984 2730 3031 2784 ei
3063 2731 3313 2799 insultat,
3342 2736 3386 2788 si
3417 2737 3519 2791 sint
3546 2739 3591 2793 ei
3625 2755 3715 2795 res

2140 2814 2415 2882 adversm;
2446 2816 2541 2872 sed
2567 2818 2687 2873 licet
2712 2820 2820 2874 sint
2846 2820 2895 2875 ei
2922 2837 3008 2877 res
3056 2825 3323 2889 secundm,
3352 2830 3711 2897 gratulantur,

2138 2905 2253 2958 etsi
2283 2905 2461 2975 lapsus
2486 2907 2577 2973 sit,
2607 2908 2944 2965 miserentur.
2965 2912 3059 2967 Sin
3084 2924 3260 2970 autem
3280 2916 3480 2973 homini
3505 2923 3707 2978 acerbo

2138 2998 2493 3052 successerint
2528 3000 2846 3071 quandoque
2874 3019 2961 3059 res
3004 3008 3252 3063 secundae
3272 3050 3288 3075 ,
3323 3012 3540 3080 perinde
3568 3030 3631 3069 ac
3660 3018 3707 3071 si

2138 3088 2350 3158 aliquod
2381 3091 2580 3144 malum
2611 3095 2895 3163 contigerit
2919 3138 2936 3163 ,
2977 3114 3163 3155 omnes
3193 3100 3545 3173 ingemi‘scunt
3577 3126 3591 3163 :
3622 3112 3706 3164 sin

2135 3191 2309 3234 autem
2328 3183 2376 3236 ei
2404 3184 2598 3239 iuerint
2620 3202 2703 3239 res
2720 3188 2977 3255 adversas,
3006 3207 3193 3249 omnes
3211 3195 3473 3252 laetantur.
3503 3201 3703 3257 Eorum

2135 3288 2264 3341 ergo
2294 3275 2645 3331 misereamur
2682 3297 2693 3341 ;
2727 3281 2923 3337 habent
2951 3285 3093 3339 enim
3122 3286 3363 3343 inimicos
3392 3307 3707 3352 connuunes

2136 3368 2365 3438 undique
2411 3370 2818 3429 circumeuntes.
2870 3377 3032 3434 .Iacob
3075 3392 3188 3435 erat
3233 3399 3339 3437 non
3381 3386 3572 3453 ﬁctus;
3604 3390 3702 3443 sed

2134 3458 2336 3512 vafritm
2361 3471 2415 3514 et
2454 3463 2738 3531 malignum
2771 3467 2894 3521 vicit
2925 3469 3067 3523 Esau
3098 3488 3111 3523 :
3147 3471 3282 3525 Nam
3322 3475 3373 3526 in
3416 3493 3619 3545 pravam
3652 3490 3702 3531 et

2132 3551 2404 3619 malignam
2432 3553 2651 3605 animam
2689 3572 2787 3608 non
2824 3558 3031 3611 intrabit
3063 3562 3308 3630 sapientia
3333 3566 3488 3633 (Sap.
3522 3568 3572 3621 1.
3619 3570 3697 3637 4).

2135 3640 2309 3695 Omnis
2332 3644 2619 3698 amaritudo
2639 3647 2844 3700 tollatur
2862 3666 2893 3701 a
2918 3651 3056 3704 vobis
3081 3668 3100 3706 :
3124 3668 3191 3707 ne
3212 3668 3458 3709 maneant
3484 3658 3697 3726 quidem

2132 3732 2388 3802 reliquim.
2433 3733 2564 3789 Nam
2600 3738 2757 3791 etiam
2787 3739 2887 3794 hoc
2927 3742 2971 3795 si
3005 3754 3204 3799 motum
3233 3746 3389 3801 fuerit
3412 3787 3428 3813 ,
3459 3751 3596 3804 Solet
3640 3763 3697 3807 ut

2129 3823 2197 3877 ab
2241 3824 2413 3893 aliqua
2468 3828 2698 3882 scintilla
2742 3829 3012 3899 integrum
3040 3834 3182 3890 intus
3209 3838 3442 3893 excitare
3482 3856 3692 3911 rogum.

2128 3915 2263 3983 Quid
2316 3918 2385 3971 sit
2432 3933 2558 3988 ergo
2595 3923 2911 3985 amaritudo,
2967 3939 3215 3983 accurate
3266 3933 3688 3989 consideremus.

2129 4007 2369 4078 Exempli
2397 4023 2557 4064 causa
2590 4013 2658 4065 sit
2686 4012 2847 4067 homo
2892 4016 3258 4075 fraudulentus
3284 4031 3339 4075 et
3364 4023 3653 4080 insidiosos
3675 4068 3690 4091 ,

2126 4101 2346 4155 dolosus
2374 4113 2426 4155 et
2457 4102 2522 4156 ad
2550 4105 2688 4158 male
2718 4105 3017 4163 faciendum
3050 4121 3284 4180 paratus,
3328 4117 3688 4184 suspieiosus:

2126 4194 2193 4245 ab
2223 4209 2289 4247 eo
2318 4209 2530 4263 semper
2560 4198 2793 4251 nascitur
2823 4200 2899 4253 ira
2936 4208 2993 4255 et
3040 4202 3347 4273 indignatio.
3380 4205 3519 4261 Fieri
3547 4210 3690 4262 enim

2128 4302 2229 4339 non
2264 4296 2513 4355 potestut
2544 4291 2857 4358 tranquillus
2882 4292 2953 4345 sit
2981 4292 3245 4361 ejusmodi
3270 4297 3480 4352 animus
3508 4315 3521 4349 :
3565 4316 3689 4354 nam

2124 4379 2218 4432 ira:
2244 4388 2298 4432 et
2323 4378 2700 4449 indignationis
2738 4382 2886 4436 radix
2911 4394 2992 4439 ρει
3017 4385 3277 4441 acerbitas
3315 4398 3367 4441 et
3391 4390 3693 4445 amarulen-

2125 4476 2217 4527 tia.
2259 4472 2359 4538 Qui
2402 4483 2484 4528 est
2509 4474 2791 4542 ejusmodi,
2840 4484 2890 4531 et
2932 4477 2998 4531 ad
3037 4494 3249 4548 gravem
3294 4482 3423 4534 iram
3454 4498 3692 4552 pr0peu-

2122 4576 2232 4624 sus,
2281 4578 2563 4632 numquam
2609 4567 2829 4620 remittit
2872 4568 3105 4622 animum
3129 4608 3145 4633 ,
3178 4579 3235 4623 ut
3265 4574 3351 4638 qui
3382 4572 3451 4626 sit
3479 4588 3694 4643 semper

2122 4655 2529 4723 cogitabundus,
2572 4670 2793 4725 semper
2836 4657 3022 4712 tristis.
3081 4659 3211 4713 Nam
3271 4662 3393 4731 ipsi,
3451 4674 3507 4716 ut
3550 4664 3687 4729 dixi,

2124 4746 2278 4815 primi
2302 4762 2393 4799 sua
2424 4748 2560 4799 mala
2587 4749 2836 4801 sentiunt.
2871 4749 2935 4802 Et
2958 4751 3167 4817 clamor,
3197 4754 3384 4822 inquit.
3415 4755 3643 4810 Curnam
3666 4764 3692 4810 ἲ

2123 4836 2264 4890 tollis
2287 4838 2444 4891 etiam
2476 4839 2800 4893 clamorem?
2830 4840 2957 4894 Nam
2988 4858 3106 4897 eum
3129 4847 3217 4915 qui
3248 4858 3328 4900 est
3358 4849 3500 4902 mitis
3525 4864 3689 4917 opor-

2122 4937 2197 4983 tet
2222 4943 2340 4983 esse
2370 4930 2545 4982 talem.
2571 4930 2783 4985 Clamor
2820 4934 2962 4987 enim
2989 4945 3072 4989 est
3099 4952 3265 5005 equus
3292 4938 3467 4993 ferens
3492 4955 3686 4997 ascen-

2121 5034 2295 5074 sorem
2318 5063 2331 5085 ,
2365 5037 2554 5090 nempe
2584 5022 2715 5075 iram
2768 5034 2822 5079 et
2857 5026 3269 5095 indignationem
3303 5048 3316 5083 :
3348 5045 3543 5100 equum
3584 5034 3685 5086 im-

2124 5111 2241 5181 pedi
2268 5154 2281 5177 ,
2319 5124 2371 5166 et
2391 5114 2624 5168 evertisti
2653 5130 3011 5171 ascensorem.
3051 5120 3284 5174 Audiam
3307 5120 3419 5176 haec
3446 5123 3684 5180 maxime

2122 5205 2390 5268 mulieres,
2423 5220 2542 5273 qua:
2569 5205 2620 5258 in
2643 5221 2701 5260 re
2722 5208 2955 5275 qualibet
2969 5209 3201 5263 clamant
3219 5220 3274 5265 ct
3302 5213 3681 5269 vociferantur.

2127 5298 2179 5351 In
2211 5313 2314 5351 uno
2345 5298 2462 5351 solo
2493 5299 2617 5351 utile
2644 5309 2726 5352 est
2749 5300 3002 5368 clamare,
3034 5316 3223 5369 nempe
3254 5304 3304 5357 in
3340 5306 3682 5372 praedicando

2121 5403 2176 5445 et
2204 5390 2451 5445 docendo
2481 5408 2492 5444 :
2537 5407 2790 5460 nusquam
2823 5404 2996 5447 autem
3033 5394 3180 5458 alibi,
3213 5411 3383 5465 neque
3414 5399 3463 5449 iu
3496 5411 3684 5466 preca~

2123 5486 2285 5540 tione.
2321 5485 2383 5539 Et
2402 5484 2447 5538 si
2487 5485 2566 5537 vis
2597 5501 2689 5553 per
2710 5500 2794 5539 res
2824 5486 2962 5555 ipsas
2989 5486 3194 5541 discere
3228 5506 3240 5541 :
3270 5504 3551 5557 numquam
3572 5491 3684 5541 cla-

2120 5592 2260 5639 mes,
2292 5586 2346 5630 et
2368 5590 2651 5645 numquam
2673 5576 2918 5631 irasceris
2941 5593 3097 5632 :ecce
3119 5578 3331 5633 modum
3361 5578 3679 5633 evacuandte

2120 5670 2232 5725 irar.
2250 5668 2549 5723 Sicutenim
2576 5668 2686 5721 lieri
2708 5684 2809 5721 non
2838 5678 3011 5737 potest
3036 5678 3091 5723 ut
3113 5672 3199 5739 qui
3234 5686 3334 5723 non
3354 5671 3546 5724 clamat
3573 5671 3680 5723 ira-

2119 5772 2316 5825 scatur,
2361 5763 2430 5815 ita
2474 5762 2586 5815 lleri
2638 5778 2739 5815 non
2771 5772 2941 5830 potest
2984 5773 3040 5818 ut
3067 5765 3155 5833 qui
3180 5762 3373 5821 clamat
3421 5779 3523 5817 non
3574 5764 3676 5816 im-

2122 5867 2314 5913 scatur.
2348 5856 2422 5913 Ne
2448 5856 2740 5913 mihienim
2777 5855 3039 5925 objeceris
3074 5856 3215 5926 gravi
3259 5857 3329 5911 ira
3372 5857 3668 5926 percitum,
