3974 6504
238 397 345 453 m1

233 511 374 583 μετὰ
403 504 688 581 ἀκριϐείας
718 498 970 572 είρηται;
1015 497 1133 552 Ἵνα
1160 496 1268 550 ἀπὸ
1301 494 1401 564 τῆς
1433 487 1658 583 πικρίας
1691 484 1789 554 τῆς

227 575 518 667 αἰσθητῆς,
565 592 666 661 τῆς
717 589 940 658 πικρίας
987 586 1087 656 τῆς
1132 585 1331 656 νοητῆς
1376 581 1474 650 τὴν
1521 575 1790 646 ἀφόρητον

227 683 545 752 αἰσθόμενοι
574 677 794 740 κακίαν,
827 676 922 729 καὶ
957 674 1032 737 ὡς
1064 673 1354 742 ὁλόκληρον
1379 671 1477 740 τὴν
1505 667 1791 719 τίκτουσαν

228 771 407 844 ψυχὴν
456 768 670 840 πρῶτον
717 764 1055 835 λυμαίνεται,
1104 762 1279 815 πάντα
1340 758 1450 813 ἄνω
1503 755 1596 810 καὶ
1647 753 1794 806 κάτω

231 842 488 924 ποιοῦσα,
522 857 782 928 φύγωμεν
811 854 980 924 αὐτῆς
1011 854 1110 924 τὴν
1143 855 1360 922 πεῖραν.
1394 847 1659 915 Καθάπερ
1687 842 1796 912 γὰρ

230 953 376 1022 αὕτη
399 951 460 1004 τὸ
495 951 752 1019 στοιχεῖον
775 947 916 1011 ὅλον,
945 943 1118 1007 οὕτως
1147 942 1328 1012 ἐκείνη
1357 941 1481 1001 τοὺς
1504 933 1797 1004 λογισμοὺς

232 1044 592 1115 έμπρήσασα,
645 1041 724 1102 είς
770 1038 831 1091 τὸ
862 1039 960 1107 τῆς
991 1035 1217 1105 γεέννης
1268 1031 1471 1099 ἀπάγει
1523 1027 1794 1100 βάραθρον

231 1134 324 1186 τὸν
359 1131 576 1186 ἁλόντα.
610 1129 708 1183 Ἰν*
737 1121 830 1180 οῦν
864 1125 1040 1179 ταῦτα
1076 1121 1319 1192 ἀκριϐῶς
1367 1115 1798 1189 διερευνώμενοι,

233 1225 400 1280 τοῦτο
416 1222 680 1292 φύγωμεν
695 1218 753 1272 τὸ
771 1217 962 1282 κακὸν,
992 1215 1084 1269 καὶ
1105 1211 1490 1284 χαλινώσωμεν
1511 1208 1568 1260 τὸ
1590 1205 1800 1277 θηρίον,

237 1315 447 1386 μᾶλλον
476 1313 534 1366 δὲ
567 1307 864 1383 πρόρριζον
895 1304 1322 1374 ἀνασπάσωμεν,
1354 1299 1445 1371 τῷ.
1463 1297 1657 1367 Παύλῳ
1683 1313 1804 1348 πει-

235 1409 466 1481 θώμεθα
495 1407 705 1477 λέγοντι
725 1422 742 1436 ⁸
773 1403 953 1460 Πᾶσα
982 1400 1207 1469 πικρία,
1237 1397 1358 1468 οὐχὶ
1390 1392 1731 1465 καθαιρέσθω
1752 1402 1806 1452 ι,

235 1502 383 1558 ἀλλά
407 1499 642 1572 ἀρθήτω-
665 1499 762 1568 ἀφ’
788 1495 964 1568 ὑμῶν.
992 1493 1059 1550 Τί
1090 1493 1199 1564 γάρ
1238 1508 1329 1562 μοι
1359 1489 1441 1542 δεῖ
1466 1483 1806 1558 πραγμάτων

238 1594 337 1649 καὶ
375 1591 646 1661 κατοχῆς;
669 1587 722 1643 τί
754 1587 811 1642 δὲ
845 1585 951 1659 χρὴ
979 1585 1272 1656 φυλάττειν
1299 1581 1519 1652 θηρίον,
1549 1577 1667 1644 ὲξδν
1703 1578 1808 1631 άπ-

238 1685 452 1741 οικίσαι
472 1683 572 1754 τῆς
588 1680 768 1752 ψυχῆς
791 1679 884 1734 καὶ
907 1677 1266 1750 μεταστῆσαι,
1285 1673 1381 1728 καὶ
1404 1674 1484 1736 είς
1513 1667 1808 1742 ὑπερορίαν

240 1775 370 1830 τινά
410 1773 721 1840 ἀπαγαγεῖν
740 1787 767 1835 ς,
794 1766 1120 1839 Πειθώμεθα
1169 1765 1348 1819 τοίνυν
1385 1762 1463 1833 τῷ
1492 1760 1687 1831 Παύλῳ
1723 1759 1810 1812 λέ-

242 1883 400 1937 γοντι
417 1880 435 1895 ·
465 1861 642 1919 Πᾶσα
657 1862 864 1930 πικρία
889 1858 1124 1928 ἀρθήτω
1147 1859 1260 1928 ἀρ’
1284 1856 1469 1927 ὑμῶν.
1500 1852 1636 1906 Ἀλλ’
1666 1852 1810 1922 οἴμοι

241 1959 345 2028 τῆς
372 1953 708 2026 κατεχούσης
736 1953 884 2023 ἡμᾶς
915 1949 1246 2020 διαστροφῆς
1264 1962 1279 1976 °
1329 1946 1446 2000 δέον
1475 1943 1690 1996 ἅπαντα
1720 1941 1813 1994 ἐπὶ

242 2050 422 2118 τούτῳ
456 2048 658 2108 ποιεῖν,
695 2042 838 2097 οὕτω
866 2042 1009 2104 τινές
1042 2041 1180 2092 εἰσιν
1208 2038 1374 2100 ὅντως
1405 2037 1642 2108 ἀνόητοι,
1673 2035 1812 2088 ὥστε

238 2141 342 2196 ’καὶ
370 2136 602 2198 ἑαυτοὺς
631 2136 687 2187 ὲν
717 2131 890 2202 τούτῳ
918 2125 1270 2200 μακαρίζειν,
1302 2128 1398 2179 καὶ
1427 2124 1812 2197 ὲναϐρύνεσθαι

245 2231 326 2304 τῷ
352 2228 533 2300 κακῷ,
584 2227 680 2281 καὶ
727 2219 1252 2292 ἐγκαλλωπίζεσθαι,
1303 2220 1396 2274 καὶ
1441 2220 1569 2290 παρ’
1616 2217 1815 2289 ἑτέρων

251 2321 569 2395 ζηλοῦσθαι.
605 2316 832 2388 Πικρὸς,
860 2314 1044 2384 φησὶν,
1081 2313 1366 2382 ἄνθρωπος
1405 2310 1618 2369 ὁδεῖνα,
1660 2323 1821 2377 σκορ-

251 2417 374 2480 πίος
421 2414 592 2475 ἐστὶν,
640 2411 764 2479 δφις
813 2407 984 2470 ἐστὶν,
1036 2404 1179 2475 ἔχιςο
1231 2403 1462 2474 φοϐερὸν
1508 2399 1818 2471 νομίζουσιν

252 2503 438 2560 αὐτόν.
469 2499 797 2560 Τίδέδοικας
826 2497 922 2549 τὸν
949 2493 1164 2565 πικρὸν,
1183 2491 1438 2563 ἄνθρωπε
1461 2510 1474 2558 ;
1502 2492 1594 2561 Μὴ
1622 2488 1818 2562 βλάψῃ,

257 2595 413 2666 φησὶ,
450 2592 526 2663 μὴ
551 2590 862 2660 λυμήνηται
889 2601 903 2618 ο
951 2585 1175 2654 ἄπειρος
1203 2580 1312 2651 ἐγὼ
1352 2581 1453 2651 τῆς
1487 2581 1693 2634 ἐκείνου
1720 2596 1820 2633 κα-

261 2687 385 2748 κίας
413 2683 562 2753 εἰμί’
601 2681 819 2734 δέδοικα
857 2677 930 2746 μή
966 2693 1031 2746 με
1062 2674 1240 2726 λαϐὼν
1279 2672 1482 2726 ἁπλοῦν
1516 2671 1820 2742 ἄνθρωπον,

266 2779 360 2831 καὶ
389 2776 539 2830 οὐδὲν
573 2771 680 2826 τῶν
720 2769 884 2824 αὐτοῦ
931 2766 1332 2839 προορώμενον,
1386 2767 1466 2827 είς
1512 2765 1608 2827 τὰς
1643 2765 1822 2832 πάγας

266 2867 483 2939 ἐμϐάλῃ
523 2865 616 2928 τάς
643 2859 828 2926 αὑτοῦ,
872 2859 967 2912 καὶ⁸
996 2859 1106 2920 τοῖς
1146 2854 1384 2918 δικτύοις
1430 2856 1574 2925 ἡμᾶς
1616 2871 1824 2925 συμποο

262 2962 389 3034 δίσῃ
427 2960 540 3020 τοῖς
569 2952 993 3027 ἡτοιμασμένοις
1028 2947 1175 3017 αύτῷ
1212 2948 1348 3017 πρὸς
1380 2945 1656 3034 ἡμετέραν
1685 2947 1824 2999 ἀπά-

259 3017 389 3122 τηνῗ
415 3017 564 3101 Γελῶ
589 3017 711 3100 νῦνξ
754 3017 824 3095 Τί
848 3041 1084 3110 δήποτε;
1111 3037 1230 3091 Ὀτι
1264 3036 1468 3092 παίδων
1493 3017 1617 3087 ξστὶ
1656 3035 1828 3089 ταῦτα

259 3145 329 3196 τὰ
357 3143 602 3213 ῥήματα,
632 3137 703 3192 τὰ
735 3135 812 3206 μὴ
845 3131 1052 3202 φοϐερά
1084 3128 1455 3198 φοϐουμένων.
1479 3125 1703 3190 Οὐδενὸς
1731 3126 1836 3194 μὲν.

259 3231 356 3288 οὖν
385 3231 532 3287 οὕτω
569 3230 650 3283 δεῖ
674 3226 1059 3296 καταφρονεῖν,
1087 3220 1301 3282 οὐδενὸς
1328 3218 1473 3272 οὕτω
1504 3216 1826 3286 καταγελᾷν,

261 3325 340 3386 ὡς
359 3320 652 3392 ἀνθρώπου
686 3313 886 3388 πικροῦ
918 3313 1013 3368 καὶ
1045 3309 1302 3381 πονηροῦ.
1330 3309 1494 3363 Οὐδὲν
1524 3309 1632 3378 γὰρ
1660 3305 1832 3368 οὔτως

267 3412 421 3488 [HI]
463 3411 708 3475 ἀσθενὲς,
741 3408 817 3472 ὡς
848 3405 1074 3477 πικρία*
1107 3402 1326 3474 μωροὺς
1371 3401 1518 3454 ποιεῖ
1544 3399 1640 3453 καὶ⁵
1667 3399 1831 3467 ἀνοή-

262 3519 410 3564 τους.

341 3675 406 3749 β’.
429 3677 502 3729 Ἦ
517 3675 615 3745 οὐχ
629 3676 787 3745 ὁρᾶτε
802 3673 884 3725 ὅτι
896 3669 1094 3739 τυφλὸν
1111 3670 1144 3739 ή
1163 3667 1328 3722 κακία
1347 3684 1361 3733 ;
1381 3667 1528 3738 ἢούκ
1547 3665 1835 3736 ἠκούσατε,

270 3771 356 3824 δτι
385 3771 415 3822 6
448 3767 700 3838 ὀρύσσων
731 3763 918 3836 βόθρον
978 3763 1055 3834 τῷ
1097 3759 1344 3832 πλησίον,
1371 3757 1547 3829 ἑαυτῷ
1580 3757 1801 3828 όρύσσει
1821 3775 1841 3822 ;.

274 3862 398 3924 πῶς
428 3857 525 3914 οῦν
555 3860 614 3912 οὺ
640 3858 747 3929 χρὴ
777 3855 1058 3925 φοϐεῖσθαι
1078 3852 1255 3924 ψυχὴν
1283 3850 1537 3924 ἷταραχῆς
1562 3848 1842 3920 ἐμπεπληο

277 3953 488 4023 σμένην
510 3966 525 4015 ;
563 3950 622 4002 Εί
652 3951 748 4019 μὲν
769 3943 881 4013 οὖν,
903 3947 977 4008 ὡς
999 3945 1255 4015 δαίμονας
1277 3943 1304 3982 b
1336 3942 1429 3995 καὶ
1467 3938 1839 4011 μαινομένους,

274 4044 389 4116 χρὴ
407 4043 503 4096 καὶ
526 4041 653 4104 τοὺς
677 4039 910 4109 πικροὺς
928 4035 1227 4107 φοϐεῖσθαι,
1261 4033 1355 4087 καὶ
1379 4031 1454 4094 ὡς
1473 4032 1599 4092 τοὺς
1629 4032 1845 4101 μωροὺς

278 4132 403 4201 (καὶ
413 4133 526 4202 γὰρ
553 4131 750 4183 ἐκεῖνοι
765 4128 953 4191 ἁπλῶς
968 4127 1182 4180 ἅπαντα
1202 4123 1460 4193 ποιοῦσι),
1487 4139 1560 4192 φη
1569 4122 1629 4191 μί
1654 4121 1808 4189 κάγώ
1826 4138 1840 4150 ·

277 4224 328 4276 εἰ
363 4221 422 4274 δὲ
456 4221 533 4284 ὡς
578 4220 782 4282 δεινοὺς
811 4219 1097 4289 πράγμασι
1139 4213 1394 4285 χρῆσθαι,
1433 4212 1591 4266 τοῦτο
1640 4210 1850 4264 οὐκέτι..

279 4313 452 4367 οὐδὲν
483 4312 592 4382 γάρ
608 4309 750 4364 οὕτω
775 4309 911 4380 πρὸς
934 4309 1273 4379 πραγμάτων
1311 4303 1621 4373 οἰκονομίαν
1659 4303 1846 4371 ἐπιτή-

279 4405 447 4470 δειον,
481 4403 557 4466 ὠς
596 4401 828 4464 σύνεσιςο
853 4401 1004 4456 οὐδὲν
1020 4400 1160 4453 οὕτω
1183 4398 1445 4460 συνέσεως
1480 4393 1754 4464 ἐμπόδιον,
1773 4392 1852 4457 ὼς

281 4493 524 4566 πονηρία
552 4493 650 4547 καὶ
686 4493 876 4557 κακία,
913 4491 1010 4544 καὶ
1056 4490 1117 4542 τὸ
1150 4487 1399 4540 ὓπουλον.
1445 4484 1556 4554 Οὐχ
1582 4483 1743 4554 ὁρᾶτε
1781 4482 1850 4534 τά

280 4591 521 4658 σώματα
580 4584 650 4637 τὰ
700 4582 995 4654 χολερικά,
1051 4580 1168 4640 πῶς
1219 4581 1366 4632 ἐστιν
1421 4576 1595 4650 ἀειδῆ,
1647 4574 1849 4637 παντὸς

282 4679 485 4740 ἄνθους
532 4675 897 4748 μαρανθέντας
936 4674 994 4725 ὲν
1049 4672 1264 4735 αύτοῖς;
1315 4667 1430 4730 πῶς
1474 4667 1622 4719 ἐστιν
1653 4664 1850 4733 ἀσοενῆ

284 4770 386 4824 καὶ
407 4769 604 4831 λεπτὰ,
640 4767 736 4820 καὶ
768 4765 904 4836 πρὸς
947 4762 1127 4816 πάντα
1158 4759 1546 4831 ἁνεπιτήδεια;
1595 4754 1851 4809 Τοιαῦταί

284 4866 398 4916 εἰσι
426 4861 520 4915 καὶ
547 4861 604 4913 at
649 4858 819 4929 ψυχαὶ
846 4857 905 4909 αι
954 4855 1218 4908 τοιαῦται.
1247 4854 1486 4924 Ἴκτερος
1534 4852 1643 4923 γάρ
1675 4848 1852 4920 ψυχῆς

285 4953 444 5006 οὐδὲν
482 4951 668 5021 ἔτερόν
702 4952 869 5012 ἐστιν,
895 4947 1006 5002 ἀλλ’
1032 4948 1066 5017 ἢ
1099 4946 1350 5017 πονηρία.
1401 4945 1514 4998 Οὐκ
1563 4944 1709 4996 ἐστιν
1746 4937 1865 4994 οὖν’

290 5045 516 5118 ισχυρδν
552 5047 587 5115 ἡ
620 5043 876 5114 πονηρία,
895 5042 994 5095 οὐκ
1010 5040 1142 5094 ἔστι.
1175 5039 1434 5093 Βούλεσθε
1465 5037 1626 5091 πάλιν
1652 5035 1746 5089 καὶ
1761 5033 1855 5086 ἰπὶ

289 5137 712 5208 ὕποδείγματος,
736 5135 764 5189 ὃ
797 5135 960 5202 λέγω,
1013 5135 1222 5204 ποιήσω
1271 5130 1521 5201 φανερὸν,
1545 5127 1854 5197 κακούργου

288 5232 394 5286 καὶ
426 5229 700 5284 ἀπλάστου
730 5226 1069 5297 παραγαγὼν
1101 5225 1228 5294 ὑμῖν
1261 5223 1500 5285 εἰκόνας;
1534 5219 1852 5288 Κακοῦργος

290 5318 367 5394 ἦν
393 5324 422 5376 6
452 5317 837 5390 ’Δϐεσσαλὼμ,
885 5319 979 5370 καὶ
1009 5318 1214 5378 πάντας
1250 5315 1554 5368 ἰδιοποιεῖτο
1583 5327 1597 5341 ·
1635 5311 1734 5379 ὅρα
1761 5306 1853 5362 οὖν

295 5416 399 5485 ὅση
426 5410 494 5484 ἦν
521 5415 557 5484 ἡ
583 5410 904 5481 κακουργία.
937 5410 1005 5461 Πε
1017 5408 1186 5478 ριιὼν,
1211 5406 1393 5475 φησὶν,
1420 5403 1590 5470 ἔλεγε,
1615 5403 1704 5470 Μὴ
1743 5401 1856 5453 ἐστι

300 5524 388 5560 σοι
414 5505 594 5575 κρίσις
621 5519 636 5563 ;
667 5500 1048 5555 οἰκειώσασθαι
1085 5499 1314 5551 ἕκαστον
1345 5493 1684 5563 βουλόμενος.
1723 5492 1778 5544 '0
1801 5490 1855 5543 δὲ

368 5743 393 5769 ³
427 5739 507 5789 Sic
529 5741 714 5801 optime
741 5738 889 5801 Μαι-ε.
917 5734 1325 5801 Ξανειεᾳεὺιιωι*
1351 5734 1675 5797 καθαιρείσθω.
1705 5731 1835 5783 lion.

368 5801 396 5844 ι
417 5798 629 5854 Βυιὶεέυδ
651 5801 820 5850 manet
843 5798 1170 5860 δαιμονῶντας.

1075 383 1142 440 ΙΝ
1177 378 1394 438 ‘EPIST.
1433 376 1521 432 AD
1559 369 1802 431 EPHES.
1844 367 1992 424 CAP;
2035 363 2124 422 ιν.
2190 361 2422 420 ιιοΜιι..
2457 360 2573 418 XV.

3344 351 3446 408 1⁸08

1904 478 2066 532 Δαυῒδ
2085 479 2376 540 ἄπλαστος.
2411 478 2474 529 Τί
2507 474 2598 530 οὖν
2621 493 2637 543 ;
2672 474 2814 545 Ὅρα
2839 469 3160 543 ἀμφοτέρων
3187 466 3248 520 τὸ
3273 465 3446 528 τέλος,

1898 572 1998 641 ὅρα
2021 570 2194 635 πόσης
2233 568 2427 636 ἔγεμεν
2451 569 2654 628 ἐκεῖνος
2683 563 2886 625 ἀνοίας.
2939 558 3152 628 Ἐπειδὴ
3184 558 3292 626 γάρ
3315 555 3456 626 πρὸς

1899 661 1996 729 τὴν
2029 658 2230 728 βλάϐην
2268 656 2416 726 ἐώρα
2442 657 2607 726 μόνην
2648 652 2742 706 τοῦ
2786 651 3010 722 πατρὸς,
3045 651 3103 701 έν
3131 649 3242 710 τοῖς
3270 644 3449 706 ἄλλοις

1900 752 2204 821 τετύφλωτο
2228 755 2412 802 πᾶσιν.
2458 747 2597 800 Ἀλλ’
2641 747 2738 814 οὺχ
2767 746 2796 798 6
2832 742 3013 796 Δαυῖδ.
3048 740 3102 794 Ὀ
3134 736 3453 805 πορευόμε-

1901 861 2006 910 νος
2037 845 2143 913 γὰρ
2179 840 2403 906 ἁπλῶς,
2431 837 2738 906 πορεύεται
2759 832 3068 898 πεποιθώς.
3097 829 3402 886 Τουτέστιν,
3427 826 3456 876 6

1908 934 2070 1006 μηδὲν
2082 949 2149 985 πε
2157 949 2236 1002 ριε
2245 929 2593 1002 ργαζόμενος,
2608 929 2634 978 6
2651 924 2814 996 μηδὲν
2834 919 3250 982 κατασκευάζων
3269 916 3455 968 κακόν.

1905 1022 2229 1094 Πειθώμεθα
2249 1020 2429 1073 τοίνυν
2461 1018 2537 1089 τῷ
2562 1016 2814 1091 μακαρίῳ
2841 1012 3057 1082 Παύλῳ,
3090 1013 3184 1064 καὶ
3221 1007 3461 1077 ὲλεῶμεν

1907 1120 2004 1173 καὶ
2044 1115 2364 1187 δακρύωμεν
2409 1114 2532 1177 τοὺς
2579 1110 2830 1182 πικροὺς,
2873 1106 2966 1160 καὶ
3010 1105 3185 1157 πάντα
3211 1101 3458 1174 πράττω-

1912 1227 2011 1283 μεν
2037 1209 2134 1264 καὶ
2167 1208 2426 1275 ποιῶμεν,
2454 1203 2592 1258 ὥστε
2620 1201 2796 1255 αὐτῶν
2823 1199 2927 1254 ἀπὸ
2948 1197 3045 1268 τῆς
3088 1195 3266 1265 ψυχῆς
3306 1193 3460 1259 ἐξανι-

1907 1301 2101 1372 τλῆσαι
2129 1299 2226 1369 τὴν
2261 1296 2538 1368 πονηρίαν.
2574 1294 2697 1356 Πῶς
2731 1291 2842 1363 γὰρ
2895 1290 2996 1344 οὐκ
3043 1287 3283 1372 ἄτοπον,
3305 1284 3471 1355 χολῆς

1914 1391 2011 1462 μὲν
2040 1391 2174 1460 ἡμῖν
2201 1385 2424 1457 ἐνούσης
2458 1384 2733 1456 (καίτοιγε
2755 1380 3025 1453 χρήσιμον
3047 1373 3206 1430 τοῦτο
3240 1371 3302 1426 τὸ
3325 1389 3469 1426 στοι-

1913 1485 2074 1556 χεῖον·
2102 1481 2270 1553 χωρὶς
2301 1479 2410 1550 γὰρ
2439 1477 2600 1548 χολῆς
2644 1466 3090 1544 ἄνθρωπον-εἷναι
3125 1466 3186 1520 οὐ
3219 1463 3464 1524 δυνατὸν,

1912 1573 2117 1645 ταύτης
2148 1573 2212 1642 δὴ
2232 1571 2375 1638 λέγω
2408 1569 2504 1639 τῆς
2546 1561 2955 1634 στοιχειιῦδους)·
3002 1560 3120 1622 πῶς
3147 1558 3247 1611 οὐκ
3271 1555 3484 1610 ἄτοπον⁸

1914 1663 2115 1734 ταύτην
2137 1661 2235 1730 μὲν
2260 1657 2450 1714 κενοῦν
2476 1655 2616 1710 κατὰ
2639 1651 2890 1723 δύναμιν,
2912 1650 3090 1704 καίτοι
3111 1645 3323 1719 μεγάλα
3344 1645 3470 1712 παρ’

1917 1753 2086 1820 αὐτῆς
2107 1749 2534 1820 ὠφελουμένους
2554 1746 2651 1816 τὴν
2671 1745 2727 1798 δὲ
2755 1745 2812 1797 ὲν
2832 1745 2899 1815 τῇ
2931 1741 3082 1812 ψυχῇ
3108 1737 3273 1810 μηδὲν
3300 1737 3474 1789 ποιεῖν

1922 1844 2060 1917 μηδὲ
2088 1840 2407 1905 σπουδάζειν
2435 1839 2573 1902 ὥστε
2607 1838 2815 1898 κενοῦν,
2833 1834 3069 1904 οὐδαμοῦ
3099 1832 3367 1903 χρήσιμον
3387 1825 3477 1882 οῦ-

1921 1953 2040 2000 σαν,
2075 1933 2213 1987 ἀλλὰ
2235 1934 2326 1986 καὶ
2347 1932 2414 1984 τὰ
2446 1931 2677 2002 μέγιστα
2699 1927 3026 1992 ἁδικοῦσα.ν;
3075 1925 3135 1976 '0
3188 1921 3478 1989 ,ϐουλόμε-

1919 2044 2046 2093 νος,
2076 2027 2259 2096 φησὶν,
2282 2021 2434 2077 εἶναι
2493 2023 2683 2090 σοφὸς
2719 2020 2787 2073 ἐν
2843 2017 3019 2087 ὑμῖν,
3059 2015 3318 2086 γενέσθω
3358 2031 3478 2082 μω-

1915 2120 2042 2188 ρὸς,
2093 2119 2194 2170 ἵνα
2243 2115 2480 2185 γένηται
2536 2116 2749 2182 σοφός.
2810 2113 3008 2163 ’Ἄκουε
3055 2109 3217 2162 πάλιν
3246 2108 3340 2160 καὶ
3387 2105 3478 2158 τοῦ

1923 2210 2107 2262 Λουκᾶ
2127 2207 2395 2274 λέγοντος
2429 2203 2888 2271 Μετελάμϐανον
2917 2197 3139 2271 τροφῆς
3179 2199 3248 2251 ἐν
3296 2197 3480 2266 ἀγαλ-

1923 2296 2122 2350 λιάσει
2159 2296 2255 2348 καί
2296 2293 2613 2363 ἀφελότητι
2664 2289 2910 2358 καρδίης
2940 2329 2955 2354 ,
3009 2287 3320 2351 αἰνοῦντες
3378 2284 3484 2336 τὸν

1928 2388 2095 2453 Θεὸν,
2123 2387 2220 2440 καὶ
2263 2386 2431 2454 εἶχον
2457 2384 2633 2453 χάριν
2686 2382 2834 2450 πρὸς
2878 2381 3025 2434 ὅλον
3052 2380 3157 2434 τὸν
3205 2379 3376 2432 λαόν.
3415 2378 3484 2428 Ἦ

1927 2482 2025 2551 οὐχ
2054 2480 2265 2550 ὁρῶμεν
2304 2480 2398 2531 καλ⁴
2444 2476 2539 2529 νῦν
2592 2474 2716 2539 τοὺς
2769 2471 2987 2539 ἀφελεῖς
3039 2470 3132 2522 καὶ
3179 2469 3486 2528 ἀπλάστους

1930 2573 2115 2644 κοινῆς
2135 2574 2297 2644 τιμῆς
2334 2571 2486 2642 παρά
2520 2571 2732 2624 πάντων
2760 2564 3160 2628 ἀπολαύοντας;
3189 2561 3377 2624 Οὐδεὶς
3406 2560 3485 2630 τῷ

1929 2665 2153 2736 τοιούτῳ
2177 2666 2356 2734 φθονεῖ
2385 2661 2769 2733 εύπραγοῦντι,
2803 2657 2978 2720 οὐδεὶς
3008 2654 3330 2725 ἐπεμϐαίνει
3360 2653 3488 2706 δυσ-
3595 2701 3600 2710 ,

1933 2755 2230 2827 πραγοῦντι
2249 2774 2263 2788 ·
2295 2755 2428 2809 ἀλλά
2459 2755 2662 2816 πάντες
2690 2753 2784 2805 καὶ
2815 2751 2993 2813 καλῶς
3029 2749 3319 2820 πράττοντι
3358 2762 3486 2814 συγ-

1933 2849 2202 2920 χαίρουσι,
2232 2847 2323 2902 καὶ
2352 2845 2640 2901 πταίσαντι
2675 2842 3044 2911 συναλγοῦσιν.
3090 2842 3187 2892 Ἂν
3215 2838 3275 2891 δὲ
3299 2838 3491 2909 πικρὸς
3557 2829 3574 2846 ’

1933 2940 2215 3010 ἄνθρωπος
2238 2937 2556 3009 εύημερήσῃ
2590 2935 2739 2999 ποτὲ,
2773 2935 2848 2997 ὡς
2880 2931 3048 2986 κακοῦ
3078 2948 3220 2993 τινος
3255 2929 3496 2998 συμϐάν-

1934 3048 2044 3095 τος,
2071 3030 2308 3093 ἅπαντες
2340 3028 2582 3082 στένουσι
2598 3025 2747 3098 [112]
2771 3040 2784 3054 '
2813 3024 2913 3077 κᾶν
2927 3025 3284 3099 δυσπραγήσῃ
3303 3019 3489 3083 πάλιν,

1938 3123 2170 3193 ἅπαντες
2201 3122 2501 3192 χαίρουσιν.
2539 3119 2808 3190 Ἐλεῶμεν
2832 3113 2924 3170 οῦν
2951 3115 3161 3178 αὐτούς·
3187 3115 3366 3184 έχουσι
3387 3113 3497 3184 γὰρ

1940 3217 2151 3280 κοινοὺς
2207 3215 2433 3285 ἐχθροὺς
2488 3211 2762 3283 πανταχοῦ
2808 3209 3134 3280 περιιόντας.
3189 3208 3248 3261 'U
3305 3207 3497 3260 Ἰακὼϐ

1946 3307 2222 3382 ἄπλαστος
2261 3303 2350 3377 ἦν,
2382 3306 2517 3360 ἀλλά
2539 3304 2629 3360 τὸν
2667 3303 2969 3373 κακοῦργον
3009 3301 3179 3354 Ἠσαῦ
3216 3301 3462 3371 ἐνίκησεν
3485 3317 3497 3330 ο

1943 3405 2044 3469 Είς
2079 3401 2442 3467 κακότεχνον
2461 3398 2570 3469 τὰρ
2603 3397 2813 3465 ψὺχὴν
2833 3398 2941 3449 οὐκ
2964 3397 3371 3448 εἰσελεύσεται
3396 3408 3502 3446 σο-

1945 3493 2066 3561 φία.
2096 3490 2268 3546 Πᾶσα
2294 3492 2495 3559 πικρία
2532 3487 2762 3558 ἀρθήτω
2805 3487 2904 3555 ἀφ’
2936 3487 3126 3555 ὑμῶν·
3163 3486 3295 3556 μηδὲ
3320 3485 3502 3554 λείψα-

1945 3603 2032 3638 νον
2057 3586 2278 3656 μενέτω.
2321 3580 2440 3636 Οἶδε
2500 3582 2607 3652 γὰρ
2647 3579 2804 3633 τοῦτο
2839 3578 3077 3649 κινηθὲν,
3109 3577 3358 3648 καθάπερ
3394 3578 3502 3631 ἀπὸ

1949 3678 2238 3748 σπινθῆρός
2263 3693 2426 3740 τινος,
2453 3675 2742 3743 ὁλόκληρον
2771 3671 2916 3723 ἔνδον
2943 3669 3168 3737 ποιῆσαι
3212 3669 3406 3738 πυράν.
3436 3667 3502 3720 Τί

1947 3773 2122 3826 τοίνυν
2154 3771 2300 3823 ἐστὶν
2332 3773 2363 3839 ὴ
2387 3767 2580 3838 πικρία
2608 3767 3030 3834 κατανοήσωμεν
3052 3759 3312 3829 ἀκριϐῶς·
3336 3754 3444 3812 οἶον
3475 3761 3504 3812 6

1951 3863 2178 3925 ὕπουλος
2208 3863 2368 3932 ἀνὴρ,
2399 3863 2428 3914 6
2453 3859 2686 3928 δολερὸς,
2707 3859 2734 3910 ὁ
2766 3856 2900 3926 πρὸς
2935 3854 2994 3906 τὸ
3019 3855 3326 3906 κακοποιεῖν
3361 3869 3503 3920 παρ-

1952 3953 2366 4025 εσκευασμένος,
2390 3952 2796 4020 ὁκαχύποπτος⁶
2831 3945 2938 4000 ἀπὸ
2972 3943 3036 4013 δὴ
3071 3943 3260 3996 τούτου
3295 3943 3382 3995 ἀεὶ
3414 3942 3506 3994 Ou,

1956 4051 2051 4120 μὸς
2082 4046 2175 4099 καὶ
2201 4044 2337 4115 ὀργὴ
2357 4035 2612 4095 τίκτεται.
2645 4040 2719 4092 Ού
2751 4038 2859 4109 γὰρ
2891 4036 3037 4090 ἐστιν
3075 4038 3131 4089 ὲν
3164 4035 3369 4106 γαλήνῃ
3408 4035 3508 4104 τὴν

1953 4139 2202 4205 τοιαύτην
2227 4129 2367 4187 εἶναι
2387 4131 2584 4201 4mm»-
2622 4129 2742 4198 ῥίζα
2767 4128 2875 4196 γὰρ
2897 4125 3070 4196 θυμοῦ
3104 4125 3199 4178 καὶ
3223 4123 3391 4194 ὀργῆς
3417 4141 3508 4175 πι-

1954 4228 2102 4300 κρία.
2148 4227 2205 4279 'U
2228 4224 2462 4285 τοιοῦτος
2496 4226 2589 4274 καὶ
2639 4218 2950 4290 βαρύθυμος
3003 4220 3182 4280 ἐστιν,
3237 4217 3331 4269 καὶ
3368 4214 3513 4268 ούδέ-

1957 4336 2085 4372 ποτε
2115 4317 2293 4386 ἀνίησι
2321 4314 2416 4385 τὴν
2451 4314 2646 4383 ψυχὴν,
2677 4313 2760 4364 ἀεί
2791 4311 3011 4371 σύννους
3035 4309 3132 4371 ὢν,
3157 4309 3244 4361 ἀεὶ
3261 4311 3507 4378 σκυθρωο

1957 4412 2077 4474 πός.
2102 4411 2276 4480 Ὅπερ
2299 4407 2406 4478 γὰρ
2446 4407 2601 4475 ἔφην,
2629 4404 2783 4458 αύτοὶ
2820 4404 3025 4474 πρῶτοι
3076 4402 3412 4473 καρποῦνται
3441 4405 3512 4458 τά

1959 4502 2164 4556 ἑαυτῶν
2198 4499 2364 4552 κακά.
2397 4497 2504 4551 Καὶ
2560 4493 2809 4563 κραυγὴ,
2859 4493 3014 4563 φησί.
3048 4493 3112 4544 Τί
3147 4493 3382 4563 δήποτε;
3419 4495 3515 4546 καὶ

1960 4593 2206 4664 κραυγὴν
2237 4591 2472 4660 ἀναιρεῖς
2498 4604 2513 4652 ;
2543 4586 2645 4640 Τὸν
2672 4587 2779 4657 γὰρ
2806 4585 2966 4656 ῆπιον
2979 4581 3364 4639 τοιοῦτονεῖναι
3382 4586 3511 4655 χρή.
3582 4635 3592 4644 .

1961 4687 2154 4748 Ἵππος
2190 4682 2296 4752 γάρ
2347 4685 2493 4734 ἐστιν
2520 4677 2791 4748 ἀναϐάτην
2825 4676 3026 4747 φέρων,
3056 4678 3104 4747 ’ἡ
3154 4676 3370 4749 κραυγὴ
3417 4679 3515 4748 τὴν

1961 4779 2147 4846 ὁργήν’
2185 4773 2513 4844 συμπόδισον
2542 4775 2630 4823 τὸν
2661 4771 2844 4830 ἵππον,
2885 4768 2980 4822 καὶ
3018 4769 3390 4838 κατέστρεψας
3419 4771 3514 4822 τὸν

1962 4867 2242 4936 ἐπιϐάτην.
2295 4865 2660 4917 ’Λκουέτωσαν
2713 4859 2884 4914 ταῦτα
2937 4860 3170 4930 μάλιστα
3222 4861 3511 4927 γυναῖκες,

1966 4962 2021 5014 αί
2051 4963 2108 5012 ἐν
2140 4957 2303 5012 παντὶ
2333 4956 2616 5024 πράγματι
2644 4953 2943 5024 κράζουσαι
2974 4954 3068 5005 καὶ
3086 4951 3306 5020 βοῶσαι.
3327 4952 3414 5003 Ἐν
3435 4952 3518 5006 ἑνὶ

1964 5055 2228 5125 χρήσιμον
2266 5049 2326 5101 τὸ
2352 5046 2574 5116 κράζειν
2609 5046 2786 5114 μόνον,
2815 5046 2872 5096 ὲν
2894 5043 2971 5113 τῷ
3008 5044 3294 5113 κηρύττειν
3323 5046 3415 5096 καὶ
3440 5043 3517 5094 δι-

1963 5145 2204 5205 δάσκειν,
2238 5138 2469 5208 ἀλλαχοῦ
2493 5138 2548 5190 δὲ
2576 5134 2832 5206 οὐδαμοῦ,
2861 5134 2974 5188 ἀλλ⁹
3003 5134 3124 5188 οὔτε
3146 5137 3202 5188 ὲν
3232 5135 3384 5204 εὐχῇ.
3411 5135 3518 5185 Καὶ

1965 5241 2011 5292 εί
2038 5237 2214 5307 βούλει
2283 5231 2472 5303 μαθεῖν
2525 5228 2613 5280 διὰ
2675 5227 2782 5280 τῶν
2831 5229 3190 5297 πραγμάτων,
3253 5227 3517 5296 μηδέποτε

1966 5331 2192 5399 κράζῃς,
2215 5326 2308 5379 καὶ
2325 5323 2577 5376 οὐδέποτε
2615 5320 2934 5391 ὀργισθήσῃ·
2969 5319 3075 5372 ίδοῦ
3101 5319 3297 5388 τρόπος
3318 5318 3518 5388 ἀοργη-

1969 5425 2106 5485 σίας.
2132 5421 2340 5486 ’Ὥσπερ
2373 5415 2476 5483 γὰρ
2516 5413 2613 5464 οῦκ
2645 5411 2721 5463 ἔνι
2753 5414 2843 5463 τὸν
2873 5411 2947 5480 μὴ
2973 5411 3239 5480 κράζοντα
3261 5409 3517 5478 ὀργισθῆ-

1967 5531 2072 5578 ναι,
2111 5510 2281 5570 οὕτως
2325 5508 2424 5559 ούκ
2467 5507 2544 5557 ἕνι
2593 5504 2679 5555 τὸν
2720 5503 2988 5572 κράζοντα
3045 5502 3120 5571 μὴ
3177 5500 3522 5570 ὀργισθῆναιι

1967 5605 2057 5676 Μὴ
2077 5604 2183 5672 γάρ
2203 5619 2289 5671 μοι
2320 5601 2409 5652 τὸν
2430 5598 2732 5668 βαρύμηνιν
2761 5597 2920 5665 εἴπῃς
2950 5595 3041 5646 καὶ
3072 5594 3404 5664 μνησίκακον
3426 5597 3521 5648 καὶ

1971 5691 2327 5762 αῦτοπικρίαν
2353 5688 2445 5742 καὶ
2480 5685 2786 5754 αὖτοχολήν·
2821 5686 2978 5753 ἡμεῖς
3009 5686 3133 5756 περὶ
3172 5686 3268 5756 τῆς
3298 5685 3387 5738 τοῦ
3413 5688 3518 5740 πά-

1975 5790 2094 5851 θους
2122 5781 2472 5853 συναρπαγῆς
2499 5775 2853 5845 διαλεγόμεθα
2893 5775 3005 5830 νῦν.

3117 5930 3153 5946 η.
