  <div class='ocr_page' id='page_1' title='image "/cluster/home/n/w/nwhite01/storage/ocr_20150623/62/hvd.32044019207836/115.png"; bbox 0 0 3960 6564; ppageno 0'>
   <div class='ocr_carea' id='block_1_1' title="bbox 533 374 637 436">
    <p class='ocr_par' dir='ltr' id='par_1_1' title="bbox 533 374 637 436">
     <span class='ocr_line' id='line_1_1' title="bbox 533 374 637 436; baseline 0.038 -4"><span class='ocrx_word' id='word_1_1' title='bbox 533 374 637 436; x_wconf 67' lang='grc'>109</span> 
     </span>
    </p>
   </div>
   <div class='ocr_carea' id='block_1_2' title="bbox 600 481 2086 558">
    <p class='ocr_par' dir='ltr' id='par_1_2' title="bbox 600 481 2086 558">
     <span class='ocr_line' id='line_1_2' title="bbox 600 481 2086 558; baseline -0.006 -16"><span class='ocrx_word' id='word_1_2' title='bbox 600 495 673 557; x_wconf 84' lang='grc' dir='ltr'>γ’.</span> <span class='ocrx_word' id='word_1_3' title='bbox 689 488 850 540; x_wconf 84' lang='grc' dir='ltr'>Ὥστε</span> <span class='ocrx_word' id='word_1_4' title='bbox 871 485 931 540; x_wconf 88' lang='grc' dir='ltr'>ού</span> <span class='ocrx_word' id='word_1_5' title='bbox 959 485 1149 558; x_wconf 84' lang='grc' dir='ltr'>μικρὸν</span> <span class='ocrx_word' id='word_1_6' title='bbox 1166 483 1299 553; x_wconf 83' lang='grc' dir='ltr'>πρὸς</span> <span class='ocrx_word' id='word_1_7' title='bbox 1320 482 1477 536; x_wconf 82' lang='grc' dir='ltr'>τοῦτο</span> <span class='ocrx_word' id='word_1_8' title='bbox 1493 482 1856 552; x_wconf 88' lang='grc' dir='ltr'>συμϐάλλεται</span> <span class='ocrx_word' id='word_1_9' title='bbox 1877 481 1937 534; x_wconf 82' lang='grc' dir='ltr'>τὸ</span> <span class='ocrx_word' id='word_1_10' title='bbox 1961 499 2086 534; x_wconf 61' lang='grc' dir='ltr'>παι.</span> 
     </span>
    </p>
   </div>
   <div class='ocr_carea' id='block_1_3' title="bbox 526 563 2088 640">
    <p class='ocr_par' dir='ltr' id='par_1_3' title="bbox 526 563 2088 640">
     <span class='ocr_line' id='line_1_3' title="bbox 526 563 2088 640; baseline -0.007 -13"><span class='ocrx_word' id='word_1_11' title='bbox 526 571 717 629; x_wconf 78' lang='grc' dir='ltr'>δεῦσαι</span> <span class='ocrx_word' id='word_1_12' title='bbox 745 570 841 640; x_wconf 80' lang='grc' dir='ltr'>τὴν</span> <span class='ocrx_word' id='word_1_13' title='bbox 891 568 1064 637; x_wconf 73' lang='grc' dir='ltr'>ψυχὴν</span> <span class='ocrx_word' id='word_1_14' title='bbox 1104 565 1372 636; x_wconf 84' lang='grc' dir='ltr'>μηδέποτε</span> <span class='ocrx_word' id='word_1_15' title='bbox 1430 565 1653 636; x_wconf 76' lang='grc' dir='ltr'>κράζειν</span> <span class='ocrx_word' id='word_1_16' title='bbox 1701 565 1794 618; x_wconf 72' lang='grc' dir='ltr'>καὶ</span> <span class='ocrx_word' id='word_1_17' title='bbox 1831 565 1978 634; x_wconf 76' lang='grc' dir='ltr'>βοᾷν.</span> <span class='ocrx_word' id='word_1_18' title='bbox 2008 563 2088 616; x_wconf 87' lang='grc' dir='ltr'>Τά</span> 
     </span>
    </p>
   </div>
   <div class='ocr_carea' id='block_1_4' title="bbox 528 647 2089 726">
    <p class='ocr_par' dir='ltr' id='par_1_4' title="bbox 528 647 2089 726">
     <span class='ocr_line' id='line_1_4' title="bbox 528 647 2089 726; baseline -0.005 -19"><span class='ocrx_word' id='word_1_19' title='bbox 528 655 707 726; x_wconf 71' lang='grc' dir='ltr'>πτερά</span> <span class='ocrx_word' id='word_1_20' title='bbox 729 651 1074 723; x_wconf 80' lang='grc' dir='ltr'>περικόπτεις</span> <span class='ocrx_word' id='word_1_21' title='bbox 1111 649 1210 716; x_wconf 84' lang='grc' dir='ltr'>τῆς</span> <span class='ocrx_word' id='word_1_22' title='bbox 1228 647 1419 718; x_wconf 83' lang='grc' dir='ltr'>ὁργῆς,</span> <span class='ocrx_word' id='word_1_23' title='bbox 1449 648 1546 718; x_wconf 79' lang='grc' dir='ltr'>τὴν</span> <span class='ocrx_word' id='word_1_24' title='bbox 1583 648 1830 717; x_wconf 84' lang='grc' dir='ltr'>κραυγὴν</span> <span class='ocrx_word' id='word_1_25' title='bbox 1869 663 2089 716; x_wconf 86' lang='grc' dir='ltr'>περιαι-</span> 
     </span>
    </p>
   </div>
   <div class='ocr_carea' id='block_1_5' title="bbox 529 729 2088 810">
    <p class='ocr_par' dir='ltr' id='par_1_5' title="bbox 529 729 2088 810">
     <span class='ocr_line' id='line_1_5' title="bbox 529 729 2088 810; baseline -0.008 -18"><span class='ocrx_word' id='word_1_26' title='bbox 529 739 661 810; x_wconf 83' lang='grc' dir='ltr'>ρῶν,</span> <span class='ocrx_word' id='word_1_27' title='bbox 687 737 744 790; x_wconf 79' lang='grc' dir='ltr'>τὸ</span> <span class='ocrx_word' id='word_1_28' title='bbox 783 735 978 803; x_wconf 75' lang='grc' dir='ltr'>οἴδημα</span> <span class='ocrx_word' id='word_1_29' title='bbox 1015 732 1398 793; x_wconf 83' lang='grc' dir='ltr'>καταστέλλεις</span> <span class='ocrx_word' id='word_1_30' title='bbox 1447 732 1546 800; x_wconf 84' lang='grc' dir='ltr'>τῆς</span> <span class='ocrx_word' id='word_1_31' title='bbox 1592 730 1841 801; x_wconf 76' lang='grc' dir='ltr'>καρδίας.</span> <span class='ocrx_word' id='word_1_32' title='bbox 1874 729 2088 798; x_wconf 83' lang='grc' dir='ltr'>’Ὠσπερ</span> 
     </span>
    </p>
   </div>
   <div class='ocr_carea' id='block_1_6' title="bbox 527 812 2083 892">
    <p class='ocr_par' dir='ltr' id='par_1_6' title="bbox 527 812 2083 892">
     <span class='ocr_line' id='line_1_6' title="bbox 527 812 2083 892; baseline -0.006 -17"><span class='ocrx_word' id='word_1_33' title='bbox 527 824 634 892; x_wconf 76' lang='grc' dir='ltr'>γάρ</span> <span class='ocrx_word' id='word_1_34' title='bbox 662 821 760 875; x_wconf 85' lang='grc' dir='ltr'>οὐκ</span> <span class='ocrx_word' id='word_1_35' title='bbox 813 818 928 870; x_wconf 79' lang='grc' dir='ltr'>ἔστι</span> <span class='ocrx_word' id='word_1_36' title='bbox 979 816 1078 879; x_wconf 76' lang='grc' dir='ltr'>τὰς</span> <span class='ocrx_word' id='word_1_37' title='bbox 1107 818 1296 886; x_wconf 89' lang='grc' dir='ltr'>χεῖρας</span> <span class='ocrx_word' id='word_1_38' title='bbox 1331 816 1407 885; x_wconf 86' lang='grc' dir='ltr'>μὴ</span> <span class='ocrx_word' id='word_1_39' title='bbox 1455 814 1764 886; x_wconf 76' lang='grc' dir='ltr'>ἀντάραντα</span> <span class='ocrx_word' id='word_1_40' title='bbox 1807 812 2083 872; x_wconf 82' lang='grc' dir='ltr'>παλαίειν,</span> 
     </span>
    </p>
   </div>
   <div class='ocr_carea' id='block_1_7' title="bbox 526 896 2088 969">
    <p class='ocr_par' dir='ltr' id='par_1_7' title="bbox 526 896 2088 969">
     <span class='ocr_line' id='line_1_7' title="bbox 526 896 2088 969; baseline -0.006 -12"><span class='ocrx_word' id='word_1_41' title='bbox 526 905 698 966; x_wconf 80' lang='grc' dir='ltr'>οὕτως</span> <span class='ocrx_word' id='word_1_42' title='bbox 729 903 828 954; x_wconf 80' lang='grc' dir='ltr'>οὑκ</span> <span class='ocrx_word' id='word_1_43' title='bbox 869 900 950 954; x_wconf 76' lang='grc' dir='ltr'>ἔνι</span> <span class='ocrx_word' id='word_1_44' title='bbox 998 899 1073 969; x_wconf 82' lang='grc' dir='ltr'>μὴ</span> <span class='ocrx_word' id='word_1_45' title='bbox 1119 897 1390 967; x_wconf 75' lang='grc' dir='ltr'>κράζοντα</span> <span class='ocrx_word' id='word_1_46' title='bbox 1441 896 1885 966; x_wconf 77' lang='grc' dir='ltr'>συμποδίζεσθαι.</span> <span class='ocrx_word' id='word_1_47' title='bbox 1917 897 2088 966; x_wconf 80' lang='grc' dir='ltr'>Δῆσον</span> 
     </span>
    </p>
   </div>
   <div class='ocr_carea' id='block_1_8' title="bbox 524 979 2077 1051">
    <p class='ocr_par' dir='ltr' id='par_1_8' title="bbox 524 979 2077 1051">
     <span class='ocr_line' id='line_1_8' title="bbox 524 979 2077 1051; baseline -0.007 -10"><span class='ocrx_word' id='word_1_48' title='bbox 524 988 618 1042; x_wconf 78' lang='grc' dir='ltr'>τού</span> <span class='ocrx_word' id='word_1_49' title='bbox 649 984 1004 1047; x_wconf 75' lang='grc' dir='ltr'>πυκτεύοντας</span> <span class='ocrx_word' id='word_1_50' title='bbox 1027 981 1126 1045; x_wconf 80' lang='grc' dir='ltr'>τὰς</span> <span class='ocrx_word' id='word_1_51' title='bbox 1138 984 1344 1051; x_wconf 88' lang='grc' dir='ltr'>χεῖρας,</span> <span class='ocrx_word' id='word_1_52' title='bbox 1378 980 1473 1034; x_wconf 69' lang='grc' dir='ltr'>καὶ</span> <span class='ocrx_word' id='word_1_53' title='bbox 1495 980 1748 1032; x_wconf 89' lang='grc' dir='ltr'>κέλευσον</span> <span class='ocrx_word' id='word_1_54' title='bbox 1763 979 2077 1042; x_wconf 81' lang='grc' dir='ltr'>πυκτεύειν,</span> 
     </span>
    </p>
   </div>
   <div class='ocr_carea' id='block_1_9' title="bbox 523 1060 2082 1139">
    <p class='ocr_par' dir='ltr' id='par_1_9' title="bbox 523 1060 2082 1139">
     <span class='ocr_line' id='line_1_9' title="bbox 523 1060 2082 1139; baseline -0.006 -15"><span class='ocrx_word' id='word_1_55' title='bbox 523 1071 635 1125; x_wconf 77' lang='grc' dir='ltr'>ἀλλ’</span> <span class='ocrx_word' id='word_1_56' title='bbox 671 1070 730 1122; x_wconf 82' lang='grc' dir='ltr'>ού</span> <span class='ocrx_word' id='word_1_57' title='bbox 761 1068 1068 1139; x_wconf 73' lang='grc' dir='ltr'>δυνήσεταιο</span> <span class='ocrx_word' id='word_1_58' title='bbox 1096 1064 1264 1126; x_wconf 75' lang='grc' dir='ltr'>οὕτως</span> <span class='ocrx_word' id='word_1_59' title='bbox 1289 1063 1408 1116; x_wconf 80' lang='grc' dir='ltr'>οὑδὲ</span> <span class='ocrx_word' id='word_1_60' title='bbox 1432 1065 1460 1116; x_wconf 91' lang='grc' dir='ltr'>ὁ</span> <span class='ocrx_word' id='word_1_61' title='bbox 1486 1062 1673 1131; x_wconf 90' lang='grc' dir='ltr'>θυμός.</span> <span class='ocrx_word' id='word_1_62' title='bbox 1705 1061 1767 1114; x_wconf 83' lang='grc' dir='ltr'><strong>Ἠ</strong></span> <span class='ocrx_word' id='word_1_63' title='bbox 1793 1062 1848 1114; x_wconf 86' lang='grc' dir='ltr'>δὲ</span> <span class='ocrx_word' id='word_1_64' title='bbox 1865 1060 2082 1132; x_wconf 86' lang='grc' dir='ltr'>κραυγὴ</span> 
     </span>
    </p>
   </div>
   <div class='ocr_carea' id='block_1_10' title="bbox 521 1143 2082 1217">
    <p class='ocr_par' dir='ltr' id='par_1_10' title="bbox 521 1143 2082 1217">
     <span class='ocr_line' id='line_1_10' title="bbox 521 1143 2082 1217; baseline -0.007 -11"><span class='ocrx_word' id='word_1_65' title='bbox 521 1156 616 1207; x_wconf 80' lang='grc' dir='ltr'>καὶ</span> <span class='ocrx_word' id='word_1_66' title='bbox 639 1152 728 1204; x_wconf 83' lang='grc' dir='ltr'>τὸν</span> <span class='ocrx_word' id='word_1_67' title='bbox 760 1152 858 1203; x_wconf 85' lang='grc' dir='ltr'>οὑκ</span> <span class='ocrx_word' id='word_1_68' title='bbox 885 1149 1013 1202; x_wconf 74' lang='grc' dir='ltr'>ὄντα</span> <span class='ocrx_word' id='word_1_69' title='bbox 1043 1147 1268 1217; x_wconf 83' lang='grc' dir='ltr'>ἐξαίρει·</span> <span class='ocrx_word' id='word_1_70' title='bbox 1301 1147 1393 1200; x_wconf 75' lang='grc' dir='ltr'>καὶ</span> <span class='ocrx_word' id='word_1_71' title='bbox 1449 1145 1681 1216; x_wconf 86' lang='grc' dir='ltr'>μάλιστα</span> <span class='ocrx_word' id='word_1_72' title='bbox 1709 1143 1955 1198; x_wconf 71' lang='grc' dir='ltr'>ἐντεῦθεν</span> <span class='ocrx_word' id='word_1_73' title='bbox 1983 1159 2082 1196; x_wconf 87' lang='grc' dir='ltr'>τα-</span> 
     </span>
    </p>
   </div>
   <div class='ocr_carea' id='block_1_11' title="bbox 521 1226 2084 1308">
    <p class='ocr_par' dir='ltr' id='par_1_11' title="bbox 521 1226 2084 1308">
     <span class='ocr_line' id='line_1_11' title="bbox 521 1226 2084 1308; baseline -0.007 -20"><span class='ocrx_word' id='word_1_74' title='bbox 521 1237 662 1308; x_wconf 89' lang='grc' dir='ltr'>χέως</span> <span class='ocrx_word' id='word_1_75' title='bbox 721 1233 998 1287; x_wconf 79' lang='grc' dir='ltr'>ἁλίσκεται</span> <span class='ocrx_word' id='word_1_76' title='bbox 1042 1231 1102 1282; x_wconf 80' lang='grc' dir='ltr'>τὸ</span> <span class='ocrx_word' id='word_1_77' title='bbox 1155 1229 1262 1282; x_wconf 89' lang='grc' dir='ltr'>τῶν</span> <span class='ocrx_word' id='word_1_78' title='bbox 1297 1228 1566 1296; x_wconf 88' lang='grc' dir='ltr'>γυναικῶν</span> <span class='ocrx_word' id='word_1_79' title='bbox 1617 1227 1807 1294; x_wconf 89' lang='grc' dir='ltr'>γένος,</span> <span class='ocrx_word' id='word_1_80' title='bbox 1842 1227 1919 1290; x_wconf 87' lang='grc' dir='ltr'>αἳ,</span> <span class='ocrx_word' id='word_1_81' title='bbox 1955 1226 2084 1278; x_wconf 85' lang='grc' dir='ltr'>ὅταν</span> 
     </span>
    </p>
   </div>
   <div class='ocr_carea' id='block_1_12' title="bbox 519 1309 2083 1391">
    <p class='ocr_par' dir='ltr' id='par_1_12' title="bbox 519 1309 2083 1391">
     <span class='ocr_line' id='line_1_12' title="bbox 519 1309 2083 1391; baseline -0.008 -19"><span class='ocrx_word' id='word_1_82' title='bbox 519 1318 846 1391; x_wconf 79' lang='grc' dir='ltr'>ὁργίζωνται</span> <span class='ocrx_word' id='word_1_83' title='bbox 869 1318 989 1378; x_wconf 86' lang='grc' dir='ltr'>ταῖς</span> <span class='ocrx_word' id='word_1_84' title='bbox 1019 1313 1380 1384; x_wconf 82' lang='grc' dir='ltr'>θεραπαινίσι,</span> <span class='ocrx_word' id='word_1_85' title='bbox 1411 1312 1509 1382; x_wconf 73' lang='grc' dir='ltr'>τὴν</span> <span class='ocrx_word' id='word_1_86' title='bbox 1537 1311 1714 1364; x_wconf 89' lang='grc' dir='ltr'>οἰκίαν</span> <span class='ocrx_word' id='word_1_87' title='bbox 1739 1311 1958 1363; x_wconf 73' lang='grc' dir='ltr'>ἅπασαν</span> <span class='ocrx_word' id='word_1_88' title='bbox 1985 1309 2083 1378; x_wconf 85' lang='grc' dir='ltr'>τῆς</span> 
     </span>
    </p>
   </div>
   <div class='ocr_carea' id='block_1_13' title="bbox 449 1391 2083 1473">
    <p class='ocr_par' dir='ltr' id='par_1_13' title="bbox 449 1391 2083 1473">
     <span class='ocr_line' id='line_1_13' title="bbox 449 1391 2083 1473; baseline -0.009 -17"><span class='ocrx_word' id='word_1_89' title='bbox 449 1413 454 1418; x_wconf 85' lang='grc'><strong><em>“</em></strong></span> <span class='ocrx_word' id='word_1_90' title='bbox 521 1401 770 1473; x_wconf 79' lang='grc' dir='ltr'>κραυγῆς</span> <span class='ocrx_word' id='word_1_91' title='bbox 821 1397 1088 1468; x_wconf 75' lang='grc' dir='ltr'>πληροῦσι</span> <span class='ocrx_word' id='word_1_92' title='bbox 1135 1396 1234 1465; x_wconf 85' lang='grc' dir='ltr'>τῆς</span> <span class='ocrx_word' id='word_1_93' title='bbox 1264 1394 1488 1448; x_wconf 81' lang='grc' dir='ltr'>ἑαυτῶν·</span> <span class='ocrx_word' id='word_1_94' title='bbox 1543 1393 1800 1455; x_wconf 84' lang='grc' dir='ltr'>πολλάκις</span> <span class='ocrx_word' id='word_1_95' title='bbox 1827 1391 1882 1444; x_wconf 84' lang='grc' dir='ltr'>δέ</span> <span class='ocrx_word' id='word_1_96' title='bbox 1913 1392 2008 1444; x_wconf 77' lang='grc' dir='ltr'>καὶ</span> <span class='ocrx_word' id='word_1_97' title='bbox 2033 1391 2083 1442; x_wconf 88' lang='grc' dir='ltr'>εἰ</span> 
     </span>
    </p>
   </div>
   <div class='ocr_carea' id='block_1_14' title="bbox 522 1473 2083 1555">
    <p class='ocr_par' dir='ltr' id='par_1_14' title="bbox 522 1473 2083 1555">
     <span class='ocr_line' id='line_1_14' title="bbox 522 1473 2083 1555; baseline -0.009 -16"><span class='ocrx_word' id='word_1_98' title='bbox 522 1485 674 1555; x_wconf 87' lang='grc' dir='ltr'>παρά</span> <span class='ocrx_word' id='word_1_99' title='bbox 700 1481 973 1536; x_wconf 76' lang='grc' dir='ltr'>στενωπὸν</span> <span class='ocrx_word' id='word_1_100' title='bbox 999 1480 1253 1550; x_wconf 83' lang='grc' dir='ltr'>τυγχάνοι</span> <span class='ocrx_word' id='word_1_101' title='bbox 1280 1477 1676 1548; x_wconf 79' lang='grc' dir='ltr'>ᾠκοδομημένη</span> <span class='ocrx_word' id='word_1_102' title='bbox 1728 1478 1760 1544; x_wconf 80' lang='grc' dir='ltr'>ἡ</span> <span class='ocrx_word' id='word_1_103' title='bbox 1793 1473 1963 1536; x_wconf 81' lang='grc' dir='ltr'>οἰκία,</span> <span class='ocrx_word' id='word_1_104' title='bbox 1987 1474 2083 1526; x_wconf 78' lang='grc' dir='ltr'>καὶ</span> 
     </span>
    </p>
   </div>
   <div class='ocr_carea' id='block_1_15' title="bbox 521 1555 2082 1638">
    <p class='ocr_par' dir='ltr' id='par_1_15' title="bbox 521 1555 2082 1638">
     <span class='ocr_line' id='line_1_15' title="bbox 521 1555 2082 1638; baseline -0.01 -15"><span class='ocrx_word' id='word_1_105' title='bbox 521 1572 572 1623; x_wconf 88' lang='grc' dir='ltr'>οἱ</span> <span class='ocrx_word' id='word_1_106' title='bbox 592 1568 877 1638; x_wconf 83' lang='grc' dir='ltr'>παριόντες</span> <span class='ocrx_word' id='word_1_107' title='bbox 893 1578 918 1605; x_wconf 72' lang='grc' dir='ltr'>α</span> <span class='ocrx_word' id='word_1_108' title='bbox 935 1581 947 1594; x_wconf 83' lang='grc'><strong><em>⁸</em></strong></span> <span class='ocrx_word' id='word_1_109' title='bbox 980 1565 1216 1626; x_wconf 75' lang='grc' dir='ltr'>ἅπαντες</span> <span class='ocrx_word' id='word_1_110' title='bbox 1236 1563 1520 1615; x_wconf 85' lang='grc' dir='ltr'>ἀκούουσιν</span> <span class='ocrx_word' id='word_1_111' title='bbox 1541 1559 1711 1628; x_wconf 81' lang='grc' dir='ltr'>αὐτῆς</span> <span class='ocrx_word' id='word_1_112' title='bbox 1743 1559 1972 1628; x_wconf 85' lang='grc' dir='ltr'>βοώσης,</span> <span class='ocrx_word' id='word_1_113' title='bbox 1987 1555 2082 1610; x_wconf 76' lang='grc' dir='ltr'>καὶ</span> 
     </span>
    </p>
   </div>
   <div class='ocr_carea' id='block_1_16' title="bbox 521 1639 2083 1721">
    <p class='ocr_par' dir='ltr' id='par_1_16' title="bbox 521 1639 2083 1721">
     <span class='ocr_line' id='line_1_16' title="bbox 521 1639 2083 1721; baseline -0.008 -17"><span class='ocrx_word' id='word_1_114' title='bbox 521 1653 618 1721; x_wconf 79' lang='grc' dir='ltr'>τῆς</span> <span class='ocrx_word' id='word_1_115' title='bbox 647 1648 1018 1720; x_wconf 80' lang='grc' dir='ltr'>θεραπαινίδος</span> <span class='ocrx_word' id='word_1_116' title='bbox 1053 1645 1426 1714; x_wconf 81' lang='grc' dir='ltr'>ὁλολυζούσης.</span> <span class='ocrx_word' id='word_1_117' title='bbox 1458 1643 1521 1695; x_wconf 92' lang='grc' dir='ltr'>Τί</span> <span class='ocrx_word' id='word_1_118' title='bbox 1558 1641 1746 1696; x_wconf 90' lang='grc' dir='ltr'>τούτου</span> <span class='ocrx_word' id='word_1_119' title='bbox 1794 1639 1988 1708; x_wconf 79' lang='grc' dir='ltr'>γένοιτ’</span> <span class='ocrx_word' id='word_1_120' title='bbox 2015 1639 2083 1691; x_wconf 85' lang='grc' dir='ltr'>ἂν</span> 
     </span>
    </p>
   </div>
   <div class='ocr_carea' id='block_1_17' title="bbox 521 1724 2072 1804">
    <p class='ocr_par' dir='ltr' id='par_1_17' title="bbox 521 1724 2072 1804">
     <span class='ocr_line' id='line_1_17' title="bbox 521 1724 2072 1804; baseline -0.008 -17"><span class='ocrx_word' id='word_1_121' title='bbox 521 1731 995 1804; x_wconf 88' lang='grc' dir='ltr'>ἀσχημονέστερόν</span> <span class='ocrx_word' id='word_1_122' title='bbox 1039 1747 1167 1783; x_wconf 87' lang='grc' dir='ltr'>ποτε</span> <span class='ocrx_word' id='word_1_123' title='bbox 1193 1729 1285 1781; x_wconf 79' lang='grc' dir='ltr'>τοῦ</span> <span class='ocrx_word' id='word_1_124' title='bbox 1318 1728 1599 1788; x_wconf 79' lang='grc' dir='ltr'>κωκυτοὺς</span> <span class='ocrx_word' id='word_1_125' title='bbox 1615 1724 2072 1790; x_wconf 82' lang='grc' dir='ltr'>άκούειν;Πᾶσαι</span> 
     </span>
    </p>
   </div>
   <div class='ocr_carea' id='block_1_18' title="bbox 521 1806 2078 1890">
    <p class='ocr_par' dir='ltr' id='par_1_18' title="bbox 521 1806 2078 1890">
     <span class='ocr_line' id='line_1_18' title="bbox 521 1806 2078 1890; baseline -0.009 -19"><span class='ocrx_word' id='word_1_126' title='bbox 521 1819 626 1890; x_wconf 74' lang='grc' dir='ltr'>γὰρ</span> <span class='ocrx_word' id='word_1_127' title='bbox 660 1815 858 1877; x_wconf 88' lang='grc' dir='ltr'>εύθέως</span> <span class='ocrx_word' id='word_1_128' title='bbox 895 1813 1225 1881; x_wconf 65' lang='grc' dir='ltr'>διακύψασαι</span> <span class='ocrx_word' id='word_1_129' title='bbox 1248 1851 1263 1875; x_wconf 92' lang='grc'>,</span> <span class='ocrx_word' id='word_1_130' title='bbox 1295 1811 1358 1863; x_wconf 91' lang='grc' dir='ltr'>Τί</span> <span class='ocrx_word' id='word_1_131' title='bbox 1390 1810 1455 1880; x_wconf 85' lang='grc' dir='ltr'>δὴ</span> <span class='ocrx_word' id='word_1_132' title='bbox 1497 1810 1737 1877; x_wconf 90' lang='grc' dir='ltr'>γέγονεν,</span> <span class='ocrx_word' id='word_1_133' title='bbox 1780 1806 2078 1878; x_wconf 81' lang='grc' dir='ltr'>ἐρωτῶσιν,</span> 
     </span>
    </p>
   </div>
   <div class='ocr_carea' id='block_1_19' title="bbox 496 1891 2075 1967">
    <p class='ocr_par' dir='ltr' id='par_1_19' title="bbox 496 1891 2075 1967">
     <span class='ocr_line' id='line_1_19' title="bbox 496 1891 2075 1967; baseline -0.008 -13"><span class='ocrx_word' id='word_1_134' title='bbox 496 1901 664 1966; x_wconf 76' lang='grc' dir='ltr'>’ἐκεί;</span> <span class='ocrx_word' id='word_1_135' title='bbox 706 1899 769 1952; x_wconf 83' lang='grc' dir='ltr'><strong>Ἦ</strong></span> <span class='ocrx_word' id='word_1_136' title='bbox 797 1899 963 1963; x_wconf 87' lang='grc' dir='ltr'>δεῖνα,</span> <span class='ocrx_word' id='word_1_137' title='bbox 1022 1897 1176 1967; x_wconf 77' lang='grc' dir='ltr'>φησὶ,</span> <span class='ocrx_word' id='word_1_138' title='bbox 1205 1896 1303 1965; x_wconf 85' lang='grc' dir='ltr'>τὴν</span> <span class='ocrx_word' id='word_1_139' title='bbox 1325 1894 1514 1963; x_wconf 84' lang='grc' dir='ltr'>δούλην</span> <span class='ocrx_word' id='word_1_140' title='bbox 1551 1891 1742 1944; x_wconf 81' lang='grc' dir='ltr'>τύπτει</span> <span class='ocrx_word' id='word_1_141' title='bbox 1768 1891 1865 1959; x_wconf 82' lang='grc' dir='ltr'>τὴν</span> <span class='ocrx_word' id='word_1_142' title='bbox 1887 1891 2075 1960; x_wconf 75' lang='grc' dir='ltr'>αὑτῆς.</span> 
     </span>
    </p>
   </div>
   <div class='ocr_carea' id='block_1_20' title="bbox 519 1968 2078 2049">
    <p class='ocr_par' dir='ltr' id='par_1_20' title="bbox 519 1968 2078 2049">
     <span class='ocr_line' id='line_1_20' title="bbox 519 1968 2078 2049; baseline -0.01 -11"><span class='ocrx_word' id='word_1_143' title='bbox 519 1987 584 2038; x_wconf 89' lang='grc' dir='ltr'>Τί</span> <span class='ocrx_word' id='word_1_144' title='bbox 610 1983 798 2036; x_wconf 91' lang='grc' dir='ltr'>τούτου</span> <span class='ocrx_word' id='word_1_145' title='bbox 821 1980 1014 2049; x_wconf 78' lang='grc' dir='ltr'>γένοιτ’</span> <span class='ocrx_word' id='word_1_146' title='bbox 1039 1980 1104 2031; x_wconf 78' lang='grc' dir='ltr'>ἂν</span> <span class='ocrx_word' id='word_1_147' title='bbox 1131 1977 1640 2048; x_wconf 86' lang='grc' dir='ltr'>ἀναισχυντότερον;</span> <span class='ocrx_word' id='word_1_148' title='bbox 1667 1975 1732 2026; x_wconf 90' lang='grc' dir='ltr'>Τί</span> <span class='ocrx_word' id='word_1_149' title='bbox 1757 1968 1870 2036; x_wconf 81' lang='grc' dir='ltr'>οὖν,</span> <span class='ocrx_word' id='word_1_150' title='bbox 1891 1973 1951 2024; x_wconf 87' lang='grc' dir='ltr'>ού</span> <span class='ocrx_word' id='word_1_151' title='bbox 1973 1972 2078 2042; x_wconf 82' lang='grc' dir='ltr'>χρὴ</span> 
     </span>
    </p>
   </div>
   <div class='ocr_carea' id='block_1_21' title="bbox 517 2054 2078 2136">
    <p class='ocr_par' dir='ltr' id='par_1_21' title="bbox 517 2054 2078 2136">
     <span class='ocr_line' id='line_1_21' title="bbox 517 2054 2078 2136; baseline -0.009 -16"><span class='ocrx_word' id='word_1_152' title='bbox 517 2068 772 2130; x_wconf 82' lang='grc' dir='ltr'>τύπτειν;</span> <span class='ocrx_word' id='word_1_153' title='bbox 811 2061 960 2136; x_wconf 74' lang='grc'>[115]</span> <span class='ocrx_word' id='word_1_154' title='bbox 989 2063 1066 2115; x_wconf 85' lang='grc' dir='ltr'>Οὑ</span> <span class='ocrx_word' id='word_1_155' title='bbox 1103 2062 1261 2114; x_wconf 76' lang='grc' dir='ltr'>τοῦτο</span> <span class='ocrx_word' id='word_1_156' title='bbox 1307 2059 1481 2129; x_wconf 88' lang='grc' dir='ltr'>λέγω·</span> <span class='ocrx_word' id='word_1_157' title='bbox 1522 2058 1602 2111; x_wconf 85' lang='grc' dir='ltr'>δεῖ</span> <span class='ocrx_word' id='word_1_158' title='bbox 1637 2056 1735 2126; x_wconf 81' lang='grc' dir='ltr'>μὲν</span> <span class='ocrx_word' id='word_1_159' title='bbox 1772 2056 1916 2126; x_wconf 82' lang='grc' dir='ltr'>γάρ,</span> <span class='ocrx_word' id='word_1_160' title='bbox 1945 2054 2078 2106; x_wconf 83' lang='grc' dir='ltr'>ἀλλὰ</span> 
     </span>
    </p>
   </div>
   <div class='ocr_carea' id='block_1_22' title="bbox 523 2137 2077 2222">
    <p class='ocr_par' dir='ltr' id='par_1_22' title="bbox 523 2137 2077 2222">
     <span class='ocr_line' id='line_1_22' title="bbox 523 2137 2077 2222; baseline -0.01 -18"><span class='ocrx_word' id='word_1_161' title='bbox 523 2156 657 2222; x_wconf 79' lang='grc' dir='ltr'>μήτε</span> <span class='ocrx_word' id='word_1_162' title='bbox 689 2147 948 2218; x_wconf 88' lang='grc' dir='ltr'>συνεχῶς,</span> <span class='ocrx_word' id='word_1_163' title='bbox 1000 2149 1136 2216; x_wconf 79' lang='grc' dir='ltr'>μήτε</span> <span class='ocrx_word' id='word_1_164' title='bbox 1184 2143 1455 2214; x_wconf 67' lang='grc' dir='ltr'>ἀμέτρως,</span> <span class='ocrx_word' id='word_1_165' title='bbox 1512 2143 1650 2212; x_wconf 86' lang='grc' dir='ltr'>μήτε</span> <span class='ocrx_word' id='word_1_166' title='bbox 1693 2139 1833 2211; x_wconf 83' lang='grc' dir='ltr'>ὑπὲρ</span> <span class='ocrx_word' id='word_1_167' title='bbox 1863 2137 1969 2190; x_wconf 89' lang='grc' dir='ltr'>τῶν</span> <span class='ocrx_word' id='word_1_168' title='bbox 1997 2138 2077 2189; x_wconf 82' lang='grc' dir='ltr'>οἰ-</span> 
     </span>
    </p>
   </div>
   <div class='ocr_carea' id='block_1_23' title="bbox 525 2219 2075 2300">
    <p class='ocr_par' dir='ltr' id='par_1_23' title="bbox 525 2219 2075 2300">
     <span class='ocr_line' id='line_1_23' title="bbox 525 2219 2075 2300; baseline -0.01 -13"><span class='ocrx_word' id='word_1_169' title='bbox 525 2219 691 2287; x_wconf 81' lang='grc' dir='ltr'>κείων</span> <span class='ocrx_word' id='word_1_170' title='bbox 724 2228 1108 2300; x_wconf 83' lang='grc' dir='ltr'>ἀδικημάτων,</span> <span class='ocrx_word' id='word_1_171' title='bbox 1140 2228 1276 2296; x_wconf 83' lang='grc' dir='ltr'>ὅπερ</span> <span class='ocrx_word' id='word_1_172' title='bbox 1322 2225 1407 2278; x_wconf 85' lang='grc' dir='ltr'>ἀεί</span> <span class='ocrx_word' id='word_1_173' title='bbox 1447 2241 1608 2293; x_wconf 87' lang='grc' dir='ltr'>φημι,</span> <span class='ocrx_word' id='word_1_174' title='bbox 1657 2224 1794 2294; x_wconf 77' lang='grc' dir='ltr'>μήτε</span> <span class='ocrx_word' id='word_1_175' title='bbox 1826 2219 1927 2289; x_wconf 79' lang='grc' dir='ltr'>τῆς</span> <span class='ocrx_word' id='word_1_176' title='bbox 1971 2220 2075 2272; x_wconf 88' lang='grc' dir='ltr'>ὑπ-</span> 
     </span>
    </p>
   </div>
   <div class='ocr_carea' id='block_1_24' title="bbox 516 2304 2076 2387">
    <p class='ocr_par' dir='ltr' id='par_1_24' title="bbox 516 2304 2076 2387">
     <span class='ocr_line' id='line_1_24' title="bbox 516 2304 2076 2387; baseline -0.01 -17"><span class='ocrx_word' id='word_1_177' title='bbox 516 2317 744 2387; x_wconf 89' lang='grc' dir='ltr'>ηρεσίας</span> <span class='ocrx_word' id='word_1_178' title='bbox 780 2315 846 2368; x_wconf 82' lang='grc' dir='ltr'>ἄν</span> <span class='ocrx_word' id='word_1_179' title='bbox 881 2329 935 2365; x_wconf 88' lang='grc' dir='ltr'>τι</span> <span class='ocrx_word' id='word_1_180' title='bbox 969 2311 1220 2382; x_wconf 82' lang='grc' dir='ltr'>ἐλλείπῃ,</span> <span class='ocrx_word' id='word_1_181' title='bbox 1268 2309 1383 2361; x_wconf 85' lang='grc' dir='ltr'>ἀλλ’</span> <span class='ocrx_word' id='word_1_182' title='bbox 1411 2309 1459 2360; x_wconf 85' lang='grc' dir='ltr'>εἰ</span> <span class='ocrx_word' id='word_1_183' title='bbox 1487 2307 1584 2378; x_wconf 80' lang='grc' dir='ltr'>τὴν</span> <span class='ocrx_word' id='word_1_184' title='bbox 1621 2306 1820 2375; x_wconf 84' lang='grc' dir='ltr'>ἐαυτῆς</span> <span class='ocrx_word' id='word_1_185' title='bbox 1852 2304 2076 2374; x_wconf 83' lang='grc' dir='ltr'>βλάπτει</span> 
     </span>
    </p>
   </div>
   <div class='ocr_carea' id='block_1_25' title="bbox 517 2387 2072 2470">
    <p class='ocr_par' dir='ltr' id='par_1_25' title="bbox 517 2387 2072 2470">
     <span class='ocr_line' id='line_1_25' title="bbox 517 2387 2072 2470; baseline -0.01 -17"><span class='ocrx_word' id='word_1_186' title='bbox 517 2401 714 2470; x_wconf 78' lang='grc' dir='ltr'>ψυχήν·</span> <span class='ocrx_word' id='word_1_187' title='bbox 748 2397 814 2451; x_wconf 84' lang='grc' dir='ltr'>ἂν</span> <span class='ocrx_word' id='word_1_188' title='bbox 839 2395 979 2463; x_wconf 84' lang='grc' dir='ltr'>ὑπὲρ</span> <span class='ocrx_word' id='word_1_189' title='bbox 1004 2393 1258 2461; x_wconf 81' lang='grc' dir='ltr'>τοιαύτης</span> <span class='ocrx_word' id='word_1_190' title='bbox 1285 2391 1495 2464; x_wconf 86' lang='grc' dir='ltr'>τύπτῃς</span> <span class='ocrx_word' id='word_1_191' title='bbox 1535 2391 1732 2452; x_wconf 90' lang='grc' dir='ltr'>αίτίας,</span> <span class='ocrx_word' id='word_1_192' title='bbox 1766 2387 2072 2440; x_wconf 83' lang='grc' dir='ltr'>ἐπαινέσον-</span> 
     </span>
    </p>
   </div>
   <div class='ocr_carea' id='block_1_26' title="bbox 516 2469 2073 2544">
    <p class='ocr_par' dir='ltr' id='par_1_26' title="bbox 516 2469 2073 2544">
     <span class='ocr_line' id='line_1_26' title="bbox 516 2469 2073 2544; baseline -0.011 -7"><span class='ocrx_word' id='word_1_193' title='bbox 516 2469 605 2536; x_wconf 85' lang='grc' dir='ltr'>ται</span> <span class='ocrx_word' id='word_1_194' title='bbox 625 2483 848 2544; x_wconf 89' lang='grc' dir='ltr'>πάντες,</span> <span class='ocrx_word' id='word_1_195' title='bbox 879 2479 973 2532; x_wconf 75' lang='grc' dir='ltr'>καὶ</span> <span class='ocrx_word' id='word_1_196' title='bbox 1001 2479 1030 2530; x_wconf 88' lang='grc' dir='ltr'>ὁ</span> <span class='ocrx_word' id='word_1_197' title='bbox 1061 2476 1369 2544; x_wconf 83' lang='grc' dir='ltr'>ἐγκαλέσων</span> <span class='ocrx_word' id='word_1_198' title='bbox 1387 2473 1582 2537; x_wconf 86' lang='grc' dir='ltr'>οὐδείς·</span> <span class='ocrx_word' id='word_1_199' title='bbox 1620 2473 1687 2526; x_wconf 84' lang='grc' dir='ltr'>ἂν</span> <span class='ocrx_word' id='word_1_200' title='bbox 1712 2472 1766 2524; x_wconf 81' lang='grc' dir='ltr'>δὲ</span> <span class='ocrx_word' id='word_1_201' title='bbox 1794 2471 1934 2540; x_wconf 81' lang='grc' dir='ltr'>ὑπὲρ</span> <span class='ocrx_word' id='word_1_202' title='bbox 1966 2469 2073 2521; x_wconf 90' lang='grc' dir='ltr'>τῶν</span> 
     </span>
    </p>
   </div>
   <div class='ocr_carea' id='block_1_27' title="bbox 518 2555 2070 2633">
    <p class='ocr_par' dir='ltr' id='par_1_27' title="bbox 518 2555 2070 2633">
     <span class='ocr_line' id='line_1_27' title="bbox 518 2555 2070 2633; baseline -0.008 -14"><span class='ocrx_word' id='word_1_203' title='bbox 518 2566 648 2628; x_wconf 88' lang='grc' dir='ltr'>σῶν,</span> <span class='ocrx_word' id='word_1_204' title='bbox 680 2563 939 2633; x_wconf 83' lang='grc' dir='ltr'>ὠμότητα</span> <span class='ocrx_word' id='word_1_205' title='bbox 966 2560 1164 2622; x_wconf 87' lang='grc' dir='ltr'>πάντες</span> <span class='ocrx_word' id='word_1_206' title='bbox 1191 2555 1630 2623; x_wconf 80' lang='grc' dir='ltr'>καταγνώσονται</span> <span class='ocrx_word' id='word_1_207' title='bbox 1658 2556 1750 2608; x_wconf 74' lang='grc' dir='ltr'>καὶ</span> <span class='ocrx_word' id='word_1_208' title='bbox 1782 2556 2070 2623; x_wconf 84' lang='grc' dir='ltr'>ἀπήνειαν.</span> 
     </span>
    </p>
   </div>
   <div class='ocr_carea' id='block_1_28' title="bbox 517 2636 2074 2714">
    <p class='ocr_par' dir='ltr' id='par_1_28' title="bbox 517 2636 2074 2714">
     <span class='ocr_line' id='line_1_28' title="bbox 517 2636 2074 2714; baseline -0.01 -12"><span class='ocrx_word' id='word_1_209' title='bbox 517 2649 628 2702; x_wconf 68' lang='grc' dir='ltr'>Καὶ</span> <span class='ocrx_word' id='word_1_210' title='bbox 654 2647 714 2699; x_wconf 75' lang='grc' dir='ltr'>τὸ</span> <span class='ocrx_word' id='word_1_211' title='bbox 742 2645 805 2714; x_wconf 84' lang='grc' dir='ltr'>δὴ</span> <span class='ocrx_word' id='word_1_212' title='bbox 835 2645 1049 2697; x_wconf 86' lang='grc' dir='ltr'>πάντων</span> <span class='ocrx_word' id='word_1_213' title='bbox 1079 2643 1452 2710; x_wconf 71' lang='grc' dir='ltr'>αἰσχρῦτερον,</span> <span class='ocrx_word' id='word_1_214' title='bbox 1497 2639 1633 2693; x_wconf 71' lang='grc' dir='ltr'>είσὶν</span> <span class='ocrx_word' id='word_1_215' title='bbox 1682 2636 1854 2699; x_wconf 69' lang='grc' dir='ltr'>οὕτως</span> <span class='ocrx_word' id='word_1_216' title='bbox 1885 2636 2074 2708; x_wconf 81' lang='grc' dir='ltr'>ἄγριαι</span> 
     </span>
    </p>
   </div>
   <div class='ocr_carea' id='block_1_29' title="bbox 516 2717 2073 2799">
    <p class='ocr_par' dir='ltr' id='par_1_29' title="bbox 516 2717 2073 2799">
     <span class='ocr_line' id='line_1_29' title="bbox 516 2717 2073 2799; baseline -0.012 -12"><span class='ocrx_word' id='word_1_217' title='bbox 516 2734 611 2786; x_wconf 74' lang='grc' dir='ltr'>καὶ</span> <span class='ocrx_word' id='word_1_218' title='bbox 638 2731 881 2799; x_wconf 83' lang='grc' dir='ltr'>ἀπηνεῖς,</span> <span class='ocrx_word' id='word_1_219' title='bbox 914 2727 988 2790; x_wconf 87' lang='grc' dir='ltr'>ὼς</span> <span class='ocrx_word' id='word_1_220' title='bbox 1018 2727 1110 2778; x_wconf 71' lang='grc' dir='ltr'>ἐπὶ</span> <span class='ocrx_word' id='word_1_221' title='bbox 1161 2722 1410 2777; x_wconf 79' lang='grc' dir='ltr'>τοσοῦτον</span> <span class='ocrx_word' id='word_1_222' title='bbox 1469 2720 1771 2793; x_wconf 76' lang='grc' dir='ltr'>μαστίζειν,</span> <span class='ocrx_word' id='word_1_223' title='bbox 1815 2719 1890 2781; x_wconf 88' lang='grc' dir='ltr'>ώς</span> <span class='ocrx_word' id='word_1_224' title='bbox 1938 2717 2073 2788; x_wconf 86' lang='grc' dir='ltr'>μηδὲ</span> 
     </span>
    </p>
   </div>
   <div class='ocr_carea' id='block_1_30' title="bbox 439 2801 2071 2885">
    <p class='ocr_par' dir='ltr' id='par_1_30' title="bbox 439 2801 2071 2885">
     <span class='ocr_line' id='line_1_30' title="bbox 439 2801 2071 2885; baseline -0.012 -13"><span class='ocrx_word' id='word_1_225' title='bbox 439 2855 455 2873; x_wconf 95' lang='grc'>.</span> <span class='ocrx_word' id='word_1_226' title='bbox 517 2812 828 2885; x_wconf 82' lang='grc' dir='ltr'>αὐθημερὸν</span> <span class='ocrx_word' id='word_1_227' title='bbox 851 2811 976 2873; x_wconf 82' lang='grc' dir='ltr'>τοὺς</span> <span class='ocrx_word' id='word_1_228' title='bbox 1007 2807 1276 2879; x_wconf 81' lang='grc' dir='ltr'>μώλωπας</span> <span class='ocrx_word' id='word_1_229' title='bbox 1313 2804 1653 2859; x_wconf 88' lang='grc' dir='ltr'>σϐέννυσθαι.</span> <span class='ocrx_word' id='word_1_230' title='bbox 1707 2801 2071 2872; x_wconf 82' lang='grc' dir='ltr'>Γυμνώσασαι</span> 
     </span>
    </p>
   </div>
   <div class='ocr_carea' id='block_1_31' title="bbox 517 2886 2072 2968">
    <p class='ocr_par' dir='ltr' id='par_1_31' title="bbox 517 2886 2072 2968">
     <span class='ocr_line' id='line_1_31' title="bbox 517 2886 2072 2968; baseline -0.01 -16"><span class='ocrx_word' id='word_1_231' title='bbox 517 2899 626 2968; x_wconf 69' lang='grc' dir='ltr'>γὰρ</span> <span class='ocrx_word' id='word_1_232' title='bbox 650 2897 750 2959; x_wconf 76' lang='grc' dir='ltr'>τὰς</span> <span class='ocrx_word' id='word_1_233' title='bbox 777 2894 967 2966; x_wconf 83' lang='grc' dir='ltr'>κόρας,</span> <span class='ocrx_word' id='word_1_234' title='bbox 991 2893 1085 2947; x_wconf 72' lang='grc' dir='ltr'>καὶ</span> <span class='ocrx_word' id='word_1_235' title='bbox 1123 2894 1216 2943; x_wconf 82' lang='grc' dir='ltr'>τὸν</span> <span class='ocrx_word' id='word_1_236' title='bbox 1254 2890 1421 2960; x_wconf 86' lang='grc' dir='ltr'>ἄνδρα</span> <span class='ocrx_word' id='word_1_237' title='bbox 1447 2889 1539 2941; x_wconf 79' lang='grc' dir='ltr'>ἐπὶ</span> <span class='ocrx_word' id='word_1_238' title='bbox 1571 2887 1728 2940; x_wconf 83' lang='grc' dir='ltr'>τοῦτο</span> <span class='ocrx_word' id='word_1_239' title='bbox 1755 2886 2072 2948; x_wconf 83' lang='grc' dir='ltr'>καλέσασαι,</span> 
     </span>
    </p>
   </div>
   <div class='ocr_carea' id='block_1_32' title="bbox 516 2969 2075 3051">
    <p class='ocr_par' dir='ltr' id='par_1_32' title="bbox 516 2969 2075 3051">
     <span class='ocr_line' id='line_1_32' title="bbox 516 2969 2075 3051; baseline -0.01 -16"><span class='ocrx_word' id='word_1_240' title='bbox 516 2979 772 3051; x_wconf 79' lang='grc' dir='ltr'>δεσμοῦσι</span> <span class='ocrx_word' id='word_1_241' title='bbox 801 2977 1055 3039; x_wconf 85' lang='grc' dir='ltr'>πολλάκις</span> <span class='ocrx_word' id='word_1_242' title='bbox 1083 2974 1216 3046; x_wconf 75' lang='grc' dir='ltr'>πρὸς</span> <span class='ocrx_word' id='word_1_243' title='bbox 1263 2975 1370 3036; x_wconf 84' lang='grc' dir='ltr'>τοῖς</span> <span class='ocrx_word' id='word_1_244' title='bbox 1402 2971 1713 3041; x_wconf 88' lang='grc' dir='ltr'>σκίμποσιν.</span> <span class='ocrx_word' id='word_1_245' title='bbox 1767 2971 1947 3038; x_wconf 76' lang='grc' dir='ltr'>Οἶμαι,</span> <span class='ocrx_word' id='word_1_246' title='bbox 1976 2969 2075 3021; x_wconf 85' lang='grc' dir='ltr'>οὐκ</span> 
     </span>
    </p>
   </div>
   <div class='ocr_carea' id='block_1_33' title="bbox 517 3051 2071 3131">
    <p class='ocr_par' dir='ltr' id='par_1_33' title="bbox 517 3051 2071 3131">
     <span class='ocr_line' id='line_1_33' title="bbox 517 3051 2071 3131; baseline -0.01 -14"><span class='ocrx_word' id='word_1_247' title='bbox 517 3059 892 3131; x_wconf 77' lang='grc' dir='ltr'>ἐπεισέρχεταί</span> <span class='ocrx_word' id='word_1_248' title='bbox 940 3076 1024 3111; x_wconf 93' lang='grc' dir='ltr'>σοι</span> <span class='ocrx_word' id='word_1_249' title='bbox 1053 3059 1110 3110; x_wconf 87' lang='grc' dir='ltr'>ἐν</span> <span class='ocrx_word' id='word_1_250' title='bbox 1139 3056 1331 3126; x_wconf 81' lang='grc' dir='ltr'>ἐκείνῳ</span> <span class='ocrx_word' id='word_1_251' title='bbox 1357 3053 1433 3125; x_wconf 81' lang='grc' dir='ltr'>τῷ</span> <span class='ocrx_word' id='word_1_252' title='bbox 1489 3053 1662 3124; x_wconf 78' lang='grc' dir='ltr'>καιρῷ</span> <span class='ocrx_word' id='word_1_253' title='bbox 1704 3053 1802 3122; x_wconf 75' lang='grc' dir='ltr'>τῆς</span> <span class='ocrx_word' id='word_1_254' title='bbox 1828 3051 2071 3122; x_wconf 80' lang='grc' dir='ltr'>γεέννης,</span> 
     </span>
    </p>
   </div>
   <div class='ocr_carea' id='block_1_34' title="bbox 517 3134 2075 3215">
    <p class='ocr_par' dir='ltr' id='par_1_34' title="bbox 517 3134 2075 3215">
     <span class='ocr_line' id='line_1_34' title="bbox 517 3134 2075 3215; baseline -0.009 -15"><span class='ocrx_word' id='word_1_255' title='bbox 517 3147 638 3200; x_wconf 89' lang='grc' dir='ltr'>εἰπέ</span> <span class='ocrx_word' id='word_1_256' title='bbox 671 3162 781 3215; x_wconf 91' lang='grc' dir='ltr'>μοι,</span> <span class='ocrx_word' id='word_1_257' title='bbox 823 3143 1053 3214; x_wconf 79' lang='grc' dir='ltr'>μνημη;</span> <span class='ocrx_word' id='word_1_258' title='bbox 1101 3138 1236 3194; x_wconf 88' lang='grc' dir='ltr'>ἀλλά</span> <span class='ocrx_word' id='word_1_259' title='bbox 1263 3139 1488 3207; x_wconf 82' lang='grc' dir='ltr'>γυμνοῖς</span> <span class='ocrx_word' id='word_1_260' title='bbox 1515 3137 1611 3207; x_wconf 71' lang='grc' dir='ltr'>τὴν</span> <span class='ocrx_word' id='word_1_261' title='bbox 1643 3135 1949 3205; x_wconf 78' lang='grc' dir='ltr'>παιδίσκην,</span> <span class='ocrx_word' id='word_1_262' title='bbox 1981 3134 2075 3187; x_wconf 72' lang='grc' dir='ltr'>καὶ</span> 
     </span>
    </p>
   </div>
   <div class='ocr_carea' id='block_1_35' title="bbox 518 3218 2074 3296">
    <p class='ocr_par' dir='ltr' id='par_1_35' title="bbox 518 3218 2074 3296">
     <span class='ocr_line' id='line_1_35' title="bbox 518 3218 2074 3296; baseline -0.009 -14"><span class='ocrx_word' id='word_1_263' title='bbox 518 3227 783 3290; x_wconf 83' lang='grc' dir='ltr'>δεικνύεις</span> <span class='ocrx_word' id='word_1_264' title='bbox 812 3225 890 3296; x_wconf 83' lang='grc' dir='ltr'>τῷ</span> <span class='ocrx_word' id='word_1_265' title='bbox 917 3223 1104 3295; x_wconf 85' lang='grc' dir='ltr'>άνδρί;</span> <span class='ocrx_word' id='word_1_266' title='bbox 1137 3222 1234 3275; x_wconf 81' lang='grc' dir='ltr'>καὶ</span> <span class='ocrx_word' id='word_1_267' title='bbox 1265 3221 1365 3273; x_wconf 83' lang='grc' dir='ltr'>οὑκ</span> <span class='ocrx_word' id='word_1_268' title='bbox 1401 3218 1631 3291; x_wconf 86' lang='grc' dir='ltr'>αἰσχύνῃ</span> <span class='ocrx_word' id='word_1_269' title='bbox 1663 3219 1736 3288; x_wconf 87' lang='grc' dir='ltr'>μή</span> <span class='ocrx_word' id='word_1_270' title='bbox 1777 3233 1870 3270; x_wconf 90' lang='grc' dir='ltr'>σου</span> <span class='ocrx_word' id='word_1_271' title='bbox 1905 3233 2074 3269; x_wconf 90' lang='grc' dir='ltr'>κατα-</span> 
     </span>
    </p>
   </div>
   <div class='ocr_carea' id='block_1_36' title="bbox 520 3298 2076 3381">
    <p class='ocr_par' dir='ltr' id='par_1_36' title="bbox 520 3298 2076 3381">
     <span class='ocr_line' id='line_1_36' title="bbox 520 3298 2076 3381; baseline -0.01 -16"><span class='ocrx_word' id='word_1_272' title='bbox 520 3312 673 3381; x_wconf 83' lang='grc' dir='ltr'>γνῷ;</span> <span class='ocrx_word' id='word_1_273' title='bbox 713 3310 805 3363; x_wconf 82' lang='grc' dir='ltr'>καὶ</span> <span class='ocrx_word' id='word_1_274' title='bbox 838 3307 1096 3362; x_wconf 81' lang='grc' dir='ltr'>ἐπιπλέον</span> <span class='ocrx_word' id='word_1_275' title='bbox 1130 3305 1291 3358; x_wconf 80' lang='grc' dir='ltr'>αὑτὸν</span> <span class='ocrx_word' id='word_1_276' title='bbox 1339 3299 1681 3372; x_wconf 74' lang='grc' dir='ltr'>παροξύνεις,</span> <span class='ocrx_word' id='word_1_277' title='bbox 1717 3301 1811 3353; x_wconf 79' lang='grc' dir='ltr'>καὶ</span> <span class='ocrx_word' id='word_1_278' title='bbox 1834 3298 2076 3362; x_wconf 82' lang='grc' dir='ltr'>ἀπειλεῖς</span> 
     </span>
    </p>
   </div>
   <div class='ocr_carea' id='block_1_37' title="bbox 517 3381 2077 3466">
    <p class='ocr_par' dir='ltr' id='par_1_37' title="bbox 517 3381 2077 3466">
     <span class='ocr_line' id='line_1_37' title="bbox 517 3381 2077 3466; baseline -0.008 -17"><span class='ocrx_word' id='word_1_279' title='bbox 517 3396 718 3466; x_wconf 80' lang='grc' dir='ltr'>δήσειν,</span> <span class='ocrx_word' id='word_1_280' title='bbox 752 3391 920 3464; x_wconf 91' lang='grc' dir='ltr'>μυρία</span> <span class='ocrx_word' id='word_1_281' title='bbox 947 3391 1210 3461; x_wconf 84' lang='grc' dir='ltr'>πρότερον</span> <span class='ocrx_word' id='word_1_282' title='bbox 1242 3387 1669 3458; x_wconf 82' lang='grc' dir='ltr'>λοιδορησαμένη</span> <span class='ocrx_word' id='word_1_283' title='bbox 1698 3387 1763 3455; x_wconf 77' lang='grc' dir='ltr'>τῇ</span> <span class='ocrx_word' id='word_1_284' title='bbox 1786 3381 1946 3454; x_wconf 76' lang='grc' dir='ltr'>ἀθλία</span> <span class='ocrx_word' id='word_1_285' title='bbox 1982 3382 2077 3436; x_wconf 79' lang='grc' dir='ltr'>καὶ</span> 
     </span>
    </p>
   </div>
   <div class='ocr_carea' id='block_1_38' title="bbox 515 3467 2076 3548">
    <p class='ocr_par' dir='ltr' id='par_1_38' title="bbox 515 3467 2076 3548">
     <span class='ocr_line' id='line_1_38' title="bbox 515 3467 2076 3548; baseline -0.008 -17"><span class='ocrx_word' id='word_1_286' title='bbox 515 3475 862 3548; x_wconf 85' lang='grc' dir='ltr'>ταλαιπώρῳ,</span> <span class='ocrx_word' id='word_1_287' title='bbox 919 3472 1252 3535; x_wconf 87' lang='grc' dir='ltr'>Θεσσαλίδα,</span> <span class='ocrx_word' id='word_1_288' title='bbox 1308 3469 1661 3542; x_wconf 85' lang='grc' dir='ltr'>δραπέτριαν,</span> <span class='ocrx_word' id='word_1_289' title='bbox 1724 3467 2076 3537; x_wconf 82' lang='grc' dir='ltr'>προεστῶσαν</span> 
     </span>
    </p>
   </div>
   <div class='ocr_carea' id='block_1_39' title="bbox 517 3551 2074 3629">
    <p class='ocr_par' dir='ltr' id='par_1_39' title="bbox 517 3551 2074 3629">
     <span class='ocr_line' id='line_1_39' title="bbox 517 3551 2074 3629; baseline -0.008 -15"><span class='ocrx_word' id='word_1_290' title='bbox 517 3561 776 3614; x_wconf 81' lang='grc' dir='ltr'>καλοῦσα.</span> <span class='ocrx_word' id='word_1_291' title='bbox 813 3559 871 3612; x_wconf 85' lang='lat'><strong>&#39;0</strong></span> <span class='ocrx_word' id='word_1_292' title='bbox 900 3557 1008 3629; x_wconf 82' lang='grc' dir='ltr'>γάρ</span> <span class='ocrx_word' id='word_1_293' title='bbox 1033 3555 1200 3625; x_wconf 76' lang='grc' dir='ltr'>θυμὸς</span> <span class='ocrx_word' id='word_1_294' title='bbox 1229 3553 1350 3606; x_wconf 85' lang='grc' dir='ltr'>οὑδὲ</span> <span class='ocrx_word' id='word_1_295' title='bbox 1378 3551 1472 3606; x_wconf 78' lang='grc' dir='ltr'>τοῦ</span> <span class='ocrx_word' id='word_1_296' title='bbox 1500 3552 1701 3605; x_wconf 84' lang='grc' dir='ltr'>οἰκείου</span> <span class='ocrx_word' id='word_1_297' title='bbox 1731 3551 1922 3622; x_wconf 91' lang='grc' dir='ltr'>ἀφίησι</span> <span class='ocrx_word' id='word_1_298' title='bbox 1953 3551 2074 3602; x_wconf 79' lang='grc' dir='ltr'>στό·</span> 
     </span>
    </p>
   </div>
   <div class='ocr_carea' id='block_1_40' title="bbox 521 3634 2074 3716">
    <p class='ocr_par' dir='ltr' id='par_1_40' title="bbox 521 3634 2074 3716">
     <span class='ocr_line' id='line_1_40' title="bbox 521 3634 2074 3716; baseline -0.009 -18"><span class='ocrx_word' id='word_1_299' title='bbox 521 3661 687 3716; x_wconf 87' lang='grc' dir='ltr'>ματος</span> <span class='ocrx_word' id='word_1_300' title='bbox 725 3641 1022 3712; x_wconf 86' lang='grc' dir='ltr'>φείδεσθαι,</span> <span class='ocrx_word' id='word_1_301' title='bbox 1048 3638 1162 3692; x_wconf 84' lang='grc' dir='ltr'>ἀλλ’</span> <span class='ocrx_word' id='word_1_302' title='bbox 1195 3638 1275 3700; x_wconf 80' lang='grc' dir='ltr'>είς</span> <span class='ocrx_word' id='word_1_303' title='bbox 1306 3635 1363 3690; x_wconf 78' lang='grc' dir='ltr'>ἓν</span> <span class='ocrx_word' id='word_1_304' title='bbox 1391 3636 1551 3707; x_wconf 91' lang='grc' dir='ltr'>μόνον</span> <span class='ocrx_word' id='word_1_305' title='bbox 1574 3636 1695 3706; x_wconf 77' lang='grc' dir='ltr'>ὁρᾷ,</span> <span class='ocrx_word' id='word_1_306' title='bbox 1724 3634 1840 3697; x_wconf 89' lang='grc' dir='ltr'>πῶς</span> <span class='ocrx_word' id='word_1_307' title='bbox 1860 3634 2074 3716; x_wconf 86' lang='grc' dir='ltr'>ἐκείνην</span> 
     </span>
    </p>
   </div>
   <div class='ocr_carea' id='block_1_41' title="bbox 515 3715 2074 3799">
    <p class='ocr_par' dir='ltr' id='par_1_41' title="bbox 515 3715 2074 3799">
     <span class='ocr_line' id='line_1_41' title="bbox 515 3715 2074 3799; baseline -0.008 -19"><span class='ocrx_word' id='word_1_308' title='bbox 515 3715 811 3799; x_wconf 74' lang='grc' dir='ltr'>ἀμύνηται,</span> <span class='ocrx_word' id='word_1_309' title='bbox 847 3723 949 3778; x_wconf 77' lang='grc' dir='ltr'>κᾶν</span> <span class='ocrx_word' id='word_1_310' title='bbox 984 3721 1180 3793; x_wconf 76' lang='grc' dir='ltr'>ἑαυτὴν</span> <span class='ocrx_word' id='word_1_311' title='bbox 1209 3718 1567 3790; x_wconf 80' lang='grc' dir='ltr'>καταισχύνῃ.</span> <span class='ocrx_word' id='word_1_312' title='bbox 1595 3719 1703 3771; x_wconf 76' lang='grc' dir='ltr'>Καὶ</span> <span class='ocrx_word' id='word_1_313' title='bbox 1732 3717 1866 3788; x_wconf 84' lang='grc' dir='ltr'>μετά</span> <span class='ocrx_word' id='word_1_314' title='bbox 1902 3715 2074 3769; x_wconf 81' lang='grc' dir='ltr'>ταῦτα</span> 
     </span>
    </p>
   </div>
   <div class='ocr_carea' id='block_1_42' title="bbox 489 3798 2074 3882">
    <p class='ocr_par' dir='ltr' id='par_1_42' title="bbox 489 3798 2074 3882">
     <span class='ocr_line' id='line_1_42' title="bbox 489 3798 2074 3882; baseline -0.01 -16"><span class='ocrx_word' id='word_1_315' title='bbox 608 3811 783 3865; x_wconf 76' lang='grc' dir='ltr'>πάντα</span> <span class='ocrx_word' id='word_1_316' title='bbox 830 3805 1172 3878; x_wconf 79' lang='grc' dir='ltr'>προκάθηται</span> <span class='ocrx_word' id='word_1_317' title='bbox 1219 3802 1467 3874; x_wconf 88' lang='grc' dir='ltr'>καθάπερ</span> <span class='ocrx_word' id='word_1_318' title='bbox 1509 3818 1592 3863; x_wconf 89' lang='grc' dir='ltr'>τις</span> <span class='ocrx_word' id='word_1_319' title='bbox 1634 3801 1930 3870; x_wconf 88' lang='grc' dir='ltr'>τύραννος,</span> <span class='ocrx_word' id='word_1_320' title='bbox 1978 3798 2074 3851; x_wconf 76' lang='grc' dir='ltr'>καί¹</span> 
     </span>
    </p>
   </div>
   <div class='ocr_carea' id='block_1_43' title="bbox 515 3882 2069 3957">
    <p class='ocr_par' dir='ltr' id='par_1_43' title="bbox 515 3882 2069 3957">
     <span class='ocr_line' id='line_1_43' title="bbox 515 3882 2069 3957; baseline -0.008 -11"><span class='ocrx_word' id='word_1_321' title='bbox 515 3894 667 3947; x_wconf 83' lang='grc' dir='ltr'>καλεῖ</span> <span class='ocrx_word' id='word_1_322' title='bbox 694 3891 900 3952; x_wconf 88' lang='grc' dir='ltr'>παῖδας,</span> <span class='ocrx_word' id='word_1_323' title='bbox 934 3892 1028 3942; x_wconf 71' lang='grc' dir='ltr'>καὶ</span> <span class='ocrx_word' id='word_1_324' title='bbox 1043 3887 1506 3957; x_wconf 83' lang='grc' dir='ltr'>παραστησαμένη</span> <span class='ocrx_word' id='word_1_325' title='bbox 1528 3887 1617 3935; x_wconf 71' lang='grc' dir='ltr'>τὸν</span> <span class='ocrx_word' id='word_1_326' title='bbox 1637 3885 1861 3950; x_wconf 84' lang='grc' dir='ltr'>ἀνόητον</span> <span class='ocrx_word' id='word_1_327' title='bbox 1880 3882 2069 3951; x_wconf 77' lang='grc' dir='ltr'>ἄνδρα,</span> 
     </span>
    </p>
   </div>
   <div class='ocr_carea' id='block_1_44' title="bbox 513 3966 2072 4043">
    <p class='ocr_par' dir='ltr' id='par_1_44' title="bbox 513 3966 2072 4043">
     <span class='ocr_line' id='line_1_44' title="bbox 513 3966 2072 4043; baseline -0.008 -15"><span class='ocrx_word' id='word_1_328' title='bbox 513 3975 764 4043; x_wconf 83' lang='grc' dir='ltr'>καθάπερ</span> <span class='ocrx_word' id='word_1_329' title='bbox 809 3971 985 4041; x_wconf 87' lang='grc' dir='ltr'>δημίῳ</span> <span class='ocrx_word' id='word_1_330' title='bbox 1036 3968 1188 4038; x_wconf 85' lang='grc' dir='ltr'>αὑτῷ</span> <span class='ocrx_word' id='word_1_331' title='bbox 1214 3968 1494 4037; x_wconf 82' lang='grc' dir='ltr'>κέχρηται.</span> <span class='ocrx_word' id='word_1_332' title='bbox 1529 3966 1712 4018; x_wconf 80' lang='grc' dir='ltr'>Ταῦτα</span> <span class='ocrx_word' id='word_1_333' title='bbox 1739 3967 1794 4017; x_wconf 89' lang='grc' dir='ltr'>ἐν</span> <span class='ocrx_word' id='word_1_334' title='bbox 1816 3966 2072 4034; x_wconf 87' lang='grc' dir='ltr'>Χριστια-</span> 
     </span>
    </p>
   </div>
   <div class='ocr_carea' id='block_1_45' title="bbox 513 4047 2068 4121">
    <p class='ocr_par' dir='ltr' id='par_1_45' title="bbox 513 4047 2068 4121">
     <span class='ocr_line' id='line_1_45' title="bbox 513 4047 2068 4121; baseline -0.008 -11"><span class='ocrx_word' id='word_1_335' title='bbox 513 4057 620 4110; x_wconf 88' lang='grc' dir='ltr'>νῶν</span> <span class='ocrx_word' id='word_1_336' title='bbox 668 4055 865 4116; x_wconf 89' lang='grc' dir='ltr'>οἰκίαις</span> <span class='ocrx_word' id='word_1_337' title='bbox 891 4052 1131 4121; x_wconf 86' lang='grc' dir='ltr'>γίνεσθαι</span> <span class='ocrx_word' id='word_1_338' title='bbox 1176 4049 1318 4115; x_wconf 78' lang='grc' dir='ltr'>ἐδει;</span> <span class='ocrx_word' id='word_1_339' title='bbox 1361 4049 1520 4102; x_wconf 80' lang='grc' dir='ltr'>Ἀλλὰ</span> <span class='ocrx_word' id='word_1_340' title='bbox 1551 4047 1783 4118; x_wconf 77' lang='grc' dir='ltr'>πονηρὸν</span> <span class='ocrx_word' id='word_1_341' title='bbox 1811 4048 1870 4100; x_wconf 75' lang='grc' dir='ltr'>τὸ</span> <span class='ocrx_word' id='word_1_342' title='bbox 1894 4047 2068 4114; x_wconf 89' lang='grc' dir='ltr'>γένος,</span> 
     </span>
    </p>
   </div>
   <div class='ocr_carea' id='block_1_46' title="bbox 514 4128 2066 4208">
    <p class='ocr_par' dir='ltr' id='par_1_46' title="bbox 514 4128 2066 4208">
     <span class='ocr_line' id='line_1_46' title="bbox 514 4128 2066 4208; baseline -0.006 -15"><span class='ocrx_word' id='word_1_343' title='bbox 514 4141 666 4208; x_wconf 70' lang='grc' dir='ltr'>φησὶ,</span> <span class='ocrx_word' id='word_1_344' title='bbox 696 4138 792 4192; x_wconf 74' lang='grc' dir='ltr'>καὶ</span> <span class='ocrx_word' id='word_1_345' title='bbox 843 4139 1032 4205; x_wconf 83' lang='grc' dir='ltr'>ἰταμὸν</span> <span class='ocrx_word' id='word_1_346' title='bbox 1077 4134 1173 4188; x_wconf 77' lang='grc' dir='ltr'>καὶ</span> <span class='ocrx_word' id='word_1_347' title='bbox 1217 4133 1569 4202; x_wconf 83' lang='grc' dir='ltr'>ἀναίσχυντον</span> <span class='ocrx_word' id='word_1_348' title='bbox 1606 4131 1699 4184; x_wconf 77' lang='grc' dir='ltr'>καὶ</span> <span class='ocrx_word' id='word_1_349' title='bbox 1727 4128 2066 4199; x_wconf 70' lang='grc' dir='ltr'>ἀδιόρθωτον.</span> 
     </span>
    </p>
   </div>
   <div class='ocr_carea' id='block_1_47' title="bbox 514 4211 2070 4288">
    <p class='ocr_par' dir='ltr' id='par_1_47' title="bbox 514 4211 2070 4288">
     <span class='ocr_line' id='line_1_47' title="bbox 514 4211 2070 4288; baseline -0.008 -13"><span class='ocrx_word' id='word_1_350' title='bbox 514 4219 645 4275; x_wconf 80' lang='grc' dir='ltr'>υἱδα</span> <span class='ocrx_word' id='word_1_351' title='bbox 675 4217 861 4288; x_wconf 75' lang='grc' dir='ltr'>κάγώ’</span> <span class='ocrx_word' id='word_1_352' title='bbox 919 4218 1032 4272; x_wconf 77' lang='grc' dir='ltr'>ἀλλ’</span> <span class='ocrx_word' id='word_1_353' title='bbox 1089 4216 1234 4272; x_wconf 74' lang='grc' dir='ltr'>ἐστιν</span> <span class='ocrx_word' id='word_1_354' title='bbox 1283 4216 1481 4286; x_wconf 77' lang='grc' dir='ltr'>ἑτέρως</span> <span class='ocrx_word' id='word_1_355' title='bbox 1539 4213 1818 4284; x_wconf 74' lang='grc' dir='ltr'>ῥυθμξσαι,</span> <span class='ocrx_word' id='word_1_356' title='bbox 1867 4211 2070 4279; x_wconf 88' lang='grc' dir='ltr'>φόϐοις,</span> 
     </span>
    </p>
   </div>
   <div class='ocr_carea' id='block_1_48' title="bbox 514 4294 2072 4374">
    <p class='ocr_par' dir='ltr' id='par_1_48' title="bbox 514 4294 2072 4374">
     <span class='ocr_line' id='line_1_48' title="bbox 514 4294 2072 4374; baseline -0.008 -17"><span class='ocrx_word' id='word_1_357' title='bbox 514 4304 779 4367; x_wconf 85' lang='grc' dir='ltr'>ἀπειλαῖς,</span> <span class='ocrx_word' id='word_1_358' title='bbox 844 4303 1084 4374; x_wconf 77' lang='grc' dir='ltr'>ῥήμασι,</span> <span class='ocrx_word' id='word_1_359' title='bbox 1138 4299 1394 4369; x_wconf 82' lang='grc' dir='ltr'>κάκείνην</span> <span class='ocrx_word' id='word_1_360' title='bbox 1447 4297 1704 4368; x_wconf 76' lang='grc' dir='ltr'>μειζόνως</span> <span class='ocrx_word' id='word_1_361' title='bbox 1758 4294 2072 4363; x_wconf 80' lang='grc' dir='ltr'>δυναμένοις</span> 
     </span>
    </p>
   </div>
   <div class='ocr_carea' id='block_1_49' title="bbox 511 4379 2070 4455">
    <p class='ocr_par' dir='ltr' id='par_1_49' title="bbox 511 4379 2070 4455">
     <span class='ocr_line' id='line_1_49' title="bbox 511 4379 2070 4455; baseline -0.006 -13"><span class='ocrx_word' id='word_1_362' title='bbox 511 4391 744 4450; x_wconf 76' lang='grc' dir='ltr'>δάκνειν,</span> <span class='ocrx_word' id='word_1_363' title='bbox 773 4389 868 4440; x_wconf 69' lang='grc' dir='ltr'>καὶ</span> <span class='ocrx_word' id='word_1_364' title='bbox 915 4387 975 4438; x_wconf 81' lang='grc' dir='ltr'>σὲ</span> <span class='ocrx_word' id='word_1_365' title='bbox 1030 4389 1128 4455; x_wconf 81' lang='grc' dir='ltr'>τῆς</span> <span class='ocrx_word' id='word_1_366' title='bbox 1180 4384 1438 4455; x_wconf 79' lang='grc' dir='ltr'>αἰσχύνης</span> <span class='ocrx_word' id='word_1_367' title='bbox 1490 4381 1816 4447; x_wconf 81' lang='grc' dir='ltr'>ἀπαλλάξαι.</span> <span class='ocrx_word' id='word_1_368' title='bbox 1863 4379 2070 4449; x_wconf 75' lang='grc' dir='ltr'>Δίσχρά</span> 
     </span>
    </p>
   </div>
   <div class='ocr_carea' id='block_1_50' title="bbox 513 4461 2068 4542">
    <p class='ocr_par' dir='ltr' id='par_1_50' title="bbox 513 4461 2068 4542">
     <span class='ocr_line' id='line_1_50' title="bbox 513 4461 2068 4542; baseline -0.008 -18"><span class='ocrx_word' id='word_1_369' title='bbox 513 4471 757 4542; x_wconf 75' lang='grc' dir='ltr'>ἐφθέγξω</span> <span class='ocrx_word' id='word_1_370' title='bbox 779 4473 998 4542; x_wconf 81' lang='grc' dir='ltr'>ῥήματα</span> <span class='ocrx_word' id='word_1_371' title='bbox 1017 4468 1274 4540; x_wconf 81' lang='grc' dir='ltr'>ἐλευθέρα</span> <span class='ocrx_word' id='word_1_372' title='bbox 1295 4464 1450 4528; x_wconf 80' lang='grc' dir='ltr'>οὖσα,</span> <span class='ocrx_word' id='word_1_373' title='bbox 1472 4467 1567 4519; x_wconf 73' lang='grc' dir='ltr'>καὶ</span> <span class='ocrx_word' id='word_1_374' title='bbox 1591 4466 1650 4518; x_wconf 91' lang='grc' dir='ltr'>οὑ</span> <span class='ocrx_word' id='word_1_375' title='bbox 1697 4463 1894 4534; x_wconf 81' lang='grc' dir='ltr'>μᾶλλον</span> <span class='ocrx_word' id='word_1_376' title='bbox 1923 4461 2068 4514; x_wconf 83' lang='grc' dir='ltr'>ἑκεί-</span> 
     </span>
    </p>
   </div>
   <div class='ocr_carea' id='block_1_51' title="bbox 513 4545 2069 4625">
    <p class='ocr_par' dir='ltr' id='par_1_51' title="bbox 513 4545 2069 4625">
     <span class='ocr_line' id='line_1_51' title="bbox 513 4545 2069 4625; baseline -0.006 -19"><span class='ocrx_word' id='word_1_377' title='bbox 513 4555 669 4625; x_wconf 82' lang='grc' dir='ltr'>νηνῆ</span> <span class='ocrx_word' id='word_1_378' title='bbox 703 4555 904 4624; x_wconf 83' lang='grc' dir='ltr'>σαυτὴν</span> <span class='ocrx_word' id='word_1_379' title='bbox 945 4552 1360 4623; x_wconf 84' lang='grc' dir='ltr'>καταισχύνεις;</span> <span class='ocrx_word' id='word_1_380' title='bbox 1404 4547 1534 4603; x_wconf 81' lang='grc' dir='ltr'>Εἶτα</span> <span class='ocrx_word' id='word_1_381' title='bbox 1570 4551 1626 4601; x_wconf 82' lang='grc' dir='ltr'>ἐν</span> <span class='ocrx_word' id='word_1_382' title='bbox 1667 4546 1930 4617; x_wconf 83' lang='grc' dir='ltr'>βαλανείῳ</span> <span class='ocrx_word' id='word_1_383' title='bbox 1975 4545 2069 4597; x_wconf 86' lang='grc' dir='ltr'>ἐάν</span> 
     </span>
    </p>
   </div>
   <div class='ocr_carea' id='block_1_52' title="bbox 514 4631 2071 4708">
    <p class='ocr_par' dir='ltr' id='par_1_52' title="bbox 514 4631 2071 4708">
     <span class='ocr_line' id='line_1_52' title="bbox 514 4631 2071 4708; baseline -0.008 -18"><span class='ocrx_word' id='word_1_384' title='bbox 514 4639 609 4708; x_wconf 80' lang='grc' dir='ltr'>δέῃ</span> <span class='ocrx_word' id='word_1_385' title='bbox 640 4636 938 4706; x_wconf 84' lang='grc' dir='ltr'>προελθεῖν,</span> <span class='ocrx_word' id='word_1_386' title='bbox 977 4635 1240 4705; x_wconf 84' lang='grc' dir='ltr'>μώλωπες</span> <span class='ocrx_word' id='word_1_387' title='bbox 1277 4634 1417 4687; x_wconf 83' lang='grc' dir='ltr'>κατὰ</span> <span class='ocrx_word' id='word_1_388' title='bbox 1463 4633 1570 4686; x_wconf 89' lang='grc' dir='ltr'>τῶν</span> <span class='ocrx_word' id='word_1_389' title='bbox 1615 4631 1797 4683; x_wconf 88' lang='grc' dir='ltr'>νώτων</span> <span class='ocrx_word' id='word_1_390' title='bbox 1833 4644 2071 4698; x_wconf 86' lang='grc' dir='ltr'>γυμνου-</span> 
     </span>
    </p>
   </div>
   <div class='ocr_carea' id='block_1_53' title="bbox 519 4712 2067 4791">
    <p class='ocr_par' dir='ltr' id='par_1_53' title="bbox 519 4712 2067 4791">
     <span class='ocr_line' id='line_1_53' title="bbox 519 4712 2067 4791; baseline -0.005 -19"><span class='ocrx_word' id='word_1_391' title='bbox 519 4722 684 4791; x_wconf 85' lang='grc' dir='ltr'>μένης</span> <span class='ocrx_word' id='word_1_392' title='bbox 717 4721 904 4786; x_wconf 76' lang='grc' dir='ltr'>αὐτῆς,</span> <span class='ocrx_word' id='word_1_393' title='bbox 934 4720 1028 4771; x_wconf 75' lang='grc' dir='ltr'>καὶ</span> <span class='ocrx_word' id='word_1_394' title='bbox 1050 4719 1324 4788; x_wconf 81' lang='grc' dir='ltr'>τεκμήρια</span> <span class='ocrx_word' id='word_1_395' title='bbox 1346 4713 1742 4786; x_wconf 85' lang='grc' dir='ltr'>περιφέρειτῆς</span> <span class='ocrx_word' id='word_1_396' title='bbox 1767 4712 2067 4782; x_wconf 81' lang='grc' dir='ltr'>ὠμότητος.</span> 
     </span>
    </p>
   </div>
   <div class='ocr_carea' id='block_1_54' title="bbox 515 4793 2070 4870">
    <p class='ocr_par' dir='ltr' id='par_1_54' title="bbox 515 4793 2070 4870">
     <span class='ocr_line' id='line_1_54' title="bbox 515 4793 2070 4870; baseline -0.006 -16"><span class='ocrx_word' id='word_1_397' title='bbox 515 4803 655 4854; x_wconf 81' lang='grc' dir='ltr'>Ἀλλ’</span> <span class='ocrx_word' id='word_1_398' title='bbox 689 4803 961 4870; x_wconf 79' lang='grc' dir='ltr'>ἀφόρητον</span> <span class='ocrx_word' id='word_1_399' title='bbox 982 4840 995 4862; x_wconf 93' lang='grc'>,</span> <span class='ocrx_word' id='word_1_400' title='bbox 1051 4801 1236 4870; x_wconf 67' lang='grc' dir='ltr'>φησὶν,</span> <span class='ocrx_word' id='word_1_401' title='bbox 1286 4801 1520 4860; x_wconf 90' lang='grc' dir='ltr'>ἀνέσεως</span> <span class='ocrx_word' id='word_1_402' title='bbox 1544 4797 1704 4866; x_wconf 80' lang='grc' dir='ltr'>τυχδν</span> <span class='ocrx_word' id='word_1_403' title='bbox 1737 4795 1798 4847; x_wconf 84' lang='grc' dir='ltr'>τὸ</span> <span class='ocrx_word' id='word_1_404' title='bbox 1828 4793 2070 4847; x_wconf 77' lang='grc' dir='ltr'>δουλικὸν</span> 
     </span>
    </p>
   </div>
   <div class='ocr_carea' id='block_1_55' title="bbox 514 4879 2066 4954">
    <p class='ocr_par' dir='ltr' id='par_1_55' title="bbox 514 4879 2066 4954">
     <span class='ocr_line' id='line_1_55' title="bbox 514 4879 2066 4954; baseline -0.007 -15"><span class='ocrx_word' id='word_1_405' title='bbox 514 4887 688 4954; x_wconf 89' lang='grc' dir='ltr'>γένος.</span> <span class='ocrx_word' id='word_1_406' title='bbox 712 4881 838 4938; x_wconf 74' lang='grc' dir='ltr'>Οἶδα</span> <span class='ocrx_word' id='word_1_407' title='bbox 852 4882 1026 4952; x_wconf 84' lang='grc' dir='ltr'>κάγώ·</span> <span class='ocrx_word' id='word_1_408' title='bbox 1043 4883 1157 4936; x_wconf 81' lang='grc' dir='ltr'>ἀλλ’</span> <span class='ocrx_word' id='word_1_409' title='bbox 1174 4881 1396 4952; x_wconf 81' lang='grc' dir='ltr'>ἑτέρως,</span> <span class='ocrx_word' id='word_1_410' title='bbox 1419 4883 1553 4952; x_wconf 77' lang='grc' dir='ltr'>ὅπερ</span> <span class='ocrx_word' id='word_1_411' title='bbox 1577 4881 1732 4949; x_wconf 77' lang='grc' dir='ltr'>ἔφην,</span> <span class='ocrx_word' id='word_1_412' title='bbox 1755 4879 2066 4947; x_wconf 83' lang='grc' dir='ltr'>ἐπίστρεφε,</span> 
     </span>
    </p>
   </div>
   <div class='ocr_carea' id='block_1_56' title="bbox 520 4961 2062 5040">
    <p class='ocr_par' dir='ltr' id='par_1_56' title="bbox 520 4961 2062 5040">
     <span class='ocr_line' id='line_1_56' title="bbox 520 4961 2062 5040; baseline -0.004 -22"><span class='ocrx_word' id='word_1_413' title='bbox 520 4970 592 5040; x_wconf 70' lang='grc' dir='ltr'>τιὴ</span> <span class='ocrx_word' id='word_1_414' title='bbox 626 4967 842 5039; x_wconf 80' lang='grc' dir='ltr'>μάστιξι</span> <span class='ocrx_word' id='word_1_415' title='bbox 878 4967 1036 5036; x_wconf 78' lang='grc' dir='ltr'>μόνον</span> <span class='ocrx_word' id='word_1_416' title='bbox 1061 4965 1194 5036; x_wconf 79' lang='grc' dir='ltr'>μηδὲ</span> <span class='ocrx_word' id='word_1_417' title='bbox 1217 4966 1384 5035; x_wconf 81' lang='grc' dir='ltr'>φόϐῳ,</span> <span class='ocrx_word' id='word_1_418' title='bbox 1403 4964 1536 5018; x_wconf 67' lang='grc' dir='ltr'>ἀλλὰ</span> <span class='ocrx_word' id='word_1_419' title='bbox 1566 4964 1660 5015; x_wconf 76' lang='grc' dir='ltr'>καὶ</span> <span class='ocrx_word' id='word_1_420' title='bbox 1676 4961 1936 5031; x_wconf 70' lang='grc' dir='ltr'>κολακείᾳ.</span> <span class='ocrx_word' id='word_1_421' title='bbox 1966 4962 2062 5013; x_wconf 74' lang='grc' dir='ltr'>καὶ</span> 
     </span>
    </p>
   </div>
   <div class='ocr_carea' id='block_1_57' title="bbox 513 5040 2066 5121">
    <p class='ocr_par' dir='ltr' id='par_1_57' title="bbox 513 5040 2066 5121">
     <span class='ocr_line' id='line_1_57' title="bbox 513 5040 2066 5121; baseline -0.005 -17"><span class='ocrx_word' id='word_1_422' title='bbox 513 5047 673 5121; x_wconf 77' lang='grc' dir='ltr'>τῷεὗ</span> <span class='ocrx_word' id='word_1_423' title='bbox 718 5052 912 5104; x_wconf 86' lang='grc' dir='ltr'>ποιεῖν.</span> <span class='ocrx_word' id='word_1_424' title='bbox 974 5049 1199 5118; x_wconf 82' lang='grc' dir='ltr'>Ἀδελφή</span> <span class='ocrx_word' id='word_1_425' title='bbox 1260 5065 1351 5100; x_wconf 91' lang='grc' dir='ltr'>σου</span> <span class='ocrx_word' id='word_1_426' title='bbox 1413 5046 1662 5114; x_wconf 86' lang='grc' dir='ltr'>γέγονεν,</span> <span class='ocrx_word' id='word_1_427' title='bbox 1711 5040 1838 5116; x_wconf 79' lang='grc' dir='ltr'>ἃ.νῇ</span> <span class='ocrx_word' id='word_1_428' title='bbox 1879 5048 2066 5112; x_wconf 84' lang='grc' dir='ltr'>πιστή.</span> 
     </span>
    </p>
   </div>
   <div class='ocr_carea' id='block_1_58' title="bbox 530 5127 2066 5204">
    <p class='ocr_par' dir='ltr' id='par_1_58' title="bbox 530 5127 2066 5204">
     <span class='ocr_line' id='line_1_58' title="bbox 530 5127 2066 5204; baseline -0.004 -17"><span class='ocrx_word' id='word_1_429' title='bbox 530 5135 807 5204; x_wconf 82' lang='grc' dir='ltr'>Ἐννόησον</span> <span class='ocrx_word' id='word_1_430' title='bbox 838 5134 920 5186; x_wconf 85' lang='grc' dir='ltr'>ὅτι</span> <span class='ocrx_word' id='word_1_431' title='bbox 960 5133 1024 5184; x_wconf 85' lang='grc' dir='ltr'>σὺ</span> <span class='ocrx_word' id='word_1_432' title='bbox 1053 5131 1327 5192; x_wconf 79' lang='grc' dir='ltr'>δέσποινα,</span> <span class='ocrx_word' id='word_1_433' title='bbox 1359 5130 1581 5198; x_wconf 79' lang='grc' dir='ltr'>κάκείνη</span> <span class='ocrx_word' id='word_1_434' title='bbox 1611 5145 1693 5180; x_wconf 92' lang='grc' dir='ltr'>σοι</span> <span class='ocrx_word' id='word_1_435' title='bbox 1724 5127 2066 5181; x_wconf 86' lang='grc' dir='ltr'>διακονεῖται.</span> 
     </span>
    </p>
   </div>
   <div class='ocr_carea' id='block_1_59' title="bbox 515 5210 2067 5288">
    <p class='ocr_par' dir='ltr' id='par_1_59' title="bbox 515 5210 2067 5288">
     <span class='ocr_line' id='line_1_59' title="bbox 515 5210 2067 5288; baseline -0.006 -18"><span class='ocrx_word' id='word_1_436' title='bbox 515 5213 674 5288; x_wconf 69' lang='grc' dir='ltr'>Ἃνῇ</span> <span class='ocrx_word' id='word_1_437' title='bbox 719 5215 970 5285; x_wconf 81' lang='grc' dir='ltr'>μέθυσος,</span> <span class='ocrx_word' id='word_1_438' title='bbox 1000 5216 1216 5284; x_wconf 83' lang='grc' dir='ltr'>περίελε</span> <span class='ocrx_word' id='word_1_439' title='bbox 1257 5215 1353 5284; x_wconf 80' lang='grc' dir='ltr'>τῆς</span> <span class='ocrx_word' id='word_1_440' title='bbox 1410 5213 1576 5284; x_wconf 87' lang='grc' dir='ltr'>μέθης</span> <span class='ocrx_word' id='word_1_441' title='bbox 1604 5211 1706 5274; x_wconf 80' lang='grc' dir='ltr'>τὰς</span> <span class='ocrx_word' id='word_1_442' title='bbox 1764 5210 2067 5274; x_wconf 81' lang='grc' dir='ltr'>ὑποθέσεις,</span> 
     </span>
    </p>
   </div>
   <div class='ocr_carea' id='block_1_60' title="bbox 515 5292 2067 5370">
    <p class='ocr_par' dir='ltr' id='par_1_60' title="bbox 515 5292 2067 5370">
     <span class='ocr_line' id='line_1_60' title="bbox 515 5292 2067 5370; baseline -0.005 -19"><span class='ocrx_word' id='word_1_443' title='bbox 515 5300 605 5352; x_wconf 63' lang='grc' dir='ltr'>τὸν</span> <span class='ocrx_word' id='word_1_444' title='bbox 627 5300 794 5370; x_wconf 82' lang='grc' dir='ltr'>ἄνδρα</span> <span class='ocrx_word' id='word_1_445' title='bbox 819 5299 1066 5360; x_wconf 85' lang='grc' dir='ltr'>κάλεσον,</span> <span class='ocrx_word' id='word_1_446' title='bbox 1101 5299 1193 5350; x_wconf 72' lang='grc' dir='ltr'>καὶ</span> <span class='ocrx_word' id='word_1_447' title='bbox 1218 5297 1560 5368; x_wconf 87' lang='grc' dir='ltr'>παραίνεσον.</span> <span class='ocrx_word' id='word_1_448' title='bbox 1597 5296 1668 5348; x_wconf 80' lang='grc' dir='ltr'>Ἢ</span> <span class='ocrx_word' id='word_1_449' title='bbox 1686 5295 1782 5364; x_wconf 78' lang='grc' dir='ltr'>οὐχ</span> <span class='ocrx_word' id='word_1_450' title='bbox 1809 5293 1938 5362; x_wconf 83' lang='grc' dir='ltr'>ὁρᾷς</span> <span class='ocrx_word' id='word_1_451' title='bbox 1955 5292 2067 5355; x_wconf 87' lang='grc' dir='ltr'>πῶς</span> 
     </span>
    </p>
   </div>
   <div class='ocr_carea' id='block_1_61' title="bbox 517 5376 2068 5454">
    <p class='ocr_par' dir='ltr' id='par_1_61' title="bbox 517 5376 2068 5454">
     <span class='ocr_line' id='line_1_61' title="bbox 517 5376 2068 5454; baseline -0.007 -18"><span class='ocrx_word' id='word_1_452' title='bbox 517 5384 736 5454; x_wconf 80' lang='grc' dir='ltr'>αἰσχρὸν</span> <span class='ocrx_word' id='word_1_453' title='bbox 763 5384 990 5453; x_wconf 78' lang='grc' dir='ltr'>πρᾶγμα</span> <span class='ocrx_word' id='word_1_454' title='bbox 1020 5384 1252 5449; x_wconf 81' lang='grc' dir='ltr'>γυναῖκα</span> <span class='ocrx_word' id='word_1_455' title='bbox 1289 5379 1622 5446; x_wconf 79' lang='grc' dir='ltr'>τύπτεσθαι;</span> <span class='ocrx_word' id='word_1_456' title='bbox 1651 5379 1714 5431; x_wconf 89' lang='grc' dir='ltr'><strong>Οἱ</strong></span> <span class='ocrx_word' id='word_1_457' title='bbox 1741 5376 1870 5445; x_wconf 76' lang='grc' dir='ltr'>γοῦν</span> <span class='ocrx_word' id='word_1_458' title='bbox 1902 5376 2068 5445; x_wconf 84' lang='grc' dir='ltr'>μυρία</span> 
     </span>
    </p>
   </div>
   <div class='ocr_carea' id='block_1_62' title="bbox 517 5461 2065 5536">
    <p class='ocr_par' dir='ltr' id='par_1_62' title="bbox 517 5461 2065 5536">
     <span class='ocr_line' id='line_1_62' title="bbox 517 5461 2065 5536; baseline -0.005 -16"><span class='ocrx_word' id='word_1_459' title='bbox 517 5469 655 5520; x_wconf 87' lang='grc' dir='ltr'>κατά</span> <span class='ocrx_word' id='word_1_460' title='bbox 675 5467 880 5533; x_wconf 88' lang='grc' dir='ltr'>ἀνδρῶν</span> <span class='ocrx_word' id='word_1_461' title='bbox 901 5465 1373 5536; x_wconf 86' lang='grc' dir='ltr'>νομοθετήσαντες.</span> <span class='ocrx_word' id='word_1_462' title='bbox 1412 5465 1505 5517; x_wconf 73' lang='grc' dir='ltr'>καὶ</span> <span class='ocrx_word' id='word_1_463' title='bbox 1532 5463 1751 5524; x_wconf 87' lang='grc' dir='ltr'>καύσεις</span> <span class='ocrx_word' id='word_1_464' title='bbox 1783 5461 1874 5512; x_wconf 72' lang='grc' dir='ltr'>καὶ</span> <span class='ocrx_word' id='word_1_465' title='bbox 1899 5461 2065 5530; x_wconf 82' lang='grc' dir='ltr'>βασά-</span> 
     </span>
    </p>
   </div>
   <div class='ocr_carea' id='block_1_63' title="bbox 515 5543 2064 5619">
    <p class='ocr_par' dir='ltr' id='par_1_63' title="bbox 515 5543 2064 5619">
     <span class='ocr_line' id='line_1_63' title="bbox 515 5543 2064 5619; baseline -0.006 -15"><span class='ocrx_word' id='word_1_466' title='bbox 515 5567 660 5615; x_wconf 81' lang='grc' dir='ltr'>νους,</span> <span class='ocrx_word' id='word_1_467' title='bbox 693 5551 980 5613; x_wconf 85' lang='grc' dir='ltr'>σπανιάκις</span> <span class='ocrx_word' id='word_1_468' title='bbox 1001 5551 1234 5618; x_wconf 84' lang='grc' dir='ltr'>γυναῖκα</span> <span class='ocrx_word' id='word_1_469' title='bbox 1261 5549 1592 5619; x_wconf 76' lang='grc' dir='ltr'>ἀνήρτησαν,</span> <span class='ocrx_word' id='word_1_470' title='bbox 1620 5545 1755 5599; x_wconf 84' lang='grc' dir='ltr'>ἁλλά</span> <span class='ocrx_word' id='word_1_471' title='bbox 1782 5543 1941 5614; x_wconf 86' lang='grc' dir='ltr'>μέχρι</span> <span class='ocrx_word' id='word_1_472' title='bbox 1972 5543 2064 5596; x_wconf 78' lang='grc' dir='ltr'>τοῦ</span> 
     </span>
    </p>
   </div>
   <div class='ocr_carea' id='block_1_64' title="bbox 579 5729 2065 5802">
    <p class='ocr_par' dir='ltr' id='par_1_64' title="bbox 579 5729 2065 5802">
     <span class='ocr_line' id='line_1_64' title="bbox 579 5729 2065 5802; baseline 0.003 -25"><span class='ocrx_word' id='word_1_473' title='bbox 579 5729 710 5802; x_wconf 30' lang='grc' dir='ltr'><strong>οιξῐρ</strong></span> <span class='ocrx_word' id='word_1_474' title='bbox 733 5731 918 5802; x_wconf 52' lang='grc' dir='ltr'>ἱη-ςοιῇ.</span> <span class='ocrx_word' id='word_1_475' title='bbox 944 5731 1257 5802; x_wconf 56' lang='grc' dir='ltr'>(ἒοὶξιὶηἱιιῐιο.</span> <span class='ocrx_word' id='word_1_476' title='bbox 1282 5739 1333 5783; x_wconf 79' lang='grc' dir='ltr'>ει</span> <span class='ocrx_word' id='word_1_477' title='bbox 1358 5731 1428 5783; x_wconf 85' lang='lat' dir='ltr'>sic</span> <span class='ocrx_word' id='word_1_478' title='bbox 1448 5733 1708 5796; x_wconf 82' lang='lat' dir='ltr'>legendum</span> <span class='ocrx_word' id='word_1_479' title='bbox 1731 5731 2065 5796; x_wconf 74' lang='lat' dir='ltr'>suspicabatur</span> 
     </span>
    </p>
   </div>
   <div class='ocr_carea' id='block_1_65' title="bbox 518 5793 1169 5856">
    <p class='ocr_par' dir='ltr' id='par_1_65' title="bbox 518 5793 1169 5856">
     <span class='ocr_line' id='line_1_65' title="bbox 518 5793 1169 5856; baseline -0.005 -10"><span class='ocrx_word' id='word_1_480' title='bbox 518 5793 742 5846; x_wconf 67' lang='lat' dir='ltr'>Samius.</span> <span class='ocrx_word' id='word_1_481' title='bbox 765 5793 912 5855; x_wconf 75' lang='lat' dir='ltr'>Editi,</span> <span class='ocrx_word' id='word_1_482' title='bbox 934 5795 1169 5856; x_wconf 76' lang='grc' dir='ltr'>παρόντες.</span> 
     </span>
    </p>
   </div>
   <div class='ocr_carea' id='block_1_66' title="bbox 1204 367 3681 444">
    <p class='ocr_par' dir='ltr' id='par_1_66' title="bbox 1204 367 3681 444">
     <span class='ocr_line' id='line_1_66' title="bbox 1204 367 3681 444; baseline 0.006 -17"><span class='ocrx_word' id='word_1_483' title='bbox 1204 373 1262 428; x_wconf 89' lang='lat' dir='ltr'>S.</span> <span class='ocrx_word' id='word_1_484' title='bbox 1301 369 1584 427; x_wconf 76' lang='lat' dir='ltr'>JOANNIS</span> <span class='ocrx_word' id='word_1_485' title='bbox 1617 367 2106 427; x_wconf 69' lang='lat' dir='ltr'>CHRYSOSTOMI</span> <span class='ocrx_word' id='word_1_486' title='bbox 2143 370 2461 430; x_wconf 75' lang='lat' dir='ltr'>ARCHIEP.</span> <span class='ocrx_word' id='word_1_487' title='bbox 2502 376 3045 434; x_wconf 75' lang='lat' dir='ltr'>CONSTANTINOP.</span> <span class='ocrx_word' id='word_1_488' title='bbox 3601 385 3681 444; x_wconf 66' lang='lat' dir='ltr'>HG</span> 
     </span>
    </p>
   </div>
   <div class='ocr_carea' id='block_1_67' title="bbox 2191 483 3683 562">
    <p class='ocr_par' dir='ltr' id='par_1_67' title="bbox 2191 483 3683 562">
     <span class='ocr_line' id='line_1_67' title="bbox 2191 483 3683 562; baseline 0.01 -28"><span class='ocrx_word' id='word_1_489' title='bbox 2191 483 2418 552; x_wconf 81' lang='grc' dir='ltr'>ῥαπίσαι</span> <span class='ocrx_word' id='word_1_490' title='bbox 2472 486 2563 540; x_wconf 82' lang='grc' dir='ltr'>τὸν</span> <span class='ocrx_word' id='word_1_491' title='bbox 2617 486 2784 557; x_wconf 80' lang='grc' dir='ltr'>θυμὸν</span> <span class='ocrx_word' id='word_1_492' title='bbox 2829 489 3035 543; x_wconf 82' lang='grc' dir='ltr'>ίστῶσι.</span> <span class='ocrx_word' id='word_1_493' title='bbox 3088 485 3327 558; x_wconf 88' lang='grc' dir='ltr'>Τοσαύτῃ</span> <span class='ocrx_word' id='word_1_494' title='bbox 3353 487 3404 540; x_wconf 82' lang='grc' dir='ltr'>δέ</span> <span class='ocrx_word' id='word_1_495' title='bbox 3435 489 3683 562; x_wconf 79' lang='grc' dir='ltr'>κέχρηνται</span> 
     </span>
    </p>
   </div>
   <div class='ocr_carea' id='block_1_68' title="bbox 2188 567 3682 642">
    <p class='ocr_par' dir='ltr' id='par_1_68' title="bbox 2188 567 3682 642">
     <span class='ocr_line' id='line_1_68' title="bbox 2188 567 3682 642; baseline 0.003 -20"><span class='ocrx_word' id='word_1_496' title='bbox 2188 567 2323 635; x_wconf 82' lang='grc' dir='ltr'>πρὸς</span> <span class='ocrx_word' id='word_1_497' title='bbox 2356 569 2452 638; x_wconf 79' lang='grc' dir='ltr'>τὴν</span> <span class='ocrx_word' id='word_1_498' title='bbox 2485 569 2645 637; x_wconf 88' lang='grc' dir='ltr'>φύσιν</span> <span class='ocrx_word' id='word_1_499' title='bbox 2691 570 2896 642; x_wconf 89' lang='grc' dir='ltr'>ταύτην</span> <span class='ocrx_word' id='word_1_500' title='bbox 2953 572 3112 632; x_wconf 83' lang='grc' dir='ltr'>αἰδοῖ.</span> <span class='ocrx_word' id='word_1_501' title='bbox 3164 572 3246 624; x_wconf 85' lang='grc' dir='ltr'>ὃτι</span> <span class='ocrx_word' id='word_1_502' title='bbox 3289 571 3402 622; x_wconf 84' lang='grc' dir='ltr'>ούδέ</span> <span class='ocrx_word' id='word_1_503' title='bbox 3428 573 3682 640; x_wconf 82' lang='grc' dir='ltr'>ἀναγκαίας</span> 
     </span>
    </p>
   </div>
   <div class='ocr_carea' id='block_1_69' title="bbox 2186 649 3683 725">
    <p class='ocr_par' dir='ltr' id='par_1_69' title="bbox 2186 649 3683 725">
     <span class='ocr_line' id='line_1_69' title="bbox 2186 649 3683 725; baseline 0.009 -25"><span class='ocrx_word' id='word_1_504' title='bbox 2186 649 2373 719; x_wconf 85' lang='grc' dir='ltr'>χρείας</span> <span class='ocrx_word' id='word_1_505' title='bbox 2400 650 2567 721; x_wconf 77' lang='grc' dir='ltr'>ούσης</span> <span class='ocrx_word' id='word_1_506' title='bbox 2598 654 2929 725; x_wconf 88' lang='grc' dir='ltr'>ἀνήρτησαν,</span> <span class='ocrx_word' id='word_1_507' title='bbox 2963 656 3058 707; x_wconf 70' lang='grc' dir='ltr'>καὶ</span> <span class='ocrx_word' id='word_1_508' title='bbox 3095 653 3322 724; x_wconf 80' lang='grc' dir='ltr'>μάλιστα</span> <span class='ocrx_word' id='word_1_509' title='bbox 3360 654 3478 707; x_wconf 81' lang='grc' dir='ltr'>ὅταν</span> <span class='ocrx_word' id='word_1_510' title='bbox 3518 658 3683 714; x_wconf 77' lang='grc' dir='ltr'>κύουσα</span> 
     </span>
    </p>
   </div>
   <div class='ocr_carea' id='block_1_70' title="bbox 2185 731 3686 806">
    <p class='ocr_par' dir='ltr' id='par_1_70' title="bbox 2185 731 3686 806">
     <span class='ocr_line' id='line_1_70' title="bbox 2185 731 3686 806; baseline 0.008 -21"><span class='ocrx_word' id='word_1_511' title='bbox 2185 731 2344 803; x_wconf 85' lang='grc' dir='ltr'>τύχῃ.</span> <span class='ocrx_word' id='word_1_512' title='bbox 2394 735 2632 806; x_wconf 80' lang='grc' dir='ltr'>Αἰσχύνη</span> <span class='ocrx_word' id='word_1_513' title='bbox 2679 737 2788 806; x_wconf 87' lang='grc' dir='ltr'>γάρ</span> <span class='ocrx_word' id='word_1_514' title='bbox 2836 738 2991 806; x_wconf 78' lang='grc' dir='ltr'>ἀνδρὶ</span> <span class='ocrx_word' id='word_1_515' title='bbox 3042 739 3274 805; x_wconf 85' lang='grc' dir='ltr'>γυναῖκα</span> <span class='ocrx_word' id='word_1_516' title='bbox 3309 737 3550 792; x_wconf 83' lang='grc' dir='ltr'>τύπτειν·</span> <span class='ocrx_word' id='word_1_517' title='bbox 3581 745 3686 797; x_wconf 76' lang='grc' dir='ltr'>εἰδὲ</span> 
     </span>
    </p>
   </div>
   <div class='ocr_carea' id='block_1_71' title="bbox 2184 818 3687 892">
    <p class='ocr_par' dir='ltr' id='par_1_71' title="bbox 2184 818 3687 892">
     <span class='ocr_line' id='line_1_71' title="bbox 2184 818 3687 892; baseline 0.007 -22"><span class='ocrx_word' id='word_1_518' title='bbox 2184 818 2358 888; x_wconf 76' lang='grc' dir='ltr'>ἀνδρὶ,</span> <span class='ocrx_word' id='word_1_519' title='bbox 2417 819 2593 890; x_wconf 87' lang='grc' dir='ltr'>πολλῴ</span> <span class='ocrx_word' id='word_1_520' title='bbox 2619 820 2818 890; x_wconf 79' lang='grc' dir='ltr'>μᾶλλον</span> <span class='ocrx_word' id='word_1_521' title='bbox 2845 824 2910 892; x_wconf 72' lang='grc' dir='ltr'>τῇ</span> <span class='ocrx_word' id='word_1_522' title='bbox 2943 819 3219 890; x_wconf 83' lang='grc' dir='ltr'>ὁμοφύλῳ.</span> <span class='ocrx_word' id='word_1_523' title='bbox 3263 820 3389 872; x_wconf 78' lang='grc' dir='ltr'>Ἀπὸ</span> <span class='ocrx_word' id='word_1_524' title='bbox 3413 822 3592 876; x_wconf 84' lang='grc' dir='ltr'>τούτων</span> <span class='ocrx_word' id='word_1_525' title='bbox 3612 829 3687 881; x_wconf 79' lang='grc' dir='ltr'>καὶ</span> 
     </span>
    </p>
   </div>
   <div class='ocr_carea' id='block_1_72' title="bbox 2185 900 3684 972">
    <p class='ocr_par' dir='ltr' id='par_1_72' title="bbox 2185 900 3684 972">
     <span class='ocr_line' id='line_1_72' title="bbox 2185 900 3684 972; baseline 0.006 -21"><span class='ocrx_word' id='word_1_526' title='bbox 2185 901 2298 963; x_wconf 87' lang='grc' dir='ltr'>τοῖς</span> <span class='ocrx_word' id='word_1_527' title='bbox 2329 900 2552 972; x_wconf 89' lang='grc' dir='ltr'>ἀνδράσι</span> <span class='ocrx_word' id='word_1_528' title='bbox 2603 903 2842 970; x_wconf 91' lang='grc' dir='ltr'>γίνονται</span> <span class='ocrx_word' id='word_1_529' title='bbox 2875 905 3102 972; x_wconf 77' lang='grc' dir='ltr'>μισηταὶ</span> <span class='ocrx_word' id='word_1_530' title='bbox 3131 903 3188 957; x_wconf 81' lang='grc' dir='ltr'>αἰ</span> <span class='ocrx_word' id='word_1_531' title='bbox 3232 904 3493 969; x_wconf 82' lang='grc' dir='ltr'>γυναῖκες.</span> <span class='ocrx_word' id='word_1_532' title='bbox 3519 905 3576 957; x_wconf 88' lang='grc' dir='ltr'>Τί</span> <span class='ocrx_word' id='word_1_533' title='bbox 3595 903 3684 971; x_wconf 77' lang='grc' dir='ltr'>οὖν,</span> 
     </span>
    </p>
   </div>
   <div class='ocr_carea' id='block_1_73' title="bbox 2185 981 3687 1058">
    <p class='ocr_par' dir='ltr' id='par_1_73' title="bbox 2185 981 3687 1058">
     <span class='ocr_line' id='line_1_73' title="bbox 2185 981 3687 1058; baseline 0.003 -23"><span class='ocrx_word' id='word_1_534' title='bbox 2185 981 2368 1050; x_wconf 75' lang='grc' dir='ltr'>φησὶν,</span> <span class='ocrx_word' id='word_1_535' title='bbox 2403 984 2531 1036; x_wconf 84' lang='grc' dir='ltr'>ὅταν</span> <span class='ocrx_word' id='word_1_536' title='bbox 2559 986 2832 1058; x_wconf 77' lang='grc' dir='ltr'>πορνεύῃς</span> <span class='ocrx_word' id='word_1_537' title='bbox 2895 985 3092 1049; x_wconf 76' lang='grc' dir='ltr'>Ζεῦξον</span> <span class='ocrx_word' id='word_1_538' title='bbox 3148 984 3318 1055; x_wconf 75' lang='grc' dir='ltr'>ἀνδρὶ,</span> <span class='ocrx_word' id='word_1_539' title='bbox 3381 986 3576 1055; x_wconf 87' lang='grc' dir='ltr'>περίελε</span> <span class='ocrx_word' id='word_1_540' title='bbox 3611 992 3687 1058; x_wconf 76' lang='grc' dir='ltr'>τῆς</span> 
     </span>
    </p>
   </div>
   <div class='ocr_carea' id='block_1_74' title="bbox 2185 1065 3686 1139">
    <p class='ocr_par' dir='ltr' id='par_1_74' title="bbox 2185 1065 3686 1139">
     <span class='ocr_line' id='line_1_74' title="bbox 2185 1065 3686 1139; baseline 0.005 -24"><span class='ocrx_word' id='word_1_541' title='bbox 2185 1065 2438 1135; x_wconf 87' lang='grc' dir='ltr'>πορνείας</span> <span class='ocrx_word' id='word_1_542' title='bbox 2468 1065 2566 1129; x_wconf 83' lang='grc' dir='ltr'>τὰς</span> <span class='ocrx_word' id='word_1_543' title='bbox 2619 1067 2922 1133; x_wconf 82' lang='grc' dir='ltr'>ὑποθέσεις,</span> <span class='ocrx_word' id='word_1_544' title='bbox 2952 1069 3024 1138; x_wconf 80' lang='grc' dir='ltr'>μὴ</span> <span class='ocrx_word' id='word_1_545' title='bbox 3081 1065 3345 1136; x_wconf 85' lang='grc' dir='ltr'>συγχώρει</span> <span class='ocrx_word' id='word_1_546' title='bbox 3389 1067 3686 1139; x_wconf 75' lang='grc' dir='ltr'>ύπερμαζᾷν.</span> 
     </span>
    </p>
   </div>
   <div class='ocr_carea' id='block_1_75' title="bbox 2184 1143 3691 1220">
    <p class='ocr_par' dir='ltr' id='par_1_75' title="bbox 2184 1143 3691 1220">
     <span class='ocr_line' id='line_1_75' title="bbox 2184 1143 3691 1220; baseline 0.005 -22"><span class='ocrx_word' id='word_1_547' title='bbox 2184 1147 2248 1199; x_wconf 85' lang='grc' dir='ltr'>Τί</span> <span class='ocrx_word' id='word_1_548' title='bbox 2274 1143 2386 1211; x_wconf 78' lang='grc' dir='ltr'>οὖν,</span> <span class='ocrx_word' id='word_1_549' title='bbox 2415 1148 2480 1202; x_wconf 86' lang='grc' dir='ltr'>ἂν</span> <span class='ocrx_word' id='word_1_550' title='bbox 2500 1149 2707 1220; x_wconf 90' lang='grc' dir='ltr'>κλέπτῃ</span> <span class='ocrx_word' id='word_1_551' title='bbox 2728 1168 2743 1215; x_wconf 88' lang='grc'><strong>;</strong></span> <span class='ocrx_word' id='word_1_552' title='bbox 2771 1150 3006 1203; x_wconf 82' lang='grc' dir='ltr'>Φύλαττε</span> <span class='ocrx_word' id='word_1_553' title='bbox 3026 1149 3119 1203; x_wconf 82' lang='grc' dir='ltr'>καὶ</span> <span class='ocrx_word' id='word_1_554' title='bbox 3134 1150 3449 1218; x_wconf 88' lang='grc' dir='ltr'>παρατήρει.</span> <span class='ocrx_word' id='word_1_555' title='bbox 3465 1147 3506 1219; x_wconf 82' lang='grc' dir='ltr'>μ</span> <span class='ocrx_word' id='word_1_556' title='bbox 3522 1149 3620 1220; x_wconf 74' lang='lat' dir='ltr'>H];</span> <span class='ocrx_word' id='word_1_557' title='bbox 3639 1155 3691 1208; x_wconf 82' lang='grc' dir='ltr'>Ὢ,</span> 
     </span>
    </p>
   </div>
   <div class='ocr_carea' id='block_1_76' title="bbox 2181 1230 3686 1302">
    <p class='ocr_par' dir='ltr' id='par_1_76' title="bbox 2181 1230 3686 1302">
     <span class='ocr_line' id='line_1_76' title="bbox 2181 1230 3686 1302; baseline 0.007 -22"><span class='ocrx_word' id='word_1_558' title='bbox 2181 1230 2280 1300; x_wconf 86' lang='grc' dir='ltr'>τῆς</span> <span class='ocrx_word' id='word_1_559' title='bbox 2329 1231 2662 1302; x_wconf 82' lang='grc' dir='ltr'>ὑπερϐολῆςί</span> <span class='ocrx_word' id='word_1_560' title='bbox 2710 1233 2820 1301; x_wconf 83' lang='grc' dir='ltr'>ἐγὼ</span> <span class='ocrx_word' id='word_1_561' title='bbox 2865 1231 3058 1302; x_wconf 70' lang='grc' dir='ltr'>ἔσομαι</span> <span class='ocrx_word' id='word_1_562' title='bbox 3089 1231 3279 1300; x_wconf 77' lang='grc' dir='ltr'>φύλαξ.</span> <span class='ocrx_word' id='word_1_563' title='bbox 3315 1231 3490 1299; x_wconf 82' lang='grc' dir='ltr'>φησίν.</span> <span class='ocrx_word' id='word_1_564' title='bbox 3521 1233 3576 1284; x_wconf 82' lang='grc' dir='ltr'><strong>Ὢ</strong></span> <span class='ocrx_word' id='word_1_565' title='bbox 3611 1236 3686 1302; x_wconf 69' lang='grc' dir='ltr'>τῆς</span> 
     </span>
    </p>
   </div>
   <div class='ocr_carea' id='block_1_77' title="bbox 2183 1314 3686 1388">
    <p class='ocr_par' dir='ltr' id='par_1_77' title="bbox 2183 1314 3686 1388">
     <span class='ocr_line' id='line_1_77' title="bbox 2183 1314 3686 1388; baseline 0.002 -22"><span class='ocrx_word' id='word_1_566' title='bbox 2183 1315 2395 1378; x_wconf 79' lang='grc' dir='ltr'>ἀνοίαςί</span> <span class='ocrx_word' id='word_1_567' title='bbox 2421 1316 2510 1370; x_wconf 81' lang='grc' dir='ltr'>διὰ</span> <span class='ocrx_word' id='word_1_568' title='bbox 2537 1318 2611 1376; x_wconf 89' lang='grc' dir='ltr'>τί,</span> <span class='ocrx_word' id='word_1_569' title='bbox 2634 1317 2956 1388; x_wconf 86' lang='grc' dir='ltr'>παρακαλῶ,</span> <span class='ocrx_word' id='word_1_570' title='bbox 2986 1318 3084 1369; x_wconf 88' lang='grc' dir='ltr'>οὑκ</span> <span class='ocrx_word' id='word_1_571' title='bbox 3117 1315 3215 1386; x_wconf 76' lang='grc' dir='ltr'>ἔσῃ</span> <span class='ocrx_word' id='word_1_572' title='bbox 3248 1314 3416 1382; x_wconf 82' lang='grc' dir='ltr'>φύλαξ</span> <span class='ocrx_word' id='word_1_573' title='bbox 3436 1332 3450 1381; x_wconf 89' lang='grc'><strong>;</strong></span> <span class='ocrx_word' id='word_1_574' title='bbox 3473 1316 3580 1384; x_wconf 84' lang='grc' dir='ltr'>ούχί</span> <span class='ocrx_word' id='word_1_575' title='bbox 3609 1319 3686 1387; x_wconf 74' lang='grc' dir='ltr'>τῆς</span> 
     </span>
    </p>
   </div>
   <div class='ocr_carea' id='block_1_78' title="bbox 2182 1397 3689 1470">
    <p class='ocr_par' dir='ltr' id='par_1_78' title="bbox 2182 1397 3689 1470">
     <span class='ocr_line' id='line_1_78' title="bbox 2182 1397 3689 1470; baseline 0.003 -22"><span class='ocrx_word' id='word_1_576' title='bbox 2182 1397 2352 1467; x_wconf 83' lang='grc' dir='ltr'>αὐτῆς</span> <span class='ocrx_word' id='word_1_577' title='bbox 2383 1416 2464 1451; x_wconf 89' lang='grc' dir='ltr'>σοι</span> <span class='ocrx_word' id='word_1_578' title='bbox 2498 1400 2711 1469; x_wconf 85' lang='grc' dir='ltr'>μετέχει</span> <span class='ocrx_word' id='word_1_579' title='bbox 2750 1400 2955 1470; x_wconf 58' lang='grc' dir='ltr'>ψυχῆς</span> <span class='ocrx_word' id='word_1_580' title='bbox 2996 1399 3116 1469; x_wconf 59' lang='grc' dir='ltr'>οὑχ).</span> <span class='ocrx_word' id='word_1_581' title='bbox 3150 1399 3258 1451; x_wconf 90' lang='grc' dir='ltr'>τῶν</span> <span class='ocrx_word' id='word_1_582' title='bbox 3291 1397 3460 1451; x_wconf 87' lang='grc' dir='ltr'>αὐτῶν</span> <span class='ocrx_word' id='word_1_583' title='bbox 3501 1399 3689 1468; x_wconf 76' lang='grc' dir='ltr'>ἠξίωται</span> 
     </span>
    </p>
   </div>
   <div class='ocr_carea' id='block_1_79' title="bbox 2181 1480 3692 1552">
    <p class='ocr_par' dir='ltr' id='par_1_79' title="bbox 2181 1480 3692 1552">
     <span class='ocr_line' id='line_1_79' title="bbox 2181 1480 3692 1552; baseline 0.001 -20"><span class='ocrx_word' id='word_1_584' title='bbox 2181 1481 2332 1551; x_wconf 86' lang='grc' dir='ltr'>παρὰ</span> <span class='ocrx_word' id='word_1_585' title='bbox 2377 1481 2470 1534; x_wconf 71' lang='grc' dir='ltr'>τοῦ</span> <span class='ocrx_word' id='word_1_586' title='bbox 2513 1483 2681 1548; x_wconf 84' lang='grc' dir='ltr'>Θεοῦ;</span> <span class='ocrx_word' id='word_1_587' title='bbox 2719 1483 2778 1535; x_wconf 88' lang='grc' dir='ltr'>οὑ</span> <span class='ocrx_word' id='word_1_588' title='bbox 2805 1483 2904 1552; x_wconf 82' lang='grc' dir='ltr'>τῆς</span> <span class='ocrx_word' id='word_1_589' title='bbox 2935 1483 3104 1552; x_wconf 82' lang='grc' dir='ltr'>αὐτῆς</span> <span class='ocrx_word' id='word_1_590' title='bbox 3133 1480 3390 1534; x_wconf 86' lang='grc' dir='ltr'>ἀπολαύει</span> <span class='ocrx_word' id='word_1_591' title='bbox 3416 1481 3655 1551; x_wconf 73' lang='grc' dir='ltr'>τραπέζης</span> <span class='ocrx_word' id='word_1_592' title='bbox 3673 1501 3692 1550; x_wconf 71' lang='grc' dir='ltr'>;Δ</span> 
     </span>
    </p>
   </div>
   <div class='ocr_carea' id='block_1_80' title="bbox 2180 1560 3686 1637">
    <p class='ocr_par' dir='ltr' id='par_1_80' title="bbox 2180 1560 3686 1637">
     <span class='ocr_line' id='line_1_80' title="bbox 2180 1560 3686 1637; baseline 0 -22"><span class='ocrx_word' id='word_1_593' title='bbox 2180 1565 2240 1616; x_wconf 87' lang='grc' dir='ltr'>ού</span> <span class='ocrx_word' id='word_1_594' title='bbox 2277 1565 2376 1633; x_wconf 85' lang='grc' dir='ltr'>τῆς</span> <span class='ocrx_word' id='word_1_595' title='bbox 2407 1566 2576 1634; x_wconf 83' lang='grc' dir='ltr'>αὐτῆς</span> <span class='ocrx_word' id='word_1_596' title='bbox 2608 1583 2688 1619; x_wconf 93' lang='grc' dir='ltr'>σοι</span> <span class='ocrx_word' id='word_1_597' title='bbox 2715 1569 2964 1619; x_wconf 87' lang='grc' dir='ltr'>κοινωνεῖ</span> <span class='ocrx_word' id='word_1_598' title='bbox 3008 1565 3315 1633; x_wconf 86' lang='grc' dir='ltr'>εύγενείας;</span> <span class='ocrx_word' id='word_1_599' title='bbox 3349 1563 3410 1616; x_wconf 88' lang='grc' dir='ltr'>Τί</span> <span class='ocrx_word' id='word_1_600' title='bbox 3433 1560 3537 1625; x_wconf 78' lang='grc' dir='ltr'>οὖν,</span> <span class='ocrx_word' id='word_1_601' title='bbox 3567 1564 3623 1616; x_wconf 76' lang='grc' dir='ltr'>ἂν</span> <span class='ocrx_word' id='word_1_602' title='bbox 3641 1561 3686 1637; x_wconf 79' lang='grc' dir='ltr'>ᾗ,</span> 
     </span>
    </p>
   </div>
   <div class='ocr_carea' id='block_1_81' title="bbox 2180 1647 3694 1719">
    <p class='ocr_par' dir='ltr' id='par_1_81' title="bbox 2180 1647 3694 1719">
     <span class='ocr_line' id='line_1_81' title="bbox 2180 1647 3694 1719; baseline 0.001 -20"><span class='ocrx_word' id='word_1_603' title='bbox 2180 1648 2334 1718; x_wconf 74' lang='grc' dir='ltr'>φησί,</span> <span class='ocrx_word' id='word_1_604' title='bbox 2356 1648 2590 1719; x_wconf 90' lang='grc' dir='ltr'>λοίδορος</span> <span class='ocrx_word' id='word_1_605' title='bbox 2625 1650 2718 1702; x_wconf 79' lang='grc' dir='ltr'>καὶ</span> <span class='ocrx_word' id='word_1_606' title='bbox 2747 1649 2903 1712; x_wconf 88' lang='grc' dir='ltr'>λάλος</span> <span class='ocrx_word' id='word_1_607' title='bbox 2931 1649 3023 1702; x_wconf 80' lang='grc' dir='ltr'>καὶ</span> <span class='ocrx_word' id='word_1_608' title='bbox 3051 1648 3316 1717; x_wconf 85' lang='grc' dir='ltr'>μέθυσος;</span> <span class='ocrx_word' id='word_1_609' title='bbox 3348 1647 3694 1701; x_wconf 82' lang='grc' dir='ltr'>Πόσαιδέείσιν</span> 
     </span>
    </p>
   </div>
   <div class='ocr_carea' id='block_1_82' title="bbox 2179 1729 3688 1804">
    <p class='ocr_par' dir='ltr' id='par_1_82' title="bbox 2179 1729 3688 1804">
     <span class='ocr_line' id='line_1_82' title="bbox 2179 1729 3688 1804; baseline -0.003 -18"><span class='ocrx_word' id='word_1_610' title='bbox 2179 1733 2457 1804; x_wconf 80' lang='grc' dir='ltr'>ἐλεύθεραι</span> <span class='ocrx_word' id='word_1_611' title='bbox 2483 1732 2764 1797; x_wconf 82' lang='grc' dir='ltr'>τοιαῦται;</span> <span class='ocrx_word' id='word_1_612' title='bbox 2817 1733 2999 1785; x_wconf 86' lang='grc' dir='ltr'>Πάντα</span> <span class='ocrx_word' id='word_1_613' title='bbox 3034 1732 3090 1784; x_wconf 83' lang='grc' dir='ltr'>δὲ</span> <span class='ocrx_word' id='word_1_614' title='bbox 3127 1731 3195 1782; x_wconf 76' lang='grc' dir='ltr'>τὰ</span> <span class='ocrx_word' id='word_1_615' title='bbox 3224 1729 3562 1800; x_wconf 81' lang='grc' dir='ltr'>ἐλαττώματα</span> <span class='ocrx_word' id='word_1_616' title='bbox 3603 1730 3688 1782; x_wconf 86' lang='grc' dir='ltr'>τῶν</span> 
     </span>
    </p>
   </div>
   <div class='ocr_carea' id='block_1_83' title="bbox 2177 1811 3686 1885">
    <p class='ocr_par' dir='ltr' id='par_1_83' title="bbox 2177 1811 3686 1885">
     <span class='ocr_line' id='line_1_83' title="bbox 2177 1811 3686 1885; baseline -0.003 -18"><span class='ocrx_word' id='word_1_617' title='bbox 2177 1816 2453 1883; x_wconf 87' lang='grc' dir='ltr'>γυναικῶν</span> <span class='ocrx_word' id='word_1_618' title='bbox 2497 1815 2682 1885; x_wconf 89' lang='grc' dir='ltr'>φέρειν</span> <span class='ocrx_word' id='word_1_619' title='bbox 2736 1816 2863 1878; x_wconf 80' lang='grc' dir='ltr'>τοὺς</span> <span class='ocrx_word' id='word_1_620' title='bbox 2909 1814 3103 1884; x_wconf 81' lang='grc' dir='ltr'>ἄνδρας</span> <span class='ocrx_word' id='word_1_621' title='bbox 3155 1811 3477 1884; x_wconf 79' lang='grc' dir='ltr'>προσέταξεν</span> <span class='ocrx_word' id='word_1_622' title='bbox 3515 1812 3686 1874; x_wconf 80' lang='grc' dir='ltr'>ὁΘεός.</span> 
     </span>
    </p>
   </div>
   <div class='ocr_carea' id='block_1_84' title="bbox 2178 1893 3692 1970">
    <p class='ocr_par' dir='ltr' id='par_1_84' title="bbox 2178 1893 3692 1970">
     <span class='ocr_line' id='line_1_84' title="bbox 2178 1893 3692 1970; baseline -0.004 -17"><span class='ocrx_word' id='word_1_623' title='bbox 2178 1901 2354 1953; x_wconf 90' lang='grc' dir='ltr'>Μόνον</span> <span class='ocrx_word' id='word_1_624' title='bbox 2379 1898 2453 1970; x_wconf 76' lang='grc' dir='ltr'>μὴ</span> <span class='ocrx_word' id='word_1_625' title='bbox 2469 1898 2628 1962; x_wconf 76' lang='grc' dir='ltr'>ἔστω,</span> <span class='ocrx_word' id='word_1_626' title='bbox 2661 1897 2812 1967; x_wconf 79' lang='grc' dir='ltr'>φησὶ,</span> <span class='ocrx_word' id='word_1_627' title='bbox 2851 1897 3021 1968; x_wconf 84' lang='grc' dir='ltr'>πόρνη</span> <span class='ocrx_word' id='word_1_628' title='bbox 3052 1898 3085 1964; x_wconf 78' lang='grc' dir='ltr'><strong>ἡ</strong></span> <span class='ocrx_word' id='word_1_629' title='bbox 3131 1896 3289 1965; x_wconf 81' lang='grc' dir='ltr'>γυνὴ,</span> <span class='ocrx_word' id='word_1_630' title='bbox 3323 1895 3414 1948; x_wconf 72' lang='grc' dir='ltr'>καί.</span> <span class='ocrx_word' id='word_1_631' title='bbox 3453 1893 3612 1947; x_wconf 87' lang='grc' dir='ltr'>πάντα</span> <span class='ocrx_word' id='word_1_632' title='bbox 3637 1893 3692 1952; x_wconf 76' lang='grc' dir='ltr'>τὰ,</span> 
     </span>
    </p>
   </div>
   <div class='ocr_carea' id='block_1_85' title="bbox 2177 1973 3688 2052">
    <p class='ocr_par' dir='ltr' id='par_1_85' title="bbox 2177 1973 3688 2052">
     <span class='ocr_line' id='line_1_85' title="bbox 2177 1973 3688 2052; baseline -0.003 -18"><span class='ocrx_word' id='word_1_633' title='bbox 2177 1982 2342 2038; x_wconf 82' lang='grc' dir='ltr'>λοιπά</span> <span class='ocrx_word' id='word_1_634' title='bbox 2374 1983 2508 2052; x_wconf 87' lang='grc' dir='ltr'>φέρε</span> <span class='ocrx_word' id='word_1_635' title='bbox 2539 1979 2913 2049; x_wconf 86' lang='grc' dir='ltr'>ἐλαττώματα.</span> <span class='ocrx_word' id='word_1_636' title='bbox 2967 1979 3083 2033; x_wconf 81' lang='grc' dir='ltr'>Κᾶν</span> <span class='ocrx_word' id='word_1_637' title='bbox 3123 1979 3355 2050; x_wconf 86' lang='grc' dir='ltr'>μέθυσος</span> <span class='ocrx_word' id='word_1_638' title='bbox 3478 1979 3572 2031; x_wconf 81' lang='grc' dir='ltr'>κάν</span> <span class='ocrx_word' id='word_1_639' title='bbox 3603 1977 3688 2030; x_wconf 82' lang='grc' dir='ltr'>λοί-</span> 
     </span>
    </p>
   </div>
   <div class='ocr_carea' id='block_1_86' title="bbox 2175 2059 3695 2137">
    <p class='ocr_par' dir='ltr' id='par_1_86' title="bbox 2175 2059 3695 2137">
     <span class='ocr_line' id='line_1_86' title="bbox 2175 2059 3695 2137; baseline -0.007 -17"><span class='ocrx_word' id='word_1_640' title='bbox 2175 2067 2346 2137; x_wconf 85' lang='grc' dir='ltr'>δορος.</span> <span class='ocrx_word' id='word_1_641' title='bbox 2382 2067 2484 2119; x_wconf 81' lang='grc' dir='ltr'>κᾶν</span> <span class='ocrx_word' id='word_1_642' title='bbox 2511 2065 2689 2127; x_wconf 87' lang='grc' dir='ltr'>λάλος.</span> <span class='ocrx_word' id='word_1_643' title='bbox 2723 2062 2823 2116; x_wconf 75' lang='grc' dir='ltr'>κᾶν</span> <span class='ocrx_word' id='word_1_644' title='bbox 2845 2063 3132 2133; x_wconf 84' lang='grc' dir='ltr'>βάσκανος,</span> <span class='ocrx_word' id='word_1_645' title='bbox 3168 2061 3274 2115; x_wconf 71' lang='grc' dir='ltr'>κᾶν</span> <span class='ocrx_word' id='word_1_646' title='bbox 3302 2059 3695 2128; x_wconf 79' lang='grc' dir='ltr'>πολυτελὴς,κᾶν</span> 
     </span>
    </p>
   </div>
   <div class='ocr_carea' id='block_1_87' title="bbox 2178 2139 3696 2216">
    <p class='ocr_par' dir='ltr' id='par_1_87' title="bbox 2178 2139 3696 2216">
     <span class='ocr_line' id='line_1_87' title="bbox 2178 2139 3696 2216; baseline -0.006 -14"><span class='ocrx_word' id='word_1_647' title='bbox 2178 2149 2436 2202; x_wconf 85' lang='grc' dir='ltr'>σπαθῶσα</span> <span class='ocrx_word' id='word_1_648' title='bbox 2467 2147 2570 2216; x_wconf 77' lang='grc' dir='ltr'>τὴν</span> <span class='ocrx_word' id='word_1_649' title='bbox 2590 2145 2799 2211; x_wconf 85' lang='grc' dir='ltr'>οὑσίαν,</span> <span class='ocrx_word' id='word_1_650' title='bbox 2833 2147 3084 2198; x_wconf 80' lang='grc' dir='ltr'>κοινωνὸν</span> <span class='ocrx_word' id='word_1_651' title='bbox 3106 2143 3248 2214; x_wconf 77' lang='grc' dir='ltr'>ἔχεις</span> <span class='ocrx_word' id='word_1_652' title='bbox 3283 2142 3417 2212; x_wconf 79' lang='grc' dir='ltr'>βίον·</span> <span class='ocrx_word' id='word_1_653' title='bbox 3449 2139 3696 2212; x_wconf 76' lang='grc' dir='ltr'>ῥυθμίζειν</span> 
     </span>
    </p>
   </div>
   <div class='ocr_carea' id='block_1_88' title="bbox 2175 2222 3695 2300">
    <p class='ocr_par' dir='ltr' id='par_1_88' title="bbox 2175 2222 3695 2300">
     <span class='ocr_line' id='line_1_88' title="bbox 2175 2222 3695 2300; baseline -0.009 -15"><span class='ocrx_word' id='word_1_654' title='bbox 2175 2232 2422 2300; x_wconf 86' lang='grc' dir='ltr'>ἀνάγκην</span> <span class='ocrx_word' id='word_1_655' title='bbox 2477 2229 2648 2299; x_wconf 79' lang='grc' dir='ltr'>ἔχεις⁶</span> <span class='ocrx_word' id='word_1_656' title='bbox 2687 2228 2776 2280; x_wconf 89' lang='grc' dir='ltr'>διά</span> <span class='ocrx_word' id='word_1_657' title='bbox 2810 2227 2968 2281; x_wconf 79' lang='grc' dir='ltr'>τοῦτο</span> <span class='ocrx_word' id='word_1_658' title='bbox 3022 2226 3233 2296; x_wconf 85' lang='grc' dir='ltr'>κεφαλὴ</span> <span class='ocrx_word' id='word_1_659' title='bbox 3284 2222 3335 2279; x_wconf 82' lang='grc' dir='ltr'>εἷ</span> <span class='ocrx_word' id='word_1_660' title='bbox 3381 2224 3462 2280; x_wconf 92' lang='grc' dir='ltr'>σύ.</span> <span class='ocrx_word' id='word_1_661' title='bbox 3519 2223 3695 2277; x_wconf 77' lang='grc' dir='ltr'>Οὐκοῦν.</span> 
     </span>
    </p>
   </div>
   <div class='ocr_carea' id='block_1_89' title="bbox 2176 2308 3696 2387">
    <p class='ocr_par' dir='ltr' id='par_1_89' title="bbox 2176 2308 3696 2387">
     <span class='ocr_line' id='line_1_89' title="bbox 2176 2308 3696 2387; baseline -0.006 -19"><span class='ocrx_word' id='word_1_662' title='bbox 2176 2315 2429 2387; x_wconf 79' lang='grc' dir='ltr'>ῥύθμιζε,</span> <span class='ocrx_word' id='word_1_663' title='bbox 2456 2313 2516 2366; x_wconf 85' lang='grc' dir='ltr'>τὸ</span> <span class='ocrx_word' id='word_1_664' title='bbox 2544 2309 2742 2364; x_wconf 79' lang='grc' dir='ltr'>σαυτοῦ</span> <span class='ocrx_word' id='word_1_665' title='bbox 2770 2311 2930 2364; x_wconf 89' lang='grc' dir='ltr'>ποίει.</span> <span class='ocrx_word' id='word_1_666' title='bbox 2951 2311 3070 2364; x_wconf 79' lang='grc' dir='ltr'>Κᾶν</span> <span class='ocrx_word' id='word_1_667' title='bbox 3094 2309 3416 2380; x_wconf 86' lang='grc' dir='ltr'>ἀδιόρθωτος</span> <span class='ocrx_word' id='word_1_668' title='bbox 3440 2309 3587 2379; x_wconf 86' lang='grc' dir='ltr'>μένῃ,</span> <span class='ocrx_word' id='word_1_669' title='bbox 3609 2308 3696 2360; x_wconf 74' lang='grc' dir='ltr'>κᾶν</span> 
     </span>
    </p>
   </div>
   <div class='ocr_carea' id='block_1_90' title="bbox 2175 2391 3689 2468">
    <p class='ocr_par' dir='ltr' id='par_1_90' title="bbox 2175 2391 3689 2468">
     <span class='ocr_line' id='line_1_90' title="bbox 2175 2391 3689 2468; baseline -0.007 -16"><span class='ocrx_word' id='word_1_670' title='bbox 2175 2399 2401 2468; x_wconf 80' lang='grc' dir='ltr'>κλέπτῃ,</span> <span class='ocrx_word' id='word_1_671' title='bbox 2432 2395 2664 2464; x_wconf 84' lang='grc' dir='ltr'>φύλαττε</span> <span class='ocrx_word' id='word_1_672' title='bbox 2693 2393 2764 2448; x_wconf 87' lang='grc' dir='ltr'>τὰ</span> <span class='ocrx_word' id='word_1_673' title='bbox 2793 2397 2879 2447; x_wconf 84' lang='grc' dir='ltr'>σά·</span> <span class='ocrx_word' id='word_1_674' title='bbox 2924 2394 2998 2462; x_wconf 83' lang='grc' dir='ltr'>μὴ</span> <span class='ocrx_word' id='word_1_675' title='bbox 3030 2393 3244 2462; x_wconf 84' lang='grc' dir='ltr'>ἐκείνην</span> <span class='ocrx_word' id='word_1_676' title='bbox 3276 2391 3518 2447; x_wconf 79' lang='grc' dir='ltr'>τοσοῦτον</span> <span class='ocrx_word' id='word_1_677' title='bbox 3545 2406 3689 2459; x_wconf 77' lang='grc' dir='ltr'>τιμωο</span> 
     </span>
    </p>
   </div>
   <div class='ocr_carea' id='block_1_91' title="bbox 2178 2470 3696 2552">
    <p class='ocr_par' dir='ltr' id='par_1_91' title="bbox 2178 2470 3696 2552">
     <span class='ocr_line' id='line_1_91' title="bbox 2178 2470 3696 2552; baseline -0.005 -19"><span class='ocrx_word' id='word_1_678' title='bbox 2178 2482 2291 2552; x_wconf 73' lang='grc' dir='ltr'>ροῦ·</span> <span class='ocrx_word' id='word_1_679' title='bbox 2328 2479 2394 2532; x_wconf 81' lang='grc' dir='ltr'>ἂν</span> <span class='ocrx_word' id='word_1_680' title='bbox 2421 2479 2579 2540; x_wconf 87' lang='grc' dir='ltr'>λάλος</span> <span class='ocrx_word' id='word_1_681' title='bbox 2604 2472 2662 2550; x_wconf 76' lang='grc' dir='ltr'>ᾖ,</span> <span class='ocrx_word' id='word_1_682' title='bbox 2693 2475 3031 2546; x_wconf 76' lang='grc' dir='ltr'>ἐπιστόμιζε.</span> <span class='ocrx_word' id='word_1_683' title='bbox 3064 2474 3235 2527; x_wconf 78' lang='grc' dir='ltr'>Τοῦτο</span> <span class='ocrx_word' id='word_1_684' title='bbox 3273 2472 3573 2542; x_wconf 78' lang='grc' dir='ltr'>φιλοσοφίας</span> <span class='ocrx_word' id='word_1_685' title='bbox 3599 2470 3696 2526; x_wconf 74' lang='grc' dir='ltr'>ἐστὶ.</span> 
     </span>
    </p>
   </div>
   <div class='ocr_carea' id='block_1_92' title="bbox 2171 2555 3690 2633">
    <p class='ocr_par' dir='ltr' id='par_1_92' title="bbox 2171 2555 3690 2633">
     <span class='ocr_line' id='line_1_92' title="bbox 2171 2555 3690 2633; baseline -0.008 -17"><span class='ocrx_word' id='word_1_686' title='bbox 2171 2564 2269 2633; x_wconf 82' lang='grc' dir='ltr'>τῆς</span> <span class='ocrx_word' id='word_1_687' title='bbox 2319 2561 2596 2615; x_wconf 85' lang='grc' dir='ltr'>ἀνωτάτω.</span> <span class='ocrx_word' id='word_1_688' title='bbox 2645 2557 2780 2612; x_wconf 82' lang='grc' dir='ltr'>Νυνὶ</span> <span class='ocrx_word' id='word_1_689' title='bbox 2829 2558 2886 2614; x_wconf 82' lang='grc' dir='ltr'>δὲ</span> <span class='ocrx_word' id='word_1_690' title='bbox 2939 2559 3018 2620; x_wconf 86' lang='grc' dir='ltr'>εἰς</span> <span class='ocrx_word' id='word_1_691' title='bbox 3071 2556 3299 2611; x_wconf 83' lang='grc' dir='ltr'>τοσοῦτό</span> <span class='ocrx_word' id='word_1_692' title='bbox 3328 2573 3466 2618; x_wconf 89' lang='grc' dir='ltr'>τινες</span> <span class='ocrx_word' id='word_1_693' title='bbox 3499 2555 3690 2616; x_wconf 80' lang='grc' dir='ltr'>ἀτοπίας</span> 
     </span>
    </p>
   </div>
   <div class='ocr_carea' id='block_1_93' title="bbox 2171 2637 3699 2716">
    <p class='ocr_par' dir='ltr' id='par_1_93' title="bbox 2171 2637 3699 2716">
     <span class='ocr_line' id='line_1_93' title="bbox 2171 2637 3699 2716; baseline -0.007 -18"><span class='ocrx_word' id='word_1_694' title='bbox 2171 2648 2417 2716; x_wconf 77' lang='grc' dir='ltr'>ἥκουσιν,</span> <span class='ocrx_word' id='word_1_695' title='bbox 2466 2644 2540 2706; x_wconf 85' lang='grc' dir='ltr'>ῶς</span> <span class='ocrx_word' id='word_1_696' title='bbox 2590 2640 2997 2698; x_wconf 81' lang='grc' dir='ltr'>ἀποκαλύπτειν</span> <span class='ocrx_word' id='word_1_697' title='bbox 3037 2640 3133 2710; x_wconf 85' lang='grc' dir='ltr'>τὴν</span> <span class='ocrx_word' id='word_1_698' title='bbox 3165 2638 3426 2709; x_wconf 80' lang='grc' dir='ltr'>κεφαλὴν,</span> <span class='ocrx_word' id='word_1_699' title='bbox 3477 2638 3564 2691; x_wconf 80' lang='grc' dir='ltr'>καὶ</span> <span class='ocrx_word' id='word_1_700' title='bbox 3606 2637 3699 2689; x_wconf 69' lang='grc' dir='ltr'>ἀπὸ.</span> 
     </span>
    </p>
   </div>
   <div class='ocr_carea' id='block_1_94' title="bbox 2170 2723 3205 2800">
    <p class='ocr_par' dir='ltr' id='par_1_94' title="bbox 2170 2723 3205 2800">
     <span class='ocr_line' id='line_1_94' title="bbox 2170 2723 3205 2800; baseline -0.004 -19"><span class='ocrx_word' id='word_1_701' title='bbox 2170 2729 2371 2800; x_wconf 86' lang='grc' dir='ltr'>τριχῶν</span> <span class='ocrx_word' id='word_1_702' title='bbox 2402 2727 2583 2798; x_wconf 85' lang='grc' dir='ltr'>σύρειν</span> <span class='ocrx_word' id='word_1_703' title='bbox 2617 2725 2646 2765; x_wconf 72' lang='grc' dir='ltr'>ι)</span> <span class='ocrx_word' id='word_1_704' title='bbox 2671 2724 2771 2788; x_wconf 86' lang='grc' dir='ltr'>τὰς</span> <span class='ocrx_word' id='word_1_705' title='bbox 2801 2723 3205 2794; x_wconf 85' lang='grc' dir='ltr'>θεραπαινίδας.</span> 
     </span>
    </p>
   </div>
   <div class='ocr_carea' id='block_1_95' title="bbox 2241 2800 3699 2880">
    <p class='ocr_par' dir='ltr' id='par_1_95' title="bbox 2241 2800 3699 2880">
     <span class='ocr_line' id='line_1_95' title="bbox 2241 2800 3699 2880; baseline -0.01 -17"><span class='ocrx_word' id='word_1_706' title='bbox 2241 2811 2301 2863; x_wconf 86' lang='grc' dir='ltr'>δ’.</span> <span class='ocrx_word' id='word_1_707' title='bbox 2339 2810 2401 2861; x_wconf 91' lang='grc' dir='ltr'>Τί</span> <span class='ocrx_word' id='word_1_708' title='bbox 2434 2807 2802 2880; x_wconf 75' lang='grc' dir='ltr'>ἡρυθριάσατε</span> <span class='ocrx_word' id='word_1_709' title='bbox 2831 2806 3002 2861; x_wconf 79' lang='grc' dir='ltr'>πᾶσαι</span> <span class='ocrx_word' id='word_1_710' title='bbox 3027 2804 3155 2866; x_wconf 51' lang='grc' dir='ltr'>;ρΟὑ</span> <span class='ocrx_word' id='word_1_711' title='bbox 3183 2802 3322 2874; x_wconf 87' lang='grc' dir='ltr'>πρὸς</span> <span class='ocrx_word' id='word_1_712' title='bbox 3351 2801 3649 2869; x_wconf 86' lang='grc' dir='ltr'>πάσαςήμῖν</span> <span class='ocrx_word' id='word_1_713' title='bbox 3670 2800 3699 2851; x_wconf 74' lang='grc' dir='ltr'>ὁ⁴</span> 
     </span>
    </p>
   </div>
   <div class='ocr_carea' id='block_1_96' title="bbox 2170 2883 3693 2961">
    <p class='ocr_par' dir='ltr' id='par_1_96' title="bbox 2170 2883 3693 2961">
     <span class='ocr_line' id='line_1_96' title="bbox 2170 2883 3693 2961; baseline -0.009 -15"><span class='ocrx_word' id='word_1_714' title='bbox 2170 2891 2348 2961; x_wconf 77' lang='grc' dir='ltr'>λόγος’</span> <span class='ocrx_word' id='word_1_715' title='bbox 2377 2891 2514 2945; x_wconf 84' lang='grc' dir='ltr'>ἀλλὰ</span> <span class='ocrx_word' id='word_1_716' title='bbox 2540 2891 2674 2961; x_wconf 79' lang='grc' dir='ltr'>πρὸς</span> <span class='ocrx_word' id='word_1_717' title='bbox 2703 2891 2800 2952; x_wconf 72' lang='grc' dir='ltr'>τὰς</span> <span class='ocrx_word' id='word_1_718' title='bbox 2826 2891 2902 2952; x_wconf 91' lang='grc' dir='ltr'>είς</span> <span class='ocrx_word' id='word_1_719' title='bbox 2925 2887 3022 2958; x_wconf 81' lang='grc' dir='ltr'>τὴν</span> <span class='ocrx_word' id='word_1_720' title='bbox 3057 2886 3347 2958; x_wconf 82' lang='grc' dir='ltr'>θηριωδίαν</span> <span class='ocrx_word' id='word_1_721' title='bbox 3381 2883 3693 2952; x_wconf 81' lang='grc' dir='ltr'>ἐξελκομὲνας</span> 
     </span>
    </p>
   </div>
   <div class='ocr_carea' id='block_1_97' title="bbox 2171 2964 3692 3046">
    <p class='ocr_par' dir='ltr' id='par_1_97' title="bbox 2171 2964 3692 3046">
     <span class='ocr_line' id='line_1_97' title="bbox 2171 2964 3692 3046; baseline -0.009 -16"><span class='ocrx_word' id='word_1_722' title='bbox 2171 2977 2395 3046; x_wconf 88' lang='grc' dir='ltr'>ταύτην.</span> <span class='ocrx_word' id='word_1_723' title='bbox 2421 2973 2563 3045; x_wconf 81' lang='grc' dir='ltr'>Γυνὴ</span> <span class='ocrx_word' id='word_1_724' title='bbox 2590 2973 3045 3034; x_wconf 86' lang='grc' dir='ltr'>ἀκατακάλυπτος</span> <span class='ocrx_word' id='word_1_725' title='bbox 3077 2970 3154 3041; x_wconf 80' lang='grc' dir='ltr'>μὴ</span> <span class='ocrx_word' id='word_1_726' title='bbox 3183 2969 3345 3035; x_wconf 83' lang='grc' dir='ltr'>ἐστω,</span> <span class='ocrx_word' id='word_1_727' title='bbox 3365 2969 3556 3038; x_wconf 86' lang='grc' dir='ltr'>φησ“ινὸ</span> <span class='ocrx_word' id='word_1_728' title='bbox 3574 2964 3692 3018; x_wconf 83' lang='grc' dir='ltr'>[ἰαῦ-</span> 
     </span>
    </p>
   </div>
   <div class='ocr_carea' id='block_1_98' title="bbox 2170 3049 3696 3128">
    <p class='ocr_par' dir='ltr' id='par_1_98' title="bbox 2170 3049 3696 3128">
     <span class='ocr_line' id='line_1_98' title="bbox 2170 3049 3696 3128; baseline -0.003 -14"><span class='ocrx_word' id='word_1_729' title='bbox 2170 3061 2282 3125; x_wconf 83' lang='grc' dir='ltr'>λος·</span> <span class='ocrx_word' id='word_1_730' title='bbox 2315 3063 2378 3114; x_wconf 80' lang='grc' dir='ltr'>σὺ</span> <span class='ocrx_word' id='word_1_731' title='bbox 2405 3061 2461 3113; x_wconf 87' lang='grc' dir='ltr'>δὲ</span> <span class='ocrx_word' id='word_1_732' title='bbox 2485 3061 2618 3123; x_wconf 84' lang='grc' dir='ltr'>ὅλως</span> <span class='ocrx_word' id='word_1_733' title='bbox 2643 3058 2703 3111; x_wconf 85' lang='grc' dir='ltr'>τδ</span> <span class='ocrx_word' id='word_1_734' title='bbox 2719 3057 3023 3128; x_wconf 80' lang='grc' dir='ltr'>κρήδεμνον</span> <span class='ocrx_word' id='word_1_735' title='bbox 3062 3055 3398 3124; x_wconf 86' lang='grc' dir='ltr'>περιαιρεῖς;</span> <span class='ocrx_word' id='word_1_736' title='bbox 3427 3051 3575 3122; x_wconf 77' lang='grc' dir='ltr'>Ὁρᾷς</span> <span class='ocrx_word' id='word_1_737' title='bbox 3598 3049 3696 3111; x_wconf 71' lang='grc' dir='ltr'>πῶς</span> 
     </span>
    </p>
   </div>
   <div class='ocr_carea' id='block_1_99' title="bbox 2175 3134 3697 3216">
    <p class='ocr_par' dir='ltr' id='par_1_99' title="bbox 2175 3134 3697 3216">
     <span class='ocr_line' id='line_1_99' title="bbox 2175 3134 3697 3216; baseline -0.011 -16"><span class='ocrx_word' id='word_1_738' title='bbox 2175 3147 2377 3216; x_wconf 72' lang='grc' dir='ltr'>σαυτὴν</span> <span class='ocrx_word' id='word_1_739' title='bbox 2412 3144 2687 3216; x_wconf 76' lang='grc' dir='ltr'>ὑϐρίζεις;</span> <span class='ocrx_word' id='word_1_740' title='bbox 2730 3143 2829 3196; x_wconf 74' lang='grc' dir='ltr'>Ἂν</span> <span class='ocrx_word' id='word_1_741' title='bbox 2875 3141 2972 3211; x_wconf 88' lang='grc' dir='ltr'>μὲν</span> <span class='ocrx_word' id='word_1_742' title='bbox 3005 3134 3098 3192; x_wconf 73' lang='grc' dir='ltr'>οὖν</span> <span class='ocrx_word' id='word_1_743' title='bbox 3129 3139 3313 3208; x_wconf 83' lang='grc' dir='ltr'>γυμνῇ</span> <span class='ocrx_word' id='word_1_744' title='bbox 3367 3139 3500 3204; x_wconf 76' lang='grc' dir='ltr'>φανῇ</span> <span class='ocrx_word' id='word_1_745' title='bbox 3547 3134 3697 3200; x_wconf 73' lang='grc' dir='ltr'>σοιτῇ</span> 
     </span>
    </p>
   </div>
   <div class='ocr_carea' id='block_1_100' title="bbox 2173 3216 3692 3299">
    <p class='ocr_par' dir='ltr' id='par_1_100' title="bbox 2173 3216 3692 3299">
     <span class='ocr_line' id='line_1_100' title="bbox 2173 3216 3692 3299; baseline -0.011 -17"><span class='ocrx_word' id='word_1_746' title='bbox 2173 3229 2378 3299; x_wconf 85' lang='grc' dir='ltr'>κεφαλῇ</span> <span class='ocrx_word' id='word_1_747' title='bbox 2405 3228 2608 3292; x_wconf 84' lang='grc' dir='ltr'>ἐκείνη,</span> <span class='ocrx_word' id='word_1_748' title='bbox 2649 3224 2804 3296; x_wconf 79' lang='grc' dir='ltr'>ὓϐριν</span> <span class='ocrx_word' id='word_1_749' title='bbox 2826 3223 2886 3276; x_wconf 76' lang='grc' dir='ltr'>τὸ</span> <span class='ocrx_word' id='word_1_750' title='bbox 2916 3223 3150 3293; x_wconf 78' lang='grc' dir='ltr'>πρᾶγμα</span> <span class='ocrx_word' id='word_1_751' title='bbox 3177 3221 3360 3288; x_wconf 88' lang='grc' dir='ltr'>λέγεις</span> <span class='ocrx_word' id='word_1_752' title='bbox 3381 3236 3393 3250; x_wconf 90' lang='grc'><strong>·</strong></span> <span class='ocrx_word' id='word_1_753' title='bbox 3426 3219 3488 3299; x_wconf 75' lang='grc' dir='ltr'>σὺ</span> <span class='ocrx_word' id='word_1_754' title='bbox 3545 3216 3595 3268; x_wconf 77' lang='grc' dir='ltr'>δὲ</span> <span class='ocrx_word' id='word_1_755' title='bbox 3613 3216 3692 3267; x_wconf 85' lang='grc' dir='ltr'>αύ-</span> 
     </span>
    </p>
   </div>
   <div class='ocr_carea' id='block_1_101' title="bbox 2172 3298 3690 3384">
    <p class='ocr_par' dir='ltr' id='par_1_101' title="bbox 2172 3298 3690 3384">
     <span class='ocr_line' id='line_1_101' title="bbox 2172 3298 3690 3384; baseline -0.01 -18"><span class='ocrx_word' id='word_1_756' title='bbox 2172 3313 2269 3384; x_wconf 80' lang='grc' dir='ltr'>τὴν</span> <span class='ocrx_word' id='word_1_757' title='bbox 2290 3298 2590 3382; x_wconf 77' lang='grc' dir='ltr'>γυμνοῦσα,</span> <span class='ocrx_word' id='word_1_758' title='bbox 2620 3310 2770 3363; x_wconf 80' lang='grc' dir='ltr'>οὐδὲν</span> <span class='ocrx_word' id='word_1_759' title='bbox 2797 3307 2968 3360; x_wconf 84' lang='grc' dir='ltr'>δεινὸν</span> <span class='ocrx_word' id='word_1_760' title='bbox 3022 3303 3162 3358; x_wconf 77' lang='grc' dir='ltr'>εἶναι</span> <span class='ocrx_word' id='word_1_761' title='bbox 3210 3305 3358 3374; x_wconf 82' lang='grc' dir='ltr'>φής;</span> <span class='ocrx_word' id='word_1_762' title='bbox 3395 3298 3522 3355; x_wconf 80' lang='grc' dir='ltr'>Εἶτά</span> <span class='ocrx_word' id='word_1_763' title='bbox 3547 3316 3660 3370; x_wconf 83' lang='grc' dir='ltr'>φησι</span> <span class='ocrx_word' id='word_1_764' title='bbox 3678 3314 3690 3327; x_wconf 81' lang='grc'><strong>”</strong></span> 
     </span>
    </p>
   </div>
   <div class='ocr_carea' id='block_1_102' title="bbox 2173 3383 3694 3466">
    <p class='ocr_par' dir='ltr' id='par_1_102' title="bbox 2173 3383 3694 3466">
     <span class='ocr_line' id='line_1_102' title="bbox 2173 3383 3694 3466; baseline -0.01 -16"><span class='ocrx_word' id='word_1_765' title='bbox 2173 3397 2259 3460; x_wconf 87' lang='grc' dir='ltr'>Τί,</span> <span class='ocrx_word' id='word_1_766' title='bbox 2292 3397 2358 3450; x_wconf 85' lang='grc' dir='ltr'>ἂν</span> <span class='ocrx_word' id='word_1_767' title='bbox 2387 3395 2464 3466; x_wconf 74' lang='grc' dir='ltr'>μὴ</span> <span class='ocrx_word' id='word_1_768' title='bbox 2492 3394 2811 3465; x_wconf 85' lang='grc' dir='ltr'>διορθῶται;</span> <span class='ocrx_word' id='word_1_769' title='bbox 2856 3389 3066 3458; x_wconf 81' lang='grc' dir='ltr'>Ῥἀϐδῳ</span> <span class='ocrx_word' id='word_1_770' title='bbox 3103 3388 3199 3442; x_wconf 77' lang='grc' dir='ltr'>καὶ</span> <span class='ocrx_word' id='word_1_771' title='bbox 3241 3387 3473 3457; x_wconf 83' lang='grc' dir='ltr'>πληγαῖς</span> <span class='ocrx_word' id='word_1_772' title='bbox 3512 3383 3694 3453; x_wconf 78' lang='grc' dir='ltr'>σωφρό-</span> 
     </span>
    </p>
   </div>
   <div class='ocr_carea' id='block_1_103' title="bbox 2172 3470 3696 3545">
    <p class='ocr_par' dir='ltr' id='par_1_103' title="bbox 2172 3470 3696 3545">
     <span class='ocr_line' id='line_1_103' title="bbox 2172 3470 3696 3545; baseline -0.01 -11"><span class='ocrx_word' id='word_1_773' title='bbox 2172 3497 2340 3535; x_wconf 91' lang='grc' dir='ltr'>νισον.</span> <span class='ocrx_word' id='word_1_774' title='bbox 2376 3481 2522 3533; x_wconf 88' lang='grc' dir='ltr'>Πόσα</span> <span class='ocrx_word' id='word_1_775' title='bbox 2545 3479 2601 3531; x_wconf 84' lang='grc' dir='ltr'>δὲ</span> <span class='ocrx_word' id='word_1_776' title='bbox 2621 3478 2713 3531; x_wconf 71' lang='grc' dir='ltr'>καὶ</span> <span class='ocrx_word' id='word_1_777' title='bbox 2739 3478 2804 3530; x_wconf 78' lang='grc' dir='ltr'>σὺ</span> <span class='ocrx_word' id='word_1_778' title='bbox 2821 3476 2964 3545; x_wconf 76' lang='grc' dir='ltr'>ἔχεις</span> <span class='ocrx_word' id='word_1_779' title='bbox 2987 3472 3362 3541; x_wconf 83' lang='grc' dir='ltr'>ἐλαττώματα.</span> <span class='ocrx_word' id='word_1_780' title='bbox 3396 3471 3485 3524; x_wconf 73' lang='grc' dir='ltr'>καὶ</span> <span class='ocrx_word' id='word_1_781' title='bbox 3504 3470 3561 3522; x_wconf 86' lang='grc' dir='ltr'>ού</span> <span class='ocrx_word' id='word_1_782' title='bbox 3585 3470 3696 3536; x_wconf 85' lang='grc' dir='ltr'>διορ-</span> 
     </span>
    </p>
   </div>
   <div class='ocr_carea' id='block_1_104' title="bbox 2174 3555 3693 3631">
    <p class='ocr_par' dir='ltr' id='par_1_104' title="bbox 2174 3555 3693 3631">
     <span class='ocr_line' id='line_1_104' title="bbox 2174 3555 3693 3631; baseline -0.011 -13"><span class='ocrx_word' id='word_1_783' title='bbox 2174 3563 2364 3618; x_wconf 81' lang='grc' dir='ltr'>θοῦσαι</span> <span class='ocrx_word' id='word_1_784' title='bbox 2391 3579 2406 3627; x_wconf 91' lang='lat'><strong>;</strong></span> <span class='ocrx_word' id='word_1_785' title='bbox 2431 3562 2623 3615; x_wconf 83' lang='grc' dir='ltr'>Ταῦτα</span> <span class='ocrx_word' id='word_1_786' title='bbox 2651 3562 2780 3631; x_wconf 75' lang='grc' dir='ltr'>ἡμῖν</span> <span class='ocrx_word' id='word_1_787' title='bbox 2805 3560 2900 3613; x_wconf 81' lang='grc' dir='ltr'>νῦν</span> <span class='ocrx_word' id='word_1_788' title='bbox 2929 3559 3026 3628; x_wconf 87' lang='grc' dir='ltr'>οὑχ</span> <span class='ocrx_word' id='word_1_789' title='bbox 3061 3557 3202 3628; x_wconf 87' lang='grc' dir='ltr'>ὑπὲρ</span> <span class='ocrx_word' id='word_1_790' title='bbox 3231 3556 3453 3609; x_wconf 86' lang='grc' dir='ltr'>ἐκείνων</span> <span class='ocrx_word' id='word_1_791' title='bbox 3493 3555 3693 3624; x_wconf 74' lang='grc' dir='ltr'>εἴρηται,</span> 
     </span>
    </p>
   </div>
   <div class='ocr_carea' id='block_1_105' title="bbox 2172 3634 3695 3718">
    <p class='ocr_par' dir='ltr' id='par_1_105' title="bbox 2172 3634 3695 3718">
     <span class='ocr_line' id='line_1_105' title="bbox 2172 3634 3695 3718; baseline -0.01 -17"><span class='ocrx_word' id='word_1_792' title='bbox 2172 3648 2288 3701; x_wconf 82' lang='grc' dir='ltr'>ἀλλ’</span> <span class='ocrx_word' id='word_1_793' title='bbox 2319 3647 2460 3718; x_wconf 87' lang='grc' dir='ltr'>ὑπὲρ</span> <span class='ocrx_word' id='word_1_794' title='bbox 2494 3647 2647 3716; x_wconf 87' lang='grc' dir='ltr'>ὑμῶν</span> <span class='ocrx_word' id='word_1_795' title='bbox 2690 3643 2798 3698; x_wconf 91' lang='grc' dir='ltr'>τῶν</span> <span class='ocrx_word' id='word_1_796' title='bbox 2847 3641 3168 3712; x_wconf 84' lang='grc' dir='ltr'>ἐλευθέρων,</span> <span class='ocrx_word' id='word_1_797' title='bbox 3200 3639 3341 3692; x_wconf 88' lang='grc' dir='ltr'>ῶστε</span> <span class='ocrx_word' id='word_1_798' title='bbox 3399 3637 3554 3709; x_wconf 81' lang='grc' dir='ltr'>μηδὲν</span> <span class='ocrx_word' id='word_1_799' title='bbox 3592 3634 3695 3688; x_wconf 83' lang='grc' dir='ltr'>άσε-</span> 
     </span>
    </p>
   </div>
   <div class='ocr_carea' id='block_1_106' title="bbox 2175 3717 3691 3801">
    <p class='ocr_par' dir='ltr' id='par_1_106' title="bbox 2175 3717 3691 3801">
     <span class='ocr_line' id='line_1_106' title="bbox 2175 3717 3691 3801; baseline -0.01 -17"><span class='ocrx_word' id='word_1_800' title='bbox 2175 3749 2324 3801; x_wconf 89' lang='grc' dir='ltr'>μνον,</span> <span class='ocrx_word' id='word_1_801' title='bbox 2345 3717 2508 3800; x_wconf 86' lang='grc' dir='ltr'>μηδὲν</span> <span class='ocrx_word' id='word_1_802' title='bbox 2523 3726 2746 3797; x_wconf 76' lang='grc' dir='ltr'>αἰσχρὸν</span> <span class='ocrx_word' id='word_1_803' title='bbox 2763 3728 2956 3790; x_wconf 88' lang='grc' dir='ltr'>ποιεῖν,</span> <span class='ocrx_word' id='word_1_804' title='bbox 2970 3724 3109 3776; x_wconf 80' lang='grc' dir='ltr'>ὥστε</span> <span class='ocrx_word' id='word_1_805' title='bbox 3134 3722 3208 3793; x_wconf 86' lang='grc' dir='ltr'>μὴ</span> <span class='ocrx_word' id='word_1_806' title='bbox 3224 3721 3480 3792; x_wconf 83' lang='grc' dir='ltr'>βλάπτειν</span> <span class='ocrx_word' id='word_1_807' title='bbox 3502 3717 3691 3801; x_wconf 77' lang='grc' dir='ltr'>ἑαυτάς.</span> 
     </span>
    </p>
   </div>
   <div class='ocr_carea' id='block_1_107' title="bbox 2185 3799 3696 3882">
    <p class='ocr_par' dir='ltr' id='par_1_107' title="bbox 2185 3799 3696 3882">
     <span class='ocr_line' id='line_1_107' title="bbox 2185 3799 3696 3882; baseline -0.011 -16"><span class='ocrx_word' id='word_1_808' title='bbox 2185 3813 2310 3866; x_wconf 80' lang='grc' dir='ltr'>Ἐάν</span> <span class='ocrx_word' id='word_1_809' title='bbox 2336 3799 2393 3866; x_wconf 82' lang='grc' dir='ltr'>ἐν</span> <span class='ocrx_word' id='word_1_810' title='bbox 2431 3811 2576 3882; x_wconf 77' lang='grc' dir='ltr'>οἰκία</span> <span class='ocrx_word' id='word_1_811' title='bbox 2605 3810 2775 3862; x_wconf 82' lang='grc' dir='ltr'>ταῦτα</span> <span class='ocrx_word' id='word_1_812' title='bbox 2825 3805 3121 3877; x_wconf 72' lang='grc' dir='ltr'>παιδευθῇς</span> <span class='ocrx_word' id='word_1_813' title='bbox 3151 3806 3244 3858; x_wconf 70' lang='grc' dir='ltr'>ἐπί¹</span> <span class='ocrx_word' id='word_1_814' title='bbox 3288 3805 3385 3874; x_wconf 82' lang='grc' dir='ltr'>τῆς</span> <span class='ocrx_word' id='word_1_815' title='bbox 3417 3799 3696 3873; x_wconf 85' lang='grc' dir='ltr'>θεραπαινί-</span> 
     </span>
    </p>
   </div>
   <div class='ocr_carea' id='block_1_108' title="bbox 2171 3882 3694 3964">
    <p class='ocr_par' dir='ltr' id='par_1_108' title="bbox 2171 3882 3694 3964">
     <span class='ocr_line' id='line_1_108' title="bbox 2171 3882 3694 3964; baseline -0.011 -16"><span class='ocrx_word' id='word_1_816' title='bbox 2171 3895 2276 3958; x_wconf 83' lang='grc' dir='ltr'>δος,</span> <span class='ocrx_word' id='word_1_817' title='bbox 2308 3896 2400 3948; x_wconf 78' lang='grc' dir='ltr'>καὶ</span> <span class='ocrx_word' id='word_1_818' title='bbox 2429 3891 2705 3963; x_wconf 81' lang='grc' dir='ltr'>προσηνὴς</span> <span class='ocrx_word' id='word_1_819' title='bbox 2739 3886 2806 3964; x_wconf 82' lang='grc' dir='ltr'>ᾖς</span> <span class='ocrx_word' id='word_1_820' title='bbox 2837 3889 2930 3943; x_wconf 70' lang='grc' dir='ltr'>καὶ</span> <span class='ocrx_word' id='word_1_821' title='bbox 2967 3888 3041 3960; x_wconf 86' lang='grc' dir='ltr'>μὴ</span> <span class='ocrx_word' id='word_1_822' title='bbox 3067 3887 3299 3958; x_wconf 80' lang='grc' dir='ltr'>χαλεπὴ,</span> <span class='ocrx_word' id='word_1_823' title='bbox 3324 3885 3499 3956; x_wconf 78' lang='grc' dir='ltr'>πολλῷ</span> <span class='ocrx_word' id='word_1_824' title='bbox 3525 3882 3694 3955; x_wconf 81' lang='grc' dir='ltr'>μᾶλλον</span> 
     </span>
    </p>
   </div>
   <div class='ocr_carea' id='block_1_109' title="bbox 2171 3965 3695 4045">
    <p class='ocr_par' dir='ltr' id='par_1_109' title="bbox 2171 3965 3695 4045">
     <span class='ocr_line' id='line_1_109' title="bbox 2171 3965 3695 4045; baseline -0.008 -15"><span class='ocrx_word' id='word_1_825' title='bbox 2171 3979 2262 4030; x_wconf 85' lang='grc' dir='ltr'>ἐπὶ</span> <span class='ocrx_word' id='word_1_826' title='bbox 2290 3977 2382 4030; x_wconf 83' lang='grc' dir='ltr'>τοῦ</span> <span class='ocrx_word' id='word_1_827' title='bbox 2412 3976 2601 4044; x_wconf 82' lang='grc' dir='ltr'>ἀνδρὸς</span> <span class='ocrx_word' id='word_1_828' title='bbox 2632 3975 2728 4045; x_wconf 74' lang='grc' dir='ltr'>ἔσῃ</span> <span class='ocrx_word' id='word_1_829' title='bbox 2763 3972 3008 4042; x_wconf 91' lang='grc' dir='ltr'>τοιαύτη.</span> <span class='ocrx_word' id='word_1_830' title='bbox 3040 3972 3103 4024; x_wconf 70' lang='lat' dir='ltr'>El</span> <span class='ocrx_word' id='word_1_831' title='bbox 3134 3970 3242 4042; x_wconf 84' lang='grc' dir='ltr'>γάρ</span> <span class='ocrx_word' id='word_1_832' title='bbox 3272 3968 3517 4035; x_wconf 82' lang='grc' dir='ltr'>ἐξουσίας</span> <span class='ocrx_word' id='word_1_833' title='bbox 3555 3965 3695 4034; x_wconf 75' lang='grc' dir='ltr'>οὔσης</span> 
     </span>
    </p>
   </div>
   <div class='ocr_carea' id='block_1_110' title="bbox 2175 4050 3691 4132">
    <p class='ocr_par' dir='ltr' id='par_1_110' title="bbox 2175 4050 3691 4132">
     <span class='ocr_line' id='line_1_110' title="bbox 2175 4050 3691 4132; baseline -0.011 -17"><span class='ocrx_word' id='word_1_834' title='bbox 2175 4062 2338 4132; x_wconf 85' lang='grc' dir='ltr'>μηδὲν</span> <span class='ocrx_word' id='word_1_835' title='bbox 2366 4059 2599 4113; x_wconf 84' lang='grc' dir='ltr'>τοιοῦτον</span> <span class='ocrx_word' id='word_1_836' title='bbox 2631 4057 2969 4130; x_wconf 75' lang='grc' dir='ltr'>ἐργαζομένη</span> <span class='ocrx_word' id='word_1_837' title='bbox 3011 4055 3229 4125; x_wconf 77' lang='grc' dir='ltr'>δειχθῇς</span> <span class='ocrx_word' id='word_1_838' title='bbox 3249 4094 3263 4117; x_wconf 97' lang='grc'>,</span> <span class='ocrx_word' id='word_1_839' title='bbox 3295 4051 3473 4120; x_wconf 86' lang='grc' dir='ltr'>πολλῴ</span> <span class='ocrx_word' id='word_1_840' title='bbox 3504 4050 3691 4120; x_wconf 78' lang='grc' dir='ltr'>μᾶλλον,</span> 
     </span>
    </p>
   </div>
   <div class='ocr_carea' id='block_1_111' title="bbox 2170 4133 3694 4208">
    <p class='ocr_par' dir='ltr' id='par_1_111' title="bbox 2170 4133 3694 4208">
     <span class='ocr_line' id='line_1_111' title="bbox 2170 4133 3694 4208; baseline -0.011 -9"><span class='ocrx_word' id='word_1_841' title='bbox 2170 4145 2297 4198; x_wconf 75' lang='grc' dir='ltr'>ἔνθα</span> <span class='ocrx_word' id='word_1_842' title='bbox 2324 4145 2385 4197; x_wconf 73' lang='grc' dir='ltr'>τὺ</span> <span class='ocrx_word' id='word_1_843' title='bbox 2419 4143 2623 4196; x_wconf 89' lang='grc' dir='ltr'>κωλύον</span> <span class='ocrx_word' id='word_1_844' title='bbox 2656 4142 2821 4204; x_wconf 71' lang='grc' dir='ltr'>ἐστὶν,</span> <span class='ocrx_word' id='word_1_845' title='bbox 2845 4138 2996 4192; x_wconf 82' lang='grc' dir='ltr'>οὐδὲν</span> <span class='ocrx_word' id='word_1_846' title='bbox 3023 4138 3236 4208; x_wconf 82' lang='grc' dir='ltr'>ἐργάσῃ</span> <span class='ocrx_word' id='word_1_847' title='bbox 3261 4135 3516 4188; x_wconf 80' lang='grc' dir='ltr'>τοιοῦτον.</span> <span class='ocrx_word' id='word_1_848' title='bbox 3557 4133 3694 4184; x_wconf 83' lang='grc' dir='ltr'>Ὥστε</span> 
     </span>
    </p>
   </div>
   <div class='ocr_carea' id='block_1_112' title="bbox 2169 4215 3695 4300">
    <p class='ocr_par' dir='ltr' id='par_1_112' title="bbox 2169 4215 3695 4300">
     <span class='ocr_line' id='line_1_112' title="bbox 2169 4215 3695 4300; baseline -0.009 -18"><span class='ocrx_word' id='word_1_849' title='bbox 2169 4231 2204 4299; x_wconf 79' lang='grc' dir='ltr'>ἡ</span> <span class='ocrx_word' id='word_1_850' title='bbox 2237 4229 2362 4300; x_wconf 72' lang='grc' dir='ltr'>περὶ</span> <span class='ocrx_word' id='word_1_851' title='bbox 2389 4228 2498 4288; x_wconf 69' lang='grc' dir='ltr'>τὰς.</span> <span class='ocrx_word' id='word_1_852' title='bbox 2538 4223 2922 4293; x_wconf 82' lang='grc' dir='ltr'>θεραπαινίδας</span> <span class='ocrx_word' id='word_1_853' title='bbox 2960 4221 3246 4291; x_wconf 87' lang='grc' dir='ltr'>φιλοσοφία</span> <span class='ocrx_word' id='word_1_854' title='bbox 3268 4295 3293 4300; x_wconf 77' lang='lat'><strong>_</strong></span> <span class='ocrx_word' id='word_1_855' title='bbox 3305 4219 3531 4289; x_wconf 82' lang='grc' dir='ltr'>μέγιστα</span> 
     </span>
    </p>
   </div>
   <div class='ocr_carea' id='block_1_113' title="bbox 2168 4295 3697 4381">
    <p class='ocr_par' dir='ltr' id='par_1_113' title="bbox 2168 4295 3697 4381">
     <span class='ocr_line' id='line_1_113' title="bbox 2168 4295 3697 4381; baseline -0.01 -16"><span class='ocrx_word' id='word_1_856' title='bbox 2168 4295 2247 4372; x_wconf 71' lang='grc' dir='ltr'>εἰς</span> <span class='ocrx_word' id='word_1_857' title='bbox 2267 4295 2366 4381; x_wconf 68' lang='grc' dir='ltr'>τὴν</span> <span class='ocrx_word' id='word_1_858' title='bbox 2394 4310 2502 4362; x_wconf 89' lang='grc' dir='ltr'>τῶν</span> <span class='ocrx_word' id='word_1_859' title='bbox 2531 4307 2736 4378; x_wconf 89' lang='grc' dir='ltr'>ἀνδρῶν</span> <span class='ocrx_word' id='word_1_860' title='bbox 2766 4304 2976 4358; x_wconf 75' lang='grc' dir='ltr'>εὔνοιαν</span> <span class='ocrx_word' id='word_1_861' title='bbox 2999 4303 3214 4372; x_wconf 85' lang='grc' dir='ltr'>ὠφελεῖ.</span> <span class='ocrx_word' id='word_1_862' title='bbox 3267 4295 3342 4372; x_wconf 72' lang='grc' dir='ltr'>’ρ</span> <span class='ocrx_word' id='word_1_863' title='bbox 3376 4304 3484 4370; x_wconf 76' lang='grc' dir='ltr'>γὰρ</span> <span class='ocrx_word' id='word_1_864' title='bbox 3531 4297 3697 4381; x_wconf 66' lang='grc' dir='ltr'>μέτμρ</span> 
     </span>
    </p>
   </div>
   <div class='ocr_carea' id='block_1_114' title="bbox 2164 4377 3701 4466">
    <p class='ocr_par' dir='ltr' id='par_1_114' title="bbox 2164 4377 3701 4466">
     <span class='ocr_line' id='line_1_114' title="bbox 2164 4377 3701 4466; baseline -0.014 -17"><span class='ocrx_word' id='word_1_865' title='bbox 2164 4377 2444 4466; x_wconf 72' lang='grc' dir='ltr'>μετρεῖτε,</span> <span class='ocrx_word' id='word_1_866' title='bbox 2481 4377 2662 4460; x_wconf 77' lang='grc' dir='ltr'>φησὶν,</span> <span class='ocrx_word' id='word_1_867' title='bbox 2715 4387 3276 4457; x_wconf 80' lang='grc' dir='ltr'>ἀντιμετρηθήσεται</span> <span class='ocrx_word' id='word_1_868' title='bbox 3327 4383 3486 4452; x_wconf 81' lang='grc' dir='ltr'>ὑμῖν.</span> <span class='ocrx_word' id='word_1_869' title='bbox 3521 4381 3612 4444; x_wconf 85' lang='grc' dir='ltr'>Θὲς</span> <span class='ocrx_word' id='word_1_870' title='bbox 3632 4377 3701 4446; x_wconf 75' lang='grc' dir='ltr'>τῷ,</span> 
     </span>
    </p>
   </div>
   <div class='ocr_carea' id='block_1_115' title="bbox 2169 4466 3692 4548">
    <p class='ocr_par' dir='ltr' id='par_1_115' title="bbox 2169 4466 3692 4548">
     <span class='ocr_line' id='line_1_115' title="bbox 2169 4466 3692 4548; baseline -0.011 -16"><span class='ocrx_word' id='word_1_871' title='bbox 2169 4479 2396 4548; x_wconf 91' lang='grc' dir='ltr'>στόματι</span> <span class='ocrx_word' id='word_1_872' title='bbox 2421 4475 2656 4547; x_wconf 70' lang='grc' dir='ltr'>χαλινόνο</span> <span class='ocrx_word' id='word_1_873' title='bbox 2691 4475 2795 4533; x_wconf 73' lang='grc' dir='ltr'>κᾶν</span> <span class='ocrx_word' id='word_1_874' title='bbox 2825 4472 3207 4542; x_wconf 80' lang='grc' dir='ltr'>ἐγγυμνασθῇς</span> <span class='ocrx_word' id='word_1_875' title='bbox 3235 4466 3582 4539; x_wconf 84' lang='grc' dir='ltr'>θεραπαινίδα</span> <span class='ocrx_word' id='word_1_876' title='bbox 3607 4480 3692 4534; x_wconf 89' lang='grc' dir='ltr'>χα-</span> 
     </span>
    </p>
   </div>
   <div class='ocr_carea' id='block_1_116' title="bbox 2168 4550 3695 4630">
    <p class='ocr_par' dir='ltr' id='par_1_116' title="bbox 2168 4550 3695 4630">
     <span class='ocr_line' id='line_1_116' title="bbox 2168 4550 3695 4630; baseline -0.012 -15"><span class='ocrx_word' id='word_1_877' title='bbox 2168 4563 2526 4615; x_wconf 89' lang='grc' dir='ltr'>λεπαίνουσαν</span> <span class='ocrx_word' id='word_1_878' title='bbox 2576 4559 2762 4630; x_wconf 85' lang='grc' dir='ltr'>φέρειν</span> <span class='ocrx_word' id='word_1_879' title='bbox 2812 4555 3096 4626; x_wconf 89' lang='grc' dir='ltr'>γενναίως,</span> <span class='ocrx_word' id='word_1_880' title='bbox 3157 4553 3292 4623; x_wconf 82' lang='grc' dir='ltr'>πρὸς</span> <span class='ocrx_word' id='word_1_881' title='bbox 3325 4553 3422 4622; x_wconf 79' lang='grc' dir='ltr'>τὴν</span> <span class='ocrx_word' id='word_1_882' title='bbox 3463 4550 3695 4620; x_wconf 85' lang='grc' dir='ltr'>ὁμότιμον</span> 
     </span>
    </p>
   </div>
   <div class='ocr_carea' id='block_1_117' title="bbox 2168 4629 3698 4714">
    <p class='ocr_par' dir='ltr' id='par_1_117' title="bbox 2168 4629 3698 4714">
     <span class='ocr_line' id='line_1_117' title="bbox 2168 4629 3698 4714; baseline -0.01 -17"><span class='ocrx_word' id='word_1_883' title='bbox 2168 4645 2287 4698; x_wconf 78' lang='grc' dir='ltr'>οὐδὲ</span> <span class='ocrx_word' id='word_1_884' title='bbox 2308 4641 2631 4714; x_wconf 80' lang='grc' dir='ltr'>ὑϐρίζουσαν</span> <span class='ocrx_word' id='word_1_885' title='bbox 2673 4641 3041 4710; x_wconf 74' lang='grc' dir='ltr'>δυσχερανεῖςο</span> <span class='ocrx_word' id='word_1_886' title='bbox 3077 4636 3152 4708; x_wconf 83' lang='grc' dir='ltr'>μὴ</span> <span class='ocrx_word' id='word_1_887' title='bbox 3191 4635 3606 4705; x_wconf 84' lang='grc' dir='ltr'>δυσχεραίνουσα</span> <span class='ocrx_word' id='word_1_888' title='bbox 3628 4629 3698 4694; x_wconf 78' lang='grc' dir='ltr'>δὲ,</span> 
     </span>
    </p>
   </div>
   <div class='ocr_carea' id='block_1_118' title="bbox 2167 4715 3694 4798">
    <p class='ocr_par' dir='ltr' id='par_1_118' title="bbox 2167 4715 3694 4798">
     <span class='ocr_line' id='line_1_118' title="bbox 2167 4715 3694 4798; baseline -0.009 -18"><span class='ocrx_word' id='word_1_889' title='bbox 2167 4728 2265 4797; x_wconf 83' lang='grc' dir='ltr'>τὴν</span> <span class='ocrx_word' id='word_1_890' title='bbox 2298 4726 2473 4798; x_wconf 85' lang='grc' dir='ltr'>ἄκραν</span> <span class='ocrx_word' id='word_1_891' title='bbox 2525 4723 2840 4795; x_wconf 81' lang='grc' dir='ltr'>φιλοσοφίαν</span> <span class='ocrx_word' id='word_1_892' title='bbox 2883 4721 3273 4792; x_wconf 85' lang='grc' dir='ltr'>κατώρθωσας.</span> <span class='ocrx_word' id='word_1_893' title='bbox 3310 4718 3428 4770; x_wconf 79' lang='grc' dir='ltr'>Εἰσὶ</span> <span class='ocrx_word' id='word_1_894' title='bbox 3471 4715 3525 4769; x_wconf 87' lang='grc' dir='ltr'>δέ</span> <span class='ocrx_word' id='word_1_895' title='bbox 3552 4729 3694 4774; x_wconf 83' lang='grc' dir='ltr'>τινες.</span> 
     </span>
    </p>
   </div>
   <div class='ocr_carea' id='block_1_119' title="bbox 2168 4799 3696 4880">
    <p class='ocr_par' dir='ltr' id='par_1_119' title="bbox 2168 4799 3696 4880">
     <span class='ocr_line' id='line_1_119' title="bbox 2168 4799 3696 4880; baseline -0.012 -16"><span class='ocrx_word' id='word_1_896' title='bbox 2168 4813 2224 4864; x_wconf 84' lang='grc' dir='ltr'>αἳ</span> <span class='ocrx_word' id='word_1_897' title='bbox 2253 4811 2348 4864; x_wconf 78' lang='grc' dir='ltr'>καὶ</span> <span class='ocrx_word' id='word_1_898' title='bbox 2375 4812 2567 4880; x_wconf 84' lang='grc' dir='ltr'>ὅρκους</span> <span class='ocrx_word' id='word_1_899' title='bbox 2621 4805 3036 4877; x_wconf 87' lang='grc' dir='ltr'>προστιθέασιν·</span> <span class='ocrx_word' id='word_1_900' title='bbox 3073 4803 3224 4856; x_wconf 71' lang='grc' dir='ltr'>οὐδὲν</span> <span class='ocrx_word' id='word_1_901' title='bbox 3266 4801 3323 4854; x_wconf 81' lang='grc' dir='ltr'>δὲ</span> <span class='ocrx_word' id='word_1_902' title='bbox 3379 4799 3696 4868; x_wconf 75' lang='grc' dir='ltr'>αἰσχρότερον</span> 
     </span>
    </p>
   </div>
   <div class='ocr_carea' id='block_1_120' title="bbox 2167 4886 3694 4968">
    <p class='ocr_par' dir='ltr' id='par_1_120' title="bbox 2167 4886 3694 4968">
     <span class='ocr_line' id='line_1_120' title="bbox 2167 4886 3694 4968; baseline -0.008 -16"><span class='ocrx_word' id='word_1_903' title='bbox 2167 4899 2263 4968; x_wconf 76' lang='grc' dir='ltr'>τῆς</span> <span class='ocrx_word' id='word_1_904' title='bbox 2299 4897 2439 4951; x_wconf 76' lang='grc' dir='ltr'>οὕτω</span> <span class='ocrx_word' id='word_1_905' title='bbox 2478 4895 2840 4967; x_wconf 84' lang='grc' dir='ltr'>θυμουμένης.</span> <span class='ocrx_word' id='word_1_906' title='bbox 2893 4894 2959 4945; x_wconf 89' lang='grc' dir='ltr'>Τί</span> <span class='ocrx_word' id='word_1_907' title='bbox 3002 4888 3117 4952; x_wconf 80' lang='grc' dir='ltr'>οὖν.</span> <span class='ocrx_word' id='word_1_908' title='bbox 3174 4891 3241 4942; x_wconf 81' lang='grc' dir='ltr'>ἂν</span> <span class='ocrx_word' id='word_1_909' title='bbox 3293 4886 3694 4968; x_wconf 78' lang='grc' dir='ltr'>καλλωπίζηται.</span> 
     </span>
    </p>
   </div>
   <div class='ocr_carea' id='block_1_121' title="bbox 2169 4965 3696 5051">
    <p class='ocr_par' dir='ltr' id='par_1_121' title="bbox 2169 4965 3696 5051">
     <span class='ocr_line' id='line_1_121' title="bbox 2169 4965 3696 5051; baseline -0.012 -17"><span class='ocrx_word' id='word_1_910' title='bbox 2169 4965 2300 5051; x_wconf 86' lang='grc' dir='ltr'>φησί</span> <span class='ocrx_word' id='word_1_911' title='bbox 2323 4997 2337 5045; x_wconf 86' lang='grc'>;</span> <span class='ocrx_word' id='word_1_912' title='bbox 2367 4977 2535 5032; x_wconf 80' lang='grc' dir='ltr'>Τοῦτο</span> <span class='ocrx_word' id='word_1_913' title='bbox 2551 4965 2813 5038; x_wconf 66' lang='grc' dir='ltr'>⁷κώλυσον,</span> <span class='ocrx_word' id='word_1_914' title='bbox 2845 4977 2935 5030; x_wconf 73' lang='grc' dir='ltr'>καὶ</span> <span class='ocrx_word' id='word_1_915' title='bbox 2951 4975 3059 5044; x_wconf 79' lang='grc' dir='ltr'>ἐγὼ</span> <span class='ocrx_word' id='word_1_916' title='bbox 3087 4973 3360 5044; x_wconf 88' lang='grc' dir='ltr'>σύμφημι·</span> <span class='ocrx_word' id='word_1_917' title='bbox 3391 4969 3617 5023; x_wconf 88' lang='grc' dir='ltr'>κώλυσον</span> 
     </span>
    </p>
   </div>
   <div class='ocr_carea' id='block_1_122' title="bbox 2167 5051 3696 5133">
    <p class='ocr_par' dir='ltr' id='par_1_122' title="bbox 2167 5051 3696 5133">
     <span class='ocr_line' id='line_1_122' title="bbox 2167 5051 3696 5133; baseline -0.007 -16"><span class='ocrx_word' id='word_1_918' title='bbox 2167 5066 2274 5117; x_wconf 73' lang='grc' dir='ltr'>ἀπὸ</span> <span class='ocrx_word' id='word_1_919' title='bbox 2331 5063 2532 5132; x_wconf 87' lang='grc' dir='ltr'>σαυτῆς</span> <span class='ocrx_word' id='word_1_920' title='bbox 2581 5061 2896 5133; x_wconf 84' lang='grc' dir='ltr'>ἀρχομένη,</span> <span class='ocrx_word' id='word_1_921' title='bbox 2932 5061 3004 5129; x_wconf 78' lang='grc' dir='ltr'>μὴ</span> <span class='ocrx_word' id='word_1_922' title='bbox 3059 5058 3209 5128; x_wconf 84' lang='grc' dir='ltr'>φόϐῳ</span> <span class='ocrx_word' id='word_1_923' title='bbox 3263 5055 3535 5112; x_wconf 80' lang='grc' dir='ltr'>τοσοῦτον.</span> <span class='ocrx_word' id='word_1_924' title='bbox 3592 5051 3696 5133; x_wconf 53' lang='grc' dir='ltr'>ὃσογ</span> 
     </span>
    </p>
   </div>
   <div class='ocr_carea' id='block_1_123' title="bbox 2169 5127 3699 5217">
    <p class='ocr_par' dir='ltr' id='par_1_123' title="bbox 2169 5127 3699 5217">
     <span class='ocr_line' id='line_1_123' title="bbox 2169 5127 3699 5217; baseline -0.011 -17"><span class='ocrx_word' id='word_1_925' title='bbox 2169 5127 2541 5217; x_wconf 80' lang='grc' dir='ltr'>ὑποδείγματι·</span> <span class='ocrx_word' id='word_1_926' title='bbox 2584 5127 2687 5198; x_wconf 65' lang='grc' dir='ltr'>εὰὄ</span> <span class='ocrx_word' id='word_1_927' title='bbox 2727 5127 2785 5197; x_wconf 80' lang='grc' dir='ltr'>ἐν</span> <span class='ocrx_word' id='word_1_928' title='bbox 2827 5127 2992 5196; x_wconf 81' lang='grc' dir='ltr'>πᾶσιν</span> <span class='ocrx_word' id='word_1_929' title='bbox 3043 5127 3350 5212; x_wconf 85' lang='grc' dir='ltr'>ἀρχέτυπος</span> <span class='ocrx_word' id='word_1_930' title='bbox 3399 5133 3577 5188; x_wconf 87' lang='grc' dir='ltr'>εἰκών.</span> <span class='ocrx_word' id='word_1_931' title='bbox 3606 5127 3699 5217; x_wconf 54' lang='grc' dir='ltr'>Κςιὶ</span> 
     </span>
    </p>
   </div>
   <div class='ocr_carea' id='block_1_124' title="bbox 2163 5211 3699 5300">
    <p class='ocr_par' dir='ltr' id='par_1_124' title="bbox 2163 5211 3699 5300">
     <span class='ocr_line' id='line_1_124' title="bbox 2163 5211 3699 5300; baseline 0.005 -17"><span class='ocrx_word' id='word_1_932' title='bbox 2163 5211 2546 5300; x_wconf 61' lang='grc' dir='ltr'>βλασφημία,</span> <span class='ocrx_word' id='word_1_933' title='bbox 2577 5231 2763 5298; x_wconf 73' lang='grc' dir='ltr'>φησὶν,</span> <span class='ocrx_word' id='word_1_934' title='bbox 2819 5227 3052 5295; x_wconf 82' lang='grc' dir='ltr'>ἀρθήτω</span> <span class='ocrx_word' id='word_1_935' title='bbox 3086 5211 3189 5294; x_wconf 11' lang='grc' dir='ltr'>γὰρ’</span> <span class='ocrx_word' id='word_1_936' title='bbox 3225 5221 3412 5291; x_wconf 80' lang='grc' dir='ltr'>ὑμῶν·</span> <span class='ocrx_word' id='word_1_937' title='bbox 3443 5220 3580 5288; x_wconf 75' lang='grc' dir='ltr'>Ὅρα</span> <span class='ocrx_word' id='word_1_938' title='bbox 3600 5211 3699 5300; x_wconf 67' lang='grc' dir='ltr'>πῶξ</span> 
     </span>
    </p>
   </div>
   <div class='ocr_carea' id='block_1_125' title="bbox 2170 5294 3698 5382">
    <p class='ocr_par' dir='ltr' id='par_1_125' title="bbox 2170 5294 3698 5382">
     <span class='ocr_line' id='line_1_125' title="bbox 2170 5294 3698 5382; baseline -0.013 -16"><span class='ocrx_word' id='word_1_939' title='bbox 2170 5294 2380 5382; x_wconf 80' lang='grc' dir='ltr'>πρόεισι</span> <span class='ocrx_word' id='word_1_940' title='bbox 2405 5294 2488 5366; x_wconf 43' lang='grc' dir='ltr'>Ἶτὸ</span> <span class='ocrx_word' id='word_1_941' title='bbox 2529 5294 2716 5366; x_wconf 80' lang='grc' dir='ltr'>κακόν.</span> <span class='ocrx_word' id='word_1_942' title='bbox 2775 5294 3066 5382; x_wconf 13' lang='grc' dir='ltr'>Ἢνπικρία</span> <span class='ocrx_word' id='word_1_943' title='bbox 3111 5308 3204 5361; x_wconf 87' lang='grc' dir='ltr'>τὸν</span> <span class='ocrx_word' id='word_1_944' title='bbox 3247 5305 3416 5368; x_wconf 77' lang='grc' dir='ltr'>θυμὸν</span> <span class='ocrx_word' id='word_1_945' title='bbox 3460 5294 3698 5382; x_wconf 79' lang='grc' dir='ltr'>ἐτεκεν,ὀ</span> 
     </span>
    </p>
   </div>
   <div class='ocr_carea' id='block_1_126' title="bbox 2169 5380 3696 5468">
    <p class='ocr_par' dir='ltr' id='par_1_126' title="bbox 2169 5380 3696 5468">
     <span class='ocr_line' id='line_1_126' title="bbox 2169 5380 3696 5468; baseline 0.001 -19"><span class='ocrx_word' id='word_1_946' title='bbox 2169 5380 2334 5467; x_wconf 74' lang='grc' dir='ltr'>θυμὸς</span> <span class='ocrx_word' id='word_1_947' title='bbox 2361 5399 2461 5468; x_wconf 75' lang='grc' dir='ltr'>τὴν</span> <span class='ocrx_word' id='word_1_948' title='bbox 2487 5397 2678 5468; x_wconf 83' lang='grc' dir='ltr'>ὀργὴν,</span> <span class='ocrx_word' id='word_1_949' title='bbox 2701 5398 2732 5467; x_wconf 86' lang='grc' dir='ltr'><strong>ἡ</strong></span> <span class='ocrx_word' id='word_1_950' title='bbox 2753 5397 2889 5466; x_wconf 85' lang='grc' dir='ltr'>ὀργὴ</span> <span class='ocrx_word' id='word_1_951' title='bbox 2917 5380 3014 5464; x_wconf 71' lang='grc' dir='ltr'>τήν</span> <span class='ocrx_word' id='word_1_952' title='bbox 3041 5393 3309 5462; x_wconf 79' lang='grc' dir='ltr'>κραυγὴν,</span> <span class='ocrx_word' id='word_1_953' title='bbox 3335 5393 3366 5458; x_wconf 82' lang='grc' dir='ltr'>ἡ</span> <span class='ocrx_word' id='word_1_954' title='bbox 3391 5384 3598 5457; x_wconf 76' lang='grc' dir='ltr'>κραυγὴ</span> <span class='ocrx_word' id='word_1_955' title='bbox 3613 5380 3696 5468; x_wconf 48' lang='grc' dir='ltr'>τὴν</span> 
     </span>
    </p>
   </div>
   <div class='ocr_carea' id='block_1_127' title="bbox 2170 5461 3698 5551">
    <p class='ocr_par' dir='ltr' id='par_1_127' title="bbox 2170 5461 3698 5551">
     <span class='ocr_line' id='line_1_127' title="bbox 2170 5461 3698 5551; baseline -0.014 -17"><span class='ocrx_word' id='word_1_956' title='bbox 2170 5461 2533 5551; x_wconf 71' lang='grc' dir='ltr'>βλασφημίαν,</span> <span class='ocrx_word' id='word_1_957' title='bbox 2567 5461 2848 5543; x_wconf 59' lang='grc' dir='ltr'>τουτέστι,</span> <span class='ocrx_word' id='word_1_958' title='bbox 2878 5461 2995 5542; x_wconf 64' lang='grc' dir='ltr'>’τάξ</span> <span class='ocrx_word' id='word_1_959' title='bbox 3017 5461 3297 5547; x_wconf 86' lang='grc' dir='ltr'>λοιδορίας·</span> <span class='ocrx_word' id='word_1_960' title='bbox 3339 5473 3372 5541; x_wconf 82' lang='grc' dir='ltr'>ἡ</span> <span class='ocrx_word' id='word_1_961' title='bbox 3407 5461 3698 5551; x_wconf 78' lang='grc' dir='ltr'>βλασφημία</span> 
     </span>
    </p>
   </div>
   <div class='ocr_carea' id='block_1_128' title="bbox 2167 5542 3698 5634">
    <p class='ocr_par' dir='ltr' id='par_1_128' title="bbox 2167 5542 3698 5634">
     <span class='ocr_line' id='line_1_128' title="bbox 2167 5542 3698 5634; baseline -0.007 -18"><span class='ocrx_word' id='word_1_962' title='bbox 2167 5542 2638 5634; x_wconf 30' lang='grc' dir='ltr'>λοιπὸννηπληγὰς,</span> <span class='ocrx_word' id='word_1_963' title='bbox 2691 5561 2840 5634; x_wconf 71' lang='lat' dir='ltr'>[HS]</span> <span class='ocrx_word' id='word_1_964' title='bbox 2886 5563 2943 5616; x_wconf 91' lang='grc' dir='ltr'>αί</span> <span class='ocrx_word' id='word_1_965' title='bbox 3024 5542 3227 5631; x_wconf 85' lang='grc' dir='ltr'>πληγαί</span> <span class='ocrx_word' id='word_1_966' title='bbox 3286 5554 3594 5628; x_wconf 81' lang='grc' dir='ltr'>τραύματα,</span> <span class='ocrx_word' id='word_1_967' title='bbox 3638 5542 3698 5602; x_wconf 67' lang='grc' dir='ltr'>τᾶ</span> 
     </span>
    </p>
   </div>
   <div class='ocr_carea' id='block_1_129' title="bbox 2233 5787 2906 5853">
    <p class='ocr_par' dir='ltr' id='par_1_129' title="bbox 2233 5787 2906 5853">
     <span class='ocr_line' id='line_1_129' title="bbox 2233 5787 2906 5853; baseline -0.003 -12"><span class='ocrx_word' id='word_1_968' title='bbox 2233 5791 2258 5832; x_wconf 74' lang='grc' dir='ltr'>ι’</span> <span class='ocrx_word' id='word_1_969' title='bbox 2286 5789 2434 5853; x_wconf 76' lang='lat' dir='ltr'>Marg.</span> <span class='ocrx_word' id='word_1_970' title='bbox 2457 5787 2603 5840; x_wconf 71' lang='lat' dir='ltr'>Savil.</span> <span class='ocrx_word' id='word_1_971' title='bbox 2627 5787 2906 5851; x_wconf 77' lang='grc' dir='ltr'>περισύρειν.</span> 
     </span>
    </p>
   </div>
  </div>
