3974 6502
182 403 280 461 109

181 526 520 588 acceptaeque
549 517 758 587 injuria:
782 530 1098 579 memorem,
1127 524 1180 570 et
1200 515 1291 584 qui
1318 521 1401 569 est
1426 513 1537 583 ipsa
1563 525 1657 581 per
1684 524 1743 565 se

177 609 527 666 amarulentia
546 619 601 665 et
628 609 747 663 bilis
782 626 796 664 :
824 623 923 665 nos
949 608 1033 664 hic
1062 607 1325 678 loquimur
1350 604 1419 660 de
1444 603 1602 674 hujus
1624 600 1742 656 vitii

179 711 421 773 prompta
464 700 830 770 subreptione.

240 793 290 847 5.
320 793 403 846 Ad
432 791 728 863 hocitaque
758 808 864 847 non
896 807 1080 861 parum
1107 787 1603 846 conferterudiisse
1622 786 1745 841 ani-

173 902 332 952 niam,
367 895 427 941 ut
455 900 743 955 numquam
773 885 965 941 clamet
982 892 1037 940 et
1062 883 1399 939 vociferetur.
1430 881 1527 936 ira!
1544 893 1745 950 pennas

173 988 439 1047 amputas,
469 978 513 1032 si
535 977 746 1033 auferas
767 978 1094 1043 clamorem;
1123 977 1299 1031 cordis
1316 987 1579 1029 tumorem
1596 987 1744 1027 com—

174 1070 381 1138 primis.
436 1069 587 1125 Sicut
624 1071 767 1125 enim
790 1070 905 1125 fieri
939 1084 1047 1125 non
1078 1078 1252 1139 potest
1271 1076 1329 1123 ut
1354 1067 1602 1131 luctetur,
1649 1064 1740 1132 qui

171 1175 361 1215 manus
414 1176 520 1215 non
574 1171 764 1217 contra
812 1163 1116 1233 quempiam
1170 1159 1479 1215 sustulerit:
1527 1158 1598 1212 ita
1628 1156 1740 1211 fieri

170 1267 268 1305 non
298 1261 480 1321 potest
512 1262 570 1305 ut
597 1254 683 1322 qui
714 1269 819 1307 non
851 1254 1046 1308 clamat
1071 1253 1361 1308 irretiatur.
1386 1250 1516 1319 Liga
1552 1263 1740 1302 manus

171 1344 385 1413 pugilis,
415 1353 470 1397 et
491 1344 621 1414 jube
637 1359 915 1415 pugnare;
942 1344 1036 1400 sed
1062 1359 1166 1400 non
1195 1343 1388 1415 poterit
1417 1361 1431 1397 :
1460 1342 1539 1396 sic
1567 1354 1740 1409 neque

170 1437 257 1490 ira.
284 1436 513 1490 Clamor
538 1447 714 1490 autem
737 1438 894 1491 etiam
917 1452 1033 1492 eam
1054 1452 1171 1507 quae
1193 1451 1297 1491 non
1328 1443 1410 1490 est
1427 1433 1619 1488 excitat
1643 1448 1657 1484 :
1687 1437 1742 1485 et

170 1527 398 1581 maxime
452 1526 579 1582 hinc
624 1528 731 1582 cito
781 1527 987 1597 capitur
1034 1542 1203 1598 genus
1253 1526 1574 1589 mulierum,
1618 1537 1737 1593 qua:

169 1615 379 1685 quando
432 1617 734 1671 irascuntur
763 1617 1007 1683 ancillis,
1057 1626 1220 1671 totam
1250 1616 1463 1669 domum
1515 1615 1738 1683 implent

169 1723 257 1761 suo
286 1708 552 1763 clamore.
598 1707 753 1776 Sa-pe
792 1716 968 1761 autem
997 1706 1042 1760 si
1069 1707 1260 1761 domus
1297 1705 1556 1760 aedificata
1586 1705 1655 1758 sit
1682 1704 1734 1757 in

169 1798 445 1867 angiportu
464 1840 482 1865 ,
532 1813 721 1853 omnes
748 1800 836 1868 qui
866 1806 1141 1853 transeunt
1164 1839 1179 1864 ,
1230 1796 1451 1851 audiunt
1479 1811 1596 1851 eam
1622 1796 1736 1849 cla-

169 1902 423 1957 mantcm,
457 1899 511 1944 et
531 1891 779 1945 ancillam
801 1889 1108 1960 ejulantem.
1143 1889 1406 1957 Quidnam
1437 1888 1595 1943 fuerit
1623 1898 1736 1942 tur-

170 1985 297 2054 pius,
332 1994 391 2039 et
415 1983 588 2053 magis
632 1982 943 2038 indecorum
971 1998 1128 2053 quam
1154 1981 1339 2036 audire
1364 1980 1519 2035 ﬂetus
1544 1990 1597 2036 et
1620 1981 1736 2050 eju-

170 2078 338 2131 Iatus?
370 2076 571 2132 Omnes
615 2078 794 2132 statim
824 2078 1206 2147 proSpicientes
1232 2074 1359 2146 quid
1393 2076 1503 2129 illic
1537 2074 1732 2129 factum

169 2170 224 2221 sit
250 2170 592 2238 interrogant
619 2186 632 2221 :
657 2167 773 2235 Illa,
803 2169 1068 2239 inquiunt,
1100 2168 1345 2222 ancillam
1372 2181 1521 2221 suam
1549 2167 1734 2223 verbe-

171 2264 267 2315 rat.
328 2254 601 2323 Quidnam
659 2259 761 2313 hoc
795 2260 956 2314 fuerit
983 2260 1379 2329 impudentius?
1407 2260 1542 2326 Quid
1560 2259 1732 2330 ergo?

169 2366 261 2401 non
289 2359 507 2417 oportet
530 2348 817 2404 verberare
843 2350 866 2403 ?
894 2349 1006 2404 Non
1035 2350 1135 2405 hoc
1160 2349 1301 2418 dico,
1330 2359 1540 2420 oportet
1562 2351 1727 2415 enim;

168 2444 249 2497 sed
279 2459 384 2500 nec
408 2444 645 2509 assidue,
697 2460 796 2499 nec
840 2459 998 2515 supra
1029 2444 1267 2511 modum,
1290 2461 1390 2501 nec
1415 2460 1512 2514 pro
1536 2445 1635 2500 sibi
1663 2444 1733 2498 fa-

166 2536 259 2589 ctis
289 2535 537 2604 injuriis;
580 2535 718 2605 quod
743 2550 955 2605 semper
988 2536 1130 2603 dico,
1158 2550 1265 2590 non
1286 2536 1330 2590 si
1358 2536 1410 2590 in
1435 2536 1731 2590 ministerio

162 2624 324 2679 fuerit
369 2625 568 2696 aliquid
609 2626 900 2693 delictum,
949 2626 1045 2682 sed
1084 2627 1128 2680 si
1178 2627 1407 2681 animam
1439 2627 1552 2696 ipsa
1579 2640 1729 2680 suam

161 2719 373 2774 ltedat:
420 2721 468 2774 si
497 2736 591 2790 pro
616 2720 718 2777 hac
760 2736 920 2776 causa
959 2737 1076 2776 eam
1108 2722 1392 2789 verberes,
1440 2721 1731 2776 laudabunt

159 2824 378 2877 omnes,
421 2820 475 2866 et
497 2826 649 2866 nemo
680 2812 1070 2882 reprehendet;
1099 2812 1191 2868 sed
1220 2813 1265 2867 si
1292 2828 1389 2883 pro
1421 2813 1581 2869 rebus
1604 2813 1726 2875 tuis,

156 2902 495 2958 damnabunt
520 2920 700 2961 omnes
725 2906 981 2961 saevitiam
1010 2913 1064 2961 et
1091 2905 1476 2961 crudelitatem.
1496 2906 1562 2960 Et
1588 2905 1726 2977 quod

155 3004 237 3048 est
254 2996 495 3050 omnium
527 2996 1188 3066 turpissimum,suntadeo
1213 2997 1339 3053 fera:
1366 3008 1421 3052 ct
1450 3007 1646 3063 truces,
1673 3006 1729 3052 ut

155 3088 224 3141 ita
252 3087 436 3158 ﬂagris
449 3088 676 3155 caedant,
698 3100 835 3145 utne
858 3090 975 3159 ipso
994 3090 1205 3161 quidem
1222 3090 1307 3145 die
1323 3091 1727 3160 exstinguantur

154 3180 374 3234 vibices.
389 3179 612 3235 Nudatis
635 3181 777 3236 enim
809 3182 1000 3251 puellis
1014 3191 1066 3236 et
1091 3182 1283 3237 marito
1304 3182 1368 3237 ad
1396 3182 1497 3237 hoc
1519 3192 1723 3249 vocato,

154 3271 216 3326 ad
236 3272 457 3327 lecticas
469 3288 612 3342 saepe
628 3272 864 3343 alligant.
885 3273 979 3328 Hei
1002 3274 1152 3342 mihi,
1170 3290 1276 3331 non
1295 3276 1390 3329 tibi
1405 3290 1471 3331 eo
1487 3285 1726 3345 tempore

154 3366 292 3419 venit
322 3365 380 3419 in
409 3376 641 3421 mentem
675 3367 932 3421 memoria
958 3366 1252 3436 gehennae?
1276 3369 1371 3422 sed
1398 3368 1564 3423 nudas
1587 3369 1729 3438 puel-

156 3456 337 3523 lulam,
396 3467 451 3512 et
478 3457 719 3512 oetendis
745 3457 960 3524 marito,
993 3467 1047 3513 et
1073 3474 1178 3515 non
1204 3462 1407 3516 vereris
1432 3476 1500 3516 ne
1527 3470 1579 3515 te
1598 3476 1726 3515 cou-

154 3551 411 3605 demnet‘.’
459 3558 657 3605 etenm
689 3551 856 3622 magis
882 3551 1097 3619 irritas,
1153 3560 1209 3608 ct
1254 3553 1472 3608 minaris
1510 3563 1561 3608 te
1607 3569 1725 3607 eam

154 3645 476 3711 vincturam,
506 3658 627 3698 cum
657 3644 907 3699 miseram
932 3655 986 3699 et
1016 3644 1281 3701 infelicem
1314 3646 1459 3715 prius
1485 3647 1724 3701 innume-

153 3737 412 3792 rabilibus
463 3735 762 3792 maledictis
817 3737 1143 3807 appetieris,
1195 3737 1559 3793 Thcssalidem
1604 3740 1722 3810 (α),

152 3829 424 3897 fugitivam
454 3868 471 3894 ,
523 3829 861 3898 prostitutam
892 3843 1010 3883 eam
1036 3828 1330 3898 appellans.
1378 3828 1459 3884 ira
1488 3831 1628 3885 enim
1657 3848 1725 3888 ne

154 3922 224 3973 ori
247 3920 474 3988 quidem
506 3934 605 3973 suo
630 3920 757 3973 sinit
778 3934 1023 3990 parcere,
1055 3920 1148 3975 sed
1175 3936 1337 3975 unum
1363 3933 1569 3991 spectat
1593 3939 1725 3994 quo-

153 4013 305 4067 modo
327 4027 451 4066 eam
480 4011 789 4077 ulciscatur,
818 4011 1025 4067 etiamsi
1048 4012 1274 4083 seipsam
1294 4014 1486 4083 probro
1506 4014 1721 4071 afﬁciet.

153 4104 213 4158 Et
260 4114 386 4173 post
438 4103 556 4159 haec
602 4104 780 4159 omnia
834 4113 1099 4175 tamquam
1159 4115 1414 4177 tyrannus
1460 4110 1720 4180 quispiam

154 4197 424 4266 put-Sidet,
452 4204 509 4250 et
533 4204 687 4249 vocat
708 4202 921 4265 pueros,
948 4205 1004 4251 et
1028 4211 1149 4251 cum
1197 4198 1447 4254 stolidum
1473 4201 1719 4255 maritum

155 4288 253 4342 illic
278 4285 507 4351 stiterit,
540 4300 607 4341 eo
633 4295 900 4356 tamquam
929 4288 1116 4342 lictore
1142 4289 1326 4344 utitur.
1377 4290 1571 4347 Htecne
1607 4291 1722 4348 fieri

156 4390 426 4450 oporteret
450 4382 505 4435 in
528 4381 733 4437 ardibus
760 4382 1223 4439 Christianorum?
1274 4387 1343 4438 At
1366 4396 1449 4441 est
1467 4425 1483 4450 ,
1511 4385 1681 4457 inquit
1703 4427 1719 4453 ,

158 4488 377 4543 pravum
426 4488 595 4544 genus
621 4472 901 4542 audaxque
927 4483 982 4527 et
1005 4472 1284 4544 impudens
1309 4515 1326 4542 ,
1374 4485 1427 4529 et
1450 4476 1589 4546 quod
1617 4492 1722 4533 non

158 4575 325 4634 potest
348 4563 570 4634 corrigi.
622 4564 735 4635 Ego
762 4579 971 4634 quoque
998 4564 1049 4619 id
1074 4565 1224 4631 scio;
1273 4566 1365 4620 sed
1411 4566 1534 4622 licet
1570 4569 1724 4624 aliter

156 4673 479 4729 componere
516 4674 578 4713 ac
619 4657 920 4728 corrigere,
953 4667 1093 4713 metu
1114 4699 1129 4723 ,
1162 4660 1352 4725 tninis,
1374 4661 1569 4729 verbis,
1604 4678 1721 4731 quan

158 4753 293 4807 illam
336 4752 509 4821 magis
532 4760 757 4821 possunt
775 4751 1041 4816 mordere,
1086 4758 1142 4806 et
1171 4761 1222 4807 te
1241 4752 1469 4809 liberare
1497 4769 1526 4808 a
1556 4754 1723 4811 dede-

159 4861 293 4901 core.
329 4844 574 4915 Loquuta
602 4857 661 4897 es
682 4842 840 4898 verba
871 4842 1064 4912 turpia,
1084 4848 1087 4850 ’
1107 4858 1228 4898 cum
1258 4844 1333 4900 sis
1362 4845 1584 4915 ingenua
1607 4887 1622 4911 ,
1666 4856 1723 4902 et

160 4952 255 4991 non
280 4937 454 5007 magis
480 4935 622 4989 illam
652 4951 809 5005 quant
838 4935 1064 5003 teipsam
1089 4935 1420 4991 dedecoras?
1445 4938 1645 4993 Deinde
1671 4938 1719 4994 si

160 5036 402 5097 oporteat
445 5028 634 5082 venire
670 5026 738 5082 ad
778 5026 1061 5091 balneum,
1106 5037 1230 5082 sunt
1276 5028 1475 5084 vibices
1518 5029 1569 5084 in
1605 5030 1720 5100 ejus

162 5120 307 5173 nudae
333 5133 509 5190 tergo,
533 5130 588 5174 et
603 5119 934 5175 crudelitatis
955 5120 1261 5193 circumfert
1282 5122 1494 5177 indicia.
1526 5124 1592 5178 At
1614 5133 1715 5190 est,

163 5210 361 5280 inquit,
392 5226 674 5265 servorum
703 5226 876 5281 genus
904 5210 1318 5278 intolerandum,
1347 5214 1390 5267 si
1419 5213 1512 5268 fiat
1530 5215 1608 5270 eis
1637 5230 1722 5270 re-

164 5303 363 5359 missio.
412 5302 525 5372 Ego
551 5317 763 5371 quoque
798 5301 847 5355 id
872 5301 1018 5365 scio;
1050 5301 1147 5357 sed
1174 5303 1349 5369 aliter,
1374 5314 1430 5358 ut
1454 5304 1601 5371 dixi,
1627 5321 1721 5361 eos

162 5403 428 5461 converte,
457 5409 564 5448 non
595 5394 768 5449 solum
796 5393 973 5464 ﬂagris
1002 5403 1054 5449 et
1076 5403 1239 5458 metu,
1262 5394 1354 5450 sed
1385 5397 1546 5451 etiam
1568 5398 1718 5451 blan-

163 5484 299 5540 ditiis
318 5495 377 5542 et
398 5486 695 5542 beneﬁciis.
723 5485 839 5540 Tua
858 5495 941 5541 est
961 5501 1130 5548 soror,
1151 5487 1194 5541 si
1223 5486 1293 5542 sit
1319 5487 1509 5545 fidelis.
1537 5490 1716 5561 Cogita

215 5580 289 5642 (α)
309 5579 620 5642 Thessalides
657 5579 937 5642 venefica},
966 5580 1359 5641 praestigiatrices
1402 5588 1452 5629 et
1492 5582 1719 5633 maleﬁcae

158 5639 245 5709 ἣτις
271 5639 397 5691 olim
426 5639 1057 5714 ὶιρίξιξὶκιιιιιιικ,ιιιηιιίιι-(έιτιιΔ
1078 5639 1160 5714 est.
1193 5641 1316 5714 apud
1354 5642 1719 5714 Aristophanem

165 5704 359 5763 sineque
399 5701 694 5768 scholiasten
709 5741 723 5761 ,
763 5703 814 5751 in
835 5701 981 5751 Suida
1008 5708 1065 5768 Aet
1086 5701 1204 5768 aliis.
1230 5701 1331 5752 Res
1367 5711 1442 5768 est
1466 5701 1574 5754 trita
1596 5708 1718 5768 apud

164 5773 446 5829 δεητιμιοιυθδ,
487 5771 539 5814 et
570 5764 697 5828 apud
720 5771 889 5827 poetas
925 5765 1110 5813 Latinos
1129 5763 1370 5825 Plautum,
1396 5763 1641 5817 Horatium
1667 5777 1718 5820 ct

164 5828 293 5874 altus.

1055 398 1119 454 IN
1158 396 1372 454 El'iST.
1413 396 1504 451 AD
1541 394 1782 451 EPHES.
1821 393 1973 448 CAP.
2014 392 2104 449 IV.
2143 391 2373 450 HOMIL.
2413 395 2529 451 XV.

3322 402 3423 459 ΗΟ

1854 529 1994 601 quod
2025 540 2082 586 tu
2106 530 2181 585 sis
2196 530 2432 598 domina,
2454 544 2509 588 et
2536 534 2623 588 illa
2647 534 2739 590 tibi
2761 536 3045 592 ministret.
3078 538 3131 594 Si
3155 536 3227 594 sit
3250 540 3429 596 ebrio-

1852 636 1932 681 sa.
1958 620 2109 676 aufer
2125 623 2437 677 occasiones
2464 624 2775 692 ebrietatis;
2805 642 2935 682 voca
2955 629 3231 695 maritum,
3256 640 3307 686 et
3327 633 3425 686 ad.

1852 727 2030 768 mone.
2060 714 2249 768 Annon
2276 715 2426 771 vides
2458 731 2617 786 quam
2647 719 2719 773 sit
2747 729 2901 790 turpe
2928 722 3197 778 verberari
3224 725 3420 781 muiie-

1851 805 2003 857 rem?
2032 804 2130 872 Qui
2158 806 2416 861 adversus
2442 808 2587 862 viros
2627 808 2747 863 latis
2776 809 2980 880 legibus
3002 814 3411 871 innumerabilia

1849 902 2151 949 Statuerunt
2172 936 2185 957 .
2216 898 2487 962 ustiones,
2518 898 2842 968 quaestiones
2864 910 2918 955 et
2944 911 3206 961 tormenta
3232 949 3247 972 ,
3290 923 3413 963 raro

1851 986 2126 1041 mulierem
2175 988 2540 1058 suspendunt,
2573 989 2665 1045 sed
2706 990 2771 1045 ad
2819 992 3213 1066 impingendam
3253 1015 3421 1069 usque
3472 1004 3475 1007 ’

1850 1075 2054 1144 alapam
2078 1076 2209 1131 iram
2237 1079 2452 1134 sistunt.
2504 1079 2669 1135 Tanta
2700 1092 2879 1139 autem
2902 1086 2985 1139 usi
3014 1097 3140 1142 sunt
3163 1089 3422 1146 adversus

1849 1176 2091 1221 naturam
2122 1169 2437 1224 verecundia
2458 1212 2474 1235 ,
2530 1178 2588 1225 ut
2632 1186 2699 1227 ne
2725 1187 2848 1226 cum
2874 1176 3164 1232 necessitas
3193 1178 3406 1249 quidem

1848 1257 2081 1325 postulat
2124 1274 2241 1314 eam
2290 1260 2652 1330 suspendant,
2684 1264 2914 1318 maxime
2956 1265 3001 1319 si
3030 1280 3308 1338 praegnans
3329 1280 3419 1327 snt.

1850 1347 1947 1402 Est
1971 1350 2114 1404 enim
2143 1352 2258 1406 viro
2289 1351 2524 1409 dedecus
2550 1355 2841 1413 verberare
2872 1357 3153 1415 mulierem
3184 1382 3197 1417 :
3247 1362 3293 1417 si
3320 1377 3420 1417 au-

1849 1449 1955 1494 tem
2000 1442 2149 1510 viro,
2182 1444 2351 1499 multo
2404 1447 2571 1517 magis
2615 1448 2663 1503 ei
2710 1464 2830 1517 quae
2857 1460 2939 1505 est
2967 1452 3206 1522 ejusdem
3237 1471 3418 1512 sexus.

1848 1531 1983 1590 Hinc
2013 1535 2144 1592 ﬁunt
2187 1540 2318 1595 viris
2346 1556 2523 1597 exosa:
2554 1545 2827 1603 mulieres.
2855 1548 2992 1614 Quid
3021 1564 3171 1620 ergo,
3200 1550 3416 1622 quando

1846 1638 2116 1711 scortntur
2134 1631 2159 1683 ?
2184 1630 2356 1702 Junge
2377 1649 2494 1689 eam
2526 1638 2891 1707 matrimonio,
2936 1651 3151 1711 amputa
3174 1644 3417 1700 occasio-

1847 1710 1944 1774 nes
1982 1724 2326 1779 scortationis
2351 1766 2366 1791 ,
2420 1741 2488 1782 ne
2517 1728 2664 1782 sinas
2690 1746 2806 1785 eam
2837 1710 3046 1789 deliciis
3075 1745 3129 1790 et
3168 1735 3294 1791 luxu
3321 1735 3421 1791 dif-
3486 1778 3491 1785 .

1846 1808 2030 1866 fidere.
2059 1814 2195 1880 Quid
2226 1830 2383 1881 vero,
2429 1818 2473 1872 si
2501 1817 2743 1875 furetur?
2778 1820 2996 1878 Custodi
3027 1836 3079 1879 et
3108 1825 3351 1882 observa.
3374 1827 3419 1883 Ο

1844 1890 2200 1973 Ῑιξέβθώοιθιιε
2244 1921 2344 1976 ego
2369 1922 2492 1973 ero,
2518 1908 2721 1980 inquit,
2750 1914 2974 1968 custos?
3024 1913 3068 1970 Ο
3088 1918 3374 1973 amentiam
3399 1918 3414 1972 ἱ

1841 2006 1956 2061 cur,
1996 2009 2148 2065 rogo,
2194 2012 2299 2052 non
2326 1999 2433 2053 eris
2458 2001 2677 2055 custos?
2707 2018 2883 2061 nonne
2909 2006 3150 2074 ejusdem
3173 2009 3367 2063 animae
3390 2050 3407 2073 .

1846 2084 1997 2153 cujus
2030 2096 2082 2139 tu
2110 2128 2123 2151 ,
2153 2096 2236 2142 est
2275 2091 2578 2161 particeps?
2607 2108 2783 2149 nonne
2808 2095 3010 2151 eisdem
3033 2112 3063 2150 a
3094 2098 3203 2152 Deo
3223 2108 3306 2154 est
3330 2100 3411 2155 die

1841 2188 1996 2247 gnata
2024 2179 2047 2231 ?
2076 2195 2253 2236 nonne
2279 2183 2468 2238 eadem
2500 2200 2682 2241 mensa
2726 2187 2959 2243 fruitur?
3011 2206 3188 2247 nonne
3240 2202 3413 2249 tecum

1840 2269 2000 2324 habet
2037 2285 2374 2328 communem
2402 2276 2616 2344 generis
2646 2278 3014 2334 nobilitatem?
3059 2282 3194 2350 Quid
3222 2284 3265 2339 si
3288 2294 3371 2340 est
3394 2328 3409 2352 ,

1839 2361 2027 2429 inquit,
2061 2362 2341 2430 maledica,
2374 2376 2428 2419 et
2455 2368 2828 2434 conviciatrix,
2857 2372 3047 2441 loquax
3075 2384 3128 2427 et
3154 2374 3412 2433 ebriosa?

1839 2452 1982 2519 Quot
2011 2462 2187 2508 autem
2218 2456 2473 2511 mulieres
2504 2458 2684 2513 liberte
2729 2472 2856 2515 sunt
2895 2464 3201 2532 ejusmodi?
3230 2469 3408 2524 omnia

1841 2555 2021 2598 autem
2079 2545 2363 2601 mulierum
2412 2536 2537 2602 vitia
2593 2559 2646 2605 et
2690 2551 2881 2607 delicta
2920 2554 3058 2611 ferre
3086 2558 3227 2614 viros
3249 2560 3410 2629 jussit

1838 2631 2001 2689 Deus.
2051 2634 2371 2703 Dummodo,
2420 2637 2610 2708 inquit,
2644 2655 2749 2695 non
2795 2643 2865 2696 sit
2889 2655 3162 2713 scortum,
3212 2658 3405 2705 caetera

1838 2724 2014 2777 omnia
2028 2723 2106 2779 fer
2125 2724 2315 2781 delicta
2341 2737 2395 2782 et
2416 2728 2564 2782 vitia.
2596 2730 2817 2786 Etiamsi
2844 2734 2911 2788 sit
2936 2736 3165 2806 ebriosa,
3186 2740 3404 2797 Etiamsi

1836 2813 2116 2883 maledica,
2170 2816 2376 2872 etiamsi
2420 2818 2634 2889 loquax,
2679 2824 2887 2878 etiamsi
2932 2826 3144 2895 invida,
3199 2831 3404 2889 etiamsi

1842 2914 2173 2976 sumptuosa,
2192 2907 2395 2962 etiamsi
2426 2925 2746 2967 consumens
2771 2914 3066 2984 facultates,
3095 2917 3259 2976 habes
3284 2923 3405 2978 vita:

1834 2997 2073 3053 sociam:
2129 3013 2454 3069 componere
2491 3002 2647 3057 vitam
2690 3020 2907 3062 necesse
2930 3009 3019 3065 tibi
3042 3022 3159 3066 est:
3202 3014 3323 3070 ideo
3349 3028 3405 3073 tu

1834 3102 1895 3142 es
1922 3097 2101 3159 caput.
2131 3089 2405 3162 Compone
2425 3108 2573 3164 ergo,
2598 3094 2683 3152 fac
2707 3099 2847 3167 quod
2879 3110 3025 3157 tuum
3048 3115 3151 3160 est.
3179 3106 3403 3166 Etiamsi

1833 3189 2048 3236 maneat
2069 3181 2332 3253 ejusmodi
2362 3193 2539 3240 utnon
2564 3189 2731 3257 possit
2756 3193 2989 3264 corrigi;
3021 3197 3229 3254 etiamsi
3259 3200 3404 3259 fure-

1835 3280 1939 3336 tur,
1961 3287 2113 3328 serva
2140 3284 2395 3344 quaasunt
2420 3285 2506 3331 tua
2536 3295 2549 3330 :
2578 3294 2645 3334 ne
2672 3280 2814 3335 illam
2844 3284 2978 3339 adeo
3000 3289 3203 3344 crucies
3228 3310 3241 3346 :
3270 3292 3314 3347 si
3334 3293 3405 3350 sit

1835 3362 2046 3430 loquax.
2092 3379 2153 3420 os
2177 3365 2227 3420 ei
2257 3367 2493 3422 obstrue.
2523 3369 2635 3425 Hoc
2664 3382 2746 3426 est
2775 3388 2997 3431 summa:
3026 3379 3399 3454 philoSOphize.

1832 3452 1983 3509 Nunc
2010 3465 2188 3510 autem
2241 3457 2480 3525 quazdam
2512 3462 2809 3517 veniunteo
2837 3468 3054 3522 saevitia:
3077 3480 3131 3524 et
3147 3452 3398 3530 absurdi—

1833 3547 1958 3601 tatis
1979 3587 1995 3611 ,
2022 3557 2082 3601 ut
2111 3560 2270 3619 caput
2295 3549 2579 3622 detegant,
2608 3564 2662 3608 et
2687 3556 2905 3612 ancillas
2934 3561 3145 3616 trahant
3168 3567 3399 3635 capillis.

1903 3643 1955 3694 4.
1984 3640 2093 3695 Cur
2112 3656 2298 3698 omnes
2322 3644 2644 3700 erubuistis?
2671 3646 2785 3703 Non
2803 3651 3049 3708 omnibus
3072 3653 3188 3711 haec
3213 3657 3402 3715 dicuns

1834 3742 1965 3787 tur:
2014 3733 2106 3789 sed
2160 3735 2223 3789 iis
2268 3752 2387 3807 quae
2432 3738 2499 3791 ad
2547 3748 2744 3795 tantam
2800 3743 3081 3800 trahuntur
3113 3747 3397 3807 feritatem.

1831 3824 2017 3879 Mulier
2040 3841 2105 3881 ne
2125 3827 2196 3881 sit
2218 3826 2423 3884 detecta
2450 3831 2524 3897 (i.
2554 3829 2674 3887 Cor.
2704 3834 2791 3889 li.
2813 3835 2848 3889 6
2877 3836 2918 3905 ),
2951 3835 3139 3909 inquit,
3165 3842 3358 3900 Paulus
3383 3864 3400 3903 :

1833 3924 1885 3969 tu
1940 3925 2115 3971 autem
2164 3918 2382 3973 omnino
2422 3921 2597 3976 velum
2647 3922 2867 3981 aufers?
2917 3927 3076 3986 Vides
3131 3936 3398 4004 quomodo

1832 4007 2056 4075 teipsam
2104 4010 2425 4065 contumelia
2469 4012 2679 4069 efficis?
2724 4017 2901 4088 Atque
2939 4021 2986 4075 si
3038 4023 3131 4079 tibi
3184 4027 3397 4095 quidem

1831 4100 1974 4153 nudo
2014 4102 2187 4171 capite
2212 4113 2483 4173 appareat,
2525 4120 2642 4160 eam
2672 4123 2784 4164 rem
2811 4110 2947 4166 dicis
2971 4120 3345 4176 contumeliam
3380 4140 3398 4177 :

1832 4201 1884 4245 tu
1899 4202 2074 4247 autem
2096 4193 2260 4262 ipsam
2278 4195 2505 4263 nudans,
2525 4197 2655 4252 nihil
2668 4214 2828 4269 grave
2842 4216 2962 4259 esse
2980 4203 3150 4262 dicis?
3175 4209 3396 4279 Deinde,

1829 4284 2020 4353 inquit,
2070 4285 2193 4355 quid
2222 4285 2268 4339 si
2311 4301 2415 4341 non
2438 4290 2780 4360 corrigatur?
2827 4292 2983 4364 Virga
3013 4306 3066 4351 et
3094 4299 3260 4371 plagis
3279 4317 3397 4359 eam

1826 4374 2045 4441 castiga.
2070 4375 2207 4441 Quot
2231 4386 2405 4431 autem
2437 4377 2599 4434 habes
2626 4388 2682 4435 tu
2710 4381 2836 4436 vitia
2861 4392 2916 4439 et
2941 4385 3152 4452 delicta,
3205 4400 3260 4446 et
3287 4409 3392 4448 non

1825 4465 2161 4537 cornigeris?
2195 4471 2321 4522 flare
2367 4483 2397 4522 a
2448 4469 2602 4525 nobis
2654 4488 2793 4529 nunc
2819 4488 2923 4530 non
2966 4476 3106 4533 dicta
3143 4492 3266 4537 sunt
3295 4499 3395 4554 pro

1832 4557 1958 4622 illis,
1982 4556 2077 4612 sed
2109 4572 2204 4627 pro
2234 4556 2386 4613 vobis
2411 4574 2530 4629 quae
2557 4562 2688 4616 estis
2718 4563 2920 4632 liberat,
2952 4576 3009 4621 ut
3030 4569 3160 4624 nihil
3191 4570 3397 4631 faciatis

1828 4646 2132 4703 indecorum
2171 4663 2344 4718 neque
2377 4656 2565 4720 turpe,
2597 4667 2664 4707 ne
2688 4669 2785 4710 vos
2811 4655 2951 4725 ipsas
2979 4658 3204 4718 laedatis.
3236 4662 3292 4719 Si
3333 4666 3388 4721 in

1828 4740 1910 4793 his
1949 4738 2089 4793 domi
2139 4754 2263 4808 erga
2304 4741 2550 4796 ancillam
2578 4741 2743 4800 fueris
2770 4746 2999 4815 erudita,
3048 4761 3101 4805 et
3127 4753 3171 4807 si
3201 4755 3347 4811 mitis
3370 4799 3389 4824 ,

1826 4842 1880 4887 et
1917 4847 2020 4886 non
2060 4832 2343 4902 gravisatc
2388 4834 2612 4891 molesta
2637 4876 2654 4903 ,
2710 4838 2876 4895 multa
2923 4843 3093 4913 magis
3131 4846 3250 4902 talis
3285 4851 3394 4907 eris

1825 4939 1947 4994 erga
2009 4923 2200 4978 virum.
2249 4923 2383 4979 Nam
2440 4926 2485 4980 si
2543 4942 2663 4982 cum
2722 4930 2774 4984 in
2834 4940 2922 4987 tua
2977 4934 3048 4989 sit
3086 4945 3392 5005 potestate,

1826 5014 1958 5069 nihil
1986 5015 2089 5068 tale
2120 5016 2294 5072 facere
2330 5016 2785 5087 deprehendaris,
2842 5025 3009 5079 multo
3048 5029 3217 5098 magis
3260 5032 3393 5088 nihil

1827 5105 1933 5159 tale
1964 5104 2157 5169 facies,
2203 5106 2415 5176 quando
2440 5109 2707 5179 quidpiam
2738 5113 3054 5181 prohibebit.
3105 5119 3221 5187 Quo
3250 5122 3309 5177 fit
3334 5133 3394 5179 ut

1826 5212 1946 5267 qua:
1974 5197 2244 5253 inancilla
2290 5211 2570 5257 exercetur
2618 5202 2988 5276 philosophia,
3043 5212 3264 5268 multum
3296 5231 3393 5273 vos

1821 5286 1973 5356 juvet
2016 5287 2080 5341 ad
2130 5290 2515 5347 conciliandam
2570 5296 2877 5353 maritorum
2941 5300 3385 5359 benevolentiam.

1832 5375 1969 5429 Nam
1985 5394 2081 5461 qua
2099 5395 2331 5433 mensura
2356 5384 2513 5437 mensi
2534 5386 2747 5454 fueritis,
2777 5389 2951 5443 eadem
2970 5394 3272 5461 rependatur
3292 5410 3379 5450 Io-

1827 5460 1900 5514 bis
1950 5460 2160 5533 (Matth.
2184 5463 2236 5516 7.
2263 5464 2347 5535 2).
2378 5465 2596 5537 lmpoue
2624 5471 2703 5526 ori
2727 5471 2966 5539 frenum;
2993 5460 3049 5531 et
3072 5479 3115 5532 si
3142 5487 3194 5535 te
3220 5495 3379 5537 exer-

1825 5554 2002 5608 cueris
2030 5566 2086 5608 ut
2107 5554 2229 5609 forti
2256 5566 2309 5611 et
2334 5572 2597 5628 generoso
2621 5564 2797 5620 animo
2824 5566 2963 5622 feras
2989 5570 3234 5626 ancillam
3262 5589 3377 5629 mo.

1828 5645 2013 5698 lestam
2029 5660 2091 5699 ac
2105 5645 2396 5714 difficilem,
2427 5666 2524 5706 nec
2544 5667 2659 5707 eam
2680 5669 2797 5722 qua:
2816 5664 2899 5709 est
2926 5656 3016 5712 tibi
3043 5674 3140 5728 par
3156 5660 3378 5725 honore,

1828 5751 1895 5789 ne
1921 5736 1963 5790 si
1996 5737 2065 5791 sit
2092 5736 2304 5807 quidem
2331 5744 2727 5809 contumeliosa,
2757 5760 2896 5815 aegre
2918 5747 3088 5816 feres;
3121 5767 3229 5810 non
3244 5770 3388 5827 egre

1825 5826 1999 5881 ferens
2036 5836 2212 5884 autem
2232 5869 2249 5898 ,
2304 5838 2358 5886 te
2386 5842 2531 5888 recte
2559 5833 2612 5890 in
2656 5848 2862 5892 summa
2889 5843 3119 5909 gesseris
3146 5826 3383 5917 philoso-
