3974 6562
509 427 605 482 Hi

516 540 662 609 phia.
716 539 850 596 Sunt
878 538 1037 594 etiam
1064 533 1305 605 qumdam
1354 549 1472 608 quae
1512 531 1713 585 addunt
1735 529 2031 598 iuramenta
2060 543 2074 580 :

512 632 639 686 nihil
667 642 750 687 est
776 640 947 684 autem
979 627 1183 696 turpius
1226 640 1382 694 quam
1419 639 1483 678 ea
1528 638 1645 691 qua:
1686 622 1763 675 sic
1811 619 2076 673 irascitur.

513 721 647 789 Quid
676 702 810 773 vero
829 759 844 784 ,
887 712 1091 786 inquit,
1120 716 1165 769 si
1188 714 1309 769 fuco
1339 714 1559 768 utatur“!
1589 712 1705 766 Hoc
1730 709 1951 780 prohibe
1970 749 1985 773 ,
2028 716 2081 761 et

515 829 613 881 ego
639 813 731 867 tibi
762 811 1057 864 assentiar:
1082 808 1305 878 prohibe
1327 816 1505 861 autem
1525 819 1556 858 a
1585 813 1636 859 te
1667 802 1943 871 incipiens,
1975 815 2080 853 non

517 912 719 958 tantum
766 910 1258 970 metu,.quantum
1300 896 1584 966 exemplo:
1627 894 1700 948 sis
1740 894 1792 947 in
1833 890 2083 946 omnibus

517 995 791 1066 exemplar
812 994 1181 1064 archetypum.
1212 991 1277 1044 Et
1305 988 1634 1060 blasphemia,
1663 985 1853 1055 inquit,
1879 983 2085 1036 tollatur

517 1104 549 1140 a
578 1088 731 1141 vobis.
756 1084 892 1140 Vide
916 1084 1185 1155 quomodo
1208 1081 1462 1153 procedat
1478 1079 1694 1133 malum.
1726 1073 2084 1131 Amarulentia

517 1177 725 1247 peperit
756 1177 893 1230 iram
919 1217 935 1241 ,
981 1176 1059 1229 ira
1091 1174 1502 1244 indignationem
1522 1212 1539 1237 ,
1567 1168 1856 1239 indignatio
1884 1167 2086 1221 clamo-

518 1282 633 1321 rem
652 1307 668 1331 ,
695 1268 896 1322 clamor
935 1265 1315 1335 blaSphemiam
1337 1306 1353 1331 ,
1382 1263 1435 1317 id
1476 1271 1589 1326 est,
1632 1256 1944 1322 maledicta;
1974 1255 2088 1309 bla-

520 1358 758 1429 sphemia
785 1357 998 1413 demum
1026 1358 1225 1428 plagas,
1254 1356 1421 1425 plagae
1449 1354 1686 1416 vulnera,
1709 1351 1824 1405 haec
1840 1357 2087 1404 mortem.

522 1451 594 1504 At
620 1448 748 1503 nunt
774 1448 961 1503 horum
995 1448 1157 1501 voluit
1177 1446 1357 1501 dicere
1383 1445 1596 1504 Paulus,
1626 1441 1719 1497 sed
1747 1442 1846 1494 hoc
1867 1446 2088 1500 tantum,

523 1541 757 1596 Tollatur
782 1558 895 1595 cum
935 1540 1071 1594 omni
1116 1538 1329 1592 malitia.
1357 1536 1494 1604 Quid
1521 1544 1602 1591 est
1630 1533 1778 1598 illud,
1808 1530 1930 1586 Cum
1958 1528 2093 1583 omni

526 1633 765 1687 malitia?
817 1630 1001 1687 Omnis
1048 1629 1187 1686 enim
1232 1628 1427 1682 malitia
1469 1628 1521 1681 in
1568 1624 1668 1680 hoc
1697 1623 1910 1679 desiuit.
1959 1621 2093 1677 Sunt

530 1727 672 1781 enim
720 1724 934 1795 quidam
963 1724 1100 1777 sicut
1145 1736 1306 1776 canes
1353 1718 1656 1774 mordentes
1697 1717 1957 1779 latenter,
2005 1710 2095 1782 qui

527 1815 797 1871 accedenti
825 1813 1041 1884 quidem
1073 1827 1177 1867 non
1206 1811 1488 1876 allatrant,
1518 1822 1690 1877 neque
1715 1820 1837 1861 eum
1863 1819 2001 1875 aegre
2022 1802 2097 1857 fe-

530 1915 695 1972 runt,
744 1904 1077 1960 blandientes
1120 1912 1298 1957 autem
1366 1910 1421 1957 et
1473 1899 1706 1955 lenitatis
1754 1895 2098 1953 ostendentes

528 1996 781 2067 speciem,
826 2009 947 2050 cum
974 2011 1080 2050 non
1102 1994 1203 2048 sibi
1231 2000 1482 2048 caventes
1505 1986 1991 2061 apprehenderint,
2017 1984 2102 2042 eis

532 2089 718 2146 dentes
742 2087 964 2159 inﬁgunt
992 2104 1006 2141 :
1042 2087 1075 2141 ii
1101 2093 1224 2141 sunt
1246 2084 1517 2157 graviores
1539 2124 1553 2149 ,
1581 2097 1738 2153 quam
1767 2080 1857 2150 qui
1885 2088 2097 2149 apertas

533 2180 831 2253 suscipiunt
863 2178 1184 2234 inimicitias.
1216 2176 1478 2245 Quoniam
1528 2187 1657 2245 ergo
1694 2180 1820 2227 sunt
1854 2170 2100 2225 homines

535 2287 744 2343 quoque
769 2260 948 2337 canes,
978 2285 1151 2341 neque
1178 2269 1471 2324 clamantes
1497 2281 1671 2335 neque
1697 2265 1985 2320 irascentes
2007 2277 2105 2318 ne-

535 2378 641 2434 que
665 2378 805 2433 τέξει-θ
831 2362 1061 2418 ferentes
1085 2360 1368 2425 minantur,
1394 2358 1489 2413 sed
1513 2358 1647 2413 clam
1670 2356 1820 2412 dolos
1844 2369 2105 2410 consuen—

538 2463 641 2516 tcs.
689 2463 743 2508 et
792 2453 928 2508 mala
972 2462 1239 2507 struentes
1283 2452 1581 2513 innumera,
1628 2458 1683 2503 et
1711 2447 1869 2503 rebus
1897 2446 2023 2515 ipsis
2052 2455 2106 2501 et

545 2546 699 2600 factis
729 2545 1061 2608 ulciscentes,
1084 2545 1181 2597 bos
1212 2558 1421 2611 quoque
1453 2539 1824 2595 subindicavit.
1849 2536 2101 2601 Tollatur,

542 2636 732 2707 inquit,
781 2653 811 2689 a
851 2635 987 2689 vobis
1025 2652 1139 2689 cum
1183 2634 1318 2687 omni
1346 2631 1561 2685 malitia.
1606 2628 1682 2684 Ne
1704 2629 1877 2683 verbis
1898 2626 2108 2696 quidem

542 2742 753 2797 parcas,
800 2725 953 2781 factis
997 2734 1170 2779 autem
1201 2722 1493 2778 ulciscaris.
1552 2721 1661 2790 Ego
1714 2719 1834 2774 ideo
1877 2718 2108 2787 linguam

545 2817 829 2889 castigavi,
861 2826 915 2872 et
940 2816 1053 2887 ejus
1079 2816 1366 2870 clamorem
1398 2811 1700 2882 amputavi,
1732 2826 1798 2864 ne
1827 2809 2112 2864 vehemen-

547 2910 738 2963 tiorem
787 2923 971 2977 rogum
1024 2906 1375 2961 accenderet:
1423 2904 1665 2958 siautem
1710 2902 1868 2956 etiam
1910 2900 2111 2969 absque

1303 418 1363 475 S.
1389 415 1661 475 JOANNlS
1695 409 2161 471 CﬂﬂYSOSTOSll
2198 412 2506 469 ARCIIIEP.
2545 415 3075 477 CONSTANTINOI”.
3164 477 3177 500 ι

3158 477 3177 503 γ,
3636 427 3765 482 tta-

2184 530 2417 586 clamore
2444 533 2628 588 eadem
2650 533 2801 602 facis,
2833 546 2888 592 et
2912 538 3053 593 intus
3069 540 3165 595 alis
3192 556 3371 611 rogum
3392 551 3445 599 et
3460 544 3750 606 carbones,

2183 623 2311 691 quid
2341 623 2431 679 tibi
2464 626 2680 694 prodest
2704 626 3014 683 silentium?
3056 645 3123 684 an
3168 633 3343 688 nescis
3388 635 3627 691 incendia
3654 639 3767 693 illa

2184 728 2302 768 esse
2319 715 2657 793 gravissima,
2676 734 2793 789 qua:
2808 735 2927 775 cum
2951 722 3090 777 intus
3113 724 3336 791 alantur,
3360 743 3463 782 non
3489 740 3767 798 apparent

2186 807 2406 877 singulis
2436 810 2523 878 qui
2551 810 2679 871 foris
2703 812 3142 871 circumsistunt?
3170 824 3223 871 et
3250 818 3466 873 vulnera
3494 835 3613 889 quae
3640 838 3756 876 non

2187 911 2444 969 apparent
2461 903 2513 957 in
2534 905 2836 972 superﬁcie,
2858 916 2910 960 et
2930 906 3101 963 febres
3116 925 3233 979 quae
3262 910 3467 966 intema
3494 913 3763 970 adurunt?

2189 991 2265 1046 Ita
2291 992 2450 1048 etiam
2481 995 2556 1049 ira
2586 996 2671 1050 illa
2697 1007 2778 1052 est
2800 1000 3030 1069 gravior,
3084 1016 3201 1070 quae
3229 1001 3467 1073 depascit
3494 1006 3760 1061 animam.

2193 1084 2300 1139 Sed
2346 1086 2457 1154 ipsa
2487 1102 2720 1157 quoque,
2750 1089 2939 1158 inquit,
2971 1092 3185 1147 tollatur
3212 1106 3332 1148 cum
3359 1096 3504 1149 omni
3531 1097 3760 1164 malitia,

2191 1184 2244 1229 et
2273 1190 2429 1243 parva
2457 1186 2510 1231 et
2531 1193 2738 1248 magna.
2769 1179 2823 1234 Si
2851 1196 2978 1251 ergo
2999 1197 3296 1251 pereamus,
3329 1194 3382 1241 et
3403 1200 3615 1241 omnem
3656 1189 3765 1241 tol-

2194 1267 2362 1321 lamus
2400 1272 2803 1326 amaritudinem
2831 1284 2885 1328 et
2914 1275 3190 1340 malitiam,
3216 1292 3282 1331 ne
3311 1278 3523 1334 tristitia
3548 1278 3767 1335 afﬁcia-

2195 1372 2313 1412 mus
2338 1358 2589 1427 Spiritum
2632 1371 2873 1418 sanctum
2904 1383 2917 1418 :
2951 1367 3249 1423 auferamus
3276 1368 3529 1425 radicitus
3557 1374 3764 1425 amari-

2198 1450 2432 1505 tudinem
2452 1492 2467 1516 ,
2512 1468 2629 1506 eam
2659 1453 3045 1511 abscindatuus.
3070 1456 3219 1512 Nihil
3249 1458 3374 1513 l-oni
3426 1475 3599 1529 neque
3645 1462 3779 1516 sani.

2196 1541 2323 1595 oriri
2347 1542 2619 1610 poteritex
2638 1559 2814 1600 amara
2834 1546 3011 1602 anima
3032 1565 3047 1601 :
3067 1560 3189 1604 sunt
3208 1550 3386 1604 omnia
3406 1551 3781 1620 calamitates,

2198 1632 2375 1686 omnia
2404 1632 2671 1706 lacrymae,
2702 1636 2879 1691 omnia
2909 1637 3341 1706 lamentationes,
3370 1641 3543 1696 luctus
3572 1654 3626 1698 et
3652 1643 3770 1712 eju-

2198 1722 2356 1778 latus.
2387 1723 2500 1780 Non
2532 1725 2722 1782 videtis
2760 1728 3028 1797 quomodo
3068 1744 3376 1785 aversemur
3414 1732 3618 1789 bestias
3647 1750 3783 1804 (iure

2199 1814 2469 1870 clamant?
2498 1826 2555 1871 ut
2584 1818 2811 1886 leonem,
2843 1835 3054 1874 ursum:
3085 1820 3179 1875 sed
3201 1836 3307 1877 non
3333 1838 3487 1878 ovem
3515 1843 3529 1878 :
3555 1841 3665 1879 non
3689 1837 3775 1881 est

2143 1948 2175 1981 .
2199 1904 2342 1960 enim
2388 1907 2497 1962 illic
2536 1909 2771 1975 clamor,
2800 1910 2895 1966 sed
2921 1925 3022 1966 vox
3042 1910 3283 1980 quaedam
3312 1914 3476 1968 mitis.
3504 1914 3677 1970 Porro
3705 1932 3783 1971 es.

2203 2000 2569 2057 instrumentis
2612 2018 2824 2074 quoque
2869 2005 3084 2060 musicis
3114 2020 3459 2076 quaecumque
3495 2007 3778 2074 clamant,

2204 2102 2328 2149 sunt
2350 2093 2417 2149 ad
2456 2108 2647 2149 sonum
2676 2094 3043 2165 injucundiora
3062 2136 3078 2163 ,
3131 2105 3188 2150 ut
3218 2106 3464 2168 tympana
3491 2106 3547 2153 et
3576 2099 3724 2153 tuba:
3760 2118 3776 2153 :

2205 2201 2325 2256 qua:
2347 2194 2525 2241 autem
2555 2201 2659 2242 non
2689 2186 2760 2242 ita
2784 2187 3015 2244 sonitum
3042 2187 3227 2255 edunt,
3255 2188 3349 2243 sed
3380 2189 3627 2244 molliunt
3646 2231 3662 2251 ,
3715 2206 3777 2243 ea

2208 2286 2329 2333 sunt
2348 2276 2605 2347 jucunda,
2636 2287 2693 2333 ut
2716 2278 2862 2345 tibia,
2888 2279 3091 2334 cithara
3119 2289 3172 2335 et
3194 2279 3405 2335 ﬁstulae.
3431 2279 3517 2335 Sic
3533 2291 3779 2335 nostrain

2210 2382 2417 2437 quoque
2445 2382 2826 2439 componamus
2858 2372 3118 2438 animam,
3160 2381 3219 2427 ut
3246 2388 3350 2426 non
3382 2372 3591 2438 clamet,
3624 2383 3685 2427 et
3714 2374 3795 2427 ita

2211 2460 2503 2528 poterimus
2527 2461 2687 2516 etiam
2711 2476 2962 2532 superare
2995 2464 3153 2524 iram,
3195 2473 3247 2518 et
3285 2479 3348 2519 ea
3374 2475 3645 2535 amputata
3682 2467 3784 2537 ipsi

2211 2551 2367 2622 primi
2393 2550 2631 2606 fruemur
2650 2553 3028 2623 tranquillitate
3051 2594 3065 2616 ,
3115 2563 3169 2609 et
3195 2555 3261 2609 ad
3290 2556 3629 2625 tranquillum
3657 2574 3788 2627 por-

2215 2649 2323 2694 tum
2351 2642 2713 2711 navigabimus
2738 2660 2752 2696 :
2781 2658 2935 2712 quem
2964 2643 3118 2699 detur
3141 2646 3291 2700 nobis
3318 2646 3563 2701 omnibus
3590 2639 3786 2702 conse'

2214 2736 2301 2804 qui
2322 2775 2337 2801 ,
2370 2736 2424 2790 in
2444 2735 2661 2790 Christo
2684 2734 2809 2790 Jesu
2832 2736 3054 2790 Domino
3085 2746 3285 2802 nostro,
3327 2752 3447 2793 cum
3487 2754 3593 2807 quo
3623 2740 3777 2794 Patri

2217 2826 2373 2881 simul
2425 2840 2542 2879 cum
2587 2834 2771 2881 sancto
2817 2826 3014 2897 Spiritu
3053 2828 3239 2898 gloria,
3275 2831 3544 2899 potentia,
3573 2831 3785 2895 honor,

2220 2932 2360 2972 nunc
2387 2928 2438 2972 et
2464 2932 2712 2987 semper,
2732 2926 2788 2973 et
2815 2919 2867 2972 in
2892 2919 3085 2973 stecula
3112 2920 3449 2974 sa‘culorum.
3486 2924 3675 2975 Amen.

1901 3083 2244 3145 HOMILIA
2288 3084 2458 3144 XVI.

549 3239 678 3295 Cn.
710 3238 765 3292 ι.
788 3252 840 3289 v.
868 3236 959 3291 5L
995 3235 1170 3289 Omnis
1205 3232 1490 3287 amaritudo
1518 3240 1564 3286 et
1590 3231 1671 3284 ira
1696 3239 1743 3285 et
1769 3229 2047 3300 indignatio
2074 3238 2122 3282 et

618 3329 812 3383 clamor
842 3336 890 3381 et
917 3326 1225 3394 blasphemia
1252 3325 1461 3379 tollatur
1484 3340 1515 3376 a
1535 3324 1671 3377 vobis
1696 3339 1809 3376 cum
1834 3321 1971 3375 onmi
2008 3338 2120 3373 ma—

621 3422 749 3476 litia.
779 3418 867 3475 52.
895 3416 1068 3473 Estote
1093 3429 1259 3473 autem
1282 3418 1491 3472 invicem
1515 3417 1733 3489 benigni,
1757 3416 2119 3482 misericordes,

622 3515 864 3568 donantes
882 3513 1111 3577 invicem,
1140 3512 1265 3564 sicut
1290 3519 1335 3564 et
1363 3509 1497 3563 Deus
1525 3509 1728 3563 donavit
1752 3507 1902 3564 vobis.

626 3606 678 3660 1.
707 3604 821 3660 Non
856 3603 1049 3659 sufficit
1078 3603 1289 3658 liberari
1316 3617 1345 3657 a
1374 3602 1536 3668 vitio,
1577 3603 1621 3657 si
1662 3610 1873 3671 oportet
1914 3600 2125 3670 assequi

555 3711 777 3767 regnum
806 3695 1078 3759 caelorum,
1108 3694 1199 3749 sed
1226 3694 1384 3750 etiam
1413 3694 1581 3748 multo
1609 3693 1859 3747 virtutum
1887 3707 2019 3762 opus
2043 3699 2127 3747 est

558 3789 835 3845 exercitio.
861 3788 992 3843 Nam
1023 3796 1081 3842 ut
1108 3802 1137 3841 a
1163 3788 1403 3858 gehenna
1421 3787 1633 3857 quidem
1664 3786 1973 3851 liberemur,
2001 3786 2126 3839 abs-

560 3880 732 3935 tinere
754 3887 967 3948 oportet
991 3894 1018 3931 a
1047 3879 1282 3944 scelere;
1312 3890 1368 3933 ut
1396 3888 1571 3933 autem
1613 3892 1831 3947 regnum
1879 3891 2130 3947 assequao

564 3987 701 4035 mur,
729 3970 899 4025 virtus
928 3978 1006 4025 est
1032 3969 1418 4038 amplectenda.
1451 3970 1531 4023 An
1558 3969 1773 4023 nescitis
1794 3968 1935 4038 quod
1964 3969 2015 4022 in
2038 3984 2131 4023 ex-

565 4064 731 4119 ternis
749 4065 908 4119 etiam
925 4062 1158 4133 judiciis.
1186 4062 1394 4132 quando
1417 4062 1552 4117 facta
1573 4063 1960 4127 examinantur,
1984 4069 2038 4116 et
2062 4061 2129 4116 ad

565 4156 875 4211 concionem
906 4155 1155 4209 convenit
1186 4164 1288 4209 tota
1317 4155 1523 4218 civitas,
1556 4154 1624 4208 ita
1658 4154 1781 4208 ﬁat?
1808 4153 1863 4209 ln
1892 4154 2128 4208 externis

565 4249 708 4303 enim
745 4248 958 4317 judiciis
992 4255 1142 4301 vetus
1169 4257 1280 4301 erat
1310 4261 1455 4311 mos,
1484 4255 1542 4300 ut
1567 4260 1760 4300 corona
1786 4254 2131 4301 coronaretur

568 4354 751 4401 aurea,
784 4353 889 4392 non
922 4337 1012 4407 qui
1042 4337 1170 4391 nihil
1199 4336 1552 4391 mali-fecerat
1587 4338 1805 4400 civitati,
1845 4338 1947 4391 hoc
1986 4338 2129 4392 enim

568 4432 740 4487 solum
770 4429 967 4485 sufficit
1000 4428 1067 4483 ad
1103 4443 1207 4483 non
1248 4427 1449 4483 dandas
1491 4443 1707 4498 poenas;
1738 4428 1831 4483 sed
1857 4429 2017 4483 etiam
2043 4430 2131 4497 qui

571 4523 778 4594 magnis
806 4538 921 4578 eam
949 4520 1199 4577 affecerat
1236 4520 1527 4575 beneﬁciis.
1568 4518 1655 4574 Sic
1695 4519 1974 4588 Oportebat
2013 4518 2132 4573 duci

568 4615 633 4670 ad
665 4615 804 4669 hunc
830 4614 1103 4668 honorem.
1135 4611 1240 4667 Sed
1269 4612 1447 4667 nescio
1468 4611 1733 4680 quomodo
1755 4610 2134 4680 propemodum

575 4720 661 4758 me
699 4703 876 4772 etfngit
896 4742 910 4767 ,
941 4703 1082 4772 quod
1111 4703 1258 4756 vobis
1290 4703 1515 4757 maxime
1546 4717 1762 4757 necesse
1796 4712 1910 4757 erat
1935 4702 2133 4757 dicere.

575 4795 743 4865 Hujus
768 4796 906 4849 enim
932 4794 1204 4848 divisionis
1227 4795 1447 4864 primam
1472 4810 1684 4850 resumo
1712 4806 1911 4865 partem
1933 4837 1948 4861 ,
1977 4798 2139 4864 parva

577 4885 804 4956 quadam
848 4884 1080 4939 adhibita
1125 4887 1473 4940 correctione.
1523 4886 1654 4940 Nam
1692 4888 1944 4956 Quoniam
1992 4887 2134 4951 dixi,

578 4974 720 5046 quod
752 4991 817 5029 ne
841 4976 1089 5030 cadamus
1117 4975 1167 5028 in
1194 4977 1488 5045 gehennam
1511 5018 1526 5043 ,
1558 4976 1754 5031 sufﬁcit
1779 4979 1934 5032 nobis
1962 4993 2139 5032 reces-

580 5081 673 5122 sus
697 5081 728 5121 a
758 5067 915 5129 malo.
941 5066 1150 5121 interim
1176 5067 1299 5121 dum
1321 5067 1461 5133 dico,
1486 5069 1614 5122 mihi
1633 5079 1890 5124 venerunt
1917 5071 1964 5123 in
1996 5086 2140 5125 men-

584 5168 690 5213 tem
725 5158 963 5228 quadam
992 5160 1148 5214 minae
1174 5160 1443 5216 terribiles
1472 5161 1788 5230 supplicium
1818 5160 2102 5216 inferentes
2123 5203 2138 5226 ,

582 5264 689 5304 non
728 5250 792 5305 iis
831 5249 919 5320 qui
958 5251 1082 5305 mali
1124 5252 1388 5322 quidpiam
1426 5252 1776 5320 admiserunt,
1803 5252 1894 5307 sed
1921 5267 2012 5307 eos
2042 5269 2140 5321 pu-

581 5342 809 5407 nientes,
848 5343 936 5413 qui
978 5343 1099 5398 boni
1140 5346 1333 5415 aliquid
1373 5347 1843 5415 praetermiserunt.
1887 5344 2137 5413 Quianam

584 5444 760 5488 autem
799 5448 877 5489 ea:
918 5435 1076 5490 sunt?
1114 5436 1245 5491 Cum
1286 5437 1595 5500 advenerit,
1646 5438 1851 5505 inquit,
1900 5436 2010 5489 dies
2054 5437 2143 5491 ille

581 5526 869 5591 terribilis,
916 5543 1021 5597 quo
1067 5542 1127 5583 se
1173 5529 1361 5583 sistere
1403 5537 1640 5599 oportet,
1683 5528 1734 5582 in
1784 5528 2028 5582 tribunali
2051 5542 2143 5583 se-

589 5618 722 5675 deus
750 5620 941 5686 ludes,
969 5621 1158 5677 ovibus
1182 5623 1393 5693 quidem
1424 5624 1634 5677 statutis
1655 5636 1685 5676 a
1707 5622 1907 5677 dextris
1926 5664 1940 5686 ,
1973 5622 2143 5679 haedis

587 5720 717 5765 vero
736 5724 766 5765 a
792 5713 1042 5779 sinistris,
1068 5714 1253 5769 ovibus
1281 5714 1493 5784 quidem
1518 5714 1659 5769 dicet
1688 5730 1702 5768 :
1744 5711 2145 5776 Venite,benedi-

584 5800 649 5853 αἱ
680 5798 848 5858 Patris
876 5805 970 5859 mei
988 5846 1001 5873 ,
1039 5806 1281 5876 possidete
1317 5822 1522 5877 regnum
1548 5805 1681 5861 vobis
1708 5816 1935 5876 paratum
1963 5824 1991 5860 α
2020 5823 2139 5862 con-

2225 3228 2479 3284 stitutione
2505 3228 2709 3294 mundi;
2736 3230 2915 3283 esurivi
2942 3230 3094 3293 enim,
3119 3239 3163 3285 et
3193 3230 3396 3285 dedistis
3418 3231 3541 3285 mihi
3561 3231 3630 3283 ad
3653 3248 3801 3285 com-7

2227 3319 2471 3373 edendum
2486 3318 2699 3389 (Matth.
2719 3319 2808 3375 25.
2832 3321 2920 3375 54.
2934 3321 3047 3389 55).
3070 3321 3181 3377 Hoc
3203 3322 3453 3391 pramlare
3477 3340 3491 3377 :
3513 3324 3803 3393 oportebat

2225 3410 2367 3465 enim
2388 3425 2482 3465 eos
2509 3417 2667 3465 tanta;
2693 3409 3035 3482 benignitatis
3060 3413 3195 3469 hanc
3223 3414 3465 3485 accipere
3483 3430 3799 3471 remunera-

2228 3502 2424 3559 tionem
2455 3519 2469 3555 :
2498 3503 2637 3572 quod
2665 3513 2839 3558 autem
2868 3504 2956 3575 qui
2986 3505 3261 3576 egentibus
3289 3521 3393 3561 non
3423 3507 3805 3578 impertierunt

2228 3609 2293 3650 ex
2322 3596 2386 3650 iis
2414 3612 2532 3665 quae
2556 3596 2653 3665 ipsi
2677 3595 2960 3665 habebant,
2992 3612 3099 3652 non
3128 3598 3297 3653 solum
3326 3599 3395 3653 ita
3420 3598 3708 3668 puniantur
3738 3611 3803 3656 ut

2228 3686 2500 3756 priventur
2523 3688 2673 3742 bonis
2692 3729 2707 3755 ,
2739 3686 2831 3743 sed
2856 3688 3015 3743 etiam
3041 3688 3107 3742 ad
3139 3688 3309 3759 ignem
3339 3688 3593 3758 gehennm
3616 3700 3797 3745 trans-

2230 3778 2525 3843 mittantur,
2548 3779 2650 3832 hoc
2674 3794 2954 3847 quamnam
2985 3778 3143 3833 habet
3168 3779 3471 3835 rationem?
3501 3780 3670 3834 Habet
3694 3796 3801 3834 an-

2232 3880 2339 3927 tem
2368 3871 2469 3927 hoc
2493 3886 2702 3941 quoque
2731 3864 2835 3925 non
2863 3873 3035 3926 minus
3060 3882 3457 3942 congruentem,
3482 3888 3636 3943 quam
3666 3873 3800 3927 illud

2233 3966 2401 4035 prius,
2428 3965 2708 4019 rationem.
2750 3964 2879 4021 Nam
2921 3981 3017 4036 per
3059 3965 3159 4020 hoc
3192 3965 3485 4031 erudimur,
3524 3965 3664 4032 quod
3706 3968 3801 4037 qui

2232 4059 2367 4113 bona
2406 4057 2615 4127 quidem
2657 4056 2911 4123 fecerunt,
2956 4057 3196 4113 fruentur
3236 4058 3391 4113 bonis
3430 4073 3545 4127 qua:
3584 4067 3708 4111 sunt
3747 4059 3804 4112 in

2234 4149 2414 4203 caelis:
2447 4150 2479 4202 ii
2504 4164 2661 4214 vero,
2693 4149 2743 4203 in
2786 4162 2917 4218 quos
2953 4165 3056 4203 non
3100 4149 3241 4223 cadit
3284 4149 3629 4218 reprehensio
3654 4149 3803 4219 quod

2235 4240 2429 4310 aliquid
2454 4241 2577 4295 mali
2600 4241 2840 4307 fecerint,
2864 4241 3061 4311 aliquid
3085 4251 3260 4294 autem
3291 4240 3413 4294 boni
3441 4242 3803 4309 prmtermise-

2236 4344 2377 4400 runt,
2411 4350 2529 4389 cum
2551 4334 2614 4389 iis
2637 4336 2724 4405 qui
2754 4335 2889 4388 mala
2914 4334 3173 4397 fecerunt,
3198 4332 3523 4387 abducentur
3544 4334 3595 4386 in
3621 4333 3801 4402 ignem

2236 4427 2510 4496 gehennae.
2538 4427 2647 4483 Nisi
2669 4428 2784 4498 quis
2805 4427 2942 4483 dicat
2965 4426 3105 4498 quod
3131 4426 3326 4480 bonum
3356 4425 3543 4481 fecisse
3573 4436 3654 4481 est
3680 4442 3802 4495 pars

2237 4521 2381 4584 vitii;
2416 4519 2515 4574 hoc
2553 4519 2694 4574 enim
2733 4528 2815 4573 est
2852 4518 2967 4581 otii,
2996 4519 3159 4572 otium
3187 4527 3363 4572 autem
3390 4526 3472 4573 est
3498 4532 3621 4586 pars
3651 4519 3800 4583 vitii;

2240 4613 2323 4666 vel
2351 4612 2520 4679 potius
2551 4626 2652 4664 non
2684 4625 2825 4679 pars,
2849 4609 2941 4664 sed
2971 4608 3180 4663 occasio
3207 4617 3260 4663 et
3282 4624 3437 4678 prava
3468 4608 3616 4661 radix
3645 4626 3659 4661 :
3683 4624 3803 4661 nam

2240 4719 2396 4758 omne
2433 4703 2611 4756 vitium
2653 4702 2833 4756 docuit
2876 4701 3062 4755 otium.
3112 4700 3189 4755 Ne
3222 4715 3348 4770 ergo
3377 4699 3688 4766 insipienter
3712 4699 3808 4752 has

2242 4792 2574 4863 proferamus
2618 4793 3078 4863 interrogationes.
3123 4791 3223 4859 Qui
3268 4791 3395 4845 nihil
3432 4792 3517 4846 vel
3558 4790 3685 4844 mali
3727 4790 3809 4843 vel

2242 4887 2366 4942 boni
2395 4886 2538 4951 fecit,
2565 4901 2845 4957 quemnam
2871 4886 3044 4940 locum
3074 4884 3331 4954 accipiet?
3372 4883 3579 4938 Etenim
3606 4883 3811 4938 bonum

2244 4992 2348 5032 non
2379 4977 2590 5044 fecisse,
2624 4977 2725 5033 hoc
2746 4986 2827 5032 est
2850 4978 3037 5032 fecisse
3063 4977 3279 5032 malum.
3312 4974 3441 5030 Nam
3469 4976 3553 5030 dic
3580 4976 3735 5041 mihi,
3770 4978 3811 5029 si

2244 5085 2400 5140 quem
2431 5068 2625 5123 habeas
2656 5069 2932 5136 famulum,
2962 5069 3051 5139 qui
3083 5085 3253 5138 neque
3279 5067 3506 5134 furetur,
3537 5082 3711 5135 neque
3746 5068 3811 5121 sit

2246 5162 2690 5226 contumeliosus,
2740 5177 2911 5231 neque
2956 5161 3303 5226 contradicat,
3344 5170 3397 5215 et
3439 5160 3506 5215 ab
3551 5159 3811 5215 ebrietate

2246 5255 2502 5309 abstineat
2537 5254 2603 5306 ab
2640 5253 2861 5323 aliisque
2899 5254 3166 5317 omnibus,
3201 5253 3295 5309 sed
3333 5260 3587 5322 perpetuo
3627 5252 3811 5306 sedeat

2249 5348 2468 5411 otiosus,
2499 5356 2553 5402 et
2580 5346 2708 5400 nihil
2736 5347 2891 5401 faciat
2913 5364 2977 5401 ex
3006 5348 3070 5402 iis
3096 5363 3211 5415 quae
3237 5346 3464 5402 famulus
3490 5345 3650 5401 debet
3680 5345 3811 5398 hero

2251 5448 2525 5507 praestare,
2567 5454 2671 5493 non
2719 5455 2838 5493 eum
2884 5439 3058 5493 cmdes
3100 5438 3299 5507 ﬂagris,
3346 5454 3450 5493 non
3496 5437 3813 5507 torquebis?

2251 5531 2444 5596 Etiam,
2469 5531 2692 5602 inquies.
2717 5529 2875 5602 Atqui
2896 5530 3023 5584 nihil
3046 5530 3168 5584 mali
3188 5529 3331 5584 fecit.
3362 5529 3472 5583 Hoc
3492 5528 3660 5597 ipsum
3684 5542 3811 5596 ergo

2251 5634 2334 5681 cst
2350 5626 2564 5680 malum.
2585 5625 2709 5689 Sed,
2728 5625 2770 5678 si
2795 5625 2983 5694 placet,
3003 5623 3324 5678 deducamus
3338 5622 3630 5677 orationem
3649 5620 3817 5675 etiam-

2252 5718 2317 5772 ad
2346 5718 2601 5788 reliquam
2636 5720 2821 5772 vitam.
2863 5717 2942 5772 Sit
2983 5718 3171 5787 aliquis
3213 5717 3460 5788 agricola,
3494 5714 3581 5785 qui
3614 5716 3817 5767 nostris.

2257 5809 2584 5865 facultatibus
2606 5806 2736 5864 nihil
2764 5808 2885 5863 mali
2913 5805 3114 5874 alit-rat,
3141 5822 3308 5876 neque
3338 5806 3611 5863 insidietur
3626 5820 3817 5876 neque
