1980 3252
77 202 125 232 HI

75 261 222 293 τραύματα
254 261 377 290 θάνατον.
405 263 474 290 Ἀλλ’
501 265 577 291 οὐδὲν
607 266 710 293 τούτων
736 265 853 301 ἠθέλησε

74 302 244 335 φθέγξασθαι
271 303 390 336 Παῦλος,
406 305 462 331 ἀλλ’
489 305 505 341 ἦ
523 306 602 332 τοῦτο
618 307 708 341 μόνον,
731 307 855 341 Ὰρθήτω

72 343 136 369 σὺν
149 343 233 378 πάσῃ
246 346 344 378 κακίᾳ.
362 346 394 372 Τί
405 347 473 378 ἐστι,
487 347 549 374 Σὺν
563 347 646 381 πάσῃ
661 350 767 382 auum;
779 349 856 375 Πᾶσα

73 384 129 419 γὰρ
146 385 231 411 κακία
247 387 287 417 εἰς
306 386 385 413 τοῦτο
401 388 522 423 τελευτᾷ.
541 389 603 415 Εἰσὶ
618 390 671 425 γάρ
685 399 756 421 τινες
771 390 855 417 καθά-

73 434 128 461 περ
142 427 167 452 οί
185 426 364 462 λαθροδῆκται
381 428 435 455 τῶν
453 429 552 461 κυνῶν,
560 431 585 457 οἶ
593 431 656 462 τοὺς
669 432 718 466 μὲν
730 432 855 466 προσιόν-

73 475 123 498 τας
138 467 214 494 οὐδὲν
231 467 403 503 ὑλακτοῦσιν,
419 470 479 497 οὐδὲ
494 471 708 507 δυσχεραίνουσι·
721 473 857 504 σαίνοντες

73 508 102 534 δὲ
116 509 165 535 καὶ
178 510 313 545 προσηνὲς
330 511 544 547 ἐπιδεικνύμενοι
565 513 668 548 σχῆμα,
684 514 857 548 ἀφυλάκτους

73 549 214 583 λαϐόντες,
242 552 305 583 τοὺς
322 552 429 584 ὀδόντας
446 554 591 589 ὲνέπηξαν’
608 552 681 582 οὗτοι
700 555 857 590 χαλεπώτε-

75 599 119 627 ροι
131 591 188 618 τῶν
205 593 237 619 ὲκ
252 594 368 629 φανεροῦ
382 595 431 630 τήν
439 595 537 631 ἔχθραν
548 596 762 631 ἀναδεχομένων.
781 597 859 624 Ἐπεὶ

74 631 123 659 οὖν
140 635 190 660 καὶ
214 634 351 670 ἄνθρωποί
372 637 424 662 εἱσι
445 637 536 669 κύνες,
555 638 601 664 καὶ
617 638 679 664 οὒτε
699 638 857 674 κράζοντες,

75 674 139 701 οὔτε
161 675 343 711 ὀργιζόμενοι,
373 677 434 704 οὔτε
465 678 683 714 δυσχεραίνοντες
704 679 857 712 ἀπειλοῦσι,

76 715 170 750 λάθρα
185 716 214 743 δὲ
236 717 385 751 ράπτοντες
412 719 514 751 δόλους,
542 720 589 746 καὶ
611 721 860 752 κατασκευάζοντες

77 757 166 792 μυρία
181 757 265 790 κακὰ,
278 759 325 785 καὶ
344 759 377 785 δι’
388 759 475 795 ἔργων
489 761 663 796 ἀμυνόμενοι,
680 762 727 787 καὶ
747 762 860 794 τούτους

75 799 201 833 ᾐνίξατο.
234 799 362 833 Ἀρθήτω
383 801 433 836 ἀφ’
453 802 554 837 ὑμῶν,
584 803 659 838 φησὶ,
687 802 749 830 σὺν
776 803 859 838 πάσῃ

77 840 181 873 κακίᾳ.
197 840 242 875 Μὴ
257 842 386 876 ῥημάτων
407 842 455 877 μὲν
471 843 573 877 φείδου,
589 844 633 871 διὰ
650 844 679 870 δὲ
700 844 753 871 τῶν
771 844 859 880 ἔργων

77 881 199 915 ἀμύνου.
217 882 286 915 Ἐγὼ
305 882 350 909 διὰ
366 883 445 910 τοῦτο
460 885 509 919 τὴν
523 884 648 918 γλῶσσαν
664 885 791 917 ἐκόλασα,
809 886 857 912 καὶ

76 922 132 957 τὴν
150 923 269 958 κραυγὴν
287 924 372 958 αὐτῆς
388 925 549 960 περιέκοψα,
564 925 607 952 ἵνα
629 925 666 961 μὴ
686 926 732 952 τὸν
755 926 860 962 πυρσὺν

77 963 174 999 ἁνὰψῃ
192 965 376 1000 σφοδρότερον“
394 967 419 992 εἰ
444 967 473 993 δὲ
498 967 545 994 καὶ
571 968 656 1002 χωρὶς
684 968 807 1003 κραυγῆς
826 967 861 994 τὰ

78 1005 153 1032 αὐτὰ
169 1007 266 1039 ποιεῖς,
284 1007 331 1033 καὶ
344 1007 416 1034 ἔνδον
431 1008 543 1043 τρέφεις
557 1010 605 1043 τὴν
627 1009 718 1045 πυρὰν
740 1010 861 1041 καὶτοὺς

78 1046 231 1082 ἄνθρακας,
245 1048 273 1074 τί
287 1049 317 1075 τὸ
329 1049 423 1083 ὄφελος
438 1051 487 1085 τῆς
504 1051 600 1085 σιγῆςς
615 1051 650 1077 Ἦ
662 1051 712 1078 οὐκ
724 1049 807 1083 οἶδας,
820 1051 861 1078 ὃτι

79 1089 109 1115 αἱ
134 1090 269 1125 πυρκαῖαὶ
294 1091 410 1125 μάλιστά
437 1092 490 1118 εἰσι
511 1092 711 1127 χαλεπώταται,
733 1093 815 1129 αἴπερ
829 1093 862 1120 ἂν

80 1129 157 1157 ἔνδον
168 1131 337 1167 τρεφόμεναι
353 1132 391 1168 μὴ
411 1133 559 1168 φαίνωνται
581 1136 637 1166 τοῖς
656 1134 862 1170 περιεστηκόσιν

81 1172 178 1205 ἐκτός;
204 1173 252 1199 καὶ
263 1174 417 1209 τραύματα,
435 1175 506 1210 ἅπερ
529 1175 561 1202 ἂν
590 1176 627 1210 μὴ
645 1177 685 1207 είς
697 1176 746 1211 τὴν
759 1176 861 1211 ἐπιφά-

80 1222 157 1240 νειαν
169 1212 306 1250 ὲξανθήσῃ
317 1223 324 1247 ;
336 1215 383 1242 καὶ
395 1218 506 1251 πυρετοὶ
519 1217 577 1243 ὅσοι
590 1217 623 1244 τὰ
631 1217 753 1244 ἐντόσθια
766 1218 861 1244 καίου-

505 206 538 234 IN
557 206 666 236 EPIST.
686 207 732 235 AD
747 207 868 237 EPHES.
884 208 961 237 CAP.
980 208 1027 236 IV.
1041 207 1158 236 HOMIL.
1178 208 1250 237 XVI.

1633 208 1684 235 ΗΞ

886 289 888 291 .
910 274 952 292 σιν
965 274 971 299 ;
994 264 1073 292 οὕτω
1092 265 1139 291 καὶ
1153 265 1221 300 ὀργὴ
1233 264 1302 300 αὕτη
1317 253 1492 299 χαλεπωτέρα
1506 264 1523 299 ἡ
1539 263 1588 299 τήν
1598 264 1685 299 ψυχὴν

907 306 1099 341 ἐπινεμομένη.
1120 306 1200 332 Ἀλλὰ
1224 307 1270 333 καὶ
1293 306 1360 341 αὕτη
1384 305 1503 340 ἀρθήτω,
1535 306 1612 340 φησὶ,
1637 306 1686 331 σὺν

893 349 981 385 πάσῃ
1004 348 1097 385 κακίᾳ,
1126 349 1174 374 καὶ
1204 348 1288 383 μικρᾷ
1313 348 1360 374 καὶ
1387 347 1501 383 μεγάλῃ.
1527 347 1687 381 Πειθὼμεθα

906 389 994 415 τοίνυν
1007 384 1092 424 αὐτῷ,
1110 389 1156 415 καὶ
1174 390 1263 414 πᾶσαν
1276 388 1387 423 πικρίαν
1411 389 1458 414 καὶ
1472 389 1561 415 πᾶσαν
1586 388 1684 415 κακίαν

906 430 1069 466 ὲξαίρωμεν,
1084 431 1127 457 ἵνα
1155 432 1191 465 μὴ
1207 430 1335 465 λυπῶμεν
1358 430 1390 456 τὸ
1412 429 1524 465 Πνεῦμα
1544 430 1574 456 τὸ
1596 430 1683 464 ἃγιον.

912 472 1061 507 Ἀνέλωμεν
1071 471 1217 507 πρόρριζον
1226 472 1274 507 τὴν
1281 471 1403 507 πικρίαν,
1416 472 1576 506 έκτέμωμεν
1585 472 1670 506 αὑτήν
1679 478 1686 485 ’

907 513 988 540 Οὐδὲν
993 513 1092 547 ἀγαθὸν
1101 514 1154 540 ἀπὸ
1161 514 1261 548 πικρᾶς
1270 513 1374 546 γένοιτο
1381 512 1412 539 ἂν
1422 512 1597 548 ψυχῆς,οὑδὲν
1603 512 1687 547 ὑγιὲς,

906 554 995 581 πάντα
1008 554 1155 590 συμφοραὶ,
1163 555 1251 581 πάντα
1266 554 1379 589 δάκρυα,
1389 554 1477 580 πάντα
1486 553 1578 588 θρῆνοι
1588 554 1635 580 καὶ
1647 553 1688 579 ol-

909 598 1008 632 μωγαί.
1029 597 1084 632 Οὐχ
1094 597 1173 631 ὁρᾶτε
1183 597 1230 623 καὶ
1240 596 1293 622 τῶν
1309 596 1410 631 Θηρίων
1422 596 1472 622 ὅσα
1482 595 1514 621 ἂν
1523 595 1621 630 κράζῃ,
1631 595 1690 627 πῶς

907 638 1132 674 ἀποστρεφόμεθα
1142 646 1147 651 ·
1158 634 1212 664 οἷον
1221 637 1265 664 τὸν
1273 637 1376 668 λέοντα,
1386 636 1434 671 τὴν
1445 637 1554 671 ἄρκτον,
1564 636 1620 661 ἀλλ’
1631 636 1690 670 οὐχὶ

907 679 937 706 τδ
951 680 1102 715 πρόϐατον;
1121 679 1150 706 οὺ
1165 678 1219 714 γάρ
1236 680 1308 705 ἐστιν
1320 679 1377 704 ἐκεῖ
1388 678 1506 714 κραυγὴ,
1521 677 1589 704 ἀλλὰ
1604 685 1690 711 προσ-

908 722 977 756 ηνής
987 730 1029 753 τις
1060 721 1147 756 φωνή.
1164 721 1218 747 Καὶ
1230 720 1284 747 τῶν
1300 720 1423 755 ὁργάνων
1439 720 1468 746 δὲ
1479 719 1533 745 τῶν
1544 718 1689 753 μουσικῶν,

906 763 956 789 ὅσα
969 762 1017 797 μὲν
1034 762 1067 789 ἂν
1089 762 1190 797 κράζῃ,
1210 761 1364 796 ἀηδέστερό.
1375 763 1433 787 ἐστι
1463 760 1531 795 πρὸς
1549 760 1593 786 τὸν
1608 760 1692 794 φθόγ-

908 811 966 837 γον,
978 800 1032 829 οίον
1043 802 1180 838 τύμπανα,
1196 802 1354 836 σάλπιγγες·
1364 803 1399 829 τὰ
1411 802 1439 828 δὲ
1458 802 1495 837 μὴ
1512 801 1608 832 οὕτως,
1624 800 1692 828 ἀλλὰ

910 845 1091 880 μαλάττοντα,
1106 844 1190 870 ταῦτα
1209 844 1285 878 ἡδέα,
1296 841 1351 870 οἷον
1362 843 1443 874 αὐλὸς
1462 843 1509 870 καὶ
1525 842 1626 878 κιθάρα
1638 843 1686 868 καὶ

909 885 1047 921 σύριγγες.
1066 885 1158 917 οὕτως
1179 882 1233 911 οὖν’
1246 885 1324 920 ἡμῶν
1339 885 1389 920 τὴν
1402 884 1490 920 ψυχὴν
1506 884 1686 919 καταστήσω·
1725 916 1732 925 ι

910 936 971 962 μεν,
983 927 1052 953 ὥστε
1067 927 1104 962 μὴ
1121 926 1241 961 κράζειν·
1261 927 1307 953 καὶ
1323 926 1394 953 οὕτω
1403 926 1573 961 δυνησόμεθα
1584 925 1631 952 καὶ
1643 925 1693 961 τῆς

909 970 994 1006 ὀργῆς
1007 969 1218 1004 περιγενέσθαι·
1242 968 1345 1004 ταύτην
1364 968 1392 995 δὲ
1417 967 1592 1002 ἐκκόψαντες,
1617 967 1693 994 αὐτοὶ

911 1012 1014 1047 πρῶτοι
1029 1011 1078 1046 τῆς
1092 1011 1214 1045 γαλήνης
1231 1010 1433 1045 ἀπολαύσομεν,
1444 1010 1490 1037 καὶ
1503 1011 1542 1041 είς
1551 1009 1598 1036 τὸν
1607 1009 1694 1036 εὕδιον

912 1052 1084 1088 πλευσόμεθα
1101 1051 1210 1086 λιμένα⁵
1225 1048 1255 1078 οὗ
1270 1051 1374 1085 γένοιτο
1385 1051 1488 1082 πάντας
1512 1051 1586 1085 ἡμᾶς
1598 1051 1694 1076 ὲπιτυ-

914 1094 971 1129 χεῖν
989 1095 1017 1120 ὲν
1031 1093 1142 1129 Χριστῷ
1161 1092 1249 1128 Ἰησοῦ
1267 1092 1305 1128 τῷ
1321 1092 1416 1127 Κυρίῳ
1433 1091 1520 1130 ἡμῶν,
1534 1091 1594 1126 μεθ’
1610 1088 1640 1118 οὗ
1656 1091 1694 1126 τῷ

900 1136 1001 1170 νΙΙατρὶ
1024 1135 1081 1171 ἅμα
1095 1135 1134 1170 τῷ
1151 1135 1221 1170 ἁγίῳ
1244 1134 1381 1170 Πνεύματι
1401 1134 1473 1167 δόξα,
1489 1133 1600 1169 κράτος,
1614 1133 1692 1168 τιμὴ,

913 1177 961 1204 νῦν
990 1177 1037 1203 καὶ
1065 1178 1117 1209 ἀεὶ,
1147 1177 1194 1203 καὶ
1219 1177 1259 1208 εἰς
1283 1177 1345 1207 τοὺς
1369 1175 1469 1207 αἰῶνας
1498 1175 1552 1202 τῶν
1577 1175 1692 1202 αἰώνων,

920 1219 949 1246 'A
954 1219 1007 1254 μήν

750 1404 825 1441 [Hs]
843 1405 965 1432 OMIAIA
980 1405 1037 1439 ις’.

84 1464 172 1504 Uting
188 1465 292 1504 πικρίᾳ
313 1464 367 1504 καὶ.
380 1465 471 1504 ζῑυμὸς
485 1465 533 1504 ger
547 1465 617 1504 (ξι)γὴ
630 1466 680 1504 ¹καὶ
692 1466 805 1504 κραυγὴ
817 1466 866 1504 καὶ

117 1500 301 1534 ,ϐλασφημία
315 1500 430 1532 ἀρθήτω
444 1501 492 1533 ἀφ’
512 1500 592 1533 ὑμῶν
603 1502 662 1526 σὺν
670 1501 752 1534 πάσῃ
768 1501 865 1533 κακίᾳ.

121 1536 250 1561 Γίνεσθε
266 1535 300 1560 δὲ
313 1537 357 1567 εΙς
376 1536 530 1567 ἀλλήλους
551 1537 686 1570 χρηστοὶ,
713 1537 867 1569 εὔσπλαγ-

121 1578 198 1603 χνοι.
229 1569 411 1603 χαριζόμενοι
437 1570 569 1602 ἑαυτοῖς,
591 1571 688 1603 καθὼς
700 1571 747 1596 καὶ
764 1572 779 1597 ὀ
797 1571 867 1602 Θεὸς

120 1605 283 1638 ἐχαρίσατο
299 1605 381 1639 ὑμῖν.

121 1683 158 1706 α’.
167 1680 223 1707 οὐκ
234 1680 315 1716 ἀρκεῖ
321 1680 418 1712 κακίας
428 1680 624 1716 ἀπαλλαγῆναι,
634 1682 657 1707 εἰ
675 1680 715 1707 δεῖ
728 1681 776 1716 τῆς
794 1680 869 1716 βασι-

85 1723 162 1755 λείας
186 1724 240 1750 τῶν
264 1724 385 1760 οὐρανῶν
408 1725 556 1759 ἐπιτυχεῖν,
572 1725 639 1753 ἀλλὰ
652 1725 691 1751 δεῖ
706 1725 753 1752 καὶ
770 1725 869 1760 πολλῆς

84 1769 136 1802 τῆς
160 1767 217 1793 τῶν
240 1767 347 1806 ᾁρετῶν
371 1768 511 1803 ἐργασίας.
529 1769 586 1795 Ίνα
611 1768 659 1803 μὲν
683 1767 736 1803 γὰρ
759 1768 870 1803 γεέννης

86 1811 458 1847 ἁπαλλαγῶμεν,ἀπὲχεσθαι
472 1812 511 1838 δεῖ
525 1812 657 1847 πονηρίας
669 1821 676 1827 ·
689 1812 733 1838 ἵνα
750 1812 777 1838 δὲ
794 1812 870 1846 βασι-

86 1856 162 1887 λείας
187 1855 374 1890 ἔπιτύχωμεν,
387 1856 547 1891 ἀντέχεσθαι
574 1857 622 1891 τῆς
641 1857 750 1892 ἀρετῆς.
773 1857 807 1882 Ἣ
822 1856 871 1882 οὐκ

88 1899 146 1925 ἴστε
158 1918 166 1928 ,
194 1899 237 1925 ὅτι
250 1899 297 1924 καὶ
312 1900 340 1925 ὲν
358 1900 413 1931 τοῖς
431 1899 529 1932 ἔξωθεν
543 1899 736 1935 δικαστηρίοις,
751 1899 815 1926 ὃταν
828 1900 871 1933 ἑξ-

87 1942 183 1974 έτασις
223 1942 278 1968 τῶν
295 1943 500 1978 εἰργασμένων,
515 1944 562 1970 καὶ
578 1944 744 1979 ἐκκλησιάζῃ
763 1945 838 1970 πᾶσα
854 1944 871 1978 ἡ

87 1986 166 2017 πόλις
180 2006 188 2018 ,
205 1985 278 2012 οὕτω
299 1986 421 2020 γίνεται;
439 1988 492 2013 Καὶ
506 1987 559 2022 γὰρ
574 1987 620 2013 ἐπὶ
631 1988 686 2014 τῶν
698 1987 796 2019 ἔξωθεν
812 1987 872 2018 ἔθος

87 2028 122 2065 ἦν
145 2030 280 2061 παλαιὸν,
297 2030 390 2065 χρυσῷ
414 2031 612 2064 στεφανοῦσθαι
634 2032 768 2067 στεφάνῳ,
784 2030 814 2058 οὐ
828 2031 872 2057 τὸν

90 2075 174 2110 μηδὲν
196 2074 283 2100 κακὸν
299 2075 486 2110 ἐργασάμενον
508 2075 557 2110 τὴν
585 2075 662 2101 πόλιν
683 2083 690 2090 ⁸
713 2075 791 2102 τοῦτο
818 2076 872 2110 γὰρ

90 2118 157 2145 αὐτὸ
171 2118 241 2153 πρὸς
254 2118 285 2144 τὺ
305 2119 343 2153 μὴ
358 2118 448 2144 δοῦναι
470 2118 548 2153 δίκην
566 2119 673 2154 ἀπόχρη
692 2119 771 2154 μόνον
784 2128 790 2134 ”
807 2119 874 2145 ἀλλὰ

89 2163 136 2189 τὸν
162 2162 285 2197 μεγάλας
312 2162 470 2196 εὐεργεσίας
490 2162 703 2197 ἐπιδειξάμενον.
722 2162 814 2194 Οὕτως
829 2164 875 2189 ἐπὶ

90 2205 200 2240 ταύτην
230 2206 311 2240 ὲχρῆν
333 2205 446 2239 ἄγεσθαι
469 2205 518 2241 τὴν
544 2200 636 2241 τιμήν.
658 2206 738 2233 Ἀλλὰ
757 2207 810 2243 γὰρ
826 2207 876 2233 οὐκ

94 2248 155 2277 ιῖδι
178 2248 237 2279 πῶς
252 2248 345 2283 μικροῦ
362 2249 416 2275 δεῖν
440 2258 473 2284 με
489 2249 640 2285 παρέλαθεν
652 2250 666 2276 ὃ
678 2250 793 2285 μάλιστα
809 2251 876 2285 πρὸς

94 2293 171 2328 ὑμᾶς
186 2293 331 2326 ἀναγκαῖον
350 2291 383 2328 ἦν
398 2294 493 2320 εἰπεῖν.
508 2294 563 2328 Τῆς
580 2294 633 2329 γὰρ
646 2294 801 2329 διαιρέσεως
814 2295 877 2321 ταύ-

91 2345 144 2372 της
161 2337 192 2363 τὸ
203 2336 309 2372 πρῶτον
323 2337 482 2372 ἀνατίθεμαι
500 2338 591 2372 μέρος,
605 2339 689 2374 μικρᾷ
697 2348 749 2365 τινι
759 2339 877 2375 ἐπιδιορ-

92 2382 176 2408 θώσει
199 2381 382 2416 χρησάμενος.
412 2382 519 2417 Ἐπειδὴ
538 2382 592 2417 γὰρ
608 2382 687 2418 ἔφην,
712 2383 779 2418 πρὸς
795 2383 825 2409 τὺ
841 2383 877 2418 μὴ

92 2426 257 2460 περιπεσεῖν
277 2425 374 2460 γεέννῃ
387 2425 427 2451 ὃτι
443 2425 496 2451 τῶν
514 2426 605 2452 κακῶν
619 2427 683 2461 ἡμῖν
735 2426 878 2462 ἀναχώρη-

93 2478 136 2501 σις
156 2470 249 2504 ἀρκεῖ,
270 2468 370 2504 μεταξύ
395 2477 428 2503 με
444 2469 557 2503 λέγοντα
568 2470 714 2505 ὑπεισῆλθέ
726 2479 767 2501 τις
780 2470 877 2505 ἀπειλὴ

93 2513 201 2548 φοϐερὰ
215 2532 222 2543 ,
242 2512 272 2538 οὐ
299 2514 355 2543 τοῖς
378 2512 463 2539 κακόν
474 2521 500 2538 τι
511 2512 661 2548 τολμήσασι
676 2514 725 2549 τὴν
743 2513 878 2549 τιμωρίαν

93 2557 247 2590 ἐπάγουσα,
271 2556 337 2581 ἀλλὰ
362 2557 424 2587 τοὺς
454 2555 641 2588 ὲλλε).οιπότας
654 2565 680 2583 τι
695 2557 748 2582 τῶν
770 2557 879 2590 ἀγαθῶν

96 2600 260 2631 κολάζουσα.
276 2599 324 2630 Τίς
341 2599 372 2634 δὴ
384 2597 430 2626 οὖν
446 2599 514 2635 αὒτη
533 2600 590 2626 ἐστί
602 2608 609 2632 ;
623 2600 678 2634 ’[ἧς
691 2601 808 2635 ἡμέρας,
824 2609 879 2635 φη-

96 2645 149 2675 σὶν,
168 2643 321 2678 ἐπιστάσης
346 2643 395 2678 τῆς
425 2643 561 2679 φοϐερᾶς,
581 2644 628 2670 καὶ
656 2644 880 2679 παραγενομένης

96 2688 145 2722 τῆς
169 2687 281 2722 κυρίας,
297 2687 439 2718 καθεσθεὶς
461 2687 507 2713 ἐπὶ
528 2687 575 2713 τοῦ
597 2687 717 2723 βήματος
732 2689 746 2714 ό
764 2689 877 2723 Κριτής,

97 2732 144 2757 καὶ
156 2732 191 2757 τὰ
209 2730 258 2765 μὲν
280 2730 404 2765 πρόϐατα
425 2732 526 2766 στήσας
540 2732 571 2757 ἐκ
582 2731 683 2764 δεξιῶν,
697 2732 730 2758 τὰ
744 2732 771 2758 δὲ
786 2732 878 2767 ἐρίφια

98 2774 127 2807 ἑξ
139 2774 307 2810 ἀριστερῶν,
321 2774 388 2808 πρὸς
416 2774 465 2809 μὲν
480 2774 515 2800 τὰ
530 2775 652 2810 πρόϐατα
661 2775 738 2809 ἔλεγε
752 2783 758 2789 '
777 2776 876 2807 Δεῦτε,

98 2819 124 2844 ol
136 2817 337 2852 εὐλογημένοι
356 2817 409 2844 τοῦ
425 2819 538 2852 Πατρός
556 2827 625 2852 μου,
635 2820 880 2853 κληρονομήσατε

99 2861 159 2895 τὴν
175 2862 402 2896 ἡτοιμασμένην
418 2861 489 2896 ὑμῖν
503 2863 669 2894 ,βασιλείαν
682 2862 741 2889 ἀπὸ
755 2864 880 2890 καταϐο-

102 2904 164 2940 λῆς
178 2906 297 2941 κόσμου
311 2912 319 2921 ·
331 2905 476 2934 ἑπείνασα
487 2907 552 2941 γὰρ,
572 2907 621 2934 καὶ
629 2905 755 2934 ἐδώκατέ
763 2916 813 2942 μοι
825 2916 881 2941 φα-

916 1465 991 1500 γεῖν,
1010 1465 1095 1492 Τοῦτο
1109 1465 1197 1497 καλῶς
1210 1474 1216 1481 ·
1236 1465 1289 1492 ἔδει
1304 1465 1358 1500 γαρ
1377 1463 1476 1497 αὐτοὺς
1494 1464 1544 1499 τῆς
1563 1464 1697 1499 τοσαύτης

918 1508 1122 1544 φιλανθρωπίας
1156 1517 1257 1544 ταυτην
1292 1509 1384 1536 λαϐεῖν
1409 1508 1459 1543 τὴν
1488 1507 1637 1535 ἀντίδοσιν·
1665 1507 1698 1534 τὸ

920 1554 1011 1588 μέντοι
1040 1553 1103 1585 τοὺς
1124 1553 1161 1589 μὴ
1177 1553 1339 1588 μεταδόντας
1352 1554 1408 1585 τοῖς
1420 1553 1558 1588 δεομένοις
1569 1552 1598 1585 ἐξ
1610 1549 1647 1579 ὧν
1658 1550 1698 1578 ε’ίο

918 1606 964 1632 χον
971 1598 1057 1630 αὐτοὶ,
1068 1597 1105 1632 μὴ
1115 1597 1194 1633 μέχρι
1202 1598 1251 1632 τῆς
1260 1597 1313 1624 τῶν
1322 1596 1438 1631 ἀγαθῶν
1452 1597 1604 1631 στερήσεως
1617 1595 1697 1622 κολά-

918 1640 1022 1673 ζεσθαι,
1047 1640 1114 1667 ἀλλὰ
1136 1641 1181 1668 καὶ
1203 1641 1242 1676 τῷ
1262 1642 1311 1676 τῆς
1331 1641 1442 1675 γεέννης
1466 1639 1697 1676 παραπέμπεσθαι

918 1684 996 1720 πυρὶ,
1012 1685 1088 1711 ποῖον
1113 1684 1146 1711 ἂν
1174 1684 1231 1719 ἔχοι
1247 1684 1325 1718 λόγον
1347 1684 1426 1711 τοῦτο
1440 1684 1491 1719 δή;
1508 1683 1632 1710 Μάλιστα
1649 1683 1698 1718 μὲν

919 1726 966 1755 οὖν
981 1728 1028 1755 καὶ
1043 1728 1121 1755 τοῦτο
1133 1728 1310 1763 εὐπρόσωπον
1322 1727 1354 1754 ἂν
1368 1727 1423 1762 ἔχοι
1436 1727 1525 1761 λόγον,
1543 1727 1592 1761 οὐχ
1617 1724 1699 1762 ἦττον

920 1772 936 1807 ἢ
958 1773 1043 1799 ἐκεῖνο
1057 1772 1089 1798 τὸ
1105 1772 1244 1807 πρότερον.
1260 1771 1311 1797 Διὰ
1324 1771 1378 1807 γὰρ
1394 1770 1488 1797 τούτου
1504 1770 1697 1805 παιδευόμεθα,

920 1816 960 1842 ὃτι
972 1817 996 1842 οί
1013 1816 1060 1851 μὲν
1083 1815 1117 1842 τὰ
1132 1815 1222 1849 ἀγαθὰ
1241 1815 1404 1851 πράξαντες,
1420 1813 1474 1840 τῶν
1487 1813 1516 1840 ὲν
1535 1814 1590 1844 τοῖς
1616 1813 1699 1847 οὐρα-

920 1868 975 1891 νοις
990 1858 1184 1886 ἀπολαύσονται
1196 1858 1305 1893 ἀγαθῶν
1317 1867 1324 1874 ·
1341 1859 1364 1884 οί
1375 1858 1403 1884 δὲ
1422 1857 1586 1892 ὲγκληθῆναι
1596 1857 1645 1891 μὲν
1653 1857 1699 1883 οὑ-

921 1904 964 1930 δὲν
992 1903 1099 1938 ἔχοντες
1123 1903 1207 1930 κακὸν
1219 1923 1226 1935 ,
1238 1902 1422 1933 ἐλλελοιπότες
1432 1901 1460 1927 δέ
1473 1910 1500 1927 τι
1514 1900 1568 1927 τῶν
1579 1900 1700 1934 ἀγαθῶν,

924 1947 992 1982 μετὰ
1004 1947 1057 1973 τῶν
1068 1946 1102 1973 τὰ
1121 1946 1193 1973 κακὰ
1208 1945 1400 1981 ἐργασαμένων
1414 1945 1452 1976 είς
1470 1944 1501 1971 τὸ
1515 1945 1626 1979 γεέννης
1645 1945 1699 1971 ἁπ-

923 1991 1086 2025 αχθήσονται
1103 1990 1167 2026 πῦρ.
1188 1990 1219 2016 Εί
1237 1990 1273 2024 μή
1289 1997 1330 2020 τις
1352 1990 1438 2015 ὲκείνο
1451 1987 1534 2021 λέγοι,
1552 1989 1592 2014 ὅτι
1613 1988 1659 2014 καὶ
1672 1988 1702 2014 τὺ

923 2034 1024 2066 ἀγαθὸν
1041 2033 1078 2069 μὴ
1091 2035 1211 2068 ποιῆσαι,
1227 2032 1326 2063 κακίας
1339 2032 1419 2067 μέρος
1434 2031 1506 2057 ἐστίν
1517 2039 1523 2045 ·
1537 2031 1633 2066 ἀργίας
1649 2031 1703 2066 γὰρ

924 2077 1002 2103 τοῦτό
1024 2078 1113 2109 ἐστιν,
1130 2077 1212 2112 ἀργία
1235 2076 1263 2102 δὲ
1286 2076 1385 2106 κακίας
1402 2075 1483 2110 μέρος
1496 2083 1503 2090 ·
1520 2075 1619 2109 μᾶλλον
1631 2074 1658 2100 δὲ
1672 2074 1702 2100 οὐ

927 2121 1018 2156 μέρος.
1034 2121 1102 2147 ἀλλὰ
1113 2121 1239 2151 ὑπόθεσις
1251 2121 1297 2147 καὶ¹
1314 2120 1375 2156 ῥίζα
1388 2118 1464 2155 [M7]
1479 2119 1584 2153 πονηρά
1594 2126 1600 2133 “
1614 2119 1703 2145 πᾶσαν

924 2165 979 2200 γὰρ
1002 2165 1100 2192 κακίαν
1123 2165 1242 2197 ἐδίδαξεν
1257 2166 1273 2199 ὴ
1301 2164 1395 2200 ἀργία.
1410 2163 1455 2198 Μὴ
1479 2163 1568 2189 τοίνυν
1584 2163 1704 2197 ἀνοήτως

925 2209 1025 2240 ταύτας
1052 2208 1101 2240 τὰς
1118 2209 1267 2243 ἐρωτήσεις
1279 2208 1435 2242 ἐρωτῶμεν,
1446 2204 1510 2238 οἷον,
1531 2207 1544 2232 ὁ
1560 2206 1642 2241 μηδὲν
1656 2214 1705 2232 πε-

927 2252 1047 2287 ποιηκὼς
1058 2252 1151 2283 κακὸν,
1163 2252 1244 2286 μηδὲν
1259 2251 1370 2285 ἀγαθὸν,
1387 2251 1462 2277 ποῖον
1478 2250 1582 2281 δέξεται
1597 2249 1679 2275 τόπον
1693 2257 1701 2282 ;

927 2296 963 2322 Τὸ
984 2296 1037 2331 γὰρ
1062 2295 1098 2330 μὴ
1111 2295 1223 2329 ποιῆσαι
1243 2295 1354 2329 ἀγαθὸν,
1369 2294 1448 2321 τοῦτο
1464 2293 1575 2328 ποιῆσαί
1588 2294 1645 2319 ἐστι
1656 2301 1706 2320 κα-

927 2338 984 2366 κόν.
1004 2339 1071 2365 Ειπὲ
1085 2338 1138 2373 γάρ
1155 2347 1198 2373 μοι
1210 2359 1216 2369 ,
1233 2338 1258 2364 εἴ
1271 2347 1327 2365 τινα
1341 2338 1449 2372 οἰκέτην
1461 2337 1542 2372 ἔχοις,
1557 2338 1625 2372 μήτε
1641 2336 1705 2362 κλέ-

928 2391 1037 2414 πτοντα,
1060 2383 1127 2417 μήτε
1157 2382 1310 2417 ὑϐρίζοντα,
1335 2383 1403 2417 μήτε
1427 2381 1610 2415 ἀντιλέγοντα,
1639 2380 1708 2407 ἀλλὰ

928 2427 974 2454 καὶ
988 2425 1072 2462 μέθης
1087 2425 1238 2460 κρατοῦντα
1258 2426 1303 2452 καὶ
1316 2426 1368 2452 τῶν
1385 2425 1472 2452 ἄλλων
1490 2424 1627 2455 ἁπάντων,
1639 2424 1708 2450 καθ-

928 2472 1027 2506 ήμενον
1049 2469 1078 2496 δὲ
1104 2470 1246 2501 διαπαντὸς
1270 2470 1363 2504 ἀργὸν,
1385 2468 1431 2495 καὶ
1457 2468 1532 2494 οὐδὲν
1555 2467 1608 2493 τῶν
1633 2468 1708 2502 ὀφει-

928 2515 1026 2540 λόντων
1040 2512 1115 2548 παρὰ
1130 2513 1234 2539 οἰκέτου
1250 2512 1368 2548 δεσπότῃ
1392 2511 1558 2547 πληροῦσθαι
1571 2511 1716 2542 ποιοῦντα,

929 2560 959 2585 οὐ
983 2559 1174 2593 μαστιγώσεις,
1194 2557 1223 2583 οὐ
1239 2556 1416 2591 στρεϐλώσεις
1431 2555 1526 2586 αὑτόν;
1540 2555 1603 2586 Ναὶ,
1621 2554 1686 2589 φησί
1699 2562 1707 2569 ’

929 2604 975 2629 καὶ
988 2602 1038 2638 μὴν
1058 2602 1133 2628 οὐδὲν
1151 2601 1296 2637 εἰργάσατο
1309 2600 1403 2627 κακόν.
1417 2600 1486 2626 Αὐτὸ
1502 2600 1550 2635 μὲν
1574 2597 1620 2625 οὖν
1630 2597 1710 2624 τοῦτό

930 2647 984 2674 ἐστι
997 2646 1089 2673 κακόν.
1106 2645 1185 2678 Ἀλλ’⁷
1196 2646 1220 2671 εἰ
1230 2645 1311 2675 δοκεῖ,
1322 2644 1467 2678 ἀγάγωμεν
1478 2644 1525 2670 καὶ
1536 2644 1582 2671 ἐπὶ
1594 2643 1639 2668 τὸν
1652 2641 1709 2668 λοι-

930 2686 979 2717 πδν
991 2689 1046 2725 βίον
1060 2689 1101 2715 τὸν
1112 2688 1200 2723 λόγον.
1210 2689 1298 2714 Ἔστω
1310 2696 1350 2718 τις
1361 2687 1492 2722 γεωργός,
1504 2687 1550 2713 καὶ
1567 2685 1647 2720 μηδὲν
1662 2684 1709 2710 λυ-

929 2734 1005 2769 μαινέ
1010 2733 1062 2759 σθω
1071 2733 1147 2768 τοῖςή
1155 2732 1216 2767 μετέ
1220 2740 1276 2767 ροις
1288 2731 1448 2766 ὑπάρχουσι,
1460 2730 1528 2765 μήτε
1544 2727 1711 2757 ὲπιὸουλευέ,

927 2781 1050 2812 τω,μήτε
1065 2777 1213 2809 κλεπτέτω,
1223 2777 1301 2811 μόνον
1308 2776 1392 2806 δὲτὰς
1407 2773 1488 2801 αὑτοῦ
1509 2775 1602 2808 χεῖρας
1614 2773 1709 2807 δήσας,

928 2821 995 2848 οἴκοι
1007 2820 1160 2852 καθεζέοθω
1171 2821 1237 2856 μήτε
1253 2820 1380 2856 σπείρων,
1393 2819 1461 2854 μὴτε
1477 2816 1582 2844 αὔλακα
1594 2817 1711 2851 τέμνων,

915 2866 999 2900 ’μήτε
1028 2864 1089 2898 βοῦς
1108 2864 1287 2898 ὑποζευγνὺς,
1309 2864 1378 2899 μήτε
1398 2861 1517 2898 ἄμπελον
1542 2860 1711 2896 θεραπεύων,

933 2911 999 2946 μήτε
1015 2911 1076 2938 ἄλλο
1088 2911 1178 2939 τιτῶν
1196 2911 1258 2944 περὶ
1273 2909 1380 2944 τὴνγῆν
1397 2908 1483 2937 πονῶν
1494 2918 1500 2925 ·
1518 2906 1573 2944 ἆρα
1593 2908 1621 2935 σὺ
1634 2907 1715 2936 κολά-
