3974 6648
555 429 660 484 H3

555 560 723 615 φομεν
761 540 853 596 τὸν
891 541 1128 595 τοιοῦτον
1154 556 1170 605 ;
1209 540 1403 595 Καίτοι
1424 560 1486 610 γε
1516 542 1665 595 οὐδὲν
1690 543 1965 613 ἠδίκησεν,
1992 541 2113 595 οὐδὲ

558 632 756 701 ἔχομεν
791 627 1036 697 ἐγκαλεῖν
1060 626 1208 698 αὐτῷ
1237 645 1290 681 τι
1314 643 1328 657 ⁶
1362 629 1479 682 ἀλλ’
1510 630 1659 701 αύτῷ
1696 631 1792 699 μὲν
1822 626 1913 683 οῦν
1940 628 2114 696 τούτῳ

559 720 815 790 ὴδίκησεν
839 733 851 747 ·
897 716 1069 769 ἀδικεῖ
1096 718 1204 788 γὰρ
1243 718 1407 789 κοινῷ
1450 718 1613 789 λόγῳ,
1644 719 1742 789 τὴν
1769 720 1899 789 παρ⁹
1922 716 2114 771 ἑαυτοῦ

561 806 863 860 συντέλειαν
895 804 969 875 μὴ
993 805 1380 877 παρεχόμενος.
1408 807 1471 885 ξΓί
1502 807 1579 871 δὲ,
1617 807 1737 861 εἰπέ
1770 822 1891 877 μοις
1918 808 1984 861 ἂν
2008 804 2116 859 τῶν

558 891 901 963 δημιουργῶν
926 892 1152 954 ἕκαστος
1190 893 1282 946 καὶ
1322 895 1673 965 χειροτεχνῶν
1695 894 1785 947 τὸν
1820 893 1917 964 μὲν
1933 892 2116 962 ἑτερό-

560 997 765 1049 τεχνον,
803 979 939 1033 ἀλλά
990 980 1123 1051 μηδὲ
1170 982 1262 1033 τὸν
1300 981 1590 1052 ὁμότεχνον
1646 981 1855 1052 βλάπτῃ
1913 980 2115 1051 μηδὲν,

558 1068 701 1139 ἀργῇ
750 1068 807 1121 δὲ
854 1069 1032 1140 μόνον,
1093 1070 1213 1139 οὐχὶ
1257 1071 1530 1124 ἀπόλωλεν
1567 1070 1712 1133 ἄπας
1772 1071 1900 1140 ύμῖν
1928 1071 1957 1123 6
2002 1069 2114 1138 βίος

559 1155 701 1209 οῦτω
749 1156 845 1209 καὶ¹
887 1156 1201 1227 διέφθαρται
1228 1174 1245 1224 ;
1276 1157 1464 1210 Βούλει
1514 1160 1607 1212 καὶ
1628 1158 1720 1209 ἐπὶ
1740 1156 1834 1210 τοῦ
1863 1155 2115 1226 σώματος

558 1244 650 1296 τόν
687 1242 843 1311 λόγον
864 1242 1175 1312 ἑλκύσωμεν
1200 1254 1253 1309 ·;
1283 1244 1490 1297 Οὐκοῦν
1513 1246 1546 1315 ἡ
1573 1246 1691 1315 χεὶρ
1723 1245 1796 1315 μὴ
1834 1243 2116 1307 πληττέτω

560 1331 659 1401 τὴν
686 1330 947 1400 κεφαλὴν,
986 1330 1118 1401 μηδὲ
1173 1332 1481 1385 ὲκκοπτέτω
1532 1331 1629 1401 τὴν
1675 1331 1944 1399 γλῶσσαν,
1984 1331 2118 1401 μηδὲ

563 1419 893 1489 ἐξορυττέτω
922 1418 1011 1470 τὴν
1034 1418 1332 1487 ὀφθαλμὸν,
1353 1419 1485 1489 μηδὲ
1507 1418 1632 1472 ἄλλο
1663 1437 1715 1472 τι
1749 1419 1985 1472 τοιοῦτον
2022 1420 2116 1489 ὲρ-

562 1504 811 1571 γαξέσθω
837 1504 1030 1557 κακόν
1064 1504 1222 1575 μόνον
1239 1504 1295 1557 δὲ
1325 1504 1469 1575 ἀργὴ
1503 1505 1727 1575 μενέτω,
1758 1505 1960 1576 καὶτὴν
1986 1504 2117 1576 παρ’

561 1593 762 1664 ἑαυτῆς
788 1591 1123 1664 λειτουργίαν
1157 1591 1231 1661 μὴ
1266 1592 1551 1663 πληρούτω
1574 1592 1653 1663 τῷ
1683 1594 1842 1646 παντὶ
1865 1592 2114 1663 σώματι·

565 1676 674 1749 ἆρα
705 1679 805 1732 οὐκ
842 1678 989 1745 ἀξιον
1034 1679 1331 1747 ἐκκοπῆναι
1374 1678 1618 1749 αύτὴν,ἢ
1655 1679 1969 1749 περιφέρειν
2017 1680 2117 1751 ἀρ-

566 1767 786 1834 γοῦσαν,
817 1767 908 1819 καὶ
933 1765 1096 1818 παντὶ
1117 1766 1519 1836 λυμαινομένην
1537 1763 1615 1834 τῷ
1647 1763 1859 1835 σώματι
1889 1783 1903 1830 ;
1930 1764 1996 1817 Τί
2027 1763 2116 1830 δέ;

567 1854 632 1908 ἂν
655 1853 716 1908 τὺ
739 1853 912 1924 στόμα
954 1853 1029 1926 μὴ
1076 1852 1335 1923 κατεσθίῃ
1366 1852 1463 1923 τὴν
1488 1855 1663 1923 χεῖρα,
1694 1852 1827 1922 μηδὲ
1861 1852 2030 1923 δάκνῃ
2058 1850 2120 1905 τὺ

568 1944 780 2014 στῆθος,
811 1944 879 1996 τά
913 1943 969 1996 δὲ
994 1943 1122 2013 παρ’
1151 1942 1343 1996 ἑαυτοῦ
1374 1944 1549 1996 πάντα
1573 1941 1812 2013 ἐλλείπῃ,
1833 1942 1892 1995 ού
1915 1941 2119 2011 βέλτιον

565 2029 948 2101 ἐμπεφράχθαι
982 2029 1181 2099 μᾶλλον
1198 2048 1211 2095 ;
1227 2029 1290 2083 EE
1317 2029 1495 2082 τοίνυν
1519 2028 1613 2083 καὶ
1643 2028 1857 2082 ἐπὶτῶν
1874 2025 2117 2092 οἰκετῶν,

568 2119 662 2171 καὶ
690 2119 781 2169 ἐπὶ
804 2117 914 2170 τῶν
936 2115 1303 2187 δημιουργῶν,
1334 2117 1426 2168 καὶ
1457 2115 1548 2167 ἐπὶ
1570 2113 1664 2166 τοῦ
1705 2112 1955 2185 σώματος
1980 2129 2119 2166 παν·-

566 2206 657 2269 τὸς
685 2204 862 2258 ἀδικία
893 2203 1124 2274 μεγάλη,
1156 2203 1213 2254 ού
1249 2202 1407 2271 μόνον
1434 2202 1495 2255 τὸ
1517 2202 1682 2255 κακόν
1703 2219 1756 2255 τι
1778 2200 2004 2271 πρᾶξαι,
2021 2198 2120 2253 ἀλ-

568 2291 635 2345 λά
668 2292 762 2346 καὶ
794 2292 827 2361 ὴ
869 2289 978 2342 τῶν
1036 2289 1253 2356 ἀγαθῶν
1312 2278 1566 2354 ἔλλειψις,
1593 2287 1772 2358 πολλῷ
1799 2286 1999 2359 μᾶλλον
2028 2284 2122 2340 ἐπὶ

567 2378 661 2431 τοῦ
692 2376 940 2447 σώματος
964 2374 1057 2428 τοῦ
1082 2373 1320 2445 Χριστοῦ
1349 2374 1505 2427 τοῦτο
1525 2372 1720 2442 γένοιτ’
1750 2371 1838 2428 ἄν.

640 2516 706 2587 β’.
733 2514 831 2570 Διά
848 2514 1004 2569 τοῦτο
1022 2514 1116 2568 καὶ
1135 2516 1163 2567 6
1186 2513 1453 2585 μακάριος
1486 2514 1695 2576 Παῦλος
1719 2512 1948 2580 ἀπάγων
1975 2510 2123 2581 ἡμᾶς

567 2604 665 2672 τῆς
690 2602 969 2673 πονηρίας,
996 2601 1117 2668 ἀγει
1138 2600 1273 2671 πρὸς
1301 2601 1397 2671 τὴν
1422 2601 1641 2671 ἀρετήν.
1676 2599 1741 2652 Τί
1764 2600 1871 2669 γάρ
1910 2598 2121 2667 ὄφελος,

570 2691 689 2743 εἰπέ
714 2708 825 2761 μοι,
852 2689 948 2751 τὰς
980 2688 1220 2749 ἀκάνθας
1247 2689 1546 2757 ἐκκοπῆναι
1572 2687 1769 2750 πάσας,
1799 2684 1865 2739 ἂν
1892 2685 1959 2738 τά
1984 2700 2121 2755 χρη-

572 2778 673 2830 στά
700 2776 774 2847 μὴ
800 2773 1174 2844 καταϐάλῃ-ται
1210 2774 1503 2842 σπέρματα
1527 2791 1541 2839 ;
1576 2773 1668 2836 Είς
1692 2773 1799 2843 γὰρ
1825 2772 1923 2842 τὴν
1954 2769 2123 2841 αὐτὴν

572 2864 959 2935 περιστήσεται
990 2861 1151 2914 πάλιν
1178 2859 1379 2929 ζημίαν
1407 2861 1537 2929 ἡμῖν
1565 2861 1592 2912 6
1616 2860 1772 2921 πόνος
1801 2858 1987 2928 μείνας
2007 2858 2124 2910 ἀτε-

568 2952 687 3020 λής.
721 2951 820 3004 Διά
846 2967 927 3004 τοι
971 2948 1129 3002 τοῦτο
1177 2950 1269 3000 καὶ
1298 2949 1325 3000 6
1355 2947 1565 3010 Παῦλος
1601 2946 1804 3017 σφόδρα
1831 2945 2124 3015 κηδόμενος

571 3038 753 3109 ἡμῶν,
783 3038 843 3091 ού
867 3036 1028 3109 μέχρι
1060 3034 1159 3104 τῆς
1184 3033 1290 3087 τῶν
1320 3034 1501 3087 κακῶν
1530 3034 1768 3101 ὲκκοπῆς
1793 3032 1887 3084 καὶ
1906 3030 2124 3103 ἀναιρέ-

571 3142 709 3189 σεως
754 3125 935 3194 ῖστησι
972 3121 1042 3174 τά
1066 3120 1520 3192 παραγγέλματα,
1551 3119 1687 3173 ἀλλά
1713 3120 1811 3174 καὶ
1838 3120 1974 3189 ταχὺ
2016 3118 2124 3171 τῶν

570 3210 789 3277 ἀγαθῶν
807 3212 907 3279 τὴν
936 3207 1335 3277 καταφύτευσιν
1364 3206 1764 3260 ἐπιδείκνυσθαι
1806 3205 2121 3277 προτρέπει.

570 3298 753 3354 Εἰπὼν
780 3296 909 3369 γάρ,
946 3293 1120 3350 Πᾶσα
1150 3280 1355 3362 πικρία
1390 3293 1487 3346 καὶ
1515 3294 1698 3363 θυμὸς
1724 3294 1821 3347 καὶ
1855 3292 1998 3363 ὀργὴ
2028 3290 2124 3344 καὶ

571 3386 798 3456 κραυγὴ
847 3385 946 3439 καὶ
992 3383 1359 3451 ,ϐλασφημία
1407 3381 1642 3449 ἀρθήτω
1692 3378 1981 3451 ἀρ’ὐμῶν
2003 3378 2127 3433 σὺν

571 3475 739 3543 πάσῃ
765 3472 961 3542 κακίᾳ,
994 3471 1237 3540 ἑπήγαγε
1266 3486 1278 3498 ·
1314 3470 1566 3523 Γίνεσθε
1594 3470 1663 3522 δὲ
1691 3471 1777 3534 είς
1812 3467 2127 3534 ἀλλήλους

580 3561 828 3639 χρηστοί
862 3598 879 3623 .
930 3559 1376 3629 εὔσπλαγχνοι,
1451 3557 1813 3628 χαριζόμενοι
1867 3554 2123 3621 ἑαυτοῖς.

586 3654 758 3719 Ἐξεις
787 3651 893 3723 γάρ
924 3653 1060 3705 εἰσιν
1087 3644 1246 3704 αὗται
1264 3649 1360 3703 καὶ
1386 3649 1673 3711 διαθέσεις.
1706 3649 1815 3702 Καὶ
1841 3648 1942 3701 οὐκ
1966 3646 2127 3718 ἀρκεῖ

578 3744 613 3810 ἡ
643 3738 739 3807 τῆς
777 3736 966 3806 ἑτέρας
1012 3734 1298 3803 ἀπαλλαγὴ
1349 3735 1428 3796 είς
1460 3732 1609 3805 [118]
1642 3733 1737 3805 τὴν
1787 3734 1887 3802 τῆς
1934 3730 2127 3802 ἐτέρας

572 3827 719 3896 ἡμᾶς
764 3823 876 3887 ἕξιν
915 3824 1252 3894 καταστῆσαι
1287 3821 1470 3885 πάλιν,
1505 3820 1645 3874 ἀλλά
1672 3822 1753 3874 δεῖ
1778 3820 1940 3874 πάλιν
1974 3820 2127 3891 κινή-

574 3913 710 3973 σεώς
728 3928 891 3976 τινος,
921 3911 1017 3963 καὶ
1040 3913 1214 3981 ὁρμῆς
1237 3911 1335 3963 οὐκ
1358 3904 1634 3969 ἐλάττονος
1664 3909 1763 3979 τῆς
1789 3909 1846 3961 ἐν
1874 3911 1941 3979 τῇ
1977 3910 2125 3980 φυγῇ

570 3999 678 4051 τῶν
722 3997 905 4050 κακῶν
928 4036 943 4060 ,
971 3996 1109 4049 ὥστε
1133 3996 1384 4064 γενέσθαι
1430 3998 1487 4048 ὲν
1531 3998 1596 4067 τῇ
1642 3996 1830 4067 κτήσει
1860 3995 1965 4048 τῶν
1993 3997 2128 4064 ἀγα-

574 4086 701 4138 θῶν.
734 4086 845 4138 Καὶ
870 4084 961 4136 ἐπὶ
987 4082 1080 4136 τοῦ
1110 4084 1358 4153 σώματος
1387 4084 1415 4135 6
1442 4082 1605 4153 μέλας
1627 4081 1690 4135 ἂν
1713 4082 1998 4152 ἀπαλλαγῇ
2028 4082 2127 4152 τῆς

572 4172 857 4240 ποιότητος
884 4169 1108 4238 ταύτης,
1133 4169 1231 4221 οὐκ
1261 4168 1462 4231 εὐθέως
1498 4167 1705 4236 γίνεται
1738 4168 1947 4233 λευκός.
1979 4168 2127 4222 Μᾶλ-

572 4258 665 4312 λον
697 4258 754 4311 δὲ
789 4257 865 4329 μὴ
900 4257 995 4309 ἐπὶ
1022 4256 1129 4309 τῶν
1157 4255 1400 4325 φυσικῶν
1425 4255 1514 4308 τὸν
1546 4255 1703 4323 λόγον
1731 4258 2124 4327 γυμνάσωμεν,

573 4346 689 4400 ἀλλ’
720 4345 815 4398 ἐπὶ
856 4344 963 4398 τῶν
1004 4343 1146 4397 κατά
1183 4343 1496 4415 προαίρεσιν
1528 4344 1590 4397 τὸ
1615 4344 1957 4416 παράδειγμα
1987 4363 2128 4416 παρ-ι

575 4435 895 4505 ἀγάγωμεν.
912 4433 970 4485 '0
997 4431 1071 4504 μὴ
1100 4430 1289 4502 ἐχθρὸς
1315 4432 1375 4484 ού
1402 4431 1617 4494 πάντως
1638 4432 1789 4499 φίλος
1820 4432 1989 4496 ἐστὶν,
2013 4432 2125 4485 ἀλλ’

573 4521 689 4574 ἐστι
717 4539 770 4574 τι
795 4520 978 4591 μέσον,
1014 4520 1042 4573 ὃ
1075 4520 1209 4590 μήτε
1244 4518 1461 4591 ἔχθρας,
1484 4520 1618 4590 μήτε
1653 4518 1833 4588 φιλίας
1865 4519 2036 4586 ἐστὶν,
2070 4520 2127 4574 ἐν

572 4602 618 4678 ᾧ
659 4609 889 4680 μάλιστα
936 4609 986 4662 οἱ
1034 4608 1250 4670 πλείους
1283 4607 1388 4660 τῶν
1432 4605 1732 4679 ἀνθρώπων
1757 4607 2128 4680 καθεστήκασι

573 4697 709 4767 πρὸς
768 4697 933 4765 ἡμᾶς.
968 4695 1028 4748 'U
1063 4694 1138 4765 μὴ
1170 4693 1439 4765 δακρύων,
1466 4696 1527 4747 οὐ
1576 4694 1791 4759 πάντως
1833 4698 1926 4750 καὶ
1971 4695 2124 4767 γελᾷ,

572 4785 688 4838 ἀλλ’
712 4783 826 4836 ἐστι
867 4784 1007 4853 μέση
1040 4784 1390 4846 κατάστασις.
1436 4782 1590 4837 Οῦτω
1647 4783 1709 4853 δὴ
1745 4784 1840 4838 καὶ
1867 4783 2122 4849 ἐνταῦθα,

572 4870 672 4939 οὐχ
706 4872 734 4923 6
769 4869 844 4940 μὴ
862 4868 1059 4940 πικρὸς
1088 4869 1303 4932 πάντως
1330 4869 1560 4940 χρηστὸς
1582 4910 1596 4931 .
1617 4870 1737 4925 οὐδὲ
1768 4872 1796 4923 6
1832 4870 1908 4943 μὴ
1941 4868 2125 4941 θυμώ-

572 4956 670 5025 δης
722 4958 937 5018 πάντως
988 4954 1358 5024 εῦσπλαγχνος
1386 4972 1402 4986 ο
1432 4955 1567 5009 ἀλλὰ
1624 4956 1704 5010 δεῖ
1740 4956 1899 5011 πάλιν
1931 4956 2124 5027 ἑτέρας

577 5040 831 5111 σπουδῆς,
864 5038 1003 5093 ὥστε
1032 5040 1332 5110 κτήσασθαι
1358 5040 1516 5094 τοῦτο
1544 5039 1604 5093 τὸ
1633 5040 1808 5096 καλόν.

646 5184 759 5238 Καὶ
787 5182 883 5236 θέα
909 5182 1026 5246 πῶς
1051 5184 1190 5237 κατά
1232 5185 1394 5254 νόμον
1423 5184 1649 5257 ἀρίστης
1674 5183 1947 5254 γεωργίας
1972 5186 2000 5238 6
2026 5202 2130 5255 μα-

575 5272 765 5343 κάριος
817 5270 1026 5335 Παῦλος
1047 5270 1145 5342 τὴν
1166 5271 1616 5342 ἐμπιστευθεῖσαν
1661 5272 1807 5340 αύτῷ
1840 5271 1945 5341 γῆν
1975 5271 2127 5341 παρὰ

574 5362 668 5416 τοῦ
697 5359 946 5432 Γεωργοῦ
980 5360 1316 5432 διακαθαίρει
1344 5378 1403 5413 τε
1438 5362 1531 5415 καὶ
1568 5362 1877 5431 ἐργάζεται.
1926 5360 2126 5414 Ἀνεῖλε

580 5449 646 5502 τὰ
682 5449 809 5501 νόθα
856 5448 1170 5520 σπέρματα,
1203 5449 1509 5520 παρακαλεῖ
1541 5448 1724 5500 λοιπὸν
1745 5488 1758 5510 ,
1783 5448 1921 5501 ῶστε
1956 5464 2127 5501 κατα-

578 5538 726 5605 σχεῖν
756 5535 826 5588 τὰ
856 5536 1050 5605 γνήσια
1081 5535 1240 5604 φυτά.
1258 5536 1506 5589 Γίνεσθε
1522 5535 1790 5603 χρηστοί,
1818 5538 2000 5605 φησίν.
2032 5536 2128 5589 Ἂν

576 5624 683 5693 γὰρ
733 5623 840 5676 τῶν
895 5623 1144 5677 ἀκανθῶν
1199 5620 1641 5677 ἀνασπασθεισῶν
1690 5622 1827 5696 μένῃ
1890 5624 1923 5692 ἡ
1980 5623 2129 5695 χώρα

637 5814 666 5845 ⁸
689 5814 820 5867 Unus
842 5815 991 5867 codex
1016 5821 1069 5867 et
1090 5830 1243 5881 marg.
1269 5814 1443 5868 Savil..
1463 5817 1870 5881 μεταϐιϐάσωμεν.

1233 426 1293 479 S.
1331 424 1616 481 JOANNIS
1652 420 2145 482 CHRYSOSTOMI
2178 419 2499 477 ARCIIIEP.
2533 413 3081 478 CONSTANTINOP.

3659 410 3780 465 114

2216 539 2477 612 ἀργοῦσα,
2525 538 2812 607 ἀνονήτους
2853 532 3014 586 πάλιν
3059 527 3195 582 οίσει
3239 524 3502 612 βοτάνας.Δ
3523 522 3617 612 ᾼιδ
3664 524 3780 612 τὴν

2214 608 2407 698 σχολὴν
2434 625 2603 695 αὐτῆς
2634 623 2728 676 καὶ
2765 620 2864 691 τὴν
2887 617 3085 689 ἀργίαν
3110 608 3657 698 προκαταλαμϐάνειν
3676 608 3779 698 *δεῖ

2214 694 2282 786 τῇ
2315 694 2423 767 τῶν
2447 694 2669 780 ἀγαθῶν
2694 706 3024 780 σπερμάτων
3052 718 3112 756 τε
3138 700 3233 754 καὶ
3253 698 3447 786 φυτῶν,
3466 694 3795 786 καταϐολῇ..

2225 782 2463 856 ’Ᾰνεῖλεν
2493 799 2682 870 ὀργὴν,
2718 796 2881 865 ἔθηκε
2907 789 3251 863 χρηστότητα
3278 803 3290 817 -
3320 785 3497 840 ἀνεῖλε
3519 782 3782 852 πικρίαν,

2214 888 2409 959 έθηκεν
2441 882 2845 955 εὐσπλαγχνίαν
2864 892 2885 915 ·’
2915 879 3137 949 ἐξέτεμε
3165 874 3362 931 κακίαν
3395 873 3491 949 καὶ
3525 871 3787 959 βλασφη-

2216 957 2367 1048 μίαν,
2418 971 2681 1043 ἐφύτευσε
2737 966 3063 1037 συγγνώμην
3097 979 3109 993 ’
3140 962 3201 1016 τὸ
3232 960 3361 1032 γὰρ,
3394 957 3786 1048 Χαριζᾷμετῖοι

2212 1044 2468 1131 ἑαυτοῖς,
2514 1060 2699 1117 τοῦτόι
2731 1059 2869 1111 ἐστι..
2905 1049 3303 1122 Συγγνωμικοὶ,
3338 1048 3489 1118 φησὶ,
3525 1044 3781 1131 γίνεσθε.

2214 1130 2433 1216 Μείζων
2472 1150 2581 1220 γὰρ
2613 1145 2750 1215 αῦτη
2778 1145 2813 1215 ἡ
2847 1142 3006 1212 χάρις
3030 1142 3126 1208 τῆς
3149 1139 3205 1189 ὲν
3234 1137 3345 1198 τοῖς
3381 1132 3682 1220 χρήμάσιν.
3718 1130 3789 1220 :0

2218 1240 2315 1309 μὲν
2339 1240 2446 1310 γὰρ
2479 1216 2734 1307 χρήματα
2745 1231 2922 1301 ἀφιεὶς
2946 1226 3022 1297 τῷ
3038 1221 3406 1292 δανεισαμένῳ
3430 1220 3555 1310 παρ’
3579 1216 3787 1310 αὑτοῦ,

2216 1304 2425 1378 καινόν-
2573 1304 2883 1392 ἐργάζεται
2932 1315 3090 1385 ἔργον
3135 1311 3227 1364 καὶ
3274 1304 3785 1393 θαυμαστὺνχπλῆν

2215 1412 2348 1466 ἀλλά
2383 1390 2543 1479 μέχρι
2579 1390 2673 1459 τοῦ
2719 1405 2969 1474 σώματος
3002 1401 3035 1470 ἡ
3064 1399 3239 1469 χάρις,
3265 1396 3313 1447 εἰ
3348 1394 3441 1446 καὶ
3464 1390 3645 1479 ἑαυτῷ
3676 1392 3783 1479 τῂν

2215 1476 2552 1570 ἀμοισῆνῃεν
2598 1494 2710 1556 τοῖς
2752 1488 3139 1558 πνευματικοῖς
3166 1483 3387 1543 καὶτοῖς
3426 1479 3567 1532 κατά
3594 1476 3781 1547 ψυχὴν

2214 1568 2510 1641 ἀποδίδωσι
2552 1580 2745 1651 δώροις
2779 1594 2793 1609 ο
2835 1580 2863 1630 6
2892 1576 2950 1631 δὲ
2990 1572 3360 1645 ἁμαρτήματα
3384 1568 3779 1638 χαρισάμενος,

2213 1674 2310 1744 τήν
2341 1689 2400 1726 τε
2426 1670 2602 1741 ψυχὴν
2633 1650 2888 1736 γώφέλησε
2935 1661 3035 1733 την
3081 1657 3305 1744 ἑαυτοῦ,
3333 1655 3427 1744 καί.
3564 1650 3787 1744 ἐκείνου.

2214 1740 2307 1815 τοῦ
2348 1759 2449 1828 τῆς
2481 1752 2809 1825 συγγνώμης
2829 1750 3082 1819 τυχόντος
3112 1763 3124 1776 ·
3155 1746 3215 1798 ού
3250 1743 3359 1813 γὰρ
3396 1741 3587 1795 ἑαυτὸν
3614 1740 3780 1828 μόνον

2216 1847 2386 1916 τούτῳ
2408 1825 2485 1915 τῷ
2512 1842 2715 1913 τρόπῳ,
2739 1837 2872 1894 ἀλλά
2899 1837 3144 1889 κάκεῖνον
3160 1829 3556 1899 ἐπιεικέστερον
3582 1825 3781 1896 ἐποίη-

2218 1913 2409 1989 σεν.ού
2426 1913 2532 2000 γάρ
2546 1926 2716 1990 οὕτως
2732 1921 3261 1993 ἐπεξερχόμενοιτοῐς
3280 1915 3591 1987 ἠδικηκόσιν
3604 1913 3778 2000 ἡμᾶς,

2213 2018 2289 2083 ὡς
2326 1998 2730 2086 συγχωροῦντες
2753 2011 3017 2080 δάκνομεν
3041 2007 3217 2060 αὐτῶν
3244 2007 3340 2067 τὰς
3355 2001 3531 2073 ψυχάς
3552 2040 3567 2064 ,
3596 1998 3784 2068 ὲντρέο

2216 2122 2409 2168 ποντες
2431 2102 2524 2156 καὶ
2542 2098 2933 2161 δυσωποῦντες.
2950 2095 3201 2157 Ἐκεὶνως
3230 2091 3327 2163 μὲν
3354 2089 3461 2159 γάρ
3482 2088 3607 2141 οὔτε
3626 2088 3781 2157 ἡμᾶς

2215 2193 2432 2257 αὐτοὺς,
2471 2187 2594 2243 οὔτε
2627 2185 2868 2249 ἐκείνους
2911 2184 3221 2251 ώνήσαμεν,
3273 2177 3387 2232 ἀλλ’
3431 2174 3787 2245 ἀμφοτέρους

2216 2280 2551 2351 ἐϐλάψαμεν,
2584 2273 2736 2328 αὐτοί
2756 2290 2816 2327 τε
2841 2272 2901 2325 τὸ
2930 2268 3275 2337 ἀνταπόδομα
3315 2262 3598 2327 διώξαντες
3635 2257 3789 2351 κατά

2216 2370 2342 2430 τοὺς
2364 2348 2513 2435 παρά
2528 2360 2795 2423 Ἰουδαίοις
2810 2360 3098 2431 ἄρχοντας,
3120 2356 3216 2410 καὶ
3240 2354 3330 2407 τὸν
3355 2356 3411 2406 ὲν
3432 2350 3663 2410 ἐκείνοις
3685 2348 3785 2435 ὲκ-

2217 2433 2515 2513 καύσαντες
2535 2448 2703 2519 θυμόν
2717 2465 2734 2479 ο
2753 2448 2819 2502 ἀν
2834 2446 2890 2500 δὲ
2904 2445 3172 2515 ἐπιεικείᾳ
3188 2444 3285 2513 τὴν
3300 2440 3509 2496 ἀδικίαν
3529 2433 3785 2506 ἀμειψώ-

2222 2544 2381 2616 μεθα,
2407 2543 2584 2595 πᾶσαν
2621 2534 2785 2592 αὐτοῦ
2817 2534 2913 2603 τὴν
2941 2531 3107 2604 ὀργὴν
3134 2529 3479 2616 ἐκλύσαντες,
3513 2521 3783 2576 ἐκαθίσα-

2221 2613 2321 2702 μεν
2337 2625 2621 2699 παράὐτῷ
2635 2622 2975 2691 δικαστήριον
2993 2620 3125 2689 ἡμῖν
3147 2614 3308 2685 φέρον
3324 2614 3418 2676 τὰς
3438 2613 3673 2702 ψήφους,
3688 2626 3791 2662 κω-

2219 2698 2501 2782 ταδικάζον
2529 2713 2690 2768 αὐτὸν
2709 2708 3082 2782 χαλεπώτερον
3110 2705 3339 2776 ἦήμεῖς.
3356 2698 3787 2768 Καταγνώσεται

2220 2809 2328 2879 γὰρ
2344 2805 2507 2860 αὑτοῦ
2523 2803 2617 2856 καὶ
2631 2798 3074 2869 καταψηφιεῖται,
3092 2796 3184 2847 καὶ
3197 2793 3376 2845 πᾶσαν
3394 2788 3614 2879 ζητήσει
3640 2784 3789 2879 πρό-

2222 2872 2404 2967 φασιν,
2427 2892 2493 2945 δι’
2521 2886 2588 2961 ἧς
2611 2887 2859 2941 ἀποτίσει
2886 2885 2946 2938 τὸ
2971 2880 3250 2936 δανεισθὲν
3389 2872 3786 2967 ,μακροθυμίας

2228 2957 2400 3056 μέρος.
2434 2957 2571 3050 μετά
2620 2974 2866 3056 πλείονος
2917 2970 3012 3056 τοῦ
3030 2968 3265 3056 μέτρου,
3295 2961 3453 3056 εἰδιὶζς
3480 2961 3542 3056 ἂν
3581 2959 3682 3056 μὲν

2222 3040 2333 3120 ίσον
2628 3059 2723 3111 καὶ
2768 3054 2940 3117 οὕτως
2991 3051 3316 3121 ἠλάττωται,
3364 3044 3441 3114 τῷ
3479 3043 3554 3114 μὴ
3585 3040 3786 3130 αὐτὸς

2222 3151 2513 3223 ἄρξασθαι,
2536 3128 2686 3200 ⁷ἀλλά
2735 3139 2989 3216 [119]τῷ
3013 3139 3142 3209 παρ’
3176 3133 3429 3223 ἡμῶνᾼτὸ

2220 3214 2403 3293 λάδεῖν
2451 3235 2669 3289 ἔλαττον
2704 3214 2904 3301 φέρων.
2943 3226 3242 3289 Σπουδάσει
3273 3221 3450 3275 τοίνυν
3475 3214 3782 3285 ὑπερδαλέ-

2224 3326 2345 3380 σθαι
2373 3324 2448 3394 τῷ
2474 3322 2676 3393 μέτρῳ,
2700 3320 2785 3373 ῖνα
2812 3316 2910 3387 τὴν
2944 3314 3257 3375 ἐλάττωσιν,
3292 3311 3358 3380 ἣν
3385 3309 3449 3361 ὲκ
3473 3304 3566 3359 τοῦ
3592 3302 3781 3394 δεύτε-

2224 3429 2316 3485 ρος
2371 3388 2542 3462 ἐλθεῖν
2578 3388 2681 3460 ἐπὶ
2730 3404 2829 3475 τὴν
2877 3400 3231 3455 ἀνταπόδοσιν
3263 3392 3645 3485 ὑπέμεινε,-τῆ
3679 3388 3780 3484 τῆς

2221 3474 2538 3558 ἀντιδόσεως
2587 3474 2854 3563 ὑπερόολῇ
2904 3486 3234 3558 κατακρύψῃ
3254 3526 3269 3549 ,
3300 3483 3394 3536 καὶ
3424 3480 3522 3551 τὴν
3547 3479 3655 3531 ἀπὸ
3683 3474 3781 3528 τοῦ

2222 3587 2413 3659 χρόνου
2468 3580 2766 3652 γενομένην
2817 3576 2966 3646 αὐτῷ
3021 3575 3314 3628 ἐλάττωσιν
3357 3570 3450 3659 τοῦ
3510 3563 3778 3659 προτέρου

2222 3650 2491 3737 παθόντος
2533 3650 2733 3733 κακῶς,
2763 3666 2964 3737 ταύτην
3019 3663 3126 3718 ἀπὸ
3175 3662 3275 3731 τῆς
3317 3658 3437 3712 καθ’
3473 3650 3780 3724 ὑπερϐολὴν

2222 3761 2518 3822 ἐπιεικείας
2547 3757 2727 3826 κοινὴν
2753 3754 3073 3826 ἐργάσηται.
3102 3751 3143 3802 Ο
3192 3748 3299 3818 γὰρ
3325 3745 3620 3814 ἄνθρωποι,
3647 3740 3781 3792 ὅταν

2222 3849 2563 3919 εὐγνώμονες
2608 3838 2765 3909 ὦσιν,
2802 3841 2901 3910 οὐχ
2929 3838 3101 3901 οὕτως
3142 3836 3234 3889 ἐπὶ
3297 3836 3409 3895 τοῖς
3449 3830 3665 3919 κακοῖς,

2222 3914 2316 3993 ὲπλ.
2355 3914 2466 3998 τοῖς
2506 3930 2749 4001 ἀγαθοῖς,
2781 3922 2863 3989 οἷς
2887 3925 2951 3980 ἀν
2984 3921 3043 3979 εὖ
3069 3924 3322 3994 πάσχωσι
3347 3917 3498 3987 παρὰ
3521 3914 3631 3969 τῶν
3661 3914 3782 3983 ηδι-

2222 4023 2496 4094 κημένων,
2553 4017 2816 4071 στένουσι.
2855 4013 2928 4066 T6
2959 4012 3057 4083 μὲν
3107 4012 3215 4081 γὰρ
3264 4006 3479 4094 κακίας,
3602 4002 3658 4054 δὲ
3681 4001 3783 4094 καὶ

2221 4087 2455 4171 ὀνείδους
2513 4107 2608 4160 καὶ
2650 4103 2885 4172 γέλωτος
2929 4098 3144 4170 μεστὸν,
3174 4096 3264 4150 τὸν
3319 4089 3378 4147 εὖ
3418 4090 3655 4145 παθόντα
3702 4087 3787 4156 μὴ

2222 4197 2577 4253 ἀντευποιεῖν.
2612 4190 2783 4243 Τοῦτο
2844 4188 2942 4260 μὲν
2996 4186 3103 4256 γὰρ
3136 4184 3357 4238 ἔπαινον
3383 4177 3615 4251 ἔχεικαὶ
3644 4174 3781 4245 κρό-

2224 4308 2347 4354 τους
2406 4286 2556 4359 παρά
2615 4283 2830 4337 πάντων
2883 4279 2977 4334 καὶ
3020 4273 3411 4348 εὐφημίας,τὸ
3444 4270 3630 4332 κακῶς
3672 4282 3782 4359 πα-

2228 4380 2386 4434 θόντα
2436 4355 2511 4448 μή
2564 4369 2986 4437 ἀντεπεξελθεῖν.
3024 4366 3123 4420 Διά
3162 4363 3319 4418 τοῦτο
3350 4360 3581 4448 μάλιστα
3602 4355 3783 4448 τούτω

2226 4441 2528 4520 δάκνονται.
2558 4461 2744 4521 Ὥστε,
2769 4460 2817 4511 εί
2861 4455 3037 4526 βούλει
3087 4451 3418 4524 ἀμύνασθαι,
3438 4447 3612 4515 τούτῳ
3634 4441 3777 4512 ἀμύ-

2227 4573 2319 4608 νου
2350 4552 2425 4620 τῷ
2450 4549 2636 4621 τρόπῳ
2668 4564 2681 4577 ·
2719 4546 2907 4607 κακοῖς
2937 4541 3115 4611 ἀγαθά
3135 4538 3451 4602 ἀνταπόδος,
3492 4534 3581 4587 ἵνα
3614 4529 3785 4611 αὐτὸν.

2226 4643 2320 4697 καὶ
2345 4638 2621 4709 ὀφειλέτην
2637 4636 3000 4704 καταστήσῃς,
3024 4632 3116 4683 καὶ
3142 4631 3367 4699 νικήσῃς
3392 4625 3544 4694 νίκην
3568 4622 3780 4709 θαυμα-

2229 4706 2635 4800 στήνέΈπαθες
2660 4722 2874 4785 κακῶς;
2896 4720 3125 4788 Ποίησον
3149 4715 3347 4778 καλῶς,
3370 4712 3540 4774 οὓτως
3566 4706 3779 4780 ἀμύνου

2224 4794 2327 4869 τὸν⁷
2353 4812 2563 4885 ἐχθρόν.
2603 4811 2701 4863 Ἂν
2737 4811 2835 4879 μὲν
2870 4807 2979 4879 γάρ
3013 4805 3336 4876 ὲπεξέλθῃς,
3361 4800 3565 4872 ὁμοίως
3594 4796 3689 4851 καὶ
3717 4794 3782 4885 σὲ

2227 4884 2475 4957 κάκεῖνον
2533 4900 2771 4960 ἅπαντες
2822 4896 3167 4967 μέμφονται·
3195 4892 3261 4947 ἂν
3279 4891 3336 4944 δὲ
3368 4889 3620 4958 ἐνέγκῃς,
3656 4884 3782 4937 ἑτέ-

2228 5009 2335 5065 ρως
2365 5006 2425 5043 σε
2463 4987 2563 5059 μὲν
2600 4986 2924 5059 κροτήσουσι
2954 4983 3049 5036 καὶ
3072 4979 3464 5052 θαυμάσονται,
3498 4971 3779 5028 ὲκεῖιονδὲ

2226 5077 2676 5148 κατηγορήσουσι.

2292 5200 2360 5263 γ’.
2375 5192 2439 5246 Τί
2453 5192 2510 5245 δὲ
2526 5190 2701 5263 ἐχθρῷ
2720 5190 2927 5259 γένοιτο
2945 5188 3012 5243 ἂν
3032 5185 3211 5261 μεῖζον
3226 5185 3319 5240 τοῦ
3337 5184 3425 5239 τὸν
3440 5181 3631 5255 ἑχθρὸν
3648 5180 3781 5233 ἰδεῖν

2226 5282 2376 5355 παρὰ
2428 5280 2644 5334 πάντων
2699 5276 3110 5348 θαυμαζόμενον
3148 5275 3243 5329 καὶ
3292 5272 3688 5344 κροτούμενον;
3721 5266 3775 5320 τί

2226 5367 2401 5439 ἐχθρῷ
2434 5367 2757 5438 πικρότερον
2802 5365 2896 5417 τοῦ
2924 5362 3111 5417 ἑαυτὸν
3133 5361 3429 5416 θεάσασθαι
3456 5357 3607 5428 παρά
3632 5355 3778 5409 navo

2226 5475 2332 5510 των
2370 5454 2722 5526 ὑϐριζόμενον
2752 5452 2838 5505 ἐπ’
2882 5452 3037 5522 ὄψεσι
3062 5450 3154 5504 τοῦ
3181 5448 3412 5521 ὲχθροῦς
3459 5448 3583 5501 Ἐάν
3611 5443 3777 5500 αὑτὸν

2225 5544 2426 5617 ἀμύνῃ,
2455 5544 2548 5598 καὶ
2579 5539 2955 5611 κατεγνώσθης
2987 5542 3137 5603 ἴσως,
3170 5538 3262 5592 καὶ
3284 5537 3348 5590 σὺ
3378 5535 3534 5606 μόνος
3559 5532 3771 5603 ἡμύνω·

2227 5632 2292 5685 ἂν
2343 5631 2401 5684 δὲ
2445 5631 2608 5702 ἀφῇς,
2644 5630 2762 5683 ἀντὶ
2818 5628 2912 5681 σοῦ
2955 5628 3153 5690 πάντες
3195 5626 3529 5696 ἀμυνοῦνται
3567 5620 3732 5675 αὐτόν
3757 5634 3774 5649 ’

2225 5724 2361 5793 ὅπερ
2388 5721 2481 5775 τοῦ
2506 5721 2707 5786 ¹’παθεῖν
2731 5718 2913 5783 κακῶς
2940 5716 3338 5788 χαλεπώτερον,
3376 5716 3437 5768 τὸ
3464 5715 3555 5767 τὸν
3581 5711 3782 5782 ἐχθρὸν

2232 5808 2515 5873 τοσούτους
2558 5809 2681 5871 τοὺς
2729 5806 3029 5879 ἀμύνοντας
3060 5806 3222 5878 ἔχειν.
3260 5807 3359 5859 “Av
3382 5801 3600 5873 ἀνοίξῃς
3634 5801 3698 5854 σὺ
3716 5800 3782 5855 τὸ
