  <div class='ocr_page' id='page_1' title='image "/cluster/home/n/w/nwhite01/storage/ocr_20150623/62/hvd.32044019207836/120.png"; bbox 0 0 3960 6518; ppageno 0'>
   <div class='ocr_carea' id='block_1_1' title="bbox 117 438 2474 501">
    <p class='ocr_par' dir='ltr' id='par_1_1' title="bbox 117 438 2474 501">
     <span class='ocr_line' id='line_1_1' title="bbox 117 438 2474 501; baseline 0.001 -5"><span class='ocrx_word' id='word_1_1' title='bbox 117 444 213 497; x_wconf 68' lang='lat' dir='ltr'><strong>li?)</strong></span> <span class='ocrx_word' id='word_1_2' title='bbox 982 440 1045 495; x_wconf 83' lang='lat' dir='ltr'><strong>IN</strong></span> <span class='ocrx_word' id='word_1_3' title='bbox 1085 440 1300 497; x_wconf 83' lang='lat' dir='ltr'><strong>EPIST.</strong></span> <span class='ocrx_word' id='word_1_4' title='bbox 1344 441 1433 495; x_wconf 78' lang='lat' dir='ltr'><strong>AD</strong></span> <span class='ocrx_word' id='word_1_5' title='bbox 1471 438 1709 496; x_wconf 84' lang='lat' dir='ltr'><strong>EPllES.</strong></span> <span class='ocrx_word' id='word_1_6' title='bbox 1748 438 1898 496; x_wconf 78' lang='lat' dir='ltr'><strong>CAP.</strong></span> <span class='ocrx_word' id='word_1_7' title='bbox 1944 441 2030 495; x_wconf 83' lang='lat' dir='ltr'><strong>IV.</strong></span> <span class='ocrx_word' id='word_1_8' title='bbox 2074 442 2295 499; x_wconf 72' lang='lat' dir='ltr'><strong>liOMlL.</strong></span> <span class='ocrx_word' id='word_1_9' title='bbox 2339 444 2474 501; x_wconf 76' lang='lat' dir='ltr'><strong>XVI.</strong></span> 
     </span>
    </p>
   </div>
   <div class='ocr_carea' id='block_1_2' title="bbox 111 532 1655 601">
    <p class='ocr_par' dir='ltr' id='par_1_2' title="bbox 111 532 1655 601">
     <span class='ocr_line' id='line_1_2' title="bbox 111 532 1655 601; baseline -0.002 -12"><span class='ocrx_word' id='word_1_10' title='bbox 111 534 340 601; x_wconf 77' lang='lat' dir='ltr'><strong>foretur,</strong></span> <span class='ocrx_word' id='word_1_11' title='bbox 367 532 541 588; x_wconf 88' lang='lat' dir='ltr'><strong>solum</strong></span> <span class='ocrx_word' id='word_1_12' title='bbox 569 540 746 588; x_wconf 87' lang='lat' dir='ltr'><strong>autem</strong></span> <span class='ocrx_word' id='word_1_13' title='bbox 774 532 966 587; x_wconf 84' lang='lat' dir='ltr'><strong>vinctis</strong></span> <span class='ocrx_word' id='word_1_14' title='bbox 993 533 1233 588; x_wconf 87' lang='lat' dir='ltr'><strong>manibus</strong></span> <span class='ocrx_word' id='word_1_15' title='bbox 1257 532 1401 587; x_wconf 90' lang='lat' dir='ltr'><strong>domi</strong></span> <span class='ocrx_word' id='word_1_16' title='bbox 1438 532 1655 599; x_wconf 84' lang='lat' dir='ltr'><strong>sedeat,</strong></span> 
     </span>
    </p>
   </div>
   <div class='ocr_carea' id='block_1_3' title="bbox 113 624 1659 695">
    <p class='ocr_par' dir='ltr' id='par_1_3' title="bbox 113 624 1659 695">
     <span class='ocr_line' id='line_1_3' title="bbox 113 624 1659 695; baseline -0.002 -14"><span class='ocrx_word' id='word_1_17' title='bbox 113 642 281 695; x_wconf 84' lang='lat' dir='ltr'><strong>neque</strong></span> <span class='ocrx_word' id='word_1_18' title='bbox 322 626 613 689; x_wconf 87' lang='lat' dir='ltr'><strong>seminans,</strong></span> <span class='ocrx_word' id='word_1_19' title='bbox 651 639 823 694; x_wconf 86' lang='lat' dir='ltr'><strong>neque</strong></span> <span class='ocrx_word' id='word_1_20' title='bbox 856 624 1057 679; x_wconf 87' lang='lat' dir='ltr'><strong>sulcmn</strong></span> <span class='ocrx_word' id='word_1_21' title='bbox 1094 624 1461 693; x_wconf 82' lang='lat' dir='ltr'><strong>proscindens,</strong></span> <span class='ocrx_word' id='word_1_22' title='bbox 1490 638 1659 692; x_wconf 89' lang='lat' dir='ltr'><strong>neque</strong></span> 
     </span>
    </p>
   </div>
   <div class='ocr_carea' id='block_1_4' title="bbox 109 714 1659 786">
    <p class='ocr_par' dir='ltr' id='par_1_4' title="bbox 109 714 1659 786">
     <span class='ocr_line' id='line_1_4' title="bbox 109 714 1659 786; baseline 0 -16"><span class='ocrx_word' id='word_1_23' title='bbox 109 718 266 771; x_wconf 81' lang='lat' dir='ltr'><strong>boves</strong></span> <span class='ocrx_word' id='word_1_24' title='bbox 302 717 551 786; x_wconf 89' lang='lat' dir='ltr'><strong>jungens,</strong></span> <span class='ocrx_word' id='word_1_25' title='bbox 592 730 762 785; x_wconf 88' lang='lat' dir='ltr'><strong>neque</strong></span> <span class='ocrx_word' id='word_1_26' title='bbox 802 714 961 769; x_wconf 86' lang='lat' dir='ltr'><strong>vitem</strong></span> <span class='ocrx_word' id='word_1_27' title='bbox 999 715 1201 779; x_wconf 89' lang='lat' dir='ltr'><strong>colens,</strong></span> <span class='ocrx_word' id='word_1_28' title='bbox 1242 728 1411 783; x_wconf 88' lang='lat' dir='ltr'><strong>neque</strong></span> <span class='ocrx_word' id='word_1_29' title='bbox 1447 715 1659 784; x_wconf 85' lang='lat' dir='ltr'><strong>aliquod</strong></span> 
     </span>
    </p>
   </div>
   <div class='ocr_carea' id='block_1_5' title="bbox 106 806 1659 876">
    <p class='ocr_par' dir='ltr' id='par_1_5' title="bbox 106 806 1659 876">
     <span class='ocr_line' id='line_1_5' title="bbox 106 806 1659 876; baseline -0.001 -15"><span class='ocrx_word' id='word_1_30' title='bbox 106 807 239 861; x_wconf 79' lang='lat' dir='ltr'><strong>aliud</strong></span> <span class='ocrx_word' id='word_1_31' title='bbox 268 822 399 876; x_wconf 88' lang='lat' dir='ltr'><strong>opus</strong></span> <span class='ocrx_word' id='word_1_32' title='bbox 421 806 621 861; x_wconf 89' lang='lat' dir='ltr'><strong>faciens</strong></span> <span class='ocrx_word' id='word_1_33' title='bbox 637 808 692 861; x_wconf 89' lang='lat' dir='ltr'><strong>in</strong></span> <span class='ocrx_word' id='word_1_34' title='bbox 716 817 853 860; x_wconf 90' lang='lat' dir='ltr'><strong>terra</strong></span> <span class='ocrx_word' id='word_1_35' title='bbox 877 806 1098 861; x_wconf 87' lang='lat' dir='ltr'><strong>colenda</strong></span> <span class='ocrx_word' id='word_1_36' title='bbox 1121 824 1135 861; x_wconf 90' lang='lat'><strong>:</strong></span> <span class='ocrx_word' id='word_1_37' title='bbox 1157 821 1331 863; x_wconf 90' lang='lat' dir='ltr'><strong>annon</strong></span> <span class='ocrx_word' id='word_1_38' title='bbox 1354 822 1474 862; x_wconf 91' lang='lat' dir='ltr'><strong>eum</strong></span> <span class='ocrx_word' id='word_1_39' title='bbox 1500 809 1659 862; x_wconf 89' lang='lat' dir='ltr'><strong>casti-</strong></span> 
     </span>
    </p>
   </div>
   <div class='ocr_carea' id='block_1_6' title="bbox 105 896 1657 970">
    <p class='ocr_par' dir='ltr' id='par_1_6' title="bbox 105 896 1657 970">
     <span class='ocr_line' id='line_1_6' title="bbox 105 896 1657 970; baseline 0 -17"><span class='ocrx_word' id='word_1_40' title='bbox 105 898 379 970; x_wconf 78' lang='lat' dir='ltr'><strong>gahimus?</strong></span> <span class='ocrx_word' id='word_1_41' title='bbox 416 898 577 967; x_wconf 81' lang='lat' dir='ltr'><strong>Atqui</strong></span> <span class='ocrx_word' id='word_1_42' title='bbox 603 898 799 952; x_wconf 88' lang='lat' dir='ltr'><strong>nullam</strong></span> <span class='ocrx_word' id='word_1_43' title='bbox 828 896 953 953; x_wconf 89' lang='lat' dir='ltr'><strong>fecit</strong></span> <span class='ocrx_word' id='word_1_44' title='bbox 980 898 1225 967; x_wconf 88' lang='lat' dir='ltr'><strong>injuriam</strong></span> <span class='ocrx_word' id='word_1_45' title='bbox 1245 940 1260 964; x_wconf 94' lang='lat'><strong>,</strong></span> <span class='ocrx_word' id='word_1_46' title='bbox 1292 914 1465 969; x_wconf 89' lang='lat' dir='ltr'><strong>neque</strong></span> <span class='ocrx_word' id='word_1_47' title='bbox 1491 898 1657 953; x_wconf 89' lang='lat' dir='ltr'><strong>habe-</strong></span> 
     </span>
    </p>
   </div>
   <div class='ocr_carea' id='block_1_7' title="bbox 104 988 1658 1060">
    <p class='ocr_par' dir='ltr' id='par_1_7' title="bbox 104 988 1658 1060">
     <span class='ocr_line' id='line_1_7' title="bbox 104 988 1658 1060; baseline 0 -15"><span class='ocrx_word' id='word_1_48' title='bbox 104 1003 216 1046; x_wconf 87' lang='lat' dir='ltr'><strong>mus</strong></span> <span class='ocrx_word' id='word_1_49' title='bbox 262 988 463 1043; x_wconf 83' lang='lat' dir='ltr'><strong>crimen</strong></span> <span class='ocrx_word' id='word_1_50' title='bbox 508 990 658 1057; x_wconf 84' lang='lat' dir='ltr'><strong>cujus</strong></span> <span class='ocrx_word' id='word_1_51' title='bbox 693 1003 815 1043; x_wconf 89' lang='lat' dir='ltr'><strong>eum</strong></span> <span class='ocrx_word' id='word_1_52' title='bbox 853 1002 1170 1058; x_wconf 73' lang='lat' dir='ltr'><strong>arguamus;</strong></span> <span class='ocrx_word' id='word_1_53' title='bbox 1209 988 1304 1044; x_wconf 86' lang='lat' dir='ltr'><strong>sed</strong></span> <span class='ocrx_word' id='word_1_54' title='bbox 1340 989 1385 1044; x_wconf 88' lang='lat' dir='ltr'><strong>is</strong></span> <span class='ocrx_word' id='word_1_55' title='bbox 1414 989 1515 1044; x_wconf 90' lang='lat' dir='ltr'><strong>hoc</strong></span> <span class='ocrx_word' id='word_1_56' title='bbox 1544 991 1658 1060; x_wconf 89' lang='lat' dir='ltr'><strong>ipso</strong></span> 
     </span>
    </p>
   </div>
   <div class='ocr_carea' id='block_1_8' title="bbox 106 1079 1655 1151">
    <p class='ocr_par' dir='ltr' id='par_1_8' title="bbox 106 1079 1655 1151">
     <span class='ocr_line' id='line_1_8' title="bbox 106 1079 1655 1151; baseline -0.001 -15"><span class='ocrx_word' id='word_1_57' title='bbox 106 1081 224 1136; x_wconf 87' lang='lat' dir='ltr'><strong>facit</strong></span> <span class='ocrx_word' id='word_1_58' title='bbox 260 1079 505 1151; x_wconf 91' lang='lat' dir='ltr'><strong>injuriam</strong></span> <span class='ocrx_word' id='word_1_59' title='bbox 536 1097 549 1133; x_wconf 89' lang='lat'>:</span> <span class='ocrx_word' id='word_1_60' title='bbox 580 1094 701 1133; x_wconf 91' lang='lat' dir='ltr'><strong>nam</strong></span> <span class='ocrx_word' id='word_1_61' title='bbox 726 1080 991 1134; x_wconf 91' lang='lat' dir='ltr'><strong>communi</strong></span> <span class='ocrx_word' id='word_1_62' title='bbox 1017 1080 1204 1134; x_wconf 91' lang='lat' dir='ltr'><strong>rationi</strong></span> <span class='ocrx_word' id='word_1_63' title='bbox 1231 1079 1355 1135; x_wconf 88' lang='lat' dir='ltr'><strong>facit</strong></span> <span class='ocrx_word' id='word_1_64' title='bbox 1380 1080 1655 1150; x_wconf 90' lang='lat' dir='ltr'><strong>injuriam,</strong></span> 
     </span>
    </p>
   </div>
   <div class='ocr_carea' id='block_1_9' title="bbox 105 1171 1655 1245">
    <p class='ocr_par' dir='ltr' id='par_1_9' title="bbox 105 1171 1655 1245">
     <span class='ocr_line' id='line_1_9' title="bbox 105 1171 1655 1245; baseline -0.001 -17"><span class='ocrx_word' id='word_1_65' title='bbox 105 1184 154 1229; x_wconf 89' lang='lat' dir='ltr'><strong>ut</strong></span> <span class='ocrx_word' id='word_1_66' title='bbox 177 1174 269 1245; x_wconf 88' lang='lat' dir='ltr'><strong>qui</strong></span> <span class='ocrx_word' id='word_1_67' title='bbox 290 1187 442 1228; x_wconf 88' lang='lat' dir='ltr'><strong>suum</strong></span> <span class='ocrx_word' id='word_1_68' title='bbox 464 1187 655 1226; x_wconf 90' lang='lat' dir='ltr'><strong>munus</strong></span> <span class='ocrx_word' id='word_1_69' title='bbox 676 1186 780 1226; x_wconf 88' lang='lat' dir='ltr'><strong>non</strong></span> <span class='ocrx_word' id='word_1_70' title='bbox 804 1171 1059 1226; x_wconf 89' lang='lat' dir='ltr'><strong>conferat.</strong></span> <span class='ocrx_word' id='word_1_71' title='bbox 1089 1171 1225 1240; x_wconf 85' lang='lat' dir='ltr'><strong>Quid</strong></span> <span class='ocrx_word' id='word_1_72' title='bbox 1248 1187 1392 1237; x_wconf 88' lang='lat' dir='ltr'><strong>vero,</strong></span> <span class='ocrx_word' id='word_1_73' title='bbox 1421 1173 1465 1227; x_wconf 90' lang='lat' dir='ltr'><strong>si</strong></span> <span class='ocrx_word' id='word_1_74' title='bbox 1493 1189 1655 1227; x_wconf 86' lang='lat' dir='ltr'><strong>unus—</strong></span> 
     </span>
    </p>
   </div>
   <div class='ocr_carea' id='block_1_10' title="bbox 103 1263 1657 1336">
    <p class='ocr_par' dir='ltr' id='par_1_10' title="bbox 103 1263 1657 1336">
     <span class='ocr_line' id='line_1_10' title="bbox 103 1263 1657 1336; baseline -0.001 -16"><span class='ocrx_word' id='word_1_75' title='bbox 103 1266 320 1336; x_wconf 84' lang='lat' dir='ltr'><strong>quisque</strong></span> <span class='ocrx_word' id='word_1_76' title='bbox 372 1280 437 1319; x_wconf 90' lang='lat' dir='ltr'><strong>ex</strong></span> <span class='ocrx_word' id='word_1_77' title='bbox 482 1264 757 1333; x_wconf 81' lang='lat' dir='ltr'><strong>Opificibus</strong></span> <span class='ocrx_word' id='word_1_78' title='bbox 801 1273 855 1319; x_wconf 91' lang='lat' dir='ltr'><strong>et</strong></span> <span class='ocrx_word' id='word_1_79' title='bbox 898 1263 1186 1318; x_wconf 84' lang='lat' dir='ltr'><strong>artiﬁcibus</strong></span> <span class='ocrx_word' id='word_1_80' title='bbox 1231 1264 1425 1318; x_wconf 89' lang='lat' dir='ltr'><strong>nemini</strong></span> <span class='ocrx_word' id='word_1_81' title='bbox 1470 1273 1657 1319; x_wconf 78' lang='lat' dir='ltr'><strong>noceat</strong></span> 
     </span>
    </p>
   </div>
   <div class='ocr_carea' id='block_1_11' title="bbox 104 1355 1657 1427">
    <p class='ocr_par' dir='ltr' id='par_1_11' title="bbox 104 1355 1657 1427">
     <span class='ocr_line' id='line_1_11' title="bbox 104 1355 1657 1427; baseline -0.003 -13"><span class='ocrx_word' id='word_1_82' title='bbox 104 1374 273 1427; x_wconf 84' lang='lat' dir='ltr'><strong>neque</strong></span> <span class='ocrx_word' id='word_1_83' title='bbox 294 1372 362 1412; x_wconf 88' lang='lat' dir='ltr'><strong>ex</strong></span> <span class='ocrx_word' id='word_1_84' title='bbox 389 1357 453 1411; x_wconf 86' lang='lat' dir='ltr'><strong>iis</strong></span> <span class='ocrx_word' id='word_1_85' title='bbox 476 1356 566 1427; x_wconf 90' lang='lat' dir='ltr'><strong>qui</strong></span> <span class='ocrx_word' id='word_1_86' title='bbox 594 1356 995 1422; x_wconf 63' lang='lat' dir='ltr'><strong>sunt‘alterius,</strong></span> <span class='ocrx_word' id='word_1_87' title='bbox 1026 1370 1197 1425; x_wconf 90' lang='lat' dir='ltr'><strong>neque</strong></span> <span class='ocrx_word' id='word_1_88' title='bbox 1226 1370 1292 1410; x_wconf 88' lang='lat' dir='ltr'><strong>ex</strong></span> <span class='ocrx_word' id='word_1_89' title='bbox 1321 1355 1386 1410; x_wconf 91' lang='lat' dir='ltr'><strong>iis</strong></span> <span class='ocrx_word' id='word_1_90' title='bbox 1413 1356 1502 1425; x_wconf 91' lang='lat' dir='ltr'><strong>qui</strong></span> <span class='ocrx_word' id='word_1_91' title='bbox 1533 1365 1657 1410; x_wconf 90' lang='lat' dir='ltr'><strong>sunt</strong></span> 
     </span>
    </p>
   </div>
   <div class='ocr_carea' id='block_1_12' title="bbox 103 1444 1657 1515">
    <p class='ocr_par' dir='ltr' id='par_1_12' title="bbox 103 1444 1657 1515">
     <span class='ocr_line' id='line_1_12' title="bbox 103 1444 1657 1515; baseline -0.003 -12"><span class='ocrx_word' id='word_1_92' title='bbox 103 1448 335 1515; x_wconf 85' lang='lat' dir='ltr'><strong>ejusdem</strong></span> <span class='ocrx_word' id='word_1_93' title='bbox 376 1446 537 1511; x_wconf 88' lang='lat' dir='ltr'><strong>artis,</strong></span> <span class='ocrx_word' id='word_1_94' title='bbox 573 1445 744 1500; x_wconf 89' lang='lat' dir='ltr'><strong>solum</strong></span> <span class='ocrx_word' id='word_1_95' title='bbox 782 1454 958 1499; x_wconf 89' lang='lat' dir='ltr'><strong>autem</strong></span> <span class='ocrx_word' id='word_1_96' title='bbox 1003 1444 1073 1499; x_wconf 88' lang='lat' dir='ltr'><strong>sit</strong></span> <span class='ocrx_word' id='word_1_97' title='bbox 1103 1445 1305 1499; x_wconf 88' lang='lat' dir='ltr'><strong>otiosus</strong></span> <span class='ocrx_word' id='word_1_98' title='bbox 1336 1461 1351 1498; x_wconf 91' lang='lat'><strong>:</strong></span> <span class='ocrx_word' id='word_1_99' title='bbox 1378 1459 1553 1499; x_wconf 89' lang='lat' dir='ltr'><strong>annon</strong></span> <span class='ocrx_word' id='word_1_100' title='bbox 1580 1445 1657 1499; x_wconf 89' lang='lat' dir='ltr'><strong>sic</strong></span> 
     </span>
    </p>
   </div>
   <div class='ocr_carea' id='block_1_13' title="bbox 104 1534 1653 1605">
    <p class='ocr_par' dir='ltr' id='par_1_13' title="bbox 104 1534 1653 1605">
     <span class='ocr_line' id='line_1_13' title="bbox 104 1534 1653 1605; baseline -0.001 -14"><span class='ocrx_word' id='word_1_101' title='bbox 104 1538 253 1591; x_wconf 82' lang='lat' dir='ltr'><strong>nobis</strong></span> <span class='ocrx_word' id='word_1_102' title='bbox 286 1546 393 1591; x_wconf 89' lang='lat' dir='ltr'><strong>tota</strong></span> <span class='ocrx_word' id='word_1_103' title='bbox 424 1536 527 1589; x_wconf 84' lang='lat' dir='ltr'><strong>vita</strong></span> <span class='ocrx_word' id='word_1_104' title='bbox 558 1534 693 1605; x_wconf 86' lang='lat' dir='ltr'><strong>perit</strong></span> <span class='ocrx_word' id='word_1_105' title='bbox 714 1543 769 1589; x_wconf 90' lang='lat' dir='ltr'><strong>et</strong></span> <span class='ocrx_word' id='word_1_106' title='bbox 793 1534 1009 1590; x_wconf 83' lang='lat' dir='ltr'><strong>interit?</strong></span> <span class='ocrx_word' id='word_1_107' title='bbox 1045 1534 1138 1590; x_wconf 81' lang='lat' dir='ltr'><strong>Vis</strong></span> <span class='ocrx_word' id='word_1_108' title='bbox 1174 1534 1335 1591; x_wconf 88' lang='lat' dir='ltr'><strong>etiam</strong></span> <span class='ocrx_word' id='word_1_109' title='bbox 1361 1536 1653 1590; x_wconf 80' lang='lat' dir='ltr'><strong>orationem</strong></span> 
     </span>
    </p>
   </div>
   <div class='ocr_carea' id='block_1_14' title="bbox 101 1624 1651 1695">
    <p class='ocr_par' dir='ltr' id='par_1_14' title="bbox 101 1624 1651 1695">
     <span class='ocr_line' id='line_1_14' title="bbox 101 1624 1651 1695; baseline -0.001 -14"><span class='ocrx_word' id='word_1_110' title='bbox 101 1627 421 1683; x_wconf 79' lang='lat' dir='ltr'><strong>deducamus</strong></span> <span class='ocrx_word' id='word_1_111' title='bbox 449 1626 500 1679; x_wconf 93' lang='lat' dir='ltr'><strong>in</strong></span> <span class='ocrx_word' id='word_1_112' title='bbox 528 1625 758 1694; x_wconf 77' lang='lat' dir='ltr'><strong>corpus?</strong></span> <span class='ocrx_word' id='word_1_113' title='bbox 784 1625 969 1678; x_wconf 80' lang='lat' dir='ltr'><strong>Manus</strong></span> <span class='ocrx_word' id='word_1_114' title='bbox 996 1639 1124 1695; x_wconf 84' lang='lat' dir='ltr'><strong>ergo</strong></span> <span class='ocrx_word' id='word_1_115' title='bbox 1146 1633 1305 1693; x_wconf 87' lang='lat' dir='ltr'><strong>caput</strong></span> <span class='ocrx_word' id='word_1_116' title='bbox 1334 1640 1437 1678; x_wconf 91' lang='lat' dir='ltr'><strong>non</strong></span> <span class='ocrx_word' id='word_1_117' title='bbox 1466 1624 1651 1690; x_wconf 91' lang='lat' dir='ltr'><strong>feriat,</strong></span> 
     </span>
    </p>
   </div>
   <div class='ocr_carea' id='block_1_15' title="bbox 99 1714 1653 1789">
    <p class='ocr_par' dir='ltr' id='par_1_15' title="bbox 99 1714 1653 1789">
     <span class='ocr_line' id='line_1_15' title="bbox 99 1714 1653 1789; baseline -0.002 -16"><span class='ocrx_word' id='word_1_118' title='bbox 99 1733 269 1789; x_wconf 89' lang='lat' dir='ltr'><strong>neque</strong></span> <span class='ocrx_word' id='word_1_119' title='bbox 290 1718 524 1786; x_wconf 76' lang='lat' dir='ltr'><strong>linguam</strong></span> <span class='ocrx_word' id='word_1_120' title='bbox 548 1714 842 1779; x_wconf 84' lang='lat' dir='ltr'><strong>exseiudat,</strong></span> <span class='ocrx_word' id='word_1_121' title='bbox 866 1730 1036 1785; x_wconf 90' lang='lat' dir='ltr'><strong>neque</strong></span> <span class='ocrx_word' id='word_1_122' title='bbox 1061 1714 1270 1770; x_wconf 89' lang='lat' dir='ltr'><strong>oculum</strong></span> <span class='ocrx_word' id='word_1_123' title='bbox 1296 1714 1527 1779; x_wconf 82' lang='lat' dir='ltr'><strong>effodiat,</strong></span> <span class='ocrx_word' id='word_1_124' title='bbox 1558 1730 1653 1770; x_wconf 87' lang='lat' dir='ltr'><strong>ne-</strong></span> 
     </span>
    </p>
   </div>
   <div class='ocr_carea' id='block_1_16' title="bbox 97 1805 1656 1883">
    <p class='ocr_par' dir='ltr' id='par_1_16' title="bbox 97 1805 1656 1883">
     <span class='ocr_line' id='line_1_16' title="bbox 97 1805 1656 1883; baseline -0.004 -18"><span class='ocrx_word' id='word_1_125' title='bbox 97 1826 195 1883; x_wconf 85' lang='lat' dir='ltr'><strong>que</strong></span> <span class='ocrx_word' id='word_1_126' title='bbox 238 1808 441 1881; x_wconf 88' lang='lat' dir='ltr'><strong>aliquid</strong></span> <span class='ocrx_word' id='word_1_127' title='bbox 476 1806 617 1862; x_wconf 89' lang='lat' dir='ltr'><strong>aliud</strong></span> <span class='ocrx_word' id='word_1_128' title='bbox 655 1806 760 1863; x_wconf 86' lang='lat' dir='ltr'><strong>tale</strong></span> <span class='ocrx_word' id='word_1_129' title='bbox 804 1806 1000 1861; x_wconf 87' lang='lat' dir='ltr'><strong>malum</strong></span> <span class='ocrx_word' id='word_1_130' title='bbox 1036 1805 1214 1873; x_wconf 80' lang='lat' dir='ltr'><strong>faciat,</strong></span> <span class='ocrx_word' id='word_1_131' title='bbox 1239 1806 1413 1861; x_wconf 91' lang='lat' dir='ltr'><strong>solum</strong></span> <span class='ocrx_word' id='word_1_132' title='bbox 1444 1815 1656 1860; x_wconf 84' lang='lat' dir='ltr'><strong>maneat</strong></span> 
     </span>
    </p>
   </div>
   <div class='ocr_carea' id='block_1_17' title="bbox 94 1896 1653 1968">
    <p class='ocr_par' dir='ltr' id='par_1_17' title="bbox 94 1896 1653 1968">
     <span class='ocr_line' id='line_1_17' title="bbox 94 1896 1653 1968; baseline -0.002 -12"><span class='ocrx_word' id='word_1_133' title='bbox 94 1903 263 1957; x_wconf 89' lang='lat' dir='ltr'><strong>otiosa</strong></span> <span class='ocrx_word' id='word_1_134' title='bbox 291 1910 349 1956; x_wconf 88' lang='lat' dir='ltr'><strong>et</strong></span> <span class='ocrx_word' id='word_1_135' title='bbox 376 1914 526 1955; x_wconf 89' lang='lat' dir='ltr'><strong>suum</strong></span> <span class='ocrx_word' id='word_1_136' title='bbox 551 1912 741 1954; x_wconf 91' lang='lat' dir='ltr'><strong>munus</strong></span> <span class='ocrx_word' id='word_1_137' title='bbox 769 1898 863 1952; x_wconf 90' lang='lat' dir='ltr'><strong>toti</strong></span> <span class='ocrx_word' id='word_1_138' title='bbox 893 1896 1103 1968; x_wconf 89' lang='lat' dir='ltr'><strong>corpori</strong></span> <span class='ocrx_word' id='word_1_139' title='bbox 1132 1912 1237 1951; x_wconf 93' lang='lat' dir='ltr'><strong>non</strong></span> <span class='ocrx_word' id='word_1_140' title='bbox 1265 1897 1482 1966; x_wconf 86' lang='lat' dir='ltr'><strong>impleat</strong></span> <span class='ocrx_word' id='word_1_141' title='bbox 1510 1916 1525 1952; x_wconf 90' lang='lat'><strong>:</strong></span> <span class='ocrx_word' id='word_1_142' title='bbox 1554 1913 1653 1953; x_wconf 84' lang='lat' dir='ltr'><strong>an-</strong></span> 
     </span>
    </p>
   </div>
   <div class='ocr_carea' id='block_1_18' title="bbox 95 1990 1650 2063">
    <p class='ocr_par' dir='ltr' id='par_1_18' title="bbox 95 1990 1650 2063">
     <span class='ocr_line' id='line_1_18' title="bbox 95 1990 1650 2063; baseline -0.003 -14"><span class='ocrx_word' id='word_1_143' title='bbox 95 2009 194 2049; x_wconf 89' lang='lat' dir='ltr'><strong>non</strong></span> <span class='ocrx_word' id='word_1_144' title='bbox 211 2001 436 2063; x_wconf 67' lang='lat' dir='ltr'><strong>praestat</strong></span> <span class='ocrx_word' id='word_1_145' title='bbox 454 2007 573 2047; x_wconf 89' lang='lat' dir='ltr'><strong>eam</strong></span> <span class='ocrx_word' id='word_1_146' title='bbox 592 1990 852 2056; x_wconf 80' lang='lat' dir='ltr'><strong>exscindi,</strong></span> <span class='ocrx_word' id='word_1_147' title='bbox 875 2006 1029 2060; x_wconf 90' lang='lat' dir='ltr'><strong>quam</strong></span> <span class='ocrx_word' id='word_1_148' title='bbox 1050 1990 1389 2046; x_wconf 82' lang='lat' dir='ltr'><strong>circumferre</strong></span> <span class='ocrx_word' id='word_1_149' title='bbox 1406 1991 1650 2056; x_wconf 88' lang='lat' dir='ltr'><strong>otiosam,</strong></span> 
     </span>
    </p>
   </div>
   <div class='ocr_carea' id='block_1_19' title="bbox 93 2082 1655 2156">
    <p class='ocr_par' dir='ltr' id='par_1_19' title="bbox 93 2082 1655 2156">
     <span class='ocr_line' id='line_1_19' title="bbox 93 2082 1655 2156; baseline -0.003 -14"><span class='ocrx_word' id='word_1_150' title='bbox 93 2098 141 2143; x_wconf 90' lang='lat' dir='ltr'><strong>et</strong></span> <span class='ocrx_word' id='word_1_151' title='bbox 161 2088 262 2142; x_wconf 87' lang='lat' dir='ltr'><strong>toti</strong></span> <span class='ocrx_word' id='word_1_152' title='bbox 290 2085 507 2156; x_wconf 88' lang='lat' dir='ltr'><strong>corpori</strong></span> <span class='ocrx_word' id='word_1_153' title='bbox 527 2083 816 2155; x_wconf 88' lang='lat' dir='ltr'><strong>perniciem</strong></span> <span class='ocrx_word' id='word_1_154' title='bbox 835 2082 1177 2140; x_wconf 80' lang='lat' dir='ltr'><strong>aﬂ&#39;erentem?</strong></span> <span class='ocrx_word' id='word_1_155' title='bbox 1201 2083 1335 2150; x_wconf 86' lang='lat' dir='ltr'><strong>Quid</strong></span> <span class='ocrx_word' id='word_1_156' title='bbox 1360 2099 1508 2151; x_wconf 90' lang='lat' dir='ltr'><strong>vero,</strong></span> <span class='ocrx_word' id='word_1_157' title='bbox 1529 2085 1572 2139; x_wconf 89' lang='lat' dir='ltr'><strong>si</strong></span> <span class='ocrx_word' id='word_1_158' title='bbox 1594 2099 1655 2139; x_wconf 90' lang='lat' dir='ltr'><strong>os</strong></span> 
     </span>
    </p>
   </div>
   <div class='ocr_carea' id='block_1_20' title="bbox 96 2174 1654 2246">
    <p class='ocr_par' dir='ltr' id='par_1_20' title="bbox 96 2174 1654 2246">
     <span class='ocr_line' id='line_1_20' title="bbox 96 2174 1654 2246; baseline -0.001 -13"><span class='ocrx_word' id='word_1_159' title='bbox 96 2193 302 2233; x_wconf 87' lang='lat' dir='ltr'><strong>manum</strong></span> <span class='ocrx_word' id='word_1_160' title='bbox 333 2191 443 2231; x_wconf 93' lang='lat' dir='ltr'><strong>non</strong></span> <span class='ocrx_word' id='word_1_161' title='bbox 470 2174 682 2241; x_wconf 81' lang='lat' dir='ltr'><strong>exedat,</strong></span> <span class='ocrx_word' id='word_1_162' title='bbox 713 2190 882 2245; x_wconf 90' lang='lat' dir='ltr'><strong>neque</strong></span> <span class='ocrx_word' id='word_1_163' title='bbox 908 2185 1093 2246; x_wconf 88' lang='lat' dir='ltr'><strong>pectus</strong></span> <span class='ocrx_word' id='word_1_164' title='bbox 1120 2174 1379 2241; x_wconf 85' lang='lat' dir='ltr'><strong>mordeat,</strong></span> <span class='ocrx_word' id='word_1_165' title='bbox 1406 2175 1502 2231; x_wconf 88' lang='lat' dir='ltr'><strong>sed</strong></span> <span class='ocrx_word' id='word_1_166' title='bbox 1534 2190 1654 2246; x_wconf 73' lang='lat' dir='ltr'><strong>qua:</strong></span> 
     </span>
    </p>
   </div>
   <div class='ocr_carea' id='block_1_21' title="bbox 96 2264 1655 2338">
    <p class='ocr_par' dir='ltr' id='par_1_21' title="bbox 96 2264 1655 2338">
     <span class='ocr_line' id='line_1_21' title="bbox 96 2264 1655 2338; baseline -0.001 -15"><span class='ocrx_word' id='word_1_167' title='bbox 96 2278 211 2323; x_wconf 86' lang='lat' dir='ltr'><strong>sunt</strong></span> <span class='ocrx_word' id='word_1_168' title='bbox 237 2267 309 2321; x_wconf 91' lang='lat' dir='ltr'><strong>ab</strong></span> <span class='ocrx_word' id='word_1_169' title='bbox 336 2268 457 2338; x_wconf 90' lang='lat' dir='ltr'><strong>ipso</strong></span> <span class='ocrx_word' id='word_1_170' title='bbox 483 2264 720 2321; x_wconf 90' lang='lat' dir='ltr'><strong>facienda</strong></span> <span class='ocrx_word' id='word_1_171' title='bbox 746 2265 921 2320; x_wconf 87' lang='lat' dir='ltr'><strong>omnia</strong></span> <span class='ocrx_word' id='word_1_172' title='bbox 950 2265 1346 2332; x_wconf 73' lang='lat' dir='ltr'><strong>prmtermittat;</strong></span> <span class='ocrx_word' id='word_1_173' title='bbox 1374 2281 1549 2321; x_wconf 88' lang='lat' dir='ltr'><strong>annon</strong></span> <span class='ocrx_word' id='word_1_174' title='bbox 1569 2281 1655 2321; x_wconf 85' lang='lat' dir='ltr'><strong>es-</strong></span> 
     </span>
    </p>
   </div>
   <div class='ocr_carea' id='block_1_22' title="bbox 95 2356 1655 2429">
    <p class='ocr_par' dir='ltr' id='par_1_22' title="bbox 95 2356 1655 2429">
     <span class='ocr_line' id='line_1_22' title="bbox 95 2356 1655 2429; baseline -0.001 -14"><span class='ocrx_word' id='word_1_175' title='bbox 95 2370 167 2415; x_wconf 87' lang='lat' dir='ltr'><strong>set</strong></span> <span class='ocrx_word' id='word_1_176' title='bbox 184 2360 356 2415; x_wconf 85' lang='lat' dir='ltr'><strong>satins</strong></span> <span class='ocrx_word' id='word_1_177' title='bbox 371 2359 546 2429; x_wconf 89' lang='lat' dir='ltr'><strong>ipsum</strong></span> <span class='ocrx_word' id='word_1_178' title='bbox 566 2372 683 2413; x_wconf 89' lang='lat' dir='ltr'><strong>esse</strong></span> <span class='ocrx_word' id='word_1_179' title='bbox 698 2358 1057 2413; x_wconf 84' lang='lat' dir='ltr'><strong>obstructum?</strong></span> <span class='ocrx_word' id='word_1_180' title='bbox 1077 2356 1133 2412; x_wconf 90' lang='lat' dir='ltr'><strong>Si</strong></span> <span class='ocrx_word' id='word_1_181' title='bbox 1154 2372 1281 2427; x_wconf 87' lang='lat' dir='ltr'><strong>ergo</strong></span> <span class='ocrx_word' id='word_1_182' title='bbox 1297 2366 1352 2413; x_wconf 91' lang='lat' dir='ltr'><strong>et</strong></span> <span class='ocrx_word' id='word_1_183' title='bbox 1371 2358 1422 2413; x_wconf 92' lang='lat' dir='ltr'><strong>in</strong></span> <span class='ocrx_word' id='word_1_184' title='bbox 1445 2358 1655 2414; x_wconf 82' lang='lat' dir='ltr'><strong>famulis</strong></span> 
     </span>
    </p>
   </div>
   <div class='ocr_carea' id='block_1_23' title="bbox 93 2448 1649 2520">
    <p class='ocr_par' dir='ltr' id='par_1_23' title="bbox 93 2448 1649 2520">
     <span class='ocr_line' id='line_1_23' title="bbox 93 2448 1649 2520; baseline -0.003 -14"><span class='ocrx_word' id='word_1_185' title='bbox 93 2462 141 2506; x_wconf 84' lang='lat' dir='ltr'><strong>et</strong></span> <span class='ocrx_word' id='word_1_186' title='bbox 165 2451 219 2505; x_wconf 90' lang='lat' dir='ltr'><strong>in</strong></span> <span class='ocrx_word' id='word_1_187' title='bbox 246 2449 532 2520; x_wconf 82' lang='lat' dir='ltr'><strong>opiﬁcibus</strong></span> <span class='ocrx_word' id='word_1_188' title='bbox 558 2456 612 2503; x_wconf 90' lang='lat' dir='ltr'><strong>et</strong></span> <span class='ocrx_word' id='word_1_189' title='bbox 638 2448 689 2501; x_wconf 93' lang='lat' dir='ltr'><strong>in</strong></span> <span class='ocrx_word' id='word_1_190' title='bbox 721 2457 831 2502; x_wconf 91' lang='lat' dir='ltr'><strong>toto</strong></span> <span class='ocrx_word' id='word_1_191' title='bbox 854 2462 1077 2516; x_wconf 87' lang='lat' dir='ltr'><strong>corpore</strong></span> <span class='ocrx_word' id='word_1_192' title='bbox 1103 2462 1288 2519; x_wconf 83' lang='lat' dir='ltr'><strong>magna</strong></span> <span class='ocrx_word' id='word_1_193' title='bbox 1316 2456 1401 2504; x_wconf 90' lang='lat' dir='ltr'><strong>est</strong></span> <span class='ocrx_word' id='word_1_194' title='bbox 1428 2448 1615 2518; x_wconf 83' lang='lat' dir='ltr'><strong>injuria</strong></span> <span class='ocrx_word' id='word_1_195' title='bbox 1634 2489 1649 2512; x_wconf 98' lang='lat'><strong>,</strong></span> 
     </span>
    </p>
   </div>
   <div class='ocr_carea' id='block_1_24' title="bbox 92 2539 1653 2610">
    <p class='ocr_par' dir='ltr' id='par_1_24' title="bbox 92 2539 1653 2610">
     <span class='ocr_line' id='line_1_24' title="bbox 92 2539 1653 2610; baseline -0.001 -14"><span class='ocrx_word' id='word_1_196' title='bbox 92 2557 188 2596; x_wconf 91' lang='lat' dir='ltr'><strong>non</strong></span> <span class='ocrx_word' id='word_1_197' title='bbox 231 2542 409 2596; x_wconf 89' lang='lat' dir='ltr'><strong>solum</strong></span> <span class='ocrx_word' id='word_1_198' title='bbox 445 2540 642 2610; x_wconf 90' lang='lat' dir='ltr'><strong>aliquid</strong></span> <span class='ocrx_word' id='word_1_199' title='bbox 683 2540 802 2593; x_wconf 89' lang='lat' dir='ltr'><strong>mali</strong></span> <span class='ocrx_word' id='word_1_200' title='bbox 842 2539 1049 2605; x_wconf 86' lang='lat' dir='ltr'><strong>fecisse,</strong></span> <span class='ocrx_word' id='word_1_201' title='bbox 1079 2540 1173 2594; x_wconf 90' lang='lat' dir='ltr'><strong>sed</strong></span> <span class='ocrx_word' id='word_1_202' title='bbox 1213 2540 1370 2594; x_wconf 88' lang='lat' dir='ltr'><strong>etiam</strong></span> <span class='ocrx_word' id='word_1_203' title='bbox 1407 2540 1463 2595; x_wconf 85' lang='lat' dir='ltr'><strong>in</strong></span> <span class='ocrx_word' id='word_1_204' title='bbox 1501 2540 1653 2595; x_wconf 89' lang='lat' dir='ltr'><strong>bonis</strong></span> 
     </span>
    </p>
   </div>
   <div class='ocr_carea' id='block_1_25' title="bbox 90 2630 1648 2702">
    <p class='ocr_par' dir='ltr' id='par_1_25' title="bbox 90 2630 1648 2702">
     <span class='ocr_line' id='line_1_25' title="bbox 90 2630 1648 2702; baseline -0.003 -13"><span class='ocrx_word' id='word_1_205' title='bbox 90 2634 374 2700; x_wconf 76' lang='lat' dir='ltr'><strong>defecisse,</strong></span> <span class='ocrx_word' id='word_1_206' title='bbox 406 2634 573 2688; x_wconf 89' lang='lat' dir='ltr'><strong>multo</strong></span> <span class='ocrx_word' id='word_1_207' title='bbox 598 2634 763 2702; x_wconf 81' lang='lat' dir='ltr'><strong>magis</strong></span> <span class='ocrx_word' id='word_1_208' title='bbox 793 2630 893 2685; x_wconf 84' lang='lat' dir='ltr'><strong>hoc</strong></span> <span class='ocrx_word' id='word_1_209' title='bbox 922 2632 1077 2685; x_wconf 87' lang='lat' dir='ltr'><strong>fuerit</strong></span> <span class='ocrx_word' id='word_1_210' title='bbox 1105 2631 1158 2685; x_wconf 90' lang='lat' dir='ltr'><strong>in</strong></span> <span class='ocrx_word' id='word_1_211' title='bbox 1182 2646 1405 2701; x_wconf 87' lang='lat' dir='ltr'><strong>corpore</strong></span> <span class='ocrx_word' id='word_1_212' title='bbox 1431 2630 1648 2688; x_wconf 82' lang='lat' dir='ltr'><strong>Christi.</strong></span> 
     </span>
    </p>
   </div>
   <div class='ocr_carea' id='block_1_26' title="bbox 152 2721 1651 2795">
    <p class='ocr_par' dir='ltr' id='par_1_26' title="bbox 152 2721 1651 2795">
     <span class='ocr_line' id='line_1_26' title="bbox 152 2721 1651 2795; baseline 0 -17"><span class='ocrx_word' id='word_1_213' title='bbox 152 2724 209 2778; x_wconf 74' lang='lat'><strong>2.</strong></span> <span class='ocrx_word' id='word_1_214' title='bbox 238 2724 531 2795; x_wconf 82' lang='lat' dir='ltr'><strong>Propterea</strong></span> <span class='ocrx_word' id='word_1_215' title='bbox 562 2723 745 2778; x_wconf 86' lang='lat' dir='ltr'><strong>beatus</strong></span> <span class='ocrx_word' id='word_1_216' title='bbox 767 2737 977 2791; x_wconf 90' lang='lat' dir='ltr'><strong>quoque</strong></span> <span class='ocrx_word' id='word_1_217' title='bbox 998 2721 1191 2776; x_wconf 87' lang='lat' dir='ltr'><strong>Paulus</strong></span> <span class='ocrx_word' id='word_1_218' title='bbox 1213 2737 1311 2777; x_wconf 89' lang='lat' dir='ltr'><strong>nos</strong></span> <span class='ocrx_word' id='word_1_219' title='bbox 1329 2721 1596 2778; x_wconf 86' lang='lat' dir='ltr'><strong>abducens</strong></span> <span class='ocrx_word' id='word_1_220' title='bbox 1620 2739 1651 2778; x_wconf 89' lang='lat' dir='ltr'><strong>a</strong></span> 
     </span>
    </p>
   </div>
   <div class='ocr_carea' id='block_1_27' title="bbox 91 2813 1647 2885">
    <p class='ocr_par' dir='ltr' id='par_1_27' title="bbox 91 2813 1647 2885">
     <span class='ocr_line' id='line_1_27' title="bbox 91 2813 1647 2885; baseline 0.001 -20"><span class='ocrx_word' id='word_1_221' title='bbox 91 2818 212 2871; x_wconf 79' lang='lat' dir='ltr'><strong>vitio</strong></span> <span class='ocrx_word' id='word_1_222' title='bbox 237 2828 294 2871; x_wconf 91' lang='lat' dir='ltr'><strong>et</strong></span> <span class='ocrx_word' id='word_1_223' title='bbox 314 2815 674 2885; x_wconf 87' lang='lat' dir='ltr'><strong>improbitate,</strong></span> <span class='ocrx_word' id='word_1_224' title='bbox 699 2813 910 2869; x_wconf 85' lang='lat' dir='ltr'><strong>deducit</strong></span> <span class='ocrx_word' id='word_1_225' title='bbox 938 2813 1005 2868; x_wconf 84' lang='lat' dir='ltr'><strong>ad</strong></span> <span class='ocrx_word' id='word_1_226' title='bbox 1031 2816 1298 2869; x_wconf 83' lang='lat' dir='ltr'><strong>virtutem.</strong></span> <span class='ocrx_word' id='word_1_227' title='bbox 1319 2813 1456 2882; x_wconf 88' lang='lat' dir='ltr'><strong>Quid</strong></span> <span class='ocrx_word' id='word_1_228' title='bbox 1485 2814 1647 2877; x_wconf 90' lang='lat' dir='ltr'><strong>enim,</strong></span> 
     </span>
    </p>
   </div>
   <div class='ocr_carea' id='block_1_28' title="bbox 87 2905 1650 2978">
    <p class='ocr_par' dir='ltr' id='par_1_28' title="bbox 87 2905 1650 2978">
     <span class='ocr_line' id='line_1_28' title="bbox 87 2905 1650 2978; baseline -0.001 -17"><span class='ocrx_word' id='word_1_229' title='bbox 87 2909 395 2978; x_wconf 79' lang='lat' dir='ltr'><strong>dic,qu:eso,</strong></span> <span class='ocrx_word' id='word_1_230' title='bbox 417 2907 569 2976; x_wconf 90' lang='lat' dir='ltr'><strong>juvat</strong></span> <span class='ocrx_word' id='word_1_231' title='bbox 588 2905 728 2975; x_wconf 90' lang='lat' dir='ltr'><strong>quod</strong></span> <span class='ocrx_word' id='word_1_232' title='bbox 754 2920 939 2962; x_wconf 78' lang='lat' dir='ltr'><strong>omnes</strong></span> <span class='ocrx_word' id='word_1_233' title='bbox 961 2906 1127 2976; x_wconf 71' lang='lat' dir='ltr'><strong>spinae</strong></span> <span class='ocrx_word' id='word_1_234' title='bbox 1150 2907 1257 2961; x_wconf 87' lang='lat' dir='ltr'><strong>sint</strong></span> <span class='ocrx_word' id='word_1_235' title='bbox 1279 2913 1581 2976; x_wconf 71' lang='lat' dir='ltr'><strong>amputatae,</strong></span> <span class='ocrx_word' id='word_1_236' title='bbox 1604 2906 1650 2960; x_wconf 87' lang='lat' dir='ltr'><strong>si</strong></span> 
     </span>
    </p>
   </div>
   <div class='ocr_carea' id='block_1_29' title="bbox 89 2996 1647 3066">
    <p class='ocr_par' dir='ltr' id='par_1_29' title="bbox 89 2996 1647 3066">
     <span class='ocr_line' id='line_1_29' title="bbox 89 2996 1647 3066; baseline -0.001 -14"><span class='ocrx_word' id='word_1_237' title='bbox 89 3014 187 3053; x_wconf 84' lang='lat' dir='ltr'><strong>non</strong></span> <span class='ocrx_word' id='word_1_238' title='bbox 210 2999 325 3053; x_wconf 90' lang='lat' dir='ltr'><strong>sint</strong></span> <span class='ocrx_word' id='word_1_239' title='bbox 342 3012 527 3066; x_wconf 87' lang='lat' dir='ltr'><strong>sparsa</strong></span> <span class='ocrx_word' id='word_1_240' title='bbox 550 2997 683 3051; x_wconf 92' lang='lat' dir='ltr'><strong>bona</strong></span> <span class='ocrx_word' id='word_1_241' title='bbox 703 2997 939 3051; x_wconf 83' lang='lat' dir='ltr'><strong>semina?</strong></span> <span class='ocrx_word' id='word_1_242' title='bbox 964 2997 1043 3050; x_wconf 82' lang='lat' dir='ltr'><strong>Ad</strong></span> <span class='ocrx_word' id='word_1_243' title='bbox 1069 2996 1209 3051; x_wconf 89' lang='lat' dir='ltr'><strong>idem</strong></span> <span class='ocrx_word' id='word_1_244' title='bbox 1231 2998 1372 3053; x_wconf 85' lang='lat' dir='ltr'><strong>enim</strong></span> <span class='ocrx_word' id='word_1_245' title='bbox 1399 2997 1647 3051; x_wconf 86' lang='lat' dir='ltr'><strong>damnum</strong></span> 
     </span>
    </p>
   </div>
   <div class='ocr_carea' id='block_1_30' title="bbox 87 3086 1648 3165">
    <p class='ocr_par' dir='ltr' id='par_1_30' title="bbox 87 3086 1648 3165">
     <span class='ocr_line' id='line_1_30' title="bbox 87 3086 1648 3165; baseline -0.003 -22"><span class='ocrx_word' id='word_1_246' title='bbox 87 3105 273 3143; x_wconf 87' lang='lat' dir='ltr'><strong>rursus</strong></span> <span class='ocrx_word' id='word_1_247' title='bbox 318 3087 524 3165; x_wconf 47' lang='lat' dir='ltr'><strong>redibit.</strong></span> <span class='ocrx_word' id='word_1_248' title='bbox 549 3087 719 3153; x_wconf 89' lang='lat' dir='ltr'><strong>labor,</strong></span> <span class='ocrx_word' id='word_1_249' title='bbox 747 3086 792 3141; x_wconf 88' lang='lat' dir='ltr'><strong>si</strong></span> <span class='ocrx_word' id='word_1_250' title='bbox 822 3088 1076 3141; x_wconf 88' lang='lat' dir='ltr'><strong>manserit</strong></span> <span class='ocrx_word' id='word_1_251' title='bbox 1115 3086 1472 3157; x_wconf 87' lang='lat' dir='ltr'><strong>imperfectus.</strong></span> <span class='ocrx_word' id='word_1_252' title='bbox 1519 3088 1648 3142; x_wconf 82' lang='lat' dir='ltr'><strong>Pro-</strong></span> 
     </span>
    </p>
   </div>
   <div class='ocr_carea' id='block_1_31' title="bbox 86 3178 1648 3249">
    <p class='ocr_par' dir='ltr' id='par_1_31' title="bbox 86 3178 1648 3249">
     <span class='ocr_line' id='line_1_31' title="bbox 86 3178 1648 3249; baseline 0 -17"><span class='ocrx_word' id='word_1_253' title='bbox 86 3192 266 3249; x_wconf 86' lang='lat' dir='ltr'><strong>pterea</strong></span> <span class='ocrx_word' id='word_1_254' title='bbox 312 3180 512 3234; x_wconf 88' lang='lat' dir='ltr'><strong>Paulus</strong></span> <span class='ocrx_word' id='word_1_255' title='bbox 549 3192 758 3249; x_wconf 87' lang='lat' dir='ltr'><strong>quoque</strong></span> <span class='ocrx_word' id='word_1_256' title='bbox 802 3180 970 3233; x_wconf 86' lang='lat' dir='ltr'><strong>nostri</strong></span> <span class='ocrx_word' id='word_1_257' title='bbox 996 3193 1175 3233; x_wconf 89' lang='lat' dir='ltr'><strong>curam</strong></span> <span class='ocrx_word' id='word_1_258' title='bbox 1208 3194 1418 3248; x_wconf 87' lang='lat' dir='ltr'><strong>gerens,</strong></span> <span class='ocrx_word' id='word_1_259' title='bbox 1447 3193 1553 3234; x_wconf 86' lang='lat' dir='ltr'><strong>non</strong></span> <span class='ocrx_word' id='word_1_260' title='bbox 1581 3178 1648 3233; x_wconf 91' lang='lat' dir='ltr'><strong>ad</strong></span> 
     </span>
    </p>
   </div>
   <div class='ocr_carea' id='block_1_32' title="bbox 88 3270 1649 3340">
    <p class='ocr_par' dir='ltr' id='par_1_32' title="bbox 88 3270 1649 3340">
     <span class='ocr_line' id='line_1_32' title="bbox 88 3270 1649 3340; baseline -0.001 -14"><span class='ocrx_word' id='word_1_261' title='bbox 88 3272 357 3327; x_wconf 78' lang='lat' dir='ltr'><strong>malorum</strong></span> <span class='ocrx_word' id='word_1_262' title='bbox 396 3286 564 3340; x_wconf 89' lang='lat' dir='ltr'><strong>usque</strong></span> <span class='ocrx_word' id='word_1_263' title='bbox 604 3271 1016 3340; x_wconf 89' lang='lat' dir='ltr'><strong>amputationem</strong></span> <span class='ocrx_word' id='word_1_264' title='bbox 1057 3280 1114 3325; x_wconf 89' lang='lat' dir='ltr'><strong>et</strong></span> <span class='ocrx_word' id='word_1_265' title='bbox 1154 3270 1472 3326; x_wconf 75' lang='lat' dir='ltr'><strong>ablutionem</strong></span> <span class='ocrx_word' id='word_1_266' title='bbox 1510 3271 1649 3326; x_wconf 81' lang='lat' dir='ltr'><strong>sistit</strong></span> 
     </span>
    </p>
   </div>
   <div class='ocr_carea' id='block_1_33' title="bbox 85 3360 1647 3434">
    <p class='ocr_par' dir='ltr' id='par_1_33' title="bbox 85 3360 1647 3434">
     <span class='ocr_line' id='line_1_33' title="bbox 85 3360 1647 3434; baseline -0.001 -17"><span class='ocrx_word' id='word_1_267' title='bbox 85 3375 376 3434; x_wconf 65' lang='lat' dir='ltr'><strong>pruepta,</strong></span> <span class='ocrx_word' id='word_1_268' title='bbox 407 3363 501 3418; x_wconf 89' lang='lat' dir='ltr'><strong>sed</strong></span> <span class='ocrx_word' id='word_1_269' title='bbox 543 3363 701 3417; x_wconf 88' lang='lat' dir='ltr'><strong>etiam</strong></span> <span class='ocrx_word' id='word_1_270' title='bbox 739 3360 983 3416; x_wconf 86' lang='lat' dir='ltr'><strong>hortatur</strong></span> <span class='ocrx_word' id='word_1_271' title='bbox 1024 3372 1081 3416; x_wconf 92' lang='lat' dir='ltr'><strong>ut</strong></span> <span class='ocrx_word' id='word_1_272' title='bbox 1121 3362 1227 3415; x_wconf 88' lang='lat' dir='ltr'><strong>cito</strong></span> <span class='ocrx_word' id='word_1_273' title='bbox 1265 3362 1353 3414; x_wconf 88' lang='lat' dir='ltr'><strong>fiat</strong></span> <span class='ocrx_word' id='word_1_274' title='bbox 1390 3361 1647 3417; x_wconf 90' lang='lat' dir='ltr'><strong>bonorum</strong></span> 
     </span>
    </p>
   </div>
   <div class='ocr_carea' id='block_1_34' title="bbox 85 3451 1649 3523">
    <p class='ocr_par' dir='ltr' id='par_1_34' title="bbox 85 3451 1649 3523">
     <span class='ocr_line' id='line_1_34' title="bbox 85 3451 1649 3523; baseline 0.001 -19"><span class='ocrx_word' id='word_1_275' title='bbox 85 3455 363 3523; x_wconf 79' lang='lat' dir='ltr'><strong>plantatio.</strong></span> <span class='ocrx_word' id='word_1_276' title='bbox 396 3452 527 3507; x_wconf 87' lang='lat' dir='ltr'><strong>Nam</strong></span> <span class='ocrx_word' id='word_1_277' title='bbox 556 3468 675 3507; x_wconf 90' lang='lat' dir='ltr'><strong>cum</strong></span> <span class='ocrx_word' id='word_1_278' title='bbox 700 3452 957 3518; x_wconf 90' lang='lat' dir='ltr'><strong>dixisset,</strong></span> <span class='ocrx_word' id='word_1_279' title='bbox 990 3452 1164 3506; x_wconf 83' lang='lat' dir='ltr'><strong>Omnis</strong></span> <span class='ocrx_word' id='word_1_280' title='bbox 1190 3451 1474 3505; x_wconf 80' lang='lat' dir='ltr'><strong>amaritudo</strong></span> <span class='ocrx_word' id='word_1_281' title='bbox 1498 3461 1547 3507; x_wconf 87' lang='lat' dir='ltr'><strong>et</strong></span> <span class='ocrx_word' id='word_1_282' title='bbox 1572 3454 1649 3506; x_wconf 88' lang='lat' dir='ltr'><strong>ira</strong></span> 
     </span>
    </p>
   </div>
   <div class='ocr_carea' id='block_1_35' title="bbox 80 3541 1645 3613">
    <p class='ocr_par' dir='ltr' id='par_1_35' title="bbox 80 3541 1645 3613">
     <span class='ocr_line' id='line_1_35' title="bbox 80 3541 1645 3613; baseline 0.001 -17"><span class='ocrx_word' id='word_1_283' title='bbox 80 3555 127 3596; x_wconf 72' lang='lat' dir='ltr'><strong>et</strong></span> <span class='ocrx_word' id='word_1_284' title='bbox 151 3544 445 3613; x_wconf 78' lang='lat' dir='ltr'><strong>indignatio</strong></span> <span class='ocrx_word' id='word_1_285' title='bbox 478 3554 522 3595; x_wconf 87' lang='lat' dir='ltr'><strong>et</strong></span> <span class='ocrx_word' id='word_1_286' title='bbox 562 3543 751 3596; x_wconf 86' lang='lat' dir='ltr'><strong>clamor</strong></span> <span class='ocrx_word' id='word_1_287' title='bbox 774 3553 818 3595; x_wconf 86' lang='lat' dir='ltr'><strong>et</strong></span> <span class='ocrx_word' id='word_1_288' title='bbox 847 3541 1153 3612; x_wconf 75' lang='lat' dir='ltr'><strong>blasphemia</strong></span> <span class='ocrx_word' id='word_1_289' title='bbox 1189 3542 1396 3596; x_wconf 80' lang='lat' dir='ltr'><strong>tollatur</strong></span> <span class='ocrx_word' id='word_1_290' title='bbox 1422 3559 1453 3595; x_wconf 83' lang='grc' dir='ltr'><em>α</em></span> <span class='ocrx_word' id='word_1_291' title='bbox 1478 3543 1611 3597; x_wconf 77' lang='lat' dir='ltr'><strong>vobis</strong></span> <span class='ocrx_word' id='word_1_292' title='bbox 1629 3585 1645 3609; x_wconf 94' lang='lat'><strong>,</strong></span> 
     </span>
    </p>
   </div>
   <div class='ocr_carea' id='block_1_36' title="bbox 81 3633 1649 3701">
    <p class='ocr_par' dir='ltr' id='par_1_36' title="bbox 81 3633 1649 3701">
     <span class='ocr_line' id='line_1_36' title="bbox 81 3633 1649 3701; baseline 0.001 -16"><span class='ocrx_word' id='word_1_293' title='bbox 81 3653 191 3686; x_wconf 79' lang='lat' dir='ltr'><strong>cum</strong></span> <span class='ocrx_word' id='word_1_294' title='bbox 239 3634 383 3687; x_wconf 73' lang='lat' dir='ltr'><strong>enini</strong></span> <span class='ocrx_word' id='word_1_295' title='bbox 424 3634 653 3696; x_wconf 84' lang='lat' dir='ltr'><strong>malitia;</strong></span> <span class='ocrx_word' id='word_1_296' title='bbox 697 3633 999 3701; x_wconf 89' lang='lat' dir='ltr'><strong>subjunxit,</strong></span> <span class='ocrx_word' id='word_1_297' title='bbox 1044 3633 1212 3687; x_wconf 80' lang='lat' dir='ltr'><strong>Estote</strong></span> <span class='ocrx_word' id='word_1_298' title='bbox 1246 3643 1410 3687; x_wconf 83' lang='lat' dir='ltr'><strong>autem</strong></span> <span class='ocrx_word' id='word_1_299' title='bbox 1441 3634 1649 3689; x_wconf 81' lang='lat' dir='ltr'><strong>invicem</strong></span> 
     </span>
    </p>
   </div>
   <div class='ocr_carea' id='block_1_37' title="bbox 81 3723 1649 3796">
    <p class='ocr_par' dir='ltr' id='par_1_37' title="bbox 81 3723 1649 3796">
     <span class='ocr_line' id='line_1_37' title="bbox 81 3723 1649 3796; baseline 0.002 -18"><span class='ocrx_word' id='word_1_300' title='bbox 81 3726 307 3796; x_wconf 71' lang='lat' dir='ltr'><strong>benigni,</strong></span> <span class='ocrx_word' id='word_1_301' title='bbox 336 3723 706 3789; x_wconf 70' lang='lat' dir='ltr'><strong>misericordes,</strong></span> <span class='ocrx_word' id='word_1_302' title='bbox 739 3724 980 3777; x_wconf 70' lang='lat' dir='ltr'><strong>donantes</strong></span> <span class='ocrx_word' id='word_1_303' title='bbox 1274 3725 1335 3779; x_wconf 87' lang='lat' dir='ltr'><strong>lli</strong></span> <span class='ocrx_word' id='word_1_304' title='bbox 1360 3726 1500 3779; x_wconf 89' lang='lat' dir='ltr'><strong>enim</strong></span> <span class='ocrx_word' id='word_1_305' title='bbox 1527 3738 1649 3781; x_wconf 88' lang='lat' dir='ltr'><strong>sunt</strong></span> 
     </span>
    </p>
   </div>
   <div class='ocr_carea' id='block_1_38' title="bbox 80 3813 1645 3883">
    <p class='ocr_par' dir='ltr' id='par_1_38' title="bbox 80 3813 1645 3883">
     <span class='ocr_line' id='line_1_38' title="bbox 80 3813 1645 3883; baseline 0.003 -15"><span class='ocrx_word' id='word_1_306' title='bbox 80 3816 297 3870; x_wconf 84' lang='lat' dir='ltr'><strong>habitus</strong></span> <span class='ocrx_word' id='word_1_307' title='bbox 323 3826 379 3868; x_wconf 92' lang='lat' dir='ltr'><strong>et</strong></span> <span class='ocrx_word' id='word_1_308' title='bbox 406 3813 730 3870; x_wconf 77' lang='lat' dir='ltr'><strong>aﬂ‘ectiones.</strong></span> <span class='ocrx_word' id='word_1_309' title='bbox 760 3814 866 3870; x_wconf 85' lang='lat' dir='ltr'><strong>Nec</strong></span> <span class='ocrx_word' id='word_1_310' title='bbox 885 3814 1083 3871; x_wconf 89' lang='lat' dir='ltr'><strong>sufficit</strong></span> <span class='ocrx_word' id='word_1_311' title='bbox 1109 3815 1177 3871; x_wconf 89' lang='lat' dir='ltr'><strong>ab</strong></span> <span class='ocrx_word' id='word_1_312' title='bbox 1198 3816 1365 3870; x_wconf 90' lang='lat' dir='ltr'><strong>altero</strong></span> <span class='ocrx_word' id='word_1_313' title='bbox 1386 3831 1645 3883; x_wconf 88' lang='lat' dir='ltr'><strong>recessus,</strong></span> 
     </span>
    </p>
   </div>
   <div class='ocr_carea' id='block_1_39' title="bbox 81 3906 1645 3973">
    <p class='ocr_par' dir='ltr' id='par_1_39' title="bbox 81 3906 1645 3973">
     <span class='ocr_line' id='line_1_39' title="bbox 81 3906 1645 3973; baseline 0.001 -13"><span class='ocrx_word' id='word_1_314' title='bbox 81 3918 139 3961; x_wconf 92' lang='lat' dir='ltr'><strong>ut</strong></span> <span class='ocrx_word' id='word_1_315' title='bbox 178 3907 339 3961; x_wconf 87' lang='lat' dir='ltr'><strong>nobis</strong></span> <span class='ocrx_word' id='word_1_316' title='bbox 377 3906 599 3961; x_wconf 85' lang='lat' dir='ltr'><strong>alterius</strong></span> <span class='ocrx_word' id='word_1_317' title='bbox 637 3906 870 3960; x_wconf 88' lang='lat' dir='ltr'><strong>habitum</strong></span> <span class='ocrx_word' id='word_1_318' title='bbox 911 3921 1093 3961; x_wconf 88' lang='lat' dir='ltr'><strong>rursus</strong></span> <span class='ocrx_word' id='word_1_319' title='bbox 1117 3909 1523 3973; x_wconf 80' lang='lat' dir='ltr'><strong>consutuamus;</strong></span> <span class='ocrx_word' id='word_1_320' title='bbox 1553 3909 1645 3963; x_wconf 91' lang='lat' dir='ltr'><strong>sed</strong></span> 
     </span>
    </p>
   </div>
   <div class='ocr_carea' id='block_1_40' title="bbox 79 3998 1645 4069">
    <p class='ocr_par' dir='ltr' id='par_1_40' title="bbox 79 3998 1645 4069">
     <span class='ocr_line' id='line_1_40' title="bbox 79 3998 1645 4069; baseline -0.001 -13"><span class='ocrx_word' id='word_1_321' title='bbox 79 4017 271 4056; x_wconf 75' lang='lat' dir='ltr'><strong>rursus</strong></span> <span class='ocrx_word' id='word_1_322' title='bbox 301 4015 439 4069; x_wconf 92' lang='lat' dir='ltr'><strong>opus</strong></span> <span class='ocrx_word' id='word_1_323' title='bbox 463 4010 546 4055; x_wconf 88' lang='lat' dir='ltr'><strong>est</strong></span> <span class='ocrx_word' id='word_1_324' title='bbox 568 3998 797 4069; x_wconf 88' lang='lat' dir='ltr'><strong>quodam</strong></span> <span class='ocrx_word' id='word_1_325' title='bbox 826 4006 993 4063; x_wconf 92' lang='lat' dir='ltr'><strong>motu,</strong></span> <span class='ocrx_word' id='word_1_326' title='bbox 1024 4007 1078 4053; x_wconf 91' lang='lat' dir='ltr'><strong>et</strong></span> <span class='ocrx_word' id='word_1_327' title='bbox 1106 4013 1210 4052; x_wconf 90' lang='lat' dir='ltr'><strong>non</strong></span> <span class='ocrx_word' id='word_1_328' title='bbox 1237 3999 1426 4053; x_wconf 91' lang='lat' dir='ltr'><strong>minori</strong></span> <span class='ocrx_word' id='word_1_329' title='bbox 1454 3999 1645 4054; x_wconf 89' lang='lat' dir='ltr'><strong>alacri-</strong></span> 
     </span>
    </p>
   </div>
   <div class='ocr_carea' id='block_1_41' title="bbox 79 4090 1646 4163">
    <p class='ocr_par' dir='ltr' id='par_1_41' title="bbox 79 4090 1646 4163">
     <span class='ocr_line' id='line_1_41' title="bbox 79 4090 1646 4163; baseline 0 -16"><span class='ocrx_word' id='word_1_330' title='bbox 79 4104 189 4148; x_wconf 80' lang='lat' dir='ltr'><strong>tate</strong></span> <span class='ocrx_word' id='word_1_331' title='bbox 232 4108 397 4163; x_wconf 88' lang='lat' dir='ltr'><strong>quam</strong></span> <span class='ocrx_word' id='word_1_332' title='bbox 440 4092 496 4147; x_wconf 89' lang='lat' dir='ltr'><strong>in</strong></span> <span class='ocrx_word' id='word_1_333' title='bbox 539 4090 801 4162; x_wconf 78' lang='lat' dir='ltr'><strong>fugiendis</strong></span> <span class='ocrx_word' id='word_1_334' title='bbox 830 4090 1002 4156; x_wconf 86' lang='lat' dir='ltr'><strong>malis,</strong></span> <span class='ocrx_word' id='word_1_335' title='bbox 1033 4100 1090 4145; x_wconf 91' lang='lat' dir='ltr'><strong>ut</strong></span> <span class='ocrx_word' id='word_1_336' title='bbox 1118 4092 1171 4144; x_wconf 92' lang='lat' dir='ltr'><strong>in</strong></span> <span class='ocrx_word' id='word_1_337' title='bbox 1198 4090 1452 4145; x_wconf 90' lang='lat' dir='ltr'><strong>bonorum</strong></span> <span class='ocrx_word' id='word_1_338' title='bbox 1482 4092 1646 4147; x_wconf 89' lang='lat' dir='ltr'><strong>simus</strong></span> 
     </span>
    </p>
   </div>
   <div class='ocr_carea' id='block_1_42' title="bbox 75 4182 1644 4255">
    <p class='ocr_par' dir='ltr' id='par_1_42' title="bbox 75 4182 1644 4255">
     <span class='ocr_line' id='line_1_42' title="bbox 75 4182 1644 4255; baseline -0.001 -17"><span class='ocrx_word' id='word_1_339' title='bbox 75 4186 449 4255; x_wconf 78' lang='lat' dir='ltr'><strong>possessione.</strong></span> <span class='ocrx_word' id='word_1_340' title='bbox 480 4183 693 4239; x_wconf 86' lang='lat' dir='ltr'><strong>Etenim</strong></span> <span class='ocrx_word' id='word_1_341' title='bbox 720 4183 772 4237; x_wconf 93' lang='lat' dir='ltr'><strong>in</strong></span> <span class='ocrx_word' id='word_1_342' title='bbox 801 4197 1044 4253; x_wconf 91' lang='lat' dir='ltr'><strong>corpore,</strong></span> <span class='ocrx_word' id='word_1_343' title='bbox 1076 4182 1121 4236; x_wconf 90' lang='lat' dir='ltr'><strong>si</strong></span> <span class='ocrx_word' id='word_1_344' title='bbox 1157 4182 1305 4253; x_wconf 89' lang='lat' dir='ltr'><strong>niger</strong></span> <span class='ocrx_word' id='word_1_345' title='bbox 1329 4183 1484 4238; x_wconf 90' lang='lat' dir='ltr'><strong>fuerit</strong></span> <span class='ocrx_word' id='word_1_346' title='bbox 1511 4182 1644 4238; x_wconf 91' lang='lat' dir='ltr'><strong>libe-</strong></span> 
     </span>
    </p>
   </div>
   <div class='ocr_carea' id='block_1_43' title="bbox 74 4271 1640 4345">
    <p class='ocr_par' dir='ltr' id='par_1_43' title="bbox 74 4271 1640 4345">
     <span class='ocr_line' id='line_1_43' title="bbox 74 4271 1640 4345; baseline -0.001 -16"><span class='ocrx_word' id='word_1_347' title='bbox 74 4288 233 4330; x_wconf 86' lang='lat' dir='ltr'><strong>ratus</strong></span> <span class='ocrx_word' id='word_1_348' title='bbox 260 4276 327 4329; x_wconf 87' lang='lat' dir='ltr'><strong>ab</strong></span> <span class='ocrx_word' id='word_1_349' title='bbox 352 4274 454 4330; x_wconf 90' lang='lat' dir='ltr'><strong>hac</strong></span> <span class='ocrx_word' id='word_1_350' title='bbox 480 4274 750 4345; x_wconf 86' lang='lat' dir='ltr'><strong>qualitate,</strong></span> <span class='ocrx_word' id='word_1_351' title='bbox 780 4288 884 4327; x_wconf 93' lang='lat' dir='ltr'><strong>non</strong></span> <span class='ocrx_word' id='word_1_352' title='bbox 909 4273 1150 4343; x_wconf 87' lang='lat' dir='ltr'><strong>protinus</strong></span> <span class='ocrx_word' id='word_1_353' title='bbox 1170 4271 1337 4328; x_wconf 84' lang='lat' dir='ltr'><strong>factus</strong></span> <span class='ocrx_word' id='word_1_354' title='bbox 1363 4282 1447 4329; x_wconf 90' lang='lat' dir='ltr'><strong>est</strong></span> <span class='ocrx_word' id='word_1_355' title='bbox 1471 4273 1640 4328; x_wconf 91' lang='lat' dir='ltr'><strong>albus.</strong></span> 
     </span>
    </p>
   </div>
   <div class='ocr_carea' id='block_1_44' title="bbox 72 4362 1643 4433">
    <p class='ocr_par' dir='ltr' id='par_1_44' title="bbox 72 4362 1643 4433">
     <span class='ocr_line' id='line_1_44' title="bbox 72 4362 1643 4433; baseline 0 -15"><span class='ocrx_word' id='word_1_356' title='bbox 72 4366 194 4420; x_wconf 89' lang='lat' dir='ltr'><strong>lmo</strong></span> <span class='ocrx_word' id='word_1_357' title='bbox 214 4380 347 4420; x_wconf 88' lang='lat' dir='ltr'><strong>vero</strong></span> <span class='ocrx_word' id='word_1_358' title='bbox 366 4381 472 4420; x_wconf 91' lang='lat' dir='ltr'><strong>non</strong></span> <span class='ocrx_word' id='word_1_359' title='bbox 494 4366 544 4419; x_wconf 85' lang='lat' dir='ltr'><strong>in</strong></span> <span class='ocrx_word' id='word_1_360' title='bbox 566 4364 890 4418; x_wconf 87' lang='lat' dir='ltr'><strong>naturalibus</strong></span> <span class='ocrx_word' id='word_1_361' title='bbox 911 4363 963 4418; x_wconf 90' lang='lat' dir='ltr'><strong>id</strong></span> <span class='ocrx_word' id='word_1_362' title='bbox 983 4364 1121 4433; x_wconf 90' lang='lat' dir='ltr'><strong>quod</strong></span> <span class='ocrx_word' id='word_1_363' title='bbox 1149 4362 1338 4418; x_wconf 81' lang='lat' dir='ltr'><strong>dicitur</strong></span> <span class='ocrx_word' id='word_1_364' title='bbox 1364 4364 1643 4433; x_wconf 87' lang='lat' dir='ltr'><strong>agitemus,</strong></span> 
     </span>
    </p>
   </div>
   <div class='ocr_carea' id='block_1_45' title="bbox 69 4454 1646 4526">
    <p class='ocr_par' dir='ltr' id='par_1_45' title="bbox 69 4454 1646 4526">
     <span class='ocr_line' id='line_1_45' title="bbox 69 4454 1646 4526; baseline -0.002 -14"><span class='ocrx_word' id='word_1_365' title='bbox 69 4458 176 4512; x_wconf 84' lang='lat' dir='ltr'><strong>sed</strong></span> <span class='ocrx_word' id='word_1_366' title='bbox 235 4457 535 4526; x_wconf 87' lang='lat' dir='ltr'><strong>exemplum</strong></span> <span class='ocrx_word' id='word_1_367' title='bbox 573 4456 897 4511; x_wconf 73' lang='lat' dir='ltr'><strong>adducamus</strong></span> <span class='ocrx_word' id='word_1_368' title='bbox 923 4454 974 4509; x_wconf 92' lang='lat' dir='ltr'><strong>in</strong></span> <span class='ocrx_word' id='word_1_369' title='bbox 1004 4456 1066 4509; x_wconf 93' lang='lat' dir='ltr'><strong>iis</strong></span> <span class='ocrx_word' id='word_1_370' title='bbox 1091 4470 1209 4524; x_wconf 78' lang='lat' dir='ltr'><strong>qua:</strong></span> <span class='ocrx_word' id='word_1_371' title='bbox 1238 4456 1367 4508; x_wconf 89' lang='lat' dir='ltr'><strong>fiunt</strong></span> <span class='ocrx_word' id='word_1_372' title='bbox 1393 4471 1457 4509; x_wconf 90' lang='lat' dir='ltr'><strong>ex</strong></span> <span class='ocrx_word' id='word_1_373' title='bbox 1484 4454 1646 4510; x_wconf 89' lang='lat' dir='ltr'><strong>animi</strong></span> 
     </span>
    </p>
   </div>
   <div class='ocr_carea' id='block_1_46' title="bbox 65 4548 1662 4618">
    <p class='ocr_par' dir='ltr' id='par_1_46' title="bbox 65 4548 1662 4618">
     <span class='ocr_line' id='line_1_46' title="bbox 65 4548 1662 4618; baseline -0.001 -12"><span class='ocrx_word' id='word_1_374' title='bbox 65 4549 339 4606; x_wconf 69' lang='lat' dir='ltr'><strong>instituto</strong></span> <span class='ocrx_word' id='word_1_375' title='bbox 363 4559 417 4603; x_wconf 90' lang='lat' dir='ltr'><strong>et</strong></span> <span class='ocrx_word' id='word_1_376' title='bbox 442 4549 601 4603; x_wconf 90' lang='lat' dir='ltr'><strong>libero</strong></span> <span class='ocrx_word' id='word_1_377' title='bbox 620 4549 837 4603; x_wconf 90' lang='lat' dir='ltr'><strong>arbitrio</strong></span> <span class='ocrx_word' id='word_1_378' title='bbox 861 4566 875 4603; x_wconf 90' lang='lat'><strong>:</strong></span> <span class='ocrx_word' id='word_1_379' title='bbox 899 4548 988 4618; x_wconf 92' lang='lat' dir='ltr'><strong>qui</strong></span> <span class='ocrx_word' id='word_1_380' title='bbox 1015 4564 1117 4603; x_wconf 90' lang='lat' dir='ltr'><strong>non</strong></span> <span class='ocrx_word' id='word_1_381' title='bbox 1143 4556 1225 4603; x_wconf 89' lang='lat' dir='ltr'><strong>est</strong></span> <span class='ocrx_word' id='word_1_382' title='bbox 1252 4549 1514 4613; x_wconf 89' lang='lat' dir='ltr'><strong>inimicus,</strong></span> <span class='ocrx_word' id='word_1_383' title='bbox 1540 4564 1662 4604; x_wconf 89' lang='lat' dir='ltr'><strong>non-</strong></span> 
     </span>
    </p>
   </div>
   <div class='ocr_carea' id='block_1_47' title="bbox 64 4638 1646 4709">
    <p class='ocr_par' dir='ltr' id='par_1_47' title="bbox 64 4638 1646 4709">
     <span class='ocr_line' id='line_1_47' title="bbox 64 4638 1646 4709; baseline -0.001 -14"><span class='ocrx_word' id='word_1_384' title='bbox 64 4650 156 4695; x_wconf 91' lang='lat' dir='ltr'><strong>est</strong></span> <span class='ocrx_word' id='word_1_385' title='bbox 183 4640 415 4693; x_wconf 86' lang='lat' dir='ltr'><strong>omnino</strong></span> <span class='ocrx_word' id='word_1_386' title='bbox 438 4641 658 4706; x_wconf 87' lang='lat' dir='ltr'><strong>amicus,</strong></span> <span class='ocrx_word' id='word_1_387' title='bbox 676 4639 769 4694; x_wconf 87' lang='lat' dir='ltr'><strong>sed</strong></span> <span class='ocrx_word' id='word_1_388' title='bbox 789 4650 871 4694; x_wconf 90' lang='lat' dir='ltr'><strong>est</strong></span> <span class='ocrx_word' id='word_1_389' title='bbox 894 4639 1089 4708; x_wconf 89' lang='lat' dir='ltr'><strong>aliquid</strong></span> <span class='ocrx_word' id='word_1_390' title='bbox 1114 4638 1364 4703; x_wconf 91' lang='lat' dir='ltr'><strong>medium,</strong></span> <span class='ocrx_word' id='word_1_391' title='bbox 1388 4641 1527 4709; x_wconf 91' lang='lat' dir='ltr'><strong>quod</strong></span> <span class='ocrx_word' id='word_1_392' title='bbox 1550 4656 1646 4695; x_wconf 90' lang='lat' dir='ltr'><strong>nec</strong></span> 
     </span>
    </p>
   </div>
   <div class='ocr_carea' id='block_1_48' title="bbox 66 4731 1647 4801">
    <p class='ocr_par' dir='ltr' id='par_1_48' title="bbox 66 4731 1647 4801">
     <span class='ocr_line' id='line_1_48' title="bbox 66 4731 1647 4801; baseline 0.001 -16"><span class='ocrx_word' id='word_1_393' title='bbox 66 4731 483 4786; x_wconf 87' lang='lat' dir='ltr'><strong>inimicitiarum</strong></span> <span class='ocrx_word' id='word_1_394' title='bbox 522 4746 693 4800; x_wconf 90' lang='lat' dir='ltr'><strong>neque</strong></span> <span class='ocrx_word' id='word_1_395' title='bbox 734 4731 999 4795; x_wconf 68' lang='lat' dir='ltr'><strong>amicitiae,</strong></span> <span class='ocrx_word' id='word_1_396' title='bbox 1036 4732 1087 4785; x_wconf 94' lang='lat' dir='ltr'><strong>in</strong></span> <span class='ocrx_word' id='word_1_397' title='bbox 1127 4745 1233 4801; x_wconf 93' lang='lat' dir='ltr'><strong>quo</strong></span> <span class='ocrx_word' id='word_1_398' title='bbox 1272 4732 1499 4786; x_wconf 78' lang='lat' dir='ltr'><strong>maxime</strong></span> <span class='ocrx_word' id='word_1_399' title='bbox 1524 4740 1647 4786; x_wconf 91' lang='lat' dir='ltr'><strong>sunt</strong></span> 
     </span>
    </p>
   </div>
   <div class='ocr_carea' id='block_1_49' title="bbox 67 4819 1643 4893">
    <p class='ocr_par' dir='ltr' id='par_1_49' title="bbox 67 4819 1643 4893">
     <span class='ocr_line' id='line_1_49' title="bbox 67 4819 1643 4893; baseline 0.002 -18"><span class='ocrx_word' id='word_1_400' title='bbox 67 4825 266 4890; x_wconf 84' lang='lat' dir='ltr'><strong>plures</strong></span> <span class='ocrx_word' id='word_1_401' title='bbox 294 4820 435 4891; x_wconf 92' lang='lat' dir='ltr'><strong>apud</strong></span> <span class='ocrx_word' id='word_1_402' title='bbox 461 4835 562 4876; x_wconf 89' lang='lat' dir='ltr'><strong>nos</strong></span> <span class='ocrx_word' id='word_1_403' title='bbox 587 4819 847 4876; x_wconf 88' lang='lat' dir='ltr'><strong>homines.</strong></span> <span class='ocrx_word' id='word_1_404' title='bbox 892 4820 992 4888; x_wconf 85' lang='lat' dir='ltr'><strong>Qui</strong></span> <span class='ocrx_word' id='word_1_405' title='bbox 1021 4838 1124 4876; x_wconf 90' lang='lat' dir='ltr'><strong>non</strong></span> <span class='ocrx_word' id='word_1_406' title='bbox 1154 4822 1474 4893; x_wconf 86' lang='lat' dir='ltr'><strong>lacrymatur</strong></span> <span class='ocrx_word' id='word_1_407' title='bbox 1493 4862 1508 4887; x_wconf 96' lang='lat'><strong>,</strong></span> <span class='ocrx_word' id='word_1_408' title='bbox 1541 4839 1643 4878; x_wconf 91' lang='lat' dir='ltr'><strong>non</strong></span> 
     </span>
    </p>
   </div>
   <div class='ocr_carea' id='block_1_50' title="bbox 66 4894 1646 4979">
    <p class='ocr_par' dir='ltr' id='par_1_50' title="bbox 66 4894 1646 4979">
     <span class='ocr_line' id='line_1_50' title="bbox 66 4894 1646 4979; baseline 0.003 -13"><span class='ocrx_word' id='word_1_409' title='bbox 66 4914 237 4967; x_wconf 81' lang='lat' dir='ltr'><strong>etiam</strong></span> <span class='ocrx_word' id='word_1_410' title='bbox 280 4911 504 4966; x_wconf 85' lang='lat' dir='ltr'><strong>omnino</strong></span> <span class='ocrx_word' id='word_1_411' title='bbox 550 4911 704 4979; x_wconf 91' lang='lat' dir='ltr'><strong>ridet,</strong></span> <span class='ocrx_word' id='word_1_412' title='bbox 733 4911 828 4967; x_wconf 91' lang='lat' dir='ltr'><strong>sed</strong></span> <span class='ocrx_word' id='word_1_413' title='bbox 863 4924 945 4969; x_wconf 87' lang='lat' dir='ltr'><strong>est</strong></span> <span class='ocrx_word' id='word_1_414' title='bbox 978 4912 1181 4968; x_wconf 87' lang='lat' dir='ltr'><strong>medius</strong></span> <span class='ocrx_word' id='word_1_415' title='bbox 1217 4921 1407 4971; x_wconf 88' lang='lat' dir='ltr'><strong>status.</strong></span> <span class='ocrx_word' id='word_1_416' title='bbox 1446 4894 1520 4968; x_wconf 79' lang='lat' dir='ltr'><strong>ita</strong></span> <span class='ocrx_word' id='word_1_417' title='bbox 1560 4913 1646 4970; x_wconf 89' lang='lat' dir='ltr'><strong>hic</strong></span> 
     </span>
    </p>
   </div>
   <div class='ocr_carea' id='block_1_51' title="bbox 63 5004 1646 5074">
    <p class='ocr_par' dir='ltr' id='par_1_51' title="bbox 63 5004 1646 5074">
     <span class='ocr_line' id='line_1_51' title="bbox 63 5004 1646 5074; baseline 0.003 -17"><span class='ocrx_word' id='word_1_418' title='bbox 63 5019 293 5074; x_wconf 82' lang='lat' dir='ltr'><strong>quoque</strong></span> <span class='ocrx_word' id='word_1_419' title='bbox 322 5020 337 5058; x_wconf 91' lang='lat'>:</span> <span class='ocrx_word' id='word_1_420' title='bbox 369 5004 461 5074; x_wconf 92' lang='lat' dir='ltr'><strong>qui</strong></span> <span class='ocrx_word' id='word_1_421' title='bbox 484 5018 588 5057; x_wconf 91' lang='lat' dir='ltr'><strong>non</strong></span> <span class='ocrx_word' id='word_1_422' title='bbox 616 5015 695 5057; x_wconf 88' lang='lat' dir='ltr'><strong>est</strong></span> <span class='ocrx_word' id='word_1_423' title='bbox 718 5019 949 5071; x_wconf 89' lang='lat' dir='ltr'><strong>amarus,</strong></span> <span class='ocrx_word' id='word_1_424' title='bbox 972 5019 1078 5059; x_wconf 89' lang='lat' dir='ltr'><strong>non</strong></span> <span class='ocrx_word' id='word_1_425' title='bbox 1103 5015 1273 5059; x_wconf 87' lang='lat' dir='ltr'><strong>tamen</strong></span> <span class='ocrx_word' id='word_1_426' title='bbox 1302 5014 1384 5059; x_wconf 88' lang='lat' dir='ltr'><strong>est</strong></span> <span class='ocrx_word' id='word_1_427' title='bbox 1408 5007 1573 5060; x_wconf 91' lang='lat' dir='ltr'><strong>comis</strong></span> <span class='ocrx_word' id='word_1_428' title='bbox 1593 5014 1646 5061; x_wconf 84' lang='lat' dir='ltr'><strong>et</strong></span> 
     </span>
    </p>
   </div>
   <div class='ocr_carea' id='block_1_52' title="bbox 65 5093 1645 5164">
    <p class='ocr_par' dir='ltr' id='par_1_52' title="bbox 65 5093 1645 5164">
     <span class='ocr_line' id='line_1_52' title="bbox 65 5093 1645 5164; baseline 0.003 -18"><span class='ocrx_word' id='word_1_429' title='bbox 65 5094 379 5164; x_wconf 78' lang='lat' dir='ltr'><strong>benignus;</strong></span> <span class='ocrx_word' id='word_1_430' title='bbox 409 5108 582 5163; x_wconf 89' lang='lat' dir='ltr'><strong>neque</strong></span> <span class='ocrx_word' id='word_1_431' title='bbox 606 5093 696 5162; x_wconf 90' lang='lat' dir='ltr'><strong>qui</strong></span> <span class='ocrx_word' id='word_1_432' title='bbox 724 5110 827 5149; x_wconf 91' lang='lat' dir='ltr'><strong>non</strong></span> <span class='ocrx_word' id='word_1_433' title='bbox 854 5104 936 5149; x_wconf 88' lang='lat' dir='ltr'><strong>est</strong></span> <span class='ocrx_word' id='word_1_434' title='bbox 955 5094 1236 5149; x_wconf 91' lang='lat' dir='ltr'><strong>iracundus</strong></span> <span class='ocrx_word' id='word_1_435' title='bbox 1258 5137 1273 5161; x_wconf 95' lang='lat'><strong>,</strong></span> <span class='ocrx_word' id='word_1_436' title='bbox 1317 5106 1397 5151; x_wconf 88' lang='lat' dir='ltr'><strong>est</strong></span> <span class='ocrx_word' id='word_1_437' title='bbox 1425 5097 1565 5151; x_wconf 90' lang='lat' dir='ltr'><strong>mitis</strong></span> <span class='ocrx_word' id='word_1_438' title='bbox 1592 5106 1645 5151; x_wconf 90' lang='lat' dir='ltr'><strong>et</strong></span> 
     </span>
    </p>
   </div>
   <div class='ocr_carea' id='block_1_53' title="bbox 64 5183 1644 5256">
    <p class='ocr_par' dir='ltr' id='par_1_53' title="bbox 64 5183 1644 5256">
     <span class='ocr_line' id='line_1_53' title="bbox 64 5183 1644 5256; baseline 0.004 -20"><span class='ocrx_word' id='word_1_439' title='bbox 64 5186 389 5240; x_wconf 82' lang='lat' dir='ltr'><strong>misericors</strong></span> <span class='ocrx_word' id='word_1_440' title='bbox 421 5200 437 5238; x_wconf 90' lang='lat'><strong>:</strong></span> <span class='ocrx_word' id='word_1_441' title='bbox 469 5183 564 5239; x_wconf 91' lang='lat' dir='ltr'><strong>sed</strong></span> <span class='ocrx_word' id='word_1_442' title='bbox 592 5184 699 5240; x_wconf 88' lang='lat' dir='ltr'><strong>alio</strong></span> <span class='ocrx_word' id='word_1_443' title='bbox 723 5200 906 5241; x_wconf 90' lang='lat' dir='ltr'><strong>rursus</strong></span> <span class='ocrx_word' id='word_1_444' title='bbox 932 5184 1108 5241; x_wconf 90' lang='lat' dir='ltr'><strong>studio</strong></span> <span class='ocrx_word' id='word_1_445' title='bbox 1131 5200 1263 5256; x_wconf 89' lang='lat' dir='ltr'><strong>opus</strong></span> <span class='ocrx_word' id='word_1_446' title='bbox 1288 5195 1402 5253; x_wconf 88' lang='lat' dir='ltr'><strong>est,</strong></span> <span class='ocrx_word' id='word_1_447' title='bbox 1443 5197 1499 5241; x_wconf 92' lang='lat' dir='ltr'><strong>ut</strong></span> <span class='ocrx_word' id='word_1_448' title='bbox 1541 5187 1644 5243; x_wconf 85' lang='lat' dir='ltr'><strong>hoc</strong></span> 
     </span>
    </p>
   </div>
   <div class='ocr_carea' id='block_1_54' title="bbox 64 5277 662 5345">
    <p class='ocr_par' dir='ltr' id='par_1_54' title="bbox 64 5277 662 5345">
     <span class='ocr_line' id='line_1_54' title="bbox 64 5277 662 5345; baseline 0.003 -17"><span class='ocrx_word' id='word_1_449' title='bbox 64 5278 267 5330; x_wconf 72' lang='lat' dir='ltr'><strong>borium</strong></span> <span class='ocrx_word' id='word_1_450' title='bbox 304 5277 662 5345; x_wconf 89' lang='lat' dir='ltr'><strong>acquiramus.</strong></span> 
     </span>
    </p>
   </div>
   <div class='ocr_carea' id='block_1_55' title="bbox 134 5367 1640 5440">
    <p class='ocr_par' dir='ltr' id='par_1_55' title="bbox 134 5367 1640 5440">
     <span class='ocr_line' id='line_1_55' title="bbox 134 5367 1640 5440; baseline 0.001 -19"><span class='ocrx_word' id='word_1_451' title='bbox 134 5367 330 5421; x_wconf 66' lang='lat' dir='ltr'><strong>Virtus</strong></span> <span class='ocrx_word' id='word_1_452' title='bbox 348 5370 632 5433; x_wconf 82' lang='lat' dir='ltr'><strong>inserenda,</strong></span> <span class='ocrx_word' id='word_1_453' title='bbox 657 5368 775 5421; x_wconf 81' lang='lat' dir='ltr'><strong>vitia</strong></span> <span class='ocrx_word' id='word_1_454' title='bbox 794 5369 1069 5424; x_wconf 75' lang='lat' dir='ltr'><strong>euellenda.</strong></span> <span class='ocrx_word' id='word_1_455' title='bbox 1095 5368 1232 5425; x_wconf 82' lang='lat' dir='ltr'><strong>Ultio</strong></span> <span class='ocrx_word' id='word_1_456' title='bbox 1252 5385 1384 5434; x_wconf 84' lang='lat' dir='ltr'><strong>vera,</strong></span> <span class='ocrx_word' id='word_1_457' title='bbox 1402 5370 1527 5425; x_wconf 87' lang='lat' dir='ltr'><strong>bona</strong></span> <span class='ocrx_word' id='word_1_458' title='bbox 1549 5386 1640 5440; x_wconf 79' lang='lat' dir='ltr'><strong>pro</strong></span> 
     </span>
    </p>
   </div>
   <div class='ocr_carea' id='block_1_56' title="bbox 62 5460 1641 5530">
    <p class='ocr_par' dir='ltr' id='par_1_56' title="bbox 62 5460 1641 5530">
     <span class='ocr_line' id='line_1_56' title="bbox 62 5460 1641 5530; baseline 0.001 -19"><span class='ocrx_word' id='word_1_459' title='bbox 62 5461 213 5514; x_wconf 78' lang='lat' dir='ltr'><strong>malis</strong></span> <span class='ocrx_word' id='word_1_460' title='bbox 257 5460 559 5529; x_wconf 78' lang='lat' dir='ltr'><strong>rependere.</strong></span> <span class='ocrx_word' id='word_1_461' title='bbox 592 5489 662 5500; x_wconf 89' lang='lat'>—</span> <span class='ocrx_word' id='word_1_462' title='bbox 692 5460 821 5515; x_wconf 75' lang='lat' dir='ltr'><strong>Vide</strong></span> <span class='ocrx_word' id='word_1_463' title='bbox 854 5472 1029 5515; x_wconf 89' lang='lat' dir='ltr'><strong>autem</strong></span> <span class='ocrx_word' id='word_1_464' title='bbox 1070 5476 1227 5530; x_wconf 89' lang='lat' dir='ltr'><strong>quam</strong></span> <span class='ocrx_word' id='word_1_465' title='bbox 1262 5460 1641 5515; x_wconf 74' lang='lat' dir='ltr'><strong>conuenienter</strong></span> 
     </span>
    </p>
   </div>
   <div class='ocr_carea' id='block_1_57' title="bbox 61 5551 1639 5624">
    <p class='ocr_par' dir='ltr' id='par_1_57' title="bbox 61 5551 1639 5624">
     <span class='ocr_line' id='line_1_57' title="bbox 61 5551 1639 5624; baseline 0 -17"><span class='ocrx_word' id='word_1_466' title='bbox 61 5552 161 5622; x_wconf 75' lang='lat' dir='ltr'><strong>legi</strong></span> <span class='ocrx_word' id='word_1_467' title='bbox 201 5551 437 5624; x_wconf 70' lang='lat' dir='ltr'><strong>optimae</strong></span> <span class='ocrx_word' id='word_1_468' title='bbox 472 5552 807 5623; x_wconf 70' lang='lat' dir='ltr'><strong>agricultura:</strong></span> <span class='ocrx_word' id='word_1_469' title='bbox 846 5554 1032 5608; x_wconf 88' lang='lat' dir='ltr'><strong>beatus</strong></span> <span class='ocrx_word' id='word_1_470' title='bbox 1070 5553 1263 5609; x_wconf 87' lang='lat' dir='ltr'><strong>Paulus</strong></span> <span class='ocrx_word' id='word_1_471' title='bbox 1305 5562 1499 5609; x_wconf 90' lang='lat' dir='ltr'><strong>terram</strong></span> <span class='ocrx_word' id='word_1_472' title='bbox 1539 5553 1639 5607; x_wconf 91' lang='lat' dir='ltr'><strong>sibi</strong></span> 
     </span>
    </p>
   </div>
   <div class='ocr_carea' id='block_1_58' title="bbox 62 5642 1637 5714">
    <p class='ocr_par' dir='ltr' id='par_1_58' title="bbox 62 5642 1637 5714">
     <span class='ocr_line' id='line_1_58' title="bbox 62 5642 1637 5714; baseline 0 -16"><span class='ocrx_word' id='word_1_473' title='bbox 62 5644 331 5699; x_wconf 82' lang='lat' dir='ltr'><strong>creditam</strong></span> <span class='ocrx_word' id='word_1_474' title='bbox 359 5642 436 5697; x_wconf 86' lang='lat' dir='ltr'><strong>ab</strong></span> <span class='ocrx_word' id='word_1_475' title='bbox 470 5643 723 5712; x_wconf 87' lang='lat' dir='ltr'><strong>egricola,</strong></span> <span class='ocrx_word' id='word_1_476' title='bbox 752 5654 1006 5714; x_wconf 86' lang='lat' dir='ltr'><strong>expurgat</strong></span> <span class='ocrx_word' id='word_1_477' title='bbox 1028 5653 1083 5700; x_wconf 88' lang='lat' dir='ltr'><strong>et</strong></span> <span class='ocrx_word' id='word_1_478' title='bbox 1106 5653 1373 5714; x_wconf 87' lang='lat' dir='ltr'><strong>operatur.</strong></span> <span class='ocrx_word' id='word_1_479' title='bbox 1418 5643 1637 5698; x_wconf 89' lang='lat' dir='ltr'><strong>Sustulit</strong></span> 
     </span>
    </p>
   </div>
   <div class='ocr_carea' id='block_1_59' title="bbox 63 5728 1641 5809">
    <p class='ocr_par' dir='ltr' id='par_1_59' title="bbox 63 5728 1641 5809">
     <span class='ocr_line' id='line_1_59' title="bbox 63 5728 1641 5809; baseline 0 -20"><span class='ocrx_word' id='word_1_480' title='bbox 63 5736 278 5791; x_wconf 82' lang='lat' dir='ltr'><strong>semina</strong></span> <span class='ocrx_word' id='word_1_481' title='bbox 309 5734 631 5802; x_wconf 89' lang='lat' dir='ltr'><strong>adulterina,</strong></span> <span class='ocrx_word' id='word_1_482' title='bbox 660 5735 727 5791; x_wconf 93' lang='lat' dir='ltr'><strong>de</strong></span> <span class='ocrx_word' id='word_1_483' title='bbox 746 5747 940 5792; x_wconf 69' lang='lat' dir='ltr'><strong>caetero</strong></span> <span class='ocrx_word' id='word_1_484' title='bbox 966 5747 1115 5809; x_wconf 90' lang='lat' dir='ltr'><strong>rogat</strong></span> <span class='ocrx_word' id='word_1_485' title='bbox 1140 5746 1196 5792; x_wconf 91' lang='lat' dir='ltr'><strong>ut</strong></span> <span class='ocrx_word' id='word_1_486' title='bbox 1215 5753 1367 5794; x_wconf 88' lang='lat' dir='ltr'><strong>veras</strong></span> <span class='ocrx_word' id='word_1_487' title='bbox 1392 5748 1446 5793; x_wconf 90' lang='lat' dir='ltr'><strong>et</strong></span> <span class='ocrx_word' id='word_1_488' title='bbox 1468 5728 1641 5791; x_wconf 81' lang='lat' dir='ltr'><strong>since-</strong></span> 
     </span>
    </p>
   </div>
   <div class='ocr_carea' id='block_1_60' title="bbox 60 5827 1634 5902">
    <p class='ocr_par' dir='ltr' id='par_1_60' title="bbox 60 5827 1634 5902">
     <span class='ocr_line' id='line_1_60' title="bbox 60 5827 1634 5902; baseline 0.001 -21"><span class='ocrx_word' id='word_1_489' title='bbox 60 5843 142 5882; x_wconf 78' lang='lat' dir='ltr'><strong>ras</strong></span> <span class='ocrx_word' id='word_1_490' title='bbox 188 5830 417 5899; x_wconf 80' lang='lat' dir='ltr'><strong>plantas</strong></span> <span class='ocrx_word' id='word_1_491' title='bbox 461 5835 680 5884; x_wconf 80' lang='lat' dir='ltr'><strong>teneat:</strong></span> <span class='ocrx_word' id='word_1_492' title='bbox 711 5828 897 5897; x_wconf 81' lang='lat' dir='ltr'><strong>Estote,</strong></span> <span class='ocrx_word' id='word_1_493' title='bbox 938 5830 1121 5901; x_wconf 85' lang='lat' dir='ltr'><strong>inquit,</strong></span> <span class='ocrx_word' id='word_1_494' title='bbox 1163 5829 1380 5902; x_wconf 83' lang='lat' dir='ltr'><strong>benigni.</strong></span> <span class='ocrx_word' id='word_1_495' title='bbox 1418 5827 1548 5885; x_wconf 84' lang='lat' dir='ltr'><strong>Nam</strong></span> <span class='ocrx_word' id='word_1_496' title='bbox 1588 5828 1634 5883; x_wconf 90' lang='lat' dir='ltr'><strong>si</strong></span> 
     </span>
    </p>
   </div>
   <div class='ocr_carea' id='block_1_61' title="bbox 3215 451 3316 505">
    <p class='ocr_par' dir='ltr' id='par_1_61' title="bbox 3215 451 3316 505">
     <span class='ocr_line' id='line_1_61' title="bbox 3215 451 3316 505; baseline 0.01 -1"><span class='ocrx_word' id='word_1_497' title='bbox 3215 451 3316 505; x_wconf 71' lang='grc' dir='ltr'><strong>ιη</strong></span> 
     </span>
    </p>
   </div>
   <div class='ocr_carea' id='block_1_62' title="bbox 1765 535 3314 604">
    <p class='ocr_par' dir='ltr' id='par_1_62' title="bbox 1765 535 3314 604">
     <span class='ocr_line' id='line_1_62' title="bbox 1765 535 3314 604; baseline 0.008 -17"><span class='ocrx_word' id='word_1_498' title='bbox 1765 535 1931 603; x_wconf 88' lang='lat' dir='ltr'><strong>spinis</strong></span> <span class='ocrx_word' id='word_1_499' title='bbox 1959 535 2154 590; x_wconf 83' lang='lat' dir='ltr'><strong>evulsis</strong></span> <span class='ocrx_word' id='word_1_500' title='bbox 2178 547 2315 591; x_wconf 88' lang='lat' dir='ltr'><strong>terra</strong></span> <span class='ocrx_word' id='word_1_501' title='bbox 2345 548 2555 593; x_wconf 78' lang='lat' dir='ltr'><strong>maneat</strong></span> <span class='ocrx_word' id='word_1_502' title='bbox 2578 540 2744 595; x_wconf 90' lang='lat' dir='ltr'><strong>otiosa</strong></span> <span class='ocrx_word' id='word_1_503' title='bbox 2764 579 2779 604; x_wconf 93' lang='lat'><strong>,</strong></span> <span class='ocrx_word' id='word_1_504' title='bbox 2820 541 2951 597; x_wconf 87' lang='lat' dir='ltr'><strong>feret</strong></span> <span class='ocrx_word' id='word_1_505' title='bbox 2979 557 3162 600; x_wconf 80' lang='lat' dir='ltr'><strong>rursus</strong></span> <span class='ocrx_word' id='word_1_506' title='bbox 3190 544 3314 599; x_wconf 86' lang='lat' dir='ltr'><strong>lter-</strong></span> 
     </span>
    </p>
   </div>
   <div class='ocr_carea' id='block_1_63' title="bbox 1763 624 3316 702">
    <p class='ocr_par' dir='ltr' id='par_1_63' title="bbox 1763 624 3316 702">
     <span class='ocr_line' id='line_1_63' title="bbox 1763 624 3316 702; baseline 0.006 -23"><span class='ocrx_word' id='word_1_507' title='bbox 1763 624 1860 679; x_wconf 88' lang='lat' dir='ltr'><strong>bas</strong></span> <span class='ocrx_word' id='word_1_508' title='bbox 1910 626 2139 681; x_wconf 91' lang='lat' dir='ltr'><strong>inutiles.</strong></span> <span class='ocrx_word' id='word_1_509' title='bbox 2192 627 2543 694; x_wconf 86' lang='lat' dir='ltr'><strong>Quamobrem</strong></span> <span class='ocrx_word' id='word_1_510' title='bbox 2595 630 2708 700; x_wconf 82' lang='lat' dir='ltr'><strong>ejus</strong></span> <span class='ocrx_word' id='word_1_511' title='bbox 2756 633 2907 702; x_wconf 89' lang='lat' dir='ltr'><strong>quies</strong></span> <span class='ocrx_word' id='word_1_512' title='bbox 2940 643 2995 687; x_wconf 92' lang='lat' dir='ltr'><strong>et</strong></span> <span class='ocrx_word' id='word_1_513' title='bbox 3031 635 3194 688; x_wconf 91' lang='lat' dir='ltr'><strong>otium</strong></span> <span class='ocrx_word' id='word_1_514' title='bbox 3234 644 3316 690; x_wconf 87' lang='lat' dir='ltr'><strong>est</strong></span> 
     </span>
    </p>
   </div>
   <div class='ocr_carea' id='block_1_64' title="bbox 1761 717 3313 793">
    <p class='ocr_par' dir='ltr' id='par_1_64' title="bbox 1761 717 3313 793">
     <span class='ocr_line' id='line_1_64' title="bbox 1761 717 3313 793; baseline 0.007 -25"><span class='ocrx_word' id='word_1_515' title='bbox 1761 717 2233 786; x_wconf 69' lang='lat' dir='ltr'><strong>prmoccupandum</strong></span> <span class='ocrx_word' id='word_1_516' title='bbox 2285 719 2544 774; x_wconf 89' lang='lat' dir='ltr'><strong>bonorum</strong></span> <span class='ocrx_word' id='word_1_517' title='bbox 2594 722 2856 777; x_wconf 89' lang='lat' dir='ltr'><strong>seminum</strong></span> <span class='ocrx_word' id='word_1_518' title='bbox 2911 732 2964 778; x_wconf 89' lang='lat' dir='ltr'><strong>et</strong></span> <span class='ocrx_word' id='word_1_519' title='bbox 3016 725 3313 793; x_wconf 88' lang='lat' dir='ltr'><strong>plantarmu</strong></span> 
     </span>
    </p>
   </div>
   <div class='ocr_carea' id='block_1_65' title="bbox 1760 805 3307 883">
    <p class='ocr_par' dir='ltr' id='par_1_65' title="bbox 1760 805 3307 883">
     <span class='ocr_line' id='line_1_65' title="bbox 1760 805 3307 883; baseline 0.004 -22"><span class='ocrx_word' id='word_1_520' title='bbox 1760 805 2074 875; x_wconf 87' lang='lat' dir='ltr'><strong>dejectione.</strong></span> <span class='ocrx_word' id='word_1_521' title='bbox 2105 808 2326 865; x_wconf 88' lang='lat' dir='ltr'><strong>Sustulit</strong></span> <span class='ocrx_word' id='word_1_522' title='bbox 2350 810 2498 875; x_wconf 90' lang='lat' dir='ltr'><strong>iram,</strong></span> <span class='ocrx_word' id='word_1_523' title='bbox 2533 813 2704 880; x_wconf 79' lang='lat' dir='ltr'><strong>posuit</strong></span> <span class='ocrx_word' id='word_1_524' title='bbox 2732 812 3104 883; x_wconf 86' lang='lat' dir='ltr'><strong>benignitatem</strong></span> <span class='ocrx_word' id='word_1_525' title='bbox 3138 831 3150 867; x_wconf 90' lang='lat'><strong>:</strong></span> <span class='ocrx_word' id='word_1_526' title='bbox 3183 828 3307 868; x_wconf 88' lang='lat' dir='ltr'><strong>sus-</strong></span> 
     </span>
    </p>
   </div>
   <div class='ocr_carea' id='block_1_66' title="bbox 1760 899 3313 971">
    <p class='ocr_par' dir='ltr' id='par_1_66' title="bbox 1760 899 3313 971">
     <span class='ocr_line' id='line_1_66' title="bbox 1760 899 3313 971; baseline 0.005 -19"><span class='ocrx_word' id='word_1_527' title='bbox 1760 899 1878 953; x_wconf 90' lang='lat' dir='ltr'><strong>tulit</strong></span> <span class='ocrx_word' id='word_1_528' title='bbox 1920 901 2342 969; x_wconf 86' lang='lat' dir='ltr'><strong>amaritudinem,</strong></span> <span class='ocrx_word' id='word_1_529' title='bbox 2378 904 2550 971; x_wconf 91' lang='lat' dir='ltr'><strong>posuit</strong></span> <span class='ocrx_word' id='word_1_530' title='bbox 2588 904 3003 959; x_wconf 87' lang='lat' dir='ltr'><strong>misericordiam</strong></span> <span class='ocrx_word' id='word_1_531' title='bbox 3032 923 3044 958; x_wconf 92' lang='lat'><strong>:</strong></span> <span class='ocrx_word' id='word_1_532' title='bbox 3075 907 3313 960; x_wconf 88' lang='lat' dir='ltr'><strong>exsecuit</strong></span> 
     </span>
    </p>
   </div>
   <div class='ocr_carea' id='block_1_67' title="bbox 1760 990 3310 1063">
    <p class='ocr_par' dir='ltr' id='par_1_67' title="bbox 1760 990 3310 1063">
     <span class='ocr_line' id='line_1_67' title="bbox 1760 990 3310 1063; baseline 0.005 -21"><span class='ocrx_word' id='word_1_533' title='bbox 1760 990 1942 1044; x_wconf 78' lang='lat' dir='ltr'><strong>vitium</strong></span> <span class='ocrx_word' id='word_1_534' title='bbox 1985 1002 2038 1045; x_wconf 90' lang='lat' dir='ltr'><strong>et</strong></span> <span class='ocrx_word' id='word_1_535' title='bbox 2078 992 2476 1061; x_wconf 89' lang='lat' dir='ltr'><strong>blasphemiam,</strong></span> <span class='ocrx_word' id='word_1_536' title='bbox 2502 994 2755 1063; x_wconf 87' lang='lat' dir='ltr'><strong>plantavit</strong></span> <span class='ocrx_word' id='word_1_537' title='bbox 2778 996 2982 1051; x_wconf 82' lang='lat' dir='ltr'><strong>veniam</strong></span> <span class='ocrx_word' id='word_1_538' title='bbox 3008 1014 3020 1048; x_wconf 88' lang='lat'><strong>:</strong></span> <span class='ocrx_word' id='word_1_539' title='bbox 3045 995 3144 1051; x_wconf 84' lang='lat' dir='ltr'><strong>hoc</strong></span> <span class='ocrx_word' id='word_1_540' title='bbox 3170 998 3310 1051; x_wconf 89' lang='lat' dir='ltr'><strong>enim</strong></span> 
     </span>
    </p>
   </div>
   <div class='ocr_carea' id='block_1_68' title="bbox 1759 1083 3313 1158">
    <p class='ocr_par' dir='ltr' id='par_1_68' title="bbox 1759 1083 3313 1158">
     <span class='ocr_line' id='line_1_68' title="bbox 1759 1083 3313 1158; baseline 0.003 -22"><span class='ocrx_word' id='word_1_541' title='bbox 1759 1092 1841 1136; x_wconf 89' lang='lat' dir='ltr'><strong>est</strong></span> <span class='ocrx_word' id='word_1_542' title='bbox 1880 1083 2026 1147; x_wconf 92' lang='lat' dir='ltr'><strong>illud,</strong></span> <span class='ocrx_word' id='word_1_543' title='bbox 2062 1083 2314 1139; x_wconf 82' lang='lat' dir='ltr'><strong>Donantes</strong></span> <span class='ocrx_word' id='word_1_544' title='bbox 2351 1086 2575 1140; x_wconf 81' lang='lat' dir='ltr'><strong>invicem.</strong></span> <span class='ocrx_word' id='word_1_545' title='bbox 2608 1087 2808 1154; x_wconf 86' lang='lat' dir='ltr'><strong>Estote,</strong></span> <span class='ocrx_word' id='word_1_546' title='bbox 2842 1088 3031 1157; x_wconf 91' lang='lat' dir='ltr'><strong>inquit,</strong></span> <span class='ocrx_word' id='word_1_547' title='bbox 3064 1090 3313 1158; x_wconf 89' lang='lat' dir='ltr'><strong>propensi</strong></span> 
     </span>
    </p>
   </div>
   <div class='ocr_carea' id='block_1_69' title="bbox 1759 1174 3312 1250">
    <p class='ocr_par' dir='ltr' id='par_1_69' title="bbox 1759 1174 3312 1250">
     <span class='ocr_line' id='line_1_69' title="bbox 1759 1174 3312 1250; baseline 0.005 -24"><span class='ocrx_word' id='word_1_548' title='bbox 1759 1174 1824 1228; x_wconf 91' lang='lat' dir='ltr'><strong>ad</strong></span> <span class='ocrx_word' id='word_1_549' title='bbox 1852 1176 2247 1244; x_wconf 86' lang='lat' dir='ltr'><strong>ignoscendum.</strong></span> <span class='ocrx_word' id='word_1_550' title='bbox 2297 1177 2418 1232; x_wconf 67' lang='lat' dir='ltr'><strong>llmc</strong></span> <span class='ocrx_word' id='word_1_551' title='bbox 2454 1194 2595 1233; x_wconf 77' lang='lat' dir='ltr'><strong>enim</strong></span> <span class='ocrx_word' id='word_1_552' title='bbox 2636 1180 2797 1249; x_wconf 79' lang='lat' dir='ltr'><strong>gratia</strong></span> <span class='ocrx_word' id='word_1_553' title='bbox 2838 1189 2920 1234; x_wconf 88' lang='lat' dir='ltr'><strong>est</strong></span> <span class='ocrx_word' id='word_1_554' title='bbox 2961 1180 3130 1249; x_wconf 86' lang='lat' dir='ltr'><strong>major</strong></span> <span class='ocrx_word' id='word_1_555' title='bbox 3157 1196 3312 1250; x_wconf 90' lang='lat' dir='ltr'><strong>quam</strong></span> 
     </span>
    </p>
   </div>
   <div class='ocr_carea' id='block_1_70' title="bbox 1759 1267 3313 1340">
    <p class='ocr_par' dir='ltr' id='par_1_70' title="bbox 1759 1267 3313 1340">
     <span class='ocr_line' id='line_1_70' title="bbox 1759 1267 3313 1340; baseline 0.006 -25"><span class='ocrx_word' id='word_1_556' title='bbox 1759 1278 1875 1333; x_wconf 71' lang='lat' dir='ltr'><strong>qua:</strong></span> <span class='ocrx_word' id='word_1_557' title='bbox 1896 1276 1977 1320; x_wconf 89' lang='lat' dir='ltr'><strong>est</strong></span> <span class='ocrx_word' id='word_1_558' title='bbox 2002 1267 2052 1319; x_wconf 93' lang='lat' dir='ltr'><strong>in</strong></span> <span class='ocrx_word' id='word_1_559' title='bbox 2084 1268 2334 1336; x_wconf 87' lang='lat' dir='ltr'><strong>pecuniis.</strong></span> <span class='ocrx_word' id='word_1_560' title='bbox 2356 1267 2486 1322; x_wconf 85' lang='lat' dir='ltr'><strong>Nam</strong></span> <span class='ocrx_word' id='word_1_561' title='bbox 2509 1269 2595 1338; x_wconf 88' lang='lat' dir='ltr'><strong>qui</strong></span> <span class='ocrx_word' id='word_1_562' title='bbox 2626 1270 2845 1323; x_wconf 87' lang='lat' dir='ltr'><strong>remittit</strong></span> <span class='ocrx_word' id='word_1_563' title='bbox 2868 1270 3115 1339; x_wconf 85' lang='lat' dir='ltr'><strong>pecunias</strong></span> <span class='ocrx_word' id='word_1_564' title='bbox 3134 1272 3203 1337; x_wconf 87' lang='lat' dir='ltr'><strong>ei,</strong></span> <span class='ocrx_word' id='word_1_565' title='bbox 3224 1272 3313 1340; x_wconf 91' lang='lat' dir='ltr'><strong>qui</strong></span> 
     </span>
    </p>
   </div>
   <div class='ocr_carea' id='block_1_71' title="bbox 1757 1355 3314 1429">
    <p class='ocr_par' dir='ltr' id='par_1_71' title="bbox 1757 1355 3314 1429">
     <span class='ocr_line' id='line_1_71' title="bbox 1757 1355 3314 1429; baseline 0.004 -22"><span class='ocrx_word' id='word_1_566' title='bbox 1757 1355 1824 1411; x_wconf 90' lang='lat' dir='ltr'><strong>ab</strong></span> <span class='ocrx_word' id='word_1_567' title='bbox 1859 1356 1972 1425; x_wconf 90' lang='lat' dir='ltr'><strong>ipso</strong></span> <span class='ocrx_word' id='word_1_568' title='bbox 1997 1359 2199 1425; x_wconf 85' lang='lat' dir='ltr'><strong>accepit</strong></span> <span class='ocrx_word' id='word_1_569' title='bbox 2226 1356 2412 1412; x_wconf 77' lang='lat' dir='ltr'><strong>fmnori</strong></span> <span class='ocrx_word' id='word_1_570' title='bbox 2433 1398 2447 1422; x_wconf 88' lang='lat'><strong>,</strong></span> <span class='ocrx_word' id='word_1_571' title='bbox 2476 1357 2671 1413; x_wconf 92' lang='lat' dir='ltr'><strong>bonum</strong></span> <span class='ocrx_word' id='word_1_572' title='bbox 2709 1359 2919 1429; x_wconf 91' lang='lat' dir='ltr'><strong>quidem</strong></span> <span class='ocrx_word' id='word_1_573' title='bbox 2950 1359 3073 1414; x_wconf 88' lang='lat' dir='ltr'><strong>facit</strong></span> <span class='ocrx_word' id='word_1_574' title='bbox 3098 1374 3230 1429; x_wconf 89' lang='lat' dir='ltr'><strong>opus</strong></span> <span class='ocrx_word' id='word_1_575' title='bbox 3259 1370 3314 1414; x_wconf 90' lang='lat' dir='ltr'><strong>et</strong></span> 
     </span>
    </p>
   </div>
   <div class='ocr_carea' id='block_1_72' title="bbox 1756 1445 3310 1520">
    <p class='ocr_par' dir='ltr' id='par_1_72' title="bbox 1756 1445 3310 1520">
     <span class='ocr_line' id='line_1_72' title="bbox 1756 1445 3310 1520; baseline 0.002 -20"><span class='ocrx_word' id='word_1_576' title='bbox 1756 1445 2095 1512; x_wconf 86' lang='lat' dir='ltr'><strong>admirabile;</strong></span> <span class='ocrx_word' id='word_1_577' title='bbox 2140 1447 2234 1504; x_wconf 88' lang='lat' dir='ltr'><strong>sed</strong></span> <span class='ocrx_word' id='word_1_578' title='bbox 2273 1449 2514 1518; x_wconf 79' lang='lat' dir='ltr'><strong>pervenit</strong></span> <span class='ocrx_word' id='word_1_579' title='bbox 2550 1449 2617 1503; x_wconf 89' lang='lat' dir='ltr'><strong>ad</strong></span> <span class='ocrx_word' id='word_1_580' title='bbox 2661 1464 2852 1519; x_wconf 90' lang='lat' dir='ltr'><strong>corpus</strong></span> <span class='ocrx_word' id='word_1_581' title='bbox 2899 1466 3065 1519; x_wconf 89' lang='lat' dir='ltr'><strong>usque</strong></span> <span class='ocrx_word' id='word_1_582' title='bbox 3106 1450 3310 1520; x_wconf 86' lang='lat' dir='ltr'><strong>gratia,</strong></span> 
     </span>
    </p>
   </div>
   <div class='ocr_carea' id='block_1_73' title="bbox 1757 1537 3313 1611">
    <p class='ocr_par' dir='ltr' id='par_1_73' title="bbox 1757 1537 3313 1611">
     <span class='ocr_line' id='line_1_73' title="bbox 1757 1537 3313 1611; baseline -0.001 -20"><span class='ocrx_word' id='word_1_583' title='bbox 1757 1537 1961 1593; x_wconf 89' lang='lat' dir='ltr'><strong>etiamsi</strong></span> <span class='ocrx_word' id='word_1_584' title='bbox 1986 1540 2084 1594; x_wconf 90' lang='lat' dir='ltr'><strong>sibi</strong></span> <span class='ocrx_word' id='word_1_585' title='bbox 2113 1539 2286 1595; x_wconf 89' lang='lat' dir='ltr'><strong>reddit</strong></span> <span class='ocrx_word' id='word_1_586' title='bbox 2314 1541 2793 1597; x_wconf 88' lang='lat' dir='ltr'><strong>remunerationem</strong></span> <span class='ocrx_word' id='word_1_587' title='bbox 2818 1542 2868 1596; x_wconf 93' lang='lat' dir='ltr'><strong>in</strong></span> <span class='ocrx_word' id='word_1_588' title='bbox 2895 1542 3049 1596; x_wconf 87' lang='lat' dir='ltr'><strong>donis</strong></span> <span class='ocrx_word' id='word_1_589' title='bbox 3069 1541 3313 1611; x_wconf 79' lang='lat' dir='ltr'><strong>spiritua-</strong></span> 
     </span>
    </p>
   </div>
   <div class='ocr_carea' id='block_1_74' title="bbox 1753 1628 3315 1701">
    <p class='ocr_par' dir='ltr' id='par_1_74' title="bbox 1753 1628 3315 1701">
     <span class='ocr_line' id='line_1_74' title="bbox 1753 1628 3315 1701; baseline 0.002 -20"><span class='ocrx_word' id='word_1_590' title='bbox 1753 1628 1898 1684; x_wconf 79' lang='lat' dir='ltr'><strong>libus</strong></span> <span class='ocrx_word' id='word_1_591' title='bbox 1924 1637 1979 1684; x_wconf 91' lang='lat' dir='ltr'><strong>et</strong></span> <span class='ocrx_word' id='word_1_592' title='bbox 2004 1646 2122 1699; x_wconf 79' lang='lat' dir='ltr'><strong>qua:</strong></span> <span class='ocrx_word' id='word_1_593' title='bbox 2151 1640 2391 1700; x_wconf 87' lang='lat' dir='ltr'><strong>spectant</strong></span> <span class='ocrx_word' id='word_1_594' title='bbox 2419 1632 2648 1685; x_wconf 82' lang='lat' dir='ltr'><strong>animam</strong></span> <span class='ocrx_word' id='word_1_595' title='bbox 2679 1649 2693 1685; x_wconf 94' lang='lat'><strong>:</strong></span> <span class='ocrx_word' id='word_1_596' title='bbox 2731 1633 2815 1701; x_wconf 89' lang='lat' dir='ltr'><strong>qui</strong></span> <span class='ocrx_word' id='word_1_597' title='bbox 2842 1640 3020 1687; x_wconf 90' lang='lat' dir='ltr'><strong>autem</strong></span> <span class='ocrx_word' id='word_1_598' title='bbox 3050 1630 3315 1686; x_wconf 86' lang='lat' dir='ltr'><strong>condonat</strong></span> 
     </span>
    </p>
   </div>
   <div class='ocr_carea' id='block_1_75' title="bbox 1758 1720 3310 1792">
    <p class='ocr_par' dir='ltr' id='par_1_75' title="bbox 1758 1720 3310 1792">
     <span class='ocr_line' id='line_1_75' title="bbox 1758 1720 3310 1792; baseline -0.001 -17"><span class='ocrx_word' id='word_1_599' title='bbox 1758 1729 1993 1790; x_wconf 89' lang='lat' dir='ltr'><strong>peccata,</strong></span> <span class='ocrx_word' id='word_1_600' title='bbox 2021 1728 2076 1775; x_wconf 91' lang='lat' dir='ltr'><strong>et</strong></span> <span class='ocrx_word' id='word_1_601' title='bbox 2103 1735 2254 1776; x_wconf 90' lang='lat' dir='ltr'><strong>suam</strong></span> <span class='ocrx_word' id='word_1_602' title='bbox 2276 1720 2423 1790; x_wconf 92' lang='lat' dir='ltr'><strong>juvat</strong></span> <span class='ocrx_word' id='word_1_603' title='bbox 2452 1722 2702 1787; x_wconf 90' lang='lat' dir='ltr'><strong>animam,</strong></span> <span class='ocrx_word' id='word_1_604' title='bbox 2732 1732 2785 1777; x_wconf 91' lang='lat' dir='ltr'><strong>et</strong></span> <span class='ocrx_word' id='word_1_605' title='bbox 2817 1722 2953 1775; x_wconf 91' lang='lat' dir='ltr'><strong>illius</strong></span> <span class='ocrx_word' id='word_1_606' title='bbox 2981 1722 3068 1792; x_wconf 92' lang='lat' dir='ltr'><strong>qui</strong></span> <span class='ocrx_word' id='word_1_607' title='bbox 3100 1722 3310 1776; x_wconf 81' lang='lat' dir='ltr'><strong>veniam</strong></span> 
     </span>
    </p>
   </div>
   <div class='ocr_carea' id='block_1_76' title="bbox 1756 1811 3309 1881">
    <p class='ocr_par' dir='ltr' id='par_1_76' title="bbox 1756 1811 3309 1881">
     <span class='ocr_line' id='line_1_76' title="bbox 1756 1811 3309 1881; baseline 0.001 -17"><span class='ocrx_word' id='word_1_608' title='bbox 1756 1819 1838 1864; x_wconf 89' lang='lat' dir='ltr'><strong>est</strong></span> <span class='ocrx_word' id='word_1_609' title='bbox 1861 1820 2179 1880; x_wconf 87' lang='lat' dir='ltr'><strong>assequutus</strong></span> <span class='ocrx_word' id='word_1_610' title='bbox 2208 1828 2221 1865; x_wconf 87' lang='lat'><strong>:</strong></span> <span class='ocrx_word' id='word_1_611' title='bbox 2249 1811 2352 1865; x_wconf 88' lang='lat' dir='ltr'><strong>hoc</strong></span> <span class='ocrx_word' id='word_1_612' title='bbox 2378 1813 2519 1866; x_wconf 91' lang='lat' dir='ltr'><strong>enim</strong></span> <span class='ocrx_word' id='word_1_613' title='bbox 2549 1812 2706 1867; x_wconf 92' lang='lat' dir='ltr'><strong>modo</strong></span> <span class='ocrx_word' id='word_1_614' title='bbox 2732 1828 2836 1866; x_wconf 93' lang='lat' dir='ltr'><strong>non</strong></span> <span class='ocrx_word' id='word_1_615' title='bbox 2864 1812 3037 1871; x_wconf 84' lang='lat' dir='ltr'><strong>solum</strong></span> <span class='ocrx_word' id='word_1_616' title='bbox 3057 1815 3309 1881; x_wconf 87' lang='lat' dir='ltr'><strong>seipsum,</strong></span> 
     </span>
    </p>
   </div>
   <div class='ocr_carea' id='block_1_77' title="bbox 1757 1894 3308 1974">
    <p class='ocr_par' dir='ltr' id='par_1_77' title="bbox 1757 1894 3308 1974">
     <span class='ocr_line' id='line_1_77' title="bbox 1757 1894 3308 1974; baseline 0.001 -16"><span class='ocrx_word' id='word_1_617' title='bbox 1757 1901 1852 1958; x_wconf 85' lang='lat' dir='ltr'><strong>sed</strong></span> <span class='ocrx_word' id='word_1_618' title='bbox 1877 1902 2022 1958; x_wconf 89' lang='lat' dir='ltr'><strong>illum</strong></span> <span class='ocrx_word' id='word_1_619' title='bbox 2048 1894 2259 1974; x_wconf 79' lang='lat' dir='ltr'><strong>qunque</strong></span> <span class='ocrx_word' id='word_1_620' title='bbox 2283 1902 2405 1958; x_wconf 89' lang='lat' dir='ltr'><strong>facit</strong></span> <span class='ocrx_word' id='word_1_621' title='bbox 2424 1905 2684 1960; x_wconf 89' lang='lat' dir='ltr'><strong>mitiorem</strong></span> <span class='ocrx_word' id='word_1_622' title='bbox 2702 1914 2755 1960; x_wconf 90' lang='lat' dir='ltr'><strong>et</strong></span> <span class='ocrx_word' id='word_1_623' title='bbox 2775 1904 3172 1959; x_wconf 89' lang='lat' dir='ltr'><strong>modestiorem.</strong></span> <span class='ocrx_word' id='word_1_624' title='bbox 3194 1903 3308 1959; x_wconf 85' lang='lat' dir='ltr'><strong>Non</strong></span> 
     </span>
    </p>
   </div>
   <div class='ocr_carea' id='block_1_78' title="bbox 1757 1996 3312 2067">
    <p class='ocr_par' dir='ltr' id='par_1_78' title="bbox 1757 1996 3312 2067">
     <span class='ocr_line' id='line_1_78' title="bbox 1757 1996 3312 2067; baseline -0.002 -15"><span class='ocrx_word' id='word_1_625' title='bbox 1757 1998 1898 2052; x_wconf 88' lang='lat' dir='ltr'><strong>enim</strong></span> <span class='ocrx_word' id='word_1_626' title='bbox 1933 1998 2002 2051; x_wconf 88' lang='lat' dir='ltr'><strong>ita</strong></span> <span class='ocrx_word' id='word_1_627' title='bbox 2028 2011 2122 2052; x_wconf 82' lang='lat' dir='ltr'><strong>eos</strong></span> <span class='ocrx_word' id='word_1_628' title='bbox 2145 1998 2232 2067; x_wconf 91' lang='lat' dir='ltr'><strong>qui</strong></span> <span class='ocrx_word' id='word_1_629' title='bbox 2263 1996 2505 2067; x_wconf 88' lang='lat' dir='ltr'><strong>injuriam</strong></span> <span class='ocrx_word' id='word_1_630' title='bbox 2549 1998 2786 2052; x_wconf 88' lang='lat' dir='ltr'><strong>fecerunt</strong></span> <span class='ocrx_word' id='word_1_631' title='bbox 2827 2007 3224 2067; x_wconf 87' lang='lat' dir='ltr'><strong>persequentes,</strong></span> <span class='ocrx_word' id='word_1_632' title='bbox 3253 2008 3312 2050; x_wconf 86' lang='lat' dir='ltr'><strong>ut</strong></span> 
     </span>
    </p>
   </div>
   <div class='ocr_carea' id='block_1_79' title="bbox 1756 2089 3309 2158">
    <p class='ocr_par' dir='ltr' id='par_1_79' title="bbox 1756 2089 3309 2158">
     <span class='ocr_line' id='line_1_79' title="bbox 1756 2089 3309 2158; baseline -0.003 -13"><span class='ocrx_word' id='word_1_633' title='bbox 1756 2090 1835 2145; x_wconf 92' lang='lat' dir='ltr'><strong>eis</strong></span> <span class='ocrx_word' id='word_1_634' title='bbox 1858 2090 2238 2154; x_wconf 84' lang='lat' dir='ltr'><strong>condonantes,</strong></span> <span class='ocrx_word' id='word_1_635' title='bbox 2263 2105 2445 2144; x_wconf 90' lang='lat' dir='ltr'><strong>eorum</strong></span> <span class='ocrx_word' id='word_1_636' title='bbox 2477 2090 2780 2144; x_wconf 89' lang='lat' dir='ltr'><strong>mordemus</strong></span> <span class='ocrx_word' id='word_1_637' title='bbox 2804 2089 3030 2154; x_wconf 89' lang='lat' dir='ltr'><strong>animos,</strong></span> <span class='ocrx_word' id='word_1_638' title='bbox 3056 2089 3309 2158; x_wconf 88' lang='lat' dir='ltr'><strong>pudorem</strong></span> 
     </span>
    </p>
   </div>
   <div class='ocr_carea' id='block_1_80' title="bbox 1756 2177 3312 2250">
    <p class='ocr_par' dir='ltr' id='par_1_80' title="bbox 1756 2177 3312 2250">
     <span class='ocr_line' id='line_1_80' title="bbox 1756 2177 3312 2250; baseline -0.003 -15"><span class='ocrx_word' id='word_1_639' title='bbox 1756 2180 2091 2236; x_wconf 86' lang='lat' dir='ltr'><strong>incutientes.</strong></span> <span class='ocrx_word' id='word_1_640' title='bbox 2117 2180 2247 2234; x_wconf 85' lang='lat' dir='ltr'><strong>Nam</strong></span> <span class='ocrx_word' id='word_1_641' title='bbox 2275 2180 2365 2234; x_wconf 86' lang='lat' dir='ltr'><strong>illo</strong></span> <span class='ocrx_word' id='word_1_642' title='bbox 2385 2179 2593 2250; x_wconf 79' lang='lat' dir='ltr'><strong>quidem</strong></span> <span class='ocrx_word' id='word_1_643' title='bbox 2622 2178 2777 2233; x_wconf 91' lang='lat' dir='ltr'><strong>modo</strong></span> <span class='ocrx_word' id='word_1_644' title='bbox 2804 2192 2975 2248; x_wconf 89' lang='lat' dir='ltr'><strong>neque</strong></span> <span class='ocrx_word' id='word_1_645' title='bbox 3002 2177 3154 2232; x_wconf 89' lang='lat' dir='ltr'><strong>nobis</strong></span> <span class='ocrx_word' id='word_1_646' title='bbox 3185 2178 3312 2247; x_wconf 87' lang='lat' dir='ltr'><strong>ipsis</strong></span> 
     </span>
    </p>
   </div>
   <div class='ocr_carea' id='block_1_81' title="bbox 1756 2267 3312 2341">
    <p class='ocr_par' dir='ltr' id='par_1_81' title="bbox 1756 2267 3312 2341">
     <span class='ocr_line' id='line_1_81' title="bbox 1756 2267 3312 2341; baseline -0.003 -16"><span class='ocrx_word' id='word_1_647' title='bbox 1756 2285 1928 2341; x_wconf 88' lang='lat' dir='ltr'><strong>neque</strong></span> <span class='ocrx_word' id='word_1_648' title='bbox 1954 2269 2060 2324; x_wconf 87' lang='lat' dir='ltr'><strong>illis</strong></span> <span class='ocrx_word' id='word_1_649' title='bbox 2083 2284 2399 2341; x_wconf 90' lang='lat' dir='ltr'><strong>prosumus,</strong></span> <span class='ocrx_word' id='word_1_650' title='bbox 2434 2269 2529 2325; x_wconf 89' lang='lat' dir='ltr'><strong>sed</strong></span> <span class='ocrx_word' id='word_1_651' title='bbox 2569 2269 2805 2338; x_wconf 86' lang='lat' dir='ltr'><strong>utrisque</strong></span> <span class='ocrx_word' id='word_1_652' title='bbox 2839 2268 3108 2333; x_wconf 90' lang='lat' dir='ltr'><strong>obsumus,</strong></span> <span class='ocrx_word' id='word_1_653' title='bbox 3144 2267 3312 2336; x_wconf 85' lang='lat' dir='ltr'><strong>utqui</strong></span> 
     </span>
    </p>
   </div>
   <div class='ocr_carea' id='block_1_82' title="bbox 1754 2361 3314 2432">
    <p class='ocr_par' dir='ltr' id='par_1_82' title="bbox 1754 2361 3314 2432">
     <span class='ocr_line' id='line_1_82' title="bbox 1754 2361 3314 2432; baseline -0.004 -12"><span class='ocrx_word' id='word_1_654' title='bbox 1754 2378 1862 2420; x_wconf 86' lang='lat' dir='ltr'><strong>non</strong></span> <span class='ocrx_word' id='word_1_655' title='bbox 1889 2376 2044 2418; x_wconf 88' lang='lat' dir='ltr'><strong>secus</strong></span> <span class='ocrx_word' id='word_1_656' title='bbox 2067 2371 2225 2432; x_wconf 88' lang='lat' dir='ltr'><strong>atque</strong></span> <span class='ocrx_word' id='word_1_657' title='bbox 2259 2361 2563 2418; x_wconf 63' lang='lat' dir='ltr'><strong>Juda‘orum</strong></span> <span class='ocrx_word' id='word_1_658' title='bbox 2594 2362 2861 2430; x_wconf 89' lang='lat' dir='ltr'><strong>principes</strong></span> <span class='ocrx_word' id='word_1_659' title='bbox 2882 2400 2897 2424; x_wconf 91' lang='lat'><strong>,</strong></span> <span class='ocrx_word' id='word_1_660' title='bbox 2934 2374 3314 2430; x_wconf 85' lang='lat' dir='ltr'><strong>persequamur</strong></span> 
     </span>
    </p>
   </div>
   <div class='ocr_carea' id='block_1_83' title="bbox 1757 2452 3309 2523">
    <p class='ocr_par' dir='ltr' id='par_1_83' title="bbox 1757 2452 3309 2523">
     <span class='ocr_line' id='line_1_83' title="bbox 1757 2452 3309 2523; baseline -0.005 -12"><span class='ocrx_word' id='word_1_661' title='bbox 1757 2456 2261 2523; x_wconf 86' lang='lat' dir='ltr'><strong>remunerationem,</strong></span> <span class='ocrx_word' id='word_1_662' title='bbox 2300 2462 2355 2509; x_wconf 92' lang='lat' dir='ltr'><strong>et</strong></span> <span class='ocrx_word' id='word_1_663' title='bbox 2395 2453 2447 2509; x_wconf 91' lang='lat' dir='ltr'><strong>in</strong></span> <span class='ocrx_word' id='word_1_664' title='bbox 2488 2454 2591 2507; x_wconf 86' lang='lat' dir='ltr'><strong>illis</strong></span> <span class='ocrx_word' id='word_1_665' title='bbox 2630 2454 2762 2507; x_wconf 88' lang='lat' dir='ltr'><strong>iram</strong></span> <span class='ocrx_word' id='word_1_666' title='bbox 2802 2455 3152 2509; x_wconf 82' lang='lat' dir='ltr'><strong>accendamus</strong></span> <span class='ocrx_word' id='word_1_667' title='bbox 3184 2468 3198 2503; x_wconf 93' lang='lat'><strong>:</strong></span> <span class='ocrx_word' id='word_1_668' title='bbox 3227 2452 3309 2504; x_wconf 90' lang='lat' dir='ltr'><strong>sin</strong></span> 
     </span>
    </p>
   </div>
   <div class='ocr_carea' id='block_1_84' title="bbox 1755 2541 3307 2613">
    <p class='ocr_par' dir='ltr' id='par_1_84' title="bbox 1755 2541 3307 2613">
     <span class='ocr_line' id='line_1_84' title="bbox 1755 2541 3307 2613; baseline -0.003 -13"><span class='ocrx_word' id='word_1_669' title='bbox 1755 2556 1933 2601; x_wconf 88' lang='lat' dir='ltr'><strong>autem</strong></span> <span class='ocrx_word' id='word_1_670' title='bbox 1976 2546 2193 2600; x_wconf 87' lang='lat' dir='ltr'><strong>lenitate</strong></span> <span class='ocrx_word' id='word_1_671' title='bbox 2233 2554 2289 2601; x_wconf 87' lang='lat' dir='ltr'><strong>et</strong></span> <span class='ocrx_word' id='word_1_672' title='bbox 2328 2544 2609 2600; x_wconf 87' lang='lat' dir='ltr'><strong>clementia</strong></span> <span class='ocrx_word' id='word_1_673' title='bbox 2655 2543 3005 2613; x_wconf 85' lang='lat' dir='ltr'><strong>rependamus</strong></span> <span class='ocrx_word' id='word_1_674' title='bbox 3041 2541 3307 2611; x_wconf 88' lang='lat' dir='ltr'><strong>injuriam,</strong></span> 
     </span>
    </p>
   </div>
   <div class='ocr_carea' id='block_1_85' title="bbox 1755 2632 3311 2708">
    <p class='ocr_par' dir='ltr' id='par_1_85' title="bbox 1755 2632 3311 2708">
     <span class='ocr_line' id='line_1_85' title="bbox 1755 2632 3311 2708; baseline -0.008 -12"><span class='ocrx_word' id='word_1_675' title='bbox 1755 2639 1925 2696; x_wconf 87' lang='lat' dir='ltr'><strong>soluta</strong></span> <span class='ocrx_word' id='word_1_676' title='bbox 1948 2638 2091 2692; x_wconf 92' lang='lat' dir='ltr'><strong>omni</strong></span> <span class='ocrx_word' id='word_1_677' title='bbox 2115 2637 2232 2708; x_wconf 87' lang='lat' dir='ltr'><strong>ejus</strong></span> <span class='ocrx_word' id='word_1_678' title='bbox 2252 2637 2348 2702; x_wconf 90' lang='lat' dir='ltr'><strong>ira,</strong></span> <span class='ocrx_word' id='word_1_679' title='bbox 2375 2635 2512 2705; x_wconf 90' lang='lat' dir='ltr'><strong>apud</strong></span> <span class='ocrx_word' id='word_1_680' title='bbox 2535 2635 2706 2704; x_wconf 88' lang='lat' dir='ltr'><strong>ipsum</strong></span> <span class='ocrx_word' id='word_1_681' title='bbox 2727 2634 2912 2689; x_wconf 89' lang='lat' dir='ltr'><strong>sedere</strong></span> <span class='ocrx_word' id='word_1_682' title='bbox 2932 2632 3154 2687; x_wconf 85' lang='lat' dir='ltr'><strong>fecimus</strong></span> <span class='ocrx_word' id='word_1_683' title='bbox 3175 2632 3311 2701; x_wconf 85' lang='lat' dir='ltr'><strong>judi-</strong></span> 
     </span>
    </p>
   </div>
   <div class='ocr_carea' id='block_1_86' title="bbox 1755 2724 3308 2802">
    <p class='ocr_par' dir='ltr' id='par_1_86' title="bbox 1755 2724 3308 2802">
     <span class='ocr_line' id='line_1_86' title="bbox 1755 2724 3308 2802; baseline -0.008 -13"><span class='ocrx_word' id='word_1_684' title='bbox 1755 2737 1920 2798; x_wconf 90' lang='lat' dir='ltr'><strong>cium,</strong></span> <span class='ocrx_word' id='word_1_685' title='bbox 1950 2746 2048 2802; x_wconf 87' lang='lat' dir='ltr'><strong>pro</strong></span> <span class='ocrx_word' id='word_1_686' title='bbox 2077 2730 2231 2786; x_wconf 87' lang='lat' dir='ltr'><strong>nobis</strong></span> <span class='ocrx_word' id='word_1_687' title='bbox 2257 2729 2435 2795; x_wconf 82' lang='lat' dir='ltr'><strong>ferens</strong></span> <span class='ocrx_word' id='word_1_688' title='bbox 2460 2728 2800 2790; x_wconf 88' lang='lat' dir='ltr'><strong>sententiam,</strong></span> <span class='ocrx_word' id='word_1_689' title='bbox 2821 2734 2876 2780; x_wconf 88' lang='lat' dir='ltr'><strong>et</strong></span> <span class='ocrx_word' id='word_1_690' title='bbox 2899 2725 3111 2796; x_wconf 79' lang='lat' dir='ltr'><strong>gravius</strong></span> <span class='ocrx_word' id='word_1_691' title='bbox 3140 2724 3308 2793; x_wconf 74' lang='lat' dir='ltr'><strong>ipsum</strong></span> 
     </span>
    </p>
   </div>
   <div class='ocr_carea' id='block_1_87' title="bbox 1755 2814 3308 2894">
    <p class='ocr_par' dir='ltr' id='par_1_87' title="bbox 1755 2814 3308 2894">
     <span class='ocr_line' id='line_1_87' title="bbox 1755 2814 3308 2894; baseline -0.008 -17"><span class='ocrx_word' id='word_1_692' title='bbox 1755 2838 1913 2894; x_wconf 87' lang='lat' dir='ltr'><strong>quam</strong></span> <span class='ocrx_word' id='word_1_693' title='bbox 1944 2835 2039 2877; x_wconf 87' lang='lat' dir='ltr'><strong>nos</strong></span> <span class='ocrx_word' id='word_1_694' title='bbox 2067 2820 2446 2875; x_wconf 85' lang='lat' dir='ltr'><strong>condemnans.</strong></span> <span class='ocrx_word' id='word_1_695' title='bbox 2474 2817 2718 2887; x_wconf 86' lang='lat' dir='ltr'><strong>Seipsum</strong></span> <span class='ocrx_word' id='word_1_696' title='bbox 2743 2816 2887 2870; x_wconf 90' lang='lat' dir='ltr'><strong>enim</strong></span> <span class='ocrx_word' id='word_1_697' title='bbox 2914 2814 3308 2879; x_wconf 87' lang='lat' dir='ltr'><strong>condemnabit,</strong></span> 
     </span>
    </p>
   </div>
   <div class='ocr_carea' id='block_1_88' title="bbox 1753 2902 3312 2980">
    <p class='ocr_par' dir='ltr' id='par_1_88' title="bbox 1753 2902 3312 2980">
     <span class='ocr_line' id='line_1_88' title="bbox 1753 2902 3312 2980; baseline -0.008 -12"><span class='ocrx_word' id='word_1_698' title='bbox 1753 2922 1810 2968; x_wconf 85' lang='lat' dir='ltr'><strong>et</strong></span> <span class='ocrx_word' id='word_1_699' title='bbox 1836 2925 2049 2966; x_wconf 88' lang='lat' dir='ltr'><strong>omnem</strong></span> <span class='ocrx_word' id='word_1_700' title='bbox 2075 2917 2278 2980; x_wconf 68' lang='lat' dir='ltr'><strong>quaeret</strong></span> <span class='ocrx_word' id='word_1_701' title='bbox 2301 2907 2651 2972; x_wconf 88' lang='lat' dir='ltr'><strong>occasionem,</strong></span> <span class='ocrx_word' id='word_1_702' title='bbox 2678 2920 2773 2975; x_wconf 88' lang='lat' dir='ltr'><strong>per</strong></span> <span class='ocrx_word' id='word_1_703' title='bbox 2794 2919 2949 2974; x_wconf 91' lang='lat' dir='ltr'><strong>quam</strong></span> <span class='ocrx_word' id='word_1_704' title='bbox 2975 2918 3095 2958; x_wconf 88' lang='lat' dir='ltr'><strong>cum</strong></span> <span class='ocrx_word' id='word_1_705' title='bbox 3123 2902 3312 2970; x_wconf 85' lang='lat' dir='ltr'><strong>majori</strong></span> 
     </span>
    </p>
   </div>
   <div class='ocr_carea' id='block_1_89' title="bbox 1757 2994 3309 3068">
    <p class='ocr_par' dir='ltr' id='par_1_89' title="bbox 1757 2994 3309 3068">
     <span class='ocr_line' id='line_1_89' title="bbox 1757 2994 3309 3068; baseline -0.006 -10"><span class='ocrx_word' id='word_1_706' title='bbox 1757 3019 2003 3058; x_wconf 84' lang='lat' dir='ltr'><strong>mensura</strong></span> <span class='ocrx_word' id='word_1_707' title='bbox 2026 3002 2212 3057; x_wconf 90' lang='lat' dir='ltr'><strong>reddet</strong></span> <span class='ocrx_word' id='word_1_708' title='bbox 2234 3000 2463 3055; x_wconf 91' lang='lat' dir='ltr'><strong>lenitatis</strong></span> <span class='ocrx_word' id='word_1_709' title='bbox 2485 3007 2540 3054; x_wconf 90' lang='lat' dir='ltr'><strong>et</strong></span> <span class='ocrx_word' id='word_1_710' title='bbox 2565 2998 2832 3067; x_wconf 72' lang='lat' dir='ltr'><strong>patientizr</strong></span> <span class='ocrx_word' id='word_1_711' title='bbox 2852 3005 3057 3068; x_wconf 89' lang='lat' dir='ltr'><strong>partem</strong></span> <span class='ocrx_word' id='word_1_712' title='bbox 3077 3010 3194 3065; x_wconf 72' lang='lat' dir='ltr'><strong>qua:</strong></span> <span class='ocrx_word' id='word_1_713' title='bbox 3212 2994 3309 3049; x_wconf 88' lang='lat' dir='ltr'><strong>fuit</strong></span> 
     </span>
    </p>
   </div>
   <div class='ocr_carea' id='block_1_90' title="bbox 1755 3087 3308 3162">
    <p class='ocr_par' dir='ltr' id='par_1_90' title="bbox 1755 3087 3308 3162">
     <span class='ocr_line' id='line_1_90' title="bbox 1755 3087 3308 3162; baseline -0.006 -12"><span class='ocrx_word' id='word_1_714' title='bbox 1755 3097 1856 3150; x_wconf 92' lang='lat' dir='ltr'><strong>sibi</strong></span> <span class='ocrx_word' id='word_1_715' title='bbox 1883 3095 2001 3149; x_wconf 90' lang='lat' dir='ltr'><strong>data</strong></span> <span class='ocrx_word' id='word_1_716' title='bbox 2029 3093 2218 3150; x_wconf 79' lang='lat' dir='ltr'><strong>famori</strong></span> <span class='ocrx_word' id='word_1_717' title='bbox 2249 3110 2263 3147; x_wconf 91' lang='lat'><strong>:</strong></span> <span class='ocrx_word' id='word_1_718' title='bbox 2291 3102 2346 3145; x_wconf 93' lang='lat' dir='ltr'><strong>ut</strong></span> <span class='ocrx_word' id='word_1_719' title='bbox 2381 3090 2471 3162; x_wconf 90' lang='lat' dir='ltr'><strong>qui</strong></span> <span class='ocrx_word' id='word_1_720' title='bbox 2510 3091 2643 3144; x_wconf 89' lang='lat' dir='ltr'><strong>sciat</strong></span> <span class='ocrx_word' id='word_1_721' title='bbox 2676 3088 2837 3159; x_wconf 90' lang='lat' dir='ltr'><strong>quod,</strong></span> <span class='ocrx_word' id='word_1_722' title='bbox 2879 3089 2925 3144; x_wconf 91' lang='lat' dir='ltr'><strong>si</strong></span> <span class='ocrx_word' id='word_1_723' title='bbox 2968 3104 3063 3157; x_wconf 86' lang='lat' dir='ltr'><strong>par</strong></span> <span class='ocrx_word' id='word_1_724' title='bbox 3098 3087 3308 3157; x_wconf 89' lang='lat' dir='ltr'><strong>quidem</strong></span> 
     </span>
    </p>
   </div>
   <div class='ocr_carea' id='block_1_91' title="bbox 1756 3179 3309 3250">
    <p class='ocr_par' dir='ltr' id='par_1_91' title="bbox 1756 3179 3309 3250">
     <span class='ocr_line' id='line_1_91' title="bbox 1756 3179 3309 3250; baseline -0.006 -8"><span class='ocrx_word' id='word_1_725' title='bbox 1756 3185 2076 3250; x_wconf 87' lang='lat' dir='ltr'><strong>reddiderit,</strong></span> <span class='ocrx_word' id='word_1_726' title='bbox 2114 3198 2180 3239; x_wconf 90' lang='lat' dir='ltr'><strong>eo</strong></span> <span class='ocrx_word' id='word_1_727' title='bbox 2223 3191 2395 3237; x_wconf 89' lang='lat' dir='ltr'><strong>tamen</strong></span> <span class='ocrx_word' id='word_1_728' title='bbox 2424 3190 2504 3236; x_wconf 90' lang='lat' dir='ltr'><strong>est</strong></span> <span class='ocrx_word' id='word_1_729' title='bbox 2531 3180 2746 3236; x_wconf 85' lang='lat' dir='ltr'><strong>inferior</strong></span> <span class='ocrx_word' id='word_1_730' title='bbox 2766 3179 2903 3249; x_wconf 92' lang='lat' dir='ltr'><strong>quod</strong></span> <span class='ocrx_word' id='word_1_731' title='bbox 2928 3193 3031 3234; x_wconf 93' lang='lat' dir='ltr'><strong>non</strong></span> <span class='ocrx_word' id='word_1_732' title='bbox 3065 3179 3175 3248; x_wconf 86' lang='lat' dir='ltr'><strong>ipse</strong></span> <span class='ocrx_word' id='word_1_733' title='bbox 3196 3192 3309 3233; x_wconf 69' lang='lat' dir='ltr'><strong>caa-</strong></span> 
     </span>
    </p>
   </div>
   <div class='ocr_carea' id='block_1_92' title="bbox 1755 3271 3311 3349">
    <p class='ocr_par' dir='ltr' id='par_1_92' title="bbox 1755 3271 3311 3349">
     <span class='ocr_line' id='line_1_92' title="bbox 1755 3271 3311 3349; baseline -0.007 -16"><span class='ocrx_word' id='word_1_734' title='bbox 1755 3279 1910 3349; x_wconf 75' lang='lat' dir='ltr'><strong>perit,</strong></span> <span class='ocrx_word' id='word_1_735' title='bbox 1942 3278 2033 3332; x_wconf 89' lang='lat' dir='ltr'><strong>sed</strong></span> <span class='ocrx_word' id='word_1_736' title='bbox 2058 3290 2121 3330; x_wconf 89' lang='lat' dir='ltr'><strong>eo</strong></span> <span class='ocrx_word' id='word_1_737' title='bbox 2155 3273 2294 3344; x_wconf 90' lang='lat' dir='ltr'><strong>quod</strong></span> <span class='ocrx_word' id='word_1_738' title='bbox 2335 3272 2633 3341; x_wconf 83' lang='lat' dir='ltr'><strong>exemplum</strong></span> <span class='ocrx_word' id='word_1_739' title='bbox 2662 3286 2691 3326; x_wconf 90' lang='lat' dir='ltr'><strong>a</strong></span> <span class='ocrx_word' id='word_1_740' title='bbox 2718 3271 2869 3326; x_wconf 89' lang='lat' dir='ltr'><strong>nobis</strong></span> <span class='ocrx_word' id='word_1_741' title='bbox 2896 3271 3176 3340; x_wconf 83' lang='lat' dir='ltr'><strong>acceperit,</strong></span> <span class='ocrx_word' id='word_1_742' title='bbox 3211 3271 3311 3323; x_wconf 85' lang='lat' dir='ltr'><strong>mi-</strong></span> 
     </span>
    </p>
   </div>
   <div class='ocr_carea' id='block_1_93' title="bbox 1754 3362 3311 3433">
    <p class='ocr_par' dir='ltr' id='par_1_93' title="bbox 1754 3362 3311 3433">
     <span class='ocr_line' id='line_1_93' title="bbox 1754 3362 3311 3433; baseline -0.006 -9"><span class='ocrx_word' id='word_1_743' title='bbox 1754 3384 1856 3424; x_wconf 87' lang='lat' dir='ltr'><strong>nus</strong></span> <span class='ocrx_word' id='word_1_744' title='bbox 1896 3366 2095 3422; x_wconf 83' lang='lat' dir='ltr'><strong>ferens.</strong></span> <span class='ocrx_word' id='word_1_745' title='bbox 2139 3364 2380 3420; x_wconf 80' lang='lat' dir='ltr'><strong>Studium</strong></span> <span class='ocrx_word' id='word_1_746' title='bbox 2410 3377 2537 3433; x_wconf 88' lang='lat' dir='ltr'><strong>ergo</strong></span> <span class='ocrx_word' id='word_1_747' title='bbox 2562 3371 2721 3431; x_wconf 90' lang='lat' dir='ltr'><strong>ponet</strong></span> <span class='ocrx_word' id='word_1_748' title='bbox 2758 3370 2818 3416; x_wconf 90' lang='lat' dir='ltr'><strong>ut</strong></span> <span class='ocrx_word' id='word_1_749' title='bbox 2854 3362 3056 3417; x_wconf 90' lang='lat' dir='ltr'><strong>semina</strong></span> <span class='ocrx_word' id='word_1_750' title='bbox 3096 3370 3311 3430; x_wconf 81' lang='lat' dir='ltr'><strong>superet</strong></span> 
     </span>
    </p>
   </div>
   <div class='ocr_carea' id='block_1_94' title="bbox 1754 3452 3307 3524">
    <p class='ocr_par' dir='ltr' id='par_1_94' title="bbox 1754 3452 3307 3524">
     <span class='ocr_line' id='line_1_94' title="bbox 1754 3452 3307 3524; baseline -0.005 -10"><span class='ocrx_word' id='word_1_751' title='bbox 1754 3472 2023 3521; x_wconf 87' lang='lat' dir='ltr'><strong>mensura,</strong></span> <span class='ocrx_word' id='word_1_752' title='bbox 2052 3466 2110 3510; x_wconf 90' lang='lat' dir='ltr'><strong>ut</strong></span> <span class='ocrx_word' id='word_1_753' title='bbox 2146 3456 2520 3510; x_wconf 89' lang='lat' dir='ltr'><strong>detrimentum</strong></span> <span class='ocrx_word' id='word_1_754' title='bbox 2558 3452 2697 3524; x_wconf 91' lang='lat' dir='ltr'><strong>quod</strong></span> <span class='ocrx_word' id='word_1_755' title='bbox 2736 3452 2930 3523; x_wconf 89' lang='lat' dir='ltr'><strong>patitur</strong></span> <span class='ocrx_word' id='word_1_756' title='bbox 2963 3468 3027 3507; x_wconf 86' lang='lat' dir='ltr'><strong>ex</strong></span> <span class='ocrx_word' id='word_1_757' title='bbox 3067 3467 3133 3507; x_wconf 91' lang='lat' dir='ltr'><strong>eo</strong></span> <span class='ocrx_word' id='word_1_758' title='bbox 3167 3452 3307 3523; x_wconf 89' lang='lat' dir='ltr'><strong>quod</strong></span> 
     </span>
    </p>
   </div>
   <div class='ocr_carea' id='block_1_95' title="bbox 1754 3544 3308 3613">
    <p class='ocr_par' dir='ltr' id='par_1_95' title="bbox 1754 3544 3308 3613">
     <span class='ocr_line' id='line_1_95' title="bbox 1754 3544 3308 3613; baseline -0.004 -8"><span class='ocrx_word' id='word_1_759' title='bbox 1754 3547 2019 3605; x_wconf 89' lang='lat' dir='ltr'><strong>secundus</strong></span> <span class='ocrx_word' id='word_1_760' title='bbox 2044 3549 2249 3602; x_wconf 77' lang='lat' dir='ltr'><strong>venerit</strong></span> <span class='ocrx_word' id='word_1_761' title='bbox 2274 3545 2339 3599; x_wconf 87' lang='lat' dir='ltr'><strong>ad</strong></span> <span class='ocrx_word' id='word_1_762' title='bbox 2368 3545 2847 3600; x_wconf 89' lang='lat' dir='ltr'><strong>remunerationem</strong></span> <span class='ocrx_word' id='word_1_763' title='bbox 2864 3585 2879 3612; x_wconf 97' lang='lat'><strong>,</strong></span> <span class='ocrx_word' id='word_1_764' title='bbox 2907 3544 3057 3599; x_wconf 89' lang='lat' dir='ltr'><strong>tollat</strong></span> <span class='ocrx_word' id='word_1_765' title='bbox 3080 3559 3308 3613; x_wconf 84' lang='lat' dir='ltr'><strong>exsupe-</strong></span> 
     </span>
    </p>
   </div>
   <div class='ocr_carea' id='block_1_96' title="bbox 1754 3632 3306 3704">
    <p class='ocr_par' dir='ltr' id='par_1_96' title="bbox 1754 3632 3306 3704">
     <span class='ocr_line' id='line_1_96' title="bbox 1754 3632 3306 3704; baseline -0.005 -11"><span class='ocrx_word' id='word_1_766' title='bbox 1754 3638 1959 3693; x_wconf 88' lang='lat' dir='ltr'><strong>ratione</strong></span> <span class='ocrx_word' id='word_1_767' title='bbox 1988 3634 2428 3691; x_wconf 89' lang='lat' dir='ltr'><strong>remunerationis</strong></span> <span class='ocrx_word' id='word_1_768' title='bbox 2446 3675 2460 3701; x_wconf 98' lang='lat'><strong>,</strong></span> <span class='ocrx_word' id='word_1_769' title='bbox 2490 3646 2546 3689; x_wconf 90' lang='lat' dir='ltr'><strong>et</strong></span> <span class='ocrx_word' id='word_1_770' title='bbox 2572 3632 2712 3704; x_wconf 91' lang='lat' dir='ltr'><strong>quod</strong></span> <span class='ocrx_word' id='word_1_771' title='bbox 2739 3648 2807 3687; x_wconf 89' lang='lat' dir='ltr'><strong>ex</strong></span> <span class='ocrx_word' id='word_1_772' title='bbox 2843 3641 3080 3702; x_wconf 89' lang='lat' dir='ltr'><strong>tempore</strong></span> <span class='ocrx_word' id='word_1_773' title='bbox 3114 3632 3306 3688; x_wconf 90' lang='lat' dir='ltr'><strong>factum</strong></span> 
     </span>
    </p>
   </div>
   <div class='ocr_carea' id='block_1_97' title="bbox 1751 3722 3306 3795">
    <p class='ocr_par' dir='ltr' id='par_1_97' title="bbox 1751 3722 3306 3795">
     <span class='ocr_line' id='line_1_97' title="bbox 1751 3722 3306 3795; baseline -0.006 -9"><span class='ocrx_word' id='word_1_774' title='bbox 1751 3737 1838 3786; x_wconf 78' lang='lat' dir='ltr'><strong>est</strong></span> <span class='ocrx_word' id='word_1_775' title='bbox 1861 3729 2240 3784; x_wconf 88' lang='lat' dir='ltr'><strong>detrimentum</strong></span> <span class='ocrx_word' id='word_1_776' title='bbox 2270 3725 2385 3795; x_wconf 87' lang='lat' dir='ltr'><strong>ejus</strong></span> <span class='ocrx_word' id='word_1_777' title='bbox 2421 3725 2511 3794; x_wconf 91' lang='lat' dir='ltr'><strong>qui</strong></span> <span class='ocrx_word' id='word_1_778' title='bbox 2551 3725 2696 3795; x_wconf 85' lang='lat' dir='ltr'><strong>prius</strong></span> <span class='ocrx_word' id='word_1_779' title='bbox 2733 3724 2869 3779; x_wconf 85' lang='lat' dir='ltr'><strong>male</strong></span> <span class='ocrx_word' id='word_1_780' title='bbox 2908 3738 3095 3793; x_wconf 86' lang='lat' dir='ltr'><strong>passus</strong></span> <span class='ocrx_word' id='word_1_781' title='bbox 3119 3733 3221 3790; x_wconf 87' lang='lat' dir='ltr'><strong>est,</strong></span> <span class='ocrx_word' id='word_1_782' title='bbox 3254 3722 3306 3776; x_wconf 90' lang='lat' dir='ltr'><strong>id</strong></span> 
     </span>
    </p>
   </div>
   <div class='ocr_carea' id='block_1_98' title="bbox 1750 3815 3305 3877">
    <p class='ocr_par' dir='ltr' id='par_1_98' title="bbox 1750 3815 3305 3877">
     <span class='ocr_line' id='line_1_98' title="bbox 1750 3815 3305 3877; baseline -0.005 0"><span class='ocrx_word' id='word_1_783' title='bbox 1750 3834 2033 3877; x_wconf 86' lang='lat' dir='ltr'><strong>commune</strong></span> <span class='ocrx_word' id='word_1_784' title='bbox 2058 3820 2214 3873; x_wconf 83' lang='lat' dir='ltr'><strong>faciat</strong></span> <span class='ocrx_word' id='word_1_785' title='bbox 2236 3834 2298 3873; x_wconf 89' lang='lat' dir='ltr'><strong>ex</strong></span> <span class='ocrx_word' id='word_1_786' title='bbox 2326 3832 2528 3872; x_wconf 85' lang='lat' dir='ltr'><strong>summa</strong></span> <span class='ocrx_word' id='word_1_787' title='bbox 2550 3817 2764 3872; x_wconf 83' lang='lat' dir='ltr'><strong>lenitate</strong></span> <span class='ocrx_word' id='word_1_788' title='bbox 2782 3827 2836 3871; x_wconf 90' lang='lat' dir='ltr'><strong>et</strong></span> <span class='ocrx_word' id='word_1_789' title='bbox 2853 3817 3152 3871; x_wconf 90' lang='lat' dir='ltr'><strong>clementia.</strong></span> <span class='ocrx_word' id='word_1_790' title='bbox 3176 3815 3305 3870; x_wconf 83' lang='lat' dir='ltr'><strong>Nam</strong></span> 
     </span>
    </p>
   </div>
   <div class='ocr_carea' id='block_1_99' title="bbox 1754 3908 3307 3980">
    <p class='ocr_par' dir='ltr' id='par_1_99' title="bbox 1754 3908 3307 3980">
     <span class='ocr_line' id='line_1_99' title="bbox 1754 3908 3307 3980; baseline -0.005 -12"><span class='ocrx_word' id='word_1_791' title='bbox 1754 3913 2015 3976; x_wconf 87' lang='lat' dir='ltr'><strong>homines,</strong></span> <span class='ocrx_word' id='word_1_792' title='bbox 2038 3909 2247 3980; x_wconf 90' lang='lat' dir='ltr'><strong>quando</strong></span> <span class='ocrx_word' id='word_1_793' title='bbox 2266 3920 2385 3964; x_wconf 89' lang='lat' dir='ltr'><strong>sunt</strong></span> <span class='ocrx_word' id='word_1_794' title='bbox 2405 3909 2537 3979; x_wconf 88' lang='lat' dir='ltr'><strong>grati</strong></span> <span class='ocrx_word' id='word_1_795' title='bbox 2558 3917 2614 3963; x_wconf 89' lang='lat' dir='ltr'><strong>et</strong></span> <span class='ocrx_word' id='word_1_796' title='bbox 2631 3922 2893 3962; x_wconf 85' lang='lat' dir='ltr'><strong>memores</strong></span> <span class='ocrx_word' id='word_1_797' title='bbox 2912 3908 3175 3971; x_wconf 82' lang='lat' dir='ltr'><strong>beneﬁcii,</strong></span> <span class='ocrx_word' id='word_1_798' title='bbox 3198 3920 3307 3962; x_wconf 89' lang='lat' dir='ltr'><strong>non</strong></span> 
     </span>
    </p>
   </div>
   <div class='ocr_carea' id='block_1_100' title="bbox 1753 3999 3304 4073">
    <p class='ocr_par' dir='ltr' id='par_1_100' title="bbox 1753 3999 3304 4073">
     <span class='ocr_line' id='line_1_100' title="bbox 1753 3999 3304 4073; baseline -0.003 -15"><span class='ocrx_word' id='word_1_799' title='bbox 1753 4013 1861 4059; x_wconf 87' lang='lat' dir='ltr'><strong>tam</strong></span> <span class='ocrx_word' id='word_1_800' title='bbox 1897 4002 2246 4073; x_wconf 89' lang='lat' dir='ltr'><strong>ingemiscunt</strong></span> <span class='ocrx_word' id='word_1_801' title='bbox 2279 4000 2349 4054; x_wconf 93' lang='lat' dir='ltr'><strong>ob</strong></span> <span class='ocrx_word' id='word_1_802' title='bbox 2377 4002 2533 4063; x_wconf 89' lang='lat' dir='ltr'><strong>mala,</strong></span> <span class='ocrx_word' id='word_1_803' title='bbox 2562 4016 2717 4070; x_wconf 90' lang='lat' dir='ltr'><strong>quam</strong></span> <span class='ocrx_word' id='word_1_804' title='bbox 2748 4000 2817 4055; x_wconf 93' lang='lat' dir='ltr'><strong>ob</strong></span> <span class='ocrx_word' id='word_1_805' title='bbox 2844 3999 2979 4054; x_wconf 88' lang='lat' dir='ltr'><strong>bona</strong></span> <span class='ocrx_word' id='word_1_806' title='bbox 3006 4014 3123 4068; x_wconf 76' lang='lat' dir='ltr'><strong>qua:</strong></span> <span class='ocrx_word' id='word_1_807' title='bbox 3150 4013 3304 4054; x_wconf 81' lang='lat' dir='ltr'><strong>acce-</strong></span> 
     </span>
    </p>
   </div>
   <div class='ocr_carea' id='block_1_101' title="bbox 1752 4091 3304 4169">
    <p class='ocr_par' dir='ltr' id='par_1_101' title="bbox 1752 4091 3304 4169">
     <span class='ocr_line' id='line_1_101' title="bbox 1752 4091 3304 4169; baseline -0.005 -16"><span class='ocrx_word' id='word_1_808' title='bbox 1752 4105 1943 4169; x_wconf 90' lang='lat' dir='ltr'><strong>perunt</strong></span> <span class='ocrx_word' id='word_1_809' title='bbox 1969 4096 2037 4152; x_wconf 90' lang='lat' dir='ltr'><strong>ab</strong></span> <span class='ocrx_word' id='word_1_810' title='bbox 2077 4093 2141 4151; x_wconf 89' lang='lat' dir='ltr'><strong>iis</strong></span> <span class='ocrx_word' id='word_1_811' title='bbox 2179 4095 2264 4166; x_wconf 90' lang='lat' dir='ltr'><strong>qui</strong></span> <span class='ocrx_word' id='word_1_812' title='bbox 2306 4106 2430 4149; x_wconf 88' lang='lat' dir='ltr'><strong>sunt</strong></span> <span class='ocrx_word' id='word_1_813' title='bbox 2464 4093 2637 4148; x_wconf 82' lang='lat' dir='ltr'><strong>all‘ecti</strong></span> <span class='ocrx_word' id='word_1_814' title='bbox 2679 4092 2889 4162; x_wconf 88' lang='lat' dir='ltr'><strong>injuria.</strong></span> <span class='ocrx_word' id='word_1_815' title='bbox 2929 4092 3139 4147; x_wconf 84' lang='lat' dir='ltr'><strong>Etenim</strong></span> <span class='ocrx_word' id='word_1_816' title='bbox 3176 4091 3304 4148; x_wconf 87' lang='lat' dir='ltr'><strong>illud</strong></span> 
     </span>
    </p>
   </div>
   <div class='ocr_carea' id='block_1_102' title="bbox 1752 4183 3304 4257">
    <p class='ocr_par' dir='ltr' id='par_1_102' title="bbox 1752 4183 3304 4257">
     <span class='ocr_line' id='line_1_102' title="bbox 1752 4183 3304 4257; baseline -0.003 -15"><span class='ocrx_word' id='word_1_817' title='bbox 1752 4188 1982 4257; x_wconf 89' lang='lat' dir='ltr'><strong>nequitia</strong></span> <span class='ocrx_word' id='word_1_818' title='bbox 2003 4228 2019 4253; x_wconf 94' lang='lat'><strong>,</strong></span> <span class='ocrx_word' id='word_1_819' title='bbox 2059 4186 2160 4241; x_wconf 86' lang='lat' dir='ltr'><strong>hoc</strong></span> <span class='ocrx_word' id='word_1_820' title='bbox 2200 4184 2487 4255; x_wconf 86' lang='lat' dir='ltr'><strong>opprobrio</strong></span> <span class='ocrx_word' id='word_1_821' title='bbox 2516 4195 2568 4240; x_wconf 88' lang='lat' dir='ltr'><strong>et</strong></span> <span class='ocrx_word' id='word_1_822' title='bbox 2597 4185 2703 4239; x_wconf 91' lang='lat' dir='ltr'><strong>risu</strong></span> <span class='ocrx_word' id='word_1_823' title='bbox 2732 4184 2941 4253; x_wconf 91' lang='lat' dir='ltr'><strong>plenum</strong></span> <span class='ocrx_word' id='word_1_824' title='bbox 2981 4193 3082 4249; x_wconf 89' lang='lat' dir='ltr'><strong>est,</strong></span> <span class='ocrx_word' id='word_1_825' title='bbox 3111 4198 3229 4239; x_wconf 91' lang='lat' dir='ltr'><strong>cum</strong></span> <span class='ocrx_word' id='word_1_826' title='bbox 3261 4183 3304 4238; x_wconf 85' lang='lat' dir='ltr'><strong>is</strong></span> 
     </span>
    </p>
   </div>
   <div class='ocr_carea' id='block_1_103' title="bbox 1751 4274 3305 4348">
    <p class='ocr_par' dir='ltr' id='par_1_103' title="bbox 1751 4274 3305 4348">
     <span class='ocr_line' id='line_1_103' title="bbox 1751 4274 3305 4348; baseline -0.003 -15"><span class='ocrx_word' id='word_1_827' title='bbox 1751 4280 1837 4348; x_wconf 90' lang='lat' dir='ltr'><strong>qui</strong></span> <span class='ocrx_word' id='word_1_828' title='bbox 1868 4278 2176 4333; x_wconf 89' lang='lat' dir='ltr'><strong>beneficium</strong></span> <span class='ocrx_word' id='word_1_829' title='bbox 2202 4277 2435 4346; x_wconf 90' lang='lat' dir='ltr'><strong>accepit,</strong></span> <span class='ocrx_word' id='word_1_830' title='bbox 2465 4292 2569 4331; x_wconf 93' lang='lat' dir='ltr'><strong>non</strong></span> <span class='ocrx_word' id='word_1_831' title='bbox 2600 4275 2860 4346; x_wconf 89' lang='lat' dir='ltr'><strong>rependit.</strong></span> <span class='ocrx_word' id='word_1_832' title='bbox 2901 4274 3030 4329; x_wconf 88' lang='lat' dir='ltr'><strong>Nam</strong></span> <span class='ocrx_word' id='word_1_833' title='bbox 3062 4274 3162 4329; x_wconf 91' lang='lat' dir='ltr'><strong>hoc</strong></span> <span class='ocrx_word' id='word_1_834' title='bbox 3187 4275 3305 4345; x_wconf 86' lang='lat' dir='ltr'><strong>qui-</strong></span> 
     </span>
    </p>
   </div>
   <div class='ocr_carea' id='block_1_104' title="bbox 1751 4354 3306 4436">
    <p class='ocr_par' dir='ltr' id='par_1_104' title="bbox 1751 4354 3306 4436">
     <span class='ocr_line' id='line_1_104' title="bbox 1751 4354 3306 4436; baseline -0.001 -13"><span class='ocrx_word' id='word_1_835' title='bbox 1751 4369 1871 4423; x_wconf 87' lang='lat' dir='ltr'><strong>dem</strong></span> <span class='ocrx_word' id='word_1_836' title='bbox 1902 4369 2059 4423; x_wconf 88' lang='lat' dir='ltr'><strong>habet</strong></span> <span class='ocrx_word' id='word_1_837' title='bbox 2090 4369 2320 4424; x_wconf 83' lang='lat' dir='ltr'><strong>laudem.</strong></span> <span class='ocrx_word' id='word_1_838' title='bbox 2348 4369 2586 4436; x_wconf 84' lang='lat' dir='ltr'><strong>plausum</strong></span> <span class='ocrx_word' id='word_1_839' title='bbox 2615 4376 2669 4421; x_wconf 90' lang='lat' dir='ltr'><strong>et</strong></span> <span class='ocrx_word' id='word_1_840' title='bbox 2696 4354 3306 4421; x_wconf 75' lang='lat' dir='ltr'><strong>commendationem&#39;ab</strong></span> 
     </span>
    </p>
   </div>
   <div class='ocr_carea' id='block_1_105' title="bbox 1750 4456 3303 4528">
    <p class='ocr_par' dir='ltr' id='par_1_105' title="bbox 1750 4456 3303 4528">
     <span class='ocr_line' id='line_1_105' title="bbox 1750 4456 3303 4528; baseline -0.004 -13"><span class='ocrx_word' id='word_1_841' title='bbox 1750 4459 1995 4515; x_wconf 88' lang='lat' dir='ltr'><strong>omnibus</strong></span> <span class='ocrx_word' id='word_1_842' title='bbox 2014 4499 2028 4523; x_wconf 94' lang='lat'><strong>,</strong></span> <span class='ocrx_word' id='word_1_843' title='bbox 2055 4459 2193 4528; x_wconf 90' lang='lat' dir='ltr'><strong>quod</strong></span> <span class='ocrx_word' id='word_1_844' title='bbox 2224 4459 2359 4513; x_wconf 85' lang='lat' dir='ltr'><strong>male</strong></span> <span class='ocrx_word' id='word_1_845' title='bbox 2394 4471 2579 4526; x_wconf 89' lang='lat' dir='ltr'><strong>passus</strong></span> <span class='ocrx_word' id='word_1_846' title='bbox 2604 4472 2699 4526; x_wconf 87' lang='lat' dir='ltr'><strong>par</strong></span> <span class='ocrx_word' id='word_1_847' title='bbox 2723 4457 2828 4526; x_wconf 90' lang='lat' dir='ltr'><strong>pari</strong></span> <span class='ocrx_word' id='word_1_848' title='bbox 2861 4471 2964 4511; x_wconf 91' lang='lat' dir='ltr'><strong>non</strong></span> <span class='ocrx_word' id='word_1_849' title='bbox 2997 4456 3303 4511; x_wconf 80' lang='lat' dir='ltr'><strong>reddiderit.</strong></span> 
     </span>
    </p>
   </div>
   <div class='ocr_carea' id='block_1_106' title="bbox 1750 4548 3306 4621">
    <p class='ocr_par' dir='ltr' id='par_1_106' title="bbox 1750 4548 3306 4621">
     <span class='ocr_line' id='line_1_106' title="bbox 1750 4548 3306 4621; baseline -0.004 -14"><span class='ocrx_word' id='word_1_850' title='bbox 1750 4551 1974 4621; x_wconf 90' lang='lat' dir='ltr'><strong>Pr0pter</strong></span> <span class='ocrx_word' id='word_1_851' title='bbox 2003 4554 2104 4605; x_wconf 90' lang='lat' dir='ltr'><strong>boc</strong></span> <span class='ocrx_word' id='word_1_852' title='bbox 2123 4550 2351 4603; x_wconf 86' lang='lat' dir='ltr'><strong>maxime</strong></span> <span class='ocrx_word' id='word_1_853' title='bbox 2381 4548 2707 4603; x_wconf 90' lang='lat' dir='ltr'><strong>mordentur.</strong></span> <span class='ocrx_word' id='word_1_854' title='bbox 2740 4549 3113 4616; x_wconf 87' lang='lat' dir='ltr'><strong>Quamobrem,</strong></span> <span class='ocrx_word' id='word_1_855' title='bbox 3145 4550 3188 4602; x_wconf 92' lang='lat' dir='ltr'><strong>si</strong></span> <span class='ocrx_word' id='word_1_856' title='bbox 3216 4566 3306 4600; x_wconf 77' lang='lat' dir='ltr'><strong>vc-</strong></span> 
     </span>
    </p>
   </div>
   <div class='ocr_carea' id='block_1_107' title="bbox 1750 4637 3302 4709">
    <p class='ocr_par' dir='ltr' id='par_1_107' title="bbox 1750 4637 3302 4709">
     <span class='ocr_line' id='line_1_107' title="bbox 1750 4637 3302 4709; baseline -0.003 -12"><span class='ocrx_word' id='word_1_857' title='bbox 1750 4642 1817 4697; x_wconf 91' lang='lat' dir='ltr'><strong>lis</strong></span> <span class='ocrx_word' id='word_1_858' title='bbox 1842 4641 2043 4709; x_wconf 90' lang='lat' dir='ltr'><strong>ulcisci,</strong></span> <span class='ocrx_word' id='word_1_859' title='bbox 2073 4640 2173 4695; x_wconf 82' lang='lat' dir='ltr'><strong>ltoc</strong></span> <span class='ocrx_word' id='word_1_860' title='bbox 2194 4639 2351 4695; x_wconf 86' lang='lat' dir='ltr'><strong>modo</strong></span> <span class='ocrx_word' id='word_1_861' title='bbox 2376 4639 2630 4693; x_wconf 89' lang='lat' dir='ltr'><strong>ulciscere</strong></span> <span class='ocrx_word' id='word_1_862' title='bbox 2660 4655 2675 4691; x_wconf 87' lang='lat'><strong>:</strong></span> <span class='ocrx_word' id='word_1_863' title='bbox 2709 4639 2845 4692; x_wconf 90' lang='lat' dir='ltr'><strong>mala</strong></span> <span class='ocrx_word' id='word_1_864' title='bbox 2875 4637 3104 4708; x_wconf 89' lang='lat' dir='ltr'><strong>repende</strong></span> <span class='ocrx_word' id='word_1_865' title='bbox 3130 4639 3302 4705; x_wconf 89' lang='lat' dir='ltr'><strong>bouis,</strong></span> 
     </span>
    </p>
   </div>
   <div class='ocr_carea' id='block_1_108' title="bbox 1752 4729 3306 4793">
    <p class='ocr_par' dir='ltr' id='par_1_108' title="bbox 1752 4729 3306 4793">
     <span class='ocr_line' id='line_1_108' title="bbox 1752 4729 3306 4793; baseline -0.005 -5"><span class='ocrx_word' id='word_1_866' title='bbox 1752 4742 1810 4788; x_wconf 91' lang='lat' dir='ltr'><strong>ut</strong></span> <span class='ocrx_word' id='word_1_867' title='bbox 1837 4747 1958 4788; x_wconf 89' lang='lat' dir='ltr'><strong>eum</strong></span> <span class='ocrx_word' id='word_1_868' title='bbox 1986 4731 2176 4787; x_wconf 89' lang='lat' dir='ltr'><strong>reddas</strong></span> <span class='ocrx_word' id='word_1_869' title='bbox 2197 4730 2512 4793; x_wconf 88' lang='lat' dir='ltr'><strong>debitorem,</strong></span> <span class='ocrx_word' id='word_1_870' title='bbox 2532 4740 2587 4784; x_wconf 90' lang='lat' dir='ltr'><strong>et</strong></span> <span class='ocrx_word' id='word_1_871' title='bbox 2610 4729 2905 4785; x_wconf 89' lang='lat' dir='ltr'><strong>admirabili</strong></span> <span class='ocrx_word' id='word_1_872' title='bbox 2933 4730 3111 4784; x_wconf 90' lang='lat' dir='ltr'><strong>vincas</strong></span> <span class='ocrx_word' id='word_1_873' title='bbox 3140 4730 3306 4784; x_wconf 85' lang='lat' dir='ltr'><strong>victo-</strong></span> 
     </span>
    </p>
   </div>
   <div class='ocr_carea' id='block_1_109' title="bbox 1752 4819 3301 4891">
    <p class='ocr_par' dir='ltr' id='par_1_109' title="bbox 1752 4819 3301 4891">
     <span class='ocr_line' id='line_1_109' title="bbox 1752 4819 3301 4891; baseline -0.001 -14"><span class='ocrx_word' id='word_1_874' title='bbox 1752 4823 1850 4877; x_wconf 88' lang='lat' dir='ltr'><strong>ria.</strong></span> <span class='ocrx_word' id='word_1_875' title='bbox 1874 4822 2008 4877; x_wconf 74' lang='lat' dir='ltr'><strong>blale</strong></span> <span class='ocrx_word' id='word_1_876' title='bbox 2027 4836 2211 4891; x_wconf 90' lang='lat' dir='ltr'><strong>passus</strong></span> <span class='ocrx_word' id='word_1_877' title='bbox 2235 4820 2326 4875; x_wconf 87' lang='lat' dir='ltr'><strong>es?</strong></span> <span class='ocrx_word' id='word_1_878' title='bbox 2346 4820 2487 4875; x_wconf 90' lang='lat' dir='ltr'><strong>Bene</strong></span> <span class='ocrx_word' id='word_1_879' title='bbox 2508 4819 2587 4875; x_wconf 89' lang='lat' dir='ltr'><strong>fac</strong></span> <span class='ocrx_word' id='word_1_880' title='bbox 2612 4838 2625 4875; x_wconf 90' lang='lat'><strong>:</strong></span> <span class='ocrx_word' id='word_1_881' title='bbox 2650 4820 2718 4874; x_wconf 89' lang='lat' dir='ltr'><strong>ita</strong></span> <span class='ocrx_word' id='word_1_882' title='bbox 2741 4820 3007 4875; x_wconf 89' lang='lat' dir='ltr'><strong>inimicum</strong></span> <span class='ocrx_word' id='word_1_883' title='bbox 3026 4820 3301 4876; x_wconf 87' lang='lat' dir='ltr'><strong>ulciscere.</strong></span> 
     </span>
    </p>
   </div>
   <div class='ocr_carea' id='block_1_110' title="bbox 1750 4911 3365 4982">
    <p class='ocr_par' dir='ltr' id='par_1_110' title="bbox 1750 4911 3365 4982">
     <span class='ocr_line' id='line_1_110' title="bbox 1750 4911 3365 4982; baseline -0.002 -12"><span class='ocrx_word' id='word_1_884' title='bbox 1750 4914 1882 4970; x_wconf 87' lang='lat' dir='ltr'><strong>Nam</strong></span> <span class='ocrx_word' id='word_1_885' title='bbox 1929 4914 1972 4968; x_wconf 91' lang='lat' dir='ltr'><strong>si</strong></span> <span class='ocrx_word' id='word_1_886' title='bbox 2023 4913 2167 4967; x_wconf 91' lang='lat' dir='ltr'><strong>illum</strong></span> <span class='ocrx_word' id='word_1_887' title='bbox 2206 4911 2416 4982; x_wconf 89' lang='lat' dir='ltr'><strong>quidem</strong></span> <span class='ocrx_word' id='word_1_888' title='bbox 2458 4912 2807 4982; x_wconf 89' lang='lat' dir='ltr'><strong>persequaris,</strong></span> <span class='ocrx_word' id='word_1_889' title='bbox 2838 4926 3022 4967; x_wconf 91' lang='lat' dir='ltr'><strong>omnes</strong></span> <span class='ocrx_word' id='word_1_890' title='bbox 3066 4922 3118 4967; x_wconf 89' lang='lat' dir='ltr'><strong>et</strong></span> <span class='ocrx_word' id='word_1_891' title='bbox 3160 4921 3212 4967; x_wconf 93' lang='lat' dir='ltr'><strong>te</strong></span> <span class='ocrx_word' id='word_1_892' title='bbox 3250 4921 3305 4966; x_wconf 90' lang='lat' dir='ltr'><strong>et</strong></span> <span class='ocrx_word' id='word_1_893' title='bbox 3361 4937 3365 4942; x_wconf 59' lang='grc' dir='ltr'><strong>ν</strong></span> 
     </span>
    </p>
   </div>
   <div class='ocr_carea' id='block_1_111' title="bbox 1751 5001 3304 5073">
    <p class='ocr_par' dir='ltr' id='par_1_111' title="bbox 1751 5001 3304 5073">
     <span class='ocr_line' id='line_1_111' title="bbox 1751 5001 3304 5073; baseline -0.003 -10"><span class='ocrx_word' id='word_1_894' title='bbox 1751 5006 1902 5064; x_wconf 89' lang='lat' dir='ltr'><strong>illunt</strong></span> <span class='ocrx_word' id='word_1_895' title='bbox 1945 5004 2187 5059; x_wconf 89' lang='lat' dir='ltr'><strong>similiter</strong></span> <span class='ocrx_word' id='word_1_896' title='bbox 2214 5004 2554 5073; x_wconf 89' lang='lat' dir='ltr'><strong>vituperant:</strong></span> <span class='ocrx_word' id='word_1_897' title='bbox 2584 5003 2666 5057; x_wconf 91' lang='lat' dir='ltr'><strong>sin</strong></span> <span class='ocrx_word' id='word_1_898' title='bbox 2708 5012 2882 5058; x_wconf 89' lang='lat' dir='ltr'><strong>autem</strong></span> <span class='ocrx_word' id='word_1_899' title='bbox 2929 5001 3103 5070; x_wconf 88' lang='lat' dir='ltr'><strong>feras,</strong></span> <span class='ocrx_word' id='word_1_900' title='bbox 3149 5003 3304 5059; x_wconf 91' lang='lat' dir='ltr'><strong>aliter</strong></span> 
     </span>
    </p>
   </div>
   <div class='ocr_carea' id='block_1_112' title="bbox 1750 5094 3300 5167">
    <p class='ocr_par' dir='ltr' id='par_1_112' title="bbox 1750 5094 3300 5167">
     <span class='ocr_line' id='line_1_112' title="bbox 1750 5094 3300 5167; baseline -0.003 -14"><span class='ocrx_word' id='word_1_901' title='bbox 1750 5098 1842 5153; x_wconf 92' lang='lat' dir='ltr'><strong>tibi</strong></span> <span class='ocrx_word' id='word_1_902' title='bbox 1882 5096 2092 5167; x_wconf 91' lang='lat' dir='ltr'><strong>quidem</strong></span> <span class='ocrx_word' id='word_1_903' title='bbox 2137 5094 2455 5165; x_wconf 91' lang='lat' dir='ltr'><strong>applaudeut</strong></span> <span class='ocrx_word' id='word_1_904' title='bbox 2495 5103 2549 5149; x_wconf 87' lang='lat' dir='ltr'><strong>et</strong></span> <span class='ocrx_word' id='word_1_905' title='bbox 2591 5104 2642 5150; x_wconf 89' lang='lat' dir='ltr'><strong>te</strong></span> <span class='ocrx_word' id='word_1_906' title='bbox 2682 5094 3105 5160; x_wconf 85' lang='lat' dir='ltr'><strong>admirabuntur,</strong></span> <span class='ocrx_word' id='word_1_907' title='bbox 3152 5094 3300 5149; x_wconf 90' lang='lat' dir='ltr'><strong>illum</strong></span> 
     </span>
    </p>
   </div>
   <div class='ocr_carea' id='block_1_113' title="bbox 1746 5186 2293 5245">
    <p class='ocr_par' dir='ltr' id='par_1_113' title="bbox 1746 5186 2293 5245">
     <span class='ocr_line' id='line_1_113' title="bbox 1746 5186 2293 5245; baseline -0.009 -1"><span class='ocrx_word' id='word_1_908' title='bbox 1746 5198 1922 5245; x_wconf 85' lang='lat' dir='ltr'><strong>autem</strong></span> <span class='ocrx_word' id='word_1_909' title='bbox 1956 5186 2293 5241; x_wconf 87' lang='lat' dir='ltr'><strong>accusabunt.</strong></span> 
     </span>
    </p>
   </div>
   <div class='ocr_carea' id='block_1_114' title="bbox 1817 5275 3389 5348">
    <p class='ocr_par' dir='ltr' id='par_1_114' title="bbox 1817 5275 3389 5348">
     <span class='ocr_line' id='line_1_114' title="bbox 1817 5275 3389 5348; baseline -0.003 -13"><span class='ocrx_word' id='word_1_910' title='bbox 1817 5281 1869 5335; x_wconf 78' lang='grc'><strong>5.</strong></span> <span class='ocrx_word' id='word_1_911' title='bbox 1901 5278 2034 5348; x_wconf 87' lang='lat' dir='ltr'><strong>Quid</strong></span> <span class='ocrx_word' id='word_1_912' title='bbox 2062 5288 2236 5332; x_wconf 88' lang='lat' dir='ltr'><strong>autem</strong></span> <span class='ocrx_word' id='word_1_913' title='bbox 2263 5276 2432 5346; x_wconf 89' lang='lat' dir='ltr'><strong>majus</strong></span> <span class='ocrx_word' id='word_1_914' title='bbox 2468 5276 2580 5331; x_wconf 86' lang='lat' dir='ltr'><strong>fieri</strong></span> <span class='ocrx_word' id='word_1_915' title='bbox 2606 5275 2836 5346; x_wconf 90' lang='lat' dir='ltr'><strong>potuerit</strong></span> <span class='ocrx_word' id='word_1_916' title='bbox 2865 5275 3079 5329; x_wconf 91' lang='lat' dir='ltr'><strong>inimico</strong></span> <span class='ocrx_word' id='word_1_917' title='bbox 3098 5317 3113 5340; x_wconf 86' lang='lat'><strong>,</strong></span> <span class='ocrx_word' id='word_1_918' title='bbox 3142 5291 3302 5345; x_wconf 90' lang='lat' dir='ltr'><strong>quam</strong></span> <span class='ocrx_word' id='word_1_919' title='bbox 3384 5334 3389 5343; x_wconf 53' lang='grc'><em>,</em></span> 
     </span>
    </p>
   </div>
   <div class='ocr_carea' id='block_1_115' title="bbox 1747 5364 3303 5435">
    <p class='ocr_par' dir='ltr' id='par_1_115' title="bbox 1747 5364 3303 5435">
     <span class='ocr_line' id='line_1_115' title="bbox 1747 5364 3303 5435; baseline -0.002 -12"><span class='ocrx_word' id='word_1_920' title='bbox 1747 5370 1928 5425; x_wconf 89' lang='lat' dir='ltr'><strong>videre</strong></span> <span class='ocrx_word' id='word_1_921' title='bbox 1969 5369 2240 5423; x_wconf 87' lang='lat' dir='ltr'><strong>inimicum</strong></span> <span class='ocrx_word' id='word_1_922' title='bbox 2267 5381 2385 5421; x_wconf 86' lang='lat' dir='ltr'><strong>esse</strong></span> <span class='ocrx_word' id='word_1_923' title='bbox 2416 5365 2469 5421; x_wconf 91' lang='lat' dir='ltr'><strong>in</strong></span> <span class='ocrx_word' id='word_1_924' title='bbox 2506 5366 2853 5422; x_wconf 87' lang='lat' dir='ltr'><strong>admiratione</strong></span> <span class='ocrx_word' id='word_1_925' title='bbox 2877 5364 3014 5435; x_wconf 90' lang='lat' dir='ltr'><strong>apud</strong></span> <span class='ocrx_word' id='word_1_926' title='bbox 3040 5379 3224 5418; x_wconf 91' lang='lat' dir='ltr'><strong>omnes</strong></span> <span class='ocrx_word' id='word_1_927' title='bbox 3250 5373 3303 5420; x_wconf 90' lang='lat' dir='ltr'><strong>et</strong></span> 
     </span>
    </p>
   </div>
   <div class='ocr_carea' id='block_1_116' title="bbox 1747 5456 3303 5532">
    <p class='ocr_par' dir='ltr' id='par_1_116' title="bbox 1747 5456 3303 5532">
     <span class='ocr_line' id='line_1_116' title="bbox 1747 5456 3303 5532; baseline -0.003 -13"><span class='ocrx_word' id='word_1_928' title='bbox 1747 5464 1795 5520; x_wconf 89' lang='lat' dir='ltr'><strong>ei</strong></span> <span class='ocrx_word' id='word_1_929' title='bbox 1824 5461 2107 5532; x_wconf 88' lang='lat' dir='ltr'><strong>applaudi?</strong></span> <span class='ocrx_word' id='word_1_930' title='bbox 2146 5460 2271 5532; x_wconf 90' lang='lat' dir='ltr'><strong>quid</strong></span> <span class='ocrx_word' id='word_1_931' title='bbox 2308 5460 2521 5515; x_wconf 90' lang='lat' dir='ltr'><strong>inimico</strong></span> <span class='ocrx_word' id='word_1_932' title='bbox 2546 5459 2785 5515; x_wconf 87' lang='lat' dir='ltr'><strong>acerbius</strong></span> <span class='ocrx_word' id='word_1_933' title='bbox 2807 5500 2823 5525; x_wconf 90' lang='lat'><strong>,</strong></span> <span class='ocrx_word' id='word_1_934' title='bbox 2858 5473 3013 5529; x_wconf 89' lang='lat' dir='ltr'><strong>quam</strong></span> <span class='ocrx_word' id='word_1_935' title='bbox 3039 5456 3219 5512; x_wconf 88' lang='lat' dir='ltr'><strong>videre</strong></span> <span class='ocrx_word' id='word_1_936' title='bbox 3242 5472 3303 5514; x_wconf 85' lang='lat' dir='ltr'><strong>se</strong></span> 
     </span>
    </p>
   </div>
   <div class='ocr_carea' id='block_1_117' title="bbox 1747 5548 3302 5627">
    <p class='ocr_par' dir='ltr' id='par_1_117' title="bbox 1747 5548 3302 5627">
     <span class='ocr_line' id='line_1_117' title="bbox 1747 5548 3302 5627; baseline -0.005 -18"><span class='ocrx_word' id='word_1_937' title='bbox 1747 5555 1942 5627; x_wconf 89' lang='lat' dir='ltr'><strong>probro</strong></span> <span class='ocrx_word' id='word_1_938' title='bbox 1978 5562 2033 5609; x_wconf 89' lang='lat' dir='ltr'><strong>et</strong></span> <span class='ocrx_word' id='word_1_939' title='bbox 2068 5552 2389 5609; x_wconf 88' lang='lat' dir='ltr'><strong>contumelia</strong></span> <span class='ocrx_word' id='word_1_940' title='bbox 2414 5550 2551 5606; x_wconf 86' lang='lat' dir='ltr'><strong>affici</strong></span> <span class='ocrx_word' id='word_1_941' title='bbox 2576 5551 2643 5606; x_wconf 90' lang='lat' dir='ltr'><strong>ab</strong></span> <span class='ocrx_word' id='word_1_942' title='bbox 2670 5550 2933 5614; x_wconf 89' lang='lat' dir='ltr'><strong>omnibus,</strong></span> <span class='ocrx_word' id='word_1_943' title='bbox 2962 5548 3173 5603; x_wconf 82' lang='lat' dir='ltr'><strong>vidente</strong></span> <span class='ocrx_word' id='word_1_944' title='bbox 3195 5549 3302 5603; x_wconf 85' lang='lat' dir='ltr'><strong>ini-</strong></span> 
     </span>
    </p>
   </div>
   <div class='ocr_carea' id='block_1_118' title="bbox 1746 5642 3303 5715">
    <p class='ocr_par' dir='ltr' id='par_1_118' title="bbox 1746 5642 3303 5715">
     <span class='ocr_line' id='line_1_118' title="bbox 1746 5642 3303 5715; baseline -0.003 -14"><span class='ocrx_word' id='word_1_945' title='bbox 1746 5647 1921 5701; x_wconf 80' lang='lat' dir='ltr'><strong>mico?</strong></span> <span class='ocrx_word' id='word_1_946' title='bbox 1948 5645 2005 5702; x_wconf 87' lang='lat' dir='ltr'><strong>Si</strong></span> <span class='ocrx_word' id='word_1_947' title='bbox 2028 5646 2195 5715; x_wconf 90' lang='lat' dir='ltr'><strong>ipsum</strong></span> <span class='ocrx_word' id='word_1_948' title='bbox 2222 5644 2509 5709; x_wconf 87' lang='lat' dir='ltr'><strong>ulciscaris,</strong></span> <span class='ocrx_word' id='word_1_949' title='bbox 2536 5653 2589 5699; x_wconf 92' lang='lat' dir='ltr'><strong>et</strong></span> <span class='ocrx_word' id='word_1_950' title='bbox 2612 5642 2833 5697; x_wconf 90' lang='lat' dir='ltr'><strong>fortasse</strong></span> <span class='ocrx_word' id='word_1_951' title='bbox 2852 5642 3140 5708; x_wconf 88' lang='lat' dir='ltr'><strong>damnaris,</strong></span> <span class='ocrx_word' id='word_1_952' title='bbox 3164 5651 3217 5695; x_wconf 91' lang='lat' dir='ltr'><strong>et</strong></span> <span class='ocrx_word' id='word_1_953' title='bbox 3245 5650 3303 5697; x_wconf 87' lang='lat' dir='ltr'><strong>tu</strong></span> 
     </span>
    </p>
   </div>
   <div class='ocr_carea' id='block_1_119' title="bbox 1744 5734 3302 5804">
    <p class='ocr_par' dir='ltr' id='par_1_119' title="bbox 1744 5734 3302 5804">
     <span class='ocr_line' id='line_1_119' title="bbox 1744 5734 3302 5804; baseline -0.001 -13"><span class='ocrx_word' id='word_1_954' title='bbox 1744 5737 1890 5791; x_wconf 89' lang='lat' dir='ltr'><strong>solus</strong></span> <span class='ocrx_word' id='word_1_955' title='bbox 1909 5737 2179 5792; x_wconf 88' lang='lat' dir='ltr'><strong>ulcisceris</strong></span> <span class='ocrx_word' id='word_1_956' title='bbox 2207 5753 2221 5789; x_wconf 86' lang='lat'><strong>:</strong></span> <span class='ocrx_word' id='word_1_957' title='bbox 2249 5738 2331 5791; x_wconf 90' lang='lat' dir='ltr'><strong>sin</strong></span> <span class='ocrx_word' id='word_1_958' title='bbox 2355 5744 2529 5791; x_wconf 92' lang='lat' dir='ltr'><strong>autem</strong></span> <span class='ocrx_word' id='word_1_959' title='bbox 2555 5734 2602 5789; x_wconf 89' lang='lat' dir='ltr'><strong>ei</strong></span> <span class='ocrx_word' id='word_1_960' title='bbox 2624 5734 2884 5795; x_wconf 89' lang='lat' dir='ltr'><strong>remittas.</strong></span> <span class='ocrx_word' id='word_1_961' title='bbox 2910 5747 3096 5789; x_wconf 89' lang='lat' dir='ltr'><strong>omnes</strong></span> <span class='ocrx_word' id='word_1_962' title='bbox 3124 5748 3220 5804; x_wconf 90' lang='lat' dir='ltr'><strong>pro</strong></span> <span class='ocrx_word' id='word_1_963' title='bbox 3250 5745 3302 5790; x_wconf 79' lang='lat' dir='ltr'><strong>te</strong></span> 
     </span>
    </p>
   </div>
   <div class='ocr_carea' id='block_1_120' title="bbox 1746 5824 3299 5900">
    <p class='ocr_par' dir='ltr' id='par_1_120' title="bbox 1746 5824 3299 5900">
     <span class='ocr_line' id='line_1_120' title="bbox 1746 5824 3299 5900; baseline 0 -18"><span class='ocrx_word' id='word_1_964' title='bbox 1746 5828 1921 5900; x_wconf 83' lang='lat' dir='ltr'><strong>ipsum</strong></span> <span class='ocrx_word' id='word_1_965' title='bbox 1945 5827 2313 5884; x_wconf 88' lang='lat' dir='ltr'><strong>ulciscuntur:</strong></span> <span class='ocrx_word' id='word_1_966' title='bbox 2343 5825 2481 5898; x_wconf 90' lang='lat' dir='ltr'><strong>quod</strong></span> <span class='ocrx_word' id='word_1_967' title='bbox 2522 5824 2732 5896; x_wconf 88' lang='lat' dir='ltr'><strong>quidem</strong></span> <span class='ocrx_word' id='word_1_968' title='bbox 2779 5834 2859 5880; x_wconf 88' lang='lat' dir='ltr'><strong>est</strong></span> <span class='ocrx_word' id='word_1_969' title='bbox 2894 5824 3104 5896; x_wconf 85' lang='lat' dir='ltr'><strong>gravius</strong></span> <span class='ocrx_word' id='word_1_970' title='bbox 3141 5840 3299 5897; x_wconf 86' lang='lat' dir='ltr'><strong>quam</strong></span> 
     </span>
    </p>
   </div>
  </div>
