3960 6548
612 406 713 461 115

614 523 755 578 male
778 522 906 593 pati,
931 521 1071 592 quod
1101 520 1305 576 scilicet
1335 520 1576 574 inimicus
1616 518 1805 574 habeat
1844 526 1953 571 tam
1989 515 2183 570 mullos

615 616 708 683 qui
736 613 907 684 ipsum
935 612 1279 666 ulciscuntur.
1304 611 1361 666 Si
1387 621 1442 665 tu
1467 626 1530 666 os
1550 610 1777 680 aperias,
1799 609 1873 663 illi
1896 609 2143 663 tacebunt
2167 624 2179 660 :

618 708 701 761 sin
727 715 901 759 autem
930 712 985 757 tu
1012 711 1208 767 taceas,
1228 718 1333 756 non
1362 703 1541 771 utique
1571 716 1677 755 uno
1701 715 1815 763 ore,
1840 698 1933 753 sed
1959 699 2187 753 aliorum

622 815 742 854 eum
770 798 927 853 feries
952 796 1445 857 innumerabilibus,
1469 803 1523 848 et
1551 794 1716 862 magis
1737 791 2026 846 ulcisceris.
2050 791 2115 851 Et
2139 798 2189 842 te

619 890 831 960 quidem
857 889 1050 958 probro
1067 896 1121 942 et
1138 886 1455 942 contumelia
1482 890 1838 953 appetentem,
1859 881 2009 936 multi
2035 896 2190 933 accu-

620 990 768 1045 sant;
800 979 981 1033 dicunt
1007 978 1146 1033 enim
1172 992 1291 1032 esse
1311 976 1467 1031 verba
1494 974 1712 1028 aﬂ‘ectus
1740 990 1752 1025 :
1782 971 1991 1042 quando
2014 982 2196 1024 autem

622 1071 710 1140 qni
739 1070 881 1123 nulla
911 1070 1133 1124 allectus
1162 1079 1243 1123 est
1269 1068 1457 1135 injuria
1482 1067 1530 1120 iu
1554 1081 1673 1119 eum
1713 1065 1903 1133 probra
1928 1063 2121 1132 ingerit
2142 1070 2197 1115 et

624 1163 999 1226 contumelias,
1030 1172 1154 1216 tunc
1198 1162 1331 1216 ultio
1357 1168 1437 1215 est
1473 1160 1703 1213 maxime
1743 1157 1909 1212 libera
1954 1157 2021 1209 ab
2049 1154 2195 1209 omni

626 1254 948 1323 suspicione.
980 1252 1203 1329 Quando
1227 1252 1366 1305 enim
1399 1250 1490 1319 qui
1532 1249 1662 1303 nihil
1692 1263 1852 1317 grave
1877 1255 1999 1302 sunt
2024 1246 2195 1314 passi,

634 1356 850 1414 prapter
882 1361 1143 1399 summam
1188 1354 1331 1397 tuam
1362 1344 1631 1398 lenitatem
1652 1382 1667 1407 ,
1712 1350 1977 1409 tamquam
2010 1337 2199 1408 injuria

636 1436 814 1489 allecti
843 1435 999 1491 simul
1022 1436 1203 1489 dolent
1239 1445 1290 1487 et
1315 1434 1779 1497 commiserantur,
1822 1431 1888 1485 ab
1931 1430 2077 1484 omni
2109 1445 2201 1483 su-

634 1528 871 1597 spicione
899 1542 1028 1596 pura
1057 1528 1169 1581 lucc
1188 1526 1438 1580 vindicta.
1459 1523 1595 1592 Quid
1626 1538 1769 1589 vero,
1803 1522 1992 1591 inquit,
2017 1522 2058 1573 si
2088 1520 2206 1574 nul-

637 1619 720 1672 lns
744 1618 1068 1673 ulciscatur?
1098 1617 1234 1671 Fieri
1282 1632 1385 1669 non
1420 1624 1594 1683 potest
1625 1623 1681 1669 ut
1706 1613 1949 1667 homines
1978 1614 2086 1666 sint
2128 1614 2205 1666 la-

639 1709 815 1777 pidei,
864 1716 917 1761 et
946 1722 1049 1761 non
1094 1706 1423 1760 admirentur
1452 1704 1690 1758 videntes
1731 1714 1929 1757 tantam
1974 1703 2207 1771 philoso-

640 1799 859 1869 phiam:
890 1808 944 1853 et
979 1798 1027 1853 si
1056 1807 1179 1852 tunc
1225 1811 1331 1851 non
1375 1797 1714 1858 ulciscantur,
1748 1806 1928 1864 postea
1957 1806 2130 1847 tamen
2156 1793 2207 1847 id

650 1892 851 1946 faciunt
904 1906 963 1945 re
1010 1904 1302 1959 perpensa,
1350 1889 1497 1942 illum
1550 1888 1772 1941 irrident
1814 1898 1869 1942 et
1914 1885 2211 1940 maledictis

650 1993 923 2056 appetunt.
950 1982 1099 2049 Quod
1125 1983 1167 2035 si
1213 1982 1369 2035 etiam
1421 1981 1594 2034 nullus
1619 1980 1755 2033 alius
1795 1989 1847 2032 te
1885 1978 2177 2032 admiretur
2197 2017 2213 2041 ,

648 2075 737 2130 ille
764 2076 877 2144 ipse
908 2085 957 2128 te
987 2074 1205 2128 omnino
1233 2071 1609 2136 admirabitur,
1656 2071 1863 2125 etiamsi
1913 2084 2017 2124 non
2057 2069 2215 2123 dicat.

651 2166 781 2235 Ejus
828 2164 969 2220 enim
999 2162 1143 2232 quod
1171 2163 1367 2217 bonum
1396 2170 1449 2215 et
1478 2161 1757 2214 honestum
1800 2167 1884 2213 est
1928 2158 2217 2227 judicium,

652 2255 864 2311 etiamsi
890 2255 1194 2309 venerimus
1225 2254 1276 2306 in
1314 2253 1483 2321 ipsum
1510 2251 1622 2306 vitii
1674 2249 2016 2320 profundum,
2047 2258 2224 2303 manet

653 2347 1046 2414 incorruptum,
1076 2359 1173 2398 nec
1199 2353 1373 2413 potest
1398 2343 1647 2413 perverti.
1679 2341 1810 2396 Nam
1840 2357 1935 2396 cur
1955 2341 2227 2396 existimas

658 2437 941 2491 Dominum
972 2443 1210 2490 nostrum
1248 2435 1427 2489 Jesum
1469 2433 1738 2488 Christum
1783 2433 1897 2488 haec
1922 2432 2100 2487 dicere
2120 2474 2133 2497 ,
2166 2432 2228 2486 Si

659 2528 771 2597 quis
798 2536 846 2581 te
885 2528 1180 2596 percusserit
1207 2526 1261 2579 in
1293 2526 1547 2579 dexteram
1573 2524 1836 2579 maxillam
1876 2534 2035 2590 tuam,
2065 2524 2229 2594 prwbe

661 2618 708 2673 ei
732 2628 780 2673 et
803 2619 1017 2673 alteram
1044 2617 1266 2689 (Matth.
1292 2618 1345 2672 5.
1377 2616 1446 2672 '59
1464 2617 1518 2688 )?
1553 2632 1730 2672 nonne
1760 2617 2011 2686 quoniam
2038 2616 2082 2671 si
2111 2615 2231 2687 quis

665 2708 826 2764 fuerit
853 2710 991 2765 leuis
1016 2718 1071 2765 et
1090 2710 1318 2778 patiens,
1349 2723 1417 2764 eo
1445 2708 1703 2778 majorem
1719 2718 1772 2763 et
1794 2707 1893 2762 sibi
1915 2716 1967 2762 et
1991 2707 2064 2761 illi
2094 2716 2231 2761 attu-

665 2800 793 2856 lerit
820 2799 1138 2855 utilitatem?
1177 2800 1460 2870 Pr0pterea
1489 2808 1543 2855 et
1566 2799 1721 2853 aliam
1742 2798 1898 2868 jussit
1932 2798 2231 2861 obvertere,

671 2902 729 2948 ut
764 2894 880 2962 ejus
906 2894 994 2962 qui
1020 2893 1266 2948 irascitur
1292 2893 1510 2955 impleat
1550 2890 1911 2961 cupiditatem.
1939 2891 2067 2959 Quis
2093 2893 2233 2947 enim

672 2994 755 3041 est
778 2983 912 3039 adeo
940 2984 1102 3046 ferus,
1128 2994 1186 3038 ut
1206 2984 1312 3054 jam
1337 2984 1537 3053 pudore
1563 2999 1667 3039 non
1687 2984 2051 3040 suﬂundatur?
2070 2985 2239 3040 Canes

677 3075 926 3130 dicuntur
951 3074 1053 3129 hoc
1080 3074 1255 3130 facere
1286 3093 1299 3129 :
1332 3076 1373 3129 si
1400 3075 1668 3131 latrentet
1693 3076 1959 3140 invadant,
1994 3076 2039 3130 is
2064 3086 2241 3131 autem

676 3166 761 3221 cui
787 3166 1069 3231 allatrant,
1101 3180 1160 3221 se
1185 3166 1431 3236 supinum
1479 3167 1731 3237 abjecerit
1769 3176 1823 3222 et
1852 3168 1983 3223 nihil
2024 3169 2239 3234 fecerit,

681 3265 847 3309 totam
891 3256 1022 3309 iram
1066 3257 1369 3326 exstinguit.
1418 3256 1473 3311 Si
1499 3271 1625 3327 ergo
1656 3257 1731 3311 illi
1757 3272 1878 3311 eum
1914 3257 2002 3328 qui
2028 3258 2095 3313 ab
2117 3258 2246 3328 ipsis

687 3356 897 3418 paratus
922 3360 1005 3403 est
1048 3349 1154 3418 pati
1184 3357 1495 3404 reverentur
1516 3388 1531 3412 ,
1562 3349 1729 3404 multo
1754 3348 1921 3419 magis
1946 3364 2113 3418 genus
2143 3349 2245 3404 hu-

686 3455 899 3497 manum
920 3438 1061 3510 quod
1081 3448 1162 3495 est
1189 3438 1355 3509 magis
1381 3440 1643 3517 particeps
1670 3439 1910 3495 rationis.
1939 3439 2045 3495 Sed
2071 3455 2249 3510 operae

688 3533 913 3603 pretium
962 3542 1044 3587 est
1093 3546 1197 3586 non
1253 3533 1525 3601 praeterire
1553 3531 1606 3587 id
1634 3532 1773 3601 quod
1804 3548 1971 3602 nuper
2009 3534 2153 3588 venit
2196 3532 2249 3586 in

691 3632 945 3690 mentem,
974 3633 1029 3679 et
1061 3623 1345 3679 adductum
1373 3633 1454 3679 est
1495 3624 1547 3679 in
1577 3625 1957 3679 testimonium.
1989 3624 2123 3691 Quid
2152 3625 2254 3680 hoc

1308 404 1365 460 S.
1405 401 1679 459 JOANNIS
1716 399 2178 458 CHRYSOSTOMI
2216 398 2529 456 ARCHIEP.
2569 395 3092 456 CONSTANTINOP.

3701 413 3772 473 illi

2287 514 2407 569 est?
2433 513 2748 569 Dicebamus
2764 513 2831 569 de
2850 513 3048 569 Judaeis
3070 523 3126 569 et
3149 527 3331 568 eorum
3347 516 3656 587 principibus,
3674 535 3776 594 (ιυικι

2290 614 2638 675 arguerentur
2662 615 2723 658 ut
2746 605 2837 673 qui
2875 614 3325 674 persequerentur
3349 607 3528 663 similis
3553 625 3695 678 prensi
3720 633 3777 672 re.

2293 698 2541 752 lationem
2566 708 2621 752 et
2647 699 2895 753 talionem
2935 717 2947 751 :
2978 699 3075 753 etsi
3108 699 3191 753 lex
3220 699 3299 754 eis
3328 702 3654 770 permittebat,
3680 708 3777 764 οε..

2296 789 2399 843 lum
2443 805 2533 857 pro
2584 789 2759 857 oculo,
2818 790 3015 843 dentem
3069 806 3159 856 pro
3209 789 3351 843 dente
3393 790 3573 862 (Leuit.
3598 795 3672 851 ει.
3717 802 3778 864 l0;

2299 879 2449 933 Deut.
2476 880 2560 935 l9.
2603 878 2664 933 2i
2692 881 2744 950 );
2778 879 2870 935 sed
2895 896 2997 934 non
3050 889 3105 934 ut
3128 880 3263 934 alter
3281 880 3492 935 alterius
3516 886 3673 941 oculos
3692 891 3785 945 cllo-

2296 970 2514 1034 derent,
2568 986 2750 1025 verum
2792 981 2850 1025 ut
2898 981 3040 1025 metu
3068 970 3327 1039 patiendi,
3377 973 3591 1027 cohibita
3618 977 3785 1036 faciendi
3868 970 3869 977 “

2300 1063 2538 1127 audacia,
2566 1079 2739 1134 neque
2776 1064 2972 1134 aliquid
3004 1064 3127 1130 mali
3152 1063 3383 1119 facerent
3402 1065 3533 1129 aliis,
3562 1084 3701 1138 neque
3718 1072 3787 1141 ipsi

2304 1163 2610 1223 paterentur
2663 1154 2729 1209 ab
2772 1154 2910 1209 aliis.
2960 1154 3246 1224 Propterea
3296 1153 3472 1209 dixit:
3503 1155 3685 1212 Oculum
3726 1180 3788 1227 pro

2302 1249 2445 1302 oculo
2463 1266 2482 1303 :
2505 1258 2560 1302 ut
2582 1248 2725 1303 illius
2749 1248 2937 1318 ligaret
2957 1264 3170 1315 manus,
3198 1264 3303 1303 non
3327 1259 3383 1303 ut
3403 1259 3515 1305 tuas
3530 1264 3685 1307 contra
3699 1258 3791 1309 edu-

2304 1351 2481 1405 ceret;
2500 1356 2601 1395 non
2631 1352 2685 1395 ut
2712 1342 2880 1395 solum
2904 1351 3109 1395 arceret
3131 1342 3405 1397 oculorum
3426 1351 3620 1397 tuorum
3636 1362 3788 1405 noxam.

2307 1432 2400 1486 sed
2432 1441 2488 1486 ut
2514 1433 2674 1487 etiam
2716 1433 2858 1487 illius
2896 1433 3081 1487 oculos
3128 1433 3306 1487 salvos
3360 1446 3688 1489 conservaret.
3723 1440 3793 1493 Sed

2307 1523 2446 1592 quod
2474 1523 2800 1592 quaerebam,
2832 1538 3060 1592 quanam
3087 1523 3154 1578 de
3183 1538 3339 1577 causa
3366 1540 3483 1577 cum
3510 1526 3581 1579 eis
3602 1542 3791 1583 concessa

2309 1624 2451 1667 esset
2467 1615 2613 1678 ultio,
2645 1614 3000 1683 arguebantur
3018 1616 3104 1683 qui
3124 1630 3187 1668 ea
3212 1615 3292 1668 usi
3324 1616 3475 1669 sunt?
3498 1616 3709 1683 quidnam
3730 1619 3794 1673 hoc

2312 1707 2424 1757 est?
2453 1704 2549 1758 Hic
2579 1704 2706 1759 dicit
2732 1705 2939 1774 injuriae
2963 1713 3196 1773 acceptae
3223 1707 3549 1759 memoriam.
3579 1706 3688 1761 Nam
3711 1726 3795 1761 Cott-

2314 1796 2454 1851 cedit
2474 1796 2687 1865 quidem
2717 1808 2776 1850 ut
2798 1797 2885 1866 qui
2910 1811 3098 1865 passus
3120 1806 3219 1860 est,
3256 1800 3430 1851 statim
3455 1809 3588 1868 agat,
3618 1799 3798 1864 illum,ut

2315 1886 2445 1953 dixi,
2477 1888 2711 1941 retinens
2736 1902 2799 1941 ac
2820 1889 3148 1957 reprimens;
3179 1904 3283 1941 non
3319 1890 3570 1957 permittit
3587 1903 3727 1947 autem
3749 1898 3800 1950 in-

2315 1977 2466 2048 juria:
2492 1986 2721 2046 acceptae
2744 1992 2862 2032 esse
2896 1994 3187 2033 memorem
3220 2001 3232 2032 :
3264 1995 3371 2033 non
3407 1991 3487 2034 est
3525 1983 3649 2036 enim
3672 1986 3711 2038 id
3730 2001 3803 2040 am-

2323 2070 2459 2137 plius
2490 2069 2603 2133 irae,
2632 2084 2803 2138 neque
2830 2068 3083 2123 ferventis
3110 2069 3357 2138 impetus,
3390 2070 3481 2125 sed
3509 2073 3803 2131 meditatisoe-

2322 2162 2467 2216 leris.
2501 2161 2642 2215 Deus
2661 2170 2836 2216 autem
2860 2162 2924 2216 iis
2950 2162 3190 2233 ignoscit,
3221 2178 3356 2231 quos
3373 2165 3585 2233 arripuit
3603 2166 3805 2225 insolentis

2324 2254 2658 2308 contumelia:
2685 2255 2933 2318 insnltus,
2962 2262 3017 2309 et
3054 2254 3119 2308 ad
3164 2254 3420 2310 ultionem
3468 2266 3586 2311 sunt
3631 2258 3804 2313 incitati:

2329 2343 2450 2399 ideo
2477 2344 2623 2407 dicit,
2659 2341 2875 2398 Oculum
2920 2362 3012 2415 pro
3038 2345 3216 2411 oculo;
3244 2355 3300 2401 et
3337 2362 3545 2409 rursus,
3585 2347 3673 2401 Vite
3693 2366 3807 2402 eorum

2329 2437 2415 2507 qui
2440 2446 2556 2491 sunt
2594 2437 2795 2506 injuria:
2824 2454 3084 2503 memores,
3108 2448 3222 2491 sunt
3247 2438 3314 2491 ad
3352 2449 3555 2493 mortem
3578 2442 3593 2509 (
3616 2440 3734 2495 Prov.
3754 2443 3806 2496 l2.

2330 2528 2457 2597 29).
2499 2528 2555 2583 Si
2586 2543 2713 2584 vero
2743 2528 2829 2582 ubi
2881 2528 3075 2583 licebat
3098 2528 3311 2584 oculum
3356 2544 3541 2585 eruere
3567 2546 3652 2600 pro
3682 2532 3809 2593 oculo,

2335 2628 2533 2674 tantum
2552 2617 2863 2689 proponitur
2883 2617 3193 2688 supplicium
3214 2619 3301 2685 iis,
3318 2619 3410 2689 qui
3436 2629 3649 2690 accepta
3674 2620 3812 2689 injuria

2334 2718 2454 2766 sunt
2483 2724 2766 2774 memores,
2796 2720 2994 2780 quanto
3021 2710 3191 2780 magis
3238 2712 3323 2778 iis,
3359 2712 3545 2781 quibus
3582 2713 3814 2781 jussutnest

2337 2818 2397 2858 se
2421 2803 2659 2873 praebere
2686 2811 2900 2872 paratos
2926 2802 2992 2857 ad
3018 2802 3320 2871 patiendum
3340 2804 3366 2856 ?
3391 2803 3466 2859 Ne
3487 2805 3636 2858 simus
3655 2819 3749 2874 ergo
3768 2805 3815 2856 in-

2334 2894 2489 2966 juriae
2516 2909 2813 2961 memores,
2867 2894 2959 2949 sed
3014 2895 3144 2949 iram
3173 2896 3601 2965 exstinguamus,
3643 2904 3692 2948 ut
3723 2895 3815 2963 digni

2341 3000 2654 3041 censeamur
2708 2987 2799 3056 qui
2845 2986 2962 3055 ejus
3020 3001 3414 3057 consequamur
3466 2974 3816 3041 misericordiam.

2346 3079 2481 3134 Nam
2506 3096 2624 3149 qua,
2652 3080 2842 3149 inquit,
2866 3095 3099 3133 mensura
3126 3078 3389 3143 metintini,
3421 3078 3621 3145 eapobis
3645 3077 3815 3145 repende-

2347 3180 2448 3235 tur,
2481 3180 2527 3225 et
2552 3172 2603 3224 in
2619 3187 2716 3241 quo
2734 3170 2934 3241 judicio
2954 3170 3222 3241 judicatis,
3236 3165 3585 3233 iudicabimt'ni
3604 3166 3773 3236 (Matth.
3787 3166 3819 3218 7.

2346 3264 2433 3336 2).
2459 3266 2634 3320 Simus
2661 3265 2819 3335 igitur
2843 3278 2965 3333 erga
3005 3275 3292 3317 conservos
3334 3259 3700 3324 misericordes,
3722 3266 3762 3311 ut
3790 3266 3821 3309 et

2349 3372 2441 3411 eos
2468 3358 2555 3425 qui
2595 3366 2719 3411 sunt
2744 3356 2796 3410 in
2835 3353 3084 3427 praesenti
3110 3354 3213 3408 vita
3236 3353 3460 3422 laqueos
3490 3352 3824 3422 ellugiamus,et

2353 3451 2403 3504 in
2425 3448 2513 3504 die
2542 3448 2724 3503 futuro
2747 3448 2814 3503 ab
2835 3462 2900 3503 eo
2920 3446 3129 3502 veniam
3146 3460 3520 3516 assequamur,
3546 3443 3691 3513 gratia
3710 3449 3748 3495 et
3765 3439 3823 3492 be-

2354 3542 2629 3612 nignitate,
2656 3549 2759 3596 etc.

3427 3734 3790 3753 ——_

2016 3803 2358 3866 HOMILIA
2400 3803 2596 3865 XVII.

690 3922 820 3979 CAP.
860 3928 911 3981 4.
952 3942 1005 3981 v.
1032 3927 1133 3982 ‘32.
1175 3926 1347 3981 Estote
1370 3934 1536 3979 autem
1572 3924 1782 3978 invicem
1817 3922 2037 3994 benigni,
2061 3923 2259 3977 miseri-

763 4016 959 4081 cordes,
989 4016 1232 4070 donantes
1276 4017 1509 4080 invicem,
1561 4015 1689 4069 sicut
1727 4024 1774 4068 et
1800 4012 1939 4067 Deus
1979 4015 2032 4066 in
2060 4011 2258 4067 Christo

766 4104 970 4159 donavit
1014 4106 1171 4160 vobis.
1202 4105 1328 4160 CAP.
1360 4106 1415 4160 5.
1455 4119 1505 4157 v.
1551 4105 1602 4160 Ι.
1642 4102 1815 4158 Estote
1843 4119 1960 4173 ergo
1989 4104 2259 4158 imitatores

772 4194 883 4263 Dei,
910 4197 1037 4250 sicut
1058 4197 1154 4264 ﬁlii
1177 4196 1443 4258 carissimi,
1462 4196 1517 4252 2.
1544 4204 1591 4249 et
1609 4194 1861 4248 ambulate
1886 4195 1939 4248 in
1974 4194 2257 4261 dilectione,

696 4281 709 4293 ’
766 4289 894 4373 ςῑειιι
918 4298 962 4343 et
992 4288 1220 4343 Christus
1263 4288 1441 4342 dilexit
1471 4304 1581 4350 nos,
1611 4296 1658 4341 et
1698 4287 1903 4341 tradidit
1940 4288 2262 4356 semetipsum

772 4400 862 4447 pro
886 4382 1027 4437 nobis
1050 4382 1351 4437 oblationem
1378 4391 1425 4436 et
1449 4381 1666 4437 hostiam
1693 4379 1797 4434 Deo
1826 4381 1878 4434 in
1905 4381 2112 4435 odorem
2142 4398 2263 4436 sua-

768 4475 960 4527 uitatis.

778 4568 828 4619 1.
870 4566 1141 4625 Praeterito
1168 4567 1425 4635 majorem
1449 4566 1556 4621 vim
1588 4565 1784 4621 habent
1811 4582 1968 4635 quam
1994 4566 2188 4631 futura,
2209 4574 2265 4620 et

706 4655 953 4709 videntur
976 4671 1095 4710 esse
1134 4656 1526 4711 admirabiliora
1552 4666 1606 4711 et
1631 4657 1991 4713 credibiliora.
2037 4657 2101 4710 Et
2145 4657 2265 4710 ideo

708 4748 899 4800 Paulus
926 4747 1351 4802 adhortationem
1373 4748 1524 4803 exiis
1555 4748 1678 4801 facit
1716 4763 1833 4817 qua;
1872 4746 2115 4802 fuerunt:
2143 4762 2265 4800 nam

708 4839 795 4891 illa
823 4837 1035 4907 quidem
1076 4838 1328 4907 majorem
1356 4841 1462 4893 vim
1493 4839 1690 4894 habent
1717 4849 1932 4910 propter
1972 4839 2266 4895 Christum.

709 4927 838 4981 Nam
865 4928 1350 4992 dicerezRemitte,
1389 4941 1442 4984 et
1468 4930 1763 4984 remittetur
1803 4931 1927 4996 tibi;
1957 4940 2031 4998 et,
2076 4930 2129 4986 Si
2164 4946 2268 4984 non

713 5020 1047 5084 remiseritis,
1074 5036 1179 5075 non
1204 5023 1500 5076 remittetur
1523 5022 1674 5076 vobis
1701 5021 1909 5093 (Matth.
1940 5024 1993 5077 6.
2027 5025 2116 5077 14.
2146 5023 2267 5092 l5);

713 5111 758 5165 si
786 5110 991 5166 dicatur
1013 5112 1225 5180 quidem
1254 5111 1382 5167 viris
1413 5112 1747 5182 phil050phis
1765 5122 1819 5167 et
1845 5111 2017 5167 futura
2044 5114 2270 5168 creden—

713 5203 875 5269 tibus,
892 5202 1114 5257 multum
1142 5211 1346 5272 potest:
1372 5201 1565 5256 Paulus
1588 5212 1764 5257 autem
1787 5220 1889 5256 non
1911 5220 1975 5257 ex
1998 5203 2079 5257 his
2099 5204 2273 5257 solum

628 5328 633 5337 ι
714 5292 903 5347 incutit
933 5291 1208 5361 pudorem,
1234 5291 1327 5346 sed
1353 5291 1512 5346 etiam
1541 5308 1605 5346 ex
1632 5291 1696 5345 iis
1735 5308 1852 5361 qua:
1887 5292 2117 5347 fuerunt.
2141 5292 2273 5347 Nam

714 5383 848 5438 illud
873 5381 1085 5453 quidem
1113 5390 1195 5436 est
1226 5380 1407 5450 fugere
1434 5381 1777 5451 supplicium;
1816 5382 1917 5437 hoc
1956 5392 2128 5437 autem
2156 5396 2276 5438 esse

715 5474 841 5531 boni
869 5473 1093 5543 alicujus
1132 5472 1463 5542 participem.
1512 5473 1721 5529 imitare
1763 5471 2051 5538 Christum,
2082 5475 2273 5546 inquit.

719 5565 829 5620 Hoc
867 5566 1037 5621 solum
1090 5564 1285 5620 sufﬁcit
1329 5564 1395 5618 ad
1448 5564 1834 5619 exhortandum
1884 5566 1947 5620 ad
1995 5567 2274 5630 virtutem,

722 5662 886 5715 Deum
912 5660 1144 5714 imitari:
1178 5658 1280 5714 hoc
1307 5659 1477 5727 majus
1500 5668 1582 5713 est
1620 5660 1733 5724 illo,
1760 5659 2080 5727 netnpe,Qui
2121 5659 2275 5712 solent

718 5752 839 5820 facit
866 5753 986 5805 oriri
1011 5768 1161 5823 super
1185 5750 1343 5805 malos
1366 5760 1411 5803 et
1433 5750 1611 5816 bonos,
1637 5760 1682 5803 et
1711 5748 2014 5823 pluitsuper
2034 5749 2202 5817 justas
2232 5759 2278 5802 et

716 5845 932 5915 injustas
954 5846 969 5898 l
979 5844 1161 5900 Matth.
1184 5844 1237 5900 5.
1264 5844 1375 5915 45).
1395 5843 1511 5900 Νοιι
1527 5844 1668 5900 enim
1687 5842 1819 5899 dixit
1842 5843 2013 5898 solum
2038 5851 2092 5897 ut
2114 5842 2275 5897 Dcum

2362 3924 2648 3989 imitemur,
2677 3922 2767 3978 sed
2811 3923 2863 3977 in
2911 3923 2995 3989 iis,
3036 3921 3092 3977 iu
3133 3920 3325 3993 quibus
3352 3920 3604 3977 beneficio
3628 3914 3828 3973 efficimur,

2360 4015 2476 4069 vult
2500 4028 2597 4069 nos
2635 4014 2771 4069 inter
2806 4030 2902 4068 nos
2941 4013 3140 4068 habere
3190 4013 3397 4068 viscera
3443 4022 3665 4083 patrum:
3695 4007 3830 4060 visceri

2361 4108 2503 4163 enim
2530 4106 2643 4162 bare
2668 4106 2919 4162 dicuntur
2954 4106 3254 4161 humanitas
3279 4116 3334 4162 et
3364 4104 3720 4161 miserationes.
3748 4095 3829 4151 Nam

2363 4199 2609 4271 quoniam
2641 4199 2752 4254 lieri
2775 4213 2879 4253 non
2903 4207 3077 4268 potest
3101 4207 3159 4252 ut
3183 4213 3302 4253 cum
3335 4198 3501 4252 simus
3523 4195 3746 4253 homines,
3768 4200 3829 4240 nec

2364 4291 2575 4347 molesti
2619 4292 2805 4356 simus,
2849 4305 2948 4345 nec
2996 4289 3239 4345 molestia
3285 4290 3598 4351 afﬁciamur,
3624 4280 3830 4340 secundum

2366 4382 2568 4438 invenit
2592 4382 3058 4447 medicamentum,
3090 4389 3150 4436 ut
3174 4381 3313 4436 dona
3344 4380 3498 4434 nobis
3533 4388 3694 4432 mutuo
3713 4372 3830 4426 conle-

2366 4493 2577 4532 ramus:
2602 4474 2883 4539 Donantes,
2915 4474 3104 4545 inquit,
3132 4474 3367 4529 invicem.
3397 4473 3553 4542 Atqui
3575 4469 3831 4523 minimcsuut

2369 4569 2547 4638 paria:
2580 4583 2699 4621 nam
2725 4566 2769 4620 si
2799 4576 2851 4620 tu
2880 4582 3019 4620 nunc
3047 4566 3258 4635 quidem
3290 4564 3459 4619 dones
3499 4578 3558 4616 ac
3591 4553 3834 4631 gratilicerii.

2369 4660 2460 4713 ille
2498 4673 2681 4713 rursus
2720 4658 2810 4712 tibi
2837 4657 3054 4711 donabit
3077 4666 3131 4712 et
3169 4656 3581 4727 gratiﬁcabitur;
3615 4654 3704 4705 Deo
3724 4656 3835 4699 autem

2372 4748 2505 4802 nihil
2531 4748 2738 4802 donasti
2765 4765 2778 4800 :
2808 4757 2862 4801 et
2891 4758 2944 4801 tu
2987 4746 3198 4816 quidem
3250 4731 3542 4810 conservo;
3573 4745 3695 4797 Deus
3726 4746 3839 4790 autem

2372 4854 2526 4894 servo
2552 4849 2607 4894 et
2629 4840 2863 4901 inimico,
2888 4849 2943 4893 et
2962 4840 3007 4893 ei
3038 4838 3129 4908 qui
3160 4839 3333 4907 ipsum
3365 4838 3496 4892 odit.
3528 4835 3664 4890 Sicut
3685 4840 3721 4884 et
3742 4827 3840 4883 Deut.

2374 4932 2561 5000 inquit,
2602 4932 2654 4984 iu
2682 4931 2879 4984 Christo
2901 4931 3102 4984 donavit
3132 4931 3290 4983 nobis.
3312 4929 3423 4982 Hoc
3448 4940 3649 5000 quoque
3669 4928 3841 4988 magnum

2374 5021 2536 5076 habet
2560 5020 2803 5090 aenigma.
2828 5020 2941 5074 Non
2964 5019 3291 5090 simpliciter,
3317 5019 3504 5088 inquit,
3539 5018 3646 5071 sine
3686 5003 3846 5081 peric“lo

2377 5114 2528 5168 nobis
2556 5113 2787 5176 donavit,
2823 5112 2915 5167 sed
2944 5127 3063 5165 cum
3097 5112 3332 5181 periculo
3356 5106 3500 5165 Filii.
3528 5107 3596 5164 Ut
3636 5103 3715 5159 tibi
3747 5100 3847 5167 ign“-

2377 5214 2567 5267 sceret,
2615 5204 2928 5258 sacrificavit
2974 5202 3211 5257 Filium:
3250 5213 3304 5256 tu
3350 5210 3523 5257 autem
3568 5210 3693 5265 serpe
3725 5188 3850 5242 νὶάθηί

2378 5294 2816 5349 condonationem
2857 5307 2974 5346 esse
3019 5294 3133 5346 sine
3184 5292 3422 5361 periculo
3470 5298 3523 5344 et
3560 5288 3664 5342 sine
3688 5285 3851 5343 sumpt“-

2380 5402 2485 5442 non
2519 5387 2661 5439 facis.
2691 5384 2862 5438 Estotc
2890 5402 3006 5454 ergo
3032 5386 3303 5438 imitatores
3330 5383 3448 5449 Dei,
3476 5384 3598 5434 sicut
3618 5378 3698 5446 ﬁlii
3718 5366 3854 5426 ωῐιιείο

2380 5478 2469 5543 mi,
2493 5486 2540 5530 et
2566 5477 2815 5529 ambulate
2842 5478 2895 5529 in
2923 5476 3207 5539 dilectione,
3246 5476 3370 5530 sicut
3407 5484 3456 5526 et
3501 5471 3707 5526 Christus
3737 5457 3857 5515 dilati

2380 5583 2492 5629 nos,
2525 5576 2570 5619 et
2595 5566 2802 5619 tradidit
2827 5567 3141 5633 semetipsum
3162 5581 3253 5633 pro
3280 5566 3416 5618 nobis
3446 5562 3722 5616 oblationem
3745 5564 3778 5605 el
3797 5549 3857 5597 ln-

2382 5659 2529 5711 stiam
2557 5656 2664 5711 Deo
2707 5658 2761 5711 in
2802 5657 3005 5710 odorem
3053 5655 3331 5709 suavitatis.
3362 5653 3438 5707 Ne
3465 5660 3633 5706 autem
3658 5641 3859 5701 existunts

2384 5764 2494 5803 rem
2518 5763 2635 5805 esse
2662 5748 3013 5812 necessitatis,
3042 5746 3162 5802 audi
3190 5746 3314 5817 quid
3341 5746 3499 5807 dicat,
3532 5743 3737 5810 Seipsum
3756 5734 3861 5783 tradl'

2385 5842 2491 5909 dit;
2525 5857 2586 5897 ac
2630 5843 2673 5897 si
2716 5842 2934 5908 diceret,
2966 5839 3097 5895 Cum
3124 5856 3271 5897 esses
3322 5839 3577 5901 inimicus,
3610 5829 3812 5889 Dominus
3832 5834 3862 5871 ιε
