3974 6520
216 433 316 487 “5

209 544 400 613 στόμα,
447 542 641 593 ἐκεῖνοι
697 540 1003 610 σιγήσονται
1033 557 1046 570 ·
1082 541 1147 594 ἂν
1197 542 1255 596 δὲ
1306 544 1554 614 σιγήσῃς,
1583 544 1764 597 οὐκέτι

202 632 281 683 ἐνὶ
300 629 554 697 στόματι,
619 626 757 680 ἀλλά
805 628 1016 696 μυρίοις
1068 630 1181 691 τοῖς
1230 629 1339 681 τῶν
1375 630 1544 682 ἄλλων
1604 630 1764 684 αὐτὸν

205 714 438 784 βάλλεις,
486 712 582 764 καὶ
630 711 827 780 μᾶλλον
861 711 1061 783 ἀμύνῃ.
1091 713 1199 764 Καὶ
1250 713 1334 763 σοὶ
1365 713 1462 783 μὲν
1492 713 1763 784 ὑϐρίζοντι

208 801 387 853 πολλοὶ
429 801 524 852 καὶ
568 797 933 865 ἐγκαλοῦσιν·
978 797 1163 866 ἐροῦσι
1223 798 1333 869 γὰρ
1390 799 1483 851 τοῦ
1560 799 1764 863 πάθους

204 884 342 941 εἶναι
373 886 446 937 τὰ
469 885 716 954 ῥήματα·
752 884 879 937 ὅταν
910 883 967 936 δέ
994 884 1024 936 ὁ
1051 884 1216 953 μηδὲν
1248 885 1574 955 ἠδικημένος
1595 885 1766 948 οὕτως

204 973 366 1028 αὑτὸν
384 971 559 1041 πλύνῃ
584 974 702 1034 ταῖς
726 970 854 1040 ῦβρε
865 988 936 1032 σι,
966 971 1085 1023 τότε
1106 972 1336 1040 μάλιστα
1358 972 1570 1042 καθαρά
1588 974 1765 1041 πάσης

204 1063 440 1131 armi/ia;
469 1062 503 1128 ἡ
535 1060 735 1129 ἄμυνα.
774 1061 941 1112 Ὅταν
963 1060 1071 1129 γάρ
1098 1062 1145 1111 οἱ
1175 1059 1339 1130 μηδὲν
1369 1060 1628 1122 παθόντες
1660 1060 1766 1113 δει-

205 1148 311 1206 νὸν,
339 1146 433 1197 διά
458 1145 557 1213 τὴν
581 1142 885 1212 ὑπερϐολὴν
909 1142 1007 1211 τῆς
1035 1143 1130 1211 σῆς
1154 1144 1447 1204 ἐπιεικείας
1476 1142 1550 1204 ὡς
1578 1144 1767 1211 ήδικηο

204 1230 359 1301 μένοι
394 1226 698 1293 συναλγῶσι
742 1226 835 1277 καὶ
877 1225 1270 1295 συμπάσχωσι,
1319 1225 1496 1295 πάσης
1534 1225 1767 1293 ὑποψίας

203 1311 423 1381 καθαρά
450 1308 591 1377 αὕτη
614 1310 646 1378 ή
673 1306 905 1360 ἐκδικία.
937 1306 1001 1358 Τί
1020 1303 1133 1370 οὖν,
1158 1307 1222 1360 ἂν
1243 1308 1428 1377 μηδεὶς
1458 1307 1762 1378 ἀμύνηται;

202 1394 391 1463 φησίν.
443 1394 557 1446 Οὐκ
585 1392 729 1444 ἐστιν
759 1387 895 1443 εἶναι
924 1389 1158 1454 λιθίνους
1189 1390 1525 1460 ἀνθρώπους,
1556 1391 1629 1453 ώς
1648 1407 1768 1444 τοσ⁴

200 1476 373 1545 αὐτην
422 1474 737 1541 φιλοσοφίαν
784 1468 1039 1542 ὁρῶντας
1084 1473 1157 1542 μὴ
1199 1472 1508 1543 θαυμάσαι·
1560 1473 1663 1526 κᾶν
1694 1472 1769 1543 μὴ

202 1560 323 1611 τότε
360 1558 664 1628 ἀμύνωσιν,
697 1555 919 1627 ὕστερον
954 1557 1103 1626 ὅμως
1150 1559 1207 1609 ἐν
1245 1557 1572 1609 καταστάσει
1618 1557 1768 1624 γενόο

206 1659 385 1713 μενοι,
421 1640 581 1692 τοῦτο
619 1640 964 1709 ἐργάσονται,
1022 1638 1362 1700 σκώπτοντες
1417 1642 1622 1692 ἐκεῖνον
1674 1639 1768 1691 καὶ

203 1722 592 1792 λοιδοροῦντες.
627 1722 744 1773 Κᾶν
779 1722 963 1791 ἕτερος
989 1720 1045 1773 δέ
1078 1720 1264 1789 μηδεὶς
1298 1721 1573 1792 θαυμάσῃ,
1607 1722 1768 1783 αὑτός

206 1825 265 1859 σε
303 1808 515 1866 ἐκεῖνος
548 1804 763 1865 πάντως
816 1803 1195 1873 θαυμάσεται,
1251 1803 1353 1856 κᾶν
1390 1803 1463 1873 μὴ
1514 1804 1667 1875 λέγῃ.
1704 1803 1769 1854 Ἠ

206 1888 313 1958 γὰρ
347 1886 444 1939 τοῦ
474 1885 639 1939 καλοῦ
673 1885 851 1956 κρίσις
874 1887 1006 1954 ήμῖν
1025 1924 1039 1947 ,
1072 1886 1174 1939 κᾶν
1200 1889 1276 1947 εἰς
1299 1887 1429 1939 αὐτὸ
1460 1888 1556 1957 τῆς
1575 1886 1769 1949 κακίας

206 1971 265 2023 τὸ
292 1970 572 2040 βάραθρον
597 1968 857 2036 ἔλθωμεν,
888 1969 1178 2031 ἀδέκαστος
1203 1969 1558 2039 καθέστηκεν,
1581 1971 1640 2022 ού
1668 1987 1773 2022 πα-

210 2051 601 2125 ρακλινομένη.
647 2053 716 2103 Ἦ
747 2050 836 2104 διὰ
881 2050 932 2104 τί
966 2051 1057 2105 τὸν
1110 2052 1311 2121 Κύριον
1352 2053 1508 2122 ήμῶν
1551 2053 1650 2105 οἴει
1682 2053 1772 2105 τὸν

154 2204 157 2205 ν
206 2136 445 2206 Χριστὸν
473 2135 644 2187 ταῦτα
666 2134 862 2203 λέγειν,
908 2134 1046 2188 Ἐάν
1076 2136 1167 2200 τίς
1199 2151 1272 2188 σε
1293 2136 1524 2204 ραπίσῃ
1548 2140 1633 2201 είς
1660 2136 1775 2204 τὴν

208 2220 417 2283 δεξιὰν
449 2219 725 2287 σιαγόνα,
759 2217 1027 2285 στρέψον
1056 2214 1216 2282 αὐτῷ
1243 2218 1339 2269 καὶ
1389 2218 1503 2285 τὴν
1534 2218 1773 2285 dum»;

208 2304 305 2357 οὐκ
333 2302 527 2372 ἐπειδὴ
553 2303 663 2369 ὅσῳ
676 2301 769 2353 ἐάν
786 2318 869 2363 τις
900 2300 1246 2370 μακρόθυμος
1272 2301 1513 2370 γένηται,
1538 2300 1773 2371 τοσούτῳ

210 2386 413 2455 μᾶλλον
445 2385 542 2437 καὶ
571 2383 763 2436 ἐαυτὸν
795 2384 1045 2436 κάκεῖνον
1074 2374 1353 2453 ὠφέλησεν
1373 2384 1641 2451 ὠφέλειαν
1673 2384 1772 2454 τὴν

211 2468 514 2539 μεγίστηνς
546 2466 645 2517 Διά
674 2462 831 2517 τοῦτο
862 2466 1112 2534 στρέφειν
1156 2468 1249 2520 καὶ
1274 2466 1374 2537 τὴν
1413 2467 1580 2536 ἄλλην
1609 2483 1774 2537 προσ-

206 2548 425 2613 έταξεν,
456 2547 608 2620 [ιῖθι
635 2549 721 2600 ἶνα
751 2548 1001 2618 ἐμπλήσῃ
1021 2547 1117 2618 τὴν
1145 2548 1435 2619 ἐπιθυμίαν
1459 2547 1554 2601 τοῦ
1584 2548 1773 2618 θυμου-

212 2633 403 2704 μένου.
430 2633 527 2695 Τίς
548 2632 657 2703 γὰρ
681 2631 822 2684 οὕτω
850 2632 1036 2702 θηρίον
1054 2633 1221 2697 ἐστὶν,
1238 2632 1312 2696 ώς
1340 2634 1414 2703 μὴ
1444 2633 1773 2704 ἐντραπῆναι

210 2716 438 2779 λοιπόν;
471 2717 532 2767 Οί
578 2714 739 2777 κύνες
775 2714 1021 2780 λέγονται
1070 2714 1231 2768 τοῦτο
1284 2717 1489 2768 ποιεῖν·
1537 2716 1639 2770 κᾶν
1665 2716 1774 2787 γὰρ

215 2799 586 2869 ὕλακτήσωσι,
629 2799 727 2852 καὶ
771 2797 1037 2852 ἐπέλθωσί
1078 2817 1215 2863 τινι,
1242 2801 1271 2852 ὁ
1298 2800 1353 2852 δέ
1384 2799 1574 2853 ὕπτιον
1612 2800 1775 2869 ῥίψας

212 2882 413 2935 ἑαυτὸν
443 2882 602 2952 μηδὲν
633 2882 957 2953 ἐργάσηται,
981 2882 1071 2936 τὸν
1100 2883 1267 2953 θυμὸν
1289 2884 1503 2937 ἅπαντα
1531 2884 1769 2938 ἔσϐεσεν.

210 2966 283 3020 El
321 2965 503 3018 τοίνυν
543 2967 739 3018 ἐκεῖνοι
776 2964 867 3018 τὸν
908 2965 1097 3017 παθεῖν
1134 2967 1261 3036 παρ’
1291 2967 1471 3029 αὐτοῖς
1508 2978 1532 3005 ι
1588 2967 1773 3031 κακῶς

208 3046 430 3116 ἕτοιμον
462 3047 857 3112 δυσωποῦνται,
888 3046 1065 3117 πολλῷ
1096 3048 1294 3117 μᾶλλον
1325 3048 1386 3101 τὸ
1416 3048 1524 3100 τῶν
1564 3049 1774 3118 ἀνθρώ-

210 3148 330 3183 πων
366 3130 524 3197 γένος
552 3130 935 3200 λογικώτερον.
976 3130 1134 3184 Ἀλλά
1169 3132 1276 3202 γὰρ
1298 3131 1447 3197 ἄξιον
1479 3133 1540 3184 τὸ
1582 3133 1774 3203 μικρὸν

202 3212 527 3281 ἔμπροσθεν
568 3214 649 3276 εἰς
699 3215 919 3284 μνήμην
968 3214 1140 3279 ἐλθὸν,
1200 3214 1295 3267 καὶ
1349 3216 1426 3276 είς
1471 3215 1775 3285 μαρτυρίαν

272 3392 304 3424 ε
338 3383 631 3444 Legendum
654 3383 763 3446 παρ’
783 3383 957 3433 αὐτῶν.

1018 432 1084 486 ΙΝ
1126 432 1346 489 EPIST.
1380 432 1469 487 AD
1504 433 1743 490 EPHES.
1783 435 1931 491 CAP.
1969 437 2058 504 IV,
2097 439 2155 493 γ.
2200 437 2432 493 IIOMIL.
2473 439 2632 497 XV".

3312 444 3416 500 116

1867 547 2144 607 ἐλκυσθέν.
2181 549 2255 617 μὴ
2288 549 2554 616 παριδεῖν.
2592 551 2655 603 Τί
2687 550 2751 623 δὴ
2790 552 2948 607 τοῦτό
2980 556 3156 621 ἐστιν;
3209 555 3420 625 Ἐλέγο-

1872 648 1971 700 μεν
2001 630 2130 700 περὶ
2152 630 2265 682 *τῶν
2303 630 2570 683 Ἰουδαίων
2607 633 2702 684 καὶ
2728 632 2834 686 τῶν
2865 636 3138 706 ἀρχόντων
3158 637 3264 690 τῶν
3286 639 3418 710 παρ’

1864 716 2065 779 αὐτοῖς,
2106 716 2187 767 ὅτι
2233 714 2581 767 ἐνεκαλοῦντο
2612 716 2685 779 ὡς
2727 718 3011 783 διώκοντες
3043 722 3419 792 ἀνταπόδομα,

1864 798 2040 851 καίτοι
2072 799 2228 851 τοῦτο
2254 800 2281 850 ὁ
2310 799 2469 867 νόμος
2513 800 2693 861 αὐτοῖς
2726 801 3040 874 ἐπέτρεπεν·
3084 804 3424 873 Ὀφθαλμὸν

1862 880 1993 934 ἀντὶ
2022 880 2351 949 ὀφθαλμοῦ,
2374 879 2472 933 καὶ
2493 879 2709 932 ὀδόντα
2723 882 2857 934 ἀντὶ
2881 884 3151 951 ὀδόντος·
3182 886 3295 938 ἀλλ’
3325 886 3424 956 οὐχ

1864 964 1948 1015 ἴνα
1977 964 2099 1026 τοὺς
2127 963 2368 1032 ἀλλήλων
2420 962 2774 1031 ἐξορύττωσιν
2811 964 3140 1036 ὀφθαλμοὺς,
3185 968 3298 1020 ἀλλ’
3338 970 3425 1021 ἵνα

1866 1046 2014 1117 φόϐῳ
2037 1047 2129 1100 τοῦ
2162 1047 2350 1099 παθεῖν
2392 1048 2488 1115 τὴν
2534 1047 2626 1098 τοῦ
2662 1050 2831 1099 ποιεῖν
2864 1048 3045 1101 ἄδειαν
3086 1051 3420 1119 ἐπισχόντες,

1867 1130 2003 1200 μήτε
2032 1128 2366 1199 ἐργάξωνταί
2406 1146 2459 1180 τι
2494 1129 2660 1181 κακὸν
2685 1130 2925 1199 ἐτέρους,
2974 1133 3109 1199 μήτε
3146 1134 3425 1201 πάσχωσιν

1864 1213 2019 1274 αὐτοὶ
2040 1212 2167 1283 παρ’
2193 1213 2410 1283 ἐτέρων.
2432 1210 2530 1263 Διά
2553 1213 2710 1265 τοῦτο
2731 1208 2906 1269 εἶπεν.
2942 1213 3280 1281 Ὀφθαλμὸν
3295 1214 3426 1267 ἀντὶ

1866 1295 2196 1363 ὀφθαλμοῦ,
2222 1296 2307 1347 ἵνα
2333 1296 2432 1356 τὰς
2461 1296 2668 1349 ἐκείνου
2686 1296 2821 1367 δήσῃ
2844 1298 3053 1366 χεῖρας,
3087 1296 3184 1363 οὐχ
3216 1296 3302 1347 ἵνα
3331 1295 3427 1356 τάς

1869 1378 1965 1440 σὰς
1994 1377 2357 1450 άντεξαγάγῃ,
2379 1378 2477 1446 οὐχ
2504 1379 2589 1429 ἵνα
2615 1380 2720 1430 τῶν
2749 1378 2852 1429 σῶν
2878 1378 3171 1446 ὀφθαλμῶν
3193 1376 3428 1447 άπείρξῃ

1866 1458 1964 1527 τὴν
1995 1459 2195 1529 βλάϐην
2222 1461 2403 1530 μόνον,
2433 1459 2545 1511 ἀλλ’
2577 1461 2664 1513 ἴνα
2698 1462 2791 1512 καὶ
2829 1460 2952 1523 τοὺς
2995 1461 3203 1512 ἐκείνου
3241 1458 3426 1528 διατη-

1872 1544 2010 1615 ρήσῃ
2041 1543 2229 1604 σώους.
2272 1543 2409 1594 Ἀλλ’
2434 1544 2569 1611 ὅπερ
2598 1541 2842 1612 ἐζήτουν,
2860 1542 3003 1605 τίνος
3031 1543 3213 1594 ἐνεκεν
3236 1557 3428 1608 συγκε-

1869 1626 2193 1696 χωρημένης
2246 1622 2458 1695 ἀμύνης
2516 1624 2864 1676 ἐνεκαλοῦντο
2920 1626 2969 1677 οί
3013 1623 3088 1695 τῷ
3144 1624 3427 1694 πράγματι

1868 1708 2231 1778 κεχρημένοις
2281 1706 2333 1758 τί
2379 1724 2510 1760 ποτε
2560 1708 2718 1760 τοῦτό
2762 1709 2911 1771 ἐστι;
2975 1708 3047 1760 Τὸ
3096 1707 3427 1777 μνησίκακον

1871 1793 2103 1847 ἐνταῦθά
2127 1810 2309 1861 φησιν.
2342 1792 2556 1855 Εὐθέως
2589 1792 2685 1862 μὲν
2719 1792 2825 1862 γὰρ
2854 1792 2943 1845 τὸν
2971 1793 3206 1845 παθόντα
3233 1792 3426 1860 δρᾶσαι

1872 1882 2164 1948 συγχωρεῖ,
2185 1880 2321 1948 ὅπερ
2352 1877 2505 1948 ἔφην,
2536 1878 2780 1951 κατέχων
2800 1881 3005 1931 ἐκεῖνον
3024 1893 3036 1905 ⁸
3075 1879 3426 1948 μνησικακεῖν

1871 1962 1928 2013 δέ
1959 1962 2143 2012 οὐκέτι
2185 1961 2438 2030 ἀφίησιν·
2472 1961 2653 2012 οὐκέτι
2684 1961 2789 2029 γὰρ
2826 1961 2887 2013 τὸ
2921 1960 3151 2030 πρᾶγμά
3186 1962 3298 2011 ἐστι
3330 1958 3425 2012 τοῦ

1873 2043 2066 2113 θυμοῦ,
2102 2042 2220 2094 οὐδὲ
2251 2046 2347 2113 τῆς
2378 2042 2604 2112 ζεούσης
2635 2044 2821 2114 ὀργῆς,
2854 2043 2990 2096 ἁλλά
3034 2044 3296 2114 πονηρίας
3330 2058 3428 2110 με-

1877 2125 2266 2197 μελετημένης.
2317 2126 2683 2194 Συγγινώσκει
2718 2126 2774 2179 δέ
2802 2128 2830 2178 ὁ
2858 2126 2989 2189 Θεὸς
3033 2130 3144 2189 τοῖς
3190 2126 3297 2179 ἀπὸ
3327 2126 3428 2197 τῆς

1872 2211 2129 2280 ἐπηρείας
2153 2210 2284 2271 ἴσως
2331 2209 2779 2279 συναρπασθεῖσι,
2818 2211 2915 2263 καὶ
2959 2211 3050 2263 ἐπὶ
3086 2213 3187 2276 τὴν
3216 2210 3428 2276 ἄμυναν

1871 2292 2155 2362 ὡρμηκόσι
2176 2308 2189 2321 ·
2217 2290 2297 2344 διὸ
2331 2291 2499 2360 λέγει,
2545 2292 2882 2360 Ὀφθαλμὸν
2909 2293 3042 2346 ἀντὶ
3072 2290 3382 2361 ὀφθαλμοῦ
3406 2305 3424 2322 ·

1872 2375 1966 2427 καὶ
1994 2374 2174 2437 πάλιν,
2213 2374 2371 2427 Ὀδοί
2408 2374 2804 2443 μνησικάκων
2830 2377 2918 2441 είς
2952 2374 3229 2428 θάνατον.
3266 2375 3327 2426 El
3368 2372 3425 2425 δέ

1871 2458 1998 2511 ἔνθα
2024 2458 2298 2528 ὀφθαλμὸν
2324 2459 2445 2510 ἀντὶ
2472 2458 2750 2527 ὀφθαλμοῦ
2779 2458 2986 2530 πηροῦν
3017 2458 3162 2527 ἐξῆν,
3192 2455 3426 2525 τοσαύτη

1872 2542 2048 2592 κεῖται
2080 2539 2321 2610 τιμωρία
2349 2541 2460 2602 τοῖς
2493 2539 2868 2609 μνησικάκοις,
2901 2540 3049 2609 πόσῳ
3089 2538 3286 2609 μᾶλλον
3314 2542 3428 2600 τοῖς

1873 2625 1966 2676 καὶ
2000 2625 2256 2694 παρέχειν
2286 2622 2510 2684 ἑαυτοὺς
2538 2621 2676 2693 πρὸς
2714 2622 2775 2674 τὸ
2800 2622 2992 2675 παθεῖν
3023 2621 3208 2684 κακῶς
3238 2620 3425 2674 κελευ-

1876 2705 2076 2771 σθεῖσι;
2107 2705 2199 2774 Μὴ
2229 2703 2408 2757 τοίνυν
2427 2698 2575 2775 ὦμεν
2598 2704 2943 2774 μνησίκακοι,
2983 2703 3118 2757 ἀλλά
3148 2703 3427 2772 σϐέσωμεν

1871 2789 1968 2857 τὴν
2003 2787 2191 2858 ὀργὴν,
2230 2787 2316 2839 ἵνα
2361 2787 2457 2856 τῆς
2493 2787 2644 2856 παρά
2694 2786 2788 2838 τοῦ
2843 2786 2975 2839 Θεοῦ
3024 2785 3427 2857 φιλανθρωπίας

1872 2869 2208 2939 ἁξιωθῶμεν.
2242 2866 2315 2940 Τῼ
2347 2870 2457 2937 γὰρ
2501 2869 2688 2936 μέτρῳ
2731 2869 3016 2937 μετρεῖτε,
3051 2870 3232 2938 φησὶν,
3263 2869 3428 2921 ἀντι-

1867 2952 2295 3024 μετρηθήσεται
2331 2952 2502 3020 ὑμῖν,
2549 2953 2647 3006 καὶ
2697 2953 2766 3005 ἐν
2798 2947 2846 3021 ᾧ
2892 2955 3122 3021 κρίματι
3171 2952 3425 3019 κρίνετε,

1872 3036 2249 3105 κριθήσεσθε.
2297 3033 2581 3105 Γινώμεθα
2618 3030 2723 3088 οῦν
2767 3037 2896 3106 περὶ
2935 3037 3060 3099 τοὺς
3107 3035 3425 3105 ὁμοδούλους

1874 3120 2260 3188 φιλάνθρωποι,
2299 3117 2624 3186 συμπαθεῖς,
2673 3118 2819 3179 ὅπως
2859 3117 2923 3170 ἂν
2960 3118 3058 3170 καὶ
3102 3118 3199 3180 τὰς
3247 3119 3303 3169 ἐν
3349 3116 3428 3187 τῷ

1873 3203 2100 3273 παρόντι
2123 3202 2222 3272 βίῳ
2249 3201 2598 3271 διαφύγωμεν
2620 3202 2873 3269 παγίδας.
2898 3203 2987 3254 καὶ
3014 3204 3153 3255 κατά
3176 3203 3276 3272 τὴν
3303 3202 3429 3271 μέλ-

1872 3289 2064 3342 λουσαν
2083 3290 2293 3359 ἡμέραν
2314 3289 2411 3357 τῆς
2439 3288 2567 3357 παρ’
2597 3287 2760 3340 αὑτοῦ
2786 3287 3035 3359 τύχωμεν
3075 3289 3425 3360 συγγνώμης,

1874 3374 2053 3445 χάριτι
2076 3374 2166 3426 καὶ
2199 3370 2596 3445 φιλανθρωπίᾳ,
2628 3373 2719 3424 καὶ
2744 3370 2811 3423 τὰ
2839 3372 2986 3442 ἑξῆς.

1543 3862 1688 3938 [ιιι]
1729 3864 1970 3920 υΜιΑιΑ
2010 3864 2111 3917 IZ'.

209 4070 476 4126 Γίνεσθε
495 4064 564 4118 δὲ
593 4066 678 4132 είς
698 4062 1009 4131 ἀλλήλους
1037 4064 1312 4133 χρηστοὶ,
1342 4063 1772 4133 εὔσπλαγχνοι,

277 4151 655 4221 χαριζόμενοι
713 4148 982 4219 ἑαυτοῖς,
1031 4149 1223 4214 καθὼς
1276 4147 1375 4201 καὶ
1436 4149 1468 4199 ό
1520 4146 1663 4211 Θεὸς
1708 4144 1778 4197 ἐν

278 4231 522 4303 Χριστῷ
563 4233 884 4301 ἐχαρίσατο
924 4230 1087 4300 ὑμῖν.
1129 4231 1385 4284 Γίνεσθε
1434 4225 1549 4284 οὖν
1591 4245 1775 4298 μιμηο

276 4316 383 4369 ταὶ
412 4314 519 4368 τοῦ
554 4315 724 4379 Θεοῦ,
749 4315 829 4379 ὡς
850 4313 1031 4367 τέκνα
1057 4311 1351 4381 ἀγαπητὰ,
1382 4312 1481 4368 καὶ
1526 4327 1775 4379 περιπα-

279 4399 443 4453 τεῖτε
468 4398 538 4451 ἐν
560 4397 782 4466 ἀγάπῃ,
808 4395 998 4462 καθὼς
1018 4396 1116 4449 καί
1137 4399 1169 4449 ὀ
1190 4395 1443 4463 Χριστὸς
1461 4394 1777 4464 ἠγάπησεν

276 4480 472 4551 ἡμᾶς,
495 4480 595 4534 καί
624 4480 966 4548 παρέδωκεν
986 4479 1203 4533 ἑαυτὸν
1221 4478 1370 4546 ὑπὲρ
1399 4476 1566 4547 ἡμῶν
1593 4492 1777 4545 ,προσ-

278 4569 485 4635 φορὰν
517 4565 615 4617 καὶ
642 4562 862 4617 θυσίαν
887 4561 965 4627 τῷ
985 4559 1104 4627 Θεῷ
1126 4563 1212 4627 εὶς
1233 4560 1432 4629 ὀσμὴν
1445 4561 1714 4625 εὐωδίας.

277 4750 351 4798 α’.
374 4740 460 4794 Τά
480 4740 814 4810 παρελθόντα
840 4739 947 4794 τῶν
976 4740 1267 4811 μελλόντων
1298 4740 1512 4793 πλείονα
1536 4741 1647 4811 ἔχει
1670 4741 1774 4811 τὴν

207 4828 397 4896 ἰσχὺν,
432 4826 526 4877 καὶ
551 4825 699 4877 δοκεῖ
727 4825 1141 4895 θαυμαστότερα
1165 4821 1302 4878 εἶναι
1331 4826 1424 4878 καὶ
1457 4826 1769 4894 πιστότερα.

212 4913 297 4963 Ᾱιὸ
332 4910 436 4962 καὶ
460 4912 490 4962 ό
514 4908 723 4973 Παῦλος
744 4909 853 4962 ἀπὸ
878 4908 984 4963 τῶν
1013 4909 1379 4979 ὑπηργμένων
1420 4908 1518 4981 ήδη
1542 4913 1774 4962 ποιεῖται

211 4992 306 5064 τήν
337 4991 691 5063 παράκλησιν
710 5007 723 5020 ·
758 4992 941 5045 ἐκεῖνα
960 4990 1059 5061 μὲν
1085 4990 1194 5060 γὰρ
1219 4990 1311 5043 τοῦ
1334 4991 1565 5062 Χριστοῦ
1591 4992 1773 5045 ἕνεκεν

213 5074 445 5143 μείζονα
486 5074 598 5143 ἔχει
626 5072 723 5144 τὴν
757 5072 927 5143 ἰσχύν.
970 5073 1043 5126 Τὸ
1073 5072 1179 5142 γὰρ
1225 5075 1417 5139 εἰπεῖν,
1452 5073 1638 5141 Ἄφες,
1680 5074 1775 5126 καὶ

215 5159 557 5229 ἀφεθήσεταί
589 5174 691 5220 σοι,
721 5157 822 5209 κᾶν
869 5157 943 5227 μὴ
981 5158 1175 5227 ἀφῆτε,
1211 5158 1271 5210 ού
1327 5157 1399 5229 μὴ
1439 5157 1774 5226 ἀφεθήσεται

213 5240 363 5308 ύμῖν,
424 5241 561 5311 πρὸς
617 5242 713 5310 μὲν
746 5240 1085 5309 φιλοσόφουςο
1117 5240 1313 5311 ἄνδρας
1352 5240 1641 5311 λεγόμενον
1679 5244 1772 5295 καὶ

212 5326 320 5389 τοῖς
357 5324 615 5394 μέλλουσι
642 5322 1011 5387 πιστεύοντας,
1052 5325 1192 5392 μέγα
1224 5324 1473 5377 δύναται·
1497 5327 1524 5377 ό
1550 5326 1604 5377 δὲ
1630 5325 1771 5378 Παῦ-

212 5404 431 5469 λοςούκ
459 5406 569 5460 ἀπὸ
600 5404 801 5459 τούτων
843 5407 1087 5477 ἐντρέπει
1135 5407 1314 5475 μόνον,
1348 5406 1481 5459 ἀλλὰ
1526 5408 1619 5461 καὶ
1666 5409 1772 5461 ἀπὸ

213 5488 322 5541 τῶν
376 5490 769 5562 ὑπηργμένων.
824 5490 1045 5559 Ἐκείνῳ
1093 5480 1340 5559 μὲνγὰρ
1398 5491 1512 5544 ἔστι
1554 5494 1773 5549 κόλασιν

215 5576 430 5640 φυγεῖν,
462 5573 638 5644 τούτῳ
671 5573 726 5626 δέ
754 5573 960 5641 ἀγαθοῦ
993 5591 1134 5635 τινος
1175 5577 1483 5646 μετασχεῖν.
1515 5578 1617 5633 Τὸν
1640 5579 1773 5649 Χρι-

216 5657 368 5721 στὸν,
398 5658 556 5727 φησι,
587 5660 750 5727 μιμῇ,
790 5656 974 5725 Ἀρκεῖ
1000 5657 1153 5709 τοῦτο
1191 5658 1348 5727 μόνον
1381 5662 1461 5723 εἰς
1491 5663 1772 5735 παράκλη-

218 5755 301 5791 σιν
343 5739 565 5809 ἀρετῆς,
618 5741 678 5792 τὸ
724 5740 815 5792 τὸν
865 5738 996 5792 Θεὸν
1040 5740 1351 5811 μιμεῖσθαι·
1390 5743 1547 5798 τοῦτο
1590 5749 1772 5818 μεῖζον

211 5821 448 5898 ἐκείνου,
480 5823 561 5876 ὅτι
600 5821 939 5877 Ἀνατέλλει
986 5823 1091 5876 τὸν
1129 5822 1307 5892 ἣλιον
1342 5824 1440 5881 ἐπὶ
1474 5832 1772 5905 πονηροὺς

1877 4057 1975 4113 καί
1997 4056 2274 4127 ἀγαθοὺς,
2293 4057 2392 4114 καί
2415 4058 2624 4129 βρέχει
2651 4060 2748 4114 ἐπὶ
2763 4060 3032 4130 δικαίους
3049 4063 3143 4117 καί
3157 4064 3425 4135 ἀδίκους.

1878 4142 1953 4195 Οὐ
1981 4141 2088 4211 γὰρ
2118 4141 2323 4206 ἁπλῶς,
2356 4143 2437 4196 ὅτι
2464 4144 2556 4196 τὸν
2588 4143 2718 4197 Θεὸν
2749 4146 3082 4216 μιμούμεθα,
3111 4142 3285 4213 εἶπεν,
3310 4150 3427 4203 ἀλλ’

1874 4223 1955 4277 ὅτι
1992 4226 2051 4277 ἐν
2081 4218 2163 4287 οἷς
2212 4225 2363 4277 αὐτοὶ
2401 4220 2459 4279 εὖ
2492 4226 2798 4297 πάσχομεν,
2852 4229 3103 4299 πατέρων
3144 4230 3428 4303 σπλάγχνα

1874 4308 2009 4378 πρὸς
2036 4308 2295 4378 ἀλλήλους
2320 4309 2466 4379 ἡμᾶς
2506 4309 2649 4379 ἔχειν
2679 4309 2925 4379 βούλεται
2945 4328 2959 4343 ·
3001 4313 3283 4385 σπλάγχνα
3316 4316 3427 4388 γὰρ

1872 4390 2045 4442 ταῦτα
2099 4390 2312 4458 λέγεται
2359 4393 2393 4461 ή
2440 4391 2815 4462 φιλανθρωπία
2870 4393 2965 4447 καὶ
3026 4396 3077 4447 οί
3130 4397 3424 4466 οἰκτιρμοί.

1886 4472 2104 4541 Ἐπειδὴ
2130 4472 2237 4543 γὰρ
2266 4473 2365 4526 οὐκ
2391 4473 2468 4526 ἐνι
2500 4472 2814 4543 ἀνθρώπους
2863 4476 3022 4539 ὄντας
3070 4478 3205 4548 μήτε
3236 4479 3429 4534 λυπεῖν

1877 4556 2013 4626 μήτε
2035 4554 2341 4618 λυπεῖσθαι,
2366 4555 2613 4627 δεύτερον
2631 4551 2755 4628 εὗρε
2779 4557 3087 4629 φάρμακον,
3111 4560 3249 4614 ὥστε
3270 4563 3429 4635 ἀλλή·

1871 4637 1986 4700 λοις
2038 4637 2389 4709 χαρίζεσθαι·
2447 4639 2855 4709 Χαριζόμενοι,
2918 4644 3113 4713 φησὶν,
3168 4645 3421 4713 ἑαυτοῖς.

1874 4720 2063 4774 Καίτοι
2100 4719 2250 4773 οὐδὲν
2277 4722 2390 4774 ἴσον
2409 4736 2424 4750 ·
2458 4723 2521 4775 σὺ
2566 4724 2663 4792 μέν
2688 4723 2792 4795 γὰρ
2810 4724 2877 4777 ἂν
2900 4724 3119 4797 χαρίσῃ,
3152 4727 3311 4780 πάλιν
3342 4746 3425 4783 σοι

1874 4806 2137 4872 χαριεῖται
2168 4803 2393 4867 ἐκεῖνος,
2419 4803 2535 4874 Θεῷ
2562 4805 2617 4856 δὲ
2636 4805 2785 4857 οὐδὲν
2806 4808 3063 4878 ἐχαρίσω.
3099 4810 3208 4863 Καὶ
3235 4813 3298 4865 σὺ
3325 4812 3426 4883 μὲν

1871 4883 1949 4954 τῷ
1978 4884 2268 4955 ὁμοδούλῳ,
2303 4887 2331 4938 ὁ
2361 4885 2416 4939 δὲ
2441 4886 2570 4949 Θεὸς
2598 4889 2674 4956 τῷ
2703 4887 2872 4959 δούλῳ
2897 4892 2989 4944 καὶ
3018 4890 3095 4961 τῷ
3124 4894 3302 4965 ἐχθρῷ
3333 4896 3427 4948 καὶ

1872 4967 1949 5036 τῷ
1999 4967 2243 5037 μισοῦντι
2272 4968 2454 5025 αὐτόν.
2491 4970 2693 5037 Καθὼς
2724 4972 2821 5024 καὶ
2852 4976 2885 5027 ὀ
2917 4974 3079 5041 Θεὸς,
3135 4978 3318 5046 φησὶν,
3358 4979 3426 5032 ἐν

1872 5049 2099 5117 Χριστῷ
2128 5051 2448 5120 ἐχαρίσατο
2472 5052 2635 5122 ἡμῖν.
2668 5054 2828 5124 Μέγα
2854 5058 3124 5113 καὶτοῦτο
3146 5059 3257 5130 ἔχει
3290 5063 3427 5116 αἴνι-

1871 5148 1988 5203 γμα
2010 5150 2022 5163 ·
2053 5134 2080 5186 ὃ
2100 5134 2155 5186 δὲ
2186 5135 2352 5203 λέγει,
2377 5135 2533 5187 τοῦτό
2563 5137 2740 5189 ἐστιν·
2770 5140 2879 5209 Οὐχ
2919 5141 3104 5203 ἁπλῶς
3132 5143 3427 5209 ἀκινδύνως

1873 5215 2181 5285 ἐχαρίσατο,
2209 5219 2388 5287 φησὶν,
2421 5216 2557 5270 ἀλλά
2592 5219 2727 5288 μετά
2746 5221 2839 5273 τοῦ
2868 5222 3109 5275 κινδύνου
3143 5225 3234 5276 τοῦ
3271 5225 3422 5281 Υίοῦ.

1876 5300 1992 5352 ’Ὶνα
2020 5301 2125 5371 γάρ
2144 5318 2222 5352 σοι
2248 5301 2484 5371 συγγνῷ,
2510 5301 2599 5354 τὸν
2624 5303 2747 5355 Υίὸν
2772 5304 2927 5357 ἔθυσε
2944 5321 2958 5334 ·
2988 5307 3052 5359 σὺ
3088 5305 3145 5358 δέ
3167 5307 3426 5371 πολλάκις

1876 5382 1966 5433 καὶ
1994 5383 2268 5435 ἀκίνδυνον
2316 5385 2408 5436 καὶ
2445 5384 2716 5438 ἀδάπανον
2749 5386 2890 5457 ὁρῶν
2921 5389 3021 5457 τὴν
3056 5388 3421 5459 συγχώρησιν,

1874 5464 1935 5516 ού
1962 5467 2108 5534 ποιῇ.
2130 5465 2382 5519 Γίνεσθε
2403 5464 2516 5519 οὖν
2532 5468 2776 5534 μιμηταὶ
2804 5469 2909 5523 τοῦ
2938 5469 3105 5534 Θεοῦ,
3139 5471 3219 5537 ώς
3243 5471 3426 5528 τέκνα

1874 5558 2167 5627 ἀγαπητὰ,
2194 5561 2292 5613 καί
2325 5563 2690 5630 περιπατεῖτε
2713 5564 2781 5616 ἐν
2810 5564 3029 5634 ἀγάπῃ,
3052 5567 3244 5635 καθὼς
3268 5570 3365 5623 καὶ
3390 5574 3426 5627 ὀ

1874 5654 2126 5721 Χριστὸς
2159 5654 2473 5725 ἠγάπησεν
2510 5656 2686 5727 ἡμᾶς,
2722 5660 2819 5713 καί
2845 5661 3182 5729 παρέδωκεν
3209 5664 3426 5721 ἑαυτὸν

1874 5749 2025 5819 ὑπὲρ
2056 5751 2223 5821 ἡμῶν
2272 5755 2619 5822 προσφορὰν
2662 5754 2761 5808 καὶ
2808 5757 3028 5812 θυσίαν
3056 5758 3135 5824 τῷ
3166 5761 3288 5828 Θεῷ
3326 5766 3425 5829 ,είς

1875 5833 2074 5904 ὀσμὴν
2102 5833 2369 5902 εὐωδίας.
2410 5836 2523 5894 Ἵνα
2555 5838 2629 5908 μὴ
2663 5838 2890 5911 νομίσῃς
2927 5842 3169 5915 ἀνάγκης
3206 5840 3344 5900 εἶναι
3368 5848 3427 5899 τὸ
