3974 6510
541 410 642 467 H7

536 528 789 597 πρᾶγμα,
818 525 1045 607 ἄκουσον
1071 524 1188 607 πῶς
1217 524 1315 596 οὐχ
1344 525 1550 589 ἁπλῶς,
1583 528 1696 581 ἀλλ’
1718 531 1799 582 ὅτι
1830 530 2081 583 Ἑαυτὸν

532 613 894 680 παρέδωκεν,
931 606 1107 663 εἶπεν·
1138 606 1270 664 ὡσεὶ
1296 611 1481 679 ἔλεγεν
1499 630 1514 644 ο
1545 614 1771 686 Ἐχθρὸν
1799 611 1944 669 ’όντα
1974 633 2031 668 σε
2060 616 2089 666 ό

531 700 806 769 Δεσπότης
833 698 1136 767 ἠγάπησεν,
1167 698 1450 769 άγάπησον
1465 700 1530 754 σὺ
1550 701 1641 753 τὸν
1679 702 1831 771 φίλον
1852 720 1865 734 ·
1892 702 2089 771 μᾶλλον

531 787 590 839 δέ
622 786 740 839 οὐδέ
768 786 907 838 οὕτω
940 786 1165 856 δυνήσῃ,
1199 785 1339 855 πλὴν
1370 787 1485 840 ἀλλ’
1515 787 1591 851 ὡς
1610 788 1854 844 δύνασαι.
1885 790 2083 844 Βαδαίί

531 869 585 922 τί
619 868 820 938 ταύτης
844 870 938 939 τῆς
974 870 1156 938 φωνῆς
1185 873 1594 944 μακαριώτερον
1618 874 1812 941 γένοιτ’
1842 874 1908 927 ἄν
1932 891 1947 940 ;
1973 873 2090 924 Κᾶν

532 956 805 1026 βασιλείαν
848 957 1024 1028 εἴπῃς,
1059 956 1159 1009 κᾶν
1203 958 1399 1021 ὁτιοῦν,
1433 960 1582 1013 οὐδὲν
1627 959 1758 1015 ίσον.
1806 960 1953 1032 [122]
1987 961 2089 1013 Τὸν

530 1042 660 1095 Θεὸν
690 1045 851 1114 μιμῇ,
881 1044 958 1113 τῷ
1003 1044 1121 1115 Θεῷ
1153 1043 1515 1115 ἐξομοιοῦσαι,
1546 1047 1672 1100 ὅταν
1718 1050 2079 1118 συγχωρήσῃς

531 1132 744 1200 ἐκείνῳ.
779 1132 993 1186 Μᾶλλον
1029 1134 1401 1205 ἁμαρτήματα
1437 1135 1518 1188 δεῖ
1546 1137 1923 1207 συγχωρεῖν,ἣ
1958 1137 2089 1207 χρή·

534 1236 704 1289 ματα.
734 1220 1003 1290 Χρήματα
1036 1222 1131 1291 μὲν
1164 1222 1270 1293 γάρ
1302 1224 1396 1276 ἐὰν
1439 1226 1813 1295 συγχωρήσῃς,
1841 1226 1937 1276 οὐκ
1965 1226 2087 1287 ἐμι-

533 1310 691 1380 μήσω
734 1310 823 1362 τὸν
856 1310 1019 1363 Θεόν·
1068 1312 1440 1383 ἁμαρτήματα
1482 1315 1538 1367 δὲ
1574 1314 1668 1367 ἐὰν
1703 1316 2083 1386 συγχωρήσῃς,

530 1398 619 1449 τὸν
642 1396 771 1449 θεὸν
802 1400 963 1467 μιμῇ.
999 1399 1143 1468 Πλὴν
1164 1401 1276 1461 πῶς
1306 1400 1504 1471 δυνήσῃ
1526 1402 1722 1469 λέγειν,
1756 1403 1932 1471 Πένης
1950 1403 2085 1471 εἰμί,

531 1483 625 1535 καὶ
672 1484 735 1537 οὐ
769 1483 999 1555 δύναμαι
1048 1487 1430 1557 συγχωρῆσαι,
1475 1490 1600 1541 ὅταν
1637 1490 1729 1541 καὶ
1779 1488 1814 1541 ά
1863 1489 2086 1542 δύνασαι

532 1576 901 1643 συγχωρῆσαι,
940 1572 1014 1644 μὴ
1053 1577 1430 1646 συγχωρήσῃς,
1470 1580 1564 1628 καὶ
1606 1578 1836 1630 ἐνταῦθα
1884 1577 2084 1648 ζημίαν

531 1661 659 1729 ἡγῇ,
715 1661 833 1729 οὐχ).
863 1660 1092 1712 πλοῦτον
1148 1662 1367 1730 μᾶλλον,
1418 1663 1539 1733 οὐχὶ
1581 1665 1918 1733 περιουσίαν,
1964 1664 2083 1733 οὐχὶ

528 1746 824 1817 εύπορίαν;
856 1748 1107 1802 Γίνεσθε
1144 1745 1258 1803 οὖν
1302 1750 1550 1819 μιμηταὶ
1590 1752 1695 1805 τοῦ
1736 1752 1902 1806 Θεοῦ.
1955 1752 2083 1805 ’1δού

529 1832 625 1885 καὶ
645 1831 776 1901 ἄλλη
810 1832 1151 1901 παράκλησις
1188 1833 1563 1905 εὐγενεστέρα.
1603 1837 1696 1901 Ὡς
1724 1837 1902 1889 τέκνα
1946 1839 2086 1906 ἁγα-

528 1916 707 1977 πητὰ,
740 1917 922 1985 φησίν.
955 1917 1145 1985 Ἔχετε
1179 1920 1271 1970 καὶ
1301 1918 1463 1987 ἄλλην
1490 1918 1749 1990 ἀνάγκην»
1763 1918 1856 1972 τοῦ
1903 1922 2086 1988 μιμεῖ-

528 2002 651 2055 σθαι
697 2002 882 2066 αὐτὸν,
920 2004 980 2056 οὐ
1016 2004 1094 2074 τῷ
1128 2006 1321 2058 παθεῖν
1373 2002 1430 2059 εὖ
1469 2008 1650 2077 μόνον,
1690 2007 1824 2060 ἀλλὰ
1867 2009 1961 2059 καὶ
2008 2006 2086 2076 τῷ

525 2090 692 2146 τέκνα
723 2092 997 2159 γενέσθαι.
1042 2094 1136 2160 Ὠς
1183 2096 1362 2149 τέκνα
1393 2096 1685 2165 ἀγαπητά.
1729 2096 1945 2166 Ἐπειδὴ
1975 2096 2085 2164 γάρ

522 2178 586 2231 ού
639 2179 838 2242 πάντες
885 2182 990 2233 uio}.
1029 2182 1154 2244 τοὺς
1203 2184 1451 2253 πατέρας
1503 2184 1818 2253 μιμοῦνται,
1871 2184 1985 2237 ἀλλ’
2034 2185 2085 2236 οἱ

526 2268 832 2336 ἀγαπητοὶ,
868 2268 954 2321 διὰ
1001 2269 1156 2322 τοῦτό
1189 2287 1386 2340 φησιν·
1447 2272 1539 2337 Ὡς
1568 2272 1749 2325 τέκνα
1787 2271 2083 2341 ἀγαπητά.

524 2355 905 2423 Περιπατεῖτε
930 2356 999 2408 ἐν
1027 2356 1251 2426 ἀγάπῃ.
1297 2357 1425 2410 Ἰδοὺ
1457 2360 1674 2411 πάντων
1717 2359 1749 2428 ή
1794 2357 2081 2420 ὑπόθεσις·

522 2444 718 2497 οὐκοῦν
738 2443 936 2513 ταύτης
956 2443 1142 2513 οὔσης,
1170 2445 1231 2497 οὐ
1257 2445 1444 2515 θυμὸς,
1468 2448 1565 2499 οὐκ
1581 2445 1738 2517 ὀργὴ,
1760 2446 1820 2498 οὐ
1849 2446 2082 2517 κραυγὴ,

520 2531 584 2584 οὐ
619 2530 953 2601 βλασφημία,
995 2531 1131 2584 ἀλλά
1178 2534 1358 2585 πάντα
1405 2532 1690 2603 ἀνῄρηται.
1734 2531 1825 2583 Διὸ
1860 2530 2086 2602 ὕστερον

521 2618 583 2671 τὸ
620 2619 908 2687 κεφάλαιον
936 2619 1138 2689 τίθησι.
1179 2620 1346 2674 Πόθεν
1383 2622 1568 2687 ἐγένου
1600 2620 1822 2683 τέκνον;
1866 2618 2083 2686 Ἐπειδὴ

524 2707 878 2778 συνεχωρήθη
913 2725 1013 2761 σοι.
1054 2710 1184 2761 Ἀπὸ
1213 2711 1312 2779 τῆς
1335 2709 1661 2771 ὑποθέσεως,
1690 2710 1780 2777 ἀφ’
1804 2703 1871 2778 ἦς
1899 2707 2086 2761 τοσαύ-

519 2809 619 2863 της
648 2793 885 2862 ὴξιῶθης
911 2798 1092 2865 τιμῆς,
1131 2796 1237 2848 ἀπὸ
1278 2797 1375 2864 τῆς
1420 2797 1587 2864 αὐτῆς
1618 2798 1711 2847 καὶ
1746 2794 1823 2865 τῷ
1857 2795 2084 2864 πλησίον

524 2880 893 2952 συγχώρησον.
939 2884 1072 2936 Εἰπὲ
1098 2885 1160 2954 δή
1197 2902 1306 2955 μοι,
1340 2884 1395 2937 εἴ
1423 2886 1507 2947 τίς
1541 2901 1599 2937 σε
1624 2885 1905 2955 δεσμώτην
1930 2884 2080 2948 ὄντα,

521 2969 616 3022 καὶ
658 2969 864 3039 μυρίων
893 2970 1188 3025 ὑπεύθυνον
1208 2972 1415 3039 κακῶν,
1446 2974 1650 3043 ἤγαγεν
1695 2974 1788 3025 ἐπὶ
1818 2973 1888 3027 τά
1922 2973 2078 3044 βασί-

520 3056 642 3110 λεια
662 3073 676 3086 ’
709 3057 908 3127 μᾶλλον
934 3058 989 3111 δέ
1013 3063 1169 3111 τοῦτο
1194 3060 1419 3129 ἀφῶμεν
1436 3077 1449 3089 ·
1484 3061 1537 3113 εί
1554 3060 1637 3123 τίς
1666 3078 1723 3113 σε
1748 3061 2081 3131 πυρέττοντα

521 3146 616 3200 καὶ
638 3144 1091 3217 ψυχορραγοῦντα
1119 3148 1365 3217 ὠφέλησε
1390 3150 1665 3222 φαρμάκῳ
1685 3152 1813 3211 τινὶ,
1845 3145 1954 3221 ἆρα
1982 3151 2081 3203 οὐκ

520 3232 586 3286 ἂν
609 3234 768 3287 αὐτὸν
797 3233 1012 3285 πάντων
1040 3235 1438 3306 προύτίμησας,
1466 3237 1558 3288 καὶ
1575 3236 1705 3289 αὐτὸ
1733 3235 1969 3305 τοῦνομα
1986 3238 2078 3289 τοῦ

522 3320 810 3390 φαρμάκου
835 3335 847 3381 ;
892 3320 952 3372 Εί
983 3321 1090 3390 γάρ
1120 3323 1342 3391 καιροὺς
1368 3322 1458 3374 καὶ
1486 3322 1702 3387 τόπους,
1741 3323 1807 3374 δι’
1833 3316 1907 3376 ὧν
1935 3323 2078 3390 ὠφε-

520 3407 776 3474 λούμεθα,
805 3406 977 3470 οὕτως
1000 3407 1194 3477 ἔχομεν
1220 3408 1294 3470 ὠς
1319 3410 1417 3471 τὰς
1442 3408 1648 3461 ἑαυτῶν
1676 3408 1874 3478 ψυχὰς,
1902 3410 2080 3478 πολλῴ

524 3494 723 3566 μᾶλλον
755 3494 893 3546 αὐτὰ
927 3494 993 3545 τὰ
1022 3493 1342 3563 πράγματα.
1387 3495 1651 3565 Ἐραστὴς
1688 3494 1779 3547 ἔσο
1801 3495 1899 3565 τῆς
1937 3495 2077 3562 ἀγά-

521 3602 629 3656 πης
653 3602 668 3616 ·
693 3585 758 3637 δι’
783 3585 953 3654 αὐτῆς
985 3585 1092 3653 γὰρ
1117 3584 1349 3655 ἐσώθης,
1376 3586 1445 3639 δι’
1470 3584 1639 3653 αὐτῆς
1668 3586 1780 3647 υἱὸς
1813 3585 2042 3652 γέγονας
2065 3601 2077 3615 ·

521 3670 623 3726 κᾶν
671 3671 857 3744 ἕτερον
909 3672 1144 3742 δυνηθῇς
1198 3672 1390 3736 σῶσαι,
1427 3673 1546 3743 οὐχί
1587 3672 1665 3742 τῷ
1711 3672 1858 3741 αὐτῷ
1901 3674 2080 3742 χρήσῃ

519 3762 833 3831 φαρμάκῳ,
885 3762 976 3815 καί
1030 3763 1372 3830 παραινέσεις
1434 3765 1568 3816 πᾶσι
1616 3762 1706 3825 τὸ,
1736 3762 1955 3830 Ἀφετε,
1995 3761 2080 3812 ἵνα

519 3849 694 3919 ἀφεθῇ
725 3851 886 3918 ὑμῖν;
939 3850 1309 3921 Εὐγνωμόνων
1357 3850 1545 3920 ψυχῶν
1589 3849 1785 3913 τοῦτο,
1822 3848 1883 3902 τὸ
1939 3847 2082 3899 οὕτω

521 3936 938 4005 προτρέπεσθαι,
982 3939 1076 3989 καὶ
1124 3936 1421 4007 ἐλευθέρων
1461 3935 1554 3989 καὶ
1588 3935 1843 4003 εὐγενῶν.
1873 3934 2078 3998 Καθὼς

518 4021 617 4073 καί
643 4025 675 4075 o'
701 4023 941 4090 Χριςτὸς
970 4024 1287 4092 ἠγάπησεν
1310 4022 1485 4093 ἡμᾶς,
1505 4024 1656 4096 φησί.
1682 4024 1753 4077 Σὺ
1778 4022 1885 4074 τῶν
1913 4022 2080 4090 φίλων

517 4110 698 4182 φείδῃ,
730 4113 935 4174 ἐκεῖνος
955 4112 1064 4165 τῶν
1088 4112 1327 4184 ἐχθρῶν·
1366 4113 1561 4166 οὐκοῦν
1596 4113 1776 4184 πολλῷ
1811 4111 1993 4184 μεῖζον
2020 4112 2082 4164 τὸ

518 4198 670 4268 παρὰ
698 4199 790 4252 τοῦ
822 4201 1091 4254 Δεσπότου
1120 4202 1420 4271 γινόμενον.
1452 4201 1524 4255 Τὸ
1544 4202 1672 4273 γάρ,
1706 4200 1932 4267 Καθὼς,
1964 4200 2080 4263 πῶς

521 4281 749 4348 σώζεται
780 4294 831 4351 ·;
863 4281 941 4338 Ἦ
979 4287 1135 4356 δῆλον
1160 4289 1263 4352 ὄτι,
1293 4289 1385 4343 ἐὰν
1414 4290 1541 4350 τοὺς
1570 4289 1798 4360 ἐχθροὺς
1819 4284 1878 4341 εὖ
1912 4287 2082 4340 ποιῶ-

521 4388 638 4440 μεν.
656 4370 763 4425 Καὶ
788 4371 1128 4440 παρέδωκεν
1147 4374 1361 4428 ἑαυτὸν
1383 4376 1731 4444 προσφορὰν
1749 4375 1847 4429 καί
1865 4376 2085 4429 θυσίαν

514 4458 597 4526 τῷ
634 4459 754 4525 Θεῷ
786 4464 871 4527 εἰς
899 4462 1095 4531 ὀσμὴν
1125 4463 1393 4530 εὐωδίας.
1435 4464 1595 4536 Ὁρᾷς
1621 4466 1681 4517 τὸ
1704 4465 1842 4535 ὑπὲρ
1876 4464 2083 4535 ἐχθρῶν

518 4549 728 4609 παθεῖν,
768 4550 850 4602 ὅτι.
891 4551 1033 4621 ὀσμὴ
1061 4552 1289 4615 εὐωδίας
1329 4554 1463 4617 ἐστὶ,
1488 4555 1578 4606 καὶ
1605 4552 1762 4606 θυσία
1792 4553 2084 4623 εὐπρόσδε-

518 4652 673 4701 κτοςς
717 4638 833 4690 Κάν
873 4639 1178 4712 ἀποθάνῃς,
1207 4642 1326 4695 τότε
1361 4642 1459 4715 ἔσῃ
1493 4643 1682 4696 θυσία·
1714 4644 1874 4696 τοῦτο
1909 4644 2081 4713 μιμή-

519 4726 712 4779 σασθαί
741 4728 858 4779 ἐστι
888 4727 981 4780 τὸν
1018 4728 1172 4783 Θεόν.
1216 4732 1473 4797 Πορνεία
1502 4732 1570 4785 δὲ
1612 4734 1709 4786 καὶ
1744 4732 1912 4789 πᾶσα
1938 4734 2081 4787 ἀκα-

516 4814 754 4879 θαρσία,
796 4813 831 4881 ἢ
862 4814 1205 4880 πλεονεξία,
1232 4817 1386 4887 μηδὲ
1415 4819 1788 4889 ὀνομαζέσθω
1819 4822 1890 4874 ἐν
1915 4820 2078 4891 ὑμῖν,

516 4898 710 4967 καθὼς
731 4902 941 4970 πρέπει
970 4903 1182 4973 ἁγίοις.

584 5068 718 5126 Εἷπε
751 5076 880 5143 περί
920 5075 1015 5128 τοῦ
1062 5074 1262 5147 πικροῦ
1300 5076 1503 5138 πάθους
1534 5074 1630 5129 τοῦ
1671 5073 1879 5145 θυμοῦ“
1920 5069 2079 5143 ἦλθεν

511 5159 608 5211 ἐπὶ
632 5160 692 5213 τὸ
722 5154 885 5231 ἦττον
915 5162 1104 5216 κακόν.
1139 5164 1260 5216 Ὅτι
1291 5164 1396 5235 γὰρ
1430 5158 1591 5235 ἦττον
1620 5163 1787 5217 κακὸν
1823 5163 1854 5231 ἡ
1888 5160 2077 5214 ἐπιθυ-

516 5245 637 5317 μία,
669 5246 835 5300 ἄκουε
858 5250 953 5302 καὶ
980 5251 1038 5303 ἐν
1064 5250 1141 5321 τῷ
1174 5252 1324 5321 νόμῳ
1348 5251 1624 5314 Μωῦσέως
1653 5250 1902 5319 λέγοντος
1923 5249 2078 5321 πρῶ-

514 5353 627 5402 τον,
666 5337 748 5391 Οὐ
780 5340 1119 5407 φονεύσεις,
1150 5340 1285 5410 ὅπερ
1318 5340 1434 5393 ἐστὶ
1463 5338 1557 5391 τοῦ
1583 5338 1778 5409 θυμοῦ,
1814 5338 1907 5392 καὶ
1932 5338 2075 5403 τότε,

518 5425 601 5478 οὐ
623 5426 988 5495 μοιχεύσεις,
1014 5428 1153 5497 ὅπερ
1184 5427 1299 5480 ἐστὶ
1335 5428 1433 5497 τῆς
1466 5426 1779 5496 ἐπιθυμίας.
1811 5426 2078 5498 Καθάπερ

515 5511 686 5585 γάρή
724 5513 919 5585 πικρία
953 5516 1046 5567 καὶ
1094 5517 1125 5586 ἡ
1162 5516 1377 5586 κραυγὴ
1430 5516 1527 5569 καὶ
1574 5517 1724 5569 πᾶσα
1780 5516 1947 5569 κακία
1984 5516 2078 5570 κοιίΙ

516 5594 857 5673 βλασφημία,
906 5603 1001 5655 καὶ
1029 5604 1128 5657 ὅσα
1170 5602 1417 5667 τοιαῦτα,
1464 5602 1558 5657 τοῦ
1595 5601 1873 5675 θυμώδους
1897 5604 2074 5658 ἐστίν·

440 5829 467 5853 ρ
575 5800 606 5830 ⁸
624 5800 773 5869 1131⁵8.
796 5803 968 5865 Savil.,
989 5801 1081 5852 ποῦ
1104 5804 1313 5859 σώζετε.

1271 407 1330 462 S.
1361 405 1645 464 JOANNIS
1673 402 2157 465 CHRYSOS’I‘OM]
2189 407 2504 466 ARCHIEP.
2546 408 3084 467 CONSTANTINOP.

3648 408 3758 467 “8

2197 528 2339 582 οὕτω
2358 531 2451 583 καὶ
2471 529 2561 584 τοῦ
2584 530 2972 601 ἐπιθυμητικοῦ
2997 528 3145 602 [125]
3161 528 3402 598 πορνεία,
3417 528 3756 600 ἀκαθαρσία,

2198 612 2510 679 πλεονεξία·
2552 614 2631 684 τῷ
2669 617 2777 685 γάρ
2808 616 2953 683 αὐτῷ
3005 614 3303 684 χρημάτων
3365 613 3601 684 ἐρῶμεν,
3655 617 3758 665 καὶ

2195 701 2480 770 σωμάτων.
2522 702 2659 754 Ἀλλ’
2692 703 2878 773 ῶσπερ
2912 704 3027 755 ἐκεῖ
3049 702 3149 770 τὴν
3181 700 3425 772 κραυγὴν
3455 702 3753 771 περιεῖλεν,

2192 786 2374 857 ὄχημα
2389 784 2550 841 οὖσαν
2572 789 2671 860 τῆς
2685 790 2871 860 ὀργῆς,
2889 788 3028 843 οὕτω
3038 790 3132 842 νῦν
3148 790 3244 858 τὴν
3262 787 3640 857 αἰσχρολογίαν
3655 790 3754 841 καὶ

2192 875 2549 945 εὐτραπελίαν
2574 875 2754 946 δχημα
2780 872 2942 930 οὖσαν
2962 876 3061 946 τῆς
3077 874 3345 947 πορνείας.
3369 875 3475 929 Καὶ
3495 877 3641 943 αἰσχ
3645 877 3754 942 ρό-

2191 979 2295 1028 της
2329 962 2458 1033 γὰρ,
2498 965 2646 1033 φησὶ.
2681 967 2775 1018 καί
2800 966 3152 1033 μωρολογία,
3184 964 3221 1031 ἢ
3263 964 3641 1031 εὐτραπελία,
3678 963 3755 1016 τὰ

2192 1050 2302 1101 οὐκ
2319 1048 2636 1115 ἀνήκοντα,
2654 1052 2812 1105 ἀλλὰ
2827 1052 3066 1120 μᾶλλον
3084 1053 3451 1121 εὐχαριστία.
3475 1051 3567 1121 Μὴ
3588 1052 3753 1121 εἴπῃς

2193 1138 2381 1189 ἀστεῖα
2395 1138 2515 1207 μηδ’
2532 1140 2751 1207 αἰσχρὰ,
2768 1140 2899 1209 μηδέ
2914 1139 3141 1211 πράξῃς,
3161 1140 3251 1190 καὶ
3264 1137 3623 1200 κατασϐέσεις
3648 1139 3754 1207 τὴν

2193 1223 2383 1290 φλόγα.
2400 1224 2565 1290 Μηδὲ
2587 1223 2976 1291 ὀνομαζέσθω,
2997 1225 3178 1295 φησὶν,
3196 1226 3264 1277 ἐν
3281 1224 3423 1294 ὑμῖν
3439 1240 3453 1254 ⁸
3476 1225 3751 1286 τουτέστι,

2197 1307 2441 1380 μηδαμοῦ
2475 1310 2609 1380 μηδὲ
2638 1310 2925 1377 φαινέσθω.
2960 1310 3127 1364 Τοῦτο
3148 1314 3241 1365 καὶ
3261 1310 3568 1383 Κορινθίοις
3600 1313 3749 1380 γρά-

2194 1414 2307 1465 φων
2359 1398 2577 1466 ἔλεγεν·
2635 1399 2827 1463 Ὀλως
2872 1400 3149 1454 ἀκούεται
3193 1402 3262 1454 ἐν
3290 1399 3432 1468 ὑμῖν
3473 1400 3749 1467 πορνεία.

2194 1485 2470 1548 Τουτέστι,
2500 1487 2701 1549 Πάντες
2739 1486 2963 1558 καθαροὶ
2986 1487 3225 1555 γένεσθε.
3249 1488 3310 1540 Ol
3335 1487 3444 1557 γάρ
3468 1486 3616 1554 λόγοι
3642 1484 3755 1537 τῶν

2194 1574 2529 1644 πραγμάτων
2574 1575 2709 1626 εἰσὶν
2752 1575 2878 1629 ὁδοί.
2912 1572 3043 1628 Ε’ίτα
3077 1576 3165 1629 ἵνα
3211 1575 3285 1646 μὴ
3324 1575 3449 1644 δόξῃ
3489 1574 3753 1644 φορτικός

2192 1678 2275 1724 τις
2318 1660 2455 1714 εἶναι
2510 1663 2603 1715 καὶ
2653 1652 2841 1733 βαρὺς,
2901 1664 2996 1716 καί¹
3042 1662 3398 1733 εὐτραπελίαν
3438 1661 3747 1721 ἐκκόπτων,

2191 1749 2439 1819 ἐπήγαγε
2485 1751 2575 1801 καὶ
2611 1750 2707 1820 τὴν
2747 1749 2943 1814 αἰτίαν,
2981 1748 3169 1814 εἰπὼν,
3207 1748 3282 1802 Τὰ
3304 1749 3388 1818 μὴ
3421 1748 3746 1814 ἀνήκοντα,

2189 1838 2257 1889 τὰ
2290 1838 2441 1891 οὐδὲν
2481 1838 2614 1909 πρὸς
2648 1840 2815 1909 ἡμᾶς,
2871 1839 3056 1910 φησὶν,
3085 1839 3247 1893 ἀλλὰ
3281 1836 3522 1907 μᾶλλον
3570 1838 3749 1905 εὐχα-

2184 1924 2405 1995 ριστία.

2257 2087 2321 2158 β’.
2340 2088 2405 2141 Τί
2421 2087 2617 2157 ὠφελεῖ
2637 2090 2697 2143 τὸ
2713 2090 2920 2143 ἀστεῖον
2938 2089 3137 2154 εἰπεῖν;
3155 2087 3369 2142 Γέλωτα
3389 2088 3645 2158 ἐκίνησας
3664 2086 3753 2155 μό-

2188 2192 2298 2232 νον.
2327 2176 2461 2230 Εἰπέ
2491 2194 2601 2246 μοι,
2637 2177 2665 2228 ό
2696 2177 3022 2248 σκυτοτόμος
3059 2177 3348 2247 ἐργάσεταί
3389 2176 3439 2228 τί
3473 2192 3605 2228 ποτε
3640 2175 3752 2228 τῶν

2187 2263 2312 2317 οὐκ.
2336 2263 2643 2332 ἀνηκόντων
2666 2266 2743 2327 είς
2771 2265 2868 2333 τὴν
2899 2263 3059 2317 αὑτοῦ
3096 2263 3325 2333 τέχνην;
3350 2263 3382 2333 ἢ
3408 2262 3671 2333 κτήσεταί
3697 2279 3753 2315 τι

2187 2349 2424 2403 τοιοῦτον
2438 2351 2692 2420 ὅργανον;
2718 2350 2977 2420 Οὐδαμῶς
2990 2366 3003 2380 ·
3030 2350 3093 2403 τά
3111 2351 3217 2419 γὰρ
3232 2351 3331 2403 οὐκ
3347 2352 3402 2402 ἐν
3416 2349 3575 2419 χρείᾳ
3597 2348 3752 2401 οὐδὲν

2188 2438 2323 2507 πρὸς
2348 2439 2514 2508 ἡμᾶς.
2545 2438 2746 2505 Μηδεὶς
2774 2437 2913 2490 ἔστω
2941 2438 3098 2505 λόγος
3146 2438 3314 2507 ἀργός
3337 2454 3350 2467 ·
3378 2436 3486 2491 ἀπὸ
3512 2437 3621 2505 γὰρ
3653 2436 3750 2490 τοῦ

2188 2524 2358 2595 ἀργοῦ
2387 2526 2481 2577 καὶ
2510 2527 2588 2587 είς
2616 2526 2845 2588 ἀτόπους
2868 2526 3298 2595 καταπίπτομεν.
3356 2524 3430 2578 Οὐ
3454 2523 3753 2594 διαχύσεως

2187 2615 2215 2665 ό
2242 2611 2429 2682 παρὼν
2452 2612 2659 2683 καιρὸς,
2690 2612 2823 2665 ἀλλά
2841 2613 3085 2676 πένθους,
3109 2612 3340 2681 θλίψεων
3365 2612 3457 2665 καὶ
3477 2611 3748 2682 ὀδυρμῶν·

2188 2701 2252 2753 σὺ
2275 2700 2332 2752 δέ
2358 2698 2724 2771 εὐτραπελεύῃ
2745 2716 2759 2763 ;
2784 2700 2878 2762 Τίς
2898 2700 3131 2770 ἀθλητὴς
3160 2702 3238 2762 είς
3259 2701 3318 2752 τὸ
3341 2699 3552 2753 στάδιον
3578 2697 3751 2751 εἰσελ-

2187 2785 2313 2849 θὼν,
2357 2786 2449 2840 καὶ
2475 2787 2573 2856 τὴν
2596 2786 2831 2854 ἀγωνίαν
2862 2787 3019 2854 ἀφεὶς
3042 2788 3138 2855 τὴν
3170 2784 3304 2855 πρὸς
3344 2785 3434 2840 τὸν
3459 2786 3749 2850 ἀντίδικον,

2185 2875 2375 2927 ἀστεῖα
2400 2872 2719 2942 φθέγγεται;
2757 2872 3086 2943 Ἐφέστηκεν
3118 2877 3146 2927 ὁ
3169 2873 3431 2936 διάϐολος,
3462 2874 3750 2944 περιέρχε·

2184 2980 2273 3016 ται
2317 2962 2621 3033 ὡρυόμενος
2654 2962 2745 3015 τοῦ
2774 2963 3033 3033 ἁρπάσαι,
3082 2963 3257 3016 πάντα
3285 2965 3425 3016 κινεῖ
3452 2963 3545 3016 καὶ
3570 2963 3748 3016 πάντα

2186 3052 2401 3122 στρέφει
2441 3051 2579 3105 κατά
2615 3052 2715 3122 τῆς
2735 3053 2830 3123 σῆς
2865 3052 3123 3123 κεφαλῆς,
3167 3053 3261 3106 καὶ
3301 3055 3606 3122 μηχανᾶται
3651 3054 3750 3121 τῆς

2183 3140 2374 3202 καλιάς
2414 3157 2473 3192 σε
2517 3139 2783 3205 ἐκϐαλεῖν,
2816 3141 2987 3211 τρίζει
3025 3141 3151 3204 τοὺς
3177 3141 3412 3205 ὀδόντας,
3462 3140 3746 3212 βρυχᾶτσι,

2184 3228 2293 3299 πῦρ
2315 3231 2436 3281 πνεῖ
2454 3228 2592 3280 κατά
2608 3228 2706 3299 τῆς
2736 3231 3006 3299 σωτηρίας
3027 3229 3125 3297 τῆς
3142 3228 3241 3297 σῆς
3261 3243 3273 3256 °
3302 3229 3394 3280 καὶ
3419 3229 3482 3280 σὺ
3507 3228 3747 3297 κάθησαι

2184 3317 2371 3368 ἀστεῖα
2400 3315 2591 3383 λέγων,
2626 3317 2718 3369 καὶ
2769 3316 3110 3385 μωρολογῶν,
3141 3317 3234 3369 καὶ
3258 3316 3325 3369 τά
3358 3316 3432 3386 μὴ
3476 3317 3749 3386 ἀνήκοντα

2184 3403 2546 3474 φθεγγόμενος
2566 3421 2580 3469 ;
2602 3402 2790 3457 οὐκοῦν
2813 3403 2989 3465 καλῶς
3011 3403 3172 3456 αὐτοῦ
3198 3403 3569 3473 περιγενέσθαι
3589 3403 3750 3473 δυνή-

2184 3508 2285 3561 σῃ;
2338 3490 2628 3560 Παίζομεν,
2666 3491 2950 3559 ἀγαπητοί.
2982 3489 3167 3543 Βούλει
3202 3490 3392 3559 μαθεῖν
3435 3490 3542 3542 τῶν
3574 3491 3749 3557 ἁγίων

2182 3578 2277 3648 τὴν
2297 3576 2568 3647 διαγωγήν
2590 3594 2604 3642 ;
2636 3577 2795 3631 ἄκουε
2818 3577 3028 3630 Παύλου
3053 3577 3300 3645 λέγοντος
3319 3595 3330 3607 ·
3364 3579 3622 3645 Τριετίαν
3645 3579 3747 3630 νύ-

2182 3683 2294 3719 κτα
2335 3666 2432 3719 καί
2473 3665 2700 3733 ἡμέραν
2738 3666 2848 3718 οὐκ
2889 3665 3249 3733 ἐπαυσάμην
3283 3666 3434 3734 μετὰ
3474 3666 3748 3733 δακρύων

2181 3752 2477 3807 νουθετῶν
2500 3752 2607 3806 ἕνα
2628 3752 2888 3806 ἕκαστον
2913 3750 3099 3821 ὑμῶν.
3134 3751 3197 3805 Εἰ
3219 3753 3276 3806 δέ
3300 3754 3440 3825 ὑπὲρ
3468 3753 3747 3821 Μιλησίων

2184 3842 2278 3894 καὶ
2322 3841 2582 3911 Ἐφεσίων
2610 3840 2844 3911 τοσαύτῃ
2868 3842 3133 3910 ἐχρήσατο
3163 3840 3385 3910 σπουδῇ,
3411 3840 3531 3910 οὐχὶ
3558 3840 3748 3892 ἀστεῖα

2184 3930 2375 3998 λέγων,
2402 3928 2536 3994 ἀλλά
2577 3930 2712 3998 μετὰ
2741 3929 2990 4000 δακρύων
3020 3928 3118 3993 τὴν
3144 3929 3423 3983 νουθεσίαν
3454 3928 3749 3999 εἰσφέρων,

2185 4017 2239 4070 τί
2255 4034 2320 4070 πε
2329 4016 2382 4086 pl
2395 4015 2502 4069 τῶν
2521 4015 2694 4070 ἄλλων
2706 4016 2847 4069 είποι
2859 4033 2943 4079 τις
2954 4016 3039 4082 av;
3062 4016 3256 4069 Ἀκουε
3268 4016 3323 4070 δὲ
3335 4018 3428 4071 καὶ
3443 4016 3749 4085 Κορινθίοις

2183 4104 2237 4156 τί
2269 4120 2429 4174 φησιν
2445 4117 2467 4131 ·⁴
2500 4105 2594 4156 Ἐκ
2623 4101 2861 4170 πολλῆς
2888 4104 3145 4170 θλίψεως
3182 4101 3283 4159 καί
3309 4100 3580 4171 συνοχῆς
3607 4118 3748 4166 καρ-

2183 4188 2315 4255 δίας
2330 4189 2559 4257 ἑπραψα
2581 4187 2720 4257 ὑμῖν
2738 4188 2834 4241 διὰ
2858 4187 3103 4242 πολλῶν
3117 4188 3389 4256 δακρύων
3408 4205 3423 4219 ο
3445 4188 3539 4240 καὶ
3558 4187 3742 4241 πάλιν·

2189 4280 2285 4343 Τίς
2311 4277 2569 4341 ἀσθενεῖ,
2598 4278 2693 4331 καὶ
2721 4279 2829 4331 οὐκ
2856 4276 3088 4331 ἀσθενῶ
3104 4293 3122 4339 ;
3154 4278 3244 4342 τίς
3265 4274 3744 4339 σκανδαλίζεται,

2185 4365 2285 4419 καί
2302 4368 2411 4419 οὐκ
2432 4365 2546 4435 ἐγὼ
2571 4365 2895 4432 πιιοοῦμαις
2918 4366 3111 4418 ’Ἄκουε
3135 4364 3191 4417 δέ
3211 4362 3374 4417 αὐτοῦ
3400 4363 3495 4416 καὶ
3511 4362 3745 4433 ἀλλαχοῦ

2185 4453 2449 4522 λέγοντος,
2473 4455 2563 4506 καὶ
2578 4452 2697 4507 καθ’
2713 4454 2945 4521 ἑκάστην
2962 4452 3192 4523 ἡμέραν,
3213 4452 3288 4513 ὠς
3302 4452 3494 4517 εἰπεῖν,
3511 4450 3747 4515 ἐξελθεῖν

2187 4543 2252 4593 ἐκ
2270 4540 2360 4593 τοῦ
2381 4541 2582 4609 κόσμου
2602 4539 2991 4608 ἐπιθυμοῦντος
3009 4556 3024 4570 ·
3042 4540 3150 4593 Καὶ
3171 4538 3281 4609 γὰρ
3306 4537 3478 4608 ἡμεῖς
3497 4540 3550 4592 οὶ
3570 4538 3747 4603 ὄντες

2184 4629 2253 4681 ἐν
2270 4628 2347 4694 τῷ
2368 4628 2599 4694 σκήνει,
2624 4628 2999 4697 στενάζομεν.
3029 4629 3101 4681 Σὺ
3122 4628 3176 4681 δὲ
3190 4627 3351 4698 γελᾷς
3373 4628 3467 4681 καὶ
3491 4626 3703 4690 παίζεις
3728 4642 3746 4690 ;

2186 4717 2421 4786 πολέμου
2456 4716 2663 4786 καιρὸς,
2691 4717 2784 4769 καὶ
2814 4718 2877 4769 σὺ
2901 4718 2968 4770 τὰ
2993 4717 3099 4769 τῶν
3125 4717 3454 4788 χορευόντων
3490 4732 3748 4786 μεταχει-

2188 4803 2342 4875 ρίζῃς
2373 4803 2481 4874 Οὐχ
2514 4805 2643 4875 ὁρᾷς
2674 4804 2781 4857 τῶν
2802 4804 3176 4875 πολεμούντων
3200 4805 3270 4857 τά
3296 4805 3581 4874 πρόσωπα,
3626 4803 3745 4866 πῶς

2185 4892 2291 4943 εἰσι
2322 4890 2636 4961 σκυθρωπά,
2660 4891 2773 4954 πῶς
2810 4892 3139 4962 συνηγμένα,
3167 4892 3337 4961 ὀφρῦς
3356 4890 3464 4962 γάρ
3496 4890 3621 4962 παρ’
3645 4892 3744 4943 αὐ-

2182 4980 2293 5040 τοῖς
2319 4978 2523 5049 φοϐερὰ
2551 4978 2644 5030 καί¹
2670 4978 2868 5050 φρίκης
2889 4980 3148 5051 γέμουσα.
3179 4979 3339 5051 Ὁρᾷς
3362 4979 3513 5049 ὄμμα
3536 4979 3740 5049 αὐστη-

2186 5069 2299 5140 ρὸν,
2340 5068 2564 5138 καρδίαν
2594 5068 3021 5141 διεγηγερμένην
3059 5070 3151 5123 καὶ
3185 5070 3437 5139 πηδῶσαν
3466 5069 3559 5121 καὶ
3585 5067 3740 5120 ἀλλο·

2187 5160 2375 5231 μένην,
2394 5157 2547 5230 [124]
2570 5159 2901 5230 συνηγμένον
2916 5159 3330 5231 νοῦν,τρέμοντα
3351 5158 3444 5211 καὶ
3466 5158 3740 5226 ἀγωνιῶν-

2181 5236 2268 5310 τα,
2284 5245 2479 5317 πολλὴν
2492 5246 2587 5317 τὴν
2599 5246 2867 5313 εὐταξίαν,
2885 5245 3080 5317 πολλὴν
3095 5247 3192 5317 τὴν
3205 5247 3263 5298 εὐ
3272 5246 3367 5317 ρυθ
3375 5246 3521 5315 μίαν,
3539 5245 3738 5310 πολλὴν

2182 5334 2279 5405 τὴν
2312 5334 2467 5405 σιγὴν
2512 5338 2569 5388 ἐν
2600 5337 2710 5397 τοῖς
2742 5334 3152 5406 στρατοπέδοις·
3184 5334 3245 5386 οὐ
3289 5333 3450 5401 λέγω,
3481 5332 3621 5385 ῶστε
3648 5334 3736 5386 αἰ·-

2183 5421 2344 5493 σχρὸν
2373 5421 2524 5493 ῥῆμα
2541 5422 2613 5493 μὴ
2635 5424 2826 5497 εἰπεῖν,
2854 5421 2987 5475 ἀλλὰ
3020 5420 3152 5493 μηδέ
3175 5418 3359 5481 ἁπλῶς
3383 5416 3735 5488 φθέγξασθαι.

2184 5510 2245 5564 Εἰ
2276 5508 2383 5580 γάρ
2417 5510 2550 5581 πρὸς
2581 5510 2867 5580 αἰσθητοὺς
2901 5508 3113 5581 ἔχοντες
3150 5508 3431 5579 πολεμίους
3453 5506 3481 5546 δ
3521 5506 3737 5568 ἐκεῖνοι,

2183 5748 2601 5871 ἇγένῐᾶεεειιάυω,
2635 5748 2795 5811 inquit
2818 5748 3047 5811 Danaus,
3070 5752 3108 5799 εἰ
3133 5749 3182 5799 δὲ
3203 5749 3317 5811 πρὸς
3339 5748 3464 5797 αἰσθ.
3488 5746 3558 5811 εχ.
3579 5760 3629 5795 π.
3650 5743 3738 5792 τὸν
