3960 6508
186 448 297 504 "7
1034 451 1107 507 ἸΝ
1144 450 1361 510 ΕῬΙΞΤ.
1404 454 1495 510 AD
1534 454 1688 512 EPHI

1806 459 1967 515 CAP.
2009 465 2072 517 ν.
2116 466 2343 526 HOMlL.
2384 468 2547 532 XVII.

184 566 409 631 dilexit;
440 574 495 621 tu
520 565 679 635 dilige
704 567 969 621 amicum:
1004 565 1109 621 imo
1134 583 1263 622 vero
1303 582 1400 624 nec
1425 570 1502 624 sic
1533 571 1754 640 poteris,

182 658 277 713 sed
300 657 385 712 fac
411 668 469 712 ut
506 668 678 728 potes.
708 659 896 728 Papae!
937 659 1062 729 quid
1090 660 1189 715 hac
1223 676 1354 717 voce
1383 664 1615 731 potuerit
1640 679 1760 719 esse

179 748 437 805 beatius?
458 749 680 805 Etiamsi
708 767 929 820 regnum
959 752 1178 818 dixeris,
1222 754 1433 809 etiamsi
1459 756 1752 827 quodlibet,

180 852 288 896 non
337 848 465 896 sunt
514 843 683 911 paria.
728 842 895 897 Deum
938 843 1198 910 imitaris,
1248 845 1360 901 Deo
1406 849 1752 916 assimilaris,

175 932 394 1001 quando
446 932 523 986 illi
568 932 974 988 condonaveris.
1020 934 1185 1005 Magis
1227 946 1351 991 sunt
1404 939 1751 997 condonanda

174 1033 394 1090 peccata
421 1038 581 1092 quam
611 1024 868 1093 pecunia.
898 1024 1029 1080 Nam
1053 1029 1305 1096 pecunias
1331 1029 1544 1100 quidem
1571 1032 1613 1086 si
1632 1046 1752 1087 con-

167 1115 414 1179 donaris,
446 1116 611 1170 Deum
641 1133 745 1171 non
787 1116 1041 1183 imitaris;
1092 1131 1309 1188 peccata
1336 1132 1513 1177 autem
1542 1124 1585 1178 si
1614 1140 1747 1180 con-

164 1204 411 1271 donaris,
440 1206 662 1263 imitaris
686 1209 869 1264 Deum.
901 1210 1006 1265 Sed
1023 1212 1291 1279 quomodo
1319 1214 1519 1282 poteris
1545 1216 1742 1273 dicere:

3353 498 3376 550 1
3394 500 3449 554 l8

1877 588 2179 635 sermonem
2212 595 2265 638 et
2295 590 2675 648 scurrilitatem
2702 610 2821 666 qua:
2862 611 2945 656 est
2972 603 3270 663 vehiculum
3300 626 3451 665 scor-

1870 668 2104 725 tationis.
2134 674 2186 727 4.
2222 674 2289 728 Et
2316 681 2577 750 turpitudo
2601 696 2649 739 et
2674 688 3043 762 stultiloquium
3073 708 3121 752 et
3142 706 3445 771 scurrilitas,

1864 768 1978 824 Qua:
2003 762 2072 815 ad
2097 780 2200 818 rem
2234 784 2333 822 non
2362 773 2645 842 pertinent;
2663 780 2752 834 sed
2784 785 2945 855 magis
2969 788 3250 857 gratiarum
3285 798 3437 851 actio.

1860 846 1939 905 Ne
1966 850 2165 909 dixeris
2202 854 2423 916 facetias
2462 880 2561 920 nec
2589 871 2782 941 turpia,
2829 890 2930 930 nec
2967 877 3177 949 feceris,
3206 894 3260 938 et
3288 885 3443 941 ﬂant-

1856 952 2000 995 mam
2028 947 2354 1018 exstingues.
2384 952 2497 1009 Nec
2519 960 2822 1030 nominetur,
2848 966 3034 1037 inquit,
3067 972 3123 1025 in
3149 975 3285 1030 vobis
3303 994 3321 1030 :
3340 978 3442 1035 hoc

1856 1044 1956 1098 est,
1995 1047 2061 1093 ne
2084 1050 2306 1112 usquam
2336 1047 2552 1116 quidem
2583 1069 2860 1123 appareat.
2888 1059 3000 1115 lloc
3025 1066 3185 1121 etiam
3224 1071 3440 1128 dicebat

1852 1128 2098 1186 scribens
2119 1134 2182 1188 ad
2205 1135 2507 1197 Corinthios
2532 1161 2544 1196 :
2573 1142 2791 1202 Omnino
2830 1152 3036 1207 auditur
3068 1158 3198 1213 inter
3224 1176 3309 1215 vos
3328 1160 3437 1231 for-

1849 1219 2037 1274 nicatio
2067 1222 2141 1292 (t.
2173 1223 2291 1279 Cor.
2321 1228 2373 1284 5.
2408 1232 2483 1300 1).
2515 1233 2628 1290 Hoc
2676 1248 2780 1307 est,
2825 1240 2954 1297 Sitis
2996 1260 3185 1303 omnes
3224 1219 3430 1309 mundi.

162 1293 296 1349 Sum
327 1312 531 1366 pauper
553 1313 654 1352 nec
689 1313 903 1368 possum
948 1301 1272 1369 condonare,
1325 1304 1536 1374 quando
1579 1308 1741 1362 etiam
1848 1306 2133 1368 Sermones
2155 1316 2297 1371 enim
2328 1332 2452 1376 sunt.
2479 1325 2575 1379 vice
2614 1343 2815 1383 rerum.
2864 1334 3064 1391 Deinde
3094 1355 3162 1394 ne
3186 1341 3432 1400 videatur

162 1398 283 1454 qua:
296 1395 453 1454 potes
472 1387 797 1452 condanare,
824 1406 927 1445 non
950 1393 1244 1457 condonas,
1260 1404 1314 1449 ct
1334 1406 1487 1465 putas
1514 1412 1632 1452 esse
1653 1399 1743 1453 da-
1847 1412 1967 1455 esse
1989 1406 2165 1473 gravis
2186 1418 2239 1464 et
2259 1410 2615 1482 importunus,
2635 1428 2690 1475 et
2708 1423 3022 1481 exscindere
3046 1430 3423 1499 urbanitatem,

162 1490 345 1499 ______
396 1494 497 1499 ,η
792 1497 849 1499 Α
939 1482 961 1499 .-
1004 1497 1011 1499 .
1058 1485 1146 1499 .,.
1275 1494 1285 1499 -
1425 1488 1436 1499 .
1517 1484 1612 1499 λη
1913 1491 1961 1499 --
2082 1496 2091 1499 Α

2341 1478 2347 1480 ν
2604 1478 2611 1482 .
2904 1478 2909 1479 κ
2942 1478 2976 1480 η
3000 1478 3018 1481 -
3050 1478 3423 1499 ----._-......,...,

156 1490 372 1545 mnum,
396 1494 504 1533 non
528 1478 758 1544 divitias,
790 1497 895 1536 non
936 1482 1211 1539 facultates
1238 1494 1292 1541 et
1318 1488 1541 1557 c0pias?
1563 1484 1740 1545 Estote
1841 1491 2120 1561 subjunxit
2136 1501 2295 1556 etiam
2323 1519 2559 1575 causam,
2583 1510 2803 1567 dicens:
2835 1516 2961 1581 Qua:
2975 1520 3043 1571 ad
3064 1538 3168 1575 rem
3193 1541 3292 1577 non
3311 1544 3427 1594 per-

163 1585 278 1594 Α..--
300 1571 578 1594 ΞμέιριΑμ--
619 1572 704 1594 ﬂ-..
760 1573 888 1594 n-‘_
922 1574 1014 1594 -IQ-
1057 1591 1250 1594 L,_-_.._
1307 1592 1314 1594 Α
1345 1593 1349 1594 ,
1528 1581 1564 1594 ι.
1850 1583 1883 1594 ,ο

2547 1571 2555 1575 -
2838 1571 2874 1581 η
3193 1571 3383 1594 -----,,,.

156 1585 279 1639 ergo
300 1571 579 1626 imitatores
610 1572 722 1626 Dei.
759 1573 893 1628 Ecce
918 1574 1021 1629 alia
1048 1591 1260 1646 quoque
1296 1581 1607 1647 generosior
1636 1596 1733 1636 ex-
1842 1583 2021 1649 tinent,
2049 1602 2168 1657 qua:
2195 1604 2375 1648 nostra
2404 1597 2535 1653 nihil
2568 1601 2830 1674 referunt,
2879 1608 3073 1681 inquit,
3125 1614 3217 1667 sed
3261 1618 3423 1688 magis

156 1658 394 1688 ιΑ-.-.ιΑ
455 1661 597 1688 (ηρ...
646 1663 739 1688 cn:
769 1665 1009 1688 --..:--:---:
1072 1667 1118 1688 ε..
1136 1668 1240 1688 --,2.
1314 1669 1407 1688 an-
1436 1685 1464 1688 μ
1529 1670 1540 1688 I
1573 1671 1611 1688 Δι
1667 1674 1699 1688 ,ι
1943 1678 1969 1688 ..
2246 1685 2255 1688 -

152 1658 415 1717 hortatio.
448 1661 597 1717 Sicut
638 1663 739 1733 ﬁlii
762 1665 1027 1731 carissimi,
1072 1667 1262 1738 inquit.
1301 1669 1472 1723 Aliam
1527 1670 1731 1729 habetis
1836 1678 2117 1743 gratiarum
2153 1685 2421 1742 actionem.

153 1752 533 1807 necessitatem
556 1752 670 1822 eius
716 1752 975 1821 imitandi,
1006 1772 1109 1810 non
1136 1758 1308 1813 solum
1336 1775 1401 1814 eo
1430 1763 1570 1831 quod
1613 1763 1730 1819 sitis
1905 1764 1961 1819 2.
1989 1767 2125 1835 Quid
2176 1776 2394 1843 prodest
2419 1780 2616 1851 aliquid
2670 1786 2930 1845 urbanum
2990 1794 3216 1852 dicere?
3242 1800 3417 1857 solum

145 1840 338 1898 affecti
364 1844 650 1910 beneﬁciis,
672 1848 762 1899 sed
787 1855 842 1900 et
860 1846 999 1916 quod
1023 1846 1140 1903 facti
1168 1849 1283 1904 sitis
1308 1849 1419 1907 lilii.
1446 1848 1727 1924 Tamquam
1834 1870 2024 1914 moves
2069 1863 2259 1921 risum.
2287 1868 2380 1924 Dic
2402 1872 2532 1928 mihi
2558 1892 2572 1928 :
2596 1887 2749 1933 sutor
2777 1880 3005 1941 facietne
3027 1888 3227 1960 aliquid
3257 1909 3318 1947 ex
3349 1895 3414 1950 iis

152 1935 252 1960 8132
285 1938 524 1960 -_...'-_.‘..-2
586 1936 711 1960 Id-..
759 1940 998 1960 _..-_-_!___-
1037 1957 1133 1960 ῌᾼΑ
1179 1955 1290 1960 -Asd
1314 1954 1359 1960 μμ
1392 1943 1483 1960 nl”
1516 1947 1527 1957 ο
1591 1948 1621 1960 ο-
2029 1951 2043 1960 .

3028 1935 3226 1960 cur...
3258 1935 3318 1947 νη
3349 1935 3414 1950 ..σ

142 1935 252 2002 ﬁlii
276 1938 543 1992 carissimi.
584 1936 715 1992 Nam
753 1940 1001 2008 quoniam
1037 1957 1140 1998 non
1171 1954 1360 1999 omnes
1389 1943 1485 1999 ﬁlii
1516 1947 1728 2001 imitan-
1831 1964 1951 2018 quae
1977 1951 2043 2007 ad
2066 1965 2236 2011 artem
2290 1974 2439 2017 suam
2472 1981 2576 2021 non
2627 1972 2918 2039 pertinent,
2978 1987 3068 2032 aut
3119 1984 3414 2050 possidebit

143 2038 232 2050 n--_
261 2038 438 2050 __-_--
495 2029 584 2050 --Δ
618 2031 698 2050 -.-ε
732 2042 846 2050 Au“.
885 2032 970 2050 j'l,
995 2034 1051 2050 -.⁸
1180 2049 1187 2050 ,
1242 2045 1252 2050 -
1423 2038 1455 2050 ια
1495 2038 1526 2050 -Α
1577 2039 1619 2050 ..ι
1864 2040 1895 2050 ι.
2026 2044 2038 2050 -
2098 2046 2109 2050 -

142 2038 233 2082 tor
260 2038 463 2098 patres,
493 2029 585 2084 sed
611 2031 699 2101 qui
728 2042 852 2087 sunt
875 2032 1073 2097 dilecti,
1104 2045 1381 2105 propterea
1404 2038 1552 2105 dicit,
1577 2039 1726 2093 Tam-
1828 2040 2039 2113 aliquod
2061 2046 2326 2117 ejusmodi
2370 2053 2784 2117 instrumentum
2810 2064 2834 2118 ?
2863 2060 3205 2140 Nequaquam
3240 2094 3253 2129 :
3284 2092 3405 2131 nam

138 2132 296 2184 quam
316 2119 418 2188 ﬁlii
435 2120 623 2173 dilecti.
642 2120 908 2177 Ambulate
932 2124 984 2176 in
1009 2124 1292 2180 dilectione.
1316 2128 1453 2184 Ecce
1482 2133 1719 2188 omnium
1825 2147 1945 2203 qua:
1966 2150 2071 2190 non
2102 2148 2225 2195 sunt
2243 2142 2294 2196 in
2322 2158 2439 2209 usu.
2465 2162 2525 2202 ea
2550 2150 2685 2205 nihil
2717 2155 2781 2208 ad
2807 2172 2925 2212 nos.
2985 2159 3172 2217 Nullus
3195 2165 3262 2220 sit
3290 2178 3406 2221 ser-

138 2209 574 2265 fundamentum.
603 2211 727 2266 Haec
756 2213 801 2266 si
827 2214 916 2280 sit,
949 2228 1055 2269 non
1083 2226 1164 2271 est
1194 2218 1270 2272 ira
1299 2234 1397 2275 nec
1428 2222 1720 2293 indignatio
1823 2232 1914 2278 mo
1939 2228 2141 2284 otiosus
2184 2248 2198 2284 :
2231 2242 2353 2289 nam
2396 2238 2658 2297 ab'otioso
2707 2259 2957 2305 sermone
2982 2252 3032 2306 in
3056 2255 3320 2312 absurdos
3348 2270 3404 2315 et

136 2319 237 2358 nec
273 2304 481 2359 clamor
506 2319 604 2360 nec
631 2305 981 2375 blaSpltemia,
1010 2309 1104 2364 sed
1133 2311 1338 2366 sublata
1363 2322 1487 2367 sunt
1512 2314 1712 2370 omnia.
1833 2314 2171 2386 importunos
2187 2323 2504 2384 decidimus.
2538 2332 2651 2388 Non
2680 2346 2764 2391 est
2791 2354 3028 2408 praesens
3055 2356 3265 2417 tempus
3293 2351 3376 2406 dif
3381 2385 3400 2394 -

136 2394 197 2417 Σ*-
235 2396 249 2417 2
276 2397 355 2417 Ι--
397 2407 547 2417 Α-..η.
587 2407 627 2417 ,ι
665 2413 769 2417 ,κηη
790 2412 827 2417 es
848 2414 913 2417 μη
978 2410 981 2413 ι
1063 2402 1094 2417 ι.
1231 2414 1240 2417 -
1312 2406 1323 2415 ο
1438 2406 1481 2417 ιο
1540 2407 1552 2417 ι
1824 2406 1843 2417 ι.
1976 2410 1990 2417 -
2072 2412 2083 2417 -
2114 2413 2126 2417 -

2791 2394 2805 2408 .
3057 2394 3264 2417 ---Ἴων
3294 2394 3364 2406 ν..

136 2394 201 2449 Ει
235 2396 362 2450 ideo
391 2407 551 2465 caput
579 2407 631 2452 et
662 2402 1100 2470 snmmamponit
1128 2406 1410 2470 posterius.
1438 2406 1713 2463 Undenant
1820 2406 1949 2461 fusa:
1976 2410 2199 2478 laetitias,
2230 2418 2325 2473 sed
2350 2420 2542 2491 luctus,
2567 2426 2938 2499 afﬂictionunt,
2970 2444 3025 2491 et
3043 2439 3302 2507 ejula‘tns:
3340 2458 3394 2500 tu

136 2486 299 2507 l-_.__,
341 2504 388 2507 __
424 2490 659 2507 nl',_on
714 2506 721 2507 κ
774 2491 785 2501 ι
904 2491 991 2507 ιη.-
1025 2494 1115 2507 -.ιο
1262 2496 1274 2507 ι
1392 2506 1395 2507 ,
1542 2500 1581 2507 _

2531 2486 2539 2491 ν
2840 2486 2857 2487 κν
2977 2486 3023 2491 _-
3048 2486 3301 2507 Tum"...
3340 2486 3394 2500 ...

130 2486 306 2543 factus
331 2504 394 2543 es
424 2490 595 2543 ﬁlius?
618 2490 874 2557 Quoniam
902 2491 997 2547 fuit
1023 2494 1116 2548 tibi
1139 2496 1515 2553 condonatum.
1541 2500 1616 2554 Ex
1648 2517 1713 2555 eo
1818 2507 1998 2554 autem
2051 2502 2101 2557 in
2150 2504 2307 2564 dictis
2337 2510 2521 2569 facetis
2551 2525 2765 2590 tempus
2804 2526 2977 2582 teris?
3026 2529 3155 2596 Quis
3196 2535 3395 2593 athleta

127 2577 488 2635 fundamento
513 2592 578 2636 ex
606 2597 711 2652 quo
735 2582 1066 2652 dignatus’es
1097 2594 1243 2641 tanto
1273 2586 1496 2651 honore,
1525 2606 1591 2645 ex
1612 2607 1709 2647 eo-

126 2672 252 2726 dem
284 2673 448 2727 etiam
472 2673 711 2728 condona
740 2676 1001 2744 proximo.
1031 2676 1126 2731 Dic
1148 2679 1275 2732 mihi
1296 2691 1473 2737 autem
1494 2700 1508 2737 :
1531 2685 1574 2738 si
1591 2686 1709 2756 quis

127 2770 175 2817 te
202 2778 330 2817 cum
361 2778 511 2819 esses
536 2766 761 2833 vinctus,
788 2777 842 2823 et
865 2768 1129 2824 obnoxius
1160 2771 1313 2826 malis
1350 2775 1708 2833 innumerabi-

124 2851 288 2917 libus,
318 2854 540 2908 adduxit
568 2856 634 2910 ad
664 2858 899 2927 regiam:
929 2859 1013 2915 vel
1042 2861 1213 2927 potius
1236 2861 1337 2917 hoc
1353 2863 1701 2922 dimittamus:

119 2944 163 2996 si
186 2944 319 3013 quis
363 2954 416 2999 te
455 2944 845 3002 febricitantem
874 2956 935 3003 et
957 2950 1137 3005 animo
1163 2952 1495 3010 deficientem
1524 2958 1702 3028 aliquo

111 3032 350 3100 juvisset
372 3035 780 3103 medicamento,
799 3054 974 3093 annon
994 3040 1167 3110 ipsum
1186 3046 1513 3112 prictnlisses
1528 3053 1702 3104 omni-

116 3126 236 3189 bus,
286 3134 341 3179 et
378 3125 551 3193 ipsum
582 3140 774 3183 nomen
802 3131 1211 3189 medicamenti?
1238 3134 1370 3191 Nam
1398 3140 1443 3193 si
1470 3140 1523 3194 in
1566 3151 1698 3197 tem-

111 3231 248 3286 pora
277 3228 332 3273 et
353 3220 492 3284 loca,
517 3234 613 3289 per
637 3236 755 3292 qua:
779 3226 1082 3293 accepimus
1107 3228 1407 3294 utilitatem.
1428 3232 1498 3287 ita
1520 3234 1693 3290 aﬂ‘ecti

108 3323 303 3362 sumus
349 3310 489 3364 sicut
531 3311 583 3365 in
625 3323 834 3367 nostras
874 3315 1100 3382 animas,
1133 3319 1299 3374 multo
1326 3324 1491 3392 magis
1521 3325 1572 3378 in
1604 3341 1692 3380 res

106 3398 273 3467 ipsas.
308 3400 407 3454 Sis
432 3413 637 3456 amator
660 3404 926 3471 caritatis;
970 3423 1067 3476 per
1089 3409 1254 3477 ipsam
1289 3423 1606 3483 assequutus
1634 3431 1692 3470 es

104 3489 361 3555 salutem,
393 3507 490 3561 per
511 3492 676 3561 ipsam
705 3494 876 3550 factus
902 3512 959 3551 es
988 3498 1156 3565 illius;
1187 3510 1237 3555 et
1266 3501 1311 3556 si
1341 3506 1575 3572 potueris
1602 3508 1686 3561 al-

102 3582 198 3635 teri
226 3580 430 3638 afferre
458 3585 706 3651 salutem,
732 3602 836 3641 non
860 3588 1052 3644 eodem
1083 3592 1246 3647 uteris
1272 3596 1679 3665 medicamento,

95 3680 152 3725 et
172 3672 491 3730 hortaberis
514 3691 721 3743 omnes,
754 3679 1044 3746 Remittite,
1074 3692 1139 3737 ut
1160 3687 1461 3743 remittatur
1492 3691 1697 3746 vobis?

96 3761 211 3819 Hoc
240 3774 330 3819 est
357 3777 633 3835 gratorum
665 3770 961 3825 animorum
988 3782 1051 3828 et
1072 3774 1313 3830 beneﬁcii
1358 3795 1676 3847 memorum,

93 3857 166 3911 ita
191 3858 475 3914 adhortari
506 3870 588 3915 est
621 3862 969 3933 ingenuorum
1001 3875 1055 3922 et
1100 3882 1499 3938 generosarum.
1534 3874 1681 3930 Sicut

91 3960 137 4001 et
161 3951 404 4005 Christus
432 3954 609 4008 dilexit
636 3972 748 4020 nos,
788 3957 976 4027 inquit.
1018 3959 1095 4014 Tu
1140 3962 1310 4031 parcis
1339 3965 1545 4031 amicis,
1589 3968 1678 4024 ille

88 4042 329 4098 inimicis
368 4060 383 4096 :
416 4053 498 4098 est
535 4060 663 4115 ergo
693 4048 858 4101 multo
898 4049 1069 4119 majus
1111 4053 1251 4121 quod
1299 4053 1492 4111 factum
1538 4069 1619 4114 est
1644 4076 1674 4114 a

86 4132 348 4188 Domino.
380 4130 707 4203 lllud‘enim,
733 4137 896 4203 Sicut,
933 4140 1145 4195 ubinam
1172 4150 1556 4204 conservatur?
1579 4166 1672 4205 an-

82 4241 194 4279 non
227 4227 574 4295 perspicuum
598 4229 762 4299 quod,
794 4230 839 4285 si
862 4231 997 4286 bene
1025 4232 1281 4291 faciamus
1310 4238 1573 4297 inimicis?
1602 4243 1674 4299 Et

80 4316 307 4369 tradidit
330 4318 650 4386 semetipsum
681 4319 980 4375 oblationem
1006 4332 1055 4376 et
1078 4324 1293 4379 hostium
1322 4329 1427 4384 Deo
1463 4332 1515 4386 in
1530 4335 1669 4388 odo-

74 4422 195 4462 rem
222 4410 512 4463 suavitatis.
545 4410 707 4466 Vides
732 4413 872 4483 quod
900 4424 1113 4483 passum
1142 4432 1263 4474 esse
1303 4432 1399 4489 pro
1442 4424 1668 4483 inimicis

74 4511 169 4556 cst
200 4501 346 4555 odor
373 4504 561 4571 suavis,
594 4504 766 4560 hostia
792 4515 939 4576 grata
960 4518 1014 4565 et
1036 4522 1253 4582 accepta
1271 4514 1295 4566 ?
1320 4514 1663 4582 Si‘moriaris,

68 4604 219 4645 tunc
250 4590 361 4646 eris
388 4591 586 4648 hostia:
617 4595 718 4650 hoc
745 4608 825 4652 est
856 4599 1017 4653 Deum
1049 4601 1262 4657 imitari.
1286 4604 1339 4661 3.
1372 4605 1668 4665 Fornicatio

67 4694 279 4749 autem,
311 4694 359 4736 et
384 4685 545 4739 omnis
583 4688 920 4753 immunditia,
950 4704 1036 4746 aut
1065 4696 1299 4763 avaritia,
1331 4715 1419 4752 nec
1448 4702 1666 4755 nomine-

67 4762 156 4827 tur
176 4774 238 4827 in
265 4775 427 4839 vobis,
458 4776 586 4829 sicut
612 4778 749 4832 decet
775 4790 999 4840 sanctos.

141 4864 578 4936 Concupiscentia
605 4872 985 4927 minus'malum
1025 4886 1187 4941 quam
1216 4880 1313 4935 ira.
1331 4912 1401 4923 -—
1424 4883 1565 4940 Dixit
1594 4886 1661 4942 de

64 4970 259 5011 amara
285 4957 598 5027 affectione,
634 4974 823 5032 nempe
849 4964 916 5018 de
948 4966 1055 5031 ira;
1082 4970 1227 5023 venit
1247 4972 1311 5026 ad
1334 4975 1506 5029 minus
1541 4994 1658 5032 ma-

68 5048 199 5101 lum.
224 5042 365 5103 Nam
384 5050 527 5118 quod
546 5054 975 5122 concupiscentia
1004 5058 1072 5112 sit
1100 5061 1275 5116 minus
1299 5066 1511 5131 malum,
1534 5069 1658 5124 audi

63 5135 507 5208 ctiam'Bl‘oysem
537 5139 799 5196 dicentem
832 5145 881 5197 in
908 5147 1042 5215 lege.
1075 5149 1335 5217 primum:
1370 5154 1657 5211 Non‘occl-

62 5236 169 5295 des,
199 5231 355 5300 quod
379 5242 463 5286 est
486 5233 612 5297 irae;
640 5240 694 5287 et
719 5235 931 5297 deinde,
969 5238 1652 5316 Non‘nth/tabet'iS‘(Ede.

60 5321 147 5375 20.
205 5319 305 5378 £3.
358 5325 470 5394 1’4),
503 5317 766 5394 quod‘est
807 5333 1270 5396 concupiscentiis.
1318 5337 1466 5395 Sicut
1511 5344 1654 5400 enim

61 5415 382 5469 amaritudo
409 5427 467 5471 et
492 5420 692 5472 clamor
717 5432 769 5474 et
795 5424 967 5476 omnis
996 5427 1191 5480 malitia
1219 5438 1273 5483 et
1302 5432 1648 5502 bIaSpbemia,

59 5517 117 5559 et
149 5523 283 5578 qua:
334 5516 463 5561 sunt
513 5508 832 5577 lmjusmodi,
863 5525 987 5568 sunt
1010 5518 1170 5572 animi
1198 5529 1252 5575 et
1278 5521 1539 5581 irascendi
1569 5527 1651 5583 fa-

60 5600 284 5653 cultatis
309 5616 325 5653 :
354 5603 425 5652 ita
474 5611 529 5655 et
567 5604 978 5673 concupiscendi
1011 5607 1297 5681 facultatis,
1344 5615 1646 5687 iornicatio,

63 5689 435 5755 inmunditia,
462 5702 513 5747 et
542 5697 762 5749 avaritia
787 5719 798 5752 :
828 5714 949 5753 nam
988 5702 1173 5758 eadem
1204 5722 1261 5761 re
1293 5723 1533 5766 amamus
1559 5730 1651 5783 pe-

63 5788 248 5836 cornus
277 5790 337 5835 et
355 5798 602 5853 corpora.
633 5786 738 5841 Sed
755 5789 890 5843 sicut
912 5790 1646 5872 illicampntavitclamorem,

70 5878 228 5945 ωειυὲ
262 5876 335 5931 sit
366 5876 460 5929 ira:
488 5878 811 5945 vehiculum,
844 5883 912 5937 ita
944 5900 1083 5937 nunc
1106 5902 1313 5960 quoque
1336 5892 1644 5955 obscoenum

391 5978 661 6040 ΡΔτιιοι.
705 5983 820 6043 (in.
862 5976 1053 6046 'LXli.

1815 2591 2044 2648 stadium
2098 2597 2409 2670 ingressus,
2457 2609 2618 2663 missa
2668 2614 3033 2675 sollicitudine
3083 2622 3391 2682 decertandi

1812 2696 1933 2737 cum
1996 2686 2327 2758 adversario,
2379 2698 2577 2755 urbana
2608 2714 2662 2758 et
2688 2704 2865 2763 faceta’
2910 2710 3071 2768 verba
3107 2717 3394 2789 loquitur?

1814 2774 1980 2832 instat
2010 2781 2274 2852 diabolus,
2304 2789 2495 2847 circuit
2541 2797 2771 2867 ululans,
2812 2820 3059 2871 quaerens
3087 2822 3145 2865 ut
3166 2817 3335 2885 rapiat
3370 2862 3386 2883 ,

1809 2873 1987 2926 omnia
2014 2884 2213 2942 movet,
2242 2888 2296 2935 et
2325 2883 2376 2935 in
2406 2896 2566 2953 caput
2595 2897 2741 2945 tuum
2766 2898 2926 2952 vertit
2950 2883 3154 2971 omnia,
3187 2917 3241 2961 et
3273 2925 3388 2963 mo-

1808 2959 1933 3015 litur
1960 2972 2098 3019 utte
2140 2984 2171 3024 e
2198 2972 2325 3027 nido
2374 2976 2583 3044 ejiciat.
2632 2981 2882 3042 dentibus
2924 2959 3154 3063 stridet;
3208 3004 3377 3071 rngit;

1806 3050 1984 3120 ignem
2032 3059 2197 3127 spirat
2248 3065 2511 3124 adversus
2565 3082 2705 3129 tuam
2764 3079 3031 3139 salutem:
3064 3097 3197 3144 ettu
3227 3094 3382 3149 sedes

1805 3147 2003 3203 urbana
2025 3161 2078 3206 et
2099 3152 2265 3209 faceta
2298 3160 2458 3215 verba
2503 3162 2708 3234 dicens,
2733 3179 2787 3224 et
2826 3174 2989 3230 stulta
3041 3178 3299 3252 loquens,
3324 3186 3383 3242 et

1800 3252 1918 3306 quae
1943 3242 2008 3296 ad
2044 3259 2155 3299 rem
2186 3264 2293 3302 non
2324 3253 2592 3319 pertinent
2639 3259 2958 3326 proferens?
3005 3282 3222 3329 rectene
3249 3292 3377 3344 ergo

1800 3334 2001 3399 poteris
2026 3352 2151 3392 eum
2175 3347 2471 3411 superare?
2495 3348 2773 3419 Ludimus,
2796 3371 2830 3411 ο
2851 3358 3052 3419 dilecti.
3081 3363 3174 3419 Vis
3196 3367 3373 3425 disce.

1796 3438 1855 3477 re
1883 3434 2128 3494 quamam
2155 3431 2224 3485 sit
2247 3444 2552 3492 sanctorum
2596 3444 2719 3499 vita:
2754 3450 2974 3519 agendae
3018 3454 3202 3510 ratio?
3241 3461 3363 3515 audi

1793 3515 2013 3573 Paulum
2073 3521 2363 3593 dicentem,
2402 3527 2507 3585 Per
2551 3536 2823 3593 triennium
2872 3555 3017 3599 nocte
3053 3559 3100 3601 et
3136 3552 3218 3603 die
3264 3570 3364 3607 non

1781 4170 1983 4224 crymas
2017 4157 2100 4230 (2.
2132 4161 2248 4216 Cor.
2278 4165 2332 4219 2.
2364 4169 2398 4221 4
2424 4170 2477 4237 );
2506 4181 2559 4227 et
2586 4191 2804 4243 rursus,
2841 4157 2968 4250 Quis
3012 4188 3307 4257 inﬁrmatur
3335 4236 3351 4261 ,

1777 4252 1839 4299 et‘
1862 4262 1953 4317 ego
1999 4265 2100 4302 non
2140 4253 2573 4331 inﬁrmariquis
2614 4270 3009 4341 scandalizatur,
3040 4292 3089 4332 et
3114 4298 3208 4352 ego
3250 4301 3350 4340 non

1774 4351 1897 4390 uror
1921 4336 2079 4409 (Ibid.
2111 4341 2302 4417 11.29)
2328 4348 2351 4401 ξ)
2374 4350 2511 4406 Audi
2550 4358 2708 4412 etiam
2736 4377 2858 4417 eum
2888 4336 3011 4420 alibi
3040 4336 3348 4439 dicentem,

1773 4437 1829 4482 et
1853 4434 2110 4502 quotidie,
2144 4445 2200 4491 ut
2230 4441 2300 4495 ita
2332 4442 2527 4510 dicant,
2554 4462 2619 4502 ex
2647 4452 2845 4506 mundo
2867 4456 3103 4525 migrare
3125 4464 3347 4531 cupien-

1773 4529 1879 4576 tem
1912 4542 1924 4577 :
1956 4524 2091 4581 Nam
2119 4539 2166 4583 et
2200 4550 2288 4587 nos
2315 4537 2400 4604 qui
2426 4546 2599 4592 sumus
2624 4542 2676 4595 iu
2702 4543 2797 4598 Itoc
2841 4546 3182 4617 tabernaculo,
3207 4556 3346 4627 inge-

1772 4615 2027 4671 miscimus
2073 4621 2260 4691 (Ibid.
2316 4627 2368 4681 5.
2398 4628 2489 4699 4).
2522 4630 2602 4685 Tu
2653 4644 2827 4690 autem
2878 4637 3020 4694 rides
3067 4652 3120 4697 et
3162 4615 3345 4703 ludis?

1771 4715 1853 4762 est
1875 4717 2082 4779 tempus
2107 4713 2266 4782 belli,
2299 4726 2352 4772 et
2379 4729 2432 4774 tu
2459 4736 2520 4775 ea
2545 4732 2740 4781 tractas
2764 4745 2881 4798 quae
2906 4744 3028 4787 sunt
3048 4748 3231 4792 eorum
3249 4742 3340 4809 qui

1769 4799 1972 4857 ducunt
1999 4805 2239 4862 choros?
2265 4806 2378 4865 Non
2402 4813 2550 4870 vides
2594 4819 2767 4874 vultus
2806 4838 2993 4880 eorum
3022 4830 3112 4898 qui
3144 4831 3339 4888 bellum

1768 4904 1981 4961 gerunt,
2013 4913 2169 4965 quam
2206 4901 2312 4955 sint
2345 4904 2541 4970 tristes,
2567 4924 2723 4978 quam
2771 4920 3341 4991 contracti?superci-

1766 4984 2085 5045 lium'enim
2125 5010 2309 5051 eorum
2365 5010 2446 5055 est
2496 5004 2735 5063 terribile
2762 5019 2817 5063 et
2841 5012 3053 5081 plenum
3095 5017 3335 5075 horrore.

1771 5066 1931 5135 Vides
1963 5083 2173 5138 oculum
2201 5101 2469 5157 severum,
2516 5109 2608 5149 cor
2660 5100 2970 5170 excitatum,
3019 5107 3233 5165 vibrans
3282 5121 3336 5165 et

1765 5171 2041 5238 exsiliens,
2088 5188 2321 5233 mentem
2366 5191 2714 5253 contractam,
2767 5200 3105 5264 trementem,
3136 5202 3335 5256 sollici-

1763 5269 1869 5316 tam
1891 5274 1945 5318 et
1973 5267 2207 5334 anxiam,
2232 5272 2451 5326 multam
2482 5276 2822 5343 modestiam,
2852 5292 3138 5359 aptamque
3158 5306 3220 5345 ac
3240 5291 3336 5347 de-

1764 5366 1945 5407 coram
1970 5358 2411 5426 moderationem,
2440 5366 2663 5422 multum
2704 5371 2975 5431 silentium
3005 5380 3056 5433 in
3078 5383 3332 5437 exerCiti-

1761 5441 1895 5510 bus;
1927 5461 2029 5500 non
2059 5448 2201 5512 dico,
2227 5461 2283 5504 ut
2309 5455 2513 5509 nullum
2543 5460 2761 5515 verbum
2791 5464 2983 5522 dicunt
3013 5476 3185 5542 turpe,
3233 5475 3326 5531 se]

1759 5550 1934 5605 neque
1956 5538 2243 5608 loquantur
2268 5546 2506 5601 omnino.
2536 5546 2668 5606 Nam
2702 5553 2748 5607 si
2783 5556 2838 5620 ii,
2872 5560 2960 5626 qui
2985 5538 3182 5618 bellum
3232 5568 3336 5636 ge"-

1758 5638 1886 5681 rnnt
1912 5629 2167 5686 adversus
2196 5634 2377 5690 hostes
2427 5641 2673 5705 sensiles,
2701 5655 2755 5698 et
2783 5662 2812 5700 a
2840 5650 3017 5706 verbis
3060 5654 3192 5711 nihil
3229 5660 3326 5716 Ire-

1760 5720 1992 5783 duntur,
2026 5731 2174 5776 tanto
2217 5736 2450 5790 utuntur
2496 5733 2707 5788 silentio
2734 5754 2748 5801 ;
2774 5751 2827 5792 tn
2854 5744 2945 5810 qui
2972 5750 3026 5799 et
3053 5746 3105 5802 in
3147 5754 3327 5811 verbis

1760 5814 1959 5870 bellum
1985 5814 2171 5883 habes,
2202 5830 2254 5874 et
2281 5822 2537 5891 majorem
2556 5826 2677 5883 belli
2708 5844 2934 5902 partem,
2960 5838 3095 5898 hanc
3118 5857 3324 5915 partem

1755 5902 1850 5959 tibi
1903 5906 2035 5961 sinis
2063 5922 2183 5965 esse
2227 5913 2473 5969 nudam?
2510 5932 2579 5972 an
2612 5920 2822 5992 ignaras
2847 5931 2985 5996 quod
3019 5902 3140 5992 hinc
3168 5942 3320 6000 nobis

2929 6020 2973 6084 8
