3974 6530
520 411 619 465 tui
1255 412 1313 470 s.
1351 409 1628 470 JGANNIS
1664 407 2136 468 cuuvsus'rout
2176 407 2489 466 AltCtllEP.
2529 410 3058 471 consumma».

516 527 758 594 plurimas
786 536 1038 598 parantur
1060 526 1265 581 insidia:
1283 526 1308 580 ‘l
1329 524 1514 587 Ludis,
1541 523 1811 579 deliciaris
1833 566 1849 591 ,
1886 523 2082 578 faceta-

513 637 619 688 que
650 631 702 674 et
728 621 927 674 urbana
959 618 1117 684 dicis,
1156 628 1209 673 et
1235 620 1403 673 risum
1453 633 1659 683 moves,
1694 632 1915 688 remque
1960 615 2096 670 nihil

519 711 794 768 existimas
814 711 841 763 ?
870 714 912 765 A
942 710 1135 780 lepidis
1162 718 1216 764 et
1247 709 1468 765 urbanis
1492 709 1651 764 dictis
1679 718 1811 780 quot
1839 710 2094 780 perjuria,

513 814 646 871 quot
696 803 910 865 damna,
943 818 1101 871 quam
1126 801 1286 855 multa
1331 801 1490 856 verba
1520 802 1694 870 turpia
1720 811 1773 856 et
1803 800 2098 855 obscmna?

514 896 582 947 At
613 912 715 949 non
734 904 880 957 sunt,
907 893 1097 963 inquit,
1121 891 1383 962 ejusmodi
1411 892 1551 948 dicta
1574 891 1794 946 urbana.
1818 890 1922 946 Sed
1950 890 2095 945 audi:

510 1002 723 1039 onlnem
753 986 1111 1039 urbanitatem
1151 996 1204 1039 et
1230 985 1569 1039 dicacitatem
1592 986 1837 1055 expellit.
1862 985 2098 1055 Tempus

514 1080 636 1136 belli
677 1090 731 1135 et
767 1096 975 1150 pugnae,
1008 1080 1222 1150 vigilize,
1251 1076 1535 1143 custodias,
1566 1087 1855 1132 armatura:
1881 1087 1936 1132 et
1961 1078 2096 1133 aciei

514 1171 841 1226 instruenda:
873 1190 886 1226 :
916 1171 1118 1225 nullum
1154 1172 1328 1224 locum
1360 1169 1445 1224 hic
1469 1170 1665 1224 habere
1685 1179 1862 1240 potest
1888 1179 2099 1239 tempus

514 1265 689 1333 risus:
721 1263 824 1316 hoe
866 1263 1009 1317 enim
1046 1271 1131 1316 est.
1158 1271 1369 1331 tempus
1407 1261 1610 1315 tnuudi.
1659 1260 1797 1315 Audi
1826 1259 2095 1315 Christum

512 1355 815 1409 dicentem:
850 1354 1075 1408 Mundus
1096 1352 1353 1423 gaudebit,
1381 1367 1467 1406 vos
1487 1363 1654 1405 autem
1676 1352 2099 1406 contristabimini

512 1446 714 1517 ('Joan.
738 1444 824 1500 16.
847 1445 976 1517 20).
997 1443 1245 1499 Christus
1268 1445 1321 1498 in
1355 1460 1571 1498 crucem
1600 1453 1752 1497 actus
1778 1453 1861 1498 est
1883 1453 2099 1513 prepter

513 1551 603 1594 tua
635 1539 768 1592 mala
804 1555 817 1590 :
846 1552 901 1591 tu
931 1546 1108 1591 autem
1166 1534 1357 1590 rides?
1400 1535 1645 1604 impacta:
1674 1544 1800 1589 sunt
1824 1534 1899 1589 illi
1930 1535 2098 1604 alapa:

510 1645 565 1687 et
594 1631 826 1702 eolaphi,
851 1640 907 1686 et
934 1640 1039 1685 tam
1059 1630 1223 1683 multa
1252 1644 1441 1699 passus
1469 1638 1551 1682 est
1581 1638 1799 1698 prepter
1841 1638 1983 1681 tuam
2004 1642 2097 1682 ca-

513 1726 824 1785 lamitatem,
853 1734 903 1777 et
930 1737 1049 1792 qum
1073 1730 1123 1775 te
1146 1719 1626 1790 comprehenderat
1672 1729 2043 1790 tempestatem
2080 1737 2094 1773 :

513 1829 566 1871 tu
595 1826 770 1871 autem
801 1815 948 1885 degis
967 1814 1018 1867 in
1038 1813 1289 1868 deliciis?
1313 1811 1378 1867 Et
1402 1811 1672 1882 quomodo
1700 1827 1806 1866 non
1826 1828 1948 1867 eum
1981 1828 2097 1867 ma-

509 1911 592 1981 gis
619 1908 839 1985 irritas?
868 1905 971 1962 Sed
1002 1906 1255 1978 quoniam
1276 1904 1489 1960 videtur
1515 1904 1832 1974 quibusdam
1862 1919 1949 1959 res
1977 1919 2098 1961 esse

510 1988 843 2064 indill‘crens,
876 2014 1036 2068 quant
1061 1997 1279 2068 quident
1308 2012 1503 2052 cavere
1535 2006 1619 2050 est
1646 1996 1934 2052 admodum
1959 1997 2099 2051 dilfr-

510 2093 633 2159 cile,
654 2108 750 2162 agc
764 2091 829 2146 de
847 2106 911 2145 eo
925 2090 1104 2160 paucis
1120 2089 1471 2152 disseramus,
1487 2088 1744 2143 docentes
1756 2099 2011 2159 quantum
2027 2092 2099 2144 sit

510 2186 729 2239 malum.
746 2182 858 2238 Hoc
869 2183 1103 2238 estenim
1118 2196 1254 2251 opus
1266 2180 1484 2245 diaboli,
1499 2179 1713 2236 efficere
1731 2179 2098 2251 utdespiciau-

512 2285 594 2331 tur
612 2291 729 2345 qua:
744 2284 869 2329 sunt
896 2272 1271 2328 iudill‘erentia.
1308 2272 1483 2342 Atque
1504 2272 1733 2342 primum
1756 2272 1969 2341 quidem
1993 2315 2008 2338 ,
2049 2273 2094 2328 si

511 2364 990 2429 essetindilfereus,
1008 2380 1074 2418 ne
1087 2365 1163 2419 sic
1185 2363 1403 2435 quidem
1423 2364 1595 2432 ipsum
1616 2373 1891 2433 oporteret
1915 2363 2098 2434 despi—

511 2475 656 2523 cere.
680 2460 937 2514 scientem
964 2457 1104 2527 quod
1132 2472 1197 2511 ex
1219 2472 1284 2511 eo
1303 2455 1464 2510 multa
1488 2465 1774 2511 nascantur
1796 2456 1953 2517 mala,
1978 2472 2098 2512 cre-

513 2561 770 2620 scantque
783 2559 837 2604 et
856 2564 999 2619 saepe
1012 2548 1262 2603 desinant
1280 2547 1331 2600 in
1345 2549 1745 2602 seortationem:
1761 2546 1900 2616 quod
1917 2555 2095 2602 autem

514 2659 618 2699 non
648 2644 719 2698 sit
750 2642 1092 2704 indifferens,
1128 2640 1251 2695 inde
1289 2651 1367 2694 ρει
1415 2641 1776 2710 perspicuum.
1806 2640 2097 2695 Videamus

514 2751 642 2805 ergo
672 2734 812 2788 unde
843 2741 1125 2797 nascatur;
1171 2732 1253 2786 vel
1293 2732 1466 2799 potius
1498 2730 1774 2785 videamus
1797 2731 2096 2800 cujusmodi

510 2836 723 2895 oportet
749 2840 870 2881 esse
897 2835 1163 2890 sanctum,
1186 2823 1392 2885 mitem,
1415 2831 1777 2885 mansuetum,
1802 2821 2094 2892 lugentem,

516 2925 924 2980 lamentantem,
957 2915 1234 2970 afﬂictum.
1268 2914 1367 2980 Qui
1396 2928 1526 2983 ergo
1553 2912 1681 2967 dicit
1710 2912 1909 2967 urbana
1939 2923 1992 2967 et
2021 2913 2099 2966 fa-

513 3025 629 3065 ceta
651 3053 666 3077 ,
700 3027 805 3065 nou
837 3018 921 3066 est
950 3017 1166 3064 sanctus
1192 3023 1208 3063 :
1233 3008 1441 3063 etiamsi
1472 3007 1539 3060 sit
1562 3006 1781 3061 Cra-eus
1804 3047 1820 3072 ,
1847 3006 1890 3059 is
1915 3014 1997 3059 est
2027 3005 2099 3059 ri-

515 3105 723 3161 diculus
747 3121 760 3161 :
787 3105 851 3159 iis
880 3102 1012 3158 solis
1037 3102 1125 3173 qui
1153 3100 1350 3156 suntin
1373 3114 1529 3155 scena
1554 3100 1668 3154 hme
1700 3098 2095 3167 permittuntur.

518 3198 616 3254 Ubi
650 3207 734 3252 est
764 3195 1069 3264 turpitudo,
1100 3191 1207 3248 illic
1232 3200 1313 3246 est
1343 3191 1502 3246 etiam
1530 3190 1827 3245 scurrilitas
1855 3205 1873 3242 ι
1900 3188 1985 3242 ubi
2017 3197 2100 3243 est

520 3290 660 3345 risus
700 3290 1072 3359 importunus,
1120 3286 1229 3342 ilch
1266 3292 1350 3339 est
1394 3282 1555 3338 etiam
1598 3282 1913 3336 scurrilitas.
1961 3281 2095 3336 Audi

517 3380 833 3451 prophetam
878 3379 1144 3434 dicentem
1180 3395 1193 3431 :
1226 3374 1422 3431 Servite
1460 3370 1679 3427 Domino
1715 3373 1767 3426 in
1806 3373 2013 3435 timore,
2052 3382 2099 3425 et

517 3475 765 3530 cxsattate
794 3472 838 3527 ei
873 3472 925 3524 in
956 3481 1169 3523 tremore
1202 3466 1377 3538 (Psal.
1404 3464 1459 3519 Ξ.
1496 3465 1605 3535 ll).
1637 3463 1766 3518 Nam
1803 3462 2098 3517 scurrilitas

521 3567 732 3621 mollem
761 3563 923 3617 efficit
951 3562 1182 3615 animam
1214 3559 1545 3630 pigramque,
1576 3555 1771 3609 attollit
1797 3563 1852 3610 et
1879 3554 2095 3621 excitat,

520 3662 790 3729 inultaque
836 3656 1025 3726 probra
1071 3653 1295 3724 parturit
1334 3659 1390 3706 et
1427 3649 1816 3715 contumelias,
1861 3659 1916 3703 et
1958 3647 2095 3702 bella

519 3752 660 3805 facit.

592 3841 647 3894 ὅ.
677 3837 813 3906 Quid
856 3836 1022 3892 vero?
1051 3850 1226 3889 annon
1270 3832 1467 3887 relatus
1504 3845 1563 3886 es
1603 3830 1743 3884 inter
1776 3830 1957 3884 viros?
1993 3828 2098 3883 Fac

518 3947 650 4000 ergo
679 3939 735 3984 ut
765 3936 977 3983 cessent
1005 3942 1123 3996 qua:
1152 3934 1275 3979 sunt
1303 3920 1527 3993 parvuli.
1562 3921 1665 3976 Sed
1698 3920 1950 3975 famulum
1978 3918 2098 3987 qui-

520 4025 642 4077 dem
673 4034 818 4076 tmun
850 4036 953 4075 non
993 4021 1076 4073 vis
1116 4020 1168 4073 itt
1200 4020 1313 4073 loro
1339 4016 1520 4071 dicere
1549 4030 1667 4085 quze
1705 4024 1832 4068 sunt
1860 4014 2095 4078 inutilia;

521 4128 577 4170 tu
608 4125 807 4180 autem,
836 4113 925 4183 qui
952 4111 1087 4170 dicis
1113 4120 1166 4166 te
1196 4124 1317 4164 esse
1348 4108 1437 4163 Dei
1470 4106 1721 4161 famulum
1748 4146 1763 4170 ,
1796 4104 1849 4158 in
1880 4102 1996 4158 foro
2022 4105 2098 4157 lo-

523 4207 703 4277 queris
742 4205 942 4259 urbana
974 4212 1027 4258 et
1055 4200 1318 4256 scurrilia.
1361 4197 1624 4253 Praeclare
1650 4194 1863 4264 quidem
1895 4194 2099 4264 agitur,

521 4301 564 4355 si
594 4298 773 4353 sobria
803 4297 978 4351 anima
1009 4293 1189 4348 furtim
1221 4306 1326 4345 non
1352 4289 1611 4360 rapiatur,
1642 4286 1878 4341 laetitiam
1918 4295 2097 4340 autem

522 4394 767 4447 diffusam
794 4389 914 4461 quis
939 4402 1044 4442 non
1072 4385 1248 4455 capiet
1271 4394 1325 4438 et
1344 4380 1704 4452 expugnabit?
1730 4379 1839 4448 ipsa
1867 4393 1896 4432 a
1925 4378 2098 4448 seipsa

522 4487 822 4556 emtigetur
842 4524 860 4547 ,
902 4496 1003 4536 nec
1028 4494 1163 4549 opus
1196 4478 1293 4532 erit
1338 4474 1546 4530 insidiis
1573 4481 1627 4529 et
1656 4471 1852 4527 insultu
1879 4470 2097 4526 diaboli.

526 4576 598 4633 Ut
623 4588 803 4630 autem
834 4574 1029 4633 discas,
1062 4570 1183 4623 vide
1209 4568 1370 4623 etiam
1401 4566 1573 4635 ipsum
1604 4578 1798 4619 nomen
1824 4581 1837 4616 :
1861 4562 2101 4617 scurrilis

527 4670 741 4734 dicitur,
774 4669 861 4737 qui
889 4676 970 4722 est
996 4665 1209 4728 varius,
1240 4659 1585 4730 omnigenus,
1616 4655 1901 4719 instabilis,
1933 4654 2101 4709 facilis

523 4779 585 4815 ac
613 4762 765 4825 levis,
795 4770 848 4813 et
878 4758 929 4811 in
958 4770 1146 4810 omnes
1177 4770 1235 4807 se
1276 4762 1487 4806 vertens
1516 4749 1724 4818 species
1750 4765 1762 4801 :
1791 4747 1892 4801 hoc
1921 4756 2099 4799 autem

527 4838 683 4922 longe
712 4850 861 4904 abest
891 4847 959 4901 ab
989 4847 1052 4901 iis
1076 4845 1163 4915 qui
1196 4853 1355 4912 petrae
1386 4840 1643 4895 serviunt.
1676 4837 1723 4892 ls
1753 4837 1906 4892 facile
1933 4834 2099 4889 verti-

527 4956 610 4997 tur
634 4953 696 5000 et
720 4952 957 4996 mutatur
980 4958 992 4992 :
1015 4945 1225 5006 oportet
1250 4934 1393 4989 enim
1419 4947 1541 4987 eum
1568 4939 1622 4985 et
1648 4928 1867 4999 ﬁguram
1899 4935 1954 4982 et
1982 4941 2101 4979 ver-

527 5040 650 5091 bum
679 5045 733 5092 et
763 5035 929 5089 risum
972 5042 1024 5085 et
1073 5032 1336 5085 incessum
1374 5037 1427 5082 et
1469 5024 1644 5079 omnia
1677 5018 1910 5083 imitari;
1944 5020 2100 5088 quin-

526 5130 684 5183 etiam
712 5136 921 5199 Oportet
952 5139 1073 5178 eum
1106 5121 1411 5191 excogitare
1436 5123 1726 5173 scommata
1756 5123 1809 5166 et
1838 5111 2054 5165 dicteria
2081 5125 2096 5163 :

529 5240 649 5277 nam
676 5238 741 5276 eo
767 5234 979 5290 quoque
1005 5218 1053 5271 ei
1081 5229 1214 5285 opus
1239 5222 1341 5267 est.
1373 5209 1563 5265 Procul
1588 5216 1765 5262 autem
1797 5214 1875 5258 est
1897 5220 1925 5256 a
1948 5203 2101 5256 Chri-

524 5319 701 5371 stiano
729 5312 948 5369 comicis
977 5309 1133 5364 dictis
1159 5308 1447 5361 incessere.
1483 5302 1545 5355 Et
1574 5314 1793 5355 necesse
1825 5306 1907 5349 est
1934 5296 1981 5349 ei
2009 5295 2097 5363 qui

525 5409 839 5464 scurrilibus
864 5404 1022 5460 dictis
1050 5402 1228 5463 utitur,
1254 5407 1676 5467 snpervacaneas
1705 5390 1974 5457 suscipere
1996 5387 2099 5440 ini-

527 5505 756 5559 micitias
788 5514 975 5555 eorum
1019 5496 1106 5565 qui
1149 5504 1352 5547 temere
1379 5487 1617 5543 dicteriis
1644 5484 1959 5543 irridentur,
1986 5480 2099 5534 sive

526 5596 702 5650 adsint
724 5635 736 5655 .
766 5592 879 5646 sive
905 5590 1152 5643 absentes
1178 5581 1461 5637 audierint.
1490 5578 1543 5631 Si
1579 5590 1666 5630 res
1692 5584 1773 5629 est
1803 5571 2019 5643 pulchra
2046 5582 2099 5625 et

528 5690 773 5742 honesta.
800 5700 897 5738 cur
918 5680 1233 5748 relinquitur
1256 5672 1467 5728 mimis?
1495 5670 1680 5723 Minius
1702 5665 1903 5729 evadis,
1922 5675 1976 5719 et
1992 5679 2096 5718 non

533 5794 585 5832 te
624 5778 819 5847 pudet?
857 5776 962 5827 Cur
992 5772 1173 5826 libi-ris
1206 5765 1391 5837 puellis
1424 5761 1615 5815 vestris
1648 5758 1748 5812 hoc
1789 5757 1962 5810 facere
1993 5768 2097 5808 non

527 5867 864 5943 permittitis?
895 5878 1070 5920 annon
1099 5857 1357 5915 statuistis
1382 5869 1495 5910 rem
1525 5865 1645 5907 esse
1676 5846 1961 5915 inhonesti,
1991 5860 2097 5901 non

3692 425 3788 479 l20

2208 522 2434 578 modesti
2475 524 2621 579 viri?
2664 526 2845 596 stagna
2887 528 3022 581 mala
3072 528 3309 585 habitant
3354 531 3405 586 in
3454 535 3633 590 anima
3667 553 3781 604 qua

2207 614 2370 668 verba
2399 625 2619 685 usurpat
2642 618 2882 672 scurrilia
2905 630 2959 673 et
2979 621 3170 686 faceta,
3194 638 3381 692 magna
3406 624 3706 692 dissolutio,
3733 640 3781 687 et

2206 704 2330 759 hinc
2359 708 2590 762 solitudo
2610 709 2626 741 ¹
2653 727 2665 761 :
2692 709 2804 764 hiat
2830 726 3088 781 compago
3110 754 3125 776 ,
3159 717 3438 770 marcescit
3463 716 3780 785 ardifieinm,

2204 798 2591 854 exterminatur
2628 802 2816 866 timor,
2855 803 3006 858 abest
3052 806 3239 873 pietas.
3288 807 3461 863 ilabes
3508 809 3778 878 linguam,

2205 904 2310 941 non
2333 896 2388 942 ut
2409 890 2628 945 comicis
2643 890 2801 945 dictis
2818 893 3074 958 incessas,
3099 896 3190 949 sed
3217 907 3272 949 ut
3294 898 3400 967 Deo
3416 914 3539 966 agas
3560 901 3783 968 gratias.

2202 978 2318 1033 Non
2363 980 2511 1036 vides
2552 984 2858 1051 moriones,
2897 987 2985 1055 qui
3026 995 3325 1052 γελωτοποιοὶ
3363 989 3615 1046 dicuntur
3639 994 3782 1061 quod

2205 1072 2371 1126 risum
2410 1085 2692 1141 moveant,
2730 1084 2785 1131 et
2824 1076 2983 1146 vulgo
3022 1088 3276 1132 vocantur
3309 1086 3524 1152 κόρδακες
3554 1084 3673 1153 (a)?
3699 1085 3785 1140 isti

2204 1174 2329 1216 sunt
2352 1168 2664 1234 εὐτράπελοι,
2692 1166 2743 1220 id
2768 1176 2850 1222 est
2871 1208 2885 1230 ,
2919 1168 3173 1222 scurriles
3198 1179 3253 1223 et
3278 1169 3453 1227 faceti.
3487 1173 3781 1242 Expellite,

2205 1270 2368 1325 rogo,
2400 1272 2428 1310 a
2458 1267 2754 1313 vestrarum
2792 1259 3089 1314 animarum
3136 1261 3325 1316 finibus
3355 1264 3612 1332 ingratam
3647 1266 3785 1323 hanc

2201 1352 2421 1419 gratiam
2448 1368 2462 1404 :
2487 1367 2573 1406 res
2592 1361 2676 1408 est
2704 1355 3080 1422 parasitorum,
3111 1356 3413 1422 mimorum,
3441 1363 3779 1426 saltatorum,

2204 1444 2606 1511 prostitutarum
2634 1447 2918 1502 mulierum
2946 1450 3166 1516 :procul
3194 1450 3263 1503 sit
3289 1450 3356 1504 ab
3384 1452 3559 1507 anima
3590 1454 3780 1519 libera,

2204 1535 2391 1602 procul
2418 1536 2486 1590 ab
2518 1538 2763 1606 ingenua,
2794 1546 2850 1592 et
2880 1540 3112 1607 procula
3139 1541 3329 1595 servis.
3363 1540 3417 1596 Si
3443 1543 3561 1613 quis
3586 1554 3669 1599 est
3698 1544 3781 1599 in-

2204 1627 2388 1694 famis,
2421 1629 2463 1683 si
2496 1631 2615 1700 quis
2641 1630 2810 1700 turpis
2839 1639 2892 1685 et
2916 1631 3229 1697 obscaenas,
3262 1616 3416 1688 isest
3443 1635 3601 1689 etiam
3628 1650 3784 1691 scur-

2202 1720 2340 1776 rilis.
2368 1720 2542 1774 Multis
2563 1730 2742 1776 autem
2770 1722 2983 1777 videtur
3001 1722 3115 1777 haec
3138 1739 3224 1779 res
3251 1725 3410 1779 etiam
3435 1741 3554 1782 esse
3575 1728 3778 1785 virtus:

2201 1822 2255 1866 et
2280 1823 2361 1867 est
2388 1812 2488 1867 hoc
2520 1812 2825 1883 lugendum.
2860 1814 2929 1870 Ut
2968 1815 3110 1869 enim
3141 1817 3567 1885 concupiscentia
3592 1820 3780 1890 paula-

2204 1907 2296 1959 tim
2337 1906 2552 1962 devenit
2591 1907 2660 1961 ad
2698 1908 3074 1963 scortationem
3103 1949 3117 1971 ,
3162 1908 3233 1962 ita
3280 1909 3437 1964 etiam
3484 1912 3782 1967 scurrilitas

2202 2000 2412 2054 videtur
2448 2016 2567 2055 esse
2610 2016 2697 2055 res
2736 2002 3011 2071 gratiosa;
3043 1999 3137 2054 sed
3182 2000 3309 2054 nihil
3351 2010 3433 2055 est
3464 2000 3562 2056 hoc
3605 2004 3782 2057 minus

2200 2095 2515 2165 gratiosum.
2558 2092 2697 2148 Audi
2738 2092 2882 2147 enim
2926 2091 3255 2161 Scripturam
3304 2092 3610 2147 dicentem:
3650 2094 3781 2149 Ante

2202 2187 2390 2238 tonitru
2431 2194 2668 2254 properat
2712 2184 2923 2254 fulgur,
2959 2192 3007 2236 et
3050 2184 3316 2252 pudentem
3351 2184 3584 2253 praecedit
3612 2188 3786 2255 gratia

2201 2275 2390 2346 (Eccli.
2421 2276 2508 2331 39..
2540 2276 2651 2345 14).
2674 2274 2894 2330 Scurrili
2921 2284 3098 2329 autem
3128 2274 3257 2327 nihil
3289 2283 3371 2328 est
3399 2275 3777 2343 impudentius.

2200 2372 2376 2435 Quare
2414 2385 2476 2422 os
2514 2368 2629 2437 ejus
2652 2376 2735 2423 est
2766 2368 2977 2436 plenum
3000 2408 3015 2433 ,
3050 2382 3157 2421 non
3190 2367 3355 2437 gratia
3378 2410 3393 2431 ,
3438 2367 3531 2421 sed
3569 2367 3778 2423 dolore.

2202 2461 2353 2517 Hunc
2384 2475 2586 2515 morem
2616 2460 2949 2529 expellamus
2977 2474 3006 2513 a
3039 2459 3260 2514 mensis.
3294 2459 3427 2513 Sunt
3455 2460 3615 2513 etiam
3656 2463 3778 2531 qui-

2200 2555 2323 2610 dam
2352 2555 2441 2620 qui
2472 2568 2733 2623 pauperes
2759 2553 2858 2608 hoc
2879 2553 3091 2607 docent.
3115 2551 3159 2606 Ο
3183 2550 3563 2606 ahsurditatem
3590 2554 3603 2605 !
3628 2566 3779 2607 scur-

2203 2646 2333 2701 riles
2356 2660 2476 2700 esse
2503 2645 2704 2699 faciunt
2731 2658 2829 2700 eos
2863 2642 2956 2714 qui
2991 2653 3117 2697 sunt
3150 2643 3201 2697 in
3241 2641 3614 2697 afllictionihus
3644 2645 3657 2698 !
3691 2645 3771 2698 ubi

2202 2737 2344 2792 enim
2367 2737 2475 2806 jam
2497 2751 2602 2790 non
2625 2744 2706 2790 est
2733 2734 2819 2790 hic
2845 2733 3228 2789 morbus?Jam
3259 2734 3417 2787 etiam
3447 2734 3779 2788 introductus

2201 2839 2284 2884 est
2330 2830 2379 2883 in
2424 2828 2716 2883 Ecclesium
2748 2828 2892 2897 :jatn
2934 2827 3092 2882 etiam
3133 2825 3304 2895 attigit
3332 2825 3653 2895 Scripturas.
3690 2826 3777 2880 Di-

2201 2937 2390 2976 eamne
2426 2921 2657 2992 aliquid,
2692 2929 2749 2974 ut
2786 2920 2912 2975 mali
2952 2918 3230 2973 ostendam
3267 2918 3776 2988 exsuperationem?

2201 3016 2283 3070 Me
2303 3015 2515 3084 quidem
2540 3014 2719 3083 pudet,
2739 3013 2832 3067 sed
2852 3020 3027 3067 tamen
3049 3012 3223 3066 dicam
3250 3028 3263 3066 :
3289 3011 3410 3065 volo
3429 3011 3569 3065 enim
3592 3022 3774 3065 osten-

2202 3108 2331 3162 dere
2356 3121 2461 3176 quo
2485 3105 2740 3175 processit
2765 3105 2983 3170 malum,
3008 3120 3075 3159 ne
3098 3104 3280 3158 videar
3299 3104 3365 3159 de
3389 3104 3546 3158 rebus
3572 3104 3775 3173 pusillis

2202 3214 2362 3270 agere
2390 3206 2445 3253 et
2473 3198 2540 3252 de
2577 3213 2636 3251 re
2664 3197 2836 3267 aliqua
2864 3211 3022 3266 parva
3047 3196 3312 3250 disserere
3333 3237 3349 3262 ,
3378 3194 3469 3250 sed
3503 3203 3559 3248 ut
3584 3194 3666 3249 vel
3697 3196 3777 3249 sic

2203 3293 2399 3363 possim
2444 3290 2511 3345 ab
2558 3305 2743 3344 errore
2788 3304 2883 3343 vos
2922 3288 3211 3343 abducere.
3255 3287 3363 3342 Nec
3392 3301 3477 3342 me
3507 3285 3775 3341 existimet

2201 3384 2462 3456 quispiam
2486 3384 2703 3453 fingere,
2728 3382 2822 3437 sed
2843 3381 3014 3437 dicam
3041 3398 3158 3451 qua:
3188 3380 3384 3435 audivi.
3415 3381 3542 3435 Erat
3560 3380 3774 3449 quidam

2202 3476 2343 3547 apud
2374 3476 2605 3544 aliquem
2633 3490 2697 3529 ex
2724 3474 2809 3537 iis,
2835 3475 2921 3543 qui
2944 3472 3010 3528 de
3031 3471 3250 3527 scientia
3276 3472 3574 3541 gloriantur
3599 3480 3651 3523 et
3674 3471 3773 3525 sibi

2203 3568 2417 3639 placent
2441 3584 2453 3621 :
2481 3576 2533 3621 et
2561 3567 2672 3620 scio
2701 3564 2917 3635 quidem
2945 3562 3179 3617 futurum
3212 3571 3271 3617 ut
3299 3563 3465 3617 risum
3493 3578 3735 3617 moveam
3757 3604 3771 3622 .

2202 3658 2294 3713 sed
2321 3666 2496 3712 tanten
2518 3657 2689 3711 dicam
2716 3672 2727 3708 :
2756 3655 2799 3709 is
2820 3670 3003 3709 mensa
3031 3653 3269 3723 apposita
3295 3652 3502 3707 dicebat
3529 3654 3773 3723 :Apprc-

2203 3749 2616 3819 hendite.pueri,
2653 3764 2718 3802 ne
2745 3746 2955 3816 quando
2976 3746 3236 3800 irascatur
3262 3755 3465 3800 venter.
3496 3745 3563 3799 Et
3590 3760 3778 3799 rursus

2202 3843 2292 3896 alii
2319 3839 2504 3896 dicunt
2532 3857 2545 3892 :
2570 3839 2661 3894 Vae
2690 3837 2806 3904 tibi,
2836 3852 3160 3900 mammona,
3190 3846 3245 3891 et
3268 3837 3317 3891 ei
3346 3837 3435 3906 qui
3465 3847 3515 3890 te
3545 3851 3650 3890 non
3682 3836 3777 3889 ha-

2206 3932 2329 3987 bet!
2361 3932 2427 3986 Et
2455 3930 2616 3985 multa
2649 3928 2909 3999 ejusmodi
2952 3928 3178 3984 absurda
3210 3929 3502 3983 introduxit
3530 3932 3772 3984 scurrili-

2204 4035 2284 4080 tas
2308 4042 2323 4081 :
2348 4034 2405 4078 ut
2429 4022 2640 4094 quando
2668 4022 2851 4077 dicunt
2875 4040 2888 4074 :
2912 4021 3068 4075 Modo
3098 4037 3202 4076 non
3230 4031 3313 4076 est
3336 4022 3627 4091 generatio.
3665 4023 3776 4078 lloe

2202 4119 2324 4172 dico
2354 4116 2609 4170 adversus
2648 4112 3031 4168 absurditatem
3072 4110 3329 4165 malorum
3372 4124 3577 4165 morum
3609 4130 3623 4165 :
3650 4123 3776 4167 sunt

2203 4211 2345 4265 enim
2377 4208 2493 4263 haec
2522 4208 2681 4264 verba
2715 4207 2905 4261 anima:
2948 4204 3174 4261 desertae
3215 4219 3243 4256 a
3290 4204 3483 4273 pietate
3521 4219 3583 4258 ac
3618 4220 3774 4261 reve-

2204 4302 2396 4359 rentia.
2446 4303 2637 4356 Annon
2686 4298 2997 4353 fulminibus
3036 4296 3194 4365 digna
3243 4304 3369 4349 sunt
3418 4294 3532 4351 hzec
3570 4297 3777 4352 verba?

2205 4395 2363 4449 Multa
2393 4393 2460 4448 ab
2488 4392 2570 4446 his
2598 4390 2758 4446 etiam
2787 4390 2887 4442 alia
2915 4386 3174 4457 ejusmodi
3202 4386 3305 4441 diei
3335 4387 3594 4457 quispiam
3622 4389 3774 4442 inve-

2207 4487 2363 4541 nerit.
2391 4482 2747 4551 Quamobrem
2787 4495 2918 4549 rogo
2957 4488 3016 4533 ut
3060 4478 3293 4548 undique
3323 4477 3463 4531 malo
3490 4479 3589 4533 hoc
3626 4494 3777 4535 more

2204 4579 2448 4649 expulso,
2480 4577 2566 4630 illa
2602 4575 2883 4644 loquamur
2908 4588 3026 4640 qtae
3067 4570 3222 4624 nobis
3249 4570 3592 4633 conveniunt,
3625 4578 3679 4623 et
3711 4586 3776 4625 ne

2205 4687 2295 4726 ora
2318 4679 2498 4725 sancta
2524 4668 2808 4737 loquantur
2828 4662 2986 4718 verba
3007 4661 3278 4715 infamium
3302 4672 3356 4715 et
3374 4659 3774 4715 obsetenorum.

2208 4764 2334 4831 Qua:
2368 4771 2439 4815 est
2465 4759 2598 4812 enim
2618 4756 2831 4829 justitite
2868 4753 3189 4825 participatio
3220 4768 3333 4804 cum
3359 4751 3619 4819 iniquitate
3637 4752 3663 4803 .7
3689 4761 3776 4805 aut

2203 4869 2317 4923 qua:
2343 4852 2553 4906 societas
2583 4847 2683 4902 luci
2725 4863 2838 4899 cunt
2877 4844 3087 4920 tenebris
3128 4841 3204 4913 (2.
3235 4841 3352 4896 Cor.
3384 4841 3437 4895 6.
3467 4839 3592 4911 14)?
3633 4840 3779 4897 Bene

2205 4946 2346 5000 enim
2375 4941 2649 4997 nobiscum
2676 4947 2880 5009 agetur,
2905 4936 2948 4989 si
2969 4949 3089 4989 cum
3117 4948 3213 4987 nos
3233 4932 3301 4987 ab
3322 4932 3563 4986 omnibus
3583 4932 3775 4987 absur-

2204 5038 2290 5092 dis
2315 5034 2721 5095 abduxerimus,
2757 5030 2892 5083 bona
2939 5026 3196 5096 promissa
3228 5038 3649 5093 consequamur,
3681 5038 3780 5080 ne-,

2205 5131 2331 5186 dum
2352 5144 2472 5182 cum
2498 5135 2601 5180 tam
2630 5124 2792 5179 multa
2824 5119 3157 5180 attrabimus,
3174 5125 3223 5171 et
3250 5116 3441 5169 mentis
3462 5114 3774 5185 perfectioui

2208 5238 2301 5294 per
2326 5232 2430 5277 tam
2458 5218 2618 5273 multa
2650 5213 2934 5285 perniciem
2965 5208 3258 5264 al'ferimus.
3297 5205 3427 5260 Nam
3457 5202 3544 5276 qui
3576 5206 3775 5260 scurri-

2207 5317 2327 5370 liter
2356 5310 2588 5381 loquitur
2608 5350 2624 5372 ,
2657 5307 2763 5361 cito
2792 5304 2897 5359 erit
2924 5300 3218 5357 maledicus
3244 5316 3257 5353 :
3281 5296 3570 5354 maledicus
3595 5302 3774 5351 autem

2268 5539 2283 5568 ι
2318 5534 2570 5594 Interpres
2611 5528 2799 5594 latinus
2840 5523 3032 5594 legerat
3059 5522 3529 5594 ’ξηιςξι-ξεφηψβε
3555 5518 3781 5594 egi-953}

2205 5575 2567 5656 enini-iretur;
2577 5575 2663 5640 sed
2679 5575 2858 5656 outnes
2870 5575 2971 5656 aias.
2986 5591 3033 5631 et
3059 5575 3773 5656 full-i‘hflbgllbegwifz¥ugttgﬁ

2203 5636 2805 5709 Eii£"vlii"'ab'n'bimum
2839 5644 3077 5709 quadrare
3122 5642 3310 5691 videtur
3334 5675 3347 5699 ,
3382 5636 3573 5688 utnec
3617 5636 3777 5685 altera

2205 5723 2340 5844 '"iéo
2366 5787 2564 5842 nam.
2586 5772 2865 5844 εειιιτιιονψιξ
2898 5779 3056 5844 genus
3081 5759 3613 5844 «sesesese?
3632 5772 3779 5844 na:-

2204 5817 2726 5907 uo‘ifdii'éiiipd‘r'éé;
2738 5817 3128 5893 Xristu'phanem,
3152 5817 3536 5887 Theophrastum
3559 5828 3610 5869 et
3632 5817 3779 5870 alios.
