3974 6504
272 406 372 463 H9

259 510 350 563 καὶ
372 508 527 562 οὐδὲν
543 506 653 562 ἀπὸ
680 507 852 574 λόγων
877 507 1250 579 βλαπτόμενοι,
1271 509 1504 582 τοσαύτῃ
1526 512 1819 585 κέχρηνται

260 603 411 670 σιγῇ,
435 600 524 664 σὺ,
538 600 567 651 6
581 598 675 651 καὶ
688 601 745 651 ἐν
759 598 936 667 λόγοις
950 598 1087 669 ἔχων
1100 598 1191 652 τὸν
1209 600 1458 671 πόλεμον,
1477 603 1571 655 καὶ
1585 603 1647 655 τὸ
1664 603 1822 658 πλέον

251 688 351 742 τοῦ
368 687 627 758 πολέμου,
641 686 799 741 τοῦτό
818 704 901 741 σοι
913 688 974 741 τὸ
988 688 1151 759 μέρος
1166 689 1261 760 ἐᾷς
1275 707 1342 759 γυ
1350 690 1507 761 μνὸν;
1534 694 1568 762 ἦ
1587 694 1796 761 ἀγνοεῖς
1804 735 1819 759 ν

256 779 343 833 δτι
371 778 442 832 τά
466 777 685 831 πλείονα
706 776 951 832 ἐντεῦθεν
973 777 1464 850 ἐπιϐουλευόμεθα;
1488 782 1711 846 Παίζεις
1730 783 1825 835 καί⁵

252 869 495 939 τρυφᾷς,
542 866 637 920 καὶ
665 867 854 919 ἀστεῖα
891 866 1087 934 λέγεις,
1132 866 1226 920 καὶ
1258 867 1468 934 γέλωτα
1500 872 1699 936 κινεῖς,
1730 870 1825 924 καὶ

250 958 410 1012 οὐδὲν
434 958 544 1028 ἡγῇ
567 957 627 1009 τὸ
659 958 925 1027 πράγμα;
969 957 1131 1010 πόσαι
1158 956 1266 1010 ἀπὸ
1292 957 1672 1027 ἀστειολογιῶν
1705 960 1823 1013 ἐπι-

250 1050 478 1120 ορκίαι,
524 1048 685 1101 πόσαι
722 1047 939 1118 βλάϐαι,
983 1048 1146 1102 πόσαι
1170 1049 1544 1118 αίσχολογίαιί
1594 1050 1733 1103 Ἀλλ’
1762 1052 1823 1105 οὐ

254 1138 486 1193 τοιαῦτά
503 1140 617 1191 ἐστι
638 1137 705 1191 τὰ
730 1138 942 1200 ἀστεῖα,
965 1138 1147 1207 φησίν.
1186 1138 1325 1192 Ἀλλ’
1348 1139 1513 1193 ἄκουε
1537 1141 1618 1193 ὅτι
1644 1141 1826 1195 πᾶσαν

250 1231 622 1303 εὐτραπελίαν
660 1229 901 1295 ἐξέϐαλε.
941 1230 1181 1301 Πολέμου
1232 1230 1421 1303 καιρὸς
1462 1230 1556 1287 νῦν
1586 1235 1681 1287 καὶ
1722 1235 1825 1305 μά·

249 1341 380 1394 χης,
406 1322 713 1393 ἀγρυπνίας
734 1321 829 1374 καὶ
857 1321 1122 1391 φυλακῆς,
1157 1320 1422 1387 ὁπλίσεως
1448 1323 1542 1378 καὶ
1577 1325 1826 1395 παρατά-

250 1413 393 1477 ξεως
418 1431 434 1445 ο
466 1412 657 1465 οὐδένα
684 1412 845 1465 τόπον
882 1412 1113 1465 ἐνταῦθα
1157 1415 1185 1466 6
1225 1413 1321 1466 τοῦ
1352 1414 1583 1483 γέλωτος
1613 1415 1678 1469 ἂν
1714 1414 1826 1486 ἔχοι

249 1503 451 1574 καιρός
473 1520 488 1533 ·
514 1502 608 1557 τοῦ
647 1502 752 1574 γάρ
789 1503 994 1570 κόσμου
1033 1499 1186 1567 οῦτός
1216 1507 1381 1560 ἐστιν.
1419 1508 1685 1560 ’Δκουσον
1730 1508 1824 1562 τοῦ

248 1594 498 1665 Χριστοῦ
529 1594 779 1662 λέγοντος
800 1609 815 1625 ⁶
860 1592 912 1647 '0
938 1596 1167 1665 κόσμος
1196 1596 1540 1665 χαρήσεται.
1566 1599 1732 1668 ὑμεῖς
1759 1599 1827 1653 δὲ

248 1685 708 1752 λυπηθήσεσθε.
725 1685 782 1739 ὐ
798 1685 1030 1757 Χριστὸς
1049 1686 1361 1758 ἐσταυρώθη
1389 1689 1475 1742 διά
1489 1691 1558 1743 τά
1576 1690 1642 1744 σά
1658 1690 1823 1757 κακὰ,

254 1777 321 1826 σὺ
350 1775 409 1828 δέ
437 1774 636 1845 γελᾷςς
665 1777 865 1840 ἐκεῖνος
892 1776 1224 1848 ἐρῤαπίσθη,
1264 1779 1358 1832 καί
1390 1781 1625 1835 τοσαῦτα
1655 1781 1824 1836 ἔπαθε

246 1865 341 1919 διά
367 1866 468 1937 τὴν
509 1866 609 1935 σὴν
657 1867 942 1940 συμφορὰν
969 1869 1063 1922 καὶ
1103 1870 1196 1923 τὸν
1236 1871 1607 1927 καταλαϐόντα
1632 1891 1689 1927 σε
1715 1891 1828 1944 χει-

252 1956 411 2025 μῶνα
434 1972 449 1987 ·
474 1957 540 2010 σύ
568 1957 623 2010 δέ
645 1959 853 2028 τρυφᾷς
875 1975 890 2025 ;
918 1959 1026 2013 Kal
1054 1960 1170 2023 πῶς
1188 1962 1248 2015 οὐ
1279 1961 1477 2031 μᾶλλον
1501 1964 1661 2018 αὐτὸν
1691 1982 1829 2036 παρ-

243 2047 498 2114 οξύνεις;
548 2049 688 2103 Ἀλλ’
730 2049 917 2121 ἐπειδή
944 2067 1087 2104 τισιν
1115 2052 1408 2125 ἀδιάφορον
1441 2052 1660 2110 εἶναιτὸ
1684 2060 1826 2129 πρᾶ-

244 2157 368 2210 γμα
389 2141 559 2220 δοκεῖ,
592 2142 620 2194 ὃ
646 2143 741 2197 καὶ
763 2143 1133 2212 δυσφύλακτόν
1157 2147 1295 2210 ἐστι,
1324 2146 1482 2218 φέρε,
1506 2149 1680 2219 μικρά
1699 2151 1828 2221 περὶ

244 2232 442 2285 τούτου
470 2232 860 2303 διαλεχθῶμεν.
883 2235 1007 2289 ὅσον
1032 2237 1150 2289 ἐστὶ
1178 2238 1346 2292 κακὸν
1360 2238 1685 2304 διδάξαντες.
1717 2242 1827 2296 Kal

244 2326 359 2396 γὰρ
379 2326 538 2380 ⁴τοῦτο
560 2326 653 2378 τοῦ
675 2326 919 2380 διαϐόλου
936 2328 1092 2399 ἔργον
1117 2330 1251 2396 ἐστὶ,
1269 2330 1328 2384 τὸ
1352 2333 1524 2385 ποιεῖν
1545 2334 1652 2386 τῶν
1673 2333 1825 2387 ἀδια-

247 2419 437 2489 φόρων
469 2421 853 2490 καταφρονεῖν.
884 2419 1108 2490 Πρῶτον
1148 2423 1246 2492 μὲν
1271 2419 1365 2475 οῦν
1396 2424 1446 2475 εἰ
1479 2426 1574 2478 καὶ
1604 2426 1824 2495 ἀδιάφο-

246 2525 343 2577 ρον
371 2504 463 2578 ἦν,
492 2509 617 2563 οὐδὲ
639 2508 813 2572 οὕτως
839 2512 1006 2582 ἐχρῆν
1036 2512 1200 2566 αὐτοῦ
1234 2518 1611 2583 καταφρονεῖν,
1648 2517 1825 2571 εἰδότα

245 2600 330 2651 ὅτι
354 2600 423 2651 τά
441 2599 652 2669 μεγάλα
672 2600 784 2655 ἀπὺ
810 2601 998 2655 τούτου
1021 2603 1260 2657 τίκτεται
1288 2609 1433 2659 κακά
1458 2610 1552 2660 καὶ
1577 2606 1821 2675 αὒξεται,

248 2689 349 2742 καὶ
378 2690 455 2751 εἰς
478 2690 731 2762 πορνείαν
758 2691 984 2764 τελευτᾷ
1006 2693 1266 2758 πολλάκις
1287 2710 1301 2725 ⁶
1337 2696 1419 2749 ὅτι
1441 2697 1499 2749 δὲ
1529 2698 1648 2750 οὐδέ
1672 2700 1825 2753 ἀδιά-

252 2778 422 2846 φορόν
445 2780 608 2842 ἐστιν,
641 2779 849 2833 ἐκεῖθεν
872 2781 1049 2853 δῆλον.
1087 2784 1312 2855 Ἰδωμεν
1334 2782 1426 2840 οῦν
1454 2787 1616 2842 πόθεν
1642 2790 1824 2843 τίκτε-

251 2883 346 2921 ται
364 2883 381 2897 °
407 2868 603 2938 μᾶλλον
626 2869 681 2921 δέ
703 2871 903 2942 ἴδωμεν
922 2875 1104 2928 ὁποῖον
1125 2870 1265 2929 εἶναι
1286 2877 1366 2931 δεῖ
1385 2879 1474 2931 τὸν
1494 2878 1667 2948 ἅγιον,
1690 2884 1826 2954 ἥμε-

245 2976 369 3030 ρον,
405 2962 596 3031 πρᾶον,
622 2963 938 3030 πενθοῦντα,
977 2966 1299 3039 θρηνοῦντα,
1328 2970 1706 3042 τεθλιμμένον.
1764 2975 1821 3026 Ὀ

245 3051 425 3104 τοίνυν
452 3053 520 3106 τά
550 3054 858 3124 εὐτράπελα
902 3057 1093 3125 λέγων,
1131 3060 1229 3129 οὐχ
1255 3061 1407 3128 ἆγιος
1437 3078 1452 3093 ο
1483 3064 1586 3117 κάν
1619 3064 1824 3134 Ἕλλην

243 3134 301 3213 ᾗ,
330 3142 737 3210 καταγέλαστος
767 3146 795 3197 6
824 3144 1063 3211 τοιοῦτος
1085 3163 1098 3177 ·
1134 3153 1247 3212 τοῖς
1279 3151 1336 3202 ἐν
1356 3153 1422 3222 τῇ
1449 3156 1622 3225 σκηνῇ
1652 3155 1825 3208 ταῦτα

242 3232 457 3300 ἐφεῖται
483 3234 684 3303 μόνοις.
711 3234 880 3289 Ἔνθα
895 3236 1204 3308 αἰσχρότης,
1228 3242 1344 3293 ἐκεῖ
1365 3243 1457 3295 καὶ
1475 3244 1821 3315 εὐτραπελία.

248 3321 421 3376 Ἔνθα
440 3323 614 3391 γέλως
630 3324 876 3395 ἄκαιρος,
901 3327 1017 3378 ἐκεῖ
1035 3326 1127 3379 καὶ
1143 3327 1489 3400 εὐτραπελία.
1513 3334 1711 3386 ’Λκουε
1729 3332 1824 3387 τοῦ

244 3413 534 3485 Προφήτου
556 3414 803 3482 λέγοντος
818 3434 831 3448 θ
851 3418 1226 3473 Δουλεύσατε
1246 3418 1325 3484 τῷ
1342 3423 1539 3489 Κυρίῳ
1554 3423 1622 3475 ἐν
1641 3424 1821 3492 φόϐῳ,

241 3505 342 3557 καὶ
366 3505 741 3574 ἀγαλλιᾶσθε
766 3507 925 3574 αὑτῷ
943 3509 1012 3563 ἐν
1032 3510 1243 3579 τρόμῳ.
1290 3512 1353 3563 Ἡ
1374 3513 1703 3583 εὐτραπελία
1721 3532 1826 3584 μαι

240 3594 417 3667 λακὴν
463 3600 611 3649 ποιεῖ
638 3599 736 3669 τὴν
768 3598 965 3671 ψυχὴν,
1013 3602 1275 3673 ῥᾴθυμον,
1324 3603 1780 3658 ἀναπεπτωκυίαν
1806 3621 1819 3635 ·

240 3687 386 3758 αῦτη
416 3691 512 3743 καὶ
546 3688 733 3759 ὐϐρεις
760 3691 1017 3756 πολλάκις
1040 3692 1215 3759 ὦδινε,
1238 3696 1332 3747 καὶ
1362 3696 1629 3766 πολέμους
1655 3700 1820 3751 ποιεῖ.

310 3868 387 3927 γ’.
422 3862 489 3914 Τί
520 3860 607 3926 δέ;
645 3863 782 3927 ὅλως
807 3864 927 3936 οὐχ).
970 3867 1026 3918 ἐν
1067 3866 1288 3937 ἀνδράσι
1327 3868 1586 3937 γέγονας;
1618 3871 1823 3925 Οὐκοῦν

243 3953 597 4021 κατάργησον
611 3952 681 4005 τά
701 3952 795 4006 τοῦ
813 3955 1025 4024 νηπίου.
1064 3955 1221 4009 Ἀλλά
1241 3956 1331 4011 τὸν
1367 3957 1466 4028 μὲν
1490 3959 1704 4030 οἰκέτην
1731 3962 1820 4013 τὸν

242 4044 334 4093 σὸν
367 4044 426 4095 ἐν
458 4043 636 4115 ἀγορᾷ
658 4045 760 4098 οὐκ
778 4046 949 4113 ἀξιοῖς
980 4049 1151 4100 εἰπεῖν
1166 4065 1219 4101 τι
1246 4048 1354 4103 τῶν
1370 4051 1730 4121 ἀσυμφόρων·
1757 4057 1821 4105 σύ

234 4134 297 4186 δέ
339 4133 441 4187 τοῦ
494 4135 629 4188 Θεοῦ
666 4136 838 4205 λέγων
870 4139 1087 4210 οἰκέτης
1118 4135 1291 4206 εἶναι,
1338 4143 1396 4194 ἐν
1425 4142 1598 4213 ἀγορᾷ
1631 4145 1821 4199 ἀστεῖα

239 4227 493 4298 φθέγγῃς
527 4228 833 4299 Ἀγαπητὺν
856 4230 957 4301 τὴν
984 4233 1258 4302 νήφουσαν
1292 4233 1469 4304 ψυχὴν
1505 4236 1579 4305 μὴ
1610 4234 1821 4306 κλαπῆ-

239 4337 327 4371 ναι
353 4334 371 4349 ·
398 4317 497 4389 τήν
527 4319 584 4371 δὲ
608 4320 1003 4391 διακεχυμένην
1024 4323 1104 4386 τίς
1125 4325 1222 4392 οὐχ
1246 4326 1495 4395 αἱρήσεις
1524 4325 1661 4396 αὐτὴ
1688 4326 1820 4378 ἑαυα-

238 4413 303 4479 τῇ
326 4413 799 4482 περιπαρήσεται,
844 4412 936 4465 καὶ
959 4413 1020 4465 οὐ
1046 4413 1294 4484 δεήσεται
1328 4415 1426 4485 τῆς
1454 4413 1545 4466 τοῦ
1576 4415 1819 4469 διαϐόλου

238 4501 536 4570 ἐπιϐουλῆς
574 4503 666 4556 καὶ
710 4504 990 4573 ἐπηρείας.
1022 4505 1138 4558 Ἵνα
1169 4504 1225 4556 δέ
1252 4506 1345 4557 καὶ
1377 4505 1576 4577 μάθῃς,
1603 4507 1703 4575 δρα
1727 4507 1821 4561 καὶ

240 4590 398 4663 [125]
422 4591 555 4645 αὐτὸ
575 4591 809 4662 τοῦνομα
826 4608 840 4623 ·
862 4594 1192 4666 εὐτράπελος
1219 4594 1436 4663 λέγεται
1465 4599 1493 4648 6
1512 4596 1773 4660 ποικίλος,
1791 4598 1819 4650 6

242 4677 602 4741 παντοδαπὸς,
623 4679 652 4730 ὁ
668 4678 915 4743 άστατος,
939 4685 967 4734 6
988 4680 1229 4746 εὔκολος,
1252 4685 1281 4736 6
1304 4685 1480 4738 πάντα
1505 4686 1787 4756 γινόμενος
1802 4702 1816 4717 ο

237 4767 397 4820 τοῦτο
429 4768 489 4821 δέ
522 4770 710 4841 πόρρω
740 4771 847 4824 τῶν
874 4775 939 4843 τῇ
973 4774 1148 4846 πέτρα
1180 4775 1558 4830 δουλευόντων.
1598 4777 1819 4848 Ταχέως

238 4864 502 4930 τρέπεται
518 4862 545 4914 ὁ
560 4862 797 4925 τοιοῦτος
818 4866 910 4918 καὶ
933 4866 1251 4934 μεθίσταται
1276 4884 1289 4898 °
1317 4870 1399 4922 δεῖ
1419 4869 1525 4941 γὰρ
1547 4871 1707 4924 αὐτὸν
1724 4871 1818 4923 καί⁵

238 4954 425 5025 σχῆμα
455 4957 552 5008 καὶ
587 4956 735 5026 ῥῆμα
772 4960 863 5010 καὶ
902 4959 1113 5025 γέλωτα
1146 4963 1239 5013 καὶ
1273 4960 1483 5030 βάδισιν
1517 4963 1610 5016 καὶ
1640 4965 1816 5016 πάντα

240 5046 529 5118 μιμεῖσθαι
554 5064 566 5076 ⁸
592 5050 684 5100 καὶ
708 5050 1017 5118 σκώμματα
1042 5050 1096 5103 δὲ
1127 5053 1359 5106 ἐπινοεῖν
1388 5055 1494 5125 χρὴ
1522 5055 1613 5108 τὸν
1639 5056 1815 5108 τοιοῦ-

237 5154 326 5188 τον
357 5152 373 5165 '
407 5138 489 5190 δεῖ
517 5139 623 5209 γάρ
648 5140 798 5209 αὐτῷ
828 5142 922 5193 καὶ
947 5142 1157 5197 τούτου.
1190 5145 1381 5216 Πόρρω
1409 5146 1465 5198 δὲ
1491 5148 1650 5200 τοῦτο
1679 5150 1721 5201 Χ
1732 5165 1815 5218 ρι-

241 5229 483 5291 στιανοῦ,
507 5228 569 5281 τὸ
602 5232 905 5301 κωμῳδεῖν.
937 5234 1046 5286 Καὶ
1074 5234 1286 5304 ἀνάγκη
1314 5237 1405 5288 τὸν
1422 5239 1815 5309 εὐτραπελευό-

241 5337 401 5387 μενον
460 5319 657 5391 ἔχθρας
684 5322 1038 5392 ἀναδέχεσθαι
1068 5327 1328 5395 περιττάς
1368 5327 1477 5381 τῶν
1512 5331 1633 5400 εἰκῇ
1667 5347 1812 5383 σκω-

240 5411 541 5477 πτομένων,
573 5410 638 5464 ἄν
661 5427 721 5462 τε
749 5411 1012 5481 παρῶσιν,
1049 5413 1115 5466 ἄν
1141 5432 1196 5468 τε
1227 5416 1455 5479 ἀπόντες
1482 5418 1808 5474 ἀκούσωσιν.

238 5498 298 5551 El
332 5499 497 5552 καλὸν
516 5501 577 5554 τὸ
606 5503 857 5571 πρᾶγμα.
902 5502 955 5555 τί
991 5507 1101 5568 τοῖς
1130 5506 1314 5574 μίμοις
1343 5508 1597 5575 ἀφίεταις
1629 5512 1811 5581 Μῖμος

238 5589 381 5659 γίνῃ.
413 5591 508 5643 καὶ
525 5591 627 5644 οὐκ
657 5593 919 5665 αἰσχύνῃς
953 5596 1048 5648 Διά
1078 5596 1129 5647 τί
1161 5599 1281 5659 ταῖς
1316 5597 1624 5670 ἐλευθέραις
1652 5602 1808 5672 ὐμῶν

236 5680 335 5733 οὐκ
352 5682 682 5748 ἐπιτρέπετε
703 5683 863 5737 τοῦτο
879 5690 1049 5739 ποιεῖν
1073 5704 1087 5753 ;
1130 5688 1248 5758 οὐχὶ
1268 5688 1432 5759 ἤθους
1453 5691 1665 5745 τίθεσθε
1692 5696 1810 5749 ἀσε-

240 5790 392 5838 μνου,
425 5776 519 5827 καὶ
550 5776 612 5829 οὐ
645 5774 918 5846 σώφρονος
936 5778 996 5831 τὸ
1027 5782 1288 5849 πράγμας
1326 5781 1552 5850 Μεγάλα
1583 5785 1728 5855 κακὰ
1749 5787 1806 5839 ἐν

1131 396 1197 452 ΙΝ
1234 396 1452 453 EPIST.
1504 398 1592 453 AD
1629 398 1870 457 EPHES.
1912 397 2063 457 CAP.
2104 396 2172 455 ν.
2207 396 2439 457 ΗΟΜΙῘ..
2480 395 2641 460 XVII.

3378 404 3483 466 1Ξο

1923 514 2064 585 ψυχῇ
2113 515 2612 592 εὐτραπελευομένῃ
2647 520 2804 585 οἰκεῖ,
2835 518 3041 591 μεγάλη
3091 515 3335 592 διάχυσις
3389 526 3482 579 καὶ

1922 604 2121 673 ἐρημία
2140 620 2155 635 ο
2187 605 2413 677 κέχηνεν
2440 608 2473 676 ή
2502 609 2755 677 ἁρμονία,
2787 610 3122 682 σεσάθρωται
3144 614 3176 683 ή
3203 613 3480 685 οἰκοδομὴ,

1922 696 1949 747 ὁ
1969 694 2127 762 φόϐος
2146 695 2432 767 ἐξώρισται
2450 710 2497 763 α,
2516 698 2766 752 εὐλάϐεια
2784 700 3013 771 ἀπέστη.
3040 703 3076 755 Γ
3078 702 3295 757 λῶσσαν
3314 704 3483 775 ἑχεις,

1921 786 2019 856 οὐχ
2052 787 2137 839 ἵνα
2160 787 2344 858 ἕτερον
2386 789 2743 860 κωμῳδήσῃςν
2794 791 2907 844 ἀλλ’
2959 793 3045 846 ἶνα
3084 794 3486 867 εὐχαριστήσῃς

1921 880 1999 949 τῷ
2036 879 2174 949 Θεῷ.
2226 879 2337 950 Οὐχ
2382 881 2512 950 δρᾷς
2559 881 2683 943 τοὺς
2704 882 3026 952 λεγομένους
3065 884 3482 953 γελωτοποιοὺς,

1922 970 2047 1033 τοὺς
2076 971 2380 1043 κόρδακας;
2408 967 2550 1025 οὗτοί
2578 973 2711 1024 εἰσιν
2745 974 2793 1024 οἰ
2827 974 3165 1045 εὐτράπελοι.
3206 977 3485 1048 Ἐξορίσαο

1922 1081 2011 1127 τε,
2064 1062 2400 1133 παρακαλῶ,
2441 1064 2548 1117 τῶν
2604 1064 2883 1135 ὑμετέρων
2924 1064 3107 1134 ψυχῶν
3150 1066 3247 1136 τὴν
3292 1069 3487 1139 ἄχαριν

1925 1153 2127 1225 ταύτην
2157 1154 2314 1225 χάριν
2338 1170 2351 1183 ·
2388 1154 2700 1226 παρασίτων
2727 1154 2787 1208 τὸ
2819 1157 3070 1226 πρᾶγμα,
3099 1157 3298 1227 μίμων,
3320 1158 3488 1231 ὀρχη-

1928 1245 2085 1311 στῶν,
2132 1246 2403 1315 γυναικῶν
2460 1240 2703 1316 πορνῶν·
2737 1246 2924 1317 πόρῤω
2962 1247 3142 1317 ψυχῆς
3175 1242 3483 1320 ἐλευθέρας,

1927 1336 2114 1407 πόρρω
2161 1335 2444 1403 εὐγενοῦς,
2482 1338 2574 1389 καὶ
2600 1336 2797 1389 δούλων
2831 1337 3035 1407 πόρρω.
3066 1336 3132 1388 EE
3162 1354 3245 1399 τις
3276 1337 3487 1408 ἄτιμος,

1926 1431 2079 1495 εἴτις
2116 1429 2355 1501 αἰσχρὸς,
2388 1427 2539 1495 οὗτος
2563 1433 2655 1485 καὶ
2678 1432 3028 1503 εὐτράπελος.
3060 1432 3279 1493 Πολλοῖς
3310 1431 3366 1484 δέ
3395 1432 3489 1484 καὶ

1925 1523 2093 1593 ἀρετὴ
2120 1521 2180 1574 τὸ
2212 1525 2441 1592 πρᾶγμα
2473 1518 2771 1575 εἶναιδοκεῖ
2795 1540 2808 1553 ο
2837 1521 3057 1592 καὶγὰρ
3082 1520 3240 1574 τοῦτο
3262 1521 3489 1588 πένθους

1924 1614 2091 1678 ἀξιον.
2129 1613 2337 1685 Ὠσπερ
2366 1616 2398 1684 ἡ
2426 1614 2688 1683 ἐπιθυμία
2730 1612 2872 1666 κατά
2897 1614 3091 1683 μικρὸν
3115 1613 3195 1676 είς
3226 1612 3485 1683 πορνείαν

1925 1704 2229 1769 ἐξώκειλεν·
2260 1705 2400 1759 οὕτω
2429 1706 2525 1759 καὶ
2546 1706 2607 1758 τὸ
2639 1705 2965 1777 εὐτράπελον
2992 1704 3212 1774 ἐπίχαρι
3244 1703 3382 1757 εἶναι
3404 1704 3492 1757 δο-

1926 1800 2032 1863 κεῖ,
2090 1798 2238 1851 οὐδὲν
2267 1799 2322 1852 δέ
2350 1799 2536 1853 τούτου
2563 1799 2725 1870 ἄχαρι
2771 1798 2991 1867 μᾶλλον.
3027 1798 3224 1850 Ἀκουε
3258 1796 3368 1869 γάρ
3390 1797 3491 1867 τῆς

1924 1891 2145 1961 Γραφῆς
2159 1890 2566 1961 ).εγούσης·Πρὸ
2576 1890 2845 1958 ,ϐροντῆς
2860 1890 3258 1944 κατασπεύδει
3280 1892 3495 1957 ἀστραο

1924 1978 2032 2047 πὴ,
2052 1980 2145 2033 καὶ
2166 1980 2278 2048 πρὸ
2306 1980 2710 2048 αἰσχυντηροῦ
2728 1980 3151 2048 προελεύσεται
3168 1978 3356 2048 χάρις.
3392 1979 3494 2032 0'3-

1924 2070 2010 2123 δὲν
2029 2071 2084 2123 δέ
2099 2070 2191 2123 τοῦ
2208 2069 2539 2141 εὐτραπέλου
2558 2069 3057 2139 ἀναισχυντότερον.
3080 2069 3240 2121 Ὥστε
3259 2068 3320 2121 οὐ
3337 2066 3495 2137 χάρι·

1925 2177 2013 2223 τος
2034 2160 2197 2214 αὐτοῦ
2229 2161 2389 2231 γέμει
2409 2160 2470 2213 τὸ
2511 2160 2704 2230 στόμα,
2732 2158 2847 2212 ἀλλ’
2870 2159 3081 2230 ὀδύνης.
3130 2158 3491 2228 Ἐξορίσωμεν

1924 2249 2081 2303 τοῦτο
2094 2252 2155 2305 τὸ
2171 2251 2289 2315 ἔθος
2311 2250 2418 2302 τῶν
2438 2249 2744 2321 τραπεζῶν.
2773 2250 2893 2303 Εἰσὶ
2917 2249 2975 2303 δέ
2996 2266 3159 2312 τινες,
3183 2249 3234 2302 οἳ
3258 2249 3492 2311 καὶτοὺς

1925 2344 2161 2413 πένητας
2194 2343 2349 2395 τοῦτο
2375 2342 2731 2396 διδάσκουσιν.
2769 2344 2832 2394 ’Ὠ
2855 2345 2953 2411 τῆς
2989 2342 3247 2404 ἀτοπίαςὶ
3280 2341 3404 2404 τοὺς
3432 2343 3492 2393 ἐν

1925 2434 2166 2497 θλίψεσιν
2194 2433 2681 2501 εὐτραπελεύεσθαι
2709 2433 2941 2488 ποιοῦσι.
2978 2433 3086 2485 Ποῦ
3116 2433 3224 2503 γάρ
3250 2434 3347 2485 οὐκ
3376 2432 3495 2485 ἐστι

1922 2525 2080 2579 τοῦτο
2107 2526 2167 2577 τὸ
2205 2526 2414 2596 νόσημα
2450 2525 2665 2589 λοιπόν;
2702 2525 2837 2596 Ἤδη
2869 2527 2962 2578 καὶ
2993 2528 3051 2577 ἐν
3081 2529 3148 2595 τῇ
3194 2525 3493 2597 Ἐκκλησία

1924 2617 2191 2686 εἰσῆκται,
2222 2618 2321 2688 ήδη
2370 2617 2594 2669 καὶτῶν
2621 2618 2852 2688 Γραφῶν
2878 2617 3071 2688 ἥψατο.
3129 2618 3282 2670 Εἴπω
3312 2634 3364 2670 τι
3404 2618 3493 2670 ἳνα

1922 2707 2079 2772 δείξω
2125 2706 2222 2777 τὴν
2265 2707 2568 2779 ὑπερϐολὴν
2601 2706 2693 2760 τοῦ
2747 2707 2954 2775 κακοῦ;
2996 2708 3326 2778 Αἰσχύνομαι
3370 2709 3491 2776 μὲν,

1925 2798 2063 2871 πλὴν
2092 2798 2207 2852 ἀλλ’
2237 2799 2385 2869 ὅμως
2411 2799 2520 2871 ἐρῶ
2540 2815 2553 2828 ³
2586 2798 2841 2869 βούλομαι
2864 2801 2971 2870 γάρ
2992 2799 3161 2865 δεῖξαι
3186 2794 3242 2853 οἷ
3254 2800 3491 2872 προῆλθε

1921 2891 1983 2944 τὸ
2016 2891 2200 2954 κακὸν,
2233 2892 2320 2944 ἵνα
2355 2890 2429 2962 μὴ
2461 2891 2597 2957 δόξω
2628 2892 2969 2962 μικρολογεῖν
3000 2892 3245 2963 καὶπερὶ
3296 2892 3494 2965 μικροῦ

1921 3000 2064 3045 τινος
2089 2985 2214 3053 ὐμῖν
2240 2982 2599 3051 διαλέγεσθαι,
2635 2984 2719 3036 ἵνα
2750 2982 2852 3037 κᾶν
2883 2983 3056 3047 οὕτως
3076 2984 3381 3055 ἀποστῆσαι
3412 2984 3498 3038 δυ·

1923 3076 2072 3147 νηθῶ
2094 3078 2192 3146 τῆς
2215 3077 2423 3146 πλάνης
2452 3077 2615 3147 ὑμᾶς.
2653 3075 2762 3130 Καὶ
2796 3077 2869 3148 μή
2897 3077 2964 3147 μέ
2986 3095 3070 3141 τις
3101 3077 3296 3132 οἰέσθω
3327 3080 3495 3133 πλάτ-

1923 3184 2058 3232 τειν,
2081 3167 2193 3220 ἀλλ’
2222 3167 2364 3237 άπερ
2386 3168 2591 3238 ἥκουσα
2622 3168 2749 3239 ἐρῶ.
2781 3165 2979 3238 Ἐτυχέ
3003 3186 3086 3232 τις
3118 3169 3193 3222 ὢν
3221 3171 3369 3241 παρά
3388 3188 3494 3224 τινι

1922 3258 2029 3312 τῶν
2051 3260 2143 3311 ἐπὶ
2163 3257 2359 3327 γνώσει
2386 3259 2527 3329 μέγα
2550 3257 2887 3331 φρονούντων
2910 3274 2924 3288 ⁶
2950 3261 3043 3313 καί⁹
3060 3256 3177 3313 οἶδα
3202 3262 3299 3330 μὲν
3324 3260 3494 3330 γέλω·

1921 3369 1990 3405 τα
2021 3353 2278 3423 κινήσων,
2308 3352 2448 3422 πλὴν
2478 3352 2591 3404 ἀλλ’
2633 3353 2780 3423 ὅμως
2809 3348 2918 3424 ἐρῶ
2946 3367 2959 3380 ·
2999 3353 3095 3405 καὶ
3134 3352 3227 3406 τοῦ
3265 3353 3495 3415 πίνακος

1926 3440 2074 3514 [126]
2094 3442 2508 3516 παρατεθέντος,
2529 3443 2700 3511 ἐλεγεο
2723 3442 3021 3513 Δράξασθε,
3044 3442 3252 3505 παιδία,
3271 3445 3343 3515 μή
3364 3461 3494 3498 ποτε

1922 3532 2147 3603 ὀργισθῇ
2191 3532 2385 3586 κοιλία.
2426 3533 2533 3586 Καὶ
2563 3532 2722 3585 πάλιν
2760 3532 2934 3602 ἕτεροί
2970 3546 3167 3600 φασιν·
3203 3532 3336 3584 0ὐαί
3384 3548 3491 3597 σοι,

1926 3626 2225 3694 μαμμωνᾶ,
2259 3625 2352 3678 καὶ
2379 3623 2456 3694 τῷ
2492 3623 2566 3694 μὴ
2601 3622 2775 3693 ἔχοντί
2807 3636 2885 3676 σε.
2922 3623 3030 3677 Καὶ
3062 3622 3231 3675 πολλά
3269 3620 3493 3677 τοιαῦτα

1923 3717 2099 3771 ἄτοπα
2125 3718 2159 3787 ή
2193 3716 2522 3787 εὐτραπελία
2550 3715 2937 3785 ἐπεισήγαγεν,
2971 3715 3046 3779 ώς
3072 3716 3199 3768 ὅταν
3225 3714 3454 3783 λέγωσιν
3474 3730 3489 3745 ·

1927 3811 2088 3881 Ἀρτι
2115 3810 2214 3861 οὐκ
2240 3809 2354 3861 ἐστι
2383 3807 2632 3875 γένεσις;
2662 3806 2772 3861 Kal
2795 3806 2954 3860 τοῦτο
2972 3807 3114 3875 λέγω
3142 3806 3235 3860 τοῦ
3266 3803 3490 3877 αἰσχροῦ

1921 3903 2085 3975 ἤθους
2132 3900 2389 3955 δεικνύων
2437 3900 2538 3972 τὴν
2580 3900 2808 3954 ἀτοπίαν
2843 3915 2858 3930 ’
2907 3900 3082 3970 ψυχῆς
3126 3899 3233 3970 γάρ
3282 3900 3490 3971 ἐρήμου

1921 3994 2205 4056 εὐλαϐείας
2228 3992 2384 4047 ταυτὶ
2404 3994 2472 4045 τά
2492 3994 2730 4062 ῥήματα.
2760 3986 2828 4045 τΑ
2841 3992 2887 4062 ρ’
2931 3991 3052 4060 οὐχὶ
3081 3989 3336 4060 σκηπτῶν
3365 3989 3491 4055 ἀξια

1920 4085 2125 4151 ταῦτα;
2169 4086 2276 4138 Kal
2332 4083 2503 4137 πολλά
2551 4084 2659 4137 ἀπὸ
2693 4083 2896 4137 τούτων
2938 4082 3031 4137 καὶ
3076 4082 3236 4152 ἕτερα
3268 4082 3491 4137 τοιαῦτα

1920 4176 2186 4248 λεγόμενα
2205 4176 2353 4248 εὖροι
2369 4193 2450 4239 τις
2470 4176 2556 4231 ἄν.
2584 4176 2691 4239 Διὸ,
2718 4173 3039 4247 παρακαλῶ,
3060 4174 3321 4227 πάντοθεν
3335 4172 3492 4226 τοῦτο

1921 4272 2260 4343 ἐξορίσαντες
2304 4271 2365 4323 τὸ
2419 4270 2537 4334 ἔθος
2563 4308 2578 4332 ,
2631 4272 2815 4323 ἐκεῖνα
2865 4268 3249 4339 φθεγγώμεθα,
3290 4267 3326 4321 ὃ.
3360 4269 3491 4338 ἡμῖν

1918 4364 2180 4437 ἁρμόττει
2203 4379 2217 4392 ’
2260 4363 2354 4415 καὶ
2399 4363 2473 4431 μὴ
2507 4360 2576 4414 τά
2604 4359 2735 4429 ἆγια
2768 4360 3029 4430 στόματα
3053 4358 3123 4412 τά
3147 4358 3258 4411 τῶν
3280 4358 3489 4428 ἀτίμων

1923 4458 2016 4509 καὶ
2059 4454 2299 4524 αἰσχρῶν
2340 4452 2660 4522 φθεγγέσθω
2713 4451 2949 4522 ῥήματα,
2998 4451 3093 4516 Τίς
3116 4450 3225 4520 γὰρ
3259 4446 3487 4520 μετοχὴ

1921 4548 2269 4615 δικαιοσύνῃ
2287 4546 2383 4600 καί
2403 4547 2617 4615 ἀνομίᾳ
2634 4562 2653 4611 ;
2682 4548 2768 4612 τίς
2790 4546 2858 4599 δὲ
2877 4550 3154 4599 κοινωνία
3169 4546 3313 4615 φωτὶ
3337 4546 3489 4615 πρὸς

1920 4642 2170 4704 σκότος;
2195 4638 2497 4708 Ἀγαπητὸν
2517 4638 2644 4709 γάρ,
2669 4638 2883 4690 πάντων
2905 4637 3010 4691 τῶν
3033 4637 3248 4691 ἀτόπων
3263 4639 3488 4701 ἐαυτούς

1920 4735 2354 4804 ἀποστήσαντας,
2382 4731 2674 4802 δυνηθῆναι
2711 4730 2819 4784 τῶν
2858 4730 3277 4801 ἐπηγγελμένων
3304 4732 3486 4803 τυχεῖν

1919 4825 2171 4895 ἀγαθῶν,
2209 4825 2340 4895 μήτι
2388 4840 2451 4891 γε
2496 4822 3239 4893 τοσαῦταλέπισυρομένους,
3282 4822 3377 4874 καὶ
3424 4822 3484 4876 τὸ

1917 4918 2140 4993 ἀκριϐὲς
2154 4917 2252 4989 τῆς
2270 4916 2503 4979 διανοίας
2525 4916 2611 4970 διά
2626 4918 2732 4970 τῶν
2751 4916 3018 4970 τοσούτων
3035 4913 3483 4986 λυμαινομένους.

1927 5012 1987 5064 Ὅ
2021 5012 2128 5082 γάρ
2158 5008 2683 5082 εὐτραπελευόμενος
2721 5010 3027 5079 κακήγορος
3057 5007 3206 5061 ἔσται
3240 5010 3446 5077 ταχέως
3468 5023 3481 5037 ·

1916 5104 1944 5155 6
1970 5101 2025 5156 δέ
2062 5102 2373 5171 κακήγορος
2399 5101 2493 5153 καὶ.
2533 5099 2699 5170 μυρία
2741 5096 2918 5167 ἐαυτῷ
2950 5097 3274 5167 ἐπισωρεύει
3320 5096 3482 5167 ἔτερα

1914 5196 2080 5248 κακά.
2137 5193 2322 5247 Ταῦτα
2359 5189 2422 5263 δὴ
2452 5187 2544 5244 οῦν
2569 5190 2635 5244 τά
2671 5189 2765 5243 δύο
2793 5188 2890 5257 τῆς
2936 5187 3112 5259 ψυχῆς
3137 5188 3248 5259 εἴδη
3287 5182 3482 5259 ῥυθμί-

1917 5304 2145 5349 σαντες,
2195 5286 2291 5339 καὶ
2345 5284 2739 5349 ὑποζεύξαντες
2778 5282 2857 5351 τῷ
2905 5282 3184 5352 λογισμῷ,
3233 5279 3483 5353 καθάπερ

1916 5381 2114 5443 ἵππους
2148 5378 2412 5448 εὐηνίους,
2458 5380 2555 5448 τήν
2580 5395 2637 5429 τε
2661 5374 2989 5445 ἐπιθυμίαν,
3035 5372 3128 5428 καὶ
3158 5375 3249 5426 τὸν
3287 5369 3478 5440 θυμὸν,

1913 5471 2083 5538 οὓτως
2131 5474 2512 5543 ἐπιστήσωμεν
2552 5470 2643 5523 τὸν
2690 5468 2815 5521 νοῦν
2865 5468 3096 5539 ἡνίοχον,
3145 5467 3232 5542 ίνα
3284 5465 3375 5517 καί
3420 5465 3479 5516 τὸ

1915 5566 2165 5635 βραϐεῖον
2228 5565 2478 5632 λάϐωμεν
2524 5564 2624 5629 τῆς
2678 5563 2789 5616 ἀνω
2827 5562 3067 5625 κλήσεως
3112 5576 3125 5588 ·
3161 5553 3221 5611 οῦ
3273 5559 3481 5623 γένοιτο

1984 5800 2008 5827 ⁸
2042 5795 2148 5849 Mox
2177 5797 2273 5845 duo
2296 5808 2433 5856 mss.,
2461 5796 2730 5855 ὶξῴκισται,
2752 5802 2846 5839 non
2871 5789 3014 5839 male.
