3960 6502
264 464 362 524 iZl
1135 473 1200 530 ΙΝ
1239 473 1450 532 EPIST.
1488 476 1580 531 AD
1620 472 1858 532 EPHES.
1900 480 2055 534 CAP.
2101 481 2163 535 V.
2206 482 2437 540 HOMIL.
2479 485 2665 544 XVIII.

257 584 421 639 etiam
462 585 566 639 alia
608 585 1016 645 Innumerabilia
1049 590 1189 643 mala
1231 590 1330 644 sibi
1368 590 1690 646 accumulat.
1730 591 1829 646 {iis

252 691 388 746 ergo
415 677 623 734 duobus
662 680 854 734 animm
881 682 1169 751 generibus
1196 683 1529 752 compositis,
1557 691 1609 739 et
1642 684 1832 739 rationi

251 770 571 837 subjuuctis,
590 780 856 841 tamquam
877 774 1028 843 equis
1050 774 1138 843 qui
1162 775 1314 829 facile
1338 785 1566 844 aguntur
1586 774 1829 841 habenis,

250 872 447 929 nempe
470 863 758 931 cupiditate
782 872 837 918 et
862 866 960 930 ira,
987 865 1059 919 ita
1090 874 1323 920 mentem
1354 865 1706 934 praeticiamus
1729 880 1827 919 au-

251 955 421 1023 rigam
440 997 454 1017 ,
489 965 545 1009 ιιι
570 957 892 1025 accipiamus
927 959 1199 1025 praemium
1226 972 1470 1029 superare
1497 957 1823 1012 vocationis:

178 1038 189 1098 έ
252 1053 2225 1159 Ἥ

1934 1230 2013 1275 tos
2044 1241 2057 1276 :
2086 1220 2152 1275 In
2180 1224 2395 1290 iustitia,
2429 1225 2686 1283 adversus
2710 1244 2904 1286 avaros
2932 1250 2944 1285 :
2973 1244 3020 1288 et
3056 1239 3258 1293 veritate
3278 1281 3291 1301 ,
3315 1242 3510 1298 adver-

1930 1328 2023 1367 sus
2051 1314 2236 1371 falsam
2264 1316 2613 1385 Voluptatem.
2637 1319 2752 1374 Non
2787 1322 2872 1376 illa
2897 1366 2912 1389 ,
2948 1325 3156 1395 inquit,
3201 1347 3319 1399 quae
3355 1333 3505 1402 dixi,

1928 1404 2021 1458 sed
2050 1406 2337 1460 contraria.
2364 1407 2432 1462 In
2456 1412 2613 1464 omni.
2648 1411 2700 1465 id
2732 1423 2835 1480 est,
2865 1427 3077 1484 oportet
3104 1419 3334 1476 fructum
3368 1425 3506 1482 ferre

1924 1495 2258 1563 Spiritualem
2310 1498 2362 1551 in
2390 1500 2659 1557 omnibus.
2690 1502 2971 1560 Probantes
2999 1511 3121 1577 quid
3162 1513 3226 1564 sit
3263 1514 3503 1583 benepla~

1924 1587 2081 1639 citum
2127 1585 2367 1642 Domino.
2396 1590 2487 1644 Illa
2515 1602 2643 1663 ergo
2671 1606 2795 1650 sunt
2836 1600 3035 1653 mentis
3066 1604 3286 1669 puerilis
3314 1616 3369 1659 et
3399 1607 3502 1662 im-

3394 500 3520 556 122

1945 596 2089 690 quod,
2117 598 2275 655 detur
2309 601 2465 659 nobis
2492 604 2741 690 omnibus
2762 611 3021 680 consequi
3058 611 3108 666 in
3138 613 3354 670 Christo
3390 617 3515 673 Jesu

1943 685 2169 745 Domino
2209 703 2424 756 nostro,
2464 709 2586 750 cum
2628 685 2737 768 quo
2779 698 2921 756 Patri
2965 704 3121 758 simul
3166 721 3284 761 cum
3330 721 3518 765 sancto

1941 778 2142 848 Spiritu
2180 782 2380 852 gloria,
2411 788 2679 856 potentia,
2710 787 2912 856 honor,
2944 810 3089 850 nunc
3114 808 3167 851 et
3196 813 3426 869 semper,
3461 810 3515 855 et

1940 871 1990 924 in
2022 873 2213 925 smcula
2244 876 2581 931 smertlorum.
2614 882 2805 936 Amen.

252 1053 3168 1082 Wm—

3173 1074 3504 1088 -ῄ-

241 1223 377 1278 Csr.
405 1224 460 1277 5.
490 1240 542 1277 v.
561 1223 615 1279 5.
648 1222 758 1278 Hoc
778 1224 913 1278 enirn
932 1224 1107 1278 scitote
1128 1224 1465 1296 intelligentes
1492 1225 1628 1293 quod
1655 1225 1821 1278 omnis

314 1315 627 1385 fornicator,
658 1325 747 1368 aut
774 1315 1080 1380 inmudus,
1109 1326 1197 1368 aut
1220 1332 1421 1378 avarus,
1455 1315 1591 1386 quod
1613 1326 1685 1369 est
1704 1316 1823 1368 ido-

315 1406 730 1469 lorumservitus,
746 1420 851 1461 non
867 1406 1013 1460 habet
1037 1407 1362 1461 hereditatem
1380 1409 1437 1460 in
1458 1422 1613 1478 regno
1634 1407 1822 1461 Christi

302 1509 360 1551 et
390 1496 511 1552 Dei.
542 1497 597 1552 6.
628 1495 794 1552 Nemo
829 1512 917 1551 vos
957 1497 1161 1551 seducat
1184 1498 1418 1552 inanibus
1457 1497 1617 1551 verbis
1657 1514 1819 1567 :pro-

312 1600 427 1655 pter
452 1589 559 1643 hwc
586 1590 718 1642 enim
743 1588 873 1641 venit
917 1588 996 1642 ira
1020 1586 1118 1641 Dei
1160 1588 1209 1641 iu
1240 1588 1373 1658 ﬁlios
1399 1588 1707 1658 difﬁdentiae.

316 1682 369 1735 1.
399 1679 567 1735 Erant
596 1679 810 1748 quidam
832 1719 847 1743 ,
890 1690 948 1733 ut
976 1679 1215 1742 videtur,
1242 1680 1407 1734 etiam
1437 1678 1576 1748 apud
1605 1688 1817 1734 nostros

238 1772 514 1841 majores,
545 1772 635 1841 qui
688 1770 870 1839 populi
922 1785 1110 1825 manus
1160 1769 1549 1836 dissolvebant,
1576 1780 1633 1825 et
1672 1770 1813 1840 quod

235 1864 440 1919 dictum
456 1873 545 1919 est
568 1863 637 1918 ab
664 1863 945 1918 Ezechiele
968 1905 984 1930 ,
1030 1863 1096 1919 ad
1140 1878 1274 1933 opus
1297 1862 1631 1919 deducebant
1656 1904 1672 1929 ,
1706 1864 1815 1917 imo

233 1971 371 2010 vero
406 1968 523 2025 quae
566 1964 695 2009 sunt
742 1954 1325 2025 pseudoprophetarum
1375 1954 1671 2021 faciebant;
1721 1956 1813 2024 qui

230 2064 335 2116 pro
358 2048 559 2118 pugillo
584 2047 770 2103 hordei
796 2048 960 2102 Deum
990 2047 1385 2117 vilipendehant
1411 2061 1591 2102 coram
1612 2048 1811 2118 populo

223 2144 352 2205 ejus
397 2138 613 2208 (Eaech.
636 2139 725 2193 15.
754 2138 847 2209 19)
882 2156 896 2193 :
927 2138 1065 2208 quod
1107 2138 1398 2192 etiamnum
1438 2137 1507 2192 ab
1548 2137 1810 2207 aliquibus
1913 2135 1967 2189 in
2001 2139 2252 2196 tenebris.
2287 2140 2340 2195 Si
2370 2159 2500 2212 ergo
2526 2159 2620 2199 vos
2653 2147 2791 2213 sitis,
2826 2148 3033 2220 inquit,
3058 2135 3253 2209 virtute
3285 2160 3494 2227 prarditi

222 2231 348 2286 ﬁeri
375 2230 629 2285 arbitror.
660 2231 791 2285 Cum
818 2230 983 2301 igitur
1005 2230 1267 2296 dicimus,
1298 2230 1438 2300 quod
1464 2230 1555 2300 qui
1589 2232 1806 2286 fratrem
1911 2237 1966 2282 et
2017 2228 2352 2298 admirandi,
2403 2250 2506 2289 non
2555 2246 2806 2304 poterunt
2853 2240 3021 2297 latere
3066 2246 3315 2315 improbi.
3347 2251 3496 2305 Sient

218 2324 433 2378 fatuum
484 2323 793 2390 vocaverit,
843 2325 895 2376 in
944 2321 1246 2393 gehennam
1289 2322 1530 2377 abiturus
1572 2322 1676 2389 sit;
1716 2321 1806 2377 alii
1907 2322 2051 2377 enim
2078 2326 2123 2379 si
2170 2327 2341 2395 posita
2374 2329 2442 2382 sit
2470 2329 2684 2386 lucerna
2709 2371 2725 2397 ,
2773 2346 2960 2390 omnes
3008 2337 3406 2409 illuminantur,
3434 2356 3493 2399 et

1922 1677 2195 1747 periectas.
2219 1681 2305 1735 ll.
2340 1680 2402 1735 Et
2428 1684 2586 1739 nolite
2612 1691 3005 1757 communicare,
3038 1694 3237 1764 inquit,
3270 1701 3504 1768 aperibtm

1919 1768 2245 1837 infructuosis
2269 1773 2588 1829 tenebrarum
2612 1795 2630 1839 ;
2658 1781 2819 1849 magis
2846 1792 3015 1835 autem
3042 1786 3330 1858 redarguite
3356 1806 3377 1843 :
3407 1791 3498 1846 12.

1917 1876 2033 1930 qua:
2057 1864 2191 1915 enim
2218 1865 2271 1917 in
2296 1867 2493 1920 occulto
2517 1869 2644 1934 ﬁunt
2673 1870 2734 1923 ab
2761 1873 2904 1942 ipsis,
2937 1885 3083 1944 turpe
3124 1888 3196 1931 est
3222 1888 3269 1933 et
3307 1881 3493 1937 dicere.

1918 1951 2006 2005 15.
2041 1951 2225 2006 Omnia
2263 1966 2430 2010 autem
2472 1974 2583 2027 qua:
2620 1974 2905 2031 arguuntur
2947 1983 2978 2019 a
3023 1968 3249 2037 lumine,
3282 1975 3495 2044 manife-

1914 2053 2135 2100 stautur.
2167 2046 2330 2113 Dixit,
2364 2048 2479 2104 Lua:
2505 2055 2622 2107 estis
2646 2070 2664 2108 :
2687 2054 2776 2110 lux
2804 2069 2982 2114 autem
3014 2065 3189 2131 arguit
3217 2083 3338 2137 qua:
3363 2070 3494 2124 fiunt

213 2415 414 2469 dicunt
444 2432 458 2468 :
492 2415 638 2470 Itane
662 2456 680 2481 ,
724 2415 813 2484 qui
860 2414 1132 2469 vocaverit
1177 2414 1400 2469 fratrem
1441 2414 1648 2470 fatuum
1674 2457 1690 2482 ,
1748 2416 1801 2471 in

212 2508 525 2575 gehennam
554 2507 761 2563 abibit?
786 2506 1153 2577 Nequaquam,
1182 2508 1258 2563 ait
1285 2524 1299 2560 :
1326 2515 1382 2563 et
1408 2522 1531 2563 cum
1575 2509 1801 2565 dicimus

211 2599 365 2668 quod
410 2614 605 2654 avarus
634 2600 703 2654 sit
749 2600 1011 2654 idolorum
1060 2600 1270 2667 cultor;
1303 2600 1434 2656 illud
1482 2602 1567 2657 isti
1617 2603 1799 2672 despi-

207 2692 422 2746 cientes
455 2690 673 2758 dicunt,
725 2691 826 2747 hoc
854 2706 951 2762 per
990 2692 1317 2763 hyperbolen
1346 2694 1491 2749 dici:
1520 2704 1681 2765 atque
1724 2697 1796 2752 ita

207 2784 398 2836 timnia
430 2784 681 2839 mandata
725 2794 1097 2840 contemnunt.
1127 2785 1234 2841 Hos
1281 2801 1410 2857 ergo
1452 2789 1796 2847 subindicans

206 2878 406 2931 beatus
435 2876 630 2931 Patrius
656 2919 670 2943 ,
702 2884 829 2932 tunc
855 2892 1070 2948 quoque
1112 2874 1407 2934 scribebat
1432 2880 1500 2935 ad
1533 2881 1795 2950 Ephesios

202 2968 403 3023 dicens
433 2986 448 3023 :
477 2966 588 3022 Hoc
613 2968 746 3022 enim
769 2969 944 3023 scitote
966 2969 1299 3040 intelligentes
1324 2974 1459 3040 quod
1500 2974 1663 3028 omnis
1685 2978 1794 3045 for-

201 3063 407 3115 nicator
428 3102 443 3125 ,
472 3070 561 3114 aut
587 3061 875 3115 immundus
894 3102 908 3119 .
935 3070 1023 3115 aut
1041 3078 1224 3117 avarus
1241 3103 1257 3128 ,
1282 3064 1369 3133 qui
1397 3074 1468 3118 est
1489 3066 1654 3120 cultor
1674 3067 1791 3121 ido-

200 3154 377 3210 lorum
399 3197 414 3218 ,
444 3172 545 3208 non
577 3155 722 3209 habet
749 3154 1073 3211 hereditatem
1116 3155 1169 3211 in
1195 3169 1353 3229 regno
1381 3155 1569 3215 Christi
1601 3169 1648 3216 et
1671 3158 1786 3219 Dei.

203 3247 417 3303 Deinde
444 3247 717 3318 subjungit
747 3265 762 3302 :
797 3247 961 3303 Nemo
987 3266 1074 3305 vos
1100 3250 1319 3321 decipiat
1344 3253 1581 3309 inanibus
1606 3255 1784 3311 verbis.

198 3342 331 3396 llaec
364 3341 529 3396 verba
555 3351 679 3395 sunt
707 3343 883 3396 inania
903 3383 918 3407 ,
950 3358 1070 3412 quae
1094 3342 1159 3397 ad
1188 3352 1397 3414 tempus
1444 3346 1643 3402 habent
1666 3365 1787 3418 gra-

192 3434 330 3488 tiam
352 3475 368 3497 ,
401 3444 456 3488 et
484 3433 706 3489 minime
728 3433 1080 3489 ostenduntur
1106 3434 1261 3490 factis
1287 3445 1339 3490 et
1368 3438 1622 3506 operibus
1651 3457 1665 3495 :
1696 3456 1784 3497 res

189 3526 342 3579 enim
372 3537 438 3578 ea
467 3531 553 3578 est
578 3522 847 3591 deceptio.
872 3521 1092 3592 Propter
1116 3525 1224 3579 hac
1251 3527 1383 3580 enim
1422 3529 1557 3582 venit
1580 3529 1661 3582 ira
1685 3529 1783 3585 Dei

186 3618 244 3670 in
274 3617 416 3686 ﬁlios
458 3616 831 3671 inobedientiae.
856 3616 1082 3686 Propter
1111 3620 1493 3675 scortationem
1520 3662 1535 3685 ,
1566 3622 1777 3693 inquit,

186 3718 421 3779 propter
439 3708 744 3774 avaritiam,
769 3721 985 3780 propter
1008 3710 1395 3766 immunditiam
1418 3728 1433 3778 ;
1452 3722 1545 3767 aut
1566 3725 1781 3785 propter

184 3803 311 3858 haec
337 3814 395 3858 et
423 3813 646 3872 propter
672 3803 1066 3873 deceptionem,
1096 3807 1347 3876 quoniam
1374 3816 1499 3862 sunt
1522 3807 1777 3878 decepto-

185 3911 304 3950 res.
347 3894 522 3949 Filios
560 3894 938 3950 inobedientia:
987 3910 1081 3950 eos
1127 3906 1285 3952 vocat
1321 3886 1414 3967 qui
1456 3908 1584 3953 sunt
1620 3899 1779 3956 valde

182 3986 655 4056 inobsequentes;
686 3986 773 4057 qui
816 3987 865 4040 ei
909 4002 1018 4042 non
1062 3987 1334 4043 obediunt.
1366 3989 1417 4043 7.
1443 3986 1621 4045 Nolite
1657 4007 1778 4063 ergo

179 4078 317 4147 (ﬁci
342 4077 621 4147 participes
649 4092 841 4131 eorum.
866 4076 918 4132 8.
947 4074 1119 4131 Eratis
1143 4079 1275 4132 enim
1314 4079 1590 4148 aliquando
1640 4090 1777 4136 tene-

174 4170 313 4234 ιιι-ω,
347 4185 485 4223 nunc
510 4178 676 4221 autem
706 4168 796 4222 tua:
816 4169 869 4222 in
895 4168 1131 4223 Domino.
1151 4168 1283 4224 Vide
1308 4186 1471 4240 quam
1503 4174 1778 4243 sapienter

172 4275 282 4315 eos
307 4269 393 4315 est
418 4258 755 4313 adhortatus.
792 4258 1028 4313 Primum
1074 4275 1104 4312 a
1148 4258 1383 4325 Christo,
1435 4263 1587 4331 Quod
1635 4266 1775 4321 alter

174 4351 423 4405 alterum
454 4349 671 4421 diligitis
698 4390 714 4413 ,
739 4357 794 4404 et
818 4350 1017 4405 nemini
1052 4350 1301 4419 injuriam
1328 4352 1501 4407 facitis
1544 4370 1561 4413 ;
1589 4368 1774 4411 rursus

168 4441 511 4495 adhortatur
554 4456 583 4494 a
612 4440 875 4511 supplicio
898 4449 954 4496 et
974 4439 1218 4512 gebenua
1251 4455 1267 4495 :
1297 4440 1472 4498 Eratis
1508 4445 1641 4498 enini
1668 4444 1770 4500 ali-

177 4534 404 4604 quando
435 4533 676 4599 tenebrae,
730 4548 866 4587 nunc
899 4544 1066 4587 autem
1106 4533 1196 4586 lux
1240 4533 1296 4588 in
1336 4532 1579 4589 Domino.
1614 4535 1770 4605 Quod

173 4626 410 4696 quidem
439 4625 568 4679 dicit
595 4625 757 4679 etiam
802 4624 857 4678 in
886 4623 1124 4694 Epistola
1154 4623 1220 4678 ad
1266 4624 1536 4681 Romanos
1562 4643 1577 4680 :
1610 4627 1770 4694 Quem

162 4734 304 4789 ergo
332 4720 554 4787 fructum
580 4715 826 4770 habuistis
851 4725 969 4769 tunc
995 4717 1051 4769 in
1074 4715 1199 4784 illis,
1224 4715 1278 4770 in
1295 4717 1477 4785 quibus
1496 4733 1629 4773 nunc
1654 4735 1772 4773 eru-

164 4810 426 4865 bescitis?
452 4819 509 4865 et
548 4809 779 4878 priorem
808 4808 1121 4878 pravitatem
1162 4816 1219 4863 et
1248 4808 1433 4863 vitium
1473 4809 1579 4866 illis
1628 4826 1768 4868 nunc

163 4911 409 4960 revocat
438 4904 509 4956 in.
528 4902 866 4956 memoriam.
897 4901 1012 4956 Hoc
1043 4909 1143 4964 est,
1176 4900 1484 4973 Cogitantes
1508 4904 1634 4973 quid
1668 4920 1768 4962 vos

157 4993 473 5067 aliquando
501 4992 693 5061 fuistis,
716 5004 768 5048 et
797 4992 923 5065 quid
948 5006 1087 5048 nunc
1117 4992 1238 5048 facti
1285 4994 1447 5060 estis;
1477 5009 1545 5050 ne
1576 5011 1766 5051 recur-

155 5088 304 5143 vatis
348 5098 544 5142 ntrsus
568 5085 637 5139 ad
670 5083 815 5153 prius
841 5084 1025 5139 vitium
1050 5126 1065 5148 ,
1090 5099 1264 5154 neque
1284 5085 1376 5141 Dei
1416 5087 1643 5157 gratiam
1684 5088 1765 5142 af-

151 5181 368 5236 ﬁciatis
404 5176 764 5232 contumelia.
811 5174 982 5230 Eratis
1019 5177 1292 5246 aliquando
1336 5178 1551 5231 tenebrat
1575 5219 1590 5242 ,
1628 5194 1761 5232 nunc

148 5282 341 5326 autern
376 5270 470 5325 tua:
506 5270 560 5322 in
596 5266 837 5322 Domino.
864 5267 975 5321 Hoc
1012 5266 1163 5322 vobis
1188 5267 1283 5321 fuit
1320 5282 1429 5322 non
1470 5283 1536 5324 ex
1580 5277 1755 5324 vestra

145 5368 408 5429 virtute,
438 5361 536 5418 sed
561 5374 656 5430 per
697 5359 791 5415 Dei
813 5361 1038 5429 gratiam
1072 5377 1085 5414 :
1120 5358 1222 5413 hoc
1247 5369 1363 5425 est,
1411 5359 1480 5414 Et
1524 5375 1626 5415 vos
1654 5363 1754 5416 ali-

148 5456 392 5528 quando
420 5454 489 5510 iis
516 5453 660 5524 digni
712 5452 925 5517 fuistis,
974 5452 1068 5506 sed
1104 5453 1333 5522 amplius
1360 5467 1467 5507 non
1497 5455 1648 5508 estis.
1689 5454 1757 5511 Ut

144 5552 247 5617 [iiii
284 5563 423 5618 ergo
451 5547 582 5600 luds
621 5543 890 5597 ambulate.
924 5542 1059 5610 Quid
1088 5544 1156 5596 sit
1179 5552 1391 5609 autem,
1425 5542 1553 5597 Filii
1583 5546 1710 5598 lucis
1729 5562 1749 5610 ;

144 5638 361 5694 deinde
413 5636 585 5705 aperit
624 5651 638 5689 :
670 5636 725 5691 9.
754 5633 971 5688 Fructus
1006 5636 1141 5688 enim
1182 5634 1388 5705 spiritus
1413 5644 1486 5689 est
1512 5636 1570 5689 in
1614 5637 1751 5689 omni

144 5709 365 5793 iustitia
414 5736 461 5781 et
502 5726 722 5780 bonitate
757 5734 805 5780 et
850 5726 1071 5780 veritate.
1107 5726 1193 5779 1-0.
1218 5723 1503 5779 Probantes
1533 5726 1653 5793 quid
1682 5726 1748 5779 sit

146 5820 543 5893 beneplacitum
565 5819 801 5873 Domina.
828 5817 897 5871 In
938 5819 1071 5871 omni
1096 5858 1112 5885 ,
1142 5817 1333 5888 inquit,
1361 5818 1602 5872 bonitate.
1633 5817 1745 5874 Hoc

147 5918 437 5973 adversus
481 5914 802 5991 irascentes,
834 5911 1088 5969 adversus
1113 5910 1333 5968 acerbos
1358 5922 1413 5967 et
1440 5911 1742 5967 amarulen-

1907 2415 2047 2470 latro
2088 2432 2193 2472 non
2244 2420 2440 2488 poterit
2487 2422 2737 2492 ingredi:
2768 2425 2839 2479 ita
2883 2428 3033 2482 vobis
3084 2430 3291 2487 lucente
3328 2434 3485 2501 luce,

1906 2511 2290 2566 convincentur
2335 2514 2604 2583 redarguti
2652 2517 2897 2586 improbi.
2930 2520 3153 2590 Oportet
3198 2524 3359 2594 igitur
3401 2542 3490 2578 nr-

1903 2617 2087 2672 gnere.
2118 2604 2396 2671 Quomodo
2422 2620 2552 2676 ergo
2596 2608 2726 2662 dicit
2757 2625 2770 2662 :
2804 2608 2981 2664 Nolite
2998 2614 3240 2683 judicare
3259 2657 3273 2678 ,
3305 2629 3359 2669 ut
3385 2634 3485 2671 non

1892 2695 2195 2765 judicemini
2222 2697 2434 2769 (Matth.
2467 2699 2517 2753 7.
2547 2700 2599 2769 1)
2627 2704 2650 2751 ‘t
2703 2704 2944 2773 Argucre
2994 2706 3129 2761 dixit
3158 2749 3171 2770 ,
3204 2725 3308 2763 non
3354 2726 3487 2766 con-

1878 2787 2155 2842 demnare
2178 2829 2193 2852 ,
2226 2789 2328 2843 hoc
2353 2800 2435 2844 est
2454 2832 2468 2855 ,
2498 2794 2760 2863 castigare
2790 2814 2803 2849 :
2833 2806 2915 2862 et,
2943 2796 3120 2853 Nolite
3135 2802 3404 2871 judicare,
3427 2816 3482 2859 at

1896 2893 1999 2931 non
2015 2880 2322 2949 judicemini
2348 2880 2452 2950 (Ib.
2480 2898 2527 2937 v.
2561 2882 2616 2955 5)
2639 2926 2654 2949 ,
2683 2884 2820 2940 dixit
2857 2888 2926 2942 de
2950 2890 3188 2945 minimis
3214 2897 3467 2962 peculis.

1896 2970 2183 3039 Subjunxit
2207 2988 2338 3027 vero
2367 2991 2382 3028 :
2414 2975 2551 3040 Quid
2576 2978 2715 3031 vides
2756 2983 3003 3050 festucam
3028 2983 3084 3036 in
3129 2987 3277 3040 oculo
3302 2989 3481 3057 fratris

1895 3063 1970 3115 tui
1992 3103 2008 3128 ,
2038 3064 2091 3116 in
2113 3073 2200 3118 tuo
2227 3076 2393 3121 autem
2437 3068 2583 3123 oculo
2612 3073 2801 3125 trabem
2838 3089 2937 3126 non
2958 3078 3128 3130 -‘cernis
3151 3079 3177 3132 ?
3204 3079 3315 3136 Hoc
3342 3094 3423 3136 est
3458 3101 3471 3135 :

1892 3153 2044 3212 Sicut
2086 3155 2279 3214 minus
2321 3159 2574 3231 quamdiu
2602 3177 2834 3235 superne
2858 3175 3058 3221 lectum
3088 3168 3387 3237 delitescit,
3421 3186 3471 3232 et

1890 3253 2059 3308 currit
2103 3264 2199 3323 per
2242 3256 2601 3325 profundum,
2632 3261 2830 3315 nullam
2860 3265 3057 3332 accipit
3085 3271 3421 3325 curationem
3455 3289 3470 3325 :

1889 3345 1962 3399 ita
2008 3354 2285 3415 peccatum
2313 3351 2567 3418 quamdiu
2596 3352 2809 3421 quidem
2842 3359 3163 3426 occultatur,
3200 3369 3470 3433 tamquam

1888 3437 1941 3491 in
1970 3439 2204 3494 tenebris
2247 3441 2547 3497 admittitur
2593 3458 2712 3499 cum
2746 3462 2937 3519 magna
2966 3454 3291 3520 securitate;
3320 3466 3468 3525 pOsl-

1885 3545 2043 3598 quam
2070 3539 2247 3586 autem
2278 3532 2437 3589 fuerit
2459 3537 2878 3607 manifestatum,
2910 3540 2969 3596 lit
2997 3542 3083 3597 lux
3108 3585 3124 3609 ,
3154 3561 3260 3601 n0u
3294 3549 3466 3617 ipsum

1882 3632 2160 3691 peccatum
2184 3640 2198 3687 ;
2228 3626 2497 3696 quomodo
2518 3629 2701 3684 enim?
2727 3630 2822 3686 sed
2852 3633 2894 3687 is
2922 3635 3011 3704 qui
3030 3636 3247 3694 admisit
3270 3640 3464 3709 ipsum.

1884 3712 2106 3781 Quando
2132 3716 2275 3770 enim
2309 3718 2385 3783 is,
2414 3722 2503 3789 qui
2536 3719 2683 3790 fecit,
2714 3724 2768 3777 in
2798 3725 3030 3781 medium
3063 3729 3225 3785 fuerit
3261 3734 3464 3803 produ-

1881 3813 1999 3861 ctus
2017 3847 2031 3870 ,
2058 3807 2272 3877 quando
2298 3809 2625 3881 admonitus,
2654 3816 2870 3885 quando
2890 3818 3082 3876 ductus
3106 3827 3417 3893 pmnitentia
3444 3872 3459 3895 ,

1881 3898 2095 3967 quando
2122 3901 2491 3958 remissionem
2519 3905 2681 3962 fuerit
2705 3921 3240 3980 assequutus,‘annon
3270 3935 3463 3989 expur-

1880 3989 2018 4059 gasti
2063 3991 2180 4061 ejus
2220 3994 2518 4053 tenebras?
2561 4012 2738 4055 annon
2811 4005 3010 4061 curasti
3059 4008 3174 4077 ejus
3218 4012 3462 4068 vulnus!

1879 4095 2057 4137 annon
2109 4082 2499 4142 infertilitatem
2560 4093 2794 4149 evocasti
2867 4095 2934 4150 ad
3004 4099 3304 4159 fructum?
3355 4108 3463 4161 Aut

1879 4171 1982 4227 hoc
2020 4174 2184 4242 dicit,
2234 4186 2329 4231 aut
2372 4178 2505 4233 illud
2542 4222 2558 4247 ,
2620 4183 2763 4252 quod
2811 4197 2992 4243 vestra
3058 4191 3276 4260 quidem
3354 4198 3459 4251 vita

1876 4278 1998 4319 cum
2041 4267 2114 4320 sit
2154 4267 2433 4324 manifesta
2458 4312 2473 4335 ,
2508 4283 2593 4326 est
2644 4273 2732 4329 lux
2763 4279 2981 4334 :nullus
3038 4283 3183 4336 etiim
3234 4284 3461 4343 abscon-

1878 4356 1958 4410 dit
2010 4358 2210 4425 vitam,
2265 4360 2319 4415 in
2357 4378 2517 4432 quam
2569 4380 2675 4420 non
2712 4367 2860 4423 cadit
2912 4374 3307 4441 reprehensio:
3338 4397 3458 4449 quae

1874 4457 2057 4504 autem
2086 4450 2525 4522 absconduntur,
2556 4457 2680 4527 quia
2705 4469 2832 4514 sunt
2856 4461 3025 4519 offusa
3059 4468 3293 4523 tenebris
3318 4511 3332 4535 ,
3365 4488 3460 4527 oc-

1872 4541 2164 4596 cultautur.
2195 4544 2281 4598 li.
2314 4544 2536 4613 Propter
2559 4549 2694 4618 quod
2718 4551 2839 4604 dicit
2867 4568 2887 4606 :
2916 4552 3082 4626 Surge
3106 4558 3190 4627 qui
3221 4560 3413 4616 dormis
3440 4605 3455 4627 ,

1870 4645 1918 4687 et
1937 4649 2150 4705 exsurge
2172 4652 2204 4688 a
2233 4638 2445 4692 mortuis
2472 4678 2486 4702 ,
2517 4649 2564 4692 et
2591 4641 2896 4697 illuminabit
2945 4655 2993 4700 te
3042 4646 3291 4705 Christus.
3323 4652 3458 4708 Dor-

1870 4724 2125 4779 mientent
2153 4736 2207 4781 et
2234 4739 2503 4784 mortuum
2526 4730 2655 4786 dicit
2680 4749 2801 4788 eum
2829 4736 2920 4805 qui
2965 4748 3048 4793 est
3091 4741 3142 4795 in
3166 4744 3402 4812 peccatis
3436 4764 3450 4802 :

1872 4826 2063 4872 tetrum
2091 4820 2233 4874 enim
2263 4820 2482 4878 odorem
2506 4825 2673 4895 spirat
2700 4836 2757 4882 ut
2808 4840 3054 4887 mortuus
3074 4875 3089 4900 ,
3142 4850 3239 4891 nec
3276 4850 3452 4907 potest

1867 4911 2078 4978 operari
2108 4923 2165 4966 ut
2188 4913 2275 4982 qui
2306 4914 2523 4981 dormit,
2554 4926 2607 4971 et
2638 4918 2767 4972 nihil
2805 4920 2951 4976 videt
2995 4934 3051 4978 ut
3082 4926 3188 4994 ille,
3216 4928 3308 4983 sed
3352 4946 3444 4986 so-

1868 5001 2036 5055 mniat
2050 5011 2103 5057 et
2120 5003 2426 5073 pliautasias
2441 5008 2816 5077 apprehendit.
2835 5013 2940 5068 Alii
2966 5015 3167 5083 dicunt,
3190 5017 3256 5073 Et
3274 5031 3447 5094 tanges

1866 5093 2124 5150 Christum
2146 5114 2165 5162 ;
2191 5100 2279 5153 alii
2307 5111 2484 5156 autem
2513 5142 2528 5166 ,
2577 5100 2643 5156 Et
2671 5103 2981 5161 illuminabit
3011 5120 3060 5164 te
3088 5110 3319 5168 Christus
3342 5154 3358 5180 ,
3388 5125 3444 5169 et

1864 5188 2040 5255 potius
2071 5189 2141 5243 ita
2165 5200 2266 5247 est.
2294 5191 2522 5247 Discede
2567 5208 2598 5247 ιι
2626 5205 2846 5263 peccato
2868 5239 2884 5265 ,
2931 5206 2986 5253 et
3012 5203 3211 5269 poteris
3262 5204 3444 5260 videro

1861 5276 2130 5335 Christum
2161 5298 2177 5336 :
2212 5279 2350 5336 Nam
2395 5286 2482 5353 qui
2527 5287 2664 5340 ntala
2689 5288 2832 5357 agit,
2865 5291 2970 5343 odit
3011 5291 3207 5360 lucem,
3252 5304 3298 5347 et
3328 5312 3431 5349 non

1862 5376 1994 5428 venit
2023 5378 2092 5429 ad
2119 5374 2279 5431 lucem
2301 5377 2492 5449 (Joan.
2517 5379 2572 5435 ’5.
2600 5379 2712 5451 20)
2737 5398 2752 5435 z
2784 5383 2873 5452 qui
2899 5394 3077 5439 autem
3122 5402 3230 5441 non
3257 5387 3427 5459 facit,

1860 5471 2023 5527 venit.

1927 5562 1983 5616 2.
2014 5562 2119 5618 Sed
2148 5564 2249 5619 hoc
2296 5580 2400 5619 non
2446 5566 2622 5619 solum
2663 5566 2795 5621 dicit
2822 5566 2891 5623 de
2945 5568 3234 5626 incredulis
3265 5590 3281 5627 :
3308 5589 3431 5629 nam

1856 5656 2006 5710 multi
2037 5671 2101 5710 ex
2130 5657 2374 5713 ﬁdelibus
2404 5674 2506 5713 non
2537 5660 2712 5714 minus
2739 5670 3011 5716 sectantur
3057 5664 3241 5720 vitium
3275 5683 3431 5737 quam

1860 5748 2140 5811 inlideles;
2173 5757 2228 5803 et
2255 5758 2374 5803 sunt
2421 5751 2580 5803 etiam
2625 5749 2717 5819 qui
2766 5752 2937 5807 multo
2981 5755 3171 5824 magis.
3203 5756 3270 5811 Et
3313 5758 3434 5813 ideo

1854 5854 2077 5895 necesse
2102 5849 2186 5895 est
2209 5842 2296 5895 eis
2320 5840 2500 5896 dicere
2532 5858 2546 5893 :
2578 5840 2942 5914 Expergiscm
2978 5848 3063 5915 qui
3106 5848 3295 5904 dormis
3320 5892 3334 5915 ,
3383 5860 3433 5903 et

1858 5946 2070 6002 exsurge
2095 5948 2125 5986 a
2150 5933 2374 5997 mortuis,
2409 5943 2455 5987 et
2480 5933 2784 5987 illuminabit
2804 5944 2849 5989 te
2874 5935 3124 5996 Christus.
3156 5939 3268 5997 Hoc
3297 5957 3433 6012 quo-
