3960 6520
556 466 664 521 123

556 597 665 647 que
708 574 955 631 convenit
980 573 1059 627 eis
1086 570 1305 631 dicere.
1335 567 1472 622 Deus
1513 584 1613 621 non
1657 578 1727 620 est
1775 575 2120 629 mortuorum,

557 680 643 723 seu
672 670 894 723 vivorum
921 664 1135 739 (Matth.
1160 660 1252 714 9.2.
1280 660 1394 727 ὅθ).
1434 659 1490 714 Si
1539 672 1667 727 ergo
1712 672 1819 710 non
1865 666 1948 709 cst
1992 655 2129 707 Deus

561 772 913 823 mortuorum,
946 755 1211 808 vivamus.
1238 751 1464 820 Quidam
1492 761 1669 804 autem
1697 748 2003 803 existimant
2030 746 2132 799 hoc

561 866 682 907 esse
729 846 1093 921 hyperbolen,
1122 848 1327 899 Avarus
1370 854 1451 897 est
1500 843 1670 898 cultor
1715 841 1997 895 idolorum.
2025 838 2128 892 Sed

561 958 664 997 non
695 950 778 996 est
805 942 908 994 hoc
937 938 1158 993 verbum
1187 936 1532 1009 hyperboles.
1567 932 1663 988 sed
1690 933 1953 987 veritatis.
1984 931 2130 998 Quo-

567 1031 767 1087 modo?
791 1031 836 1087 Δ
866 1030 974 1084 Deo
1000 1027 1220 1083 discedit
1240 1040 1451 1089 avarus,
1477 1026 1613 1080 sicut
1653 1035 1703 1076 ct
1736 1023 2032 1077 idololatra.
2066 1022 2133 1076 Et

565 1137 634 1175 ne
658 1119 931 1176 existimes
957 1118 1153 1174 frustra
1184 1132 1304 1173 esse
1329 1116 1564 1173 dictum:
1593 1124 1675 1169 est
1694 1112 1891 1169 Christi
1918 1122 2135 1167 senten-

566 1213 635 1267 tia
666 1228 785 1281 quae
808 1211 977 1267 dicit:
1029 1209 1149 1265 Non
1175 1209 1383 1281 potestis
1419 1207 1524 1262 Deo
1565 1208 1751 1260 servire
1790 1216 1837 1260 et
1885 1222 2135 1260 mamona:

562 1302 726 1371 (Ibid.
755 1303 811 1361 ο.
852 1302 970 1374 24).
998 1302 1097 1370 Qui
1138 1315 1398 1356 mamonze
1439 1299 1678 1354 serviunt
1722 1298 1761 1363 ¹,
1794 1297 1996 1367 seipsos
2040 1312 2137 1351 ex-

571 1396 817 1463 pulerunt
854 1408 883 1445 a
927 1393 1021 1449 Dei
1065 1392 1317 1447 servitute
1347 1409 1361 1445 :
1386 1390 1476 1459 qui
1516 1397 1693 1443 autem
1732 1388 1848 1456 ejus
1875 1397 2136 1457 negarunt

563 1485 858 1542 dominium
878 1526 894 1551 ,
922 1492 979 1541 et
1025 1498 1157 1539 auro
1182 1484 1234 1538 in
1262 1482 1441 1536 animo
1466 1481 1704 1537 serviunt
1722 1522 1739 1546 ,
1769 1480 2025 1550 liquidum
2054 1489 2137 1532 est

563 1593 661 1634 eos
688 1593 808 1634 esse
836 1578 1072 1634 cultores
1100 1576 1386 1631 idolorum.
1411 1575 1481 1630 At
1510 1590 1613 1629 non
1640 1572 1773 1640 feci,
1801 1573 1993 1643 inquit,
2018 1573 2137 1626 ido-

564 1671 697 1736 lum,
719 1685 891 1739 neque
906 1686 1051 1726 aram
1069 1669 1252 1735 statui,
1285 1682 1457 1740 neque
1480 1682 1609 1722 oves
1626 1666 1941 1731 sacriﬁcavi,
1967 1681 2139 1735 neque

564 1762 745 1815 vinum
771 1761 955 1828 libavi,
983 1760 1077 1816 sed
1102 1759 1382 1814 ecelesiam
1407 1774 1523 1813 sum
1554 1758 1851 1828 ingressus,
1871 1768 1925 1811 et
1951 1772 2140 1811 manus

564 1853 778 1909 extendi
808 1855 1079 1925 unigenito
1106 1852 1201 1909 Dei
1225 1852 1386 1919 Filio,
1414 1861 1470 1908 et
1493 1867 1611 1907 sum
1645 1852 1909 1921 particeps
1936 1860 2138 1923 myste-

568 1947 793 2011 riorum,
821 1954 877 2001 et
902 1960 1122 2016 precum
1152 1945 1322 1999 habeo
1343 1943 1653 1999 societatem
1682 1952 1737 1997 et
1764 1942 1992 1997 aliorum
2020 1957 2143 1995 om-

569 2042 713 2096 nium
763 2055 883 2110 quae
927 2039 1255 2094 conveniunt
1292 2036 1621 2092 Christiano.
1645 2034 1925 2101 Quomodo
1975 2048 2139 2104 ergo,

566 2132 756 2203 inquit,
785 2131 953 2186 adoro
990 2130 1134 2185 idola
1160 2131 1184 2183 ?
1213 2130 1387 2199 Atque
1414 2128 1517 2184 hoc
1540 2127 1755 2197 quidem
1785 2137 1871 2182 est
1908 2136 1963 2183 et
1988 2127 2144 2182 valde

567 2225 890 2290 mirandum,
919 2223 1061 2295 quod
1087 2238 1210 2279 cum
1238 2232 1489 2292 expertus
1532 2237 1681 2279 esses
1720 2232 1775 2277 et
1802 2222 1892 2276 Dei
1936 2230 2145 2292 gustas-

567 2332 657 2373 ses
686 2316 1091 2387 benignitatem,
1120 2323 1174 2370 et
1223 2313 1453 2369 vidisses
1481 2314 1766 2383 benignum
1806 2328 1927 2367 esse
1972 2313 2145 2366 Domi-

569 2424 715 2471 num,
750 2408 1039 2478 benignum
1064 2404 1278 2477 quidem
1325 2404 1618 2470 dimiseris,
1649 2403 1920 2458 crudelem
1964 2414 2144 2458 autem

566 2513 847 2575 tyrannum
884 2500 1165 2556 admiseris
1212 2514 1275 2553 ac
1304 2498 1608 2568 susceperis
1652 2508 1743 2553 :et
1788 2513 1897 2575 pra;
1944 2506 1995 2551 te
2036 2496 2145 2551 fers

566 2594 780 2662 quidem
810 2602 861 2648 te
887 2592 942 2647 ei
966 2605 1071 2647 non
1098 2591 1322 2653 servire,
1354 2605 1412 2644 re
1434 2604 1556 2642 vera
1584 2597 1759 2642 autem
1792 2598 1843 2642 te
1870 2568 2144 2656 subjeciin

569 2686 707 2739 duro
735 2694 787 2739 et
807 2698 1001 2752 aspero
1021 2684 1151 2751 jugo
1195 2682 1395 2735 amoris
1436 2679 1696 2748 pecuniae.
1734 2678 1981 2732 Nondum
2013 2677 2143 2731 mihi

568 2778 750 2832 dixisti
780 2774 925 2845 quod
951 2789 981 2827 a
1012 2784 1064 2830 te
1087 2782 1235 2827 recte
1261 2774 1329 2827 sit
1358 2772 1575 2835 factum,
1605 2770 1698 2824 sed
1733 2769 1871 2823 dona
1912 2768 2143 2824 Domini.

572 2870 667 2924 Dic
695 2866 823 2921 mihi
845 2908 860 2932 ,
890 2879 1074 2935 quaeso
1093 2906 1110 2931 ,
1139 2864 1404 2918 undenam
1445 2861 1745 2931 judicamus
1786 2860 2048 2914 militem?
2076 2875 2145 2913 an

570 2978 638 3033 ex
664 2975 729 3014 eo
747 3000 766 3025 ,
790 2958 934 3028 quod
960 2966 1019 3011 ut
1046 2956 1264 3011 satelles
1289 2956 1447 3025 stipet
1474 2969 1653 3023 regem
1674 2994 1688 3018 ,
1716 2962 1771 3008 et
1796 2953 1862 3007 ab
1882 2967 1948 3007 eo
1973 2953 2148 3007 alatur

571 3064 627 3107 ot
650 3054 769 3119 cius
797 3066 918 3106 esse
944 3049 1151 3105 dicatur
1179 3065 1195 3113 ;
1225 3064 1291 3103 an
1322 3064 1388 3103 ex
1414 3062 1502 3112 eo,
1544 3047 1686 3116 quod
1716 3062 1821 3100 non
1852 3046 1903 3100 in
1931 3062 2051 3101 eum
2078 3047 2149 3101 sit

474 3192 481 3195 .
572 3146 709 3201 bene
750 3142 1007 3207 allectus,
1034 3140 1129 3195 sed
1157 3155 1266 3210 prae
1292 3153 1351 3195 se
1378 3136 1515 3193 ferat
1539 3153 1597 3192 se
1628 3138 1679 3192 in
1707 3137 1849 3191 illius
1878 3152 1997 3192 esse
2028 3153 2150 3206 par-

575 3237 717 3289 tibus
742 3243 797 3288 et
824 3233 985 3289 rebus
1009 3230 1125 3301 ejus
1149 3230 1349 3296 favere,
1378 3230 1716 3284 inimicorum
1737 3236 1914 3283 autem
1947 3244 2034 3283 res
2052 3244 2147 3296 ge-

574 3329 694 3384 rat?
720 3328 894 3391 Patet,
928 3342 993 3381 eo
1033 3324 1175 3394 quod
1210 3324 1351 3394 regis
1380 3322 1594 3377 satelles
1623 3331 1725 3376 est.
1756 3322 1879 3376 Ideo
1918 3322 2146 3392 graviori

572 3420 837 3489 supplicio
863 3418 1055 3487 dignus
1074 3426 1177 3481 est,
1206 3430 1363 3485 quam
1391 3414 1436 3468 si
1463 3414 1688 3481 abrupto
1709 3414 1838 3483 jugo
1858 3414 2016 3483 regi:e
2037 3428 2150 3467 ser-

573 3513 758 3565 vitutis
783 3526 844 3567 se
869 3510 1098 3567 inimicis
1121 3507 1431 3563 dedidisset.
1456 3506 1524 3563 Et
1552 3516 1604 3561 tu
1632 3506 1796 3560 Deum
1826 3506 2147 3559 contumelia

573 3602 739 3656 afﬁcis
763 3611 1032 3670 tamquam
1063 3600 1375 3663 idololatra,
1398 3612 1501 3651 non
1531 3614 1638 3651 uno
1682 3613 1776 3652 ore
1810 3608 1921 3661 tuo,
1945 3597 2037 3652 sed
2069 3599 2149 3651 in-

575 3694 983 3751 numerabilium
1003 3733 1021 3759 ,
1051 3693 1245 3763 quibus
1275 3690 1407 3745 facta
1436 3700 1523 3745 est
1548 3690 1764 3759 injuria.
1796 3693 1863 3744 At
1898 3705 2003 3745 non
2031 3700 2146 3753 est,

576 3787 765 3856 inquit,
790 3786 1089 3841 idololatra.
1112 3782 1338 3853 Quando
1362 3782 1520 3853 igitur
1545 3780 1725 3836 dicunt
1750 3781 1921 3836 Gnaei
1948 3821 1965 3847 ,
1995 3780 2152 3836 Chri-

576 3879 783 3932 stianus
826 3877 925 3930 iste
951 3890 1178 3941 avarus,
1213 3886 1338 3929 tunc
1381 3889 1489 3930 non
1525 3873 1639 3943 ipse
1684 3874 1831 3928 solus
1861 3873 2057 3942 probro
2098 3883 2153 3927 et

579 3968 901 4023 contumelia
928 3965 1091 4021 allicit
1117 3982 1209 4035 per
1228 3982 1292 4023 ea
1321 3981 1441 4035 qua:
1469 3964 1612 4024 facit,
1642 3965 1735 4018 sed
1765 3974 1818 4019 et
1843 3979 1938 4019 eos
1963 3965 2153 4032 quibus

582 4063 722 4120 facta
750 4071 832 4114 cst
856 4059 1045 4130 injuria
1077 4074 1225 4127 srepe
1250 4058 1393 4127 cogit
1422 4058 1524 4111 hoc
1556 4056 1734 4111 dicere
1760 4075 1773 4112 :
1805 4057 1947 4126 quod
1976 4058 2019 4111 si
2052 4057 2154 4111 hoc

583 4168 689 4209 non
716 4152 927 4218 dicunt,
945 4151 1159 4206 illorum
1186 4148 1368 4218 pietati
1402 4148 1502 4202 hoc
1529 4158 1611 4203 est
1640 4147 2025 4217 imputandum.
2048 4151 2155 4203 An-

585 4261 689 4302 non
722 4245 964 4301 videmus
991 4257 1078 4297 res
1101 4242 1180 4297 sic
1209 4240 1363 4295 fieri?
1390 4240 1527 4308 Quid
1568 4250 1649 4294 cst
1674 4239 1816 4294 aliud
1845 4239 2156 4295 idololatra?

584 4351 762 4395 annon
804 4336 916 4403 ipse
939 4348 1151 4405 quoque
1175 4346 1318 4402 saepe
1340 4331 1530 4386 adorat
1556 4331 1681 4385 vitia
1709 4339 1765 4385 ut
1789 4331 1879 4401 qui
1919 4331 2024 4385 illis
2050 4346 2157 4386 non

586 4426 852 4494 imperet?
890 4424 959 4480 Ut
1000 4423 1233 4493 exempli
1275 4436 1433 4477 causa
1460 4463 1474 4485 ,
1520 4420 1733 4490 quando
1765 4420 1989 4477 dicimus
2036 4437 2158 4475 eum

583 4518 807 4571 adorare
826 4515 985 4581 idola,
1008 4514 1146 4578 Non,
1177 4515 1362 4583 inquit,
1381 4512 1474 4568 sed
1496 4512 1775 4575 Venerem,
1800 4511 1892 4566 sed
1917 4512 2155 4566 Martem.

586 4608 653 4662 Et
678 4608 721 4660 si
746 4606 1072 4669 dixerimus,
1101 4606 1361 4671 Quantam
1402 4612 1482 4659 est
1526 4602 1641 4657 hazc
1672 4602 1892 4657 Venus?
1918 4604 2005 4673 qui
2036 4613 2163 4658 sunt

587 4713 654 4752 ex
683 4697 760 4750 eis
787 4698 1059 4765 graviores
1083 4696 1288 4758 dicunt,
1312 4694 1565 4763 Voluptas
1597 4711 1609 4745 :
1645 4694 1712 4747 Et
1736 4695 1855 4763 quis
1881 4694 2053 4747 Mars?
2081 4694 2160 4748 lra

591 4798 648 4842 et
688 4789 919 4841 animus.
962 4786 1037 4841 Ita
1079 4788 1237 4841 etiam
1287 4797 1349 4841 tu
1387 4802 1710 4843 mamonam.
1738 4789 1793 4841 Si
1841 4789 2163 4853 dixerimus,

538 4908 541 4909 ν
594 4881 822 4948 Quinam
870 4888 951 4932 est
996 4878 1276 4934 mamona?
1304 4877 1539 4935 Avaritia
1570 4895 1584 4932 :
1614 4887 1669 4931 et
1691 4888 1744 4932 tu
1771 4894 1888 4932 eam
1937 4879 2165 4933 adoras?

594 4969 711 5027 Non
740 4969 935 5034 adoro,
984 4968 1172 5038 inquit.
1204 4969 1421 5039 Quare?
1449 4968 1702 5033 quoniam
1748 4984 1850 5021 non
1900 4981 1950 5024 Ie
1994 4971 2165 5039 ipsum

596 5060 824 5115 inflectis
846 5070 901 5115 et
929 5061 1221 5115 incurvus?
1248 5059 1416 5115 Multo
1440 5061 1608 5130 magis
1628 5059 1821 5113 adoras
1850 5060 2090 5128 perlaeta
2114 5070 2168 5115 et

598 5165 686 5205 res
714 5151 860 5220 ipsas
884 5167 897 5213 ;
931 5150 1045 5204 lucc
1068 5149 1210 5205 enim
1233 5159 1316 5205 est
1332 5154 1504 5221 major
1519 5150 1779 5206 adoratio.
1799 5150 1865 5205 Et
1890 5160 1948 5205 ut
1970 5151 2167 5214 discas,

596 5243 718 5298 vide
749 5243 800 5296 in
832 5242 962 5296 Deo.
987 5242 1213 5309 Quinam
1258 5257 1378 5297 eum
1431 5241 1599 5313 magis
1642 5242 1896 5307 adorant,
1928 5242 2034 5297 iine
2080 5241 2169 5311 qui

596 5335 766 5387 solum
797 5343 939 5387 stant
966 5334 1017 5386 in
1046 5334 1317 5402 precibus,
1340 5350 1407 5388 an
1431 5333 1519 5407 qui
1548 5332 1750 5387 faciunt
1774 5333 1890 5402 ejus
1919 5334 2170 5388 volunta-

600 5424 753 5478 tem?
782 5423 963 5479 Palam
1016 5433 1119 5489 est,
1148 5424 1289 5494 quod
1336 5424 1444 5478 isti.
1479 5422 1551 5477 Ita
1584 5424 1743 5477 etiam
1791 5426 1841 5477 in
1889 5424 2167 5488 mammia,

601 5517 691 5589 qui
734 5515 938 5571 faciunt
966 5516 1082 5585 ejus
1136 5518 1501 5583 voluntatem,
1544 5520 1711 5587 magis
1761 5533 1881 5573 eum
1928 5517 2170 5573 adorant.

604 5610 762 5677 Atqui
810 5609 886 5663 illi
916 5611 1004 5679 qui
1032 5609 1257 5664 adorant
1297 5608 1610 5665 all'ectiones
1636 5620 1690 5663 ct
1729 5609 1853 5661 vitia
1876 5650 1889 5673 ,
1924 5623 2068 5677 saepe
2109 5609 2177 5662 ab

605 5701 713 5757 illis
757 5712 882 5757 sntit
937 5704 1128 5758 remoti
1174 5722 1186 5757 :
1232 5702 1435 5759 videris
1476 5703 1618 5759 enim
1653 5703 1913 5757 cultorem
1961 5700 2178 5768 Martis,

670 5834 687 5865 ί
726 5835 778 5885 in
809 5849 905 5899 uno
924 5836 1099 5899 Codice
1128 5834 1389 5899 legitur....
1421 5855 1445 5882 ε
1466 5844 1780 5899 aminneum.
1803 5852 1826 5879 ι
1857 5834 1989 5896 (mod
2010 5834 2054 5884 si
2085 5848 2178 5885 non

606 5902 667 5956 sit
695 5897 912 5957 possibile
933 5897 1108 5948 seri-ire
1134 5897 1231 5948 Deo
1252 5906 1297 5948 et
1330 5910 1580 5957 meum,
1602 5897 1684 5959 qui
1706 5909 1956 5957 mamma,
1984 5906 2083 5950 etc.

1251 459 1306 513 S.
1345 454 1617 513 JOANNIS
1651 450 2120 509 CllRYSOSTOMl

2254 450 2467 509 CBIEP.
2506 453 2713 512 CONS'I
2724 455 3024 514 ANTlNOP.
3658 469 3731 523 l2.

2238 563 2368 618 iram
2416 581 2557 635 δεῖρε
2608 568 2821 624 vincere
2840 584 2902 625 ac
2945 570 3236 639 reprimere
3270 588 3282 621 :
3317 586 3367 624 tn
3397 582 3442 627 te
3482 586 3632 632 autem
3668 601 3732 641 res

2234 670 2339 710 non
2367 657 2434 711 ita
2458 672 2516 712 se
2544 660 2727 726 habet,
2755 656 2849 716 sed
2881 672 2931 716 te
2950 662 3001 715 in
3020 663 3328 717 servitutem
3357 664 3459 718 vitii
3478 670 3733 745 tuiredigts,

2234 746 2305 799 At
2333 762 2461 801 Oves
2483 764 2589 802 non
2612 749 2857 821 jugulas?
2884 752 2989 807 Sed
3013 752 3222 824 jugulas
3253 754 3550 813 homineset
3574 766 3735 823 animas

2235 837 2438 892 ratione
2453 840 2818 908 pncditas,bas
2830 843 3039 911 quidem
3057 843 3337 911 fame,illas
3346 851 3719 912 veromaledictis

2237 928 2351 984 lloc
2367 933 2626 988 sacriﬁcio
2661 934 2791 988 nihil
2816 946 2899 990 est
2923 938 3092 1007 magis
3119 936 3449 1006 bacchicum,
3469 942 3588 998 nihil
3608 953 3737 1017 magis

2238 1020 2503 1075 insanum.
2533 1023 2662 1088 Quis
2692 1040 2940 1094 umquam
2972 1026 3103 1081 vidit
3145 1027 3391 1097 jugulare
3418 1032 3634 1088 animas?
3655 1039 3737 1092 Ex-

2239 1113 2493 1167 secranda
2518 1123 2602 1169 est
2628 1130 2719 1170 ara
2743 1117 3001 1173 avaritiae.
3027 1118 3159 1173 Nam
3183 1119 3252 1174 ad
3284 1119 3417 1175 hanc
3449 1108 3582 1178 aram
3607 1128 3738 1184 idolo-

2240 1219 2358 1257 rum
2384 1205 2430 1259 si
2462 1208 2698 1273 veneris,
2726 1208 2924 1264 videris
2953 1225 3071 1264 eam
3097 1211 3249 1271 olere
3276 1214 3569 1283 Sanguinem
3592 1234 3739 1288 capra-

2239 1311 2355 1351 rum
2378 1307 2432 1351 et
2459 1297 2650 1364 boum;
2683 1300 2749 1355 ad
2786 1302 3023 1357 avaritiae
3065 1313 3241 1358 autem
3266 1318 3412 1359 aram
3459 1308 3502 1362 si
3541 1315 3741 1379 veneris,

2242 1388 2443 1443 videbis
2454 1405 2573 1445 eam
2591 1393 2823 1461 graviter
2844 1394 3134 1463 spirantem
3152 1394 3437 1449 humanum
3455 1400 3740 1469 sanguinem:

2242 1477 2286 1529 si
2319 1477 2405 1531 hic
2452 1480 2701 1546 steteris,
2735 1496 2839 1534 non
2881 1482 3085 1537 videbis
3110 1483 3301 1538 ardere
3325 1485 3437 1539 alas
3462 1489 3647 1552 avium,
3671 1509 3745 1547 nec

2241 1571 2409 1625 emitti
2438 1587 2689 1641 vaporem
2736 1583 2790 1628 et
2830 1574 3033 1629 fumum
3059 1616 3074 1639 ,
3105 1574 3201 1630 sed
3240 1576 3414 1646 perire
3448 1592 3649 1649 corpora
3673 1583 3745 1639 hu-

2244 1679 2423 1718 mana.
2451 1664 2580 1718 Nam
2612 1666 2700 1720 alii
2728 1667 2944 1737 quidem
2973 1683 3033 1723 se
3080 1667 3377 1739 precipites
3401 1670 3662 1740 dejiciunt,
3682 1678 3748 1731 alii

2244 1763 2427 1822 aptant
2452 1755 2721 1826 laqueum,
2748 1758 2838 1812 alii
2868 1774 2963 1827 per
2990 1769 3171 1828 guttur
3207 1774 3390 1815 ensem
3421 1764 3745 1835 transadigam.

2250 1846 2434 1901 Vidisti
2460 1848 2696 1904 crudelia
2723 1859 2774 1905 et
2827 1850 3112 1905 inhumana
3160 1851 3458 1907 sacriﬁcia?
3486 1853 3572 1908 Vis
3599 1857 3668 1910 his
3690 1859 3748 1911 vi-

2244 1937 2373 1993 dere
2400 1940 2686 2008 graviora?
2722 1940 2836 2010 Ego
2877 1940 2971 1995 tibi
3023 1941 3298 1997 ostendam
3323 1983 3339 2007 ,
3369 1958 3469 1999 non
3494 1944 3591 2014 jam
3618 1947 3749 2001 homi-

2246 2045 2371 2083 num
2399 2044 2644 2101 eorpora,
2673 2030 2767 2085 sed
2784 2033 2988 2086 animas
3018 2032 3127 2086 illic
3171 2034 3416 2087 mactari.
3452 2033 3613 2089 Potest
3644 2038 3754 2091 enim

2248 2122 2463 2175 mactari
2492 2122 2665 2175 anima
2695 2137 2758 2177 ea
2778 2122 2926 2177 caede
2953 2138 3073 2191 qua:
3102 2122 3177 2178 illi
3201 2125 3450 2178 convenit
3473 2143 3486 2179 :
3510 2126 3753 2181 siceteuiiu

2246 2223 2330 2269 est
2358 2229 2503 2269 mors
2528 2215 2790 2283 corporis,
2820 2215 2891 2269 ita
2917 2225 3001 2270 est
3021 2230 3167 2269 mors
3190 2218 3385 2270 animae
3417 2234 3431 2271 :
3457 2218 3624 2271 Anima
3657 2220 3755 2272 eum

2245 2322 2360 2374 qua!
2384 2315 2554 2376 peccat
2572 2345 2587 2369 ,
2616 2306 2823 2376 inquit,
2849 2307 2963 2376 ipsa
2980 2308 3221 2361 morietur
3243 2307 3457 2378 (Ezech.
3480 2309 3561 2364 l8.
3585 2310 3651 2379 ι).
3670 2310 3756 2364 Non

2246 2406 2329 2453 est
2352 2399 2521 2468 qualis
2546 2412 2692 2452 mors
2718 2398 2979 2468 corporis,
3009 2398 3103 2454 sed
3128 2408 3211 2454 est
3238 2399 3399 2469 longe
3424 2401 3623 2470 gravior
3642 2418 3754 2455 iners

2238 2492 2456 2545 animus.
2480 2491 2610 2546 Nam
2636 2492 2724 2546 illa
2753 2492 2968 2562 quidem
2994 2507 3140 2547 mors
3154 2495 3419 2565 corporis,
3440 2510 3552 2550 cum
3577 2496 3759 2548 animam

2247 2592 2303 2637 et
2330 2598 2524 2651 corpus
2562 2583 2789 2637 alterum
2829 2585 2896 2638 ab
2923 2584 3093 2639 altero
3116 2584 3467 2651 dissolverit,
3498 2585 3570 2639 illi
3593 2586 3760 2655 quidem

2247 2676 2401 2730 affert
2428 2676 2663 2746 requiem
2680 2690 2709 2729 a
2740 2676 2920 2730 multis
2948 2678 3092 2732 curis
3119 2687 3173 2733 et
3196 2678 3505 2743 laboribus;
3532 2678 3651 2733 hanc
3668 2694 3763 2733 vero

2247 2767 2313 2820 ad
2346 2768 2515 2820 locum
2547 2766 2883 2822 manifestum
2928 2769 3238 2823 transmittit
3264 2786 3279 2823 :
3302 2768 3501 2824 deinde
3530 2784 3637 2824 cum
3660 2779 3761 2822 teut-

2250 2874 2379 2928 pore
2411 2859 2568 2913 fuerit
2613 2858 2930 2913 dissolutum
2962 2870 3016 2914 et
3064 2860 3254 2929 spiritu
3288 2862 3580 2932 privatum,
3623 2874 3766 2914 rursus

2248 2961 2597 3021 congregatur
2640 2967 2762 3007 cum
2827 2952 3272 3023 incorruptione,
3320 2963 3379 3009 et
3429 2968 3571 3007 suam
3620 2953 3764 3020 recipit

2248 3044 2500 3097 animam.

2320 3136 2375 3189 5.
2410 3140 2580 3206 Atque
2605 3135 2725 3190 talis
2748 3136 2962 3206 quidem
2989 3145 3070 3191 est
3092 3150 3235 3190 mors
3260 3136 3524 3207 corporis.
3548 3135 3670 3189 Mors
3693 3150 3764 3185 au-

2252 3238 2356 3285 tem
2387 3231 2577 3283 anima:
2605 3238 2687 3284 est
2734 3230 2997 3285 horrenda
3028 3239 3084 3284 et
3130 3229 3411 3284 terribilis.
3464 3227 3573 3283 Non
3598 3229 3713 3282 enim
3737 3225 3769 3277 si

2251 3320 2409 3375 fuerit
2449 3320 2705 3375 dissoluta
2730 3361 2747 3384 ,
2774 3335 2892 3375 eam
2924 3319 3235 3375 transmittit
3283 3319 3428 3374 sicut
3470 3334 3679 3387 corpus,
3701 3314 3767 3369 sed

2249 3427 2366 3468 eam
2394 3428 2578 3467 rursus
2598 3413 2865 3483 alligatam
2889 3412 3121 3483 corpori,
3146 3412 3198 3466 in
3220 3413 3364 3480 quod
3387 3412 3539 3467 cadet
3555 3408 3769 3467 interitus,

2250 3520 2367 3559 eam
2409 3503 2642 3559 immittit
2692 3504 2747 3558 in
2791 3504 2985 3574 ignem,
3031 3504 3122 3573 qui
3172 3518 3275 3557 non
3330 3513 3505 3573 potest
3539 3499 3770 3569 exstingui.

2254 3599 2378 3654 llzec
2428 3606 2511 3653 est
2567 3612 2694 3666 ergo
2746 3612 2893 3651 mors
2948 3596 3160 3650 animae.
3208 3595 3360 3650 Sicut
3408 3610 3534 3665 ergo
3553 3602 3628 3647 est
3667 3604 3776 3644 mors

2251 3690 2475 3755 animae,
2506 3690 2573 3743 ita
2605 3700 2685 3741 est
2719 3690 2875 3742 etiam
2904 3688 3080 3742 caades
3106 3686 3321 3740 auiuue.
3344 3686 3483 3755 Quid
3522 3695 3600 3740 est
3642 3682 3774 3737 cades

2252 3785 2529 3855 corporis?
2580 3783 2747 3838 Morte
2797 3798 2917 3838 esse
2964 3781 3249 3847 atiectum,
3289 3790 3350 3836 et
3388 3780 3656 3849 abruptum
3689 3787 3777 3830 esse

2253 3876 2562 3948 operatione
2624 3890 2743 3945 qua:
2811 3884 2895 3930 est
2953 3889 3020 3929 ex
3067 3873 3263 3928 anima.
3338 3872 3478 3941 Quid
3527 3880 3605 3926 est
3644 3868 3777 3924 aedes

2253 3966 2487 4025 animae?
2531 3966 2645 4036 Ipsa
2690 3980 2901 4036 quoque
2928 3974 3012 4020 est
3044 3963 3433 4019 mortiﬁcatio?
3463 3962 3595 4031 Quid
3618 3968 3688 4015 est
3709 3973 3779 4011 an-

2258 4072 2365 4116 tem
2389 4058 2728 4115 mortiflcatio
2774 4059 3002 4113 animae?
3046 4058 3195 4113 Sicut
3236 4073 3439 4128 corpus
3493 4067 3613 4111 tunc
3652 4062 3781 4107 morte

2257 4153 2509 4217 afﬁcitur,
2533 4152 2745 4224 quando
2782 4153 2957 4207 anima
3000 4150 3055 4206 id
3082 4150 3359 4222 reliquerit
3383 4152 3644 4206 desertum
3670 4163 3695 4201 a
3716 4161 3782 4200 sua

2258 4246 2570 4316 operatione
2598 4263 2611 4299 :
2638 4245 2707 4301 ita
2746 4245 2908 4302 etiam
2948 4253 3075 4300 tunc
3120 4254 3293 4300 morte
3345 4243 3577 4299 afﬁcitur
3618 4239 3781 4295 anima.

2259 4339 2472 4410 quando
2512 4354 2627 4394 eam
2673 4354 2703 4393 a
2748 4346 2843 4393 sua
2890 4338 3199 4408 Operatione
3241 4338 3519 4393 desertam
3566 4330 3787 4404 reliquerit

2262 4428 2495 4500 Spiritus
2526 4438 2759 4483 sanctus.
2790 4428 2883 4483 liae
2906 4427 3083 4483 caedes
3108 4437 3164 4482 et
3191 4432 3550 4483 mactationes
3574 4436 3684 4481 sunt
3708 4437 3787 4477 ma-

2264 4522 2405 4575 xime
2422 4519 2489 4575 ad
2509 4535 2654 4573 aram
2677 4518 2909 4573 avaritiae
2930 4539 2943 4575 :
2963 4532 3068 4573 non
3089 4518 3353 4573 satiantur
3374 4533 3551 4589 neque
3570 4533 3625 4572 se
3642 4516 3791 4571 sistunt

2267 4629 2434 4682 usque
2460 4611 2527 4666 ad
2556 4611 2867 4678 sanguinem
2897 4610 3193 4675 hominum,
3225 4609 3321 4664 sed
3354 4610 3461 4663 nisi
3487 4608 3639 4663 etiam
3666 4605 3790 4674 ipsam

2268 4701 2651 4759 sacriﬁcaveris
2692 4702 2953 4767 animam,
3002 4715 3108 4755 non
3158 4700 3419 4770 impletur
3446 4715 3538 4755 ara
3567 4695 3791 4754 avaritia.

2269 4796 2371 4850 nisi
2399 4794 2673 4863 utriusque
2702 4792 2971 4863 acceperit
2990 4794 3196 4846 animas
3218 4833 3232 4853 .
3262 4808 3465 4862 nempe
3496 4795 3608 4861 ejus
3636 4789 3709 4857 qui
3731 4802 3793 4839 sa-

2268 4887 2473 4943 crificat
2498 4893 2551 4939 et
2571 4884 2688 4954 ejus
2712 4884 2800 4953 qui
2827 4884 3178 4939 sacriﬁcatur.
3210 4882 3349 4938 Eum
3375 4884 3526 4940 enim
3556 4881 3642 4952 qui
3667 4876 3796 4933 sacri-

2272 4979 2393 5033 licat
2432 4984 2645 5046 oportet
2687 4974 2914 5045 primum
2944 4988 3063 5029 esse
3105 4973 3506 5041 sacriﬁcatum;
3549 4983 3602 5029 ct
3639 4973 3700 5026 ita
3736 4968 3800 5020 ille

2272 5067 2537 5123 sacriﬁcat
2561 5108 2581 5132 ,
2609 5076 2663 5121 et
2694 5077 2935 5122 mortuus
2962 5065 3227 5120 sacrificat
3251 5082 3380 5121 eum
3422 5067 3518 5137 qui
3547 5075 3663 5121 tunc
3687 5060 3801 5114 vivit.

2272 5158 2494 5226 Quando
2515 5159 2655 5213 enim
2680 5158 2974 5213 maledictis
3001 5158 3311 5224 insectatur,
3325 5159 3547 5227 quando
3566 5154 3749 5228 probris
3765 5161 3803 5202 et

2275 5247 2529 5305 conviciis
2575 5248 2814 5318 appetit,
2843 5248 3053 5317 quando
3100 5260 3387 5305 succenset
3431 5260 3488 5305 et
3516 5248 3805 5318 indignatur.

2277 5356 2453 5399 annon
2486 5339 2569 5396 ha:
2596 5341 2762 5411 plaga:
2790 5340 2983 5396 anima:
3003 5350 3124 5395 sunt
3153 5341 3534 5397 incumbiles?
3561 5340 3708 5394 Vides
3730 5347 3808 5387 nul

2277 5450 2397 5491 esse
2424 5433 2626 5489 dictum
2658 5432 3108 5504 hyperbolicum?

2351 5525 2629 5579 Avaritiam
2675 5539 2784 5578 esse
2828 5522 3169 5577 idololatriam
3195 5522 3467 5591 probatur.
3491 5553 3561 5564 -
3582 5522 3667 5575 Vis
3689 5517 3812 5573 etiam

2281 5614 2422 5668 aliud
2450 5613 2655 5677 audire,
2685 5623 2737 5668 et
2766 5612 2974 5668 discere
2998 5613 3262 5682 quomodo
3284 5614 3517 5668 avaritia
3541 5613 3609 5667 sit
3636 5606 3813 5663 idolola-

2285 5706 2383 5760 tria
2398 5716 2454 5759 et
2471 5704 2617 5759 cultu
2634 5703 2898 5759 idolorum
2914 5705 3163 5775 gravior?
3183 5704 3495 5761 idololatria
3520 5705 3727 5758 adorant
3751 5696 3816 5749 θυι
3854 5690 3867 5732 ³

2285 5806 2557 5853 creaturas
2582 5814 2594 5848 :
2621 5794 2686 5849 Et
2714 5797 2975 5851 coluerunt
2997 5840 3010 5861 ,
3045 5797 3249 5868 inquit,
3274 5808 3325 5851 et
3353 5799 3632 5853 servierunt
3655 5801 3815 5847 cream-

2291 5904 2362 5943 m
2376 5889 2538 5958 magis
2559 5904 2711 5957 quam
2729 5887 2953 5941 Creatori
2980 5887 3155 5958 (Rom.
3182 5890 3231 5945 l.
3259 5888 3362 5960 25)
3390 5906 3404 5943 :
3439 5899 3493 5944 tu
3521 5900 3687 5943 autem
3711 5896 3818 5937 tum
