3974 6498
202 445 302 502 I25

197 568 254 621 δι
278 565 584 636 ὑπερϐολὴν
615 561 753 616 εἷναί
787 582 920 633 φασι
949 564 1026 627 τὸ,
1081 565 1138 617 Ὀ
1170 565 1500 636 πλεονέκτης
1544 565 1764 619 είδωλο·

198 654 402 724 λάτρης
451 654 620 706 ἐστίν.
664 651 803 706 Ἀλλ’
828 652 928 706 ούκ
976 651 1122 706 ἔστιν
1164 653 1470 724 ὑπερϐολῆς
1501 652 1562 706 τὸ
1591 654 1761 724 ρῆμα,

198 741 335 796 ἀλλά
361 741 639 812 ἀληθείας.
663 741 786 804 Πῶς
817 741 910 794 καὶ
938 741 1043 792 τίνι
1069 739 1258 811 τρόπῳ
1285 758 1299 805 ;
1331 737 1454 794 Ὀτι
1477 740 1765 808 ἀφίσταται

198 827 413 882 ἀπὸτοῦ
445 826 580 880 Θεοῦ
605 829 634 880 6
660 826 1010 896 πλεονέκτης,
1034 827 1286 898 καθάπερ
1304 828 1331 879 6
1352 827 1764 900 εἰδωλολάτρης.

201 915 308 969 Καὶ
344 916 432 967 ἵνα
467 916 541 984 μὴ
568 914 797 984 νομίσῃς
825 913 1012 976 ἁπλῶς
1045 914 1317 984 εἰρῆσθαι,
1354 915 1631 984 ἀπόφασίς
1650 917 1767 968 ἐστι

199 1001 289 1055 τοῦ
325 1000 566 1070 Χριστοῦ
595 1001 828 1068 λέγουσα
850 1018 863 1030 ·
891 1003 974 1054 Οὐ
1002 1000 1266 1056 δύνασθε
1289 1000 1410 1067 Θεῷ
1431 1002 1767 1066 δουλεύειν,

200 1090 296 1143 καί
333 1088 656 1159 μαμμανᾷ.
693 1090 756 1142 Ol
806 1089 1089 1160 μαμμωνᾷ
1121 1098 1139 1119 ⁸
1176 1088 1540 1155 δουλεύοντες,
1579 1089 1770 1154 ἐξέϐα-

199 1179 289 1230 λον
342 1178 571 1239 ἑαυτοὺς
609 1175 710 1245 τῆς
751 1176 845 1229 τοῦ
870 1176 1005 1229 Θεοῦ
1041 1175 1284 1239 δουλείας
1312 1192 1326 1206 ⁸
1362 1177 1411 1229 οἱ
1440 1176 1496 1229 δὲ
1529 1176 1770 1248 ἀρνησά-

205 1282 363 1337 μενοι
394 1264 561 1319 αύτοῦ
593 1265 690 1336 τὴν
715 1265 1052 1328 δεσποτείαν,
1086 1268 1179 1320 καὶ
1211 1266 1396 1336 χρυσῷ
1425 1265 1773 1330 δουλεύοντες

201 1351 420 1422 ἀψύχῳ,
475 1351 693 1423 εὔδηλον
741 1353 822 1405 δτι
883 1352 1265 1424 εἰδωλολάτραι
1315 1353 1470 1408 εἰσίν.
1513 1353 1774 1407 Ἀλλόύκ

202 1441 443 1509 ἐποίησα
471 1480 488 1503 ,
539 1442 736 1510 φησὶν,
783 1440 1038 1504 εἴδωλον,
1088 1441 1211 1494 οὐδὲ
1270 1441 1476 1510 έστησα
1543 1439 1727 1511 βωμὸν
1756 1481 1772 1505 ,

201 1529 326 1584 οὐδὲ
361 1527 637 1583 κατέθυσα
666 1529 912 1598 πρόϐατα
934 1570 950 1593 ,
987 1529 1109 1582 οὐδὲ
1132 1525 1275 1582 οἶνον
1296 1529 1624 1591 ἐπέσπεισα,
1655 1527 1774 1581 ἀλλ’

202 1623 281 1683 είς
318 1619 620 1688 ἐκκλησίαν
655 1619 920 1688 είσῆλθον,
945 1619 1040 1672 καὶ
1067 1621 1256 1689 χεῖρας
1276 1617 1527 1672 ἀνέτεινα
1554 1615 1630 1687 τῷ
1663 1633 1764 1685 μο-

203 1707 427 1774 νογενετ
451 1705 545 1759 τοῦ
577 1705 714 1759 Θεοῦ
744 1706 925 1768 Παιδί,
949 1706 1044 1758 καὶ
1076 1705 1389 1776 μυστηρίων
1423 1705 1658 1774 μετέχω,
1680 1703 1776 1756 καὶ

206 1793 382 1863 εὐχῆς
413 1793 678 1855 κοινωνῶ,
719 1781 813 1846 καὶ
843 1793 951 1845 τῶν
991 1793 1165 1846 ἄλλων
1206 1793 1481 1850 ἁπάντων.
1512 1785 1586 1844 ὧν
1615 1807 1778 1862 προσ-

205 1888 304 1956 ῆκε
349 1881 443 1933 τὸν
478 1882 822 1950 Χριστιανόν.
857 1880 980 1943 Πῶς
1014 1876 1127 1944 οὖν,
1161 1881 1346 1949 φησὶν,
1381 1879 1572 1933 εἴδωλα
1606 1895 1777 1947 προσ-

206 1976 402 2040 κυνῶς
443 1971 616 2026 Τοῦτο
670 1969 767 2038 μὲν
796 1966 889 2022 οὖν
935 1969 1064 2021 αὐτὸ
1102 1969 1197 2021 καὶ
1243 1968 1305 2020 τὸ
1334 1966 1779 2038 θαυμαστότατόν

212 2066 390 2127 ἔστιν,
419 2063 503 2114 ὅτι
533 2061 728 2128 πεῖραν
753 2055 933 2109 λαϐὼν
967 2057 1060 2108 καὶ
1095 2055 1433 2126 γευσάμενος
1461 2053 1562 2120 τῆς
1585 2054 1778 2121 φιλαν-

206 2150 461 2225 θρωπίας
501 2147 596 2200 τοῦ
635 2144 772 2198 Θεοῦ
795 2185 809 2208 ,
846 2144 940 2197 xal
985 2143 1106 2196 ἰδὼν
1133 2144 1214 2196 ὅτι
1243 2143 1477 2213 χρηστὸς
1498 2142 1527 2194 6
1555 2140 1779 2211 Κύριος,

206 2241 297 2293 τὸν
323 2237 426 2307 μὲν
456 2233 689 2305 χρηστὸν
721 2231 929 2296 εἴασας,
959 2230 1050 2284 τὸν
1079 2230 1136 2284 δὲ
1186 2229 1337 2299 ὠμὸν
1363 2230 1626 2299 τύραννον
1655 2245 1783 2282 κατ-

206 2327 378 2392 εδέξω
403 2364 419 2387 ,
467 2319 736 2394 [1291καὶ
773 2321 1042 2389 προσποιῇ
1077 2317 1173 2388 μὲν
1196 2317 1368 2386 τούτῳ
1402 2315 1690 2378 δουλεύειν,
1714 2317 1782 2386 τῇ

206 2414 265 2467 δὲ
295 2410 534 2482 ἀληθεία
561 2407 637 2478 τῷ
665 2405 888 2476 σκληρῷ
914 2404 1062 2473 ζυγῷ
1091 2405 1186 2457 καὶ
1215 2402 1435 2474 χαλεπῷ
1459 2403 1560 2472 τῆς
1588 2403 1784 2471 φιλαρ-

207 2499 406 2568 γυρίας
433 2495 629 2550 σαυτὸν
658 2492 945 2555 ὑπέϐαλες.
985 2489 1152 2543 Οὔπω
1189 2507 1278 2560 μοι
1320 2490 1410 2542 σὸν
1453 2486 1613 2552 εἶπας
1654 2505 1786 2540 κατ-

209 2586 468 2656 όρθωμα,
495 2581 631 2634 ἀλλὰ
656 2581 721 2633 τὰ
748 2578 898 2650 δῶρα
922 2577 1017 2631 τοῦ
1049 2578 1340 2630 Δεσπότου.
1369 2576 1504 2631 Εἰπὲ
1533 2575 1643 2647 γάρ
1672 2593 1784 2646 μοι,

211 2669 525 2742 παρακαλῶ
549 2710 564 2729 ,
596 2668 687 2721 τὸν
723 2665 1058 2737 στρατιώτην
1089 2665 1254 2718 πόθεν
1301 2665 1558 2736 κρίνομεν
1593 2681 1608 2729 ;
1656 2665 1786 2716 ὅταν

216 2761 502 2830 δορυφορῇ
537 2757 626 2809 τὸν
675 2753 900 2825 βασιλέα
924 2753 1016 2805 καὶ
1039 2752 1168 2822 παρ’
1203 2752 1369 2805 αὑτοῦ
1399 2751 1668 2823 τρέφηται
1696 2751 1790 2804 καὶ

217 2847 462 2915 καλῆται
500 2843 660 2898 αὑτοῦ
680 2884 693 2905 ,
725 2843 758 2914 ἢ
791 2842 919 2894 ὅταν
950 2840 1021 2894 τά
1055 2841 1262 2894 ἐκείνου
1303 2841 1364 2892 ού
1407 2843 1576 2911 φρονῇ
1602 2879 1616 2900 ,
1644 2839 1781 2893 ἀλλά

214 2931 586 3004 προσποιῆται
627 2929 727 2999 μὲν
782 2923 923 2981 εἶναι
952 2928 1070 2998 μετ’
1097 2928 1305 2980 ἐκείνου
1348 2927 1444 2979 καὶ
1474 2926 1542 2980 τά
1575 2926 1788 2979 ἐκείνου

213 3019 568 3091 θεραπεύειν,
599 3016 670 3069 τὰ
709 3015 768 3068 δὲ
813 3015 921 3068 τῶν
988 3014 1260 3085 πολεμίων
1282 3013 1584 3084 πράγματα
1609 3014 1737 3085 αἱρῇ
1773 3031 1788 3078 ;

213 3106 458 3175 Εὔδηλον
486 3107 570 3158 ὅτι
611 3103 704 3156 τὸν
747 3103 972 3172 βασιλέα
1005 3099 1341 3170 δορυφορῶν.
1369 3100 1470 3152 Διά
1491 3099 1651 3152 τοῦτο
1687 3097 1786 3151 καὶ

214 3193 613 3268 χαλεπωτέρας
659 3191 932 3254 κολάσεως
991 3189 1139 3253 ἄξιος
1167 3230 1182 3251 ,
1211 3187 1244 3258 ἢ
1273 3188 1372 3258 τῆς
1401 3185 1493 3240 τοῦ
1529 3185 1792 3256 βασιλέως

213 3281 470 3343 δουλείας
507 3279 699 3332 ἑαυτὸν
742 3275 1080 3348 ἀπορρήξας,
1107 3277 1200 3328 κοιλ⁵
1228 3277 1342 3336 τοῖς
1365 3273 1583 3344 ἐχθροῖς
1619 3290 1789 3344 προσ-

213 3371 417 3434 τεθείς.
453 3369 565 3422 Kal
583 3369 647 3420 σὺ
673 3365 849 3418 τοίνυν
883 3364 1120 3436 ὑϐρίζεις
1150 3364 1242 3417 τὸν
1271 3362 1405 3415 Θεὸν
1429 3362 1683 3432 καθάπερ
1715 3362 1792 3412 εἰ-

212 3458 590 3526 δωλολάτρης.
643 3455 740 3523 ούχ
785 3453 864 3505 ὲν).
910 3451 1137 3520 στόματι
1173 3449 1253 3520 τῷ
1281 3448 1379 3519 σῷ,
1411 3447 1547 3504 ἀλλὰ
1584 3448 1794 3519 μυρίοις

212 3550 328 3611 τοῖς
382 3544 757 3616 ἠδικημένοις.
801 3541 940 3595 Ἀλλ’
985 3539 1398 3611 εἰδωλολάτρης,
1447 3539 1636 3608 φησὶν,
1695 3536 1796 3588 οὐκ

213 3635 392 3688 ἔστιν.
429 3633 603 3685 Ὅταν
624 3627 716 3682 οὖν
737 3629 969 3698 λέγωσιν
995 3630 1044 3680 οἱ
1075 3625 1353 3696 Ἕλληνες,
1379 3623 1440 3679 Ὀ
1465 3624 1790 3694 Χριστιανὸς

213 3723 246 3774 6
273 3720 639 3788 πλεονέκτης,
669 3717 789 3769 τότε
845 3716 947 3768 οὐκ
997 3714 1158 3777 αὐτὸς
1197 3714 1358 3784 μόνος
1393 3711 1607 3784 ὑϐρίζει
1636 3710 1704 3763 δι’
1722 3704 1797 3764 ὧν

217 3810 483 3880 πράττει,
519 3806 656 3859 ἀλλά
684 3805 777 3856 καὶ
801 3803 929 3865 τοὺς
946 3800 1309 3873 ἠδικημένους
1339 3798 1643 3866 ἀναγκάζει
1673 3798 1800 3851 πολ-

216 3898 386 3960 λάκις
449 3895 612 3948 τοῦτο
664 3892 847 3959 λέγειν
879 3907 894 3922 ο
957 3892 1006 3942 εί
1064 3889 1120 3941 δὲ
1190 3890 1266 3958 μὴ
1314 3888 1572 3956 λέγουσι,
1639 3885 1798 3938 τοῦτο

215 3987 318 4057 τῆς
379 3984 606 4038 ἐκείνων
672 3979 954 4041 εὐλαϐείας
1023 3977 1324 4046 λογιστέον.
1382 3977 1453 4028 Ἦ
1508 3975 1606 4044 οὐχ
1665 3973 1802 4057 ὀρῷ-

220 4056 322 4141 μεν
384 4068 458 4120 τά
509 4066 812 4136 πράγματα
863 4061 1006 4116 οὓτω
1061 4061 1360 4130 γινόμενα;
1403 4058 1464 4112 '0
1515 4056 1799 4124 εἰδωλολά-

217 4173 390 4229 τρης,
425 4155 479 4207 τί
526 4153 656 4208 ἀλλο
688 4168 702 4216 ;
731 4151 765 4220 ἦ
796 4150 918 4220 ούχὶ
972 4149 1066 4202 καὶ
1106 4148 1266 4211 αὐτὸς
1318 4147 1464 4229 πάθη
1506 4145 1804 4217 προσκυνεῖ

220 4228 518 4305 πολλάκις,
579 4240 652 4311 μὴ
700 4237 795 4290 τοῦ
837 4237 1037 4298 πάθους
1090 4233 1306 4305 κρατῶν
1335 4251 1350 4298 ;
1385 4228 1510 4285 οἷόν
1541 4249 1590 4285 τι
1617 4231 1759 4298 λέγω
1786 4247 1802 4262 ι

221 4331 406 4386 Ὅταν
461 4330 725 4398 εἴπωμεν,
757 4326 838 4378 ὅτι
891 4323 1086 4376 εἴδωλα
1137 4324 1454 4393 προσκυνεῖ,
1479 4318 1584 4384 Οὒ,
1617 4319 1802 4390 φησὶν,

220 4421 371 4476 ἀλλὰ.
392 4418 492 4488 τὴν
525 4413 868 4484 Ἀφροδίτην,
892 4409 1024 4463 ἀλλὰ
1052 4409 1141 4462 τὸν
1173 4410 1366 4478 Ἄρην.
1394 4405 1508 4459 Κᾶν
1539 4406 1803 4474 εἴπωμεν,

222 4510 321 4572 Τίς
347 4505 496 4574 αὕτη
523 4506 557 4574 ὴ
594 4499 878 4570 Ἀφροδίτη
904 4515 918 4563 ;
941 4500 991 4551 οί
1021 4495 1333 4566 σεμνότεροι
1381 4492 1562 4546 αύτῶν
1597 4508 1756 4561 φασιν
1780 4507 1796 4522 ο

233 4595 300 4650 Ἦ
320 4594 493 4666 ἡδονή
521 4608 533 4620 ·
573 4591 683 4644 Καὶ
719 4589 800 4651 τίς
825 4588 854 4638 6
887 4589 1058 4658 Ἀρης
1090 4602 1105 4649 ;
1142 4585 1201 4637 Ὀ
1231 4583 1421 4652 θυμός.
1446 4579 1601 4634 υῦτω
1626 4581 1718 4632 καὶ
1741 4579 1804 4632 σὺ

222 4683 318 4735 τὸν
358 4678 700 4751 μαμμωνᾶν.
742 4675 838 4727 Ἂν
872 4673 1140 4742 εἴπωμεν.
1176 4669 1270 4732 Τίς
1299 4669 1327 4721 6
1358 4667 1712 4738 μαμμωνᾶς;
1743 4666 1806 4719 Ἡ

227 4768 544 4833 πλεονεξία.
588 4764 696 4817 Καὶ
746 4765 809 4816 σὺ
834 4760 1039 4828 ταύτην
1067 4759 1428 4829 προσκυνεῖςς
1464 4755 1537 4809 Ού
1565 4771 1807 4826 προσκυ-

224 4859 325 4921 νῶ,
392 4853 551 4924 φησί.
588 4852 685 4904 Διὰ
707 4849 908 4914 τίςὸτι
957 4847 1017 4900 ού
1060 4845 1336 4914 κάμπτεις
1371 4842 1603 4908 σαυτόνς
1649 4842 1809 4896 Ἀλλὰ

227 4945 325 4997 νῦν
353 4939 540 5009 πολλῷ
575 4937 773 5008 μᾶλλον
795 4936 1119 5007 προσκυνεῖς
1147 4932 1234 4986 διὰ
1256 4931 1362 4984 τῶν
1387 4930 1564 5002 ἔργων
1588 4931 1810 4984 καὶτῶν

227 5030 590 5103 πραγμάτων
620 5044 634 5057 ο
673 5025 813 5097 αῦτη
853 5023 962 5094 γάρ
989 5023 1190 5092 μείζων
1209 5022 1244 5091 ἠ
1279 5019 1669 5092 προσκύνησις.
1693 5019 1806 5073 Kal

228 5124 321 5174 ἵνα
386 5116 588 5188 μάθῃς,
623 5114 724 5168 θέα
773 5113 865 5165 ἐπὶ
901 5109 994 5163 τοῦ
1029 5108 1164 5162 Θεοῦ
1188 5149 1203 5175 ,
1229 5108 1372 5172 τίνες
1399 5107 1598 5178 μᾶλλον
1638 5105 1800 5160 αὐτον

231 5201 667 5277 προσκυνοῦσιν.
690 5201 741 5252 οί
772 5197 958 5261 ἁπλῶς
986 5195 1215 5260 ἑστῶτες
1235 5197 1293 5248 ὲν
1321 5197 1439 5258 ταῖς
1462 5195 1809 5264 προσευχαῖς,

229 5275 350 5361 ἦίοί
383 5291 445 5343 τὸ
473 5290 688 5358 θέλημα
717 5285 882 5341 αὑτοῦ
904 5286 1184 5346 ποιοῦντες
1211 5300 1226 5349 ;
1259 5282 1494 5352 Εὖδηλον
1530 5283 1612 5335 ὃτι
1641 5275 1809 5335 οὗτοι.

233 5379 404 5432 Οῦτω
461 5377 559 5430 καὶ
584 5377 635 5429 οί
680 5375 773 5428 ἐπὶ
795 5374 888 5428 τοῦ
926 5373 1222 5444 μαμμωνᾶ,
1253 5373 1302 5424 οί
1328 5371 1388 5424 τὸ
1411 5369 1623 5441 θέλημα
1650 5367 1814 5422 αὐτοῦ

234 5462 550 5530 ποιοῦντες,
579 5463 776 5535 μᾶλλον
801 5463 964 5516 αὐτὸν
983 5459 1362 5532 προσκυνοῦσι.
1398 5459 1589 5512 Καίτοι
1619 5459 1816 5511 ἐκεῖνοι

234 5558 312 5610 τὰ
340 5554 498 5624 πάθη
548 5549 999 5623 προσκυνοῦντες,
1035 5547 1292 5611 πολλάκις
1344 5547 1500 5610 ἐκτός
1543 5548 1651 5600 είσι
1703 5546 1813 5599 τῶν

238 5643 446 5700 παθῶν
480 5657 495 5670 ο
528 5642 628 5694 ἴδοι
657 5640 764 5710 γὰρ
793 5638 857 5692 ἄν
881 5654 964 5700 τις
995 5635 1085 5688 τὸν
1119 5634 1210 5688 τοῦ
1235 5635 1428 5706 ΙἌρεος
1455 5633 1815 5706 θεραπευτὴν,

305 5779 336 5808 ⁸
366 5776 507 5826 Unus
536 5773 719 5834 codex;
749 5775 858 5837 Θεῷ
901 5773 1030 5820 δουλ.
1076 5772 1440 5837 καί-μαμμωνᾷ.
1489 5771 1546 5819 Εἰ
1591 5771 1742 5820 τοίνυν
1765 5772 1818 5821 ού

237 5840 298 5888 ιν
307 5840 448 5889 φατὸν
470 5840 581 5901 θεῷ
601 5834 842 5886 δουλεύειν
855 5837 934 5884 καί
960 5834 1214 5897 μαμμωνᾷ,
1238 5836 1281 5882 οί
1301 5839 1557 5896 μαμμωνᾷ,
1579 5840 1675 5882 etc.

1100 441 1166 496 IN
1205 439 1423 500 EPIST.
1460 444 1552 498 AD
1592 441 1832 500 EPHES.
1873 445 2025 500 CAP.
2071 442 2131 501 Υ.
2200 445 2430 502 IIOMIL.
2461 447 2649 502 XVIII.

3332 449 3440 506 εει

1869 566 1966 620 τοῦ
2021 565 2196 638 θυμοῦ
2226 568 2530 639 κρατοῦντα
2571 567 2830 631 πολλάκις
2861 584 2874 598 ·
2917 568 3008 620 ἐπὶ
3036 565 3092 619 δὲ
3123 566 3216 620 σοῦ
3244 565 3452 622 ούκέτιι

1869 653 2026 707 τοῦτο
2054 693 2070 717 ,
2099 654 2232 708 ἀλλά
2272 654 2352 726 τῷ
2381 655 2543 708 πάθει
2566 655 2915 718 καταδουλοῐς
2945 653 3161 708 σαυτόν.
3200 651 3340 706 Ἀλλ’
3367 652 3444 706 οὐ·

1872 745 2096 816 σφάξεις
2128 746 2418 818 πρόϐατα;
2456 745 2595 798 Ἀλλ’
2635 745 2980 816 ἀνθρώπους,
3013 745 3108 798 καὶ
3143 743 3318 816 ψυχὰς
3342 743 3448 798 1.0--

1870 833 2052 902 γικὰς,
2112 833 2210 896 τὰς
2269 833 2369 904 μὲν
2421 832 2587 903 λιμῷ,
2615 834 2713 896 τὰς
2757 831 2814 884 δὲ
2855 832 3244 903 βλασφημίαις.
3271 832 3453 886 066'”-

1870 921 2075 994 ταύτης
2137 923 2236 994 τῆς
2286 922 2478 986 θυσίας
2529 921 2950 992 βακχικώτερον.
2993 923 3090 986 Τίς
3113 917 3220 975 εἶδε
3258 921 3440 992 ψυχάς

1875 1009 2216 1081 σφαζομένας
2259 1010 2433 1075 ποτέ;
2487 1010 2789 1081 Ἐπάρατος
2811 1009 2839 1060 ὁ
2861 1009 2958 1078 τῆς
2995 1008 3304 1076 πλεονεξίας
3333 1008 3441 1078 βω-

1877 1100 1995 1168 μός.
2039 1096 2198 1168 Παρά
2230 1095 2339 1165 γὰρ
2364 1095 2552 1148 τοῦτον
2581 1094 2688 1149 τῶν
2716 1093 2948 1147 εἰδώλων
2967 1093 3030 1148 ἂν
3046 1093 3205 1166 ἔλθῃς
3236 1093 3454 1164 βωμὸν,

1873 1184 1993 1254 δψει
2041 1183 2264 1252 αἰγείων
2304 1184 2398 1237 καὶ
2434 1181 2621 1254 βοείων
2663 1182 2912 1251 αἱμάτων
2941 1180 3131 1246 ὄζοντα
3153 1197 3168 1212 ο
3203 1181 3354 1250 παρὰ
3384 1181 3443 1234 δὲ

1873 1272 1964 1326 τὸν
1981 1271 2082 1343 τῆς
2103 1271 2413 1337 πλεονεξίας
2439 1271 2620 1341 βωμὸν
2650 1271 2716 1322 ἂν
2737 1269 2916 1341 ἔλθῃς,
2945 1267 3191 1338 αἱμάτων
3229 1267 3436 1338 ἅνθρωο

1877 1359 2048 1413 πίνων
2097 1359 2217 1429 ὄψει
2262 1358 2496 1428 χαλεπὸν
2522 1357 2868 1410 ἀποπνέοντα
2893 1372 2906 1386 ·
2947 1355 3011 1409 ἂν
3039 1358 3322 1426 παραστῇς
3355 1355 3442 1407 ὲνρ

1875 1444 2070 1512 ταῦθα,
2099 1445 2160 1496 ού
2188 1444 2358 1516 θεάσῃ
2383 1443 2558 1515 πτερά
2585 1443 2853 1513 καιόμενα
2881 1441 3129 1514 ὀρνίθων,
3154 1441 3274 1494 οὐδὲ
3297 1441 3446 1494 κνίσο

1879 1549 1978 1585 σαν
2012 1531 2104 1585 καὶ
2133 1531 2340 1585 καπνὸν
2373 1531 2751 1600 ἀναδιδόμενον
2773 1570 2787 1594 ,
2816 1529 2951 1583 ἀλλὰ
2975 1528 3202 1598 σώματα
3235 1527 3450 1597 ἀνθρώ-

1879 1635 1997 1672 πων
2041 1617 2411 1688 ἅπολλύμενα.
2448 1618 2513 1671 Οἱ
2558 1618 2655 1688 μὲν
2683 1615 2790 1686 γάρ
2813 1616 2892 1679 είς
2917 1616 3194 1686 κρημνοὺς
3223 1614 3447 1678 ἑαυτοὺς

1879 1707 2130 1779 ἔρριψαν,
2162 1707 2212 1758 οἱ
2244 1705 2300 1760 δὲ
2352 1704 2544 1777 βρόχον
2598 1701 2768 1776 ἧψαν,
2815 1705 2863 1757 οί
2893 1703 2949 1756 δὲ
2982 1703 3132 1771 ξίφος
3178 1702 3438 1774 διήλασαν

1883 1796 1972 1849 διὰ
2025 1794 2120 1848 τοῦ
2173 1795 2391 1866 λαιμοῦ.
2428 1790 2581 1856 Εἶδες
2629 1793 2820 1855 θυσίας
2849 1792 3006 1862 ὠμὰς
3032 1791 3126 1844 καὶ
3153 1790 3450 1860 ἀπανθρώ-

1882 1900 2056 1949 πους;
2120 1881 2271 1955 [150]
2330 1881 2518 1935 Βούλει
2569 1873 2774 1934 τούτων
2822 1878 3209 1950 χαλεπωτέρας
3273 1877 3451 1939 ίδεῖν;

1897 1970 2039 2038 Ἐγώ
2061 1987 2142 2024 σοι
2169 1968 2351 2034 δείξω,
2381 1969 2563 2023 οὐκέτι
2587 1967 2819 2038 σώματα
2839 1965 3165 2038 ἀνθρώπων,
3195 1965 3330 2018 ἀλλὰ
3354 1964 3451 2020 καί⁵

1878 2057 2056 2127 ψυχάς
2095 2057 2398 2128 ἀνθρώπων
2443 2054 2963 2124 κατασφαττομένας
3015 2055 3150 2106 ἐκεῖ.
3191 2053 3301 2108 Kal
3340 2053 3452 2122 γάρ

1881 2145 1997 2196 ἐστι
2028 2144 2205 2213 ψυχὴν
2239 2143 2571 2212 σφάττεσθαι
2603 2144 2782 2212 σφαγῇ
2801 2144 2865 2212 τῇ
2893 2140 3246 2213 προσηκούσῃ
3267 2139 3412 2210 ψυχῇ
3433 2153 3460 2172 δ

1880 2230 2072 2301 ῶσπερ
2099 2231 2207 2300 γάρ
2239 2233 2353 2283 ὲστι
2381 2229 2628 2296 σώματος
2645 2229 2892 2292 θάνατος,
2943 2227 3086 2282 οὕτω
3121 2227 3214 2281 καὶ
3241 2226 3418 2298 ψυχῆς
3432 2241 3464 2260 δ’

1890 2320 2064 2390 Ψυχὴ
2081 2319 2192 2390 γὰρ
2209 2321 2246 2388 ἠ
2269 2318 2714 2388 ἁμαρτάνουσα,
2734 2319 2916 2388 φησὶν,
2937 2316 3089 2385 αὐτὴ
3109 2317 3207 2370 καὶ
3228 2318 3451 2371 ἀποθα-

1884 2407 2093 2463 νεῖται.
2115 2409 2190 2460 Οὐ
2237 2407 2498 2471 τοιοῦτος,
2516 2402 2626 2469 οἷος
2647 2407 2674 2459 6
2690 2405 2783 2458 τοῦ
2800 2405 3048 2476 σώματος
3071 2404 3294 2467 θάνατος
3317 2403 3458 2457 ἀλλὰ

1885 2493 2065 2564 πολλῷ
2106 2492 2480 2563 χαλεπώτερος
2522 2494 2551 2544 6
2590 2493 2687 2562 τῆς
2713 2491 2912 2562 ψυχῆς.
2942 2485 3112 2555 Οὗτος
3147 2491 3245 2562 μὲν
3292 2490 3402 2561 γάρ
3426 2494 3466 2545 6.

1888 2581 2198 2652 σωματικὸς
2257 2579 2486 2641 θάνατος
2537 2577 2793 2640 διαλύσας
2821 2578 2914 2630 ἀπ’
2939 2576 3182 2647 ἀλλήλων
3219 2577 3318 2646 τὴν
3357 2575 3455 2645 ψυ-

1887 2669 1988 2738 χὴν
2013 2668 2108 2720 καὶ
2146 2666 2205 2719 τὸ
2233 2665 2411 2736 σῶμα,
2455 2665 2516 2716 τὸ
2552 2665 2648 2734 μὲν
2677 2663 2886 2716 πολλῶν
2913 2664 3208 2733 φροντίδων
3239 2663 3334 2716 καὶ
3361 2663 3468 2716 πόει

1887 2775 1995 2808 νων
2027 2755 2302 2808 ἀνέπαυσε
2321 2795 2338 2820 ,
2369 2755 2468 2825 τὴν
2501 2753 2558 2806 δὲ
2585 2755 2665 2816 είς
2693 2753 2926 2823 φανερὸν
2957 2752 3132 2824 χῶρον
3168 2752 3456 2824 παρέπεμο

1887 2844 1988 2914 ψεν
2014 2861 2027 2874 ·
2053 2839 2172 2896 εἶτα
2200 2842 2276 2912 τῷ
2292 2841 2469 2914 χρόνῳ
2497 2840 2747 2894 διαλυθὲν
2770 2841 2863 2894 καὶ
2893 2839 3263 2911 ἀπορρεῦσαν,
3295 2839 3466 2894 πάλιν.

1891 2932 2182 2998 συνάγεται
2247 2929 2387 3000 μετὰ
2439 2927 2769 2998 ἀφθαρσίας,
2797 2928 2892 2981 καὶ
2926 2928 3026 2998 τὴν
3071 2927 3278 2982 οἰκείαν
3325 2930 3458 2982 ἀπο-

1890 3018 2158 3088 λαμϐάνει
2191 3017 2395 3089 ψυχήν.

1959 3112 2028 3173 γ’.
2048 3098 2217 3167 Οὗτος
2254 3105 2350 3175 μὲν
2376 3100 2467 3157 οῦν
2498 3101 2752 3166 τοιοῦτος·
2771 3104 2799 3155 6
2830 3101 2886 3154 δὲ
2913 3101 3009 3172 τῆς
3034 3101 3213 3172 ψυχῆς
3237 3101 3473 3172 φρικτὸς

1889 3194 1986 3247 καὶ
2022 3193 2271 3262 φοϐερός.
2305 3191 2378 3244 Ού
2409 3191 2516 3262 γὰρ
2548 3191 2642 3244 ὲάν
2663 3189 2907 3260 διαλυθῇ,
2937 3187 3190 3260 καθάπερ
3221 3187 3282 3241 τὸ
3305 3187 3469 3259 σῶμα

1889 3281 2062 3352 αὐτὴν
2083 3279 2462 3351 παραπέμπει,
2495 3277 2630 3330 άλλά
2651 3275 3035 3330 καταδεθεῖσαν
3066 3274 3226 3327 πάλιν
3255 3274 3466 3344 ἀφθάρ-

1890 3387 1966 3440 τῳ
1995 3368 2210 3438 σώματι
2235 3407 2250 3432 ,
2282 3369 2361 3428 εἰς
2394 3366 2456 3418 τὺ
2491 3365 2603 3435 πῦρ
2629 3363 2919 3434 ἐμϐιϐάζει
2941 3362 3000 3414 τὸ
3033 3361 3319 3416 ἄσϐεστον.
3356 3357 3460 3416 06-

1891 3473 1981 3520 τος
2019 3456 2197 3507 τοίνυν
2243 3455 2388 3506 ἐστὶν
2417 3454 2444 3505 6
2475 3452 2659 3522 ψυχῆς
2692 3450 2942 3512 θάνατος.
2976 3450 3188 3516 Ὥσπερ
3221 3444 3314 3501 οῦν
3345 3450 3465 3502 ἐστι

1892 3543 2069 3614 ψυχῆς
2097 3543 2348 3603 θάνατος,
2377 3539 2520 3592 οὕτω
2551 3539 2644 3592 καὶ
2678 3537 2858 3608 σφαγὴ
2891 3536 3088 3607 ψυχῆς.
3123 3536 3189 3588 Τί
3214 3535 3465 3604 σώματος

1895 3632 2077 3700 σφαγή
2097 3646 2112 3696 ;
2143 3627 2218 3680 Τὸ
2236 3624 2598 3698 νεκρωθῆναι,
2621 3626 2713 3678 καὶ
2735 3627 2832 3694 τῆς
2849 3624 3130 3694 ἐνεργείας
3148 3622 3467 3693 ἀπορραγῆ-

1895 3733 1983 3771 ναι
1998 3716 2096 3786 τῆς
2116 3714 2256 3768 κατά
2269 3711 2534 3783 ψυχήν.Τί
2550 3713 2665 3764 ἐστι
2681 3710 2860 3781 ψυχῆς
2876 3711 3056 3781 σφαγή
3078 3727 3093 3776 ;
3115 3710 3223 3762 Kal
3243 3710 3375 3762 αὐτὸ
3387 3710 3468 3762 νὲο

1896 3799 2258 3875 κρωσις.Τίδὲ
2274 3800 2534 3870 νέκρωσις
2548 3798 2724 3869 ψυχῆς
2743 3799 2974 3867 ;”Ωσπερ
2986 3797 3094 3870 γὰρ
3104 3798 3164 3850 το
3174 3796 3334 3868 σῶμα
3345 3796 3466 3850 τότε

1895 3889 2205 3961 νεκροῦται,
2243 3889 2372 3940 ὅταν
2404 3886 2609 3957 ἔρημον
2641 3884 2773 3938 αύτὺ
2803 3883 3077 3954 καταλίπῃ
3119 3883 3218 3954 τῆς
3260 3883 3469 3947 οἰκείας

1899 3977 2234 4049 ὲνεργείαςή
2269 3976 2416 4048 ψυχή
2445 3991 2458 4006 ·
2493 3974 2634 4028 οὕτω
2669 3974 2764 4027 καὶ
2786 3975 2819 4044 ἡ
2844 3973 2990 4044 ψυχὴ
3005 3973 3127 4026 τότε
3157 3973 3467 4044 νεκροῦται,

1899 4067 2028 4120 ὅταν
2054 4064 2256 4136 ἔρημον
2273 4063 2440 4134 αὐτὴν
2458 4061 2731 4132 καταλίπῃ
2747 4061 2848 4131 τῆς
2870 4059 3079 4124 οἰκείας
3099 4060 3383 4130 ἐνεργείας
3408 4059 3470 4112 τὸ

1903 4152 2123 4222 Πνεῦμα
2143 4151 2204 4203 τὸ
2229 4150 2402 4218 ἅγιον.
2425 4145 2593 4204 Αῦται
2625 4143 2862 4218 μάλιστα
2887 4147 2942 4201 αἰ
2973 4148 3180 4215 σφαγαὶ
3209 4146 3362 4217 παρά
3387 4145 3469 4216 τῷ

1905 4239 2076 4311 βωμῷ
2107 4238 2204 4308 τῆς
2256 4235 2571 4300 πλεονεξίας
2609 4234 2746 4287 είσίν
2771 4249 2786 4264 ο
2821 4234 2883 4286 ού
2916 4232 3270 4304 κορέννυνται
3291 4273 3308 4298 ,
3347 4231 3471 4285 οὐδὲ

1907 4327 2151 4379 ἵστανται
2192 4324 2354 4394 μέχρι
2380 4322 2475 4376 τοῦ
2500 4322 2731 4392 αἵματος
2762 4319 2872 4372 τῶν
2903 4319 3232 4390 ἀνθρώπων,
3268 4318 3383 4372 ἀλλ’
3403 4317 3469 4371 ἂν

1910 4413 1984 4483 μὴ
2014 4412 2107 4466 καί⁵
2137 4410 2236 4482 τὴν
2280 4409 2457 4480 ψυχὴν
2484 4409 2656 4478 αὐτὴν
2677 4406 2980 4477 καταθύσῃ,
3007 4407 3106 4459 ούκ
3131 4405 3472 4476 ἐμπίπλαται

1907 4502 1936 4553 6
1960 4499 2061 4569 τῆς
2095 4496 2403 4560 πλεονεξίας
2436 4495 2614 4565 βωμὸς
2641 4535 2656 4560 ,
2680 4495 2746 4548 ἂν
2783 4493 2859 4565 μὴ
2889 4494 3216 4564 ἀμφοτέρων
3242 4495 3338 4556 τὰς
3363 4493 3471 4563 ψυ-

1908 4591 2008 4658 χάς
2051 4586 2267 4656 δέξηται
2293 4622 2308 4646 ,
2347 4582 2440 4636 τοῦ
2473 4599 2532 4635 τε
2578 4581 2820 4646 θύοντος,
2847 4581 2941 4635 τοῦ
2964 4599 3021 4634 τε
3050 4581 3338 4652 θυομένου.
3369 4583 3478 4636 Τὸν

1907 4676 2015 4746 γὰρ
2036 4673 2232 4728 θύοντα
2262 4670 2476 4742 πρῶτον
2498 4669 2712 4740 ἀνάγκη
2741 4669 2989 4738 τυθῆναι,
3021 4673 3120 4724 καὶ
3150 4668 3293 4722 οὕτω
3329 4669 3475 4734 θύει,

1909 4765 2004 4817 καὶ
2047 4765 2076 4816 6
2114 4761 2306 4830 νεκρὸς
2345 4759 2462 4814 θύει
2489 4758 2577 4812 τὸν
2609 4758 2746 4822 τέως
2771 4757 2970 4823 ζῶντα.
2997 4759 3164 4814 Ὀταν
3193 4758 3301 4828 γάρ
3335 4759 3480 4831 εἵπη

1919 4851 2237 4922 βλάσφημα,
2271 4848 2398 4901 ὅταν
2446 4845 2769 4918 λοιδορῆται,
2815 4846 2943 4900 ὃταν
2981 4846 3326 4918 δυσχεραίνῃ,
3355 4848 3475 4917 ούχὶ

1910 4939 1966 4992 al
2028 4935 2230 5007 πληγαὶ
2287 4927 2447 4987 αὗται
2504 4931 2604 5002 τῆς
2669 4931 2848 5002 ψυχῆς
2897 4935 3036 4986 εἰσιν
3081 4935 3326 5000 ἀνίατοις
3373 4931 3470 4987 EI—

1909 5026 1998 5089 δες
2055 5025 2136 5077 ὅτι
2180 5022 2280 5093 οὐχ
2332 5019 2636 5093 ὑπερϐολῆς
2679 5021 2741 5074 τὸ
2795 5020 2949 5092 ῥῆμά
3002 5023 3158 5087 tam;

1989 5121 2178 5175 Βούλει
2204 5119 2300 5174 καὶ
2326 5119 2511 5191 ἓτερον
2542 5116 2794 5184 ἀκοῦσαι,
2819 5119 2913 5173 καὶ
2946 5119 3136 5190 μαθεῖν
3169 5119 3285 5183 πῶς
3319 5119 3446 5171 είδω

1911 5209 2203 5281 λολατρεία
2226 5209 2261 5278 ἡ
2307 5206 2607 5273 πλεονεξία,
2650 5206 2745 5259 καὶ
2777 5205 3156 5276 χαλεπώτερον
3192 5205 3478 5260 εἰδωλολα-

1911 5300 2128 5372 τρείας;
2151 5298 2212 5352 Οἰ
2238 5295 2612 5366 εἰδωλολάτραι
2632 5298 2740 5358 τοῖς
2758 5294 2853 5348 τοῦ
2875 5294 3008 5348 Θεοῦ
3031 5294 3290 5366 κτίσμασι
3310 5311 3480 5369 προσ-

1914 5387 2130 5442 κυνοῦσι
2163 5401 2178 5415 ⁶
2211 5383 2324 5437 Καὶ
2362 5382 2784 5448 ἐσεϐάσθησαν
2816 5381 2923 5450 γάρ
2945 5421 2959 5446 ,
3000 5383 3153 5453 φησὶ,
3198 5381 3296 5434 καὶ
3335 5380 3473 5434 ἑλά-

1915 5487 2176 5542 τρευσαν
2207 5469 2279 5537 τῇ
2304 5468 2496 5522 κτίσει
2529 5467 2686 5535 παρὰ
2715 5469 2823 5522 τὸν
2860 5469 3153 5524 κτίσαντα
3185 5483 3198 5496 ·
3227 5467 3290 5521 σὺ
3318 5466 3374 5520 δὲ
3399 5469 3483 5537 τῷ

1915 5561 2171 5630 κτίσματι
2201 5557 2278 5628 τῷ
2302 5555 2492 5609 σαυτοῦ
2514 5559 2856 5625 προσκυνεῖς.
2897 5558 2955 5609 Ὀ
2984 5557 3090 5625 γάρ
3120 5555 3250 5618 Θεὸς
3281 5555 3479 5608 πλεον-

1916 5647 2066 5715 εξίαν
2097 5647 2196 5700 οὐκ
2223 5641 2670 5714 ἐδημιούργησεν,
2703 5643 2819 5696 ἀλλ’
2849 5643 2881 5712 η
2910 5643 3004 5712 τῆς
3047 5642 3147 5712 σῆς
3174 5642 3473 5712 ἀπληστίας

1915 5734 2206 5804 ὲπεξεῦρεν
2235 5731 2490 5802 ἀμετρία.
2522 5731 2630 5783 Kal
2671 5730 2767 5783 θέα
2801 5730 2998 5802 μανίαν
3030 5732 3123 5783 καὶ
3143 5729 3373 5799 γέλωτα.
3408 5732 3472 5784 Ol

1922 5823 1990 5878 τὰ
2021 5819 2210 5875 εἴδωλα
2237 5814 2681 5886 προσκυνοῦντες,
2702 5817 2793 5870 καὶ
2812 5817 3043 5889 τιμῶσιν
3077 5817 3216 5873 αὐτὰ
3245 5817 3291 5874 ἂν
3311 5833 3481 5890 προαο
