3974 6514
529 396 645 453 ηδ

526 509 751 564 κυνοῦσι
786 525 802 539 ·
840 510 940 564 κᾶν
990 512 1117 580 εῐπῃ
1177 529 1259 574 τις
1297 514 1503 576 κακῶς,
1534 515 1637 567 κᾶν
1686 515 2087 585 λοιδορήσηται,

443 655 451 679 λ
526 598 920 667 προΐστανται·
972 597 1036 649 σὺ
1098 596 1154 649 δὲ
1230 600 1481 670 καθάπερ
1546 601 1650 654 ὑπό
1713 619 1857 665 τινος
1913 600 2085 669 μέθης

527 689 759 755 πρᾶγμα
820 688 1160 755 προσκυνεῖς,
1212 686 1240 740 δ
1294 690 1354 741 οὐ
1402 692 1563 759 μόνον
1616 690 1949 760 κατηγορίας
1994 689 2093 741 οὐκ

486 768 494 777 ’
523 773 886 842 ἀπήλλακται,
919 771 1057 826 ἀλλά
1101 772 1194 826 καὶ
1233 775 1485 839 ἀσεϐείας
1534 778 1651 830 ἐστὶ
1685 778 1900 847 μεστόν.
1928 776 2091 827 Ὥστε

525 860 724 929 μᾶλλον
739 858 916 911 αὐτῶν
934 859 1205 930 χείριστος
1221 857 1271 911 εἴ
1287 877 1300 889 ο
1336 862 1394 913 οὐ
1416 862 1523 932 γάρ
1548 863 1614 916 ἀν
1639 863 1782 933 ἔχοις
1795 863 2091 930 ἀπολογίαν

522 949 717 1008 εἰπεῖν,
758 947 839 999 ότι
872 946 931 998 οὐ
948 946 1138 1002 κακόν.
1156 946 1217 1000 Εἰ
1240 949 1333 1000 καὶ
1351 947 1418 1001 τά
1440 948 1673 1019 μάλιστα
1689 950 1931 1003 κάκεῖνοί
1954 952 2090 1003 εἰσιν

523 1032 937 1103 ἀναπολόγητοι,
971 1035 1106 1093 ἀλλά
1136 1037 1198 1089 σὺ
1229 1036 1405 1106 πολλῷ
1431 1035 1582 1109 [151]
1607 1039 1804 1107 μᾶλλον
1836 1039 2090 1110 μυριάκις

522 1120 831 1185 πλεονεξίας
868 1122 1209 1193 κατηγορῶν,
1230 1124 1324 1175 καὶ
1347 1126 1470 1188 τοὺς
1492 1124 1889 1196 θεραπεύοντας
1920 1126 2088 1198 αὐτὴν

524 1208 619 1260 καὶ
642 1207 990 1271 δουλεύοντας
1021 1210 1114 1262 καὶ
1156 1209 1508 1280 πειθομένους
1546 1212 1791 1277 ἅπαντας
1818 1213 2084 1279 κακίζων.

523 1295 584 1346 El
621 1294 679 1347 δὲ
700 1294 953 1364 βούλεσθε
983 1336 997 1356 ,
1036 1296 1377 1366 ἐξετάσωμεν
1408 1299 1572 1351 πόθεν
1596 1300 1917 1370 ἐπεισῆλθεν
1944 1303 1976 1371 ὴ
2009 1304 2086 1353 εί-

520 1383 904 1455 δωλολατρεία.
942 1386 1101 1455 Λέγει
1124 1404 1206 1450 τις
1237 1388 1399 1456 σοφὸς
1421 1388 1579 1460 ἀνὴρ,
1608 1390 1690 1443 ὃτι
1719 1390 1972 1453 πλούσιός
2002 1408 2088 1456 τις

521 1471 807 1541 ἄνθρωπος
833 1474 998 1544 ἀώρῳ
1043 1474 1229 1527 πένθει
1258 1476 1588 1546 τρυχόμενος
1611 1479 1748 1539 υίοῦ,
1783 1479 1876 1531 καὶ
1903 1497 2085 1549 παρα-

525 1558 722 1625 μυθίαν
764 1559 1019 1629 οὐδεμίαν
1053 1560 1191 1630 ἔχων
1222 1561 1314 1613 τοῦ
1350 1562 1600 1627 πένθους,
1632 1564 1805 1637 ταύτῃ
1828 1583 2085 1636 παραμυ-

521 1645 780 1716 θούμενος
832 1646 893 1700 τὸ
952 1648 1143 1712 πάθος,
1171 1649 1357 1703 εἰκόνα
1403 1650 1610 1721 ἄψυχον
1634 1653 1728 1706 τοῦ
1763 1653 2080 1724 τετελευτη-

522 1734 675 1795 κότος
724 1735 982 1806 ποιήσας,
1001 1736 1094 1787 καὶ
1145 1735 1232 1789 διὰ
1265 1737 1465 1800 παντὸς
1507 1739 1589 1801 εἰς
1644 1740 1815 1810 αὐτὴν
1857 1740 2081 1811 ἐνορῶν,

518 1822 691 1874 ἐδόκει
723 1822 813 1875 τὸν
841 1823 1144 1878 ἀπελθόντα
1170 1823 1311 1893 ἔχειν
1335 1825 1424 1878 διά
1450 1826 1551 1896 τῆς
1574 1826 1800 1890 εἰκόνος.
1834 1828 2083 1893 Κόλακες

518 1908 576 1963 δέ
602 1926 747 1972 τινες
790 1910 1063 1976 ἄνθρωποι
1092 1952 1106 1975 ,
1150 1905 1224 1964 ὧν
1251 1916 1279 1965 6
1307 1913 1437 1976 Θεὸς
1468 1916 1501 1985 ἡ
1525 1913 1722 1977 κοιλία,
1755 1914 2083 1984 θεραπεύον-

516 2013 606 2059 τες
654 1999 735 2059 εἰς
787 1997 885 2069 τὴν
947 1999 1153 2051 ἐκείνου
1185 2000 1351 2069 τιμὴν
1382 2000 1482 2069 τὴν
1514 2000 1699 2054 εἰκόνα
1720 2041 1735 2063 ,
1766 2002 1824 2054 τὸ
1848 2002 1966 2067 ἔθος
2003 2004 2083 2065 είς

518 2082 959 2154 εἰδωλολατρείαν
1003 2088 1317 2157 προήγαγον
1350 2099 1398 2138 ι.
1422 2087 1629 2141 Οὐκοῦν
1657 2090 1763 2142 ἀπὸ
1801 2089 2080 2153 ἀσθενείας

518 2171 817 2243 ἐπεισήχθη
844 2172 1022 2243 ψυχῆς
1045 2216 1059 2239 ,
1093 2174 1201 2226 ἀπὸ
1232 2173 1521 2245 συνηθείας
1553 2175 1770 2244 ἀλόγου,
1804 2176 1912 2230 ἀπὸ
1941 2179 2079 2247 ἀμει-

513 2259 695 2327 τρίας.
738 2260 801 2311 Ἦ
835 2260 891 2311 δὲ
952 2260 1235 2326 πλεονεξία
1284 2261 1381 2330 οὐχ
1438 2260 1773 2325 οὕτως’ἀπδ
1818 2264 2078 2328 ἀσθενοῦς

518 2346 616 2416 μὲν
639 2346 749 2417 γὰρ
794 2348 888 2399 καὶ
936 2346 1073 2417 αὕτη
1103 2347 1302 2417 ψυχῆς,
1340 2348 1480 2420 πλὴν
1501 2349 1616 2402 ἀλλ’
1645 2351 1753 2404 ἀπὸ
1782 2351 2025 2422 χείρονος
2061 2367 2077 2383 ⁸

511 2434 615 2486 οὐκ
634 2433 875 2486 ἀπέϐαλέ
900 2450 981 2497 τις
1010 2434 1144 2500 υίδν,
1180 2435 1299 2487 οὐδὲ
1327 2435 1555 2500 πένθους
1585 2438 1942 2509 παραμυθίαν
1973 2440 2073 2510 ζη-

509 2519 639 2581 τῶν,
694 2520 814 2573 οὐδὲ
872 2521 976 2573 ὐπὸ
1029 2521 1272 2575 κολάκων
1314 2522 1698 2592 ἐξελκόμενος·
1749 2525 1886 2579 ἀλλά
1922 2526 2074 2594 πῶς;

523 2606 665 2675 Ἐγὼ
692 2608 830 2678 πρὸς
871 2609 1015 2678 ὑμᾶς
1049 2609 1181 2679 ἐρῶ.
1256 2611 1313 2662 ὐ
1346 2611 1483 2664 Κάῐν
1510 2612 1602 2665 τὸν
1624 2613 1756 2666 Θεὸν
1784 2614 2074 2667 ἐπλεονέκο

508 2714 675 2767 τησεν
699 2713 712 2725 ·
749 2696 785 2750 ἀ
809 2697 919 2767 γάρ
973 2698 1165 2769 ἐκείνῳ
1205 2698 1428 2771 δοθῆναι
1468 2702 1670 2772 ἐχρῆν.
1718 2703 1847 2772 παρ’
1899 2701 2077 2772 ἐαυτῷ

508 2784 796 2853 κατασχὼν
821 2826 836 2849 ,
865 2787 1006 2855 άπερ
1066 2786 1227 2838 αὐτὸν
1265 2786 1412 2855 ἔχειν
1452 2787 1598 2853 ἔδει,
1652 2788 1823 2841 ταῦτα
1881 2790 2077 2861 ἐκείνῳ

510 2873 852 2939 προσήνεγκε
872 2912 887 2935 ,
913 2872 1005 2924 καὶ
1033 2871 1093 2923 1:6
1126 2872 1295 2924 κακὸν
1320 2874 1427 2925 ἀπὸ
1457 2873 1551 2925 τοῦ
1591 2873 1726 2925 Θεοῦ
1754 2875 1980 2945 ἣρξατο.
2012 2877 2076 2930 El

509 2958 617 3027 γάρ
658 2960 817 3028 ἡμεῖς
840 2960 931 3011 τοῦ
954 2958 1088 3011 Θεοῦ
1106 2961 1293 3029 ἐσμεν,
1314 2960 1492 3030 πολλῷ
1518 2960 1715 3030 μᾶλλον
1736 2963 1806 3015 τὰ
1834 2967 2077 3033 πρωτεῖα

506 3045 615 3099 τῶν
666 3048 959 3116 κτημάτων
991 3048 1102 3101 τῶν
1142 3050 1446 3119 ἡμετέρων.
1482 3050 1651 3103 Πάλιν
1703 3052 1782 3115 είς
1810 3055 2075 3119 γυναῖκας

509 3134 618 3186 ἀπὸ
652 3134 967 3202 πλεονεξίας
1004 3138 1039 3206 ἠ
1078 3137 1221 3207 ὁρμὴ
1258 3136 1480 3205 γέγονεν
1503 3154 1516 3167 ·
1550 3134 1733 3191 Εἶδον
1758 3139 1866 3203 τὰς
1898 3144 2076 3209 θυγα-

508 3220 685 3288 τέρας
721 3220 841 3274 τῶν
869 3221 1217 3290 ἀνθρώπων,
1248 3224 1346 3277 καί
1395 3224 1884 3293 ὲξεκυλίσθησαν
1924 3226 2076 3295 πρὸς

508 3308 627 3375 τὴν
652 3306 975 3377 ἐπιθυμίαν
999 3326 1013 3338 '
1041 3308 1148 3362 ἀπὸ
1175 3309 1380 3386 τούτων
1400 3310 1559 3364 πάλιν
1582 3313 1661 3375 είς
1683 3313 1959 3384 χρήματα.
2002 3315 2076 3367 Τὸ

511 3396 623 3468 γὰρ
668 3396 830 3448 πλέον
857 3395 1002 3466 ἔχειν
1025 3395 1200 3449 θέλειν
1242 3396 1338 3451 τοῦ
1392 3398 1618 3466 πλησίον
1674 3401 1731 3451 ἐν
1756 3403 1865 3462 τοῖς
1891 3401 2073 3470 βιωτι-

508 3489 647 3550 κοῖς,
688 3484 986 3556 οὐδαμόθεν
1021 3485 1244 3539 ἂλλοθεν
1284 3486 1528 3554 γίνεται,
1563 3487 1736 3558 ἀλλ’ἢ
1765 3490 1828 3542 ἐκ
1851 3488 1948 3542 τοῦ
1972 3490 2075 3559 ψυο

508 3572 674 3643 Υῆναι
695 3574 797 3645 τὴν
821 3573 1044 3644 ἀγάπην
1072 3591 1087 3605 ⁸
1119 3573 1181 3626 τδ
1216 3574 1377 3629 πλέον
1406 3575 1551 3647 ἔχειν
1570 3573 1743 3629 θέλειν
1774 3578 1873 3630 οὐκ
1910 3576 2074 3631 ἀλλα-

507 3661 667 3732 χόθεν
722 3660 951 3728 γίνεται,
993 3659 1181 3733 ἀλλ’ἢ
1224 3661 1282 3728 ἐξ
1325 3662 1583 3725 ἀπονοίας
1636 3667 1729 3715 καὶ
1767 3664 2076 3735 μισανθρω-

508 3750 634 3814 πίας
678 3751 771 3803 καὶ
822 3750 1145 3820 ὑπεροψίας.
1181 3750 1292 3819 Οὐχ
1330 3751 1462 3820 δρᾷς
1511 3750 1610 3821 τὴν
1648 3751 1751 3821 γῆν
1779 3752 1878 3821 ὅση
1910 3751 2070 3819 ἐστί;

508 3838 625 3901 πῶς
652 3837 830 3908 πολλῷ
856 3838 1054 3907 μείζων
1074 3839 1175 3907 τῆς
1207 3836 1397 3907 χρείας
1427 3837 1576 3891 ἐστὶν
1606 3841 1634 3891 ό
1691 3839 1820 3909 ἀὴρ,
1850 3840 1879 3891 6
1905 3841 2072 3910 οὐρα-

506 3924 635 3991 νός;
678 3925 793 3979 Ἵνα
816 3925 925 3995 γάρ
957 3942 1052 3978 σου
1087 3924 1186 3995 τὴν
1225 3925 1539 3990 πλεονεξίαν
1564 3927 1729 3999 σϐέσῃ
1762 3929 1791 3981 6
1823 3930 2074 3995 Θεὸς,είς

506 4010 760 4066 τοσοῦτον
789 4012 987 4082 μέτρον
1010 4012 1079 4065 τά
1100 4010 1373 4081 κτίσματα
1394 4012 1629 4082 ἐξήγαγε
1664 4030 1678 4043 '
1722 4016 1786 4068 σὺ
1818 4015 1876 4068 δὲ
1902 4017 2075 4086 άρπά.

508 4097 619 4162 ζεις
680 4098 773 4150 καὶ
825 4096 988 4164 οὕτω,
1050 4098 1143 4151 καὶ
1183 4097 1400 4161 ἀκούεις
1451 4099 1534 4151 ὅτι
1577 4098 1992 4173 είδωλολατρεία
2038 4105 2072 4176 ή

508 4183 809 4251 πλεονεξία,
850 4184 944 4237 καί¹
1003 4183 1126 4237 οὐδέ
1156 4182 1298 4238 οὕτω
1331 4184 1615 4258 φρίττεις;
1647 4187 2072 4259 κληρονομῆσαι

505 4272 605 4341 τῆν
625 4271 729 4341 γῆν
764 4271 937 4335 θέλεις
963 4289 977 4335 ;
1016 4270 1166 4324 'A11'
1195 4272 1297 4325 οὐκ
1345 4272 1495 4343 ἔχεις
1523 4277 1582 4329 ἐν
1601 4273 1679 4346 τῷ
1700 4275 1917 4348 οὐρανῷ
1941 4276 2073 4350 κλη-

509 4360 787 4432 ρονομίαν,
824 4359 914 4413 ἴνα
934 4360 1130 4413 σαυτὸν
1152 4360 1534 4434 ἀποστερήσῃς
1565 4382 1580 4430 ;

575 4448 636 4500 δ’.
679 4447 813 4500 Εἰπέ
860 4464 970 4517 μοι,
1021 4446 1075 4499 εί
1100 4446 1183 4510 τίς
1213 4463 1293 4500 σοι
1318 4451 1578 4519 παρεῖχεν
1616 4449 1867 4517 ἐξουσίαν
1887 4451 2071 4507 λαϐεῖν

505 4534 741 4597 ἅπαντα,
777 4529 885 4602 ἆρα
906 4534 1007 4586 οὐκ
1037 4532 1103 4586 ἂν
1126 4532 1397 4605 ἠθέλησας
1424 4552 1438 4599 ;
1465 4536 1683 4590 Ἐνεστι
1698 4537 1815 4603 νῦν,
1845 4537 1940 4592 ἐὰν
1954 4539 2072 4609 βού-

505 4619 591 4691 λῃ.
624 4619 816 4673 Καίτοι
856 4620 999 4684 τινές
1039 4635 1202 4687 φασιν
1222 4661 1238 4685 ,
1264 4621 1344 4675 ὅτι
1384 4622 1662 4690 ἀλγοῦσιν,
1690 4625 1820 4677 ὅταν
1849 4627 1928 4689 είς
1952 4627 2071 4680 ἐτέ-

509 4724 632 4778 ρους
664 4708 754 4760 τὸν
790 4707 991 4777 κλῆρον
1026 4711 1466 4779 παραπέμπωσι,
1498 4712 1593 4764 καὶ
1620 4712 1902 4767 ἐϐούλοντο
1922 4711 2066 4770 εἶναι

504 4796 923 4867 κατεδηδοκότες
944 4796 1106 4849 αὐτὸν
1132 4798 1350 4867 μᾶλλον,
1383 4799 1415 4870 ἢ
1448 4800 1669 4871 ἐτέρους
1692 4805 1823 4874 όρᾷν
1848 4805 2069 4875 κυρίους

504 4884 848 4954 γενομένους.
892 4884 1026 4937 Οὐδέ
1067 4884 1178 4953 ἐγώ
1234 4902 1293 4938 σε
1345 4878 1549 4957 ταύτης
1607 4890 1931 4945 ἀπαλλάττω
1970 4893 2069 4961 τῆς

504 4969 783 5033 ἀσθενείας
815 4988 829 5001 ·
862 4971 1121 5036 ἀσθενοῦς
1162 4974 1259 5043 μὲν
1312 4973 1419 5044 γὰρ
1471 4976 1568 5028 καὶ
1625 4977 1782 5030 τοῦτο
1839 4978 2016 5049 ψυχῆς
2046 4996 2062 5011 .

504 5060 643 5131 πλὴν
664 5059 776 5112 ἀλλ’
825 5061 972 5129 ὅμως
1004 5061 1108 5115 κᾶν
1132 5062 1287 5115 τοῦτο
1332 5064 1566 5132 γινέσθω
1594 5080 1606 5092 ·
1635 5066 1692 5117 ἐν
1718 5069 1839 5130 ταῖς
1871 5068 2065 5137 διαθή-

503 5166 629 5212 καις
655 5149 746 5203 τὸν
792 5150 1025 5220 Χριστὸν
1073 5150 1334 5204 κατάλιπε
1392 5152 1746 5223 κληρονόμον.
1784 5155 1931 5207 Ἔδει
1966 5156 2067 5225 μὲν

504 5235 613 5307 γὰρ
637 5236 815 5300 ζῶντα
835 5252 847 5265 ·
888 5236 1046 5289 τοῦτο
1069 5238 1175 5308 γάρ
1204 5240 1578 5311 προαιρέσεως
1605 5240 1770 5311 ὀρθῆς
1807 5238 1911 5314 ἦν’
1945 5243 2073 5296 ἀλλ’

503 5324 653 5396 ὅμως
685 5326 789 5379 κᾶν
812 5326 915 5379 ὑπὸ
941 5325 1041 5395 τῆς
1067 5326 1311 5400 ἀνάγκης
1335 5328 1494 5395 γενοῦ
1514 5329 1939 5402 φιλοτιμότερος.
1955 5334 2068 5386 Καὶ

504 5413 612 5482 γὰρ
637 5415 664 5467 6
690 5414 925 5485 Χριστὸς
953 5413 1043 5466 διὰ
1068 5413 1227 5468 τοῦτο
1254 5415 1553 5485 προσέταξε
1589 5416 1787 5470 διδόναι
1812 5419 2077 5489 πένησιν,

506 5500 590 5553 ἦα
622 5499 831 5565 ζῶντας
867 5502 1015 5573 ἡμᾶς
1058 5501 1380 5571 φιλοσόφους
1414 5503 1736 5572 ἐργάσηται,
1786 5506 1873 5560 ἵνα
1902 5508 2079 5583 πείσῃ,

564 5801 773 5857 εἰσόκε
796 5815 922 5850 unus
947 5808 998 5853 et
1018 5815 1169 5865 marg.
1196 5802 1373 5863 Saxil.‘
1392 5806 1667 5863 ριτήγαγον.

1229 400 1289 455 S.
1328 397 1615 454 ιοιιΝΝιε
1653 395 2153 456 CHRYSOSTOMI
2186 397 2503 456 ARCHIEP.
2542 397 3085 457 CONSTANTINOP;

3655 391 3762 450 126

2202 512 2499 581 χρημάτων
2544 517 2921 584 καταφρονεῖν,
2957 508 3214 583 [ίὸΞῙῖνα
3255 509 3527 580 ὑπερορᾷν
3566 506 3762 581 διδάξῃ

2195 597 2303 649 τῶν
2328 600 2551 668 γηΐνων.
2581 602 2752 654 Τοῦτο
2775 602 2875 653 οὐκ
2910 599 3024 651 εστι
3056 598 3354 668 χρημάτων
3385 595 3675 665 ὑπεροψία,
3690 597 3765 650 τὸ

2194 684 2529 740 τελευτῶντα
2566 688 2659 740 καλ⁸
2690 689 2788 741 οὐκ
2828 687 2958 739 ὅντα
3009 686 3195 754 κύριον
3225 682 3303 753 τῷ
3335 683 3467 735 δεῖνι
3490 683 3762 753 παρέχειν

2196 772 2387 843 καὶτῷ
2413 773 2543 826 δεῖνι
2574 790 2590 807 ·
2618 774 2718 827 οὐκ
2756 777 2820 828 ἐκ
2846 775 2954 827 τῶν
2998 773 3105 825 σῶν
3134 772 3290 834 δίδως
3309 771 3524 837 λοιπὸν,
3555 771 3668 825 ἀλλ’
3690 772 3760 837 ἐξ

2192 860 2362 930 αὐτῆς
2388 860 2485 930 τῆς
2514 860 2756 930 ἀνάγκης
2785 877 2799 893 ν
2834 860 2912 930 τῷ
2942 860 3156 928 θανάτῳ
3184 857 3361 928 χάρις,
3389 858 3450 911 οὐ
3485 857 3566 910 σοί
3591 875 3605 889 ·
3626 856 3760 911 τοῦ-

2189 962 2252 998 το
2287 948 2387 1000 οὐκ
2423 949 2537 1001 ἐστι
2587 949 2988 1019 φιλοστοργίας,
3019 946 3137 1001 ἀλλ’
3160 946 3446 1017 ἐπηρείας.
3479 945 3628 1016 Πλὴν
3645 947 3760 998 κᾶν

2190 1032 2331 1085 οὕτω
2364 1034 2620 1099 γινέσθω,
2654 1034 2753 1088 κᾶν
2787 1036 2909 1087 τότε
2937 1035 3100 1087 λῦσον
3132 1032 3193 1086 τὸ
3225 1032 3413 1101 πάθος.
3456 1032 3755 1101 Ἐννόησον

2189 1120 2289 1173 ὅσα
2337 1122 2615 1191 ἥρπασας,
2663 1123 2765 1175 ὅσα
2815 1120 3289 1191 ἐπλεονέκτησαςο
3322 1120 3497 1173 πάντα
3548 1120 3756 1184 ἀπόδος

2190 1210 2562 1279 τετραπλάσια
2590 1226 2604 1240 ·
2642 1211 2811 1275 οὕτως
2849 1211 3184 1281 ἀπολόγησαι
3225 1209 3305 1281 τῷ
3328 1209 3755 1279 Θεῷ.’Ᾱλλέίσὶ

2188 1313 2333 1360 τινες
2393 1300 2473 1361 είς
2519 1300 2676 1352 τοῦτο
2721 1300 2917 1370 μανίας
2953 1301 3183 1370 ἥκοντες
3215 1302 3311 1352 καὶ
3334 1298 3657 1371 πηρώσεως,
3694 1298 3757 1351 οἳ

2187 1384 2305 1437 οὐδέ
2343 1385 2462 1438 τότε
2493 1387 2755 1457 συνορῶσι
2776 1390 2836 1441 τὸ
2864 1387 2981 1442 δέον
3011 1403 3025 1417 ·
3059 1387 3174 1439 ἀλλ’
3198 1386 3385 1457 ῶσπερ
3407 1385 3747 1448 σπουδάζον-

2184 1487 2277 1534 τες
2310 1471 2691 1543 χαλεπώτερον
2739 1476 2951 1537 ἑαυτοῖς
3001 1472 3337 1544 ἐργάσασθαι
3394 1472 3486 1525 τοῦ
3524 1472 3662 1525 Θεοῦ
3684 1473 3754 1526 τὸ

2186 1560 2379 1627 κρῖμα,
2405 1558 2579 1623 οὕτως
2608 1560 2825 1613 ἅπαντα
2854 1562 3176 1631 πράττουσι.
3203 1560 3301 1611 Διά
3330 1560 3484 1612 τοῦτο
3512 1562 3540 1613 6
3563 1560 3751 1630 μακά-

2187 1659 2301 1712 ριος
2327 1638 2478 1708 οὗτος
2512 1646 2662 1716 ἔλεγε
2691 1646 2915 1718 γράφων
2949 1664 2962 1677 ο
3016 1646 3113 1711 Ὠς
3137 1646 3319 1700 τέκνα
3352 1647 3545 1714 φωτὸς
3578 1663 3746 1713 περι-

2185 1733 2439 1784 πατεῖτε.
2457 1732 2515 1784 Ὀ
2540 1733 2596 1785 δὲ
2628 1733 2955 1803 πλεονέκτης
2984 1734 3217 1803 μάλιστα
3241 1736 3298 1786 ἐν
3335 1733 3510 1803 σκότῳ
3534 1734 3622 1804 ζῇ,
3649 1734 3751 1786 καὶ

2186 1818 2377 1881 σκότος
2424 1820 2557 1875 πολὺ
2609 1820 2997 1884 κατασκεδάςει
3030 1823 3263 1876 πάντων.
3292 1821 3422 1882 Καὶ,
3450 1821 3543 1885 Mi]
3572 1835 3729 1888 συγ-

2184 1906 2527 1975 κοινωνῆτε,
2574 1909 2709 1978 φησὶ
2735 1950 2749 1973 ,
2778 1907 2903 1973 τοῖς
2931 1908 3127 1977 ἔργοις
3157 1906 3283 1971 τοῖς
3316 1906 3606 1974 ἀκάρποις
3634 1906 3752 1960 τοῦ

2183 1994 2460 2058 σκότους,
2489 1993 2735 2064 μᾶλλον
2771 1994 2838 2047 δὲ
2871 1996 2968 2047 καὶ
2996 1994 3273 2062 ἐλέγχετε
3300 2009 3315 2024 ο
3347 1994 3419 2045 τὰ
3449 1995 3560 2061 γὰρ
3599 2012 3748 2061 κρυ-

2181 2078 2268 2146 φῇ
2284 2082 2561 2148 γινόμενα
2587 2082 2688 2134 ὑπ’
2710 2080 2927 2137 αὐτῶν.
2955 2083 3209 2149 αἰσχρόν
3228 2081 3356 2134 ἐστι
3386 2080 3483 2133 καὶ
3514 2080 3743 2151 λέγειν.

2188 2166 2262 2219 Τὰ
2286 2165 2353 2218 δὲ
2377 2165 2591 2233 πάντα,
2626 2168 2991 2237 ἐλεγχόμενα
3032 2168 3151 2222 ὑπὸ
3184 2167 3289 2221 τοῦ
3318 2167 3534 2236 φωτὸς,
3557 2186 3749 2238 φανε-

2172 2254 2405 2321 ροῦται.

2261 2338 2573 2404 Ἀκούσατε,
2618 2339 2939 2411 παρακαλῶ,
2979 2342 3177 2405 πάντες
3220 2343 3331 2394 ὅσοι
3377 2341 3437 2394 οὐ
3485 2340 3746 2411 βούλεσθε

2179 2426 2298 2493 είκῆ
2330 2424 2626 2494 μισεῖσθαι.
2660 2424 2923 2495 Ἀρπάζει
2944 2425 2992 2489 δ,
3024 2426 3115 2477 καὶ
3146 2426 3247 2479 οὐκ
3267 2425 3544 2494 ἐλέγχεις;
3583 2424 3747 2479 Ἀλλά

2177 2507 2418 2580 δέδοικας
2458 2507 2518 2560 τὸ
2558 2510 2731 2577 μῖσος.
2769 2509 2959 2561 Καίτοι
2988 2509 3088 2561 οὐκ
3116 2508 3264 2561 ἐστιν
3304 2511 3427 2580 εικῆ
3464 2509 3747 2579 μισεῖσθαι

2176 2578 2333 2643 τοῦτο
2350 2606 2362 2619 ’
2386 2591 2521 2643 ἀλλά
2540 2592 2760 2655 δικαίως
2780 2592 3040 2660 ἐλέγχεις,
3072 2592 3164 2644 καὶ
3183 2578 3426 2654 δέδοικας
3450 2578 3510 2643 τὸ
3544 2594 3703 2661 μῖσος
3723 2609 3742 2655 ;

2177 2672 2392 2739 ἔλεγξον
2416 2673 2508 2727 τὸν
2527 2674 2774 2743 ἀδελφὸν,
2800 2672 3053 2737 ἀνάδεξαι
3074 2674 3271 2743 ἔχθραν
3289 2674 3375 2727 διά
3400 2675 3496 2743 τὴν
3518 2674 3742 2742 ἀγάπην

2176 2754 2274 2825 τὴν
2299 2757 2378 2817 είς
2405 2757 2495 2809 τὸν
2527 2758 2779 2826 Χριστὸν,
2810 2757 2897 2809 διά
2920 2758 3018 2826 τὴν
3051 2759 3273 2827 ἀγάπην
3301 2756 3397 2827 τὴν
3426 2761 3505 2819 είς
3532 2757 3700 2809 αὐτόν
3724 2772 3742 2786 ο

2176 2838 2417 2891 κώλυσον
2465 2840 2625 2891 αὐτὸν
2658 2842 2737 2902 εἰς
2780 2840 3050 2911 βάραθρον
3096 2841 3486 2910 ἀπερχόμενον.
3527 2840 3601 2892 Τὸ
3629 2840 3742 2910 γὰρ

2175 2920 2455 2989 τραπέζης
2473 2923 2797 2991 κοινωνῆσαι
2810 2925 2904 2975 καὶ
2920 2922 3181 2993 ῥημάτων
3195 2922 3445 2992 χρηστῶν
3464 2924 3556 2975 καὶ
3574 2940 3741 2993 προσ-

2176 3004 2389 3072 ρήσεως
2420 3007 2511 3059 καὶ
2540 3006 2771 3075 τρυφῆς,
2804 3006 2863 3057 οὐ
2896 3006 3098 3075 σφόδρα
3130 3004 3310 3073 φιλίας
3340 3004 3476 3057 ἐστί.
3502 3005 3749 3059 Τοιαῦτα

2173 3089 2286 3146 τοῖς
2315 3088 2487 3156 φίλοις
2519 3088 2673 3159 ἡμῶν
2708 3088 3061 3158 χαριζώμεθα
3098 3088 3266 3158 δῶρα,
3311 3088 3395 3140 ἵνα
3426 3089 3523 3160 τὴν
3558 3088 3743 3158 ψυχὴν

2175 3169 2351 3224 αὐτῶν
2378 3172 2685 3241 ἐξέλκωμεν
2720 3173 2828 3226 ἀπὸ
2854 3173 2951 3243 τῆς
2990 3174 3159 3243 ὀργῆς
3193 3171 3287 3224 τοῦ
3326 3171 3459 3224 Θεοῦ
3488 3188 3501 3201 ·
3527 3174 3607 3235 είς
3636 3172 3741 3243 τὴν

2175 3254 2401 3323 κάμινον
2432 3256 2715 3325 κειμένους
2745 3255 2937 3318 αὐτοὺς
2966 3256 3197 3326 δρῶντες
3222 3256 3319 3324 τῆς
3352 3255 3568 3316 κακίας,
3607 3255 3742 3309 ἀνα-

2176 3337 2483 3407 στήσωμεν.
2533 3338 2666 3391 ’A11‘
2710 3338 2770 3391 οὐ
2798 3337 3118 3409 διορθοῦται,
3158 3336 3341 3407 φησίν.
3386 3337 3544 3389 Ἀλλά
3583 3338 3649 3390 σὺ
3676 3338 3742 3393 τὸ

2177 3420 2374 3474 σαυτοῦ
2398 3420 2623 3491 πράεον,
2658 3423 2753 3477 καὶ
2782 3422 3105 3492 ἀπελογήσω
3131 3421 3208 3491 τῷ
3229 3420 3367 3490 Θεῷ.
3404 3421 3493 3492 Μὴ
3520 3421 3742 3493 κρύψῃς

2173 3504 2234 3556 τὸ
2247 3504 2505 3558 τάλαντον
2525 3522 2539 3536 ο
2561 3504 2649 3559 διά
2665 3505 2821 3559 τοῦτο
2844 3505 2998 3571 λόγον
3016 3505 3181 3574 ἔχεις,
3200 3505 3288 3557 διὰ
3310 3505 3471 3557 τοῦτο
3485 3504 3741 3572 γλῶσσαν

2175 3586 2270 3640 καὶ
2292 3587 2487 3657 στόμα,
2514 3588 2600 3642 ἵνα
2635 3587 2865 3657 διορθοῖς
2889 3588 2979 3640 τὸν
3009 3587 3254 3657 πλησίον.
3287 3587 3367 3639 Τά
3398 3586 3563 3654 ἀλογα
3599 3589 3738 3657 μόνα

2173 3671 2233 3723 οὐ
2266 3671 2538 3741 φροντίζει
2573 3672 2667 3724 τοῦ
2708 3671 2955 3741 πλησίον,
2988 3671 3109 3723 οὐδὲ
3137 3669 3294 3737 λόγον
3324 3670 3435 3740 ἔχει
3464 3669 3583 3723 τινά
3624 3670 3751 3725 τῶν

2173 3754 2346 3808 ἄλλων
2371 3771 2385 3785 ·
2420 3755 2482 3807 σὺ
2529 3754 2586 3808 δέ
2613 3755 2827 3825 πατέρα
2859 3754 3039 3809 καλῶν
3080 3754 3172 3807 τὸν
3202 3753 3352 3818 Θεὸν,
3384 3753 3478 3806 καὶ
3505 3752 3737 3822 ἀδελφὸν

2171 3836 2263 3889 τὸν
2292 3837 2519 3906 πλησίον
2569 3837 2731 3907 ὀρῶν,
2770 3836 2932 3895 αὐτὸν
2959 3836 3131 3907 μυρία
3154 3835 3407 3889 ποιοῦντα
3441 3835 3607 3902 κακά,
3634 3836 3738 3906 τὴν

2172 3919 2331 3991 χάριν
2350 3920 2449 3991 τὴν
2472 3922 2601 3991 παρ’
2624 3920 2831 3973 ἐκείνου
2854 3920 2951 3990 τῆς
2970 3919 3235 3989 ὠφελείας
3252 3918 3413 3972 αὐτοῦ
3437 3920 3736 3991 προτίθης;

2172 4006 2287 4077 Μὴ.
2334 4005 2653 4077 παρακαλῶ.
2700 4005 2863 4059 Οὐδὲν
2908 4003 3049 4057 οὕτω
3083 4004 3261 4073 φιλίας
3301 4006 3614 4076 τεκμήριον,
3657 4005 3737 4070 ὡς

2173 4089 2232 4141 τὸ
2271 4088 2346 4161 μὴ
2374 4091 2634 4160 περιορᾷν
2673 4088 3083 4160 ἁμαρτάνοντας
3113 4089 3239 4150 τοὺς
3267 4086 3545 4156 ἀδελφούς.
3578 4084 3737 4155 Εἶδες

2173 4172 2584 4242 ἐχθραίνοντας;
2625 4172 2891 4227 διάλυσον.
2926 4168 3078 4234 Εἶδες
3108 4170 3592 4235 πλεονεκτοῦντας;
3620 4172 3738 4227 κώ-

2171 4255 2348 4308 λυσον.
2384 4253 2536 4318 Εἶδες
2564 4255 2978 4326 ἀδικουμένους;
3019 4254 3283 4324 πρόστηοι
3304 4271 3317 4284 ·
3346 4255 3447 4307 οὐκ
3478 4254 3734 4322 ἐκείνοις,

2171 4338 2307 4391 ἀλλὰ
2336 4338 2515 4408 σαυτῷ
2534 4338 2783 4410 προτέρῳ
2798 4337 3055 4409 ἐχαρίσω.
3078 4335 3176 4389 Διά
3195 4336 3351 4390 τοῦτο
3378 4336 3519 4407 φίλοι
3540 4340 3735 4409 ἐσμὲν,

2172 4422 2257 4474 ἵνα
2280 4420 2538 4492 ἀλλήλους
2563 4421 2878 4490 ὠφελῶμεν.
2909 4418 3115 4482 Ἀλλως
3144 4420 3433 4474 ἀκούσεται
3456 4422 3606 4492 παρά
3636 4422 3735 4475 τοῦ

2170 4505 2347 4573 φίλου,
2389 4506 2482 4557 καὶ
2525 4504 2698 4566 άλλως
2743 4503 2892 4573 παρά
2922 4502 3015 4555 τοῦ
3048 4503 3299 4572 τυχόντος
3323 4520 3337 4533 ’
3378 4504 3469 4557 τὸν
3498 4506 3735 4574 τυχόντα

2171 4588 2499 4641 ὑποπτεύσει
2528 4587 2677 4651 ἴσως,
2720 4589 2815 4640 καὶ
2839 4586 2932 4639 τὸν
2958 4586 3276 4639 διδάσκαλον
3305 4588 3528 4656 ὁμοίως,
3557 4588 3649 4640 τὸν
3675 4590 3737 4642 δὲ

2170 4672 2322 4741 φίλον
2335 4673 2535 4725 οὐκέτι.
2558 4671 2637 4724 Τὰ
2653 4671 2763 4740 γὰρ
2780 4669 2977 4739 κρυερῇ
2998 4672 3296 4739 γινόμενα,
3309 4672 3566 4740 αἰσχρόν
3575 4673 3732 4735 ἐστι,

2170 4757 2323 4823 φησὶ,
2356 4756 2453 4808 καὶ
2486 4754 2706 4823 λέγειν.
2752 4755 2826 4808 Τὰ
2858 4754 2925 4807 δὲ
2954 4753 3167 4818 πάντα,
3209 4754 3575 4823 ἐλεγχόμενα
3609 4755 3735 4810 ὑπὸ

2170 4838 2275 4891 τοῦ
2307 4840 2519 4907 φωτὸς,
2550 4838 2941 4913 φανεροῦται.
2990 4838 3054 4890 Τί
3095 4837 3343 4905 βούλεται
3374 4838 3603 4892 ἐνταῦθα
3649 4842 3734 4893 εί-

2170 4924 2324 4987 πεῖν;
2366 4922 2535 4975 Τοῦτο
2586 4921 2753 4990 λέγει,
2794 4923 2876 4974 ὃτι
2922 4921 2989 4974 τὰ
3038 4921 3137 4990 μὲν
3166 4920 3273 4973 τῶν
3316 4922 3733 4991 ἁμαρτημάτων

2170 5005 2401 5059 ἐνταῦθα
2444 5006 2615 5076 λάθρα
2658 5004 2805 5077 [135]
2835 5004 3063 5072 γίνεται,
3104 5004 3173 5058 τὰ
3208 5005 3265 5057 δὲ
3308 5007 3402 5057 καὶ
3436 5006 3685 5076 φανερῶς
3710 5022 3728 5039 ⁸

2168 5092 2283 5142 ἐκεῖ
2303 5088 2358 5141 δὲ
2379 5090 2475 5159 οὐχ
2496 5089 2666 5151 οὓτως
2692 5089 2841 5141 ἔσται
2862 5103 2877 5115 ⁸
2900 5087 3071 5149 οὐδεὶς
3100 5088 3205 5158 γάρ
3234 5088 3381 5140 ἐστιν
3405 5090 3432 5140 6
3456 5089 3530 5158 μὴ
3557 5106 3730 5143 συνει-

2168 5173 2271 5236 δὼς
2304 5172 2477 5243 ἐαυτῷ
2506 5174 2596 5226 ἐπὶ
2633 5174 3007 5242 ἁμαρτήματι.
3042 5172 3141 5224 Διά
3164 5171 3321 5224 τοῦτό
3359 5189 3509 5240 φησι·
3550 5172 3625 5225 Τὰ
3661 5170 3735 5225 δὲ

2168 5257 2384 5321 πάντα,
2413 5257 2779 5327 ἐλεγχόμενα
2805 5255 2924 5309 ὑπὸ
2963 5254 3068 5309 τοῦ
3092 5256 3307 5323 φωτὸς,
3345 5255 3726 5323 φανεροῦται.

2168 5342 2233 5395 Τί
2270 5337 2397 5405 οὖνς
2427 5342 2486 5394 οὐ
2517 5343 2645 5411 περὶ
2673 5339 3135 5409 είδωλολατρείας,
3173 5339 3329 5407 φησὶ,
3366 5340 3460 5391 καὶ
3493 5340 3730 5395 ἐνταῦθα

2166 5424 2324 5477 τοῦτο
2348 5426 2562 5494 εἴρηται
2585 5442 2600 5489 ;
2632 5424 2787 5493 Οὐχὶ,
2810 5421 2945 5475 ἀλλά
2976 5423 3103 5492 περί
3129 5423 3239 5491 βίου
3272 5422 3365 5475 καὶ
3392 5423 3726 5493 ἁμαρτημά-

2167 5525 2274 5565 των
2327 5509 2473 5560 ἐστὶν
2514 5509 2543 5560 6
2580 5506 2754 5573 λόγος.
2811 5502 2940 5558 Πᾶν
2987 5507 3096 5574 γὰρ
3135 5505 3201 5557 τὸ
3249 5506 3726 5574 φανερούμενον,

2226 5743 2256 5782 ιι
2283 5742 2417 5792 Unus
2449 5740 2639 5802 (Ἄπιθι,
2654 5737 2907 5802 μισεῖσθαι,
2941 5738 3059 5787 ἀλλὰ
3098 5738 3347 5801 φιλεῖσθαι.
3368 5738 3449 5795 Τίς
3471 5753 3551 5799 μοι
3570 5738 3725 5802 χρεία,

2171 5808 2303 5867 φησί,
2330 5803 2592 5864 μισεῖσθαις
2628 5800 2867 5859 Ἀρπάζει.
