3960 6522
178 421 274 479 ηδ

175 538 359 590 adoras
390 539 715 593 creaturam.
748 525 884 581 Deus
909 523 1051 581 enim
1082 536 1187 579 non
1213 520 1410 577 creavit
1429 520 1726 579 avaritiam.

175 625 267 680 sed
308 638 427 678 eam
471 619 671 685 invenit
711 616 1079 675 imtnoderatio
1127 623 1231 669 tute
1278 612 1724 683 inexplebilitatis.

175 717 303 772 Vide
328 724 502 769 autem
546 710 802 769 insaniam
844 717 899 763 et
944 723 1057 766 rem
1086 706 1243 777 plane
1285 705 1582 761 ridiculam.
1629 704 1728 770 Qui

172 808 309 863 idola
353 806 624 868 adorant,
650 801 811 859 etiam
851 814 914 854 ea
940 815 1055 868 qua:
1097 796 1319 852 adorant
1346 797 1644 863 honorant,
1675 804 1730 853 et

170 903 281 952 sive
309 896 590 966 quisquam
617 891 889 964 quidpiam
934 891 987 943 in
1015 903 1080 945 ea
1109 888 1338 955 dixerit,
1370 889 1483 942 sive
1510 887 1730 943 maledi-

170 991 273 1044 ctis
320 1004 382 1043 ea
420 984 582 1042 fuerit
626 985 949 1049 insectatus,
998 996 1060 1037 ea
1102 979 1509 1037 defenduntztu
1551 988 1727 1033 autem

171 1095 437 1151 tamquam
463 1094 572 1150 prae
596 1077 819 1148 quadam
840 1076 1094 1133 ebrietate
1116 1088 1230 1128 rem
1257 1071 1466 1138 adoras,
1486 1087 1600 1141 qua:
1622 1086 1727 1127 non

169 1174 339 1226 solum
371 1186 479 1225 non
507 1177 588 1223 est
629 1167 791 1222 libera
817 1180 844 1217 a
873 1163 1258 1243 vituperatione
1282 1203 1299 1228 ,
1327 1161 1419 1217 sed
1449 1161 1607 1217 etiam
1648 1171 1730 1214 est
1754 1184 1755 1187 η

168 1265 322 1333 plena
369 1260 665 1330 impietate.
692 1257 1046 1324 Quamobrem
1079 1264 1135 1309 tu
1174 1268 1234 1309 es
1261 1254 1339 1308 eis
1365 1253 1521 1323 longe
1540 1252 1725 1322 .pejor:

168 1369 341 1424 neque
370 1354 514 1407 enim
543 1349 905 1405 defensionem
931 1347 1122 1402 afferre
1151 1346 1349 1417 poteris
1374 1346 1514 1416 quod
1536 1360 1639 1399 non
1661 1345 1732 1399 sit

166 1446 387 1497 malum.
417 1442 529 1495 Etsi
575 1440 649 1494 illi
690 1438 918 1494 maxime
946 1446 1071 1491 sunt
1113 1436 1527 1501 inexcusabiles,
1562 1446 1616 1489 tu
1646 1444 1729 1489 ta-

165 1551 288 1589 men
318 1533 485 1588 multo
512 1530 711 1601 magis,
740 1538 798 1584 ut
820 1528 912 1599 qui
937 1528 1211 1582 avaritiam
1241 1528 1435 1583 millies
1470 1542 1691 1582 accuses
1711 1568 1726 1592 ,

162 1636 218 1681 et
244 1640 340 1680 eos
370 1623 637 1692 vituperes
663 1622 751 1691 qui
776 1635 892 1674 eam
918 1620 1135 1685 colunt,
1164 1629 1216 1677 et
1240 1618 1289 1672 ei
1332 1618 1571 1673 serviunt
1595 1627 1650 1673 et
1677 1619 1729 1673 ei

164 1731 371 1772 morem
398 1723 609 1785 gerunt.
638 1712 698 1768 Si
719 1711 879 1766 vultis
907 1719 1082 1765 autem
1108 1751 1123 1775 ,
1152 1710 1522 1765 examinemus
1558 1709 1729 1764 unde-

163 1826 291 1863 nam
318 1808 388 1861 sit
413 1808 649 1876 ingressa
685 1802 1002 1858 idololatria.
1046 1800 1181 1854 Dicit
1222 1801 1434 1871 quidam
1480 1800 1728 1869 sapiens,

160 1898 309 1968 quod
341 1896 550 1966 quidam
596 1894 745 1949 dives
770 1894 858 1964 qui
903 1891 1239 1947 cruciabatur
1280 1890 1562 1946 immaturo
1589 1892 1731 1945 luctu

161 1988 265 2041 lilii
283 2030 298 2051 ,
333 2001 506 2056 neque
533 1985 707 2039 luctus
727 1984 884 2037 ullam
911 1982 1139 2037 habebat
1166 1982 1605 2047 consolationem,
1633 1980 1732 2037 hac

163 2080 416 2132 dolorem
446 2074 669 2139 leniens,
700 2074 836 2128 facta
859 2071 1089 2125 inanima
1119 2071 1346 2141 imagine
1375 2071 1490 2139 ejus
1516 2073 1604 2142 qui
1634 2088 1728 2126 ex-

159 2177 424 2230 cesserat,
448 2174 702 2236 perpetuo
747 2178 865 2217 eam
905 2162 1150 2227 intuens,
1178 2161 1451 2216 videbatur
1480 2176 1572 2230 per
1597 2163 1731 2216 ima—

159 2261 342 2329 ginem
364 2272 488 2313 eum
512 2263 768 2326 perpetuo
809 2253 1003 2309 habere
1030 2253 1119 2322 qui
1148 2250 1472 2307 decesserat.
1503 2252 1730 2319 Quidam

161 2361 344 2405 autem
375 2348 712 2413 adulatores,
742 2360 966 2414 quorum
996 2345 1137 2399 Deus
1165 2354 1351 2399 venter
1378 2354 1461 2398 est
1487 2385 1503 2409 ,
1536 2345 1589 2397 in
1616 2343 1732 2414 ejus

163 2444 435 2496 [latiorem
464 2440 698 2494 colentes
725 2436 1045 2506 imaginem,
1077 2450 1199 2489 eum
1230 2450 1434 2490 morem
1464 2434 1731 2504 perduxe-

165 2542 297 2588 runt
318 2531 387 2586 ad
418 2526 927 2598 idololatriam(Sap.
952 2526 1039 2582 l4.
1068 2522 1487 2594 45).lntroducta
1509 2534 1584 2579 est
1610 2539 1736 2595 ergo

158 2628 231 2679 ab
262 2622 634 2679 imbecillitate
695 2619 886 2673 anima:
906 2659 920 2682 ,
948 2632 977 2671 a
1006 2616 1230 2671 rationis
1254 2628 1472 2687 experte
1510 2630 1736 2671 consue-

162 2717 355 2771 tudine
376 2754 393 2780 ,
424 2714 492 2767 ab
521 2710 979 2767 immoderatioue.
1006 2707 1121 2763 Non
1148 2707 1226 2762 sic
1262 2719 1439 2762 autem
1469 2707 1687 2761 avaritia
1716 2725 1731 2762 :

163 2823 293 2861 nam
324 2807 440 2875 ipsa
468 2816 680 2874 quoque
705 2810 790 2856 est
815 2799 1117 2854 introducta
1142 2800 1211 2852 ab
1242 2798 1508 2853 imbecilla
1534 2800 1731 2865 anima,

158 2915 353 2955 verum
375 2914 406 2952 a
442 2897 663 2967 pejore:
689 2909 795 2948 non
820 2880 998 2947 amisit
1037 2892 1318 2962 quisquam
1348 2892 1535 2958 filium,
1568 2907 1739 2961 neque

162 2993 347 3046 luctus
363 2990 635 3059 quaerebat
654 2985 924 3051 solatium,
943 2999 1114 3053 neque
1129 2982 1491 3039 attrahebatur
1515 2984 1584 3039 ab
1607 2985 1738 3038 adu-

161 3082 474 3143 latoribus;
522 3078 615 3133 sed
666 3074 969 3146 quomodo?
1012 3074 1123 3144 Ego
1179 3073 1331 3129 vobis
1370 3074 1566 3128 dicam.
1606 3073 1736 3129 Cain

162 3174 340 3228 Deum
371 3167 630 3225 fraudavit
656 3182 750 3237 per
769 3166 1042 3220 avaritiam
1076 3184 1089 3220 :
1120 3180 1241 3219 nam
1270 3165 1336 3220 iis
1363 3180 1478 3235 qua:
1506 3165 1583 3219 illi
1607 3166 1726 3220 dari

158 3263 454 3333 oportebat
482 3258 619 3331 apud
648 3274 707 3315 se
733 3257 973 3322 retentis,
999 3271 1116 3326 quae
1146 3257 1322 3326 ipsum
1355 3256 1551 3311 habere
1578 3271 1739 3327 Opor-

158 3359 342 3421 tebat,
372 3369 435 3409 ea
468 3353 543 3409 illi
567 3352 778 3416 obtulit,
806 3359 860 3405 et
886 3350 1081 3403 malum
1109 3365 1138 3402 a
1162 3349 1270 3403 Deo
1293 3349 1512 3418 incepit.
1536 3347 1664 3403 Nam
1693 3349 1737 3403 si

158 3463 272 3502 nos
316 3446 416 3499 Dei
459 3456 681 3505 sumus,
727 3442 893 3495 multo
935 3439 1102 3509 magis
1152 3438 1398 3508 primitiae
1437 3447 1739 3496 nostrarum

159 3537 606 3609 possessionum.
634 3533 838 3588 Rursus
863 3531 931 3585 ab
967 3531 1191 3585 avaritia
1216 3541 1330 3584 orta
1357 3539 1438 3585 est
1465 3531 1740 3585 mulierum

156 3628 434 3698 appetitio
460 3643 475 3675 :
505 3623 747 3677 Viderunt
768 3623 901 3691 ﬁlias
922 3622 1200 3685 hominum,
1219 3631 1266 3674 et
1292 3621 1509 3674 devoluti
1536 3631 1651 3674 sunt
1676 3623 1743 3675 ad

157 3718 630 3789 concupiscentiam
656 3713 808 3782 (Gen.
839 3713 892 3768 6.
917 3713 974 3783 2)
1012 3729 1025 3764 :
1072 3714 1139 3766 ab
1164 3711 1247 3766 his
1274 3727 1460 3766 rursus
1487 3712 1551 3766 ad
1583 3728 1744 3783 pecu-

158 3813 315 3867 nias.
365 3807 500 3863 Nam
532 3806 670 3861 velle
699 3805 818 3875 plus
862 3804 1060 3858 habere
1087 3817 1245 3874 quam
1275 3804 1548 3874 proximus
1579 3803 1631 3857 in
1678 3804 1745 3859 iis

155 3918 295 3973 quae
323 3900 393 3955 ad
423 3900 561 3953 hanc
588 3897 749 3951 vitam
779 3896 1060 3966 pertinent,
1095 3909 1200 3948 non
1229 3892 1441 3949 aliunde
1468 3903 1547 3948 est
1568 3902 1743 3949 ortum

152 4008 340 4063 quam
365 4005 432 4044 ex
459 4004 526 4044 eo
550 3988 689 4057 quod
742 3986 1010 4041 refrixerit
1050 3985 1442 4040 caritaszvelle
1488 3986 1605 4055 plus
1648 3988 1745 4040 ha-

156 4087 307 4139 here
331 4098 441 4137 non
475 4080 691 4135 aliunde
713 4078 881 4134 oritur
908 4094 1062 4148 quam
1090 4093 1154 4133 ex
1182 4078 1479 4151 arrogantia
1503 4118 1518 4142 ,
1549 4086 1600 4133 et
1622 4077 1747 4133 odio

159 4175 460 4231 hominum
487 4181 543 4227 et
579 4180 906 4238 contemptu.
952 4168 1066 4223 Non
1094 4168 1240 4223 vides
1262 4178 1457 4238 quanta
1483 4169 1551 4223 sit
1581 4179 1742 4237 terra,

154 4280 227 4323 et
256 4265 532 4339 quomodo
546 4279 639 4318 aer
662 4271 718 4318 et
738 4262 927 4318 calum
949 4262 1020 4317 sit
1046 4262 1213 4315 multo
1235 4259 1406 4329 majus
1429 4275 1586 4329 quam
1611 4275 1747 4329 opus

153 4360 279 4415 sit?
309 4358 444 4414 Nam
477 4365 533 4411 ut
562 4356 703 4410 Deus
729 4362 875 4409 tuam
908 4354 1269 4423 exstingueret
1312 4352 1587 4406 avaritiam
1614 4393 1629 4418 ,
1659 4368 1746 4407 res

150 4462 396 4507 creatas
414 4449 478 4503 ad
499 4458 602 4503 tam
632 4460 876 4517 magnam
906 4444 1088 4499 eduxit
1112 4457 1415 4499 mensuram
1443 4459 1457 4497 :
1486 4451 1541 4497 tu
1568 4453 1745 4498 autem

154 4545 265 4597 sic
280 4554 493 4610 quoque
509 4538 666 4607 rapis,
685 4548 739 4592 et
761 4536 912 4590 audis
927 4534 1200 4588 avaritiam
1222 4548 1341 4587 esse
1359 4531 1703 4586 ldololatriam
1729 4550 1744 4589 :

148 4642 231 4689 et
269 4646 342 4685 ne
365 4632 441 4684 sic
466 4630 676 4699 quidem
703 4627 926 4683 horres?
956 4626 1046 4679 Vis
1074 4639 1193 4680 esse
1221 4623 1376 4678 heres
1419 4624 1612 4678 terrae?
1641 4622 1748 4677 Sed

149 4738 291 4778 non
340 4720 505 4774 habes
552 4721 604 4773 in
644 4719 776 4774 cado
810 4717 1158 4773 hereditatem
1191 4734 1204 4770 :
1233 4715 1464 4770 studium
1495 4716 1648 4786 ponis
1691 4723 1750 4769 ut

142 4814 303 4869 aliis
332 4812 605 4880 relinquas
637 4808 1008 4872 hereditatem;
1042 4817 1092 4861 te
1122 4806 1294 4875 ipsum
1324 4814 1499 4860 autem
1531 4805 1749 4874 privas?

239 4912 308 4960 4.
346 4905 441 4959 Dic
467 4901 805 4972 mihi,siquis
826 4900 976 4955 daret
1000 4899 1094 4954 tibi
1121 4907 1435 4969 potestatem
1458 4897 1751 4967 accipiendi

142 4995 401 5060 omnia,
434 5009 503 5048 an
549 4992 763 5047 nolles?
785 4991 935 5046 Licet
962 5005 1090 5059 ergo
1113 5032 1128 5055 ,
1160 4990 1204 5044 si
1231 4989 1385 5044 velis.
1429 4989 1589 5059 Atqui
1619 5005 1754 5043 non-

145 5089 315 5145 nulli
346 5086 535 5141 dicunt
576 5100 640 5140 se
666 5083 849 5139 dolere
874 5124 889 5148 ,
919 5082 1060 5152 quod
1102 5081 1453 5136 hereditatem
1484 5082 1756 5136 transmit-

144 5191 297 5235 tant
330 5179 396 5232 ad
437 5177 573 5230 alios
593 5215 609 5239 ,
634 5183 688 5229 et
712 5173 909 5227 vellent
955 5171 1121 5242 magis
1145 5186 1261 5226 eam
1290 5171 1551 5235 exedere,
1596 5185 1755 5239 quam

144 5272 373 5328 videre
402 5267 538 5322 alios
577 5264 693 5335 ejus
718 5264 981 5319 dominos.
1028 5261 1211 5332 Neque
1255 5277 1355 5331 ego
1402 5271 1453 5317 te
1492 5263 1662 5317 libero
1689 5264 1757 5319 ab

143 5368 285 5421 hac
313 5357 684 5415 imbecillitate
717 5376 729 5408 :
757 5371 878 5410 nam
922 5363 1003 5409 est
1031 5354 1131 5409 hoc
1164 5369 1373 5425 quoque
1402 5354 1679 5409 imbecilla:
1706 5363 1761 5410 et

144 5453 419 5509 infirmae
448 5449 663 5502 animae.
688 5446 795 5501 Sed
825 5455 1000 5499 tatnen
1025 5447 1124 5499 hoc
1149 5444 1335 5499 saltem
1360 5445 1486 5499 fiat:
1515 5446 1568 5498 in
1600 5454 1763 5499 testa-

142 5552 373 5601 mento
402 5539 654 5608 relinque
676 5538 949 5593 Christum
998 5535 1269 5591 heredem.
1310 5534 1445 5590 Nam
1489 5546 1763 5605 oporteret

143 5636 412 5708 quidem
454 5633 717 5686 viventem
740 5648 756 5692 ;
781 5630 884 5683 hoc
908 5629 1050 5682 enim
1076 5637 1219 5711 esset
1261 5637 1406 5683 recte
1444 5627 1667 5682 instituti
1697 5630 1762 5683 li-

147 5728 297 5786 beri
321 5722 562 5786 arbitrii;
581 5720 675 5776 sed
689 5731 866 5775 tamen
883 5720 1009 5774 vela
1027 5720 1344 5775 necessitate
1359 5720 1454 5775 fias
1469 5719 1760 5775 liberalior.

159 5819 422 5878 Etenim
456 5820 745 5886 propterea
772 5811 1015 5869 Christus
1038 5811 1192 5881 jussit
1232 5810 1363 5868 dare
1403 5809 1755 5882 pauperibus,

1032 407 1100 464 ΙΝ
1136 406 1350 465 EPIST.
1391 408 1483 464 AD
1521 405 1759 465 EPHES.
1797 405 1949 462 CAP.
1990 404 2057 461 ν.
2090 405 2325 465 ιιοιιιι..
2364 406 2551 465 XVIII.

3290 411 3318 464 Ι
3327 408 3400 465 98

1841 530 1895 574 ut
1923 536 2020 576 nos
2046 520 2286 577 viventes
2304 523 2555 578 redderet
2576 522 2917 593 philosophos
2932 563 2947 589 ,
2970 532 3029 578 ut
3052 525 3397 594 persuaderet

1831 613 2108 683 despicere
2136 617 2386 683 pecunias
2406 657 2419 678 ,
2449 627 2507 670 ut
2530 616 2747 671 doceret
2776 626 2981 671 terrena
3027 629 3395 673 contemnere.

1830 704 1946 759 Non
1971 715 2053 760 est
2079 707 2181 759 hoc
2210 708 2461 776 pecunias
2487 707 2765 776 despicere
2790 748 2805 772 ,
2853 708 3168 763 morientem
3203 721 3259 764 et
3289 728 3395 764 non

1830 797 1966 851 ultra
1987 797 2260 852 dominum
2289 798 2413 854 huic
2438 808 2494 854 et
2515 800 2587 854 illi
2612 801 2849 870 praebere
2879 820 2894 857 :
2928 819 3029 856 non
3052 803 3161 873 jam
3188 818 3256 857 ex
3284 808 3391 858 tuis

1831 887 1944 953 das,
1971 889 2063 944 sed
2090 904 2154 945 ex
2199 891 2312 961 ipsa
2344 894 2665 948 necessitate
2690 912 2707 948 :
2735 895 2893 950 morti
2924 905 3005 951 est
3052 897 3219 966 gratia
3242 938 3255 960 ,
3289 914 3395 952 non

1832 979 1926 1035 tibi
1950 997 1965 1033 :
2001 981 2102 1036 hoc
2126 997 2232 1036 non
2259 993 2341 1038 est
2387 985 2776 1041 benevolentiae
2796 1027 2810 1049 ,
2836 987 2932 1042 sed
2962 990 3241 1043 irrisionis.
3268 989 3391 1044 Cae—

1831 1076 2001 1125 terum
2031 1071 2120 1127 vel
2159 1072 2237 1128 sic
2265 1073 2389 1142 fiat,
2422 1075 2505 1129 vel
2537 1084 2662 1131 tunc
2700 1078 2848 1131 solve
2882 1079 3065 1131 vitium
3110 1090 3165 1134 et
3192 1082 3383 1134 malam

1829 1164 1991 1218 animi
2042 1164 2398 1222 aﬂ'ectiouem.
2446 1167 2631 1238 Cogita
2690 1184 2849 1238 quam
2902 1171 3067 1223 multa
3118 1172 3396 1239 rapueris,

1830 1272 1986 1328 quam
2030 1258 2197 1312 multa
2244 1274 2339 1328 per
2378 1262 2661 1315 avaritiam
2690 1260 3023 1330 possederis;
3066 1263 3229 1317 redde
3274 1278 3395 1317 om-

1832 1347 1978 1401 nium
2003 1348 2389 1424 quadruplum;
2418 1351 2488 1404 ita
2514 1350 2655 1420 apud
2696 1352 2859 1406 Deum
2887 1366 3102 1405 auulsam
3133 1362 3273 1405 tuam
3301 1352 3397 1407 de-

1832 1436 2006 1492 fende.
2037 1438 2139 1493 Sed
2166 1449 2291 1494 sunt
2338 1442 2576 1496 nonnulli
2620 1442 2707 1510 qui
2740 1458 2805 1495 eo
2828 1443 3045 1496 veniunt
3091 1444 3310 1497 insania:
3338 1452 3394 1497 et

1830 1528 2101 1592 caecitatis,
2132 1538 2191 1583 ut
2225 1545 2291 1584 ne
2319 1540 2445 1585 tunc
2470 1531 2685 1600 quidem
2716 1533 2931 1587 videant
2972 1532 3112 1602 quod
3143 1542 3392 1602 oportet,

1831 1620 1925 1674 sed
1955 1636 2017 1675 ac
2043 1622 2085 1673 si
2112 1621 2345 1677 studium
2377 1633 2615 1692 ponant,
2648 1633 2703 1677 ut
2733 1623 2827 1677 Dei
2848 1623 3103 1692 judicium
3130 1624 3233 1677 sibi
3262 1639 3387 1692 gra-

1830 1712 1947 1766 vius
1975 1712 2231 1776 efficiant.
2259 1714 2330 1767 ita
2356 1724 2517 1783 agunt
2544 1716 2741 1768 omnia.
2770 1716 3061 1784 Propterea
3094 1715 3180 1770 hic
3206 1715 3395 1771 beatus

1832 1804 2043 1859 dicebat
2070 1803 2310 1859 scribens
2340 1823 2354 1858 :
2379 1803 2663 1874 Tamquam
2688 1807 2784 1875 lilii
2808 1808 2935 1862 lucis
2954 1808 3223 1862 ambulate.
3252 1809 3396 1863 Ava-

1833 1909 1926 1949 rus
1950 1902 2127 1949 autem
2155 1895 2384 1949 maxime
2413 1895 2542 1951 vivit
2587 1896 2641 1950 in
2684 1897 2919 1953 tenebris
2941 1940 2956 1963 ,
2984 1909 3038 1954 et
3082 1913 3300 1968 magnas
3332 1900 3384 1954 in

1833 1999 2020 2041 omnes
2045 1986 2245 2056 spargit
2273 1987 2536 2043 tenebras.
2570 1987 2658 2055 Et,
2696 1988 2872 2043 Nolite
2919 1993 3285 2047 communicare
3319 1993 3400 2045 in-

1832 2075 2103 2144 [ructuosis
2128 2077 2362 2147 operibus
2388 2079 2727 2144 tenebrarum,
2753 2081 2914 2151 magis
2940 2092 3104 2135 autent
3132 2083 3399 2153 redargui-

1834 2178 1882 2221 te
1904 2183 2047 2238 :qua:
2062 2171 2193 2223 enim
2213 2170 2265 2224 in
2281 2172 2477 2225 occulto
2494 2172 2621 2239 ﬁunt
2636 2173 2698 2225 ab
2717 2173 2863 2241 ipsis,
2886 2183 3031 2242 turpe
3047 2184 3119 2231 est
3144 2188 3190 2229 et
3213 2177 3396 2230 dicere.

1839 2256 2021 2310 Omnia
2046 2269 2212 2312 autem
2236 2275 2351 2329 qua:
2376 2271 2665 2331 arguuntur
2693 2263 2954 2329 alumine,
2988 2266 3398 2337 manifestantur.

1906 2348 1984 2403 De
2001 2350 2294 2420 corrigendo
2324 2352 2574 2420 proximo.
2605 2381 2677 2395 -—-
2702 2353 2897 2408 Audite
2916 2394 2931 2419 ,
2963 2369 3092 2423 rogo
3111 2396 3126 2420 ,
3156 2355 3401 2425 quicum-

1835 2456 1939 2512 que
1962 2438 2068 2496 nbn
2097 2442 2265 2496 vultis
2288 2442 2406 2497 sine
2432 2458 2589 2501 causa
2618 2443 2801 2501 haberi
2823 2444 2966 2499 odio.
3000 2446 3178 2515 Rapit,
3210 2458 3261 2501 et
3290 2464 3402 2503 non

1836 2532 2054 2600 arguis?
2080 2534 2148 2585 At
2171 2532 2325 2587 times
2344 2532 2544 2586 odium.
2572 2533 2729 2602 Atqui
2760 2550 2865 2588 non
2887 2534 3085 2591 esthoc
3104 2538 3223 2591 sine
3238 2552 3403 2593 causa

1837 2620 1963 2676 odio
1989 2621 2206 2688 haberi;
2251 2621 2346 2677 sed
2392 2622 2536 2693 juste
2561 2624 2738 2692 arguis
2760 2665 2777 2690 ,
2802 2633 2858 2678 et
2887 2624 3042 2681 times
3062 2625 3284 2683 odium?
3310 2643 3403 2683 ar-

1838 2727 1938 2783 gue
1953 2711 2193 2777 fratrem,
2216 2714 2428 2782 suscipe
2450 2713 2753 2769 inimicitias
2774 2724 2991 2785 propter
3014 2726 3156 2773 tuam
3181 2716 3233 2772 in
3248 2718 3406 2773 Chri-

1840 2814 1979 2858 stum
2007 2804 2305 2869 caritatem,
2338 2814 2555 2874 propter
2582 2814 2722 2859 tuam
2752 2805 2805 2859 in
2832 2806 3003 2876 ipsum
3029 2806 3400 2873 dilectionem:

1840 2892 2060 2963 prohibe
2082 2908 2149 2949 ne
2174 2894 2287 2963 ipse
2306 2893 2462 2949 abeat
2494 2895 2545 2948 in
2567 2893 2893 2951 barathrum.
2911 2895 3043 2953 Nam
3065 2911 3264 2955 mensae
3282 2913 3413 2956 esse

1839 2982 2162 3053 participes,
2209 2992 2266 3039 et
2309 2983 2658 3054 benignorum
2701 2985 2988 3041 verborum
3013 3029 3028 3053 ,
3076 2997 3129 3043 et
3158 2988 3413 3058 jucunda:

1840 3074 2234 3145 eloquutionis,
2260 3083 2314 3130 et
2337 3075 2672 3141 deliciarum,
2704 3091 2809 3135 non
2840 3085 2923 3131 est
2950 3078 3234 3133 admodum
3266 3080 3411 3134 ami-

1841 3166 1999 3223 citiis.
2032 3167 2107 3225 Ea
2135 3168 2331 3222 nostris
2359 3167 2546 3222 amicis
2591 3168 2728 3222 dona
2772 3168 3061 3239 largiamur
3084 3210 3099 3235 ,
3129 3179 3184 3223 ut
3208 3185 3393 3228 eorum

1843 3261 2071 3315 animam
2096 3258 2165 3312 ab
2208 3259 2284 3313 ira
2317 3259 2408 3313 Dei
2441 3258 2804 3327 extrahamns,
2832 3259 2885 3315 in
2917 3259 3032 3314 vitii
3080 3260 3293 3317 fornace
3318 3264 3413 3317 γι·-

1844 3351 2030 3406 dentes
2058 3366 2151 3407 eos
2190 3351 2429 3420 jacentes
2475 3351 2762 3420 erigamus.
2813 3353 2882 3405 At
2925 3368 3030 3407 non
3079 3354 3408 3423 corrigitur,

1846 3443 2037 3512 inquit.
2066 3441 2173 3496 Sed
2219 3441 2303 3496 fac
2332 3450 2388 3495 tu
2417 3441 2559 3511 quod
2588 3451 2734 3495 tuum
2765 3451 2879 3505 est,
2910 3454 2962 3497 et
2989 3444 3126 3513 apud
3158 3443 3322 3499 Deum
3349 3459 3417 3499 es

1845 3542 2149 3587 excusatus.
2194 3530 2274 3585 Ne
2319 3531 2553 3586 occultes
2602 3531 2855 3586 talentum
2886 3549 2899 3585 :
2927 3543 3207 3601 pr0pterea
3244 3533 3410 3589 habes

1845 3624 2129 3687 rationem,
2153 3631 2437 3692 propterea
2465 3620 2695 3691 linguam
2718 3632 2774 3680 et
2793 3637 2876 3690 os,
2900 3632 2958 3677 ut
2980 3624 3214 3695 corrigas
3236 3626 3411 3695 proxi-

1848 3728 2012 3766 mum.
2055 3710 2179 3768 Sola
2209 3712 2363 3767 bruta
2389 3728 2493 3766 non
2520 3720 2713 3781 gerunt
2737 3728 2916 3768 curam
2950 3716 3207 3785 proximi,
3238 3731 3411 3788 neque

1846 3806 2069 3859 aliorum
2097 3804 2258 3860 ullam
2286 3803 2485 3860 habent
2510 3804 2766 3859 rationem
2795 3824 2808 3859 :
2835 3815 2892 3859 tu
2922 3816 3101 3860 autem
3127 3806 3217 3876 qui
3243 3807 3409 3863 Deum

1846 3909 2004 3950 vocas
2041 3904 2262 3965 patrem,
2282 3904 2335 3947 et
2356 3894 2649 3962 proximum
2671 3892 2908 3961 fratrem,
2932 3895 3114 3950 videns
3132 3911 3254 3953 eum
3274 3899 3415 3954 mala

1847 3984 2127 4041 facientem
2172 3986 2482 4053 innumera,
2533 3987 2648 4055 ejus
2676 3988 2898 4057 gratiam
2938 3989 3202 4058 praeponis
3246 3989 3415 4060 ipsius

1849 4075 2100 4131 utilitati?
2130 4075 2206 4131 Ne
2231 4075 2331 4131 hoc
2359 4075 2522 4131 facias
2540 4092 2688 4148 rogo.
2711 4076 2924 4132 Nullum
2952 4088 3034 4133 est
3054 4088 3256 4135 tantum
3279 4082 3417 4136 ami-

1847 4168 1984 4222 citize
2010 4166 2286 4235 indicium,
2307 4178 2560 4239 quantum
2591 4168 2783 4223 fratres
2803 4180 3087 4239 peccantes
3112 4186 3217 4225 non
3239 4169 3423 4240 despi-

1848 4273 1990 4314 cere.
2014 4259 2199 4315 Vidisti
2223 4274 2315 4315 eos
2336 4274 2456 4316 esse
2477 4260 2752 4319 inimicos?
2778 4260 3078 4315 reconcilio.
3109 4260 3297 4316 Vidisti
3320 4278 3425 4319 eos

1848 4365 1944 4420 per
1969 4351 2243 4404 avaritiam
2276 4349 2523 4405 fraudare
2565 4358 2619 4404 et
2666 4348 2812 4418 plura
2858 4350 3169 4418 acquirere?
3200 4351 3425 4407 cohibe.

1850 4441 2041 4495 Vidisti
2092 4440 2282 4510 injuria
2307 4440 2486 4495 affici?
2516 4454 2609 4495 eos
2629 4438 2852 4495 defende
2877 4457 2891 4493 :
2918 4457 3022 4495 non
3053 4441 3176 4507 illis,
3206 4441 3300 4497 sed
3323 4443 3426 4501 tibi

1850 4531 2013 4602 priori
2038 4544 2097 4584 es
2116 4529 2459 4600 gratilicatus.
2482 4529 2763 4599 Propterea
2786 4544 2969 4585 sumus
2992 4532 3145 4584 amici
3170 4571 3185 4595 ,
3208 4540 3265 4585 ut
3289 4547 3416 4602 pro-

1850 4623 2015 4677 simus
2060 4621 2196 4675 alter
2236 4620 2407 4675 alteri.
2451 4622 2621 4676 Aliter
2657 4620 2835 4674 audiet
2859 4621 2926 4675 ab
2950 4623 3155 4689 amico,
3203 4622 3419 4678 aliter:

1852 4714 2082 4785 quolibet
2113 4730 2127 4767 :
2156 4711 2296 4766 hunc
2340 4711 2552 4767 habebit
2599 4712 2731 4768 forte
2777 4721 3076 4780 suspectum
3100 4753 3115 4777 ,
3140 4722 3195 4767 et
3222 4711 3413 4767 docto-

1853 4819 1967 4859 rem
2002 4803 2273 4866 similiter;
2320 4803 2547 4856 amicum
2571 4812 2747 4856 autem
2794 4816 2899 4856 non
2947 4801 3094 4856 item.
3130 4802 3256 4869 Quae
3286 4803 3421 4856 enim

1854 4897 1907 4950 in
1933 4896 2128 4970 occulto
2151 4895 2281 4964 [iant
2318 4894 2381 4949 ab
2418 4894 2541 4963 ipsis
2563 4932 2578 4955 ,
2620 4900 2765 4960 turpe
2803 4903 2876 4947 est
2917 4901 2961 4946 et
2988 4893 3182 4960 dicere,
3226 4893 3427 4963 inquit.

1860 4987 2041 5043 Omnia
2062 4997 2254 5050 autem,
2282 5003 2393 5058 quae
2417 4996 2697 5056 arguuntur
2722 4986 2989 5053 alumine,
3014 4989 3417 5058 manifestantur.

1857 5079 1992 5147 Quid
2023 5079 2107 5133 hic
2134 5079 2243 5134 vult
2287 5079 2505 5135 dicere?
2555 5079 2665 5132 lloc
2711 5077 2876 5133 dicit:
2909 5078 3010 5133 alia
3040 5079 3251 5148 quidem
3299 5095 3427 5149 pec-

1859 5183 1977 5228 cata
2028 5173 2162 5227 clam
2216 5171 2374 5236 fiunt,
2422 5171 2527 5225 alia
2575 5180 2749 5225 autem
2800 5172 3077 5225 manifeste
3120 5171 3275 5225 :illic
3325 5187 3421 5224 au-

1863 5272 1967 5317 tem
1999 5277 2102 5316 non
2131 5263 2207 5317 sic
2234 5264 2353 5316 erit.
2402 5261 2566 5319 Nemo
2614 5262 2755 5316 enim
2804 5270 2888 5315 est
2934 5263 3020 5330 qui
3067 5262 3267 5330 peccati
3318 5276 3428 5316 non

1862 5357 1932 5413 sit
1968 5358 2067 5410 sibi
2108 5357 2370 5415 conscius.
2410 5354 2694 5423 Propterea
2744 5353 2890 5417 dicit,
2927 5352 3129 5416 Omnia,
3182 5367 3293 5422 qua:
3335 5368 3425 5404 ar-

1864 5458 2083 5520 guuntur
2131 5464 2165 5501 a
2214 5447 2438 5511 lumine,
2488 5443 3080 5521 manifestantur.pQuid
3122 5442 3284 5513 ergo?
3331 5456 3429 5495 an-

1866 5554 1972 5591 non
2012 5538 2130 5601 hic,
2173 5537 2415 5607 inquies,
2458 5535 2526 5589 de
2564 5536 2855 5590 idololatria
2906 5534 3176 5601 loquitur?
3223 5531 3431 5603 Nequa-

1869 5645 2049 5699 quam.
2091 5628 2193 5683 Sed
2244 5627 2311 5682 de
2362 5629 2465 5681 vita
2517 5636 2570 5683 et
2619 5630 2846 5696 peccatis
2899 5625 3058 5679 verba
3111 5623 3251 5678 facit.
3308 5623 3432 5677 0m-

1874 5736 1934 5772 ne
1962 5720 2090 5775 enim
2115 5719 2250 5788 quod
2280 5719 2631 5787 manifestatur
2652 5758 2667 5783 ,
2693 5716 2892 5785 inquit,
2925 5716 3093 5769 lumen
3120 5726 3211 5771 est.
3239 5715 3435 5784 Quam-

1872 5811 2053 5865 ohrcm
2076 5851 2090 5877 ,
2123 5826 2250 5881 rogo
2276 5852 2290 5877 ,
2324 5826 2495 5882 neque
2542 5824 2635 5865 vos
2681 5807 2931 5865 dubitetis
2979 5822 3197 5879 arguere
3218 5849 3234 5877 ,
3265 5822 3437 5879 neque
