3974 6518
533 419 635 474 127

534 544 677 600 aegre
705 528 886 583 feralis
927 527 972 582 si
1015 525 1331 595 arguamiui.
1374 524 1505 579 Nam
1535 526 1790 594 quamdiu
1818 528 2017 596 aliquid
2050 518 2109 580 lit

542 623 595 674 iu
627 619 893 683 tenebris,
929 619 988 671 lit
1015 618 1288 679 securius;
1320 616 1533 685 quando
1563 626 1739 671 autem
1783 618 1944 673 habet
1968 619 2107 673 mul-

538 724 621 767 tos
650 721 810 766 testes
831 725 1014 763 eorum
1043 724 1162 778 quae
1188 708 1343 773 tiunt,
1373 709 1723 762 illumiuatur.
1752 709 2108 776 Quamobrem

540 802 715 858 Omnia
751 801 978 855 tttaximc
1013 813 1232 869 agamus
1258 810 1312 851 ut
1339 800 1558 852 fratrum
1593 807 1896 851 nostrorum
1924 801 2107 869 abiga-

537 906 658 948 mus
702 891 880 943 omnia
929 906 1046 959 quae
1097 890 1162 942 ad
1205 898 1430 943 mOrtem
1478 888 1714 953 ducunt,
1746 900 1802 942 ut
1841 889 2112 959 disperga-

532 997 658 1037 mus
686 982 954 1047 tenebras,
982 992 1038 1035 ut
1067 980 1398 1035 attrahamus
1423 980 1599 1034 Solem
1639 981 1877 1049 justitiae.
1906 982 2112 1038 Nam-si

540 1075 707 1128 mttlta
731 1074 832 1126 sint
867 1071 1167 1136 luminaria,
1196 1079 1252 1126 et
1279 1070 1488 1124 virtutis
1517 1072 1601 1124 via
1631 1071 1760 1140 ipsis
1787 1072 1889 1126 erit
1915 1074 2105 1140 facilis,

1264 414 1322 469 S.
1358 411 1631 469 JOANNIS
1666 413 2125 470 CllllYSDSTOMI
2164 414 2473 471 ARCHIEP.
2513 415 3037 473 CONSTAN'I'INOP.

3684 426 3788 483 198

2211 538 2264 581 et
2294 528 2384 598 qui
2412 540 2537 583 sunt
2577 531 2628 584 in
2657 532 2892 586 tenebris
2930 531 3098 603 magis
3123 532 3590 603 deprchendemur
3610 580 3625 606 ,
3653 542 3780 596 luce

2212 621 2518 687 exoriente,
2549 634 2603 676 et
2633 623 2753 677 illas
2780 623 3078 679 auferente.
3129 625 3223 681 Sin
3249 636 3426 683 autem
3457 639 3644 685 contra
3666 672 3686 697 ,
3717 633 3788 684 tio

2218 712 2466 766 mendum
2489 725 2570 767 est
2588 729 2653 768 ue
2675 714 2770 782 ipsi
2793 715 3218 785 exstinguantur,
3238 719 3570 776 tenebrarum
3588 733 3643 776 et
3662 739 3788 790 pec-

2214 814 2454 859 eatorum
2484 808 2837 861 crassitudine
2886 807 3054 862 lucem
3101 810 3381 875 vincente,
3435 824 3489 866 et
3534 814 3789 884 abigcnto

2215 898 2330 964 ejus
2361 899 2810 967 perspicuitatem.
2853 899 2944 956 Sic
2985 916 3114 971 ergo
3138 901 3311 957 allecti
3353 905 3547 970 simus,
3580 915 3639 960 ut
3680 922 3787 960 no—

2217 987 2298 1042 bis
2330 990 2598 1058 prosimus
2625 1007 2640 1055 ;
2672 1001 2725 1044 ut
2758 1006 2852 1060 per
2878 992 3053 1045 omnia
3081 994 3304 1062 gloriam
3349 996 3651 1051 emittamus
3687 998 3789 1053 be-

2225 1078 2387 1147 nigno
2416 1088 2469 1132 et
2495 1080 2749 1135 clementi
2780 1081 2916 1147 Deo,
2950 1084 3118 1151 gratia
3150 1093 3204 1138 et
3234 1086 3571 1156 benignitate,
3603 1099 3713 1143 etc.

2703 1193 3781 1218 “———_—_———-—I—d

1957 1244 2300 1307 HOMILIA
2346 1246 2529 1308 XIX.

533 1365 666 1423 CAP.
694 1368 747 1424 5.
788 1365 961 1421 v.15.
1002 1363 1174 1419 Videte
1211 1364 1398 1431 itaque,
1437 1366 1641 1434 fratres,
1672 1366 1921 1433 quomodo
1966 1377 2116 1420 caute

612 1459 872 1513 ambuletis
895 1474 915 1511 :
945 1473 1044 1510 non
1064 1456 1207 1525 quasi
1223 1455 1532 1524 insipientes,
1560 1454 1646 1508 16.
1664 1454 1753 1508 sed
1774 1466 1825 1507 ut
1843 1457 2112 1525 sapientes,

610 1553 905 1606 redimentes
927 1560 1123 1617 tempus
1142 1588 1156 1611 ,
1183 1547 1419 1617 quoniam
1434 1546 1539 1599 dies
1564 1545 1685 1598 mali
1714 1555 1850 1600 sunt.
1875 1547 1961 1600 17.
1980 1545 2114 1600 Pro-

609 1653 780 1712 pterea
804 1640 957 1693 nolite
982 1640 1094 1707 ﬁeri
1118 1637 1483 1707 imprudentes,
1514 1637 1603 1691 sed
1646 1637 1976 1706 intelligentes
2003 1653 2116 1708 qua:

607 1738 670 1789 sit
701 1735 927 1788 voluntas
956 1731 1183 1787 Domini.

614 1832 665 1882 t.
698 1828 965 1895 Expurgat
993 1824 1170 1878 adlmc
1212 1822 1446 1877 radicem
1487 1822 1791 1877 acerbitatis
1819 1832 1872 1876 et
1898 1837 2113 1877 amaru—

539 1919 719 1974 leutize
743 1956 758 1981 ,
782 1915 957 1971 adhuc
985 1912 1248 1968 exscindit
1276 1912 1612 1966 occasionem
1656 1912 1767 1965 irae.
1808 1910 1945 1979 Quid
1971 1913 2114 1968 enim

541 2008 713 2065 dicit?
751 2005 926 2060 Videte
947 2003 1200 2077 quomodo
1231 2012 1375 2056 caute
1398 2001 1685 2056 ambuletis.
1712 2001 1928 2057 Sciebat
1956 2003 2117 2072 Magi-

536 2113 707 2155 strum
738 2114 917 2161 suum,
944 2097 1237 2166 discipulos
1285 2093 1584 2148 mittentem
1632 2093 1770 2147 sicut
1797 2108 1926 2147 oves
1978 2093 2116 2148 inter

541 2197 696 2264 lupos
721 2234 735 2258 ,
762 2188 1083 2261 praecepisse
1112 2186 1215 2241 illis
1242 2198 1297 2239 ut
1322 2194 1506 2241 essent
1534 2186 1671 2239 sicut
1699 2185 1964 2239 columbae
1998 2201 2011 2239 :
2045 2183 2115 2237 Et

539 2284 699 2347 eritis,
728 2283 917 2350 inquit,
944 2279 1197 2348 simplices
1224 2278 1351 2331 sicut
1371 2277 1617 2329 columbae
1645 2274 1857 2345 (Matth.
1878 2276 1966 2331 10.
1998 2276 2112 2345 16).

538 2374 674 2428 Cum
721 2386 847 2441 ergo
867 2378 923 2425 ct
962 2370 1102 2423 inter
1132 2368 1284 2437 lupos
1313 2375 1491 2421 essent
1510 2407 1525 2431 ,
1572 2376 1625 2419 et
1656 2365 1760 2419 illis
1791 2376 2114 2435 prmcejttum

541 2474 690 2522 esset
739 2479 807 2518 ne
857 2462 1265 2526 ulciscerentur,
1316 2456 1411 2513 sed
1442 2456 1579 2511 male
1623 2466 1952 2525 paterentur,
1994 2455 2116 2510 ideo

543 2558 632 2613 tali
666 2556 1034 2611 admonitione
1078 2568 1213 2623 opus
1242 2551 1526 2607 habebant.
1560 2548 1720 2619 Atqui
1753 2549 1883 2603 satis
1913 2560 2028 2604 erat
2056 2550 2119 2603 il-

542 2650 630 2705 Iud
656 2649 801 2719 prius
820 2646 887 2701 ad
912 2661 1006 2701 eos
1034 2643 1330 2701 reddendos
1352 2639 1727 2696 imbecilliores
1751 2653 1766 2693 ε
1790 2655 1908 2693 cum
1939 2650 2116 2694 autem

542 2742 768 2796 duorum
787 2740 856 2792 sit
872 2737 1130 2801 accessio,
1155 2735 1326 2804 cogita
1345 2731 1831 2805 ltyperboleii.\iide
1850 2746 1975 2801 ergo
1988 2746 2117 2800 quo-

542 2831 702 2889 modo
719 2831 911 2884 Paulus
927 2843 1019 2881 eos
1037 2827 1207 2880 munit
1227 2835 1281 2879 et
1298 2833 1437 2878 tutos
1455 2824 1626 2879 reddit
1646 2841 1660 2880 :
1683 2822 1855 2877 Videte
1868 2821 2117 2892 quomodo

543 2923 824 2978 ambuletis.
851 2920 1074 2989 Integra:
1090 2918 1334 2973 civitates
1355 2916 1610 2971 adversus
1638 2930 1733 2970 eos
1756 2914 1949 2969 bellum
1973 2929 2118 2984 gere-

547 3017 696 3080 bant,
721 3015 910 3068 domos
941 3013 1100 3065 etiam
1132 3010 1427 3079 ingressum
1454 3017 1537 3063 est
1572 3008 1671 3062 hoc
1700 3006 1937 3062 bellum:
1969 3016 2118 3076 pater

544 3106 800 3160 adversus
823 3104 1011 3168 lilimn,
1040 3101 1182 3155 (ilius
1204 3100 1460 3154 adversus
1483 3109 1709 3169 patrem,
1738 3108 1908 3152 mater
1930 3098 2118 3153 adver-

544 3212 636 3251 sus
660 3195 821 3249 ﬁliam
844 3236 858 3258 ,
894 3194 995 3246 tilia
1025 3192 1280 3246 adversus
1317 3201 1540 3244 matrem
1579 3188 1735 3243 divisi
1781 3196 1951 3244 erant.
1981 3188 2118 3256 Quid

546 3287 709 3341 vero?
778 3286 1044 3338 undeuam
1094 3292 1248 3338 erant
1299 3297 1377 3336 ea:
1424 3281 1715 3334 divisiones
1744 3281 1769 3332 7
1820 3279 2118 3335 Audierant

545 3380 813 3436 Christum
836 3378 1105 3432 dicentem
1133 3392 1145 3427 :
1175 3376 1276 3440 Qui
1298 3385 1431 3427 amat
1452 3385 1645 3443 putrem
1666 3383 1753 3426 aut
1773 3384 1981 3427 matrem
2004 3374 2118 3442 plus

547 3488 700 3543 quam
728 3486 825 3535 me,
858 3486 955 3523 non
1000 3478 1072 3521 est
1130 3482 1208 3520 me
1256 3466 1437 3536 dignus
1483 3463 1534 3532 (l
1545 3464 1646 3517 bid.
1674 3479 1723 3517 υ.
1748 3464 1861 3533 57).
1893 3462 1970 3518 Ne
1991 3478 2119 3534 ergo

550 3564 917 3621 existimarent
941 3576 1061 3615 eum
1089 3559 1222 3613 bella
1254 3568 1303 3612 et
1324 3572 1522 3626 [mgnas
1541 3556 1731 3610 frustra
1757 3556 2116 3624 introducere,

550 3656 801 3729 quoniam
826 3669 1012 3723 magna
1036 3654 1112 3706 ira
1140 3661 1256 3705 erat
1280 3651 1571 3715 exoritura,
1604 3650 1648 3703 si
1672 3649 1771 3718 ipsi
1798 3663 2010 3718 quoque
2049 3648 2121 3702 ir-

551 3748 761 3819 rupturi
810 3755 1010 3811 essent,
1042 3759 1104 3797 ea
1134 3743 1200 3797 de
1248 3756 1407 3796 causa
1441 3741 1590 3807 dicit,
1651 3737 1827 3794 Videte
1868 3738 2119 3807 quomodo

552 3849 697 3896 caute
718 3837 1001 3892 ambuletis.
1033 3835 1145 3890 l'loc
1166 3842 1268 3898 est,
1299 3844 1491 3903 praeter
1523 3832 1967 3902 praedicationem,
2014 3843 2120 3884 non

551 3929 765 3985 aliunde
811 3927 948 3982 detis
1000 3925 1333 3979 occasionem
1375 3922 1834 3993 suscipiendarum
1863 3921 2121 3975 adversus

552 4038 648 4076 vos
675 4019 1067 4075 inimicitiarum
1099 4032 1113 4069 :
1145 4018 1259 4070 brec
1282 4017 1393 4069 sola
1421 4015 1491 4068 sit
1516 4028 1675 4070 causa
1703 4023 1754 4068 et
1781 4013 1992 4068 occasio
2014 4013 2121 4067 ini-

554 4110 871 4166 micitiarum
904 4124 918 4160 ε
949 4121 1105 4161 nemo
1131 4106 1207 4160 rei
1233 4106 1453 4159 alterius
1478 4103 1529 4157 in
1570 4119 1665 4157 vos
1705 4104 1906 4158 crimen
1948 4103 2123 4157 inten—

555 4205 681 4268 dat;
726 4201 820 4256 sed
864 4210 918 4256 et
951 4200 1206 4253 honorem
1234 4206 1290 4251 et
1312 4211 1524 4251 omnem
1569 4194 1833 4250 ostendite
1867 4194 2122 4251 obedien-

558 4296 719 4358 tiam,
771 4290 982 4362 quando
1027 4288 1159 4344 nihil
1201 4286 1360 4342 laedet
1401 4286 1865 4357 praedicationem,
1908 4285 2122 4356 quando

558 4388 687 4442 nihil
722 4384 971 4455 impediet
994 4382 1266 4451 pietatem.
1298 4379 1527 4445 Reddite,
1557 4378 1747 4448 inquit,
1775 4378 2005 4432 omnibus
2034 4378 2123 4431 de-

555 4479 677 4537 bita,
695 4478 773 4529 cui
795 4474 1049 4537 tributum,
1075 4472 1335 4536 tributum,
1353 4470 1433 4524 cui
1462 4470 1692 4539 vectigal,
1712 4468 1921 4538 uectigal
1946 4467 2119 4538 (Rom.

558 4570 647 4624 15.
670 4570 747 4635 7).
777 4565 998 4634 Quando
1024 4564 1164 4618 enim
1190 4563 1241 4616 in
1267 4561 1383 4616 aliis
1415 4561 1643 4615 viderint
1671 4575 1766 4614 vos
1798 4575 1918 4614 esse
1943 4573 2123 4629 :equos

559 4672 611 4717 et
642 4662 837 4725 bonos,
862 4658 1065 4727 pudore
1081 4654 1471 4709 suliundcntur.
1503 4651 1625 4706 Non
1651 4653 1793 4722 quasi
1812 4651 2120 4715 insipientes,

563 4751 651 4806 sed
681 4762 932 4819 tamquam
958 4747 1223 4815 sapientes,
1278 4744 1573 4797 redimentes
1600 4749 1812 4809 tempus.
1859 4740 1973 4794 Non
2012 4739 2124 4793 haec

562 4846 766 4908 suadet,
819 4843 1001 4896 Voleus
1024 4855 1131 4893 non
1156 4854 1214 4893 es
1245 4853 1275 4891 e
1308 4836 1483 4890 varios
1512 4845 1565 4889 et
1593 4849 1692 4889 nos
1722 4835 1776 4888 in
1804 4848 1990 4887 omnes
2021 4832 2126 4885 lor-

562 4955 678 4994 mas
693 4945 922 4998 vertere,
950 4931 1043 4987 sed
1069 4930 1171 4983 hoc
1191 4927 1321 4982 dicit
1350 4942 1364 4979 :
1397 4926 1512 4981 Non
1542 4934 1624 4981 est
1645 4934 1852 4993 tempus
1868 4934 2125 4977 vestrum:

566 5046 708 5087 nunc
732 5028 862 5084 estis
893 5022 1134 5094 inquilini
1162 5030 1216 5075 et
1245 5018 1534 5090 peregrini,
1565 5026 1619 5072 et
1647 5016 1885 5086 hOSpites
1912 5024 1966 5070 et
1994 5014 2126 5069 alie-

561 5124 615 5178 ni
640 5140 652 5175 :
680 5138 746 5177 ne
784 5118 1034 5189 quaeratis
1058 5114 1338 5178 honorem,
1390 5127 1458 5166 ne
1483 5109 1735 5182 quaeratis
1763 5107 2009 5178 gloriam,
2061 5121 2129 5161 ne

561 5214 813 5287 quwratis
843 5209 1163 5280 potentiam,
1193 5219 1293 5261 nec
1323 5204 1577 5259 ultionem
1615 5217 1631 5253 :
1662 5201 1841 5255 omnia
1891 5200 2043 5263 ferte,
2075 5207 2131 5253 et

559 5313 639 5366 sic
668 5318 877 5375 tempus
917 5301 1195 5365 redimite;
1229 5298 1392 5352 multa
1424 5305 1477 5352 et
1500 5294 1779 5360 exsolvite,
1808 5301 1967 5363 atque
1993 5292 2127 5347 adeo

559 5398 811 5472 quidquid
843 5393 1126 5450 voluerint.
1168 5390 1467 5446 Obscurum
1493 5395 1576 5443 est
1605 5386 1802 5441 dictqu
1846 5402 1859 5439 :
1890 5400 2008 5454 age,
2036 5398 2130 5453 per

561 5489 860 5560 exemplum
879 5484 1004 5540 illud
1024 5483 1290 5554 explicare
1304 5480 1559 5535 conabor.
1588 5478 1772 5548 Cogita
1800 5476 1927 5532 mihi
1945 5490 2130 5544 quern-

562 5584 704 5655 piam
727 5581 815 5650 qui
838 5578 1055 5634 domum
1085 5575 1276 5628 habeat
1294 5571 1663 5643 splendidam;
1695 5569 1888 5624 deinde
1924 5566 2127 5637 ingredi

561 5673 767 5741 aliquos
797 5677 855 5724 ut
876 5683 999 5723 cum
1027 5666 1322 5736 perimant,
1350 5673 1404 5718 et
1432 5661 1580 5716 illum
1610 5662 1772 5715 multa
1799 5659 1925 5713 dare
1944 5698 1958 5724 ,
1993 5667 2046 5713 et
2070 5673 2129 5712 se

563 5764 801 5831 eripere;
834 5770 960 5815 tunc
985 5759 1211 5812 dicimus
1240 5771 1362 5810 eum
1393 5768 1450 5809 se
1484 5753 1794 5808 redemisse.
1824 5749 1896 5804 Ita
1919 5758 1971 5804 tu
1997 5766 2127 5820 qun-

562 5870 686 5925 que,
705 5853 921 5908 domum
950 5851 1111 5906 habes
1132 5861 1395 5920 magnam,
1415 5854 1467 5902 ct
1497 5844 1652 5899 fidem
1680 5859 1856 5898 veram
1884 5857 1897 5904 ς
1931 5842 2124 5895 irrum-

2220 1379 2350 1437 punt
2379 1380 2433 1423 nt
2461 1373 2635 1425 omnia
2664 1372 2960 1443 accipiant;
2991 1373 3057 1428 da
3079 1373 3448 1447 quodcumque
3472 1382 3786 1449 exegerint:

2216 1462 2388 1515 solum
2414 1478 2566 1516 serva
2597 1474 2775 1533 caput,
2804 1464 2982 1528 tidem,
3013 1450 3249 1535 inquam,
3273 1466 3393 1521 Dies
3418 1469 3570 1537 enim,
3590 1470 3785 1540 inquit,

2217 1551 2339 1603 ntali
2364 1561 2501 1605 sunt.

2291 1639 2406 1696 Diei
2434 1643 2628 1696 malitia
2652 1645 2775 1715 quid
2805 1645 2890 1698 sit.
2912 1646 3136 1713 —Quid
3164 1657 3246 1702 est
3271 1648 3374 1704 diei
3405 1651 3603 1705 malitia
3621 1654 3646 1703 ?
3676 1653 3786 1706 Dici

2217 1734 2419 1790 malitia
2464 1734 2625 1792 debet
2651 1751 2770 1791 esse
2808 1737 2946 1791 circa
2992 1738 3150 1793 diem.
3203 1739 3258 1795 Si
3305 1741 3555 1797 didiceris
3580 1759 3705 1813 qua:
3735 1747 3803 1798 in‘

2219 1825 2440 1895 singulis
2468 1837 2705 1881 nostrum
2745 1828 2817 1882 sit
2868 1828 3067 1882 malitia
3090 1871 3105 1893 ,
3134 1831 3273 1886 scies
3314 1831 3435 1901 quid
3466 1833 3536 1887 sit
3585 1835 3785 1889 malitia

2222 1916 2351 1971 diei.
2381 1916 2515 1983 Quid
2560 1927 2639 1971 est
2672 1918 2869 1972 malitia
2896 1934 2990 1973 seu
3028 1921 3206 1975 vitium
3238 1924 3517 1992 corporis?
3543 1928 3784 1981 morbus.

2222 2007 2358 2071 Quid
2382 2016 2463 2060 est
2484 2007 2679 2061 malitia
2705 2008 2894 2062 anim-.e
2910 2008 2933 2061 ?
2951 2010 3130 2063 vitium
3152 2026 3245 2065 seu
3269 2014 3518 2081 pravitas.
3542 2016 3682 2082 Quid
3710 2030 3789 2072 est

2218 2114 2368 2169 aqua:
2395 2100 2616 2154 malitia?
2640 2101 2956 2156 amaritudo.
2974 2104 3039 2156 Et
3055 2103 3464 2176 uniuscujusque
3476 2110 3683 2162 malitia
3697 2127 3787 2163 seu

2220 2190 2474 2258 pravitas,
2500 2201 2582 2244 est
2611 2190 2789 2245 vitium
2815 2191 2957 2246 circa
2979 2193 3118 2247 illam
3141 2204 3404 2262 naturam,
3427 2197 3581 2267 cujus
3602 2210 3689 2253 est
3710 2204 3785 2253 vi-

2221 2282 2372 2335 tium.
2406 2281 2461 2336 Si
2487 2298 2613 2353 ergo
2639 2282 2822 2337 vitium
2839 2294 2921 2338 est
2934 2285 3073 2340 circa
3096 2286 3257 2353 diem,
3278 2298 3488 2357 oportet
3508 2306 3632 2345 esse
3648 2294 3787 2346 circa

2222 2372 2392 2441 ipsum
2421 2374 2584 2439 diem,
2614 2376 2753 2428 circa
2777 2374 2954 2440 horas,
2977 2378 3117 2432 circa
3144 2377 3336 2433 lucem.
3366 2379 3440 2433 Ita
3464 2390 3516 2435 et
3543 2381 3791 2437 Christus

2218 2464 2383 2519 dicit:
2414 2464 2611 2534 Suﬂicit
2658 2466 2759 2519 diei
2811 2468 3004 2521 malitia
3031 2484 3124 2522 sua
3154 2468 3365 2540 (Matth.
3383 2470 3436 2525 6.
3454 2471 3568 2542 51).
3595 2474 3791 2529 Exhoc

2218 2572 2346 2627 ergo
2378 2556 2502 2610 illud
2532 2573 2740 2629 quoque
2779 2574 3178 2629 cognoscemus.
3210 2563 3485 2631 Quomodo
3512 2581 3643 2637 ergo
3677 2569 3792 2623 dies

2218 2657 2375 2701 Vocat
2423 2648 2623 2702 malos?
2648 2650 2915 2718 quomodo
2944 2658 3151 2721 tempus
3184 2653 3421 2707 malum?
3458 2656 3570 2710 Non
3600 2673 3791 2712 essen-

2221 2738 2370 2805 tiam,
2401 2755 2570 2809 neque
2601 2755 2687 2794 res
2713 2749 2942 2807 creatas,
2975 2742 3065 2796 sed
3097 2754 3312 2814 propter
3340 2761 3402 2800 ea
3430 2762 3549 2816 qua:
3576 2747 3715 2802 ﬁunt
3740 2751 3788 2803 in

2221 2828 2353 2899 ipsis
2385 2847 2397 2883 :
2428 2832 2564 2885 sicut
2613 2845 2711 2885 nos
2753 2847 2964 2901 quoque
3004 2831 3241 2888 solemus
3278 2833 3478 2899 dicere,
3531 2836 3790 2910 Transegi

2219 2920 2362 2976 diem
2384 2922 2578 2975 malum
2601 2930 2654 2977 et
2682 2937 2918 2993 gravem.
2946 2924 3105 2994 Atqui
3131 2925 3398 2995 quomodo
3416 2925 3788 2998 fueritgravis,

2220 3013 2325 3067 nisi
2371 3029 2433 3068 es
2482 3014 2546 3067 iis
2572 3030 2691 3083 quze
2722 3015 2771 3069 itt
2801 3015 2917 3085 ipso
2945 3015 3223 3071 accidunt?
3249 3016 3382 3085 Qua:
3412 3028 3587 3072 autem
3620 3021 3674 3073 in
3724 3037 3792 3075 eo

2219 3102 2487 3166 accidunt,
2539 3114 2664 3160 sunt
2697 3107 2910 3178 quidem
2942 3108 3079 3162 bona
3127 3123 3156 3162 a
3187 3107 3296 3163 Deo
3321 3150 3335 3174 ,
3368 3110 3507 3163 mala
3551 3122 3730 3165 autem
3759 3130 3792 3167 ει

2220 3194 2374 3248 malis
2404 3194 2724 3261 hominibus.
2744 3197 2999 3253 Malorum
3020 3214 3147 3269 ergo
3166 3215 3284 3270 qua:
3302 3201 3547 3255 accidunt
3570 3202 3622 3256 in
3650 3213 3793 3258 tem-

2222 3286 2438 3356 poribus
2489 3288 2836 3344 fabricatores
2888 3300 3012 3343 sunt
3052 3289 3296 3345 homines
3342 3308 3355 3344 :
3407 3303 3461 3346 et
3506 3304 3794 3363 propterea

2225 3387 2461 3447 tempora
2490 3379 2737 3433 dicuntur
2754 3380 2909 3434 mala.
2935 3381 3011 3437 Ita
3035 3396 3130 3435 nos
3155 3397 3364 3452 quoque
3380 3383 3517 3437 mala
3538 3400 3797 3441 vocamus

2223 3478 2481 3539 tempora.
2517 3470 2811 3539 PrOpterea,
2846 3474 3045 3542 inquit,
3076 3474 3229 3526 nolite
3253 3475 3365 3541 ﬁeri
3412 3475 3780 3545 imprudentes,

2222 3561 2311 3613 sed
2333 3562 2665 3625 intelligentes
2688 3578 2800 3632 qua:
2825 3563 2889 3616 sit
2908 3564 3138 3617 voluntas
3164 3562 3391 3618 Domini.
3418 3566 3505 3619 18.
3543 3565 3609 3619 Et
3637 3568 3799 3623 nolite

2224 3652 2464 3706 inebriari
2492 3656 2624 3716 vino,
2651 3654 2703 3707 in
2722 3669 2821 3723 quo
2859 3664 2932 3707 est
2959 3654 3184 3709 luxuria.
3214 3654 3384 3725 Hujus
3426 3671 3637 3728 quoque
3689 3659 3795 3713 im-

2225 3744 2519 3797 tnoderatio
2564 3745 2690 3798 facit
2728 3745 3017 3811 animosos,
3047 3747 3296 3812 audaces,
3328 3749 3651 3818 pnecipites,
3687 3752 3796 3805 ira-

2224 3837 2447 3901 eundos,
2478 3851 2774 3908 gravesque
2797 3846 2852 3893 et
2876 3837 3141 3892 difﬁciles.
3168 3839 3360 3893 Datum
3389 3849 3474 3895 est
3495 3842 3677 3895 vinum
3723 3843 3794 3898 ad

2228 3928 2485 3994 laetitiam,
2509 3945 2612 3982 non
2634 3928 2701 3983 ad
2721 3928 3064 3985 ebrietatem:
3084 3946 3221 3985 nunc
3236 3940 3411 3987 autem
3435 3948 3539 3988 non
3561 3934 3799 3990 inebria-

2230 4021 2310 4084 ri,
2338 4020 2543 4074 videtur
2571 4035 2659 4074 res
2685 4034 2806 4077 esse
2835 4022 3009 4092 ignavi
3037 4033 3092 4077 et
3119 4024 3435 4092 pusillanimi
3457 4065 3472 4089 ,
3503 4036 3558 4079 et
3580 4042 3699 4095 quze
3725 4028 3797 4082 sit

2231 4113 2470 4169 ridenda.
2500 4114 2750 4181 Quaenam
2775 4115 2963 4170 salutis
2983 4130 3107 4185 spes
3132 4116 3237 4170 est?
3259 4116 3417 4170 Risus
3442 4128 3524 4172 est
3550 4132 3656 4172 non
3688 4119 3798 4174 ine-

2226 4206 2409 4271 briari,
2436 4206 2536 4272 ais,
2569 4205 2779 4275 quando
2800 4207 3029 4261 ebrietas
3047 4208 3276 4262 maxime
3302 4210 3540 4262 omnium
3568 4210 3795 4266 ridicula

2225 4306 2497 4367 oporteret
2520 4296 2678 4351 esse?
2699 4295 2828 4350 Nam
2851 4300 3010 4352 etiam
3029 4299 3291 4367 privatum
3315 4300 3496 4368 procul
3518 4301 3585 4354 ab
3614 4302 3795 4356 ebrie-

2227 4401 2337 4447 tate
2364 4392 2583 4445 omnino
2610 4402 2875 4447 remotum
2898 4406 3019 4447 esse
3045 4391 3245 4447 bonum
3268 4402 3351 4448 est
3377 4409 3391 4444 :
3424 4393 3589 4447 multo
3615 4404 3794 4451 autem

2227 4482 2393 4554 magis
2423 4482 2647 4537 militem
2674 4483 2714 4547 ⁸,
2746 4484 2834 4552 qui
2865 4490 3107 4536 versatur
3130 4482 3180 4535 itt
3206 4482 3413 4551 gladiis,
3448 4484 3499 4536 in
3540 4487 3797 4554 sanguine

2229 4583 2283 4629 ct
2302 4575 2571 4638 caedibus;
2594 4583 2647 4628 et
2674 4575 2838 4628 multo
2866 4573 3033 4643 magis
3052 4574 3266 4642 quando
3293 4574 3507 4629 aliunde
3538 4575 3795 4643 irritatur,

2228 4682 2255 4720 a
2291 4675 2570 4735 potestate,
2601 4680 2631 4718 a
2652 4664 2941 4728 dominatu,
2975 4680 3041 4718 ex
3063 4678 3130 4719 eo
3149 4664 3289 4732 quod
3311 4664 3606 4720 sitassidue
3636 4668 3687 4720 in
3712 4669 3796 4722 in-

2229 4758 2381 4813 sidiis
2421 4766 2476 4812 et
2506 4758 2716 4827 pugnis.
2748 4756 2841 4812 Vis
2882 4755 3091 4812 discere
3138 4757 3225 4812 ubi
3254 4758 3432 4812 vinum
3460 4760 3532 4812 sit
3556 4759 3800 4814 bonum?

2230 4850 2353 4904 audi
2374 4849 2703 4919 Scripturam
2733 4847 3018 4915 dicentem,
3037 4847 3169 4902 Date
3191 4849 3358 4902 uinum
3382 4852 3720 4916 merentibus,
3752 4862 3801 4905 et

2230 4943 2440 4998 siceram
2470 4942 2532 4995 iis
2568 4940 2655 5008 qui
2678 4956 2853 4993 amaro
2905 4950 3019 4993 sunt
3057 4941 3227 4993 animo
3280 4939 3457 5010 (Prov.
3481 4941 3574 4997 5|.
3600 4943 3677 5011 6).
3733 4943 3801 4997 Et

2234 5036 2426 5090 merito
2458 5053 2471 5089 :
2502 5035 2638 5089 solet
2661 5035 2805 5088 enim
2836 5032 3043 5086 mollire
3073 5032 3122 5086 id
3154 5032 3292 5101 quod
3335 5041 3419 5087 est
3456 5047 3703 5102 asperum
3746 5047 3801 5089 et

2237 5128 2406 5193 triste,
2433 5135 2487 5181 et
2512 5125 2720 5180 auferre
2742 5124 2793 5180 id
2814 5125 2953 5193 quod
2985 5131 3066 5177 est
3090 5123 3410 5177 nubilosum.
3448 5121 3632 5176 Vinum
3669 5122 3799 5177 ιωιὶ-

2235 5220 2353 5288 ﬁcat
2380 5234 2465 5271 cor
2500 5217 2717 5271 hominis
2743 5214 2922 5285 (Psul.
2957 5214 3081 5270 105.
3114 5215 3227 5285 15).
3257 5214 3534 5282 Quomodo
3563 5231 3693 5284 ergo
3719 5225 3801 5271 est

2234 5330 2303 5367 ex
2336 5312 2458 5365 vino
2482 5309 2751 5365 ebrietas?
2777 5323 2881 5363 non
2910 5308 3052 5363 enim
3080 5308 3204 5362 licet
3226 5310 3472 5378 cuiquam
3506 5310 3713 5378 operari
3737 5324 3799 5363 ea

2234 5419 2352 5471 qua:
2381 5409 2504 5456 sunt
2539 5399 2639 5455 sibi
2660 5400 2945 5454 contraria.
2981 5398 3092 5453 Non
3119 5408 3202 5454 est
3228 5413 3355 5467 ergo
3385 5414 3449 5453 ex
3473 5398 3597 5453 vino
3625 5400 3801 5455 ebrie-

2236 5507 2338 5558 tas,
2369 5492 2463 5548 sed
2501 5507 2567 5546 ex
2611 5491 2961 5546 immoderato
3008 5505 3127 5545 usu.
3181 5488 3375 5544 Vinum
3423 5505 3527 5544 non
3577 5500 3799 5561 pmpter

2234 5584 2378 5640 aliud
2421 5584 2601 5638 datum
2629 5591 2739 5647 est,
2771 5598 2928 5652 quam
2956 5590 3175 5654 prapter
3200 5581 3484 5637 sanitatem
3510 5582 3754 5652 corporis
3778 5599 3795 5637 :

2303 5772 2566 5841 *__Savilius_
2581 5780 2720 5837 putat
2742 5776 3009 5841 legendum
3028 5778 3107 5827 τὸν
3128 5779 3406 5841 στρατηγόν,
3420 5775 3606 5837 durem,
3620 5784 3673 5827 et
3695 5789 3808 5827 sane

2240 5838 2420 5888 melius
2440 5837 2681 5899 quadrare
2709 5838 2921 5889 videtur.
