3960 6536
621 425 729 481 {39

622 556 762 604 που,
797 537 947 607 φησί.
984 533 1107 596 Πῶς
1126 525 1218 587 οῦν
1244 531 1313 585 ὲκ
1338 530 1433 584 τοῦ
1459 530 1603 584 οῐνου
1632 532 1665 599 ἠ
1693 528 1829 600 μέθη
1853 545 1866 591 ;
1888 529 1947 581 οὐ
1971 527 2080 597 γάρ
2104 525 2187 578 ἔνι

626 622 722 675 τὸν
752 621 912 674 αὐτὸν
938 617 1005 671 τά
1026 617 1243 669 ἐναντία
1270 613 1599 686 ἐργάζεσθαι
1629 613 1823 683 ἑαυτῷ.
1849 612 1961 664 Οὐκ
1988 610 2098 682 ἄρα
2122 610 2189 662 ἐκ

622 704 718 757 τοῦ
746 703 887 756 οίνου
919 702 954 772 ἡ
978 699 1137 770 μέθη,
1170 699 1288 751 ἀλλ’
1319 701 1383 751 ὲκ
1415 698 1515 764 τῆς
1545 697 1831 767 ἀμετρίας.
1873 696 1934 748 '0
1956 690 2095 756 οἶνος
2121 693 2188 744 δι’

617 786 768 839 οὐδὲν
800 785 982 854 ἕτερον
1020 784 1153 853 ἡμῖν
1195 781 1428 845 δέδοται,
1472 780 1506 850 ἢ
1539 780 1609 832 δι’
1648 779 1834 846 ὑγείαν
1891 776 2139 847 σώματος
2170 791 2184 805 ⁸

614 868 753 921 ἀλλὰ
785 868 879 919 καὶ
918 868 1054 936 πρὸς
1080 866 1237 918 τοῦτο
1266 862 1551 933 ἐμποδίζει
1599 863 1633 932 ὴ
1675 860 1937 932 ἀμετρία.
1990 861 2186 913 Ἄκουε

614 950 670 1002 δὲ
696 951 792 1001 καὶ
820 946 914 1001 τοῦ
944 948 1210 1019 μακαρίον
1240 948 1430 999 τούτου
1470 946 1775 1015 γράφοντος
1807 944 1897 997 καὶ
1937 942 2186 1010 λέγοντος

612 1036 690 1106 τῷ
718 1037 992 1105 Τιμοθέῳ⁸
1032 1038 1242 1103 Ὀλίγῳ
1278 1034 1423 1097 οϊνῳ
1471 1030 1593 1100 χρῶ
1622 1031 1721 1084 διὰ
1738 1032 1847 1084 τὸν
1876 1029 2186 1099 στόμαχον

608 1135 751 1182 σου,
776 1120 879 1173 καὶ
914 1119 1019 1184 τὰς
1056 1117 1291 1182 πυκνάς
1321 1131 1438 1169 σου
1466 1114 1808 1178 ἀσθενείας.

685 1256 749 1326 β’.
768 1257 868 1310 Διὰ
893 1256 1000 1327 γὰρ
1028 1255 1183 1309 τοῦτο
1210 1254 1383 1316 όΘεδς
1411 1250 1663 1321 ἐποίησεν
1685 1248 1843 1319 ἡμῶν
1863 1247 1932 1301 τὰ
1956 1246 2182 1318 σώματα

615 1341 926 1411 σύμμετρα.
966 1341 1059 1393 καὶ
1107 1339 1213 1392 άπὸ
1252 1336 1446 1404 ὀλίγων
1495 1332 1884 1403 κορέννυσθαι,
1933 1330 2180 1384 ἐντεῦθεν

612 1422 713 1492 ἥδη
767 1422 1031 1475 παιδεύων
1078 1424 1244 1491 ἡμᾶς,
1276 1420 1359 1472 ὅτι
1409 1416 1545 1487 πρὸς
1602 1416 1794 1485 ἑτέραν
1836 1414 1983 1484 ἡμᾶς
2034 1412 2181 1481 ζωὴν

613 1505 837 1575 ἐποίησε
866 1504 1227 1574 ἐπιτηδείους.
1259 1501 1371 1554 Kal
1392 1499 1642 1552 ἐϐούλετο
1667 1498 1765 1568 μὲν
1798 1498 1893 1549 καὶ
1922 1497 1980 1561 ἐξ
2005 1496 2179 1568 ἀρχῆς

612 1587 826 1656 ἐκείνην
849 1586 1056 1648 δοῦναι,
1100 1583 1289 1652 ἐπειδὴ
1310 1583 1367 1634 δὲ
1394 1581 1645 1646 ἀναξίους
1672 1580 1896 1641 ἑαυτοὺς
1914 1580 2179 1648 κατεστή-

614 1685 810 1737 σαμεν,
869 1670 1192 1723 ἀνεϐάλετο·
1237 1669 1329 1720 καὶ
1369 1668 1426 1718 ὲν
1454 1665 1531 1734 τῷ
1569 1664 1745 1735 χρόνῳ
1780 1658 1824 1730 ᾧ
1864 1662 2175 1727 ἀνεϐάλετο,

609 1753 731 1805 οὐδὲ
760 1753 817 1805 ὲν
834 1752 980 1822 αὐτῷ
1001 1751 1222 1820 ἀφίησιν
1240 1751 1387 1819 ἡμᾶς
1403 1748 1697 1801 ἀπολαύειν
1728 1745 1981 1814 ἀμέτρως
2000 1760 2014 1773 ⁸
2033 1744 2174 1796 οίνου

609 1836 719 1902 γὰρ
748 1835 947 1902 κοτύλη
992 1835 1084 1886 καὶ
1118 1834 1279 1901 άρτος
1322 1826 1402 1894 εἷς
1434 1831 1594 1900 ἀρκεῖ
1621 1828 1861 1898 γαστέρα
1894 1826 2175 1896 ἐμπλῆσαι

611 1917 924 1988 ἀνθρώπου.
957 1917 1068 1971 Kal
1097 1919 1187 1969 τὸν
1216 1916 1435 1969 πάντων
1462 1912 1569 1966 τῶν
1609 1911 1817 1978 ἀλόγων
1847 1908 2171 1982 κρατοῦντα,

604 1999 1042 2070 όλιγοδεέστερον
1076 1998 1254 2051 αὐτῶν
1283 1997 1425 2050 κατὰ
1461 1994 1560 2065 τὴν
1590 1992 1876 2059 ἀναλογίαν
1916 1991 2132 2060 ἐποίησε
2152 2030 2172 2055 ,

605 2081 701 2134 καὶ
741 2082 802 2135 τὸ
840 2081 999 2151 σῶμα
1041 2081 1237 2152 βραχὺ,
1271 2079 1422 2132 οὐδὲν
1470 2077 1656 2147 ἕτερον
1704 2075 1738 2147 ἢ
1783 2074 1940 2128 τοῦτο
1976 2073 2170 2143 δηλῶν,

601 2174 685 2225 ὃτι
718 2172 855 2245 πρὸς
892 2172 1081 2245 ἑτέραν
1112 2171 1257 2241 ζωὴν
1286 2167 1641 2238 ἐπειγόμεθα.
1674 2165 1771 2235 Μὴ
1790 2167 2172 2235 μεθύσκεσθε

604 2264 769 2329 οϊνῳ,
797 2263 981 2334 φησὶν,
1005 2264 1073 2317 ἐν
1093 2257 1141 2330 ᾧ
1168 2263 1338 2316 ἐστιν
1358 2260 1602 2315 ἀσωτία.
1633 2259 1707 2311 Οὐ
1724 2257 1831 2327 γὰρ
1853 2254 2031 2321 σώζει,
2055 2254 2172 2309 ἀλλ’

604 2345 917 2407 ἀπόλλυσιν,
936 2345 997 2397 οὐ
1028 2344 1090 2397 τὸ
1128 2345 1287 2414 σῶμα
1316 2343 1496 2413 μόνον,
1529 2341 1667 2397 ἀλλὰ
1713 2341 1807 2393 καὶ
1835 2338 1935 2408 τὴν
1971 2338 2166 2407 ψυχήν.

618 2426 803 2483 Ἀλλὰ
837 2426 1184 2494 πληροῦσθε
1218 2426 1287 2479 ἐν
1307 2426 1623 2494 Πνεύματι,
1660 2420 1995 2487 λαλοῦντες
2030 2420 2169 2474 ἐαυ-

601 2509 727 2575 τοῒς
757 2510 827 2563 ἐν
850 2509 1112 2578 ψαλμοῖς
1136 2510 1235 2563 καί
1267 2509 1477 2579 ὕμνοις
1505 2506 1605 2560 καί
1642 2504 1822 2573 ᾠδαῖς
1854 2519 2173 2572 πνευματι-

600 2591 756 2658 καῖς,
778 2590 1028 2658 ᾅδοντες
1055 2592 1153 2645 καί
1188 2589 1529 2659 ψάλλοντες
1556 2590 1627 2642 ἐν
1652 2586 1727 2655 τῇ
1762 2585 1973 2652 καρδία
2004 2584 2171 2652 ὑμῶν

599 2672 683 2739 τῷ
716 2674 940 2741 Κυρίῳ⁸
975 2673 1479 2743 εὐχαριστοῦντες
1514 2672 1773 2726 πάντοτε
1814 2668 1967 2736 ὑπὲρ
2016 2667 2167 2721 πάν-

600 2774 721 2811 των
747 2758 816 2810 ἐν
848 2755 1092 2826 ὀνόματι
1116 2756 1222 2810 τοῦ
1243 2757 1464 2823 Κυρίου
1485 2754 1652 2824 ἡμῶν
1690 2752 1892 2820 Ἰησοῦ
1914 2749 2170 2820 Χριστοῦ

598 2837 682 2905 τῷ
712 2837 833 2903 Θεῷ
859 2839 957 2892 καὶ
988 2838 1192 2906 Harp),
1228 2838 1715 2905 ὑποτασσόμενοι
1763 2833 2059 2900 ἀλλήλοις
2100 2832 2170 2886 έν

596 2922 762 2991 φόϐῳ
792 2922 1068 2990 Χριστοῦ.
1108 2920 1316 2983 Βούλει,
1352 2921 1536 2990 φησὶν,
1576 2917 1997 2989 εὐφραίνεσθαι;
2033 2916 2169 2969 Βού-

600 3004 683 3057 λει
713 3004 811 3074 τὴν
853 3003 1063 3075 ἡμέραν
1093 3004 1436 3068 άναλίσκειν;
1486 3002 1628 3072 Ἐγώ
1662 3019 1747 3055 σοι
1775 3001 1969 3070 δίδωμι
2004 3000 2167 3053 πότον

599 3087 972 3156 πνευματικόν
990 3101 1005 3116 ⁸
1031 3088 1068 3157 ή
1090 3086 1198 3156 γάρ
1232 3085 1368 3156 μέθη
1394 3086 1489 3139 καὶ
1512 3086 1614 3154 τὴν
1643 3084 1774 3154 εύση
1786 3100 1883 3153 μον
1914 3084 2168 3137 ἐκκόπτει

596 3169 786 3243 φωνὴν
818 3169 918 3234 τῆς
948 3167 1199 3238 γλώσσης
1230 3169 1333 3238 τῆς
1377 3168 1669 3239 ἡμετέρας,
1699 3166 1967 3236 ψελλίζειν
1994 3183 2167 3237 παρα-

502 3310 510 3315 _
600 3253 962 3316 σκευάζουσα,
992 3252 1087 3305 καὶ
1126 3250 1442 3320 ὀφθαλμοὺς
1477 3251 1574 3303 καὶ
1604 3250 1784 3303 πάντα
1836 3248 2022 3312 ἁπλῶς
2050 3249 2168 3302 δια-

598 3336 927 3406 στρέφουσα.
957 3335 1110 3389 Μάθε
1139 3334 1385 3398 ψάλλειν,
1430 3335 1525 3386 καὶ
1553 3333 1675 3402 ὄψει
1722 3333 1816 3386 τοῦ
1845 3334 2167 3405 πράγματος

596 3419 698 3490 τὴν
727 3418 918 3491 ἡδονήν
966 3434 981 3450 ⁸
1013 3421 1062 3472 οί
1092 3418 1388 3488 ψάλλοντες
1411 3419 1520 3490 γὰρ
1549 3417 1867 3489 Πνεύματος
1901 3418 2168 3489 πληροῦν-

596 3520 686 3556 ται
724 3503 903 3570 ἁγίου,
934 3502 1122 3574 ὥσπερ
1168 3502 1218 3555 οἱ
1258 3502 1476 3574 ᾅδοντες
1514 3502 1613 3566 τὰς
1662 3502 1959 3566 σατανικάς
2002 3503 2162 3573 ᾠδάς,

596 3586 909 3656 πνεύματος
936 3585 1274 3657 ἀκαθάρτου.
1306 3586 1370 3638 Τί
1402 3587 1571 3651 ἐστιν,
1614 3586 1718 3640 Ἐν
1738 3585 1868 3652 ταῖς
1897 3587 2167 3655 καρδίαις

595 3667 764 3739 ὑμῶν
807 3666 889 3733 τῷ
914 3668 1150 3737 Κυρίῳς
1193 3668 1474 3733 Τουτέστι,
1521 3667 1658 3738 μετὰ
1692 3667 1962 3731 συνέσεως
2010 3668 2162 3742 [1561

596 3752 986 3823 προσέχοντες·
1034 3753 1083 3805 οί
1133 3751 1241 3823 γάρ
1280 3752 1339 3804 οὐ
1378 3752 1757 3822 προσέχοντες,
1810 3750 1995 3813 ἁπλῶς
2031 3752 2167 3821 ψάλ-

597 3832 770 3899 λουσι,
793 3834 862 3887 τά
901 3836 1123 3906 ῥήματα
1150 3833 1537 3904 φθεγγόμενοι,
1576 3836 1675 3905 τῆς
1708 3834 1936 3904 καρδίας
1965 3834 2165 3905 ῥεμϐοο

603 3915 770 3987 μένης
818 3915 1063 3985 ἑτέρωθι.
1113 3915 1394 3977 Πάντοτε,
1442 3916 1632 3986 φησὶν,
1688 3916 1841 3983 ὑπὲρ
1885 3916 2167 3971 ἁπάντων

597 3997 1102 4065 εὐχαριστοῦντες
1151 3998 1222 4050 ἐν
1277 3998 1521 4064 ὀνόματι
1570 3996 1683 4051 τοῦ
1730 4000 1951 4065 Κυρίου
1997 3997 2167 4068 ήμῶν

612 4078 817 4146 Ἰησοῦ
862 4078 1121 4145 Χριστοῦ
1166 4078 1248 4144 τῷ
1288 4077 1411 4144 Θεῷ
1452 4080 1551 4134 καί
1579 4080 1784 4147 Πατρί,
1824 4082 2166 4135 ὑποτασσό-

596 4179 768 4234 μενοι
798 4162 1095 4230 ἀλλήλοις
1126 4162 1199 4216 ἐν
1230 4162 1393 4231 φόϐῳ
1440 4162 1723 4231 Χριστοῦ.
1767 4163 2047 4230 Τουτίστι,
2084 4164 2165 4219 Τά

597 4247 880 4317 αίτήματα
913 4244 1065 4314 ὑμῶν
1096 4245 1235 4316 μετὰ
1267 4245 1619 4316 εὐχαριστίας
1650 4246 2001 4316 γνωριζέσθω
2025 4248 2161 4319 πρὸς

597 4329 689 4384 σιὸν
726 4328 858 4381 Θεόν
883 4343 897 4358 ⁸
930 4328 1083 4384 οὐδὲν
1126 4331 1232 4398 γὰρ
1267 4327 1442 4392 οὕτως
1482 4329 1763 4401 εὐφραίνει
1792 4330 1881 4383 τὸν
1910 4329 2059 4395 Θεὸν,
2089 4331 2165 4396 ὡς

596 4410 724 4467 ὅταν
751 4406 784 4484 ᾗ
811 4428 894 4473 τις
923 4410 1263 4482 εὐχάριστος.
1305 4411 1562 4468 Μάλιστα
1589 4411 1647 4464 δὲ
1684 4410 1961 4482 δυνάμεθα
2003 4415 2166 4483 εὐχα-

598 4497 824 4569 ριστεῖν,
847 4496 1151 4562 ἀπάγοντες
1172 4496 1282 4548 τῶν
1301 4496 1717 4566 προειρημένων
1738 4497 1837 4567 τὴν
1865 4496 2042 4568 ψυχὴν
2063 4499 2163 4569 τὴν

598 4580 893 4649 ἡμετέραν,
928 4577 1371 4649 διακαθαίροντες
1401 4579 1571 4650 αὐτὴν
1612 4579 1824 4643 τούτοις
1866 4578 1949 4643 οἷς
1987 4577 2159 4636 εἶπεν.

613 4659 798 4714 Ἀλλὰ
837 4660 1206 4727 πληροῦσθε,
1256 4663 1411 4731 φησὶ,
1459 4662 1529 4714 ἐν
1581 4664 1895 4732 Πνεύματι.
1925 4659 2071 4737 ’Δρα
2103 4666 2162 4717 ἐν

598 4745 732 4813 ἡμῖν
760 4741 951 4807 τοῦτο;
982 4743 1092 4795 Kal
1136 4745 1244 4816 γὰρ
1277 4746 1335 4796 ὲν
1372 4746 1524 4815 ἡμῖν.
1569 4744 1736 4798 Ὅταν
1786 4746 1895 4814 γὰρ
1941 4745 2155 4814 ψεῦδος,

598 4824 731 4878 ὅταν
751 4823 1000 4893 πικρίαν,
1040 4824 1169 4877 ὅταν
1200 4826 1479 4897 πορνείαν,
1502 4826 1628 4880 ὅταν
1651 4827 2009 4897 ἀκαθαρσίαν,
2032 4828 2162 4883 ὅταν

599 4904 914 4969 πλεονεξίαν
933 4906 1369 4978 ἀποσοϐήσωμεν
1405 4909 1505 4976 τῆς
1530 4908 1710 4979 ψυχῆς
1738 4910 1835 4980 τῆς
1864 4910 2159 4981 ἡμετέρας,

598 4990 730 5042 ὃταν
763 4987 1049 5057 γενώμεθα
1087 4991 1336 5060 χρηστοὶ,
1377 4989 1762 5061 εὔσπλαγχνοι,
1814 4992 2161 5064 χαριζόμενοι

600 5072 836 5133 ἑαυτοῖς,
873 5071 1002 5123 ὅταν
1042 5072 1373 5143 εὐτραπελία
1422 5076 1499 5145 μὴ
1540 5077 1731 5145 παρῇ,
1770 5075 1901 5127 ὅταν
1936 5076 2159 5138 ἑαυτοὺς

600 5154 788 5221 ἀξίους
818 5155 1337 5225 κατασκευάσωμεν,
1369 5157 1422 5209 τί
1450 5158 1513 5211 τὸ
1530 5158 1735 5212 κωλῦον
1761 5156 1823 5210 τὸ
1852 5159 2075 5228 Πνεῦμα
2100 5157 2161 5209 τὸ

600 5238 755 5307 ἅγιον
789 5235 1036 5290 ἐπελθεῖν
1082 5238 1178 5293 καὶ
1226 5239 1557 5308 ὲπιπτῆναι;
1592 5242 1700 5294 Καὶ
1725 5242 1825 5310 οὐχ
1854 5240 2039 5303 ἁπλῶς
2065 5241 2161 5292 επ-

590 5321 899 5385 ηελεύσεται,
930 5318 1067 5372 ἀλλὰ
1095 5320 1370 5392 πληρώσει
1398 5324 1497 5393 τὴν
1516 5323 1739 5394 καρδίαν
1768 5324 1941 5393 ἡμῶν.
1964 5323 2161 5377 Τοσού-

597 5423 695 5460 του
737 5404 796 5459 δὲ
842 5404 1052 5458 ἔνδοθεν
1104 5404 1256 5468 ὄντος
1312 5405 1483 5472 φωτὸς
1507 5446 1523 5470 ,
1568 5407 1687 5459 οὐδὲ
1724 5407 2161 5480 δυσκατόρθωτος

603 5491 736 5561 ἡμῖν
773 5487 958 5541 λοιπὸν
996 5488 1146 5540 ἔσται
1183 5487 1430 5558 ἡάρετὴ,
1464 5488 1598 5543 ἀλλὰ.
1621 5490 1778 5560 ῥᾳδία
1809 5492 1903 5545 καὶ
1919 5490 2156 5552 εὐκολος.

599 5572 865 5627 Πάντοτε
882 5570 1399 5639 εὐχαριστοῦντες,
1432 5575 1616 5642 φησὶν,
1638 5573 1788 5642 ὑπὲρ
1815 5573 2072 5626 πάντων.
2094 5572 2158 5625 Τί

584 5650 731 5720 ‹οὖν;
764 5654 902 5724 ὑπὲρ
934 5653 1150 5707 πάντων
1194 5652 1532 5724 εὐχαριστεῖν
1568 5656 1649 5709 δεῖ
1685 5656 1794 5709 τῶν
1834 5655 2157 5726 συμϐαινόν-

602 5753 743 5802 em;
772 5736 908 5791 Ναί⁸
934 5734 1037 5789 κᾶν
1063 5735 1215 5799 νόσος
1236 5732 1294 5811 ᾗ,
1318 5739 1420 5791 κᾶν
1448 5738 1625 5793 πενία.
1655 5738 1717 5793 Εἰ
1745 5738 1853 5809 γὰρ
1882 5741 1939 5792 ὲν
1960 5743 2025 5810 τῇ
2053 5740 2160 5791 Πα-

603 5820 731 5893 λαιᾷ
762 5813 1177 5896 παρῄνεφφός
1208 5836 1291 5882 τις
1322 5819 1521 5889 λέγων·
1550 5820 1680 5878 Πᾶν
1711 5821 1744 5876 ὃ
1779 5823 1887 5878 ἐὰν
1926 5820 2159 5890 ἐπαχθῆ

1324 418 1382 473 s.
1423 413 1715 471 JOANNIS
1750 407 2242 471 cunvsosmm
2280 411 2601 474 ARCHIEP'.
2642 414 3199 473 CONSTANTINOP.
3689 432 3753 487 .30

2297 544 2419 594 σοι,
2462 530 2628 596 δέξαι
2671 531 2964 600 ἁσμένως,
3010 529 3109 584 καί
3157 530 3227 584 ἐν
3264 531 3581 602 άλλάγμασι
3618 556 3753 597 tam.

2295 613 2534 680 νώσεὼς
2563 631 2679 668 σου
2709 616 3178 683 μακροθύμησογ
3202 628 3217 642 ⁶
3245 610 3618 685 ωλλῷῆιᾶλλον
3649 624 3691 675 ἓν

2296 698 2469 767 Καινῇ
2504 698 2749 766 γίνεσθαι
2774 699 2902 769 χρή.
2922 699 3041 750 Κᾶν
3062 698 3158 750 τὸν
3190 696 3343 765 λόγον
3365 699 3529 752 τοίνυν
3558 704 3620 774 μὴ

2294 780 2596 849 εὐχαρίσπι
2618 797 2631 809 ⁸
2674 780 2832 834 τοῦτο
2857 781 2965 850 γάρ
3004 783 3151 833 ἐστιν
3182 780 3513 850 εὐχαριστία.
3550 786 3629 836 Ἂν
3655 789 3695 842 δε
3716 791 3753 848 εὖ

2286 860 2482 914 παθὼν
2504 864 2596 916 καὶ
2628 863 3022 934 εὐθηνούμενος
3045 865 3139 917 καὶ
3165 863 3451 932 εὐπραγῶν
3470 866 3553 918 καὶ
3566 870 3614 919 ὲν
3626 872 3755 941 εὐημε-

2292 944 2436 1011 ρίαις
2466 945 2563 1007 ὢν,
2594 946 2941 1017 εὐχαριστῇς.
2970 945 3127 998 οὐδὲν
3152 944 3315 1015 μέγα,
3342 945 3485 999 οὐδὲν
3499 946 3751 1017 θαυμαστόν·

2290 1026 2351 1077 τὸ
2380 1027 2437 1079 δὲ
2476 1026 2828 1099 ζητούμενον,
2856 1030 2916 1081 ὲν
2951 1029 3195 1097 θλίψεσιν
3233 1028 3360 1080 ὄντα
3391 1030 3694 1100 εὐχαριστεῖν,
3718 1043 3753 1092 ὲν

2288 1109 2567 1180 ἀθυμίαις.
2597 1112 2780 1181 Μηδὲν
2806 1112 2911 1177 πρὸ
2942 1112 3036 1165 τοῦ
3069 1114 3314 1184 ῥήματος
3351 1112 3530 1164 τούτου
3566 1115 3751 1185 φθέγγου,

2290 1192 2608 1265 Εὐχαριστῶ
2639 1212 2743 1257 σοι,
2770 1195 3039 1250 Δέσποτα.
3070 1198 3182 1249 Kal
3212 1196 3270 1248 τί
3296 1195 3435 1263 λέγω
3460 1197 3584 1267 ὑπὲρ
3603 1201 3753 1258 τῶνέν-

2286 1276 2458 1329 ταῦθα
2489 1277 2717 1346 θλίψεων
2742 1297 2756 1345 ;
2784 1280 2924 1350 ὑπὲρ
2938 1281 3038 1349 τῆς
3061 1280 3284 1347 γεέννης
3309 1280 3475 1350 αὐτῆς
3502 1284 3754 1353 εὐχαριστεῖν

2286 1360 2366 1414 δεῖ
2391 1361 2467 1431 τῷ
2494 1363 2632 1433 Θεῷ,
2656 1364 2797 1433 ὑπὲρ
2816 1365 2922 1417 τῶν
2953 1365 3224 1417 κολάσεων
3261 1364 3369 1416 τῶν
3398 1365 3524 1427 ἐκεῖ,
3558 1367 3666 1438 ὑπὲρ
3686 1372 3751 1424 τῶν

2284 1445 2584 1515 τιμωριῶν.
2617 1446 2764 1499 Πάνυ
2794 1445 2902 1517 γάρ
2931 1447 2991 1498 τὸ
3020 1446 3250 1516 πρᾶγμα
3280 1447 3425 1516 ἡμᾶς
3447 1447 3657 1519 ὠφέλησε
3674 1454 3752 1517 toil;

2285 1527 2671 1596 προσέχοντας,
2723 1530 2843 1581 ἀντὶ
2889 1528 3105 1598 χαλινοῦ
3153 1527 3247 1580 τοῦ
3280 1528 3377 1596 τῆς
3405 1528 3607 1599 γεέννης
3644 1533 3751 1598 φόϐον

2282 1612 2401 1671 ταῖς
2451 1610 2700 1680 καρδίαις
2748 1610 2905 1681 ἡμῶν
2954 1609 3314 1672 ἐπιτεθέντος.
3350 1609 3439 1680 Μὴ
3488 1612 3639 1664 τοίνυν
3663 1614 3752 1686 ὑπὲρ

2282 1692 2390 1745 τῶν
2417 1694 2665 1764 φανερῶν
2716 1694 3064 1763 εὐεργεσιῶν,
3096 1693 3232 1747 ἀλλὰ
3261 1694 3355 1746 καὶ
3388 1693 3519 1764 ὑπὲρ
3554 1696 3642 1747 τῶν
3666 1699 3747 1765 ἀεί·

2282 1776 2409 1839 νῶν,
2430 1778 2520 1829 καὶ
2540 1777 2680 1847 ὑπὲρ
2700 1771 2774 1830 ὧν
2796 1777 3017 1839 ἄκοντες
3033 1776 3321 1846 εὐεργετού
3331 1775 3483 1844 μεθα,
3509 1777 3751 1849 εὐχαριστῶ-

2284 1875 2384 1927 μεν
2405 1875 2421 1888 ⁸
2453 1858 2623 1911 πολλὰ
2647 1860 2715 1927 γά
2722 1877 2753 1930 ρ
2772 1859 2864 1911 xal
2897 1860 2971 1929 μὴ
3004 1858 3355 1928 βουλομένους
3373 1859 3515 1928 ἡμᾶς
3537 1860 3749 1928 εὐεργετεῖ,

2282 1940 2376 1992 καὶ
2400 1940 2472 2012 μὴ
2496 1941 2720 2004 εἰδότας.
2754 1943 2815 1994 Ei
2834 1941 2890 1993 δὲ
2918 1943 3217 2002 ἀπιστεῖτε,
3240 1941 3340 2010 ήδη
3365 1941 3487 2009 ὐμίν
3506 1941 3565 1992 ’τὺ
3591 1946 3752 2013 πρᾶγμι

2283 2025 2494 2094 ποιήσω
2528 2024 2778 2095 φανερόν.
2826 2024 3108 2092 Ἐννόησον
3138 2026 3244 2096 γάρ
3292 2040 3415 2092 μοι’
3452 2024 3499 2075 οί
3528 2027 3753 2094 μιαροὶκαὶ

2281 2107 2497 2159 ἄπιστοι
2516 2106 2772 2175 Ἕλληνες
2797 2106 2915 2176 οὐχὶ
2953 2106 3031 2176 τῷ
3072 2106 3207 2176 ἡλίῳ
3239 2105 3298 2159 τὸ
3323 2107 3431 2158 πᾶν
3459 2108 3751 2177 ἐπιγράφουσι,

2280 2187 2374 2239 καὶ
2411 2191 2520 2251 τοῖς
2550 2187 2787 2251 εἰδώλοις
2810 2189 3018 2255 αὐτῶν;
3056 2188 3121 2241 Τί
3146 2184 3269 2254 οὖνς
3303 2189 3424 2260 οὐχὶ
3451 2188 3684 2258 εὐεργετεῖ
3696 2192 3754 2244 ul

2279 2269 2508 2336 αὐτούς;
2541 2270 2663 2340 οὐχὶ
2694 2271 2795 2340 τῆς
2820 2272 3027 2325 ἐκείνου
3062 2272 3319 2342 προνοίας
3345 2273 3480 2333 ἐστὶ,
3510 2272 3594 2323 καὶ
3615 2272 3662 2323 τὸ
3677 2273 3753 2343 ζῇν,

2278 2354 2372 2407 καί
2408 2354 2468 2406 τὺ
2515 2354 2776 2421 ὑγιαίνειν
2811 2356 3027 2421 αὐτοὺς,
3075 2355 3170 2408 καὶ
3223 2354 3565 2417 παιδοποιεῖν,
3600 2356 3755 2409 καὶόσσ

2275 2436 2538 2500 τοιαῦτα;
2570 2437 2638 2489 Tl
2682 2436 2741 2489 δὲ
2768 2439 2819 2490 οἱ
2845 2438 3258 2508 Μαρκιωνισταὶ
3288 2436 3587 2505 λεγόμενοι;
3614 2439 3655 2488 τί
3674 2438 3755 2489 δὲιι

2275 2518 2599 2588 Μανιχαῖοις
2632 2519 2754 2589 οὐχὶ
2772 2522 2886 2573 .xal
2942 2519 3358 2590 βλασφημοῦσιν
3383 2520 3567 2583 αὐτόν;
3596 2520 3648 2571 Τί
3672 2517 3754 2583 οὖνς

2270 2601 2398 2669 οὐχὶ
2436 2601 2957 2672 εὐεργετεῖαύτοὺς
2996 2603 3120 2656 καθ’
3149 2604 3389 2670 ἑκάστην
3424 2602 3644 2672 ήμέραν;
3668 2604 3756 2657 Em

2276 2682 2518 2747 ἐκείνους
2545 2686 2673 2747 τοὺς
2708 2684 2881 2737 ταῦτα
2918 2687 3019 2738 οὐκ
3063 2685 3271 2747 εἰδότας
3321 2686 3601 2755 εὐεργετεῖ,
3637 2685 3757 2754 πολλῷ

2278 2765 2481 2835 μᾶλλον
2506 2768 2673 2837 ἡμᾶς.
2706 2767 2770 2820 Τί
2794 2767 2902 2837 γὰρ
2933 2766 3086 2839 [157]
3109 2768 3237 2821 ἄλλο
3266 2767 3427 2838 ἔργον
3446 2767 3571 2820 Θεοῦ
3592 2768 3757 2837 ἢτοῦσο,

2270 2849 2335 2901 τὸ
2356 2850 2663 2918 εὐεργετεῖν
2690 2850 2752 2902 τὸ
2778 2850 2886 2902 τῶν
2909 2849 3210 2920 ἀνθρώπων
3235 2850 3415 2917 γένος,
3446 2852 3536 2904 καὶ
3563 2850 3639 2903 διὰ
3654 2851 3759 2902 mide

2276 2949 2417 2985 σεων
2438 2931 2534 2985 καὶ
2563 2931 2629 2985 δι’
2651 2932 2922 2997 άνέσεων;

2332 3087 2441 3157 ηΜὴ
2479 3087 2638 3156 μόνον
2679 3086 2858 3139 τοίνυν
2887 3087 2947 3140 ἐν
2973 3085 3299 3157 εὐπραγίαις
3331 3085 3482 3148 ὄντες
3507 3084 3758 3154 εὐχαριστῶ-

2272 3188 2375 3241 μεν
2398 3186 2413 3201 ⁸
2441 3170 2590 3223 οὐδὲν
2619 3171 2728 3241 γὰρ
2751 3170 2914 3241 μέγα.
2950 3170 3060 3223 Kal
3085 3172 3243 3222 τοῦτο
3272 3165 3384 3222 οἶδε
3403 3170 3493 3222 καὶ
3511 3172 3537 3222 ό
3556 3169 3757 3230 διάδολος·

2273 3254 2353 3307 διὸ
2380 3254 2470 3308 καί
2497 3253 2645 3321 ἔλεγε
2670 3268 2683 3282 ⁸
2710 3254 2809 3322 Μὴ
2848 3252 3074 3320 δωρεὰν
3094 3255 3331 3306 σέϐεται
3375 3251 3494 3306 Ἰὼϐ
3520 3251 3613 3305 τὸν
3636 3252 3761 3312 Geor;

2274 3337 2411 3406 οὐχὶ
2437 3338 2518 3390 σὺ
2548 3335 2947 3405 περιέφραξας
2972 3338 3043 3390 τὰ
3068 3338 3191 3390 ἔσω
3212 3336 3427 3399 αὐτοῦ,
3458 3336 3550 3389 καί
3581 3334 3642 3387 τὰ
3659 3333 3761 3397 ἔξω

2273 3422 2519 3487 Περίελε
2557 3419 2754 3472 πάντα
2781 3419 2852 3472 τὰ
2895 3417 3243 3488 ὑπάρχοντα
3275 3420 3487 3483 αὐτοῦ,
3532 3414 3569 3487 ἦ
3588 3417 3689 3486 μὴν
3706 3419 3763 3480 εἰς

2272 3503 2599 3571 πρόσωπόν
2625 3519 2699 3555 σε
2738 3501 3082 3571 εὐλογήσει.
3121 3500 3260 3554 Ἀλλ’
3297 3502 3455 3554 οὐδὲν
3482 3501 3614 3569 αὐτῷ
3635 3500 3762 3552 πλεῖον

2270 3587 2488 3655 ἐγένετο
2512 3584 2588 3655 τῷ
2639 3584 2843 3657 μιαρῷ,
2886 3584 3020 3654 μηδὲ
3058 3585 3290 3652 γένοιτο,
3336 3584 3475 3655 μηδὲ
3502 3584 3615 3653 περὶ
3656 3581 3763 3651 ἡμῶν

2270 3668 2523 3736 γενέσθαι
2552 3686 2602 3721 τι
2647 3668 2808 3721 πλέον
2855 3667 3022 3738 αὐτῷ.
3073 3666 3235 3720 Ἀλλά
3277 3667 3376 3718 καὶ
3420 3667 3541 3718 ὃταν
3566 3668 3617 3718 ἐν
3651 3663 3763 3733 πενίᾳ

2270 3746 2439 3824 ὦμεν,
2458 3753 2554 3806 καὶ
2575 3753 2703 3805 ὅταν
2722 3753 2779 3805 ὲν
2801 3751 2999 3816 νόσοις,
3022 3750 3117 3804 καὶ
3133 3752 3263 3804 ὅταν
3286 3751 3345 3802 ἐν
3374 3750 3657 3820 ἐπηρείαις,
3681 3751 3763 3799 τότε

2270 3836 2624 3906 ἐπιτείνωμεν
2648 3836 2747 3905 τὴν
2783 3834 3154 3904 εὐχαριστίαν.
3192 3833 3551 3903 Εὐχαριστίαν
3572 3831 3620 3884 δὲ
3646 3831 3761 3896 λέγω.

2273 3921 2348 3991 μὴ
2385 3921 2590 3991 ῥήμασι
2616 3918 2750 3989 μηδὲ
2771 3917 3008 3991 γλώσσῃ,
3036 3916 3171 3970 ἀλλὰ
3187 3917 3478 3987 πράγμασι
3507 3916 3593 3968 καὶ
3614 3913 3761 3983 ἔργοις,

2271 4002 2366 4056 καὶ
2392 4001 2599 4072 διανοίᾳ.
2628 4002 2721 4055 καὶ
2752 4001 2967 4071 καρδία.
3018 4001 3113 4053 Ἐκ
3156 4001 3339 4068 πάσης
3381 4000 3555 4070 ψυχῆς
3602 3999 3761 4067 εὐχαρι·

2273 4084 2487 4155 στῶμεν
2519 4082 2689 4154 αὐτῷ.
2722 4083 2941 4138 Μᾶλλον
2972 4082 3081 4153 γὰρ
3105 4082 3213 4134 τῶν
3235 4082 3637 4151 γεννησαμένων
3659 4080 3761 4149 ἡμᾶς

2270 4166 2448 4236 φιλεῖ·
2484 4168 2578 4222 καὶ
2610 4168 2733 4221 ὅσον
2764 4166 3027 4237 πονηρίας
3062 4166 3155 4218 καὶ
3185 4165 3522 4236 ἀγαθότητος
3542 4165 3596 4217 τὸ
3628 4163 3761 4233 μέσον,

2268 4249 2519 4303 τοσοῦτον
2545 4251 2579 4318 ὴ
2607 4248 2702 4319 τῆς
2725 4248 2946 4320 ἀγάπης
2975 4248 3068 4301 τοῦ
3099 4247 3236 4301 Θεοῦ
3268 4247 3407 4318 πρὸς
3431 4246 3526 4318 τὴν
3554 4245 3647 4299 τῶν
3671 4247 3762 4315 ἡμι-

2270 4334 2448 4405 τέρων
2479 4333 2735 4405 πατέρων
2760 4331 3039 4404 διαφοράν.

2337 4500 2405 4562 γ’.
2431 4493 2540 4546 Kal
2562 4491 2733 4544 ταῦτα
2761 4491 2858 4543 οὐκ
2887 4492 2995 4560 ἐμά
3020 4493 3136 4545 ἐστι
3158 4493 3225 4546 τά
3251 4495 3489 4564 ῥήματα,
3516 4492 3619 4546 ἀλλ’
3644 4485 3761 4543 αὐτοῦ

2268 4577 2361 4629 τοῦ
2392 4576 2671 4643 φιλοῦντος
2688 4575 2834 4644 ἡμᾶς
2858 4574 3116 4645 Χριστοῦ.
3145 4577 3253 4628 Kal
3277 4576 3442 4629 ἄκουε
3461 4575 3614 4629 αὐτοῦ
3632 4573 3763 4639 λέγον-

2267 4674 2385 4720 τος·
2417 4657 2517 4722 Τίς
2533 4656 2603 4720 ἐξ
2628 4655 2793 4724 ὑμῶν
2811 4656 2981 4709 ἐστιν
2997 4656 3324 4725 ἅνθρωπος,
3352 4658 3441 4721 ὃς,
3473 4660 3576 4711 ἐὰν
3598 4653 3760 4719 αἰτήσῃ

2268 4746 2302 4795 ό
2323 4742 2453 4805 υίὸς
2482 4738 2666 4793 αὐτοῦ
2692 4736 2891 4806 ἄρτον,
2916 4738 3000 4807 μὴ
3032 4742 3209 4792 λίθον
3234 4740 3513 4795 ἐπιδώσει
3540 4736 3764 4803 αὐτῷ;Εῑ
3866 4736 3867 4795 ξ

2267 4823 2334 4876 δὲ
2382 4822 2550 4890 ὑμεῖς
2601 4822 2850 4888 πονηροί
2896 4822 3087 4886 ὄντες,
3124 4821 3327 4876 οἴδατε
3363 4824 3584 4893 δόματα
3625 4818 3765 4887 ἀγαθὰ

2266 4906 2493 4959 διδόναι
2516 4903 2640 4968 τοῖς
2660 4902 2887 4968 τέκνοις
2911 4903 3096 4971 ὑμῶν,
3119 4906 3300 4971 πόσῳ.
3305 4905 3545 4973 μᾶλλον
3566 4910 3593 4959 ὀ
3618 4902 3765 4965 Πατὴρ

2268 4988 2434 5059 ὑμῶν
2458 4992 2490 5043 ό
2514 4989 2584 5043 ἐν
2615 4986 2739 5052 τοῖς
2774 4987 3052 5055 οὐρανοῖς
3072 4987 3249 5042 δώσει
3266 4990 3455 5058 ἀγαθὰ
3479 4988 3596 5053 τοῖς
3618 4983 3764 5040 αἰτοῦ-

2264 5088 2374 5127 σιν
2392 5073 2578 5125 αὐτόν
2601 5087 2621 5134 ;
2650 5071 2761 5125 Καὶ
2779 5069 2941 5124 πάλιν
2969 5070 3132 5124 ἄκουε
3163 5071 3256 5123 καὶ
3285 5072 3510 5142 ἑτέρωθι
3540 5072 3762 5138 λέγοντος’

2265 5160 2363 5225 Μὴ
2397 5154 2748 5218 ἐπιλήσεται
2779 5151 2932 5221 γυνὴ
2967 5151 3071 5206 τοῦ
3099 5151 3347 5220 ἐλεῆσαι
3378 5153 3449 5206 τὰ
3473 5154 3669 5222 ἔκγονα
3686 5146 3765 5211 τῆς

2268 5240 2501 5305 κοιλίας
2515 5236 2738 5305 αὐτῆς;
2762 5239 2830 5291 El
2863 5234 2931 5287 δὲ
2961 5235 3058 5289 καὶ
3081 5237 3420 5291 ἐπιλάθοιτο
3440 5238 3615 5291 ταῦτα
3632 5230 3763 5304 γυνὴ.

2266 5324 2401 5378 ἀλλ’
2436 5322 2548 5390 ἐγὼ
2589 5322 2699 5375 οὐκ
2735 5319 3101 5388 ἐπιλήσομαί
3133 5335 3271 5383 σου,
3318 5325 3479 5390 λέγει
3511 5315 3765 5388 Κύριος.Εί

2267 5408 2375 5476 γάρ
2425 5406 2499 5476 μὴ
2529 5404 2691 5474 φιλεῖ,
2724 5404 2867 5466 τίνος
2902 5403 3087 5458 ἕνεκεν
3127 5406 3273 5475 ἡμᾶς
3305 5406 3553 5476 ὲποίησε;
3596 5403 3659 5473 μὴ
3686 5398 3765 5467 γὰρ

2266 5491 2509 5559 ἀνάγκην
2544 5483 2688 5558 εἷχε;
2727 5488 2801 5557 μὴ
2834 5488 2942 5558 γὰρ
2978 5488 3164 5558 χρείαν
3226 5490 3372 5561 αὐτῷ
3418 5492 3509 5544 καὶ
3546 5484 3767 5542 διακονίαν

2266 5572 2613 5643 πληροῦμενς
2668 5573 2741 5640 μὴ
2771 5573 2880 5640 γὰρ
2914 5570 3084 5623 δεῖταί
3133 5589 3274 5635 τινος
3321 5573 3427 5627 τῶν
3472 5573 3592 5643 παρ’
3621 5567 3763 5638 ήμῶν;

2271 5659 2470 5709 ’Ἄκουε
2500 5653 2594 5707 τοῦ
2639 5652 2929 5724 Προφήτου
2968 5653 3245 5720 λέγοντος⁸
3286 5651 3439 5709 Εἶπα
3473 5654 3550 5719 τῷ
3580 5648 3764 5717 Κηρίῳο

2266 5740 2480 5807 Κύριός
2505 5755 2624 5806 μου
2648 5733 2707 5790 εἷ
2733 5736 2835 5800 σὺ,
2876 5734 2965 5789 ὅτι
2990 5734 3108 5789 τῶν
3122 5737 3355 5807 ἀγαθῶν
3379 5756 3494 5807 μου
3514 5739 3580 5791 οὐ
3602 5732 3767 5803 χρείαν

2272 5827 2452 5896 ἔχεις.
2494 5822 2633 5876 Ἀλλ’
2661 5824 2709 5875 οί
2742 5820 3056 5893 ἀγνώμονες
3100 5825 3194 5876 καὶ
3238 5823 3571 5892 ἀναίσθητοι,
3611 5812 3764 5870 Τοῦτι.
