3974 6504
151 374 249 430 129
1030 368 1094 423 IN
1137 367 1347 431 EPIST.
1384 368 1470 421 AD
1508 366 1728 422 EPHES

146 496 237 551 sed
266 494 372 548 hoc
399 506 613 564 quoque
643 489 865 562 impedit
912 488 1302 545 immoderatio.
1358 485 1495 540 Audi
1542 494 1724 539 autem

145 590 288 645 hunc
315 603 533 660 quoque
561 587 777 641 beatum
819 582 1141 639 scribentem
1170 591 1227 638 et
1247 581 1515 636 dicentem
1546 578 1726 632 Timo-

146 684 301 738 thco:
330 680 539 736 Modico
559 680 674 734 vino
699 688 836 733 utere
864 686 1068 747 prapter
1095 676 1410 730 stomachum
1430 684 1476 730 et
1497 676 1728 746 frequen-

146 788 211 831 tes
235 786 355 829 tuas
385 772 709 841 infirmitates
735 770 812 841 (1.
833 768 964 823 Tim.
985 770 1040 824 5.
1069 767 1188 835 9.5).

204 867 260 922 2.
305 866 603 933 Propterea
632 861 776 917 enim
805 861 948 915 Deus
975 860 1100 916 fecit
1128 867 1309 914 nostra
1335 870 1567 926 corpora.
1582 854 1723 924 justa

137 956 452 1028 symmetria
479 952 717 1022 prta-dita,
735 959 788 1005 et
810 949 1213 1021 paucissatiari;
1234 946 1359 1003 inde
1372 962 1471 1001 nos
1478 946 1585 1015 jam
1603 959 1725 997 eru-

136 1050 288 1103 diens
318 1087 334 1111 ,
363 1045 509 1116 quod
537 1059 634 1098 nos
663 1052 817 1112 aptos
847 1042 1033 1096 fecerit
1076 1040 1147 1095 ad
1172 1040 1407 1094 alteram.
1434 1038 1616 1091 vitam.
1655 1034 1724 1089 Et

136 1139 353 1193 Volebat
381 1137 595 1207 quidem
624 1136 768 1189 illam
792 1135 920 1190 dare
940 1135 1006 1189 ab
1031 1132 1205 1201 initio,
1228 1132 1320 1188 sed
1350 1131 1601 1201 quoniam
1634 1129 1722 1183 illa

136 1248 233 1287 nos
265 1231 605 1287 reddidimus
630 1228 898 1299 indignos,
917 1227 1123 1281 distulit
1152 1244 1166 1279 :
1195 1236 1250 1282 et
1270 1241 1335 1281 eo
1355 1235 1599 1294 tempore
1615 1237 1722 1292 quo

134 1326 364 1388 distulit,
393 1338 499 1377 non
532 1336 630 1376 nos
668 1320 798 1375 sinit
822 1319 923 1374 frui
956 1317 1240 1373 immodice
1269 1335 1283 1371 :
1314 1317 1421 1370 vini
1447 1315 1587 1370 enim
1620 1314 1718 1368 be—

135 1417 273 1471 mina
309 1425 369 1469 et
395 1428 534 1468 unus
559 1412 710 1482 panis
739 1409 1016 1465 sufﬁciunt
1039 1408 1105 1463 ad
1130 1407 1454 1478 implendum
1479 1414 1718 1460 ventrem

134 1508 391 1563 hominis.
426 1506 496 1559 Et
525 1520 670 1570 eum,
699 1504 789 1573 qui
835 1504 888 1557 in
914 1502 1088 1556 omnia
1121 1502 1272 1555 bruta
1317 1498 1717 1555 obtinetdomi-

132 1613 315 1653 natum
346 1641 363 1663 ,
398 1596 526 1652 fecit
557 1594 895 1664 paucioribus
924 1593 1166 1664 indigere
1190 1607 1349 1661 quam
1385 1592 1507 1657 illa,
1540 1590 1718 1645 habita

131 1692 507 1761 proportione,
556 1696 611 1742 et
639 1701 836 1755 corpus
861 1685 1059 1751 breve,
1087 1684 1223 1741 nihil
1246 1684 1388 1738 aliud
1415 1683 1718 1753 significans

128 1798 287 1851 quam
315 1780 463 1851 quod
495 1778 559 1832 ad
590 1778 750 1832 aliam
781 1775 944 1830 vitam
976 1790 1344 1846 properamus.
1375 1773 1551 1829 Nolite
1571 1814 1586 1839 ,
1634 1773 1718 1827 in~

129 1875 258 1947 quit',
293 1872 542 1928 inebriari
570 1871 702 1933 uino,
730 1869 781 1922 in
811 1885 910 1939 quo
935 1878 1006 1923 est
1023 1868 1248 1923 luxuria.
1271 1866 1388 1922 Non
1421 1867 1562 1921 enim
1590 1880 1719 1920 con-

128 1976 325 2028 servat,
349 1964 445 2020 sed
476 1962 670 2033 perdit,
700 1976 807 2017 non
840 1960 1011 2015 solum
1037 1974 1253 2029 corpus,
1287 1958 1383 2013 sed
1407 1958 1569 2013 etiam
1602 1958 1718 2011 aui-

129 2074 289 2115 mam.
324 2056 437 2109 Sed
466 2052 750 2123 implernini
780 2050 1001 2120 Spiritu,
1035 2050 1121 2105 i9.
1154 2050 1408 2119 loquentes
1450 2048 1717 2103 vobismet-

130 2147 331 2217 ipsisin
376 2144 586 2214 psalmis
613 2153 661 2196 et
686 2141 900 2196 canticis
923 2140 1308 2212 spiritualibus,
1353 2140 1629 2210 psallentes
1667 2150 1717 2195 et

124 2246 387 2289 cantantes
408 2235 461 2288 in
492 2232 727 2287 cordibus
760 2232 932 2287 uestris
958 2230 1200 2296 Domino,
1229 2230 1321 2285 20.
1348 2230 1545 2302 gratias
1562 2248 1716 2302 agen-

122 2339 187 2381 tes
214 2344 420 2398 semper
439 2342 532 2395 pro
570 2322 822 2397 omnibus,
864 2325 918 2378 in
939 2324 1143 2379 nomine
1175 2323 1383 2377 Domini
1406 2325 1567 2378 nostri
1588 2322 1713 2377 Iesu

120 2422 306 2475 Clu-isti
323 2461 340 2487 ,
374 2419 484 2473 Deo
510 2429 557 2473 et
589 2417 731 2471 Patri
758 2435 777 2471 :
802 2417 892 2472 21.
948 2417 1160 2487 subjecti
1200 2418 1411 2471 invicem
1455 2417 1517 2472 in,
1536 2417 1715 2470 timore

118 2513 328 2565 Christi.
387 2510 482 2566 Vis
506 2551 521 2575 ,
556 2510 761 2580 inquit,
808 2509 1024 2564 laetari?
1068 2509 1148 2564 vis
1177 2508 1319 2564 diem
1347 2508 1711 2564 consumere?

118 2604 227 2674 Ego
255 2604 331 2657 do
366 2602 461 2656 tibi
500 2611 682 2672 potum
714 2601 1049 2671 spiritualem
1094 2617 1109 2654 :
1140 2600 1374 2655 ebrietas
1403 2601 1546 2655 enim
1574 2599 1711 2656 bene

112 2693 517 2764 significantem
545 2693 738 2762 linguae
757 2702 955 2746 nostrae
982 2690 1256 2746 exscindit
1280 2705 1488 2755 vocem,
1513 2700 1581 2745 ut
1598 2691 1711 2746 bal-

111 2784 400 2839 butiamus
430 2782 686 2846 efficiens,
716 2782 1012 2852 oculosque
1037 2782 1319 2846 etomnia,
1345 2791 1402 2835 ut
1438 2783 1602 2838 semel
1623 2783 1708 2838 di-

110 2890 266 2937 cam,
305 2883 640 2944 pervertens.
694 2873 855 2927 Disce
885 2874 1115 2942 psallere
1136 2913 1152 2938 ,
1183 2882 1236 2927 et
1274 2872 1481 2928 videbis
1510 2872 1587 2928 rei
1615 2889 1710 2928 vo.

111 2968 384 3037 luptatem
418 2985 431 3018 :
462 2982 579 3020 nam
607 2966 697 3036 qui
750 2966 1018 3035 psallunt,
1038 2965 1327 3034 implentur
1358 2966 1709 3034 Spiritusan-

110 3069 214 3124 elo,
246 3058 395 3111 sicut
422 3057 511 3125 qui
536 3056 777 3111 satanica
794 3056 1243 3118 canuntcantica.
1262 3057 1451 3127 Spiritu
1466 3057 1709 3113 immuns

112 3150 198 3203 do.
228 3148 377 3216 Quid
408 3158 492 3203 est
513 3191 529 3214 ,
574 3148 641 3201 In
683 3146 918 3202 cordibus
946 3154 1123 3203 uestris
1171 3146 1432 3203 Domino?
1460 3148 1579 3205 Hoc
1599 3158 1705 3215 est,

112 3243 391 3309 sapienter
411 3243 651 3294 animum
672 3240 989 3296 adhibentes
1023 3257 1036 3293 :
1070 3256 1190 3294 nam
1213 3241 1301 3310 qui
1330 3242 1706 3295 animumnon

112 3333 393 3397 adhibent,
427 3343 631 3389 temere
658 3342 857 3388 canunt
885 3334 1045 3388 verba
1076 3332 1555 3403 loquentes,,corde
1578 3334 1705 3389 alibi

114 3436 361 3496 vagante.
413 3424 637 3490 Gratias,
674 3426 866 3495 inquit,
897 3441 1094 3496 semper
1128 3435 1327 3496 agentes
1362 3443 1451 3495 pro
1476 3427 1711 3482 omnibus

115 3519 163 3570 in
190 3518 419 3570 nomine-
444 3516 657 3570 Domini
685 3518 844 3571 nostri
885 3514 1013 3570 Jesu
1052 3516 1258 3583 Christi,
1286 3515 1395 3570 Deo
1440 3527 1488 3570 et
1534 3516 1701 3582 Patri,

114 3609 326 3677 subjecti
380 3608 594 3661 invicem
632 3607 684 3660 in
712 3607 891 3661 timore
918 3606 1127 3661 Christi.
1159 3607 1212 3661 Id
1257 3615 1376 3675 est,
1420 3608 1708 3677 petitiones

113 3707 302 3752 vestrae
320 3713 452 3753 curn
470 3698 758 3768 gratiarum
774 3698 984 3753 actione
1006 3698 1341 3753 innotescant
1356 3698 1494 3767 apud
1515 3698 1701 3755 Deum:

114 3786 240 3842 nihil
265 3790 420 3843 enim
450 3803 604 3857 teque
622 3788 786 3851 Deum
815 3788 996 3843 laztitia
1027 3787 1213 3855 afficit,
1241 3796 1298 3843 ut
1325 3788 1538 3858 quando
1560 3789 1705 3859 quis-

116 3880 249 3948 piam
314 3889 406 3935 est
456 3890 663 3951 gratus.
695 3880 925 3936 Maxime
968 3891 1145 3936 autem
1197 3896 1481 3952 possumus
1509 3883 1709 3953 gratias

117 3987 289 4041 agere,
320 3972 663 4028 abducentes
688 3974 925 4027 animum
955 3983 1194 4028 nostrum
1223 3975 1290 4029 ab
1315 3974 1380 4028 iis
1406 3992 1527 4045 qua:
1555 3976 1711 4046 prius

116 4065 247 4121 dicta
303 4076 463 4132 sunt,
518 4074 575 4121 et
618 4080 741 4121 eum
771 4077 1129 4137 expurgantes
1176 4066 1240 4122 iis
1264 4083 1383 4138 quae
1410 4068 1563 4124 dixit.
1597 4069 1709 4124 Sed

116 4160 427 4229 iraplemini,
458 4159 653 4229 inquit,
680 4160 903 4230 Spiritu.
928 4161 1094 4216 Estne
1118 4159 1219 4215 hoc
1244 4162 1296 4215 in
1324 4171 1505 4218 nostra
1549 4172 1705 4232 pote-

118 4261 246 4307 state
269 4253 296 4305 ?
326 4251 432 4305 Est
460 4262 628 4306 certe.
675 4250 904 4319 Quando
935 4253 1076 4306 enim
1105 4252 1460 4319 mendacium,
1491 4256 1707 4325 quando

120 4344 474 4398 acerbitatem
503 4351 556 4398 et
585 4344 991 4400 amarulentiam
1015 4385 1030 4408 ,
1059 4344 1273 4414 quando
1301 4346 1703 4414 scortationem,

122 4437 338 4506 quando
365 4436 782 4503 immunditiam,
805 4436 1019 4507 quando
1046 4437 1323 4493 avaritiam
1341 4453 1371 4491 a
1391 4441 1707 4494 uostraani-

124 4543 199 4583 ma
235 4529 614 4598 abegerimus,
638 4528 850 4596 quando
877 4528 1135 4585 fuerimus
1155 4528 1388 4599 benigni,
1409 4530 1709 4586 misericor-

123 4622 232 4685 des,
278 4622 446 4676 nobis
493 4620 621 4690 ipsis
649 4622 1031 4690 gratificantes,
1061 4622 1277 4692 quando
1325 4637 1429 4677 non
1480 4623 1708 4679 adfuerit

125 4714 450 4777 scurrilitas,
480 4712 694 4782 quando
737 4727 834 4767 nos
861 4713 1257 4773 reddiderimus
1300 4713 1544 4784 dignos,,
1582 4716 1706 4785 quid

125 4814 203 4860 est
237 4804 389 4876 quod
420 4804 706 4874 prohibeat
745 4820 813 4860 ne
844 4804 1065 4861 accedat
1113 4815 1169 4861 et
1218 4804 1433 4862 advolet
1477 4806 1715 4875 Spiritus

128 4896 385 4951 sanctus?
415 4894 603 4967 Neque
636 4895 810 4951 solum
857 4896 1096 4963 accedet,
1129 4897 1223 4953 sed
1265 4898 1425 4952 etiam
1472 4898 1713 4969 implebit

127 5002 214 5043 cor
249 4996 526 5043 nostrum.
561 4988 695 5041 Dum
744 4996 828 5042 est
853 4996 1033 5043 autem
1062 4988 1387 5044 intrinsecus
1418 4989 1511 5043 lux
1541 4998 1708 5056 tanta,

131 5094 229 5134 non
268 5079 380 5136 erit
399 5080 470 5135 de
495 5088 692 5135 caetero
716 5078 1006 5135 difficilese
1024 5094 1090 5135 ex
1113 5080 1305 5135 virtute
1322 5090 1713 5151 rectegerere,

134 5174 217 5227 sed
249 5173 414 5227 facile
457 5182 513 5226 et
555 5172 889 5242 expeditum.
911 5171 1134 5238 Gratias,
1168 5173 1360 5243 inquit,
1389 5184 1594 5244 agentes
1620 5191 1715 5244 pro

136 5267 382 5319 erunibus.
415 5264 558 5333 Quid
612 5264 781 5335 ergo?
828 5280 925 5335 pro
952 5265 1221 5331 omnibus,
1274 5281 1394 5333 quae
1446 5267 1714 5334 accidunt,

138 5368 348 5427 oportet
392 5358 592 5428 gratias
630 5358 836 5427 agere?
890 5356 1047 5412 Certe
1079 5373 1095 5409 :
1126 5357 1331 5411 etiamsi
1376 5358 1446 5412 sit
1476 5358 1712 5424 morbus,

140 5452 346 5505 etiamsi
376 5458 684 5518 paupertas.
731 5447 788 5504 Si
818 5448 961 5505 enim
992 5449 1044 5502 in
1073 5447 1252 5503 Veteri
1281 5448 1539 5503 suadebat
1564 5450 1712 5520 quis-

143 5541 273 5609 piam
300 5539 532 5611 Sapiens
555 5540 741 5595 dicens
759 5555 778 5593 :
808 5539 968 5592 Omne
994 5538 1129 5610 quod
1154 5538 1241 5593 tibi
1256 5539 1517 5593 inductum
1543 5542 1717 5610 fuerit,

146 5631 366 5686 libenter
404 5631 580 5701 accipe
611 5647 632 5684 :
659 5640 704 5683 et
730 5630 783 5683 in
812 5629 1170 5685 mutationibus
1210 5629 1573 5684 humiliationis
1620 5639 1721 5684 ture

147 5735 241 5778 ato
256 5726 566 5798 longanimis
585 5722 916 5796 (Eccli.2.4);
931 5724 1100 5779 multo
1123 5726 1290 5794 magis
1312 5723 1364 5778 id
1381 5723 1492 5779 fieri
1510 5734 1722 5795 oportet

149 5817 386 5873 iINovo.
408 5819 521 5873 Etsi
553 5830 685 5887 ergo
708 5816 974 5871 rationem
994 5815 1220 5883 nescias,
1249 5829 1345 5885 age
1362 5815 1557 5886 gratias
1584 5813 1720 5873 :boc

1733 405 1748 420 .
1785 366 1939 423 CAP.
1971 369 2035 426 V.
2076 371 2303 429 HOMIL.
2346 374 2485 432 XlX.

3300 383 3406 438 13⁸)

1834 483 1977 540 enim
2002 497 2084 541 est
2111 502 2297 544 revera
2324 491 2614 559 gratiarum
2640 493 2803 549 actio.
2831 493 2926 551 Sin
2965 504 3148 552 autem
3170 504 3303 553 cum].
3330 503 3405 558 sis

1831 577 2107 632 beneficiis
2136 579 2358 635 allectus
2377 622 2393 645 ,
2431 583 2821 657 eptrlentusquc
2844 598 2897 642 et
2926 588 3184 659 locuples,
3213 605 3407 661 ιτρδψιθ

1833 676 1953 722 tuas
1976 669 2111 725 bene
2140 686 2331 740 geras,
2358 683 2414 727 ct
2452 676 2629 730 omnia
2662 678 2759 731 tibi
2807 684 3402 752 prospereesuccodaut,

1830 775 1954 830 agas
1978 763 2196 830 gratias,
2217 778 2325 819 non
2351 774 2433 819 est
2463 782 2711 836 maguum
2742 785 2841 825 nec
2866 771 3277 830 admirandum:
3308 794 3398 833 ve-

1829 866 1953 905 rum
1973 852 2113 921 quod
2142 854 2401 909 huaeritur
2419 866 2523 920 est,
2559 868 2614 911 ut
2643 860 2844 926 gratias
2870 872 2992 932 agat
3020 866 3109 932 qui
3137 869 3297 923 estin
3327 869 3406 924 af-

1830 941 2152 1001 ﬂictionibus
2184 955 2237 1000 et
2268 946 2320 1000 in
2346 949 2618 1003 mmstitia.
2649 949 2789 1005 Nihil
2820 954 2966 1009 dicas
2992 967 3119 1012 ante
3158 958 3260 1014 hoc
3285 977 3405 1017 ver-

1828 1033 1980 1102 bum,
2010 1035 2223 1091 Gratias
2248 1052 2349 1107 ago
2380 1038 2506 1105 tibi,
2549 1040 2790 1096 Domine.
2832 1043 2895 1096 Et
2920 1045 3047 1113 quid
3072 1048 3194 1103 dico
3222 1044 3316 1118 pro
3342 1052 3405 1109 iis

1828 1141 1948 1195 qua:
1980 1127 2066 1182 hic
2090 1138 2213 1183 sunt
2235 1130 2650 1186 afﬂictionibus?
2678 1148 2773 1202 pro
2800 1133 2911 1205 ipsa
2935 1138 3183 1206 geltenna
3195 1155 3407 1212 oportet

1831 1220 1939 1274 Deo
1965 1234 2123 1289 agere
2142 1226 2371 1291 gratias,
2413 1239 2510 1293 pro
2540 1226 2711 1292 paruis
2745 1236 2807 1280 et
2825 1232 3111 1298 suppliciis.
3129 1249 3405 1303 quorsum

1828 1311 1935 1367 illic
1975 1328 2075 1367 :ea
2101 1315 2243 1367 enim
2273 1329 2364 1369 res
2406 1330 2515 1369 nos.
2531 1316 2687 1372 valde
2713 1317 2863 1387 juvat
2896 1322 2987 1391 qui
3031 1324 3395 1383 animadverti

1827 1420 1945 1459 mus
1976 1421 1990 1457 :
2024 1421 2119 1475 pro
2142 1406 2293 1460 freno
2330 1417 2507 1462 metus
2527 1409 2787 1477 gehennae
2819 1413 3121 1482 imponatur
3154 1419 3405 1478 cordibus

1827 1497 2047 1551 nostris.
2070 1496 2148 1551 Ne
2164 1513 2294 1569 ergo
2322 1507 2524 1554 tantum
2550 1516 2646 1569 pro
2668 1502 3279 1574 manifestisbeueficiis,
3308 1512 3402 1568 sed

1824 1588 1985 1642 etiam
2013 1603 2115 1657 pro
2152 1588 2217 1642 iis
2247 1605 2366 1659 quae
2393 1608 2498 1645 non
2526 1602 2651 1646 sunt
2680 1595 2994 1663 manifesta,
3024 1610 3079 1652 et
3103 1599 3303 1669 quibus
3318 1605 3404 1659 vel

1825 1680 2280 1748 invitiafficimur,
2299 1697 2522 1753 agamus
2538 1685 2738 1754 gratias
2763 1705 2776 1739 :
2805 1687 2988 1741 multis
3007 1690 3151 1744 enim
3177 1707 3283 1748 nos
3306 1711 3404 1749 no-

1823 1772 1995 1828 lentes
2016 1781 2075 1828 et
2098 1774 2403 1829 nescientes
2432 1773 2707 1831 beneficiis
2736 1776 2922 1832 allicit.
2972 1779 3043 1834 Si.
3072 1793 3250 1838 autem
3296 1802 3401 1843 nou

1822 1864 2062 1930 creditis,
2086 1864 2198 1933 jam
2220 1865 2372 1919 vobis
2400 1881 2514 1920 rem
2542 1867 2717 1936 palam
2748 1869 2958 1925 faciam.
3002 1871 3189 1944 Cogita
3207 1876 3348 1932 enim
3383 1895 3400 1933 ι

1821 1957 2063 2011 scelerati
2086 1966 2143 2012 et
2167 1956 2428 2021 increduli
2460 1956 2656 2024 Graeci,
2682 1974 2862 2017 nonne
2884 1962 2984 2017 soli
3003 1966 3182 2021 omnia
3203 1968 3406 2025 adscri-

1821 2048 1951 2104 lmnt
1975 2059 2030 2103 et
2076 2051 2194 2105 suis
2214 2049 2415 2105 idolis?
2444 2051 2582 2117 Quid
2627 2055 2793 2108 vero?
2843 2072 3022 2111 annon
3053 2075 3151 2114 eos
3192 2077 3403 2134 quoque
3433 2042 3441 2049 ’

1822 2139 2083 2195 beneficio
2111 2140 2318 2196 afficit?
2342 2157 2522 2197 annon
2548 2154 2633 2199 est
2681 2144 2828 2201 illius
2865 2150 3229 2217 providentia.
3256 2159 3401 2226 quod

1820 2232 1920 2300 ipsi
1951 2233 2132 2287 vivant
2161 2242 2223 2289 et
2246 2232 2353 2288 sint
2379 2234 2518 2300 sani,
2563 2246 2615 2290 et
2648 2236 2853 2293 liberos
2876 2256 3179 2311 procreent,
3205 2258 3403 2320 etquo:

1819 2335 1945 2377 sunt
1976 2322 2307 2393 hujusmodi?
2338 2325 2475 2391 Quid
2504 2342 2632 2381 vero
2658 2328 3052 2388 Marcionistrn?
3082 2337 3215 2406 quid.
3235 2341 3401 2395 Mani.

1818 2414 1992 2470 chtui?
2017 2430 2197 2470 nonne
2219 2416 2367 2471 illum
2390 2418 2733 2487 blasplremiis
2760 2427 3223 2497 appetlmt?'Quid:
3241 2435 3397 2503 ergo?

1818 2524 2005 2563 nonne
2019 2523 2114 2563 eos
2131 2509 2371 2579 quotidie
2397 2510 2661 2567 beneficio
2691 2512 2905 2569 afficit?
2923 2518 3073 2585 Quod
3110 2523 3156 2575 si
3184 2527 3398 2581 nescios

1818 2599 2057 2670 quotidie
2083 2599 2350 2654 beneflcio
2373 2600 2560 2668 afficit,
2594 2603 2961 2676 multomagis
2991 2624 3113 2666 nos.
3142 2614 3293 2680 Quod
3308 2629 3398 2673 est

1816 2694 1961 2748 enim
1990 2693 2134 2748 aliud
2169 2692 2262 2748 Dei
2287 2709 2421 2763 opus
2442 2710 2603 2765 quam
2631 2695 2755 2764 hoc,
2789 2714 2983 2768 nempe
3008 2702 3280 2762 hominum
3308 2726 3403 2780 ge.

1818 2799 1923 2839 nus
1943 2783 2162 2840 afﬁcere
2181 2783 2481 2851 beneficio,
2508 2795 2685 2857 etper
2701 2791 2963 2859 supplicia
2987 2805 3038 2849 et
3069 2811 3163 2866 per
3187 2815 3399 2856 recrea-

1814 2874 2053 2929 tionem?

1886 2964 2077 3020 Gratia:
2094 2963 2205 3020 Deo
2224 2966 2433 3036 agenda:
2456 2967 2609 3023 etiam
2632 2969 2687 3023 in
2710 2971 2953 3028 aduersis.
2978 3005 3049 3017 -
3067 2976 3191 3033 Non
3215 2983 3391 3041 solum

1814 3074 1943 3129 ergo
1968 3072 2188 3128 agamus
2212 3061 2433 3129 gratias,
2467 3060 2606 3115 dum-
2636 3071 2771 3116 sunt.
2793 3065 2951 3121 nobis
2985 3084 3073 3124 res
3100 3076 3352 3131 secundm
3379 3097 3394 3132 :

1812 3165 1921 3205 non
1944 3159 2027 3205 est
2055 3151 2196 3207 enim
2226 3150 2326 3206 hoc
2353 3168 2635 3223 magnunu
2658 3154 2735 3209 Et:
2770 3155 2877 3213 hoc
2919 3164 3075 3217 novit
3108 3164 3396 3237 diabolus;

1814 3240 2049 3310 ideoque
2073 3241 2282 3298 dicebat
2314 3259 2328 3296 :
2360 3242 2633 3298 Num—Job.
2664 3248 2964 3317 gratiscolit
2990 3251 3203 3309 Deum?
3231 3276 3399 3315 nonne

1811 3333 2206 3388 circumuallain
2224 3350 2342 3403 quas
2360 3346 2480 3390 sunt
2506 3338 2625 3407 ejus:
2642 3338 2797 3403 intus;
2826 3352 2875 3394 et
2898 3360 3015 3412 quas
3036 3348 3162 3413 [oris
3185 3350 3215 3403 ν
3236 3353 3398 3424 Aufer

1812 3440 1985 3477 omnes
2010 3426 2121 3493 ejus
2159 3427 2466 3494 fumantes,
2517 3438 2651 3482 certe
2694 3430 2746 3483 in
2789 3432 2987 3500 faciam
3022 3437 3111 3490 tibi
3141 3439 3395 3497 benedicet

1813 3516 1831 3582 (
1861 3512 1962 3567 Job
1990 3516 2042 3570 t.
2074 3515 2126 3571 9.
2158 3516 2271 3584 10).
2302 3516 2407 3571 Sed
2448 3517 2711 3574 scelerato
2740 3521 2813 3574 illi
2865 3523 3009 3578 uibib
3040 3541 3104 3581 ex
3151 3545 3216 3583 eo
3257 3532 3395 3590 lucri

1810 3605 2057 3670 accessit,
2084 3613 2140 3660 et
2165 3606 2305 3660 absit
2332 3616 2389 3661 ut
2414 3606 2481 3663 de
2501 3592 2744 3663 nobisei’
2765 3611 2899 3666 lucri
2921 3614 3121 3687 aliquid
3132 3622 3385 3679 accedat.

1812 3697 1919 3751 Sed
1945 3705 1999 3752 et
2036 3697 2251 3767 quando
2290 3698 2551 3755 fuerimus
2587 3701 2639 3757 in
2686 3715 3030 3773 paupertate,
3081 3713 3294 3779 quando
3336 3717 3394 3772 in

1813 3790 2014 3846 morbis
2033 3800 2088 3845 et
2117 3791 2167 3844 in
2197 3792 2637 3856 molestiis,,tunc
2667 3795 2920 3863 majorem
2943 3814 3164 3869 agamus
3189 3808 3389 3875 gratia-

1816 3896 1933 3935 rum
1967 3880 2234 3936 actionem
2270 3899 2283 3933 :
2314 3883 2627 3950 gratiarum,
2661 3885 2915 3954 inquam,
2959 3892 3245 3959 actionem,
3286 3912 3398 3952 non

1814 3972 2012 4035 verbis,
2055 3987 2229 4042 neque
2255 3973 2774 4043 lingua,.sed.rebus
2797 3981 3054 4047 evinctis,
3096 3995 3150 4039 et
3195 3990 3397 4058 cogita-

1815 4064 1959 4118 tione
1987 4071 2047 4118 et
2065 4064 2249 4119 corde.
2279 4064 2411 4119 Tota
2435 4066 2610 4120 anima
2642 4068 2692 4122 ei
2719 4077 3178 4144 agamusgratias.
3228 4079 3393 4151 Magis

1811 4155 2095 4210 enimnos.
2111 4155 2286 4226 diligit
2310 4172 2467 4227 quam
2499 4159 2601 4228 qui.
2622 4175 3087 4231 nosgenueruntz;
3134 4178 3201 4224 et
3227 4187 3395 4242 qua".

1815 4254 1924 4300 tum
1958 4246 2181 4302 interest
2212 4249 2350 4303 inter
2378 4251 2692 4318 pravitatem
2720 4263 2773 4307 et
2802 4253 3111 4324 bonitatem,
3141 4270 3395 4320 tautaest

1812 4337 2111 4394 differentia
2134 4340 2449 4396 dilectionis
2468 4342 2563 4397 Dei
2592 4358 2620 4396 a
2641 4343 2929 4402 dilectione
2950 4359 3157 4418 patrum
3182 4365 3394 4412 nostro—

1813 4444 1955 4484 rum.

1884 4524 1939 4578 5.
1978 4521 2161 4593 Neque
2184 4522 2304 4579 haec
2321 4523 2491 4579 verba
2513 4534 2637 4578 sunt
2663 4540 2802 4587 mea.
2832 4528 2922 4583 sed
2964 4529 3130 4600 ipsius
3154 4532 3351 4592 Christi
3376 4581 3395 4603 ,

1813 4614 1903 4685 qui
1923 4614 2210 4683 nosdiligit
2234 4631 2250 4670 :
2277 4614 2400 4670 audi
2422 4630 2544 4670 eum
2569 4616 2857 4687 dicentem,
2888 4620 3014 4687 Quis
3042 4638 3103 4677 ea:
3132 4626 3268 4680 vobis
3296 4629 3389 4682 ho.-

1814 4723 1920 4772 mo,
1944 4706 2109 4775 quisi
2125 4706 2263 4776 ﬁlius
2292 4706 2359 4760 ab
2376 4722 2434 4762 co
2458 4708 2656 4778 petierit
2686 4725 2888 4779 partem,
2911 4713 3400 4784 numlapirlemda-

1816 4798 1885 4853 bit
1909 4801 1954 4851 ei
1974 4799 1999 4851 ?
2027 4799 2086 4851 Si
2111 4809 2277 4852 autem
2300 4815 2386 4853 vos
2410 4815 2539 4855 cum
2566 4801 2677 4854 sitis
2719 4802 2841 4855 mali
2866 4842 2879 4860 .
2923 4805 3079 4858 scitis?
3106 4808 3253 4861 bona
3272 4813 3398 4865 data

1815 4894 1938 4945 dare
1965 4891 2087 4959 ﬁliis
2109 4891 2281 4945 vestris
2311 4905 2329 4943 :
2352 4899 2539 4960 quanto
2568 4890 2913 4960 magislialer
2944 4906 3106 4949 vester
3129 4900 3397 4967 quiestirs

1817 4982 1959 5036 cwlis
1996 4981 2126 5035 bona
2178 4981 2316 5035 dabit
2357 4982 2419 5035 iis
2465 4983 2551 5052 qui
2595 4985 2669 5036 ab:
2701 4983 2821 5048 ipso.
2841 4995 3012 5053 petunt
3064 4987 3287 5059 (Matth.
3338 4992 3395 5049 τ.

1821 5074 1906 5129 10.
1940 5073 2079 5144 ll)?
2126 5084 2193 5128 et.
2237 5088 2425 5128 rursus
2469 5072 2651 5139 alibi,
2685 5074 2825 5128 Num
2866 5075 3180 5132 obliviscetur
3216 5082 3400 5137 mulier

1820 5165 2044 5218 misereri
2062 5164 2294 5232 ﬁliorum
2318 5164 2447 5218 uteri
2473 5166 2552 5218 sui
2575 5164 2600 5217 ?
2630 5163 2707 5219 Si:
2734 5175 2917 5220 autem.
2938 5183 3109 5221 eorum
3137 5169 3400 5224 oblivisca-

1824 5268 1907 5311 tur
1937 5258 2135 5321 mulier,
2187 5273 2279 5327 ego
2317 5258 2585 5311 tamen-tui
2630 5274 2731 5312 non
2779 5258 3066 5325 obliviscar,
3121 5262 3242 5315 dicit
3290 5261 3403 5315 Do-

1822 5352 1989 5405 minus
2016 5350 2167 5421 (lsai.
2198 5351 2290 5407 49.
2324 5352 2433 5420 15).
2460 5350 2664 5405 Nam-si
2694 5367 2800 5406 non
2845 5353 3044 5423 diligit,
3072 5370 3299 5410 cur‘nos-
3326 5356 3403 5411 fe-

1821 5444 1930 5497 cit?
1958 5442 2560 5499 num‘fuiteinecesse?
2590 5444 2941 5514 numaliquid
2966 5444 3319 5516 faeimusquo
3346 5447 3404 5501 ei

1824 5537 1903 5590 sit
1919 5549 2077 5606 opus,
2105 5546 2157 5591 et
2185 5536 2233 5592 ei
2264 5535 2533 5606 fungimur
2554 5537 2897 5591 ministerio-1
2928 5550 3059 5591 num
3081 5537 3259 5603 aliquo
3284 5549 3405 5609 eget

1826 5643 1893 5684 ex
1918 5628 2156 5683 nostris?
2185 5628 2319 5683 Audi
2351 5628 2661 5697 prophetam
2684 5627 2987 5683 dicentem:
3012 5626 3409 5700 Dixi-*Domino,

1826 5717 1973 5775 Deus
1986 5736 2207 5774 menses
2237 5728 2310 5787 tu,
2350 5720 2603 5790 quoniam.
2640 5720 3269 5777 bonorum-meorunr-non
3290 5740 3412 5796 ego:

1826 5813 2001 5885 (Psal.
2038 5814 2124 5871 15.
2151 5813 2229 5884 2).
2257 5812 2568 5876 Sed‘dicunt
2597 5814 2786 5884 ingrati
2813 5823 2867 5871 et
2894 5815 3041 5874 nullo
3058 5831 3226 5875 sensu
3268 5836 3405 5889 pra»
