3974 6500
595 374 687 433 i3!

594 490 719 558 niti,
745 488 939 548 fitecue
963 502 1094 551 sunt
1121 491 1215 549 Dei
1244 492 1528 561 bonitatis,
1559 504 1616 548 ut
1656 495 1728 549 sit
1754 493 2004 548 omnibus
2033 492 2172 563 pari-

599 587 679 632 tas
708 579 965 635 honoris?
992 582 1087 637 Dic
1115 581 1268 650 mihi,
1298 583 1460 639 homo
1498 584 1725 655 ingrate,
1760 600 2002 655 quamam
2041 583 2177 638 dicis

601 685 705 726 non
736 687 858 727 esse
901 673 994 729 Dei
1038 674 1312 742 bonitatis,
1359 686 1412 732 et
1447 692 1732 747 quamnam
1780 678 1916 732 dicis
1959 678 2175 733 honoris

602 763 1003 830 aequalitatem?
1031 765 1127 820 Hic
1152 781 1181 820 ιι
1206 782 1372 836 puero
1402 769 1621 823 mutilus
1645 778 1749 834 est,
1777 770 1914 823 alius
1957 769 2172 835 insanit,

600 862 655 904 et
680 861 902 908 vexatur
922 868 956 909 a
983 854 1265 921 daemone;
1296 858 1431 912 alius
1469 858 1557 928 qui
1603 857 1669 912 ad
1700 868 1991 914 extremam
2030 858 2177 914 venit

600 951 968 1011 senectutem,
1025 954 1189 1002 totam
1236 948 1398 1003 vitam
1447 949 1704 1021 transegit
1751 950 1803 1004 in
1841 958 2170 1020 paupertate,

596 1033 735 1088 alius
762 1034 814 1089 in
848 1036 1049 1092 morbis
1074 1038 1404 1108 gravissimis
1437 1057 1452 1095 :
1481 1038 1667 1095 haecne
1691 1049 1816 1094 sunt
1859 1056 2021 1110 opera
2053 1054 2175 1109 pro-

597 1124 846 1180 videntiae
870 1129 896 1181 .’
923 1127 1019 1183 llic
1043 1129 1257 1198 quidem
1285 1140 1368 1184 est
1394 1130 1589 1186 surdus
1615 1171 1632 1199 ,
1674 1132 1762 1186 ille
1804 1146 1932 1186 vero
1960 1140 2172 1198 mutus;

598 1214 686 1270 hic
713 1226 797 1270 est
824 1232 1043 1288 pauper,
1069 1219 1206 1275 alius
1245 1235 1374 1275 vero
1399 1222 1691 1276 sceleratus
1740 1231 1898 1293 atque
1940 1224 2175 1276 scelera-

598 1306 836 1361 tissimus
861 1319 913 1362 et
943 1308 1127 1377 plenus
1156 1310 1311 1364 malis
1338 1311 1661 1376 innumeris,
1699 1310 1895 1366 fruitur
1938 1312 2175 1382 pecuniis

596 1408 651 1453 et
681 1400 775 1453 alit
808 1402 1116 1456 meretrices
1142 1412 1197 1456 et
1225 1403 1507 1471 parasitos,
1551 1404 1942 1474 praeclarasque
1971 1413 2026 1458 et
2063 1419 2175 1457 ma-

595 1492 819 1560 gnificas
843 1493 989 1549 mdes
1010 1496 1271 1564 possidet,
1300 1508 1352 1550 et
1376 1498 1539 1552 vitam
1560 1497 1668 1567 agit
1693 1497 1925 1567 quietam
1950 1507 2005 1552 et
2028 1499 2174 1553 onmi

598 1584 812 1654 negotio
839 1600 1079 1640 vacuam.
1114 1585 1381 1657 Multaque
1430 1587 1693 1654 ejusmodi
1724 1588 2010 1659 colligunt,
2062 1589 2176 1642 lon-

596 1690 714 1740 gam
745 1684 1093 1730 contexentes
1119 1678 1419 1732 orationem
1467 1678 1724 1732 adversus
1768 1678 1860 1734 Dei
1894 1678 2175 1748 providen-

598 1765 744 1821 tiam.
776 1767 912 1834 Quid
939 1767 1106 1838 ergo?
1137 1769 1350 1824 nullane
1370 1777 1454 1823 est
1484 1769 1859 1839 providentia?
1887 1769 2012 1839 quid
2047 1785 2173 1840 ergo

594 1856 835 1911 dicemus
866 1857 932 1912 ad
960 1859 1117 1912 illos?
1146 1857 1205 1914 Si
1231 1860 1415 1914 es’seut
1452 1860 1667 1930 quidem
1695 1859 1889 1927 Graeci,
1939 1870 1995 1914 et
2031 1859 2174 1915 dice-

597 1961 716 2003 reut
742 1949 900 2004 nobis
940 1952 1194 2005 mundum
1239 1953 1307 2006 ab
1332 1953 1513 2022 aliquo
1554 1952 1913 2007 administrari
1943 1969 1955 2006 :
1989 1969 2172 2008 rursus

598 2056 695 2094 uos
722 2056 934 2111 quoque
960 2041 1145 2097 eadem
1190 2044 1268 2098 eis
1297 2044 1597 2100 diceremus
1624 2061 1639 2100 :
1684 2044 1821 2113 Quid
1850 2060 1999 2116 ergo,
2032 2046 2172 2100 nulla

597 2144 679 2186 est
710 2134 1088 2202 providentia?
1113 2137 1382 2206 quomodo
1409 2152 1539 2209 ergo
1566 2152 1662 2193 vos
1688 2138 1817 2193 deos
1842 2138 2035 2204 colitis,
2066 2139 2171 2194 dte-

599 2238 786 2278 mones
809 2234 863 2279 et
891 2224 1087 2281 heroas
1110 2227 1387 2282 adoratis?
1418 2245 1537 2282 nam
1565 2229 1609 2283 si
1631 2238 1713 2283 est
1733 2230 2086 2298 providentia,
2109 2244 2173 2286 ea

596 2315 1037 2370 omniumcuram
1062 2316 1222 2386 gerit.
1252 2317 1310 2373 Si
1347 2317 1455 2373 sint
1491 2319 1653 2390 aliqui
1680 2320 1769 2389 qui
1807 2335 1950 2390 a‘gre
2000 2320 2174 2377 ferant

595 2404 881 2460 Christiani
911 2407 993 2462 vel
1019 2408 1180 2462 etiam
1205 2408 1399 2476 Graeci,
1418 2418 1478 2467 et
1503 2412 1593 2481 qui
1620 2411 1912 2478 labascant,
1943 2412 2069 2483 quid
2094 2413 2173 2468 eis

598 2494 875 2549 dicemus?
905 2496 1033 2550 Tam
1050 2498 1642 2571 multane.dic,qu:eso,
1668 2516 1793 2556 casu
1815 2501 1950 2556 facta
1976 2502 2174 2559 fuerint

597 2585 773 2639 bona?
797 2587 885 2640 lux
910 2587 1239 2656 quotidiana,
1265 2589 1402 2644 bene
1427 2591 1717 2660 dispositus
1750 2592 1884 2647 ordo
1911 2593 1962 2646 in
1989 2596 2169 2662 rebus,

597 2683 862 2729 astrorum
883 2676 1105 2745 chorea,
1136 2678 1345 2733 dierum
1375 2689 1429 2734 et
1456 2683 1690 2736 noctium
1720 2698 1909 2739 cursus
1932 2700 1996 2739 ex
2017 2701 2171 2755 aequo

596 2766 919 2830 consistens,
945 2778 1148 2823 naturae
1163 2771 1543 2840 consequentia
1564 2781 1618 2826 et
1634 2773 1685 2827 in
1710 2774 1900 2841 plantis
1914 2783 1968 2829 et
1983 2774 2035 2828 in
2055 2776 2173 2829 ani-

600 2858 827 2912 malibus
856 2867 912 2911 et
950 2859 1000 2911 iu
1034 2860 1378 2916 hominibus?
1421 2861 1549 2927 Quis
1576 2872 1679 2928 est,
1709 2864 2038 2934 dic,quaeso,
2082 2867 2170 2937 qui

600 2945 716 3001 [nec
755 2947 1133 3004 administrat?
1164 2952 1218 3004 Si
1250 2952 1427 3008 nullus
1451 2962 1532 3007 est
1561 2954 1648 3023 qui
1682 2956 1879 3023 praesit,
1924 2956 2017 3010 sed
2042 2971 2171 3011 casu

597 3047 845 3093 constant
873 3041 1050 3094 omnia
1074 3057 1089 3106 ;
1120 3044 1238 3111 quis
1266 3042 1407 3097 hunc
1434 3052 1541 3098 uim
1585 3045 1888 3114 pulchrum,
1924 3057 2030 3101 tam
2058 3064 2171 3102 ma-

595 3147 757 3202 guum
786 3132 1061 3200 fornicem,
1084 3150 1273 3204 nempe
1298 3136 1507 3202 calum,
1548 3138 1971 3194 circumductum
2010 3157 2171 3212 super

596 3233 814 3288 terram,
828 3225 1092 3295 etiamque
1107 3242 1266 3295 super
1278 3242 1442 3297 aquas
1457 3231 1641 3284 statuit
1656 3230 1678 3282 ?
1695 3232 1812 3300 quis
1822 3232 1912 3286 dat
1931 3244 2167 3302 tempora

595 3314 798 3370 ferendi
826 3314 1064 3370 fructus?
1083 3317 1202 3387 quis
1228 3327 1423 3372 lautam
1448 3320 1552 3373 vim
1584 3323 1759 3390 posuit
1784 3327 1835 3376 in
1877 3326 2171 3382 seminibus

596 3413 651 3459 et
671 3405 897 3475 plantis?
912 3406 1041 3460 Nam
1063 3407 1207 3477 quod
1228 3407 1287 3462 lit
1307 3425 1455 3473 casu,
1482 3419 1567 3465 est
1593 3412 1748 3481 plane
1772 3414 2125 3473 inordinatum
2150 3435 2166 3473 :

598 3499 737 3567 quod
768 3508 944 3553 autem
971 3508 1055 3555 est
1074 3499 1212 3556 bene
1237 3502 1561 3572 ordinatum,
1585 3505 1645 3559 fit
1673 3515 1809 3561 arte.
1843 3508 1977 3574 Quid
2002 3513 2166 3579 enim,

596 3591 925 3660 ιΙίι’,ιιιι;ι“8οἶ’
952 3607 1013 3646 ca
1041 3610 1160 3661 quae
1188 3594 1327 3663 apud
1358 3608 1456 3649 nos
1476 3612 1602 3651 casu
1631 3602 1781 3664 linnt,
1805 3616 1979 3657 nonne
2006 3605 2167 3659 multa

598 3681 751 3749 plena
782 3692 907 3737 sunt
928 3684 1258 3749 confusione,
1287 3687 1561 3757 multoque
1598 3691 1826 3745 tumultu
1856 3701 1911 3746 et
1958 3704 2167 3763 pertur-

597 3773 850 3827 batione?
876 3773 985 3829 Nec
1010 3774 1130 3830 dico
1158 3778 1329 3831 solum
1354 3793 1501 3839 casu.
1524 3780 1616 3834 sed
1640 3783 1800 3835 etiam
1821 3783 2045 3840 faciente
2068 3786 2168 3840 ali-

593 3879 721 3932 quo,
754 3878 938 3918 verum
980 3865 1205 3921 faciente
1235 3869 1352 3923 sine
1372 3881 1507 3925 arte.
1550 3871 1789 3942 Exempli
1814 3890 1973 3930 causa
2003 3895 2016 3929 :
2062 3878 2171 3932 sint

595 3958 732 4023 ligna
759 3966 812 4010 et
836 3957 1057 4026 lapides,
1086 3968 1139 4012 et
1165 3961 1237 4014 sit
1256 3961 1394 4024 calx,
1421 3972 1478 4015 et
1511 3963 1576 4018 iis
1600 3968 1830 4035 acceptis
1859 3967 2019 4025 homo
2036 3971 2169 4026 tedi-

597 4047 783 4100 licandi
800 4047 1074 4117 imperitans
1083 4051 1307 4106 aedillcet
1319 4061 1631 4123 etoperetur
1644 4074 1657 4109 :
1672 4072 1847 4114 annon
1861 4064 2035 4117 omnia
2051 4080 2170 4133 per-

593 4138 671 4191 dit
685 4149 739 4192 et
758 4141 1071 4211 corrumpit?
1086 4142 1310 4207 Rursus,
1326 4145 1395 4199 sit
1412 4147 1561 4201 navis
1576 4150 1776 4220 absque
1793 4153 2165 4237 gubernatore,

592 4245 710 4295 qu:e
743 4232 918 4283 omnia
939 4230 1129 4287 habeat
1167 4249 1284 4303 quae
1301 4246 1508 4306 oportet
1532 4239 1728 4297 hahere
1755 4260 1947 4300 navem
1975 4230 2169 4317 praeter

589 4320 1019 4390 guberuatorem.
1038 4339 1141 4379 nou
1162 4326 1282 4381 dico
1300 4344 1403 4383 non
1423 4332 1696 4400 instructa,
1715 4336 1806 4390 sed
1830 4354 1896 4393 ne
1913 4341 2164 4399 instructa

590 4412 804 4481 quidem
827 4416 1020 4484 poterit
1046 4417 1329 4489 navigare?
1355 4419 1421 4474 Et
1438 4431 1576 4477 terra
1597 4439 1715 4494 quae
1736 4437 1818 4481 est
1835 4438 1997 4496 tanta,
2021 4445 2167 4491 stans

590 4520 752 4572 super
778 4520 989 4573 aquam,
1012 4507 1213 4577 absque
1240 4509 1414 4580 aliqua
1446 4528 1564 4583 qua:
1588 4522 1856 4575 contineat
1883 4533 2163 4594 potestate,

592 4603 740 4646 tanto
765 4607 1001 4665 tempore
1017 4609 1119 4652 Stat
1141 4599 1326 4655 firma?
1352 4602 1582 4660 haeccine
1602 4608 1761 4664 ullam
1792 4612 1985 4670 habent
2003 4618 2167 4673 ratio-

593 4685 748 4737 nem?
764 4694 813 4739 et
833 4687 946 4740 haec
968 4690 1199 4757 cogitare
1226 4708 1399 4748 nonne
1423 4707 1505 4750 est
1523 4701 1740 4756 omnino
1766 4704 2077 4763 ridiculmn?
2100 4709 2166 4764 Et

591 4775 635 4828 si
656 4790 789 4845 aqua
807 4778 964 4832 etiam
984 4778 1085 4834 fert
1103 4782 1313 4850 cadum,
1326 4800 1451 4842 ecce
1470 4790 1612 4845 aliud
1628 4809 1765 4850 onus
1784 4815 1797 4851 :
1817 4799 1859 4851 si
1881 4811 2056 4855 autem
2067 4817 2167 4857 cae-

597 4867 704 4920 lum
730 4883 942 4938 quoque
968 4869 1169 4926 feratur
1193 4875 1243 4928 in
1274 4891 1432 4945 aqua,
1463 4896 1646 4937 rursus
1672 4887 1773 4939 alia
1802 4893 2043 4957 qutestio.
2058 4892 2163 4949 Sed

594 4967 759 5013 totum
781 4976 913 5030 Opus
941 4974 1018 5017 est
1052 4967 1413 5033 providentia.
1445 4972 1574 5027 Nam
1600 4993 1718 5045 qua:
1746 4980 1982 5037 feruntur
2004 5000 2163 5055 super

593 5064 785 5119 aquas,
814 5067 919 5105 non
942 5066 1151 5122 oportet
1164 5073 1283 5114 esse
1305 5062 1540 5127 incurva,
1566 5068 1658 5121 sed
1681 5084 1931 5128 concava.
1955 5076 2161 5143 Quare?

589 5141 847 5205 Quoniam
878 5158 1072 5213 corpus
1109 5149 1321 5216 quidem
1360 5158 1579 5211 concavi
1626 5167 1792 5213 totum
1836 5141 2163 5237 immergitur

594 5248 647 5283 ιιι
676 5234 827 5302 aquis
851 5244 1113 5305 tamquam
1138 5241 1188 5293 in
1212 5257 1380 5298 nave:
1412 5249 1610 5302 incurvi
1637 5262 1810 5306 autent
1831 5270 2025 5324 corpus
2039 5261 2157 5329 qui-

586 5324 709 5377 dem
750 5334 915 5379 totum
963 5338 1044 5384 est
1074 5345 1325 5401 superne,
1354 5349 1595 5393 extrema
1626 5355 1802 5398 autem
1844 5347 2015 5402 solum
2055 5351 2155 5404 im-

589 5414 820 5482 pendent
850 5427 905 5471 et
930 5421 1215 5491 attingunt.
1245 5425 1302 5479 Ei
1331 5442 1459 5497 ergo
1483 5445 1616 5499 opus
1645 5444 1729 5487 est
1754 5451 1977 5507 corpore
1999 5440 2153 5509 duro,

589 5504 888 5570 resistente,
916 5518 971 5563 et
1002 5512 1143 5579 quod
1197 5516 1364 5583 possit
1401 5522 1697 5589 continere,
1749 5535 1806 5579 ut
1847 5504 1979 5584 ferat
2019 5504 2155 5588 onus

588 5595 916 5663 impositum.
956 5601 1026 5655 At
1051 5618 1143 5659 aer
1164 5603 1263 5660 fert
1286 5608 1512 5663 caelum?
1536 5612 1639 5667 Sed
1670 5617 1714 5671 is
1734 5629 1812 5672 est
1834 5636 1966 5691 aqua
1990 5627 2155 5680 multo

594 5700 802 5743 ιιιοιιιυι·
831 5700 885 5744 et
909 5692 1099 5758 laxior,
1125 5704 1179 5751 et
1213 5714 1280 5753 ne
1324 5702 1723 5762 subtilissimum
1767 5713 1975 5779 quidem
2002 5721 2155 5785 quid-

585 5793 739 5849 quam
783 5793 957 5853 potest
980 5786 1276 5858 continere,
1310 5796 1501 5851 nedum
1544 5807 1745 5863 tantam
1785 5809 1994 5866 molem.
2024 5812 2152 5870 Om-

1354 378 1415 436 S.
1452 376 1729 437 JOANNIS
1764 374 2227 435 CHRYSOSTOMI
2264 378 2577 438 ARClliEP.
2617 382 3143 445 CONSTANTINOP.

3759 406 3853 461 Ilii

2280 494 2408 548 uiuo
2428 497 2471 549 si
2495 498 2717 553 velimus
2743 516 2864 570 qure
2908 513 3033 559 sunt
3059 507 3407 574 providenti:e
3449 524 3502 567 et
3532 516 3781 575 universe
3805 535 3854 577 et

2278 585 2542 653 sigillatim
2589 604 2651 643 ac
2698 591 2999 647 minutatim
3030 600 3305 667 persequi,
3340 610 3507 657 totum
3535 621 3712 663 aevum
3760 628 3853 668 nos

2277 673 2511 731 deficiet.
2540 676 2882 752 luterrogabo
2910 685 3052 738 enim
3074 700 3194 740 eum
3223 690 3310 757 qui
3336 691 3420 744 il'a
3445 710 3582 748 nunc
3612 701 3808 766 quati-it
3838 722 3853 757 :

2283 764 2535 822 llaecciue
2563 780 2689 825 sunt
2737 773 3083 843 providentia:
3132 792 3199 831 an
3229 779 3341 833 sine
3382 764 3760 851 providentia?
3803 792 3854 847 Si

2277 857 2493 925 dixerit,
2524 859 2637 915 Non
2677 871 2803 917 sunt
2845 866 3192 934 providentia:
3221 886 3236 923 :
3269 888 3452 928 rursus
3478 891 3598 931 eum
3631 884 3853 951 rogabo,

2283 948 2563 1016 Quomodo
2589 968 2717 1025 ergo
2747 956 2881 1011 facta
2909 962 3075 1015 sunt?
3120 963 3224 1018 Sed
3270 982 3372 1019 non
3406 972 3596 1036 poterit
3623 948 3855 1043 aliquam

2278 1042 2460 1098 dicere
2485 1046 2767 1102 rationem.
2803 1049 2964 1105 Multo
3001 1054 3169 1125 magis
3203 1072 3330 1127 ergo
3371 1075 3475 1114 non
3518 1061 3681 1119 debes
3713 1084 3855 1136 qum-

2276 1149 2397 1189 rere
2423 1152 2522 1191 nec
2551 1140 2760 1195 curiose
2785 1142 3035 1212 indagare
3061 1146 3128 1201 de
3155 1148 3313 1203 rebus
3340 1151 3604 1209 humanis.
3639 1157 3854 1225 Quare?

2276 1225 2538 1291 Quoniam
2579 1230 2738 1285 homo
2766 1245 2849 1288 est
2895 1236 2978 1290 his
3005 1239 3254 1295 omnibus
3300 1249 3635 1312 praestantior
3675 1262 3733 1305 et
3762 1254 3853 1307 ho-

2276 1319 2584 1385 norabilior,
2614 1332 2667 1375 et
2696 1324 2808 1378 lucc
2837 1336 3052 1395 propter
3079 1329 3226 1384 illum
3271 1330 3407 1388 facta
3435 1347 3576 1403 sunt,
3629 1357 3739 1395 non
3770 1346 3853 1400 ille

2278 1422 2495 1477 propter
2524 1413 2656 1467 hac.

2350 1502 2404 1556 4.
2446 1502 2634 1557 Rerum
2671 1511 2980 1563 naturalium
3008 1528 3188 1568 causas
3232 1516 3539 1587 ignoramus.
3580 1522 3851 1582 Peccatum

2275 1593 2440 1646 solum
2472 1595 2682 1652 malum.
2703 1598 2852 1655 -—Si
2881 1617 3009 1673 ergo
3034 1606 3151 1674 ejus
3177 1624 3294 1677 quae
3332 1610 3399 1666 de
3439 1614 3554 1682 ipSo
3596 1626 3683 1671 est
3716 1635 3850 1677 cura

2274 1695 2330 1739 et
2349 1687 2698 1755 providentia:
2720 1694 2894 1749 nescis
2913 1699 3227 1766 sapientiam
3250 1712 3302 1756 et
3319 1703 3844 1778 administrationem,

2274 1778 2541 1845 quomodo
2566 1781 2702 1836 scire
2729 1784 2924 1852 poteris
2942 1803 3062 1857 qua:
3085 1792 3193 1845 sint
3219 1792 3287 1847 de
3309 1795 3424 1865 ipso
3451 1802 3731 1857 rationes?
3763 1806 3848 1861 Dic

2275 1868 2428 1936 mihi,
2462 1887 2559 1927 cur
2586 1874 2656 1928 ita
2687 1892 2903 1942 parvum
2933 1879 3080 1935 illum
3109 1882 3231 1938 fecit
3254 1925 3270 1950 ,
3306 1898 3361 1941 et
3382 1888 3451 1943 ita
3476 1891 3762 1951 diStantem
3786 1899 3852 1954 ab

2274 1961 2551 2017 altitudine
2579 1965 2716 2033 eteli,
2741 1976 2796 2021 ut
2821 1967 2889 2024 de
2915 1971 2979 2025 iis
3006 1987 3126 2043 qua:
3148 1990 3380 2045 superne
3414 1996 3678 2049 apparent
3703 1988 3850 2044 dubi-

2277 2053 2389 2107 tet?
2414 2069 2510 2109 cur
2536 2056 2778 2115 boreales
2803 2071 2858 2115 et
2884 2065 3148 2120 australes
3174 2070 3420 2139 regiones
3450 2086 3575 2129 sunt
3596 2076 3847 2138 inhabita-

2275 2141 2449 2198 biles?
2472 2145 2562 2201 Dic
2581 2148 2728 2215 mihi,
2757 2165 2852 2206 cur
2870 2151 3007 2208 facta
3037 2166 3120 2210 est
3146 2174 3248 2212 nox
3289 2160 3465 2217 hieme
3486 2168 3703 2234 quidem
3740 2171 3848 2226 lon-

2272 2233 2410 2300 gior,
2438 2245 2624 2290 aestate
2661 2250 2840 2295 autem
2881 2242 3128 2300 brevior?
3157 2263 3255 2301 cur
3282 2258 3483 2307 tantum
3518 2266 3603 2310 est
3646 2259 3848 2330 frigus?

2273 2339 2370 2378 cur
2396 2330 2595 2381 aestus?
2622 2346 2719 2385 cur
2747 2348 2940 2405 corpus
2968 2340 3230 2395 mortale?
3262 2342 3327 2397 Et
3372 2361 3401 2397 a
3451 2358 3500 2400 te
3538 2349 3850 2409 sciscitabor

2274 2418 2376 2472 alia
2404 2419 2807 2479 innumerabilia
2834 2442 2849 2489 ;
2876 2439 2929 2483 et
2959 2428 3003 2483 si
3028 2433 3188 2497 velis,
3222 2450 3325 2489 non
3353 2439 3575 2494 cessabo
3606 2451 3659 2498 te
3688 2445 3849 2501 inter-

2273 2524 2481 2580 rogare,
2525 2522 2579 2568 et
2607 2516 2735 2570 mihi
2762 2517 3029 2575 dubitabis
3075 2525 3125 2579 in
3174 2529 3439 2585 omnibus.
3489 2532 3846 2600 Quamobrem

2273 2600 2376 2657 hoc
2404 2606 2641 2662 maxime
2668 2618 2750 2663 est
2780 2613 3126 2679 providentiae
3147 2659 3160 2680 ,
3194 2619 3335 2687 quod
3362 2637 3573 2679 arcanae
3607 2628 3716 2683 sint
3750 2647 3845 2687 no-

2276 2691 2355 2747 bis
2397 2696 2634 2752 rationes
2664 2709 2719 2753 et
2764 2700 3076 2760 ineffabiles.
3120 2709 3263 2763 Alias
3298 2712 3441 2767 enim
3490 2717 3847 2778 existimasset

2271 2789 2531 2859 quispiam
2559 2834 2573 2857 ,
2621 2794 2890 2852 hominem
2919 2814 3039 2856 esse
3062 2816 3274 2858 causam
3304 2808 3665 2868 universitatis
3685 2855 3700 2879 ,
3742 2817 3844 2872 nisi

2275 2876 2375 2932 hoc
2397 2894 2632 2937 nostram
2663 2889 3065 2957 compressisset
3093 2893 3511 2966 intelligentiam.
3538 2906 3628 2969 At,
3653 2905 3842 2977 inquit,

2271 2969 2361 3025 ille
2387 2980 2468 3025 est
2494 2988 2711 3045 pauper,
2753 2987 2809 3033 et
2838 2980 3031 3036 malum
3069 2996 3151 3039 est
3194 2999 3495 3058 paupertas.
3525 2993 3661 3060 Quid
3716 2969 3844 3056 vero

2270 3063 2521 3119 morbus?
2567 3068 2695 3138 quid
2729 3072 2981 3129 accitas?
3009 3075 3150 3131 Nihil
3196 3078 3310 3136 inec
3362 3095 3518 3152 sunt,
3552 3103 3587 3141 ο
3632 3090 3796 3145 homo
3825 3112 3841 3149 :

2272 3170 2434 3210 unum
2464 3158 2638 3215 solum
2669 3163 2867 3218 malum
2893 3174 2994 3231 est,
3023 3182 3264 3236 peccare,
3297 3174 3476 3232 ethoc
3506 3187 3707 3236 tantum
3746 3184 3843 3240 de—

2271 3247 2457 3303 bemus
2482 3252 2804 3309 examinare.
2836 3255 2938 3311 Sed
2972 3273 3158 3315 eorum
3206 3279 3324 3332 quae
3368 3282 3494 3323 vere
3539 3285 3663 3327 sunt
3702 3278 3841 3332 mala

2269 3351 2458 3394 causas
2500 3346 2728 3399 scrutari
2776 3349 3069 3414 mittentes,
3115 3354 3217 3407 alia
3255 3358 3462 3415 curiose
3503 3364 3839 3435 inquirimus.

2270 3431 2377 3486 Cur
2404 3449 2561 3489 nemo
2587 3448 2825 3495 nostrum
2873 3458 3121 3513 umquam
3149 3451 3414 3507 examinat
3444 3470 3540 3511 cur
3566 3465 3842 3529 peccavit?

2269 3533 2420 3578 estne
2446 3525 2496 3579 in
2522 3542 2635 3581 mea
2667 3541 2929 3598 potestate
2953 3551 3190 3605 peccare,
3214 3546 3427 3598 atmon?
3458 3547 3521 3600 Et
3551 3525 3677 3618 quid
3708 3568 3842 3623 opus

2269 3627 2350 3669 est
2379 3634 2566 3689 magna
2593 3624 2878 3681 verborum
2911 3629 2984 3682 uti
3015 3631 3363 3693 circuitione?
3399 3656 3508 3695 rem
3552 3644 3604 3697 in
3636 3650 3843 3718 meipso

2268 3722 2542 3776 quanam:
2584 3716 2839 3785 numquid
2875 3720 3160 3791 aliquando
3184 3726 3283 3782 vici
3314 3730 3586 3789 animum?
3627 3753 3695 3792 an
3740 3743 3840 3795 ali-

2271 3799 2485 3866 quando
2513 3802 2612 3856 vici
2639 3804 2792 3871 iram,
2819 3819 2910 3863 aut
2931 3823 3147 3881 propter
3175 3817 3450 3888 pudorem,
3488 3835 3581 3880 aut
3623 3843 3839 3902 propter

2269 3886 2557 3944 humanum
2598 3899 2835 3951 metum?
2880 3900 3075 3956 Deinde
3103 3916 3376 3977 postquam
3403 3886 3504 3969 hoc
3529 3886 3839 3979 factunfin-

2266 3992 2487 4044 venero,
2509 3982 2900 4053 deprehendam
2933 4008 3051 4049 esse
3076 3998 3125 4050 in
3150 4016 3263 4053 mea
3297 4014 3553 4071 potestate
3594 4027 3834 4080 peccare.

2267 4069 2438 4126 Nemo
2468 4073 2582 4130 lucc
2608 4081 2917 4148 examinat,
2960 4101 3117 4141 nemo
3141 4090 3208 4146 de
3254 4093 3335 4147 his
3364 4099 3569 4156 curiose
3597 4105 3835 4179 inquirit,
3874 4128 3879 4131 ·

2266 4164 2360 4219 sed
2392 4167 2800 4238 inconsiderate,
2834 4188 2892 4229 ut
2930 4189 3013 4234 est
3043 4184 3179 4250 apud
3205 4184 3395 4244 Jobum
3417 4233 3433 4256 ,
3462 4193 3628 4253 Homo
3656 4212 3838 4260 temere

2266 4268 2405 4311 natat
2444 4248 2600 4315 verbis
2633 4262 2750 4335 (Job
2795 4269 2879 4322 il.
2914 4269 3000 4325 12.
3050 4248 3102 4327 in
3146 4275 3366 4351 Graeco).
3402 4248 3537 4351 Quid
3566 4248 3835 4351 estweiiin;

2268 4348 2359 4403 tibi
2386 4366 2528 4405 cura:
2554 4370 2618 4408 an
2669 4357 2752 4411 hic
2797 4360 2865 4413 sit
2911 4376 3104 4432 cmcus,
3129 4378 3182 4421 et
3212 4369 3300 4425 ille
3353 4381 3591 4447 pauper?
3634 4383 3751 4440 Non
3784 4399 3832 4443 te

2261 4439 2419 4508 jussit
2449 4443 2590 4501 Deus
2616 4446 2717 4503 hoc
2741 4452 3098 4523 considerare,
3131 4460 3223 4514 sed
3254 4439 3503 4530 quidnam
3532 4480 3583 4524 tu
3631 4490 3759 4545 agas
3791 4484 3827 4533 ¹.

2266 4530 2396 4587 Nam
2424 4536 2469 4588 si
2501 4546 2555 4590 tu
2581 4536 2793 4595 dubitas
2833 4546 3100 4601 mundone
3130 4554 3309 4619 praesit
3353 4557 3525 4629 aliqua
3570 4530 3827 4636 pot;stas,

2264 4638 2322 4678 es
2348 4626 2585 4682 onmium
2611 4633 3003 4690 amentissimus
3035 4656 3050 4692 :
3078 4641 3159 4694 sin
3190 4653 3366 4699 autem
3396 4626 3494 4705 hoc
3518 4651 3681 4711 habes
3714 4675 3833 4727 per.

2265 4732 2502 4783 suasum,
2531 4722 2655 4791 quid
2706 4724 2915 4782 dubitas
2965 4732 3106 4800 quod
3144 4733 3254 4789 Deo
3302 4739 3511 4806 placere
3547 4722 3831 4814 Oporteat?

2266 4806 2488 4875 Gratias,
2524 4812 2710 4881 inquit,
2733 4831 2925 4887 semper
2944 4833 3144 4891 agentes
3165 4823 3271 4879 Deo
3300 4845 3391 4898 pro
3417 4806 3663 4891 omniane.
3687 4840 3831 4897 Vade

2262 4897 2327 4953 ad
2356 4899 2624 4956 oflicinam
2655 4906 2868 4973 medici,
2893 4920 2946 4965 et
2972 4913 3177 4969 videbis
3208 4918 3375 4987 illum,
3405 4928 3616 4992 quando
3647 4931 3832 4986 iuven-

2262 4997 2347 5042 tus
2376 4990 2532 5045 fuerit
2555 4995 2745 5064 aliquis
2769 4998 2966 5055 habens
2995 5006 3201 5072 vulnus,
3229 5024 3412 5067 secare
3450 5025 3503 5069 et
3534 5034 3708 5074 urere.
3757 5025 3831 5079 De
3894 5040 3899 5079 ς

2262 5090 2314 5135 te
2336 5093 2511 5139 autem
2542 5086 2643 5143 hoc
2685 5106 2787 5145 non
2815 5093 2954 5152 dico.
2989 5099 3083 5152 St'd
3109 5102 3192 5154 abi
3221 5103 3285 5157 ad
3330 5106 3596 5165 officinam
3644 5114 3777 5169 fabri
3810 5135 3826 5181 ;

2262 5190 2357 5229 uec
2386 5175 2454 5230 ibi
2497 5178 2717 5249 inquiris
2746 5188 3024 5251 rationem,
3060 5194 3157 5248 etsi
3186 5190 3316 5250 nihil
3343 5201 3447 5253 scis
3476 5218 3659 5259 eormn
3706 5226 3824 5280 qu:e

2261 5264 2391 5320 fiunt
2418 5286 2431 5321 :
2460 5278 2513 5323 et
2545 5273 2707 5327 multa
2738 5275 2830 5329 tibi
2864 5278 3107 5335 videntur
3134 5298 3253 5339 esse
3283 5288 3439 5344 dubia
3476 5310 3489 5346 :
3528 5304 3585 5349 ut
3609 5264 3827 5367 quando

2259 5355 2458 5425 lignum
2491 5368 2685 5427 tornat,
2706 5368 2918 5435 quando
2947 5373 3283 5430 transformat
3303 5389 3357 5432 et
3386 5379 3434 5434 in
3466 5355 3828 5445 aliam-mutat

2258 5445 2501 5516 figuram.
2545 5451 2637 5507 Vel
2674 5459 2849 5522 potius
2881 5465 2930 5511 te
2970 5461 3034 5514 ad
3061 5464 3216 5519 aliam
3247 5466 3383 5523 duco
3419 5484 3586 5529 artem
3614 5468 3822 5535 facilio-

2258 5555 2388 5603 rem,
2423 5551 2479 5597 ιιι
2514 5544 2565 5598 in
2599 5547 2800 5613 pictura
2832 5562 2917 5605 :et
2943 5553 3049 5609 illic
3070 5558 3341 5628 caligabis.
3373 5564 3463 5619 Dic
3491 5570 3631 5623 enim
3662 5573 3815 5635 mihi,

2255 5647 2430 5686 annon
2479 5636 2570 5691 tibi
2620 5638 3008 5700 inconsiderate
3047 5647 3249 5705 videtur
3286 5652 3458 5711 facere
3495 5676 3613 5727 qua:
3647 5662 3823 5720 facit?

2322 5772 2334 5802 ι
2362 5772 2535 5862 Ιιιύιιο
2558 5775 2729 5862 fodico
2755 5781 3034 5854 legilnrr...
3060 5787 3147 5858 Itac
3172 5791 3494 5862 considerare,
3531 5812 3683 5862 neque
3718 5822 3747 5857 η
3773 5816 3820 5858 ω

2322 5845 2414 5862 ηνρι,
2458 5848 2541 5862 ρ..-
2588 5852 2611 5862 ..
2701 5853 2789 5862 ..μμ
2816 5855 2945 5862 ..___,
2983 5861 2988 5862 ,

2254 5842 2432 5892 quarret
2456 5848 2541 5885 cur
2564 5838 2679 5887 talia
2700 5853 2789 5891 non
2806 5838 3133 5907 exquisivcris,
3159 5838 3357 5904 sedici;
3367 5838 3681 5923 ’ἡὶέγὲμὲἱῖεῖίέζ
