3974 6574
486 369 592 425 153

476 486 603 541 τότε
630 501 721 538 σοι
749 483 995 554 φανεῖται
1019 481 1051 551 ἡ
1087 481 1251 551 τέχνη
1284 479 1451 551 καλὴ,
1478 481 1571 533 καὶ
1602 482 1757 551 ὅμως
1779 481 1900 535 οὐδὲ
1951 480 2045 534 οὐ·

487 587 598 634 τως
630 565 874 639 ἀκριϐῶς
902 564 1057 617 οὐδὲν
1095 564 1301 634 δυνήσῃ
1338 564 1697 634 καταμαθεῖν.
1750 564 1818 616 Τί
1866 564 1923 617 δὲ
1964 564 2057 617 ἐπὶ

492 650 760 706 τεκτόνων
789 649 933 715 λέγω
966 646 1059 699 καὶ
1087 647 1393 717 ζωγράφων
1437 647 1532 699 καὶ
1580 646 1688 699 τῶν
1719 645 2054 717 ὀμοδούλων;

502 734 567 787 'H
601 732 823 804 μέλιττα
854 729 970 792 πῶς
997 728 1289 800 ἐργάζεται
1329 729 1454 793 τούς
1483 728 1765 798 σίμϐλους,
1790 730 1913 783 εἰπέ
1942 747 2053 801 μοι,

485 818 581 870 καὶ
599 817 719 869 τότε
757 813 1008 883 καὶπερὶ
1063 811 1199 864 Θεοῦ
1254 813 1416 882 ἐρεῖς.
1451 811 1574 864 Τῶν
1612 814 1917 883 μυρμήκων
1958 813 2058 884 τὴν

480 898 744 971 ἐργασίαν
765 895 1070 967 κατάμαθε,
1094 895 1187 948 τοῦ
1214 895 1472 966 ἀράχνου,
1488 896 1587 965 τῆς
1605 895 1756 968 [MO]
1772 897 2054 967 χελιδόνος,

482 988 576 1039 καὶ
602 983 724 1037 τότε
778 984 943 1053 ἐρεῖς.
1000 980 1094 1033 καὶ
1112 983 1259 1051 ,περὶ
1314 980 1470 1034 Θεοῦ.
1512 984 1607 1034 Ἂν
1634 980 1700 1054 ᾖς
1730 982 1911 1049 σοφὸς,
1936 982 2058 1035 εἰπέ

485 1087 575 1140 μοι
631 1067 824 1121 ταῦτα·
859 1065 975 1118 ἀλλ’
1014 1065 1115 1118 οὐκ
1147 1066 1219 1119 ἂν
1250 1064 1414 1136 ἔχοις.
1446 1067 1519 1119 Οὐ
1570 1066 1756 1139 παύσῃ
1809 1062 1925 1127 οὖν.
1966 1067 2059 1121 άν-

482 1154 690 1224 θρωπε,
740 1148 810 1203 τά
864 1148 1097 1219 περιττά
1171 1149 1383 1220 ζητῶν;
1441 1149 1676 1211 περιττά
1727 1149 1839 1220 γάρ
1888 1152 2059 1213 ὅντως

480 1236 676 1290 ταῦτα·
708 1234 770 1286 οὐ
807 1232 995 1305 παύσῃ
1029 1232 1152 1301 εἰκῆ
1209 1231 1717 1303 πολυπραγμονῶν;
1763 1233 1931 1286 Οὐδὲν
1958 1233 2058 1302 τῆς

482 1318 729 1390 ἀμαθίας
753 1316 955 1386 ταύτης
982 1314 1286 1387 σοφώτερόν
1308 1318 1476 1381 ἐστιν,
1492 1318 1550 1368 ἐν
1572 1310 1659 1378 οἷς.
1682 1316 1730 1367 οἰ
1763 1316 1862 1386 μὲν
1887 1316 2059 1384 ἐπαγ-

481 1401 800 1471 γελλόμενοι
838 1399 1004 1469 μηδὲν
1044 1398 1263 1461 εἰδέναι,
1299 1397 1601 1467 σοφώτατοι
1647 1399 1864 1452 πάντων
1891 1397 2054 1463 εἰσὶν,

480 1488 530 1539 οἰ
556 1486 611 1541 δὲ
631 1482 1153 1555 περιεργαζόμενοι,
1174 1482 1522 1555 ἀνοητότεροι
1539 1481 1646 1534 τῶν
1661 1482 1876 1535 πάντων
1893 1481 2053 1535 εἰσίν.

486 1570 649 1622 Ὥστε
672 1568 734 1621 οὐ
764 1563 1039 1635 πανταχοῦ
1065 1565 1126 1617 :6
1154 1564 1585 1633 ἐπαγγέλλεσθαι
1605 1564 1821 1627 εἰδέναι,
1845 1564 2056 1633 σοφίας,

481 1652 595 1705 ἀλλ’
636 1649 782 1703 ἔστιν
812 1649 946 1702 ὅπου
986 1647 1079 1700 καὶ
1114 1646 1323 1718 μωρίας
1352 1646 1520 1700 ἐστίν.
1556 1645 1693 1700 Εἰπὲ
1730 1647 1835 1716 γάρ
1866 1663 1981 1716 μοι,
2009 1645 2058 1698 εί

479 1734 572 1789 δύο
615 1732 778 1787 τινῶν
818 1730 1119 1802 ἀνθρώπων
1152 1730 1322 1783 ὄντων
1349 1732 1376 1782 6
1408 1730 1507 1799 μὲν
1537 1729 1923 1797 ἐπαγγέλλοιτο
1968 1728 2060 1782 τὸν

479 1818 589 1873 ἀπὸ
617 1818 716 1888 τῆς
755 1815 857 1885 γῆς
883 1816 963 1877 εἰς
994 1814 1086 1867 τὸν
1123 1814 1349 1883 οὐρανὸν
1372 1813 1508 1884 ἀέρα
1558 1812 1909 1883 διατρέχοντα
1964 1829 2061 1882 με-

480 1905 654 1976 τρεῖν,
690 1901 929 1971 σχοίνους
966 1897 1231 1963 ἐκτείνας,
1265 1900 1293 1951 6
1319 1898 1375 1951 δὲ
1404 1897 1719 1967 καταγελῶν
1759 1898 1853 1951 καὶ
1881 1896 1956 1968 μὴ
1980 1897 2059 1950 εί-

480 1984 936 2056 δέναιφαίη,τίνα
955 1981 1316 2052 γελασόμεθα,
1346 1982 1466 2035 εἰπέ
1496 1999 1621 2052 μοις
1653 1980 1744 2033 τὸν
1761 1980 1955 2033 εἰδέναι
1976 1980 2061 2033 λέ-

482 2086 666 2138 γοντα,
712 2068 745 2139 ἢ
791 2066 882 2120 τὸν
916 2065 1213 2134 ἀγνοοῦντα
1236 2081 1250 2129 ;
1276 2064 1529 2136 Δηλονότι
1554 2063 1645 2116 τὸν
1665 2062 1896 2130 λέγοντα
1926 2064 2061 2116 εἰδέ-

481 2170 589 2207 ναι.
613 2148 821 2205 Οὐκοῦν
838 2150 866 2201 6
892 2148 1101 2217 ἀγνοῶν
1154 2146 1248 2200 τοῦ
1277 2146 1646 2217 ὑποσχομένου
1668 2146 1865 2199 εἰδέναι
1887 2144 2061 2214 σοφώ-

479 2252 656 2309 τερος.
684 2234 749 2286 Τί
788 2233 868 2295 δὲ,
906 2232 1056 2295 εἴτις
1101 2228 1491 2298 ἐπαγγέλλοιτο
1531 2229 1710 2297 λέγειν
1746 2230 1901 2292 ὅσους
1947 2228 2061 2298 ἔχει

482 2318 717 2381 κυάθους
729 2319 761 2388 ἡ
776 2316 1037 2374 θάλασσα.
1056 2314 1141 2366 ἐτε
1151 2332 1237 2383 ρος
1249 2314 1305 2367 δὲ
1321 2314 1554 2381 ἀγνοεῖν,
1571 2314 1631 2365 οὐ
1645 2312 1804 2365 πάλιν
1826 2315 1859 2383 ἡ
1872 2312 2061 2381 ἄγνοια

480 2405 581 2475 τῆς
608 2399 864 2472 εἰδήσεώς
885 2401 1002 2452 ἐστι
1027 2397 1337 2469 σοφωτέρας
1374 2397 1587 2469 Σφόδρα
1616 2414 1700 2465 γε.
1734 2398 1799 2450 Τί
1832 2397 2056 2467 δήποτε;

497 2486 714 2555 Ἐπειδὴ
758 2482 984 2551 κάκείνη
1010 2481 1203 2549 ἂγνοιόι
1236 2482 1385 2534 ἐστιν
1435 2480 1821 2550 έπιτεταμένη.
1861 2480 1917 2534 '0
1960 2479 2060 2550 μὲν

481 2570 590 2641 γὰρ
621 2558 796 2636 λέγων
814 2562 1049 2633 ἀγνοεῖν,
1069 2559 1177 2617 οἶδέ
1203 2581 1254 2616 τι
1274 2564 1458 2635 μέρος.
1480 2565 1637 2617 Ποῖον
1658 2564 1721 2634 δὴ
1734 2565 1891 2616 τοῦτο
1913 2564 2060 2628 ς”Οτι

480 2651 864 2720 ἀκατάληπτον
884 2647 1177 2719 ἀνθρώπῳ·
1199 2648 1420 2717 καὶγὰρ
1436 2647 1494 2699 οὐ
1516 2647 1710 2717 μικρὸν
1732 2646 1911 2701 τοῦτο.
1928 2647 1985 2699 Ὀ
2002 2646 2060 2699 δὲ

481 2734 654 2803 λέγων
680 2732 900 2797 ειδέναι,
926 2733 1133 2793 ἐκεῖνος
1166 2728 1404 2800 μάλιστα
1427 2731 1527 2783 οὐκ
1564 2726 1703 2782 οἶδεν
1732 2730 1760 2782 6
1798 2730 1945 2798 λέγει
1983 2732 2061 2783 εί-

480 2819 653 2881 δέναι,
692 2817 784 2869 καὶ
817 2815 907 2868 διά
938 2813 1096 2867 τοῦτο
1127 2812 1258 2866 αὐτό
1288 2812 1847 2880 ἐστικαταγέλαστος.
1876 2812 2059 2882 Οῖμοι,

482 2901 668 2965 πόσοις
694 2896 1059 2967 παιδευόμεθα
1076 2895 1177 2966 τὴν
1202 2896 1735 2965 πολυπραγμοσύνην
1767 2896 1867 2963 τὴν
1902 2896 2061 2949 ἄκαι-

486 3001 597 3056 ρον,
628 2984 724 3036 καὶ
738 2982 837 3050 τὴν
857 2979 1177 3050 περιεργίαν
1203 2976 1472 3047 χαλινοῦν,
1499 2977 1595 3031 καὶ
1611 2978 1709 3030 οὐκ
1724 2978 2057 3049 ἀνεχόμεθα,

482 3066 616 3119 άλλά
641 3066 768 3128 τοὺς
819 3063 1020 3132 ἐτέρων
1060 3061 1537 3133 περιεργαζόμεθα
1588 3061 1756 3130 βίους,
1794 3062 1885 3115 διὰ
1940 3062 1994 3115 τί
2027 3065 2056 3117 6

477 3150 631 3203 δεῖνα
671 3147 865 3220 πηρὸς,
901 3145 990 3199 διά
1019 3145 1072 3197 τί
1101 3146 1272 3215 πένης
1292 3147 1320 3197 6
1354 3144 1535 3211 δεῖνα;
1564 3145 1771 3199 Οὐκοῦν
1795 3145 1871 3215 τῷ
1912 3146 2057 3216 λόγῳ

481 3232 655 3303 τούτῳ
682 3233 780 3285 καὶ
829 3232 906 3293 είς
937 3230 1123 3297 ἕτερον
1172 3228 1555 3300 ὲκπεσούμεθα
1586 3228 1775 3300 λῆρον,
1818 3230 1905 3283 διά
1940 3230 1992 3283 τί
2022 3230 2055 3299 ὴ

478 3317 628 3369 δεῖνα
657 3315 816 3383 γυνὴ.
841 3314 934 3367 καὶ
959 3312 1033 3382 μὴ
1053 3313 1255 3376 πάντες
1281 3311 1493 3383 ἄνδρες,
1533 3312 1620 3366 διὰ
1642 3313 1693 3367 τί
1720 3314 1861 3378 δνος,
1889 3313 1979 3368 διὰ
2000 3312 2054 3365 τί

495 3398 644 3470 βοῦς,
665 3398 753 3451 διὰ
779 3397 828 3450 τί
855 3397 1021 3462 κύων,
1052 3395 1139 3449 διὰ
1164 3395 1216 3449 τί
1244 3395 1440 3463 λύκος;
1463 3394 1551 3449 διὰ
1595 3395 1649 3449 τί
1694 3396 1863 3463 λίθος,
1888 3396 1977 3450 διὰ
2003 3394 2057 3448 τί

485 3482 618 3548 ξύλα
641 3499 655 3546 ;
689 3482 783 3534 καὶ
808 3483 884 3543 εἰς
903 3480 1126 3549 ἄπειρον
1152 3482 1465 3533 ἐκπεσεῖται
1496 3480 1670 3551 μῆκος
1695 3482 1724 3533 6
1748 3479 1925 3548 λόγος.
1958 3479 2058 3532 Δίά

482 3584 564 3620 τοι
590 3564 747 3619 τὸῦτο
777 3565 953 3627 όΘεὸς
973 3565 1147 3635 μέτρα
1176 3563 1277 3634 τῆς
1307 3562 1564 3633 γνώσεως
1603 3565 1734 3634 ἡμῖν
1785 3561 2054 3635 ἀφώρισε,

482 3650 579 3703 καὶ
594 3651 652 3703 ἐν
680 3650 748 3719 τῇ
783 3649 941 3718 φύσει
970 3646 1320 3701 κατεϐάλετο.
1358 3647 1468 3700 Καὶ
1505 3647 1604 3700 θέα
1649 3663 1741 3717 μοι
1770 3646 1869 3718 τὴν
1894 3646 2056 3699 πολυ-

484 3732 878 3803 πραγμοσύνην
912 3731 1010 3801 τὴν
1033 3730 1251 3800 πολλήν·
1277 3730 1357 3782 ὅτι
1381 3730 1635 3783 τοσοῦτον
1660 3728 1791 3799 ὕψος
1823 3730 2056 3801 ὁρῶντες

482 3817 592 3869 ἀπὸ
617 3817 715 3886 τῆς
746 3816 846 3883 γῆς
883 3816 959 3876 εἰς
988 3812 1079 3865 τὸν
1109 3812 1360 3883 οὐρανὸν,
1414 3814 1507 3867 καὶ
1549 3813 1700 3865 οὐδὲν
1731 3813 2051 3884 πάσχοντες,

481 3904 611 3957 ὃταν
640 3903 717 3963 εἰς
737 3900 943 3971 πύργον
970 3898 1282 3961 ἀνελθόντες
1298 3899 1501 3970 ὑψηλὸν
1532 3899 1850 3969 θελήσωμεν
1881 3916 2053 3953 κατα-

484 3984 673 4036 νεῦσαι
699 3983 846 4035 κάτω
869 3982 1063 4051 μικρὸν
1088 3982 1529 4049 κατακόψαντες,
1555 3980 1765 4049 ῖλιγγός
1801 3998 1884 4044 τις
1909 3982 2055 4053 ἡμᾶς

483 4066 683 4129 εὐθέως
716 4064 811 4117 καὶ
845 4064 1143 4116 σκοτοδινία
1190 4064 1476 4133 λαμϐάνει.
1517 4065 1650 4118 Εἰπέ
1681 4082 1774 4135 μοι
1814 4065 1879 4136 δὴ
1925 4066 2053 4120 τού-

482 4167 578 4203 του
616 4149 713 4220 τὴν
742 4148 941 4201 αἰτίαν·
974 4147 1088 4200 ἀλλ’
1114 4148 1213 4200 οὐκ
1261 4147 1327 4201 ἂν
1374 4146 1575 4219 εῦροις·
1611 4148 1702 4200 διὰ
1752 4148 1805 4200 τί
1833 4149 2054 4218 μείζονα

478 4233 754 4304 ὀφθαλμὸς
791 4231 903 4302 ἔχει
953 4233 1050 4302 τὴν
1093 4231 1266 4301 ἰσχὺν,
1311 4232 1405 4285 καὶ
1436 4231 1541 4284 67:6
1572 4231 1679 4285 τῶν
1721 4232 2053 4307 πορρωτέρω

480 4318 774 4388 κατέχεται
797 4332 812 4381 ;

558 4484 619 4531 ε’.
649 4476 761 4530 Καὶ
787 4476 879 4529 ἐπὶ
901 4474 1002 4544 τῆς
1033 4475 1200 4545 ἀκοῆς
1231 4476 1431 4547 ὁμοίως
1465 4476 1597 4529 αὐτὸ
1627 4477 1726 4529 ῖδοι
1750 4493 1832 4540 τις
1859 4478 1942 4532 ἄν.
1976 4478 2050 4531 Οὐ

488 4557 596 4627 γάρ
639 4557 705 4609 ἄν
750 4572 832 4619 τις
870 4555 992 4607 οὐτε
1041 4555 1234 4625 βοῆσαι
1276 4557 1561 4627 δυνήσεται
1607 4555 1880 4616 τοσοῦτον.
1910 4557 2051 4611 ὥστε

484 4638 758 4709 ἐμπλῆσαι
785 4639 877 4691 τὸν
903 4640 1059 4710 ἀέρα,
1100 4641 1224 4693 ὅσον
1258 4640 1545 4709 δυνήσεται
1580 4642 1607 4693 6
1658 4639 1930 4712 ὀφθαλμὸς
1953 4660 2052 4695 κα-

481 4724 722 4790 τασχεῖν,
761 4720 884 4773 οὔτε
912 4721 1139 4774 ἀκοῦσαι
1167 4724 1229 4775 ἐκ
1246 4721 1612 4791 διαστήματος
1641 4723 1918 4778 τοσούτου.
1952 4724 2053 4779 Διά

481 4806 535 4858 τί
571 4805 646 4875 μὴ
686 4805 861 4858 πάντα
891 4804 957 4857 τά
992 4805 1126 4874 μέλη
1180 4804 1397 4875 ἱσότιμά
1428 4807 1574 4861 ἐστι;
1607 4806 1692 4859 διά
1723 4808 1776 4859 τί
1812 4808 1885 4878 μὴ
1923 4809 2051 4879 μίαν

484 4888 644 4941 ἔλαϐε
674 4887 865 4958 χρείαν
900 4887 1033 4957 μηδὲ
1070 4887 1292 4958 χώραν;
1324 4890 1433 4941 Καὶ
1461 4887 1670 4951 Παῦλος
1692 4889 1863 4944 ταῦτα
1887 4892 2049 4962 ἠρεύ-

482 4982 636 5037 νησε,
671 4967 869 5036 μᾶλλον
916 4966 971 5018 δὲ
1005 4967 1104 5019 οὐκ
1133 4965 1401 5036 ἠρεύνησε
1434 4967 1617 5035 (σοφὸς
1646 4968 1774 5037 γὰρ)
1802 5010 1815 5031 ,
1842 4965 1910 5041 ἦν
1936 4973 2049 5025 ἀλλ’

482 5042 1021 5112 εἰς-τοῦτοὲμπεσὼν
1050 5045 1111 5096 :6
1140 5043 1356 5113 χωρίον,
1396 5045 1580 5114 φησίν·
1626 5044 1923 5100 Ἕκαστον
1951 5053 2053 5104 αὐ-

482 5125 602 5179 τῶν
629 5124 841 5197 [ἔθετο]
868 5126 1065 5192 καθὼς
1086 5126 1367 5193 ἠθέλησε·
1400 5128 1478 5197 τῷ
1504 5127 1767 5199 θελήματι
1798 5130 1961 5184 αὐτοῦ
1990 5133 2050 5186 :6

483 5210 593 5262 πᾶν
638 5208 957 5278 ἐπέτρεψεν.
1011 5208 1220 5261 Οὐκοῦν
1274 5210 1367 5263 καὶ
1420 5212 1582 5279 ἡμεῖς
1635 5210 1816 5279 ζητεῖν
1879 5214 2049 5269 ταῦτα

481 5290 731 5361 ἀφέντες,
780 5291 938 5360 μόνον
986 5291 1400 5363 εὐχαριστῶμεν
1444 5294 1585 5366 ὑπὲρ
1630 5295 1916 5349 ἁπάντων·
1950 5298 2050 5352 Διά

477 5369 657 5436 τοῦτο,
719 5372 901 5440 φησὶν,
964 5372 1345 5441 εὐχαριστεῖτε
1383 5374 1525 5446 ὑπὲρ
1576 5372 1721 5448 [141]
1773 5377 2047 5432 ἁπάντων.

476 5451 649 5505 τοῦτο
672 5451 1012 5523 εὐγνώμονος
1040 5456 1271 5518 οἰκέτου,
1304 5456 1463 5509 τοῦτο
1497 5457 1683 5527 σοφοῦ,
1706 5458 1864 5512 τοῦτο
1900 5477 2047 5512 συνεο

475 5533 593 5586 τοῦ·
624 5536 796 5589 ἐκεῖνο
820 5537 876 5589 δὲ
899 5537 1061 5590 λάλου
1109 5540 1200 5591 καὶ
1245 5539 1416 5610 ἀργοῦ
1461 5540 1554 5593 καὶ
1597 5543 1906 5615 περιέργου.
1938 5545 2048 5615 Οὐχ

477 5618 611 5687 δρᾷς
640 5619 699 5670 ἐν
745 5622 857 5683 τοῖς
910 5621 1167 5687 οἰκέταις,
1198 5623 1280 5676 ὅτι
1310 5625 1359 5676 οῖ
1397 5623 1498 5694 μὲν
1546 5628 1913 5681 κατάπτυστοι
1938 5628 2047 5683 τῶν

478 5698 703 5784 οἰκετῶν
726 5700 961 5772 οὐδαμοῦ
995 5706 1255 5776 χρήσιμοι
1282 5706 1433 5759 λάλοι
1455 5704 1514 5760 τέ
1540 5709 1646 5761 εἰσι
1674 5709 1768 5762 καὶ
1798 5710 2042 5784 φλύαροι,

480 5783 573 5835 καὶ
601 5782 669 5835 τά
705 5783 814 5836 τῶν
835 5785 1111 5841 δεσποτῶν
1146 5787 1619 5858 περιεργάζονται,
1660 5792 1809 5864 ειπερ
1846 5782 2042 5852 ἐκεῖνοι

1168 363 1227 422 S.
1266 360 1563 419 JOANNIS
1590 357 2054 418 CHRYSOSTON

2156 357 2463 417 lRCHlEP.
2502 360 3058 424 CONSTKNTINOP.

2159 478 2425 568 κρύπτειν
2454 479 2760 568 ἐθέλουσιν·
2809 486 2861 538 σί
2910 486 2969 540 δὲ
3016 491 3227 545 συνετοί
3255 493 3352 548 καὶ
3386 494 3733 568 εὐγνώμονες

2156 563 2295 649 πρὸς
2321 562 2380 649 ἐν
2410 565 2572 634 μόνον
2616 567 2840 637 ὁρῶσιν,
2887 570 3037 636 ὅπως
3084 576 3273 630 αὐτῶν
3311 577 3413 649 τὴν
3457 562 3733 635 διακονίαν

2159 645 2446 733 πληρῶσιν
2605 650 2775 705 πολλὰ
2818 652 3190 725 φθεγγόμενος
3231 645 3385 715 οὐδὲν
3413 662 3728 733 ἐργάζεται·

2157 726 2349 799 ὥσπερ
2370 730 2398 782 6
2424 729 2593 784 πολλά
2624 733 2991 804 ἐργαζόμενος
3023 740 3177 792 οὐδὲν
3227 726 3525 812 φθέγγεται
3564 726 3734 801 ἀκαι-

2164 828 2279 899 ρον.
2314 812 2416 899 διὰ
2446 814 2607 899 τοῦτο
2625 816 2654 867 6
2675 817 2885 899 Παῦλος
2911 819 3063 899 ἔλεγε
3089 824 3216 893 περὶ
3240 826 3426 897 χηρῶν
3458 831 3691 899 γράφων
3716 849 3731 863 ·
3794 870 3805 877 ι

2155 893 2238 945 Οὐ
2271 894 2468 961 μόνον
2494 892 2562 947 δὲ
2575 894 2749 965 ἀργαὶ
2767 892 3210 967 μανθάνουσιν,
3240 892 3402 959 ἀλλὰ
3416 892 3519 960 κάὶ
3535 892 3735 977 59:11.30-

2154 991 2275 1043 ροι.

2237 1133 2374 1225 Εἰπὲ
2404 1135 2613 1225 δήῌμοι,
2637 1140 2787 1193 ποῖόν
2831 1142 2949 1195 ἐστι
2974 1142 3136 1199 πλέον
3188 1147 3250 1201 :6
3309 1149 3492 1219 μέσον,
3524 1153 3587 1206 :6
3629 1155 3739 1225 τῆς

2159 1219 2434 1291 ἡμετέρας
2454 1221 2667 1291 ἡλικίας
2699 1224 2834 1295 πρὸς
2858 1226 2956 1297 τὴν
2968 1228 3076 1281 τῶν
3100 1230 3321 1297 παίδων,
3348 1234 3454 1303 ἢτὸ
3476 1235 3567 1288 τοῦ
3593 1219 3736 1291 Θεοῦ

2158 1304 2300 1373 πρὸς
2328 1304 2426 1388 τὴν
2454 1306 2563 1388 τῶν
2597 1306 2931 1377 ἀνθρώπων;
2966 1310 3027 1363 :6
3058 1313 3327 1384 ἡμέτερον
3362 1316 3499 1388 πρὸς
3542 1320 3738 1373 κώνωο

2160 1387 2349 1468 πας,ἢ
2406 1386 2499 1440 τοῦ
2547 1388 2680 1442 Θεοῦ
2735 1391 2873 1461 πρὸς
2924 1394 3105 1463 ἡμᾶς;
3160 1395 3391 1468 Εὔδηλον
3408 1386 3497 1454 76::
3538 1403 3600 1454 :6
3632 1402 3736 1456 τοῦ

2158 1467 2295 1557 Θεοῦ
2330 1470 2467 1557 πρὸς
2490 1473 2659 1557 ήμάς.
2692 1473 2757 1525 Τί
2797 1470 2891 1527 οῦν
2934 1478 2997 1529 σὺ
3037 1467 3295 1533 τοσοῦτον
3350 1486 3731 1557 περιεργάζῃς

2160 1550 2489 1624 Εὐχαρίστει
2520 1556 2659 1626 ὑπὲρ
2712 1559 2988 1615 ἀπάντων.
3037 1561 3102 1613 Τί
3126 1556 3239 1626 οὖν,
3276 1563 3341 1618 ἂν
3379 1550 3572 1637 Ἕλλην
3598 1550 3736 1640 ερῖιὲ

2159 1640 2457 1727 τάκ-φησὶ,
2482 1640 2597 1704 πῶς
2637 1642 3067 1727 ἀποκρινοῦμαι;
3101 1646 3345 1716 βούλεται
3381 1653 3572 1723 μαθεῖν
3594 1658 3732 1727 παρ’

2160 1720 2317 1789 ἐμοῦ,
2347 1724 2395 1775 εί
2428 1722 2541 1777 ἔστι
2572 1725 2819 1795 πρόνοια,
2853 1727 3014 1792 αὐτὸς
3043 1731 3150 1801 γὰρ
3171 1731 3231 1784 οὐ
3259 1720 3420 1804 φησιν
3441 1734 3582 1792 εἷναί
3603 1720 3732 1794 τινα

2158 1805 2280 1895 τὸν.
2312 1807 2685 1895 προνοοῦντα.
2707 1812 2937 1895 ,Οὐκοῦν
2995 1808 3413 1885 μεταστρέψας,
3448 1823 3733 1895 ἐρώτησον

2160 1889 2325 1971 αὐτὸν
2351 1892 2446 1943 καὶ
2476 1890 2562 1948 σύ.
2613 1893 2754 1947 Ἀλλ’
2784 1892 2844 1947 οὗ
2882 1913 3045 1965 φησιν
3099 1895 3240 1951 εἶναι
3285 1889 3555 1971 πρόνοιαν.
3600 1889 3728 1964 Ὅτι

2164 1973 2264 2042 μὲν
2290 1965 2407 2027 ἐστι
2435 1975 2683 2063 πρόνοια,
2704 2062 2707 2063 ν
2730 1976 2790 2041 ἐξ
2823 1971 2907 2031 ὧν
2939 1975 3119 2045 εἴπας,
3165 1965 3340 2054 δῆλον·
3392 1986 3473 2038 ὅτι
3503 1990 3561 2045 δὲ
3590 1992 3729 2063 ἄλη-

2160 2074 2314 2121 πτος,
2339 2058 2399 2142 ἐξ
2427 2053 2502 2113 ὧν
2529 2061 2627 2131 οὐχ
2656 2062 2984 2134 εὑρίσκομεν
3006 2064 3097 2119 τὸν
3123 2065 3297 2134 λόγον.
3334 2069 3397 2122 Εἰ
3428 2070 3535 2142 γὰρ
3564 2074 3622 2125 ἐν
3642 2053 3729 2142 οῖς

2159 2141 2450 2196 διοικοῦσιν
2506 2144 2783 2213 ἄνθρωποι
2844 2147 2949 2201 οὐκ
2994 2148 3152 2219 ἴσμεν
3207 2150 3298 2203 τὸν
3356 2141 3557 2223 τρόπον
3624 2141 3730 2223 τῆς

2159 2226 2794 2310 διοικήσεωςπολλάκις,
2846 2232 3023 2284 καίτοι
3078 2232 3139 2297 ἐξ
3171 2233 3350 2288 αὐτῶν
3380 2235 3563 2291 ’πολλὰ-
3591 2241 3729 2310 ἡμῖν

2159 2306 2480 2363 εἶναιδοκεῖ
2525 2313 2618 2364 καὶ
2669 2312 2867 2372 ἄτοπα.
2922 2315 3017 2367 καὶ
3065 2319 3520 2389 παραχωροῦμεν,
3571 2306 3731 2391 πόσῳ

2162 2392 2363 2461 μᾶλλον
2392 2394 2484 2445 ἐπὶ
2505 2393 2673 2458 Θεοῦ;
2716 2394 2853 2447 Ἀλλ’
2883 2396 3033 2450 οὐδὲν
3080 2399 3171 2451 ἐπὶ
3216 2399 3349 2453 Θεοῦ
3379 2402 3577 2456 ἄτοπον
3600 2404 3730 2457 οὒτε

2159 2476 2327 2540 ἐστὶν,
2358 2474 2483 2529 οῦτε
2514 2477 2661 2530 δοκεῖ
2690 2480 2803 2542 τοῖς
2861 2483 3093 2545 πιστοῖς.
3150 2482 3241 2536 Διὸ
3284 2484 3423 2555 ὑπὲρ
3463 2487 3729 2542 ἁπάντων

2159 2560 2592 2631 εὐχαριστῶμεν,
2656 2561 2796 2632 ὑπὲρ
2853 2563 3107 2619 ἁπάντων
3160 2564 3465 2638 δοξάζωμεν
3537 2571 3725 2627 αὐτόν.

2169 2641 2690 2711 ’Υποτασσόμενοι
2718 2645 3035 2713 ἀλλήλοις,
3058 2649 3241 2717 φησὶν,
3265 2650 3334 2702 ὲν
3360 2652 3522 2718 φόϐῳ
3549 2652 3724 2707 Θεοῦ.

2159 2724 2223 2777 Εἰ
2251 2724 2361 2796 γάρ
2389 2725 2456 2779 δι’
2486 2724 2721 2797 ἄρχοντα
2757 2727 3113 2800 ὐποτάπτῃ,ἢ
3142 2731 3227 2784 διά
3259 2735 3537 2803 χρήματα,
3580 2734 3615 2805 ἥ
3656 2734 3727 2788 δι’

2162 2808 2318 2868 αἰδὼ,
2348 2809 2525 2880 πολλῷ
2560 2810 2760 2880 μᾶλλον
2797 2811 2884 2865 διά
2911 2813 3000 2865 τὸν
3040 2814 3135 2867 τοῦ
3167 2815 3301 2868 Θεοῦ
3337 2816 3518 2884 φόϐον.
3542 2819 3727 2871 Ἔστω

2157 2892 2402 2956 δουλείας
2423 2895 2515 2947 καὶ⁵
2537 2894 2815 2965 ὑποταγῆς
2847 2896 3131 2961 ἀντίδοσις·
3158 2897 3297 2951 οὓτω
3312 2900 3421 2971 γὰρ
3446 2901 3547 2954 οὐκ
3567 2900 3724 2956 ἔσται

2158 2974 2396 3028 δουλεία.
2430 2974 2520 3046 Μὴ
2545 2978 2574 3027 6
2610 2975 2708 3044 μὲν
2736 2979 2794 3030 ἐν
2832 2979 2982 3042 τάξει
3012 2980 3321 3046 καθεζέσθω
3350 2983 3661 3054 ἐλευθέρου,
3692 2988 3725 3038 ὁ

2157 3056 2298 3109 δὲέν
2333 3056 2482 3121 τάξει
2512 3056 2722 3120 δούλου,
2757 3059 2895 3113 ἀλλά
2943 3062 3037 3116 καὶ¹
3078 3063 3344 3126 δεσπότας
3378 3066 3471 3117 καὶ
3498 3066 3726 3131 δούλους

2157 3140 2404 3210 ἀλλήλοις
2450 3140 2721 3196 δουλεύειν
2771 3142 3014 3213 βέλτιον·
3069 3146 3248 3217 πολλῷ
3296 3147 3503 3216 βέλτιον
3545 3150 3725 3216 οὕτως

2157 3218 2295 3277 εἶναι
2314 3221 2521 3287 δοῦλον,
2548 3222 2581 3293 ἢ
2607 3225 2807 3296 ἐτέρως
2841 3227 3143 3299 ἐλεύθερον.
3164 3231 3272 3282 Καὶ
3300 3230 3454 3300 δῆλον
3483 3233 3717 3287 ἐκεῖθεν·

2158 3305 2297 3359 ἔστω
2325 3322 2409 3368 τις
2429 3307 2646 3370 οἰκέτας
2683 3308 2820 3379 ἔχων
2844 3311 3055 3372 ἑκατὸν,
3092 3312 3183 3366 καὶ
3228 3314 3413 3383 μηδεὶς
3450 3317 3506 3368 ἐν
3535 3316 3721 3380 αὐτοῖς

2156 3389 2494 3443 διακονείτω·
2540 3390 2718 3464 ἕτεροι
2756 3393 2813 3447 δέ
2869 3413 3010 3459 τινες
3058 3396 3298 3451 ἔστωσαν
3328 3398 3517 3452 ἑκατὸν
3549 3401 3717 3467 φίλοι,

2155 3473 2403 3544 ἀλλήλοις
2452 3470 2878 3547 διακονούμενοι·
2931 3480 3085 3543 τίνες»
3125 3480 3343 3551 ἄμεινον
3394 3483 3717 3553 βιώσονταις

2154 3556 2297 3618 τίνες
2338 3556 2475 3627 μετά
2504 3558 2746 3623 πλείονος
2770 3561 2982 3632 ἡδονῆς,
3016 3562 3154 3633 μετά
3180 3563 3420 3630 πλείονος
3451 3568 3720 3638 56999006-

2154 3656 2289 3708 νηςς
2318 3640 2432 3693 Οὐκ
2481 3639 2628 3695 ἐστιν
2684 3645 2800 3696 ἐκεῖ
2841 3644 2998 3715 ὀργὴ,
3046 3645 3167 3699 οὐδὲ
3203 3646 3563 3717 παροξυσμὸς,
3592 3652 3719 3706 οὐδὲ

2156 3723 2355 3793 θυμὸς,
2388 3724 2510 3777 οὐδὲ
2567 3726 2693 3780 ἄλλο
2740 3727 2848 3781 τῶν
2893 3728 3145 3785 τοιούτων
3189 3730 3373 3784 οὐδέν·
3405 3724 3506 3785 ὧδε
3549 3735 3716 3803 φόϐος

2154 3809 2247 3861 καὶ
2273 3807 2463 3860 δειλία·
2501 3809 2666 3862 κάκεῖ
2703 3811 2801 3881 μὲν
2855 3812 3119 3882 ἀνάγκης,
3159 3814 3391 3868 ἐνταῦθα
3420 3816 3475 3868 δὲ
3520 3834 3713 3888 προαι-

2160 3891 2356 3962 ρέσεως
2382 3890 2442 3944 :6
2468 3893 2599 3944 πᾶν·
2658 3895 2818 3946 κάκεῖ
2847 3896 2942 3965 μὲν
2988 3895 3313 3968 βιαζόμενοι,
3366 3900 3599 3952 ἐνταῦθα
3650 3901 3710 3954 δὲ

2153 3974 2309 4044 χάριν
2330 3974 2540 4043 ἔχοντες
2582 3975 2832 4044 ἀλλήλοις
2880 3978 3234 4034 δουλεύουσιν.
3274 3979 3428 4034 Οῦτω
3459 3982 3712 4052 βούλεται

2152 4056 2181 4106 ὁ
2222 4056 2372 4120 Θεὸς·
2412 4056 2499 4110 διὰ
2522 4058 2678 4111 τοῦτο
2710 4060 2857 4129 ἐνιψε
2896 4061 3020 4123 τοὺς
3057 4061 3218 4125 πόδας
3269 4062 3377 4117 τῶν
3424 4065 3709 4135 μαθητῶν.

2152 4138 2366 4192 Μᾶλλον
2390 4140 2468 4203 δὲ,
2494 4143 2542 4194 εἰ
2570 4141 2741 4205 θέλεις
2771 4142 3014 4212 ἀκριϐῶς
3047 4143 3317 4210 ἐξετάσαι,
3355 4148 3447 4201 καὶ
3502 4149 3594 4200 ἐπὶ
3621 4148 3710 4202 δε-

2154 4222 2363 4275 σποτῶν
2387 4225 2649 4288 ἀντίδοσις
2675 4227 2789 4279 ἐστι
2832 4226 3090 4290 δουλείας.
3125 4226 3189 4281 Τί
3229 4230 3357 4299 γάρ,
3389 4231 3435 4282 εί
3465 4233 3493 4283 6
3535 4231 3707 4301 τῦφος

2150 4306 2252 4358 οὐκ
2278 4307 2471 4375 ἀφίησι
2507 4309 2736 4380 φανῆναι
2760 4310 2856 4380 τὴν
2881 4311 3179 4379 άντίδοσιν;
3211 4312 3379 4365 Ὅταν
3408 4314 3518 4383 γάρ
3550 4311 3707 4379 οὗτος

2162 4390 2264 4460 μὲν
2316 4393 2414 4461 τὴν
2469 4395 2782 4463 σωματικὴν
2837 4394 3107 4448 διακονίαν
3158 4397 3405 4467 παρέχῃ,
3449 4401 3513 4451 σὺ
3550 4399 3607 4451 δὲ
3646 4399 3710 4453 τὸ

2153 4474 2310 4543 σῶμα
2344 4474 2567 4546 τρέφῃς,
2605 4477 2698 4529 καί⁸
2725 4477 3029 4551 θεραπεύῃς
3050 4478 3142 4532 καὶ
3184 4483 3408 4550 τροφαῖς
3437 4483 3527 4535 καὶ
3555 4482 3709 4536 ἐνδύ-

2155 4574 2285 4627 μασι
2306 4557 2400 4611 καὶ
2426 4559 2750 4630 ὑποδήμασι,
2798 4562 2891 4614 καὶ
2918 4557 3068 4624 οὗτος
3084 4562 3323 4627 δουλείας
3348 4565 3463 4618 ἐστὶ
3483 4567 3707 4637 τρόπος·

2150 4640 2231 4693 ὅτι
2259 4640 2353 4693 ὲάν
2377 4641 2450 4712 μὴ
2482 4642 2725 4715 παρέχῃς
2748 4645 2841 4697 καὶ
2868 4645 2930 4697 σὺ
2962 4646 3061 4716 τὴν
3090 4646 3187 4717 σὴν
3209 4647 3376 4721 [142],
3408 4649 3711 4717 διακονίαν,

2148 4722 2270 4775 οὐδέ
2312 4724 2514 4788 ἐκεῖνος
2556 4725 2653 4796 τὴν
2697 4728 2910 4792 ἑαυτοῦ,
2958 4728 3071 4782 ἀλλ’
3100 4730 3251 4785 ἔσται
3275 4732 3572 4803 ἐλεύθερος,
3611 4738 3710 4789 καὶ

2150 4807 2321 4870 οὐδεὶς
2370 4808 2531 4861 αὐτὸν
2576 4810 2875 4878 ἀναγκάσει
2910 4813 3073 4883 νόμος
3097 4816 3190 4869 καὶ
3238 4816 3311 4887 μὴ
3366 4819 3705 4887 τρεφόμενον

2149 4890 2305 4943 τοῦτο
2333 4895 2525 4945 ποιεῖν.
2550 4893 2611 4945 Ei
2639 4894 2815 4949 τοίνυν
2844 4895 3047 4950 καὶ-ἐπὶ
3074 4898 3281 4952 δούλων
3302 4898 3454 4952 τοῦτό
3473 4901 3611 4961 ἐστι,
3642 4902 3697 4954 τί

2149 4974 2365 5040 ἄτοπον,
2392 4974 2487 5028 ἐὰν
2519 4978 2612 5029 καὶ
2641 4977 2734 5029 ἐπὶ
2759 4978 3059 5049 ἐλευθέρων
3106 4982 3261 5035 τοῦτο
3308 4984 3562 5053 γίνηται;
3607 4983 3706 5036 Ἐν

2148 5059 2328 5126 φόϐῳ,
2374 5058 2526 5127 φησὶ,
2589 5062 2845 5129 Χριστοῦ
2897 5066 3403 5132 ὑποτασσόμενοι.
3471 5067 3615 5136 Πόση
3664 5069 3701 5138 ἡ

2149 5142 2327 5212 χάρις,
2366 5142 2492 5194 ὅταν
2553 5145 2647 5196 καὶ
2685 5144 2874 5214 μισθὸν
2905 5145 3143 5216 έχωμενς
3190 5148 3325 5200 Ἀλλ’
3353 5148 3412 5201 οὐ
3455 5148 3703 5217 βούλεταί

2151 5241 2232 5275 σοι
2284 5224 2649 5294 ὑποταγῆναι;
2689 5227 2848 5279 Ἀλλά
2888 5228 2953 5280 σὺ
3008 5230 3326 5301 ὐποτάγηθι·
3379 5231 3471 5301 μὴν
3517 5231 3703 5293 ἁπλῶς

2150 5306 2481 5379 ὺπακούσῃς,
2503 5308 2615 5361 ἀλλ’
2636 5310 2956 5381 ὐποτάγηθι·
2981 5312 3055 5376 ὡς
3072 5313 3207 5386 πρὸς
3234 5314 3494 5377 δεσπότας
3523 5315 3701 5369 ἀπαν-

2145 5407 2264 5453 τας.
2289 5390 2427 5443 οὕτω
2448 5391 2706 5447 διάκεισο·
2747 5394 2888 5448 οὕτω
2917 5396 3024 5467 γὰρ
3055 5397 3254 5461 αὐτοὺς
3303 5397 3517 5461 δούλους
3558 5390 3702 5465 ἔξεις

2145 5473 2353 5542 ταχέως
2412 5476 2479 5546 τῇ
2531 5479 2971 5549 τυραννικωτάτῃ
3028 5480 3126 5551 τῆς
3179 5479 3419 5543 δουλείας
3472 5481 3700 5551 δυνάμει

2146 5555 2592 5627 δεδουλωμένους.
2636 5558 2848 5614 Μᾶλλον
2895 5563 3002 5633 γάρ
3045 5561 3240 5625 αὐτοὺς
3270 5564 3538 5634 αἱρήσεις,
3570 5566 3700 5619 ὅταν

2145 5638 2353 5701 οὐδενὸς
2380 5639 2488 5691 τῶν
2514 5643 2646 5712 παρ’
2676 5639 2855 5697 αὐτῶν
2883 5646 3181 5714 τυγχάνων,
3236 5646 3394 5709 αὐτὸς
3441 5646 3507 5699 τά
3551 5651 3701 5717 παρὰ

2148 5722 2342 5775 σαυτοῦ
2371 5724 2633 5797 παρέχῃς.
2660 5727 2827 5780 Τοῦτό
2855 5731 3019 5796 ἐστιν,
3048 5730 3556 5801 ’Υποτασσόμενοι
3589 5733 3700 5787 ἀλ-

2148 5802 2356 5874 λήλοις
2377 5807 2447 5861 ἐν
2466 5808 2625 5877 φόϐῳ
2640 5811 2915 5879 Χριστοῦ,
2938 5812 3033 5868 ἵνα
3046 5812 3257 5869 πάντων
3285 5814 3576 5885 κρατῶμεν
3593 5814 3701 5871 τῶν
