3974 6514
200 396 300 454 133

188 510 315 584 quid
344 510 449 566 sibi
480 499 672 556 volunt
697 498 802 554 illa:
837 497 1026 563 linem,
1066 506 1122 552 et
1148 511 1331 552 earum
1358 496 1772 551 circumductio-

188 619 281 659 nes
300 605 326 651 7
347 594 455 652 Sed
490 594 535 649 si
573 590 892 660 imposuerit
918 589 1153 655 colores,
1181 599 1305 642 tunc
1336 588 1427 641 tibi
1461 587 1667 641 videtur
1687 600 1776 642 ars

187 689 411 761 pulchra
443 703 458 739 :
503 695 559 739 et
603 700 672 739 ne
716 684 795 738 sie
825 681 1043 752 quidem
1078 680 1278 749 poteris
1312 689 1497 733 exacte
1540 678 1770 734 discere.

179 780 318 847 Quid
353 789 534 832 autem
562 774 689 829 dico
714 774 783 827 de
805 772 990 837 fabris,
1020 771 1089 825 de
1120 770 1434 839 pictoribus.
1465 780 1520 824 et
1547 783 1772 823 conser-

181 877 258 925 vis
274 871 299 922 ἲ
322 868 454 938 Apis
474 865 743 938 quomodo
775 863 899 918 facit
925 862 1099 927 favos,
1115 860 1225 927 die,
1240 869 1602 929 rogo,ettunc
1627 859 1773 915 dices

180 965 245 1019 de
276 963 410 1016 Deo.
442 959 816 1015 Formicarum
848 954 993 1009 disce
1028 952 1433 1023 operationem,
1464 966 1676 1005 araneae
1718 960 1774 1005 et

130 1101 137 1109 .
182 1055 509 1117 hirundinis,
555 1062 608 1106 et
640 1060 764 1104 tunc
788 1048 935 1103 dices
963 1046 1030 1100 de
1054 1046 1185 1100 Deo.
1217 1044 1273 1100 Si
1296 1045 1509 1114 sapiens
1529 1045 1625 1107 sis,
1656 1043 1772 1098 tunc

180 1142 309 1198 mihi
338 1141 490 1195 dicas
513 1157 528 1202 ;
554 1137 649 1193 sed
678 1152 784 1190 non
810 1144 985 1206 potes.
1015 1133 1131 1188 Non
1155 1133 1391 1187 cessabis
1418 1148 1565 1203 ergo,
1599 1150 1630 1183 o
1671 1133 1769 1185 ho-

179 1250 285 1299 mo,
318 1246 567 1304 quaerere
588 1226 1025 1298 supervacanea?
1056 1236 1178 1279 sunt
1203 1226 1346 1279 enim
1374 1240 1558 1279 revera
1581 1239 1771 1293 super-

178 1339 411 1380 vacanea
443 1340 460 1376 :
490 1336 595 1374 non
646 1318 886 1374 cessabis
933 1322 1146 1372 curiose
1186 1315 1452 1371 scrutari?
1495 1315 1639 1369 Nihil
1688 1325 1772 1370 est

180 1422 272 1472 hac
296 1414 645 1486 ignoratione
675 1422 728 1467 et
759 1411 1029 1482 imperitia
1072 1409 1369 1479 sapientius
1389 1449 1405 1476 ,
1451 1408 1503 1462 in
1547 1424 1650 1478 qua
1681 1408 1771 1478 qui

174 1507 499 1579 proﬁtentur
531 1505 748 1575 quidem
780 1519 839 1557 se
884 1501 1015 1555 nihil
1047 1501 1187 1555 scire
1210 1539 1227 1565 ,
1260 1509 1385 1553 sunt
1410 1500 1646 1553 omnium
1679 1514 1767 1554 sa-

166 1597 533 1670 pientissimi;
563 1596 652 1666 qui
683 1605 861 1649 antem
896 1593 1107 1646 curiose
1132 1600 1462 1653 scrutantur,
1504 1598 1629 1644 sunt
1655 1605 1772 1644 om-

174 1693 322 1747 nium
367 1690 747 1745 amentissimi.
777 1688 957 1756 Quare
1007 1686 1245 1755 proﬁteri
1283 1701 1342 1740 se
1369 1685 1510 1739 scire
1543 1699 1646 1737 non
1688 1692 1771 1738 est

173 1800 390 1854 semper
410 1783 707 1853 sapientiae,
733 1780 826 1835 sed
857 1789 937 1834 est
961 1779 1120 1833 etiam
1143 1777 1334 1833 alicubi
1355 1776 1612 1830 stultitim.
1636 1775 1791 1843 Nam,

171 1876 257 1930 dic
288 1875 460 1939 mihi,
501 1874 547 1927 si
577 1889 641 1927 ex
683 1872 891 1925 duobus
928 1870 1233 1924 hominibus
1271 1869 1406 1922 alter
1435 1868 1769 1938 proﬁteretur

172 1984 228 2022 se
250 1982 568 2022 mensarum
602 1980 807 2028 aerem,
839 1963 928 2034 qui
954 1977 991 2017 a
1022 1970 1163 2016 terra
1193 1961 1437 2031 pervadit
1460 1960 1527 2014 ad
1554 1961 1764 2029 etclam,

168 2060 416 2115 extensis
463 2058 711 2119 funibus,
773 2057 910 2112 alter
954 2064 1130 2109 autem
1181 2054 1406 2109 irridens
1459 2054 1660 2109 diceret
1709 2070 1767 2109 se

173 2152 418 2217 nescire,
454 2148 1183 2221 quctn,qn;e5o,ridebimus?
1208 2163 1403 2202 eumne
1433 2148 1520 2217 qui
1550 2148 1679 2202 dicit
1707 2161 1766 2203 se

172 2246 347 2310 scire,
380 2259 449 2298 an
488 2259 613 2297 eum
659 2242 749 2311 qui
799 2242 1044 2311 ignorat?
1092 2240 1189 2295 Est
1240 2241 1576 2311 perspicuum
1622 2241 1764 2311 quod

171 2355 290 2395 eum
314 2341 409 2409 qui
432 2337 564 2392 dicit
588 2351 647 2390 se
669 2338 827 2390 scire.
847 2335 946 2401 Qui
965 2349 1093 2403 ergo
1116 2334 1344 2404 ignorat,
1368 2343 1454 2390 est
1473 2334 1766 2403 sapientior

168 2446 233 2486 eo
257 2432 351 2500 qui
376 2429 654 2498 professus
671 2434 752 2481 est
771 2440 831 2480 se
856 2425 1016 2480 scire.
1038 2424 1175 2492 Quid
1204 2440 1406 2491 rursus,
1437 2425 1479 2479 si
1498 2426 1762 2496 quispiam

168 2522 523 2593 proﬁteretur
554 2533 613 2572 se
639 2516 779 2571 scire
800 2526 931 2586 quot
958 2517 1182 2589 cyathos
1211 2517 1402 2571 habeat
1431 2532 1600 2580 mare,
1628 2516 1764 2571 alius

166 2624 349 2667 autem
374 2625 437 2665 se
464 2610 732 2678 ignorare,
770 2623 873 2662 non
906 2623 1092 2662 rursus
1137 2608 1398 2679 ignoratio
1427 2617 1509 2663 est
1548 2610 1762 2679 sapien-

166 2706 270 2758 tior
334 2702 677 2771 cognitione?
720 2700 947 2755 Maxime
994 2715 1012 2756 :
1056 2700 1261 2770 quare?
1314 2694 1761 2773 Quandoquidem

160 2799 257 2851 illa
290 2811 509 2867 quoque
536 2794 801 2866 ignoratio
828 2802 911 2849 est
939 2793 1170 2850 intensa.
1203 2794 1337 2848 Nam
1368 2795 1457 2865 qui
1487 2796 1615 2852 dicit
1638 2796 1761 2867 gui-

160 2890 292 2944 dem
346 2904 407 2943 se
458 2886 685 2954 nescire,
739 2886 840 2941 scit
881 2895 1085 2956 partem
1132 2886 1383 2957 aliquam.
1432 2887 1761 2953 Quamnam?

160 2980 318 3049 Quod
345 2979 549 3034 homini
590 2980 661 3034 sit
699 2978 1245 3048 incomprehensibile
1278 2995 1290 3030 :
1332 2995 1438 3033 non
1487 2979 1627 3033 enim
1652 2979 1760 3034 hoc

160 3087 421 3143 parvum.
448 3072 551 3137 Qui
573 3080 752 3125 autem
782 3084 842 3124 se
865 3070 995 3124 dicit
1024 3071 1183 3135 scire,
1220 3070 1306 3125 ille
1330 3072 1559 3125 maxime
1591 3072 1758 3127 nescit

158 3163 300 3233 quod
332 3177 393 3217 se
416 3162 546 3216 dicit
570 3163 744 3226 scire;
774 3170 825 3215 et
858 3170 1075 3231 prepter
1108 3162 1207 3217 hoc
1232 3162 1406 3231 ipsum
1446 3172 1529 3217 est
1557 3163 1755 3237 ridicu-

159 3255 259 3309 lus.
291 3253 393 3308 Hei
418 3254 549 3308 mihi
574 3258 587 3307 l
618 3270 777 3323 quam
813 3253 993 3308 multis
1023 3252 1301 3307 erudimur
1328 3255 1758 3325 intempestivam

161 3345 446 3402 refrenare
484 3346 853 3400 curiositatem
885 3355 936 3399 ct
963 3360 1418 3415 supervacaneam
1463 3348 1758 3419 indagatio-

159 3453 301 3503 uem,
361 3452 463 3491 nec
514 3436 879 3501 sustinemus;
926 3437 1019 3490 sed
1066 3439 1228 3491 vitam
1274 3437 1500 3493 aliorum
1548 3440 1759 3495 curiose

158 3530 515 3600 indagamus,
554 3543 654 3582 cur
694 3528 784 3582 hic
833 3542 1029 3594 caecus,
1070 3527 1160 3583 ille
1209 3544 1335 3583 vero
1384 3545 1604 3600 pauper.
1649 3530 1757 3585 llac

158 3623 316 3692 igitur
340 3621 556 3675 ratione
580 3620 632 3673 in
660 3620 793 3674 alias
814 3622 976 3674 etiam
999 3634 1165 3690 nugas
1183 3620 1502 3685 incidemus,
1525 3637 1622 3676 cur
1644 3620 1758 3677 lnec

159 3716 224 3769 sit
244 3716 484 3780 femina,
524 3722 579 3768 et
610 3730 715 3767 non
747 3729 935 3769 omnes
965 3713 1085 3781 viri,
1110 3729 1213 3769 cur
1242 3715 1442 3779 asinus,
1487 3730 1584 3769 cur
1623 3716 1719 3770 bos
1739 3759 1753 3781 ,

155 3822 251 3862 cur
279 3808 461 3872 canis,
485 3820 582 3860 cur
609 3806 784 3876 lupus,
808 3821 903 3860 cur
925 3806 1077 3876 lapis.
1107 3823 1203 3861 cur
1223 3807 1387 3878 ligna,
1411 3818 1465 3863 et
1485 3808 1556 3863 ad
1580 3810 1758 3864 inﬁni-

159 3909 262 3954 tam
294 3898 665 3969 prolixitatem
695 3897 906 3952 decidet
931 3900 1125 3955 oratio.
1160 3899 1448 3971 Propterea
1483 3901 1623 3956 Deus
1655 3916 1753 3957 no-

158 3992 237 4046 bis
264 3992 537 4046 terminos
568 3990 893 4061 cognitionis
922 3991 1224 4057 constituit,
1258 4004 1311 4047 et
1342 3993 1394 4046 in
1424 4003 1609 4047 natura
1634 3993 1757 4048 fun-

156 4085 317 4138 davit.
339 4083 728 4152 Contemplare
751 4092 929 4136 autem
956 4082 1083 4135 mihi
1115 4084 1334 4137 multam
1365 4083 1752 4150 curiositatem,

154 4176 293 4244 quod
333 4177 587 4230 videntes
615 4185 814 4231 tantam
843 4192 871 4229 a
904 4185 1040 4231 terra
1068 4177 1133 4231 ad
1160 4178 1353 4232 etelnm
1396 4177 1753 4244 altitudinem,

158 4274 381 4326 utitiime
396 4270 663 4325 atﬁcimur
680 4286 778 4326 nec
791 4285 1069 4325 movemur
1092 4283 1107 4323 τ
1124 4271 1339 4340 quando
1362 4270 1467 4324 alta
1488 4272 1620 4326 turri
1632 4286 1756 4326 con-

160 4380 343 4419 scensa
376 4365 709 4419 voluerimus
723 4364 975 4419 deorsum
991 4365 1253 4434 aspicere,
1274 4364 1317 4418 si
1344 4378 1527 4433 parum
1557 4379 1653 4418 nos
1675 4364 1757 4417 in-

157 4457 559 4522 dinaverimus,
575 4456 750 4526 gravis
770 4471 866 4510 nos
884 4456 1083 4510 invadit
1101 4458 1304 4526 vertigo
1317 4466 1371 4511 et
1392 4457 1643 4511 tenebrae.
1662 4457 1755 4512 Dic

158 4548 283 4601 mihi
302 4547 473 4617 hujus
486 4548 565 4602 rei
580 4562 817 4610 causam,
837 4547 929 4602 sed
949 4563 1050 4602 non
1070 4548 1356 4613 inveneris,
1384 4564 1481 4603 cur
1499 4549 1754 4618 majorem

158 4638 439 4694 vimhabet
453 4638 661 4703 oculus,
675 4648 725 4694 et
737 4638 1002 4694 detinetur
1015 4639 1081 4694 ab
1101 4639 1165 4693 iis
1177 4655 1292 4710 qu:e
1306 4648 1428 4693 sunt
1443 4639 1750 4693 remotiora.

221 4732 276 4784 5.
309 4732 382 4785 Et
406 4730 461 4785 id
487 4731 739 4785 similiter
768 4731 967 4787 videris
1008 4734 1057 4786 in
1099 4733 1305 4787 auditu.
1352 4732 1467 4790 Non
1518 4735 1755 4805 potuerit

154 4823 294 4877 enim
315 4823 593 4893 quiSpiam
628 4832 830 4877 tantum
882 4824 1118 4878 clamare
1164 4834 1221 4876 ut
1272 4824 1491 4895 impleat
1533 4840 1749 4889 acrem,

156 4926 412 4982 quantum
442 4912 643 4983 poterit
665 4912 1136 4980 comprehendere
1164 4914 1350 4968 oculus
1375 4956 1389 4979 ,
1441 4930 1613 4985 neque
1653 4930 1751 4969 au-

155 5004 265 5059 dire
304 5020 375 5060 ex
425 5014 576 5059 tanto
623 5004 928 5060 intervallo.
980 5004 1089 5060 Cur
1130 5022 1233 5061 non
1285 5007 1463 5061 omnia
1511 5010 1749 5064 membra

155 5108 276 5151 sunt
308 5100 523 5152 honore
555 5098 741 5165 paria?
769 5113 866 5152 cur
889 5113 994 5153 non
1026 5114 1189 5152 unum
1222 5112 1543 5169 acceperunt
1568 5117 1746 5169 usum,

157 5204 250 5243 nec
293 5189 524 5244 locum?
556 5189 749 5243 Paulus
796 5205 1007 5260 quoque
1039 5192 1140 5246 hoc
1175 5202 1257 5246 est
1296 5202 1604 5258 scrutatus,
1641 5195 1749 5251 imo

155 5293 280 5334 vero
310 5295 419 5333 non
451 5289 536 5333 est
564 5290 866 5346 scrutatus,
895 5292 1018 5336 erat
1046 5283 1190 5337 enim
1219 5284 1434 5353 sapiens
1460 5327 1475 5351 ,
1504 5286 1599 5339 sed
1627 5301 1749 5342 cum

156 5369 203 5423 in
247 5371 396 5426 hunc
439 5371 616 5425 locum
647 5370 954 5439 incidisset,
992 5373 1161 5429 dicit:
1196 5374 1631 5447 Unumquodque,
1670 5377 1751 5432 in-

156 5462 293 5529 quit,
328 5478 508 5516 eorum
541 5464 709 5530 posuit
736 5464 864 5517 sicut
889 5464 1047 5518 voluit
1079 5464 1170 5537 (1.
1196 5465 1314 5521 Cor.
1349 5466 1437 5521 1‘2.
1474 5469 1578 5539 18)
1610 5486 1624 5523 :
1650 5485 1743 5525 vo-

158 5548 345 5605 luntati
373 5552 492 5621 ejus
524 5561 693 5607 totum
725 5554 1014 5610 commisit.
1057 5554 1150 5610 llis
1182 5572 1309 5627 ergo
1340 5559 1518 5613 missis
1547 5560 1747 5630 gratias

160 5648 326 5702 solum
356 5664 583 5719 agamus
608 5665 705 5717 pro
753 5650 1005 5704 omnibus
1038 5668 1051 5705 :
1083 5651 1241 5719 Ideo,
1296 5654 1497 5724 inquit,
1544 5656 1744 5726 gratias

161 5738 291 5805 agite
320 5755 422 5809 pro
447 5740 720 5795 munibus.
757 5740 869 5795 Hoc
895 5751 977 5796 est
998 5744 1133 5812 grati
1162 5742 1366 5811 l'atnuli,
1401 5745 1505 5800 hoc
1531 5746 1746 5817 sapien-

162 5831 244 5897 tis,
275 5832 382 5887 hoc
412 5832 792 5901 intelligentis;
841 5833 972 5889 illud
1018 5835 1291 5904 loquacis,
1338 5837 1494 5895 otiosi
1545 5847 1598 5895 et
1647 5854 1740 5895 cu-

489 5950 763 6016 Pnaoa.
813 5953 929 6015 (3a.
980 5954 1171 6018 LXII.

1042 383 1107 441 lN
1145 383 1360 444 EPIST.
1402 386 1494 441 AD
1529 384 1772 442 El’llES.
1813 383 1968 440 CAP.
2015 380 2075 438 V.
2115 382 2346 439 liOMlL.
2390 385 2532 443 XXX.

3363 397 3461 453 ςῦι

1883 494 2034 549 riosi.
2082 494 2199 550 Non
2229 496 2379 553 vides
2406 500 2544 556 inter
2568 500 2798 558 famulos
2822 545 2836 571 ,
2866 505 3008 575 quod
3037 505 3129 576 qui
3176 517 3299 562 sunt
3340 513 3460 579 qui-

1887 584 2011 638 dem
2037 585 2233 655 abjecti
2254 597 2308 642 et
2331 589 2489 659 plane
2517 591 2808 663 despuendi
2834 636 2849 661 ,
2880 605 2935 651 et
2974 597 3043 651 ad
3094 599 3223 652 nihil
3278 600 3461 667 utiles,

1880 688 2007 732 sunt
2035 680 2286 749 loquaces
2309 689 2364 735 et
2386 693 2692 753 nngatores,
2717 696 2770 742 et
2811 691 3025 746 curiose
3060 691 3333 762 inquirunt
3378 712 3460 752 res

1878 769 2219 824 dominorum
2243 812 2258 837 ,
2298 788 2430 841 quas
2472 773 2546 829 illi
2578 778 2761 832 volunt
2784 780 2968 836 celare
2999 800 3012 835 :
3050 784 3320 853 sapientes
3363 800 3458 840 au-

1880 867 2007 924 tem,
2038 861 2173 930 grati
2202 871 2258 916 et
2283 861 2554 931 benevoli,
2582 882 2745 921 unum
2771 870 2944 924 solum
2964 882 3213 941 spectant
3240 883 3296 929 ut
3308 892 3460 930 suum

1880 951 2234 1008 ministerium
2267 955 2563 1025 impleant?
2589 958 2690 1025 Qui
2733 963 2959 1018 multum
3004 965 3270 1036 loquitur,
3328 969 3459 1024 nihil

1875 1056 2133 1114 operatur
2165 1068 2178 1103 ε
2207 1049 2349 1103 sicut
2377 1052 2469 1120 qui
2496 1054 2723 1108 multum
2751 1067 3022 1125 operatur,
3054 1060 3191 1115 nihil
3224 1063 3457 1133 loquitur

1880 1133 2334 1205 intempestivum.
2372 1141 2659 1212 Propterea
2685 1145 2896 1201 dicebat
2927 1148 3123 1205 Paulus
3148 1154 3373 1222 loquens
3399 1156 3458 1210 de

1877 1230 2049 1285 viduis
2080 1249 2094 1285 :
2126 1231 2249 1288 Non
2278 1234 2442 1289 solum
2460 1239 2635 1293 otiosae
2663 1242 2862 1296 discunt
2890 1242 2917 1316 ξ
2937 1244 3124 1301 domos
3149 1249 3377 1307 circuire
3398 1251 3421 1324 j

1876 1322 1965 1375 sed
1990 1324 2143 1377 etiam
2171 1326 2389 1381 verbosa:
2412 1339 2459 1383 et
2493 1347 2710 1403 nugaces
2737 1332 2813 1406 (1.
2840 1334 2974 1390 Tim.
3001 1337 3054 1393 5.
3087 1340 3154 1395 13
3178 1340 3218 1411 ).

1947 1411 2135 1469 Divina
2161 1433 2262 1471 non
2304 1418 2430 1473 adeo
2456 1422 2706 1477 incuriose
2738 1425 3053 1498 indaganda.
3085 1459 3157 1469 —
3188 1431 3281 1486 Dic
3309 1433 3456 1491 mihi.

1875 1504 2001 1572 quid
2032 1506 2151 1575 plus
2184 1508 2406 1564 interest
2433 1512 2573 1571 inter
2603 1523 2841 1571 nostram
2884 1526 3096 1574 aetatem
3154 1531 3210 1576 et
3248 1532 3459 1579 aetatem

1878 1612 2188 1666 puerorum,
2220 1617 2287 1656 an
2318 1605 2458 1659 inter
2486 1607 2650 1662 Deum
2685 1617 2741 1663 et
2770 1609 3054 1666 homines?
3082 1613 3224 1669 inter
3274 1630 3371 1671 nos
3409 1628 3461 1673 et

1873 1688 2094 1755 culices,
2121 1706 2187 1745 an
2216 1692 2355 1747 inter
2387 1695 2552 1751 Deum
2581 1707 2636 1752 et
2666 1700 2804 1753 nos?
2835 1701 3056 1757 Planum
3083 1714 3185 1770 est,
3218 1706 3338 1775 plus
3375 1708 3457 1762 in-

1875 1792 2078 1835 teresse
2118 1783 2256 1837 inter
2286 1786 2448 1840 Deum
2477 1795 2532 1842 et
2558 1804 2678 1846 nos.
2708 1791 2813 1845 Cur
2842 1808 2971 1863 ergo
3000 1803 3052 1848 tu
3094 1810 3153 1849 es
3191 1798 3327 1852 adeo
3362 1815 3463 1853 cu-

1874 1873 2084 1928 riosus?
2110 1875 2321 1932 Gratias
2341 1895 2438 1948 age
2468 1896 2562 1950 pro
2591 1884 2861 1940 omnibus.
2887 1887 3022 1954 Quid
3056 1904 3219 1956 vero,
3253 1892 3423 1961 inquit
3443 1935 3456 1954 ,

1872 1962 1917 2017 si
1943 1979 2028 2018 me
2051 1966 2616 2037 interrogetGrtecus,
2643 1973 2767 2042 quid
2802 1977 3179 2045 respondebo?
3226 1982 3334 2034 vult
3390 1998 3452 2035 ex

1871 2069 1957 2109 me
1982 2056 2122 2111 scire
2143 2074 2208 2112 an
2239 2062 2309 2113 sit
2333 2062 2669 2131 providentia
2696 2082 2711 2121 :
2748 2066 2860 2135 ipse
2906 2069 3048 2122 enim
3088 2070 3219 2125 dicit
3252 2073 3451 2127 nullum

1870 2162 1990 2203 esse
2016 2150 2104 2219 qui
2134 2150 2430 2218 provideat.
2460 2153 2539 2208 Tu
2562 2170 2691 2226 ergo
2712 2172 2834 2213 eum
2864 2169 3048 2215 contra
3075 2156 3362 2235 interrega.
3388 2169 3454 2221 At

1867 2240 1998 2294 dicit
2019 2258 2126 2297 non
2147 2258 2267 2298 esse
2290 2246 2699 2313 providentiam.
2728 2252 2879 2319 Quod
2919 2254 2988 2308 sit
3035 2257 3248 2326 quidem
3281 2261 3455 2330 provi-

1850 2331 2069 2395 -dentia,
2094 2349 2159 2388 ex
2194 2335 2259 2389 iis
2283 2353 2402 2405 quae
2430 2338 2611 2393 dixisti
2639 2351 2721 2394 est
2746 2345 3090 2414 perspicuum
3119 2364 3133 2413 ;
3169 2351 3311 2419 quod
3355 2370 3453 2406 au-

1870 2429 1975 2476 tem
2004 2437 2110 2476 non
2145 2427 2314 2493 possit
2348 2429 2767 2497 comprehendi,
2800 2450 2865 2488 ex
2892 2452 2957 2489 eo
2982 2438 3124 2506 quod
3161 2458 3265 2495 non
3308 2444 3452 2497 inve-

1867 2513 2077 2567 niamus
2105 2517 2387 2571 rationem.
2435 2518 2567 2574 Nam
2608 2522 2653 2576 si
2696 2523 2747 2577 in
2798 2523 2865 2579 iis
2915 2542 3036 2598 quae
3078 2530 3454 2591 administrant

1867 2603 2149 2677 homines,
2199 2609 2464 2667 nescimus
2497 2625 2641 2683 saepe
2686 2616 2904 2671 modum
2951 2619 3450 2695 administrationis,

1867 2711 2189 2767 quamquam
2222 2700 2389 2755 multa
2419 2718 2485 2756 ex
2516 2702 2582 2757 iis
2604 2704 2760 2761 nobis
2786 2708 3034 2764 videntur
3057 2727 3177 2768 esse
3198 2715 3449 2784 absurda,

1863 2797 1921 2843 et
1948 2789 2189 2845 cedimus
2216 2810 2230 2846 :
2273 2802 2475 2862 quanto
2507 2797 2676 2867 magis
2707 2799 2758 2852 in
2791 2800 3065 2858 Deo?Sed
3095 2805 3145 2858 in
3184 2808 3291 2861 Deo
3317 2809 3450 2864 nihil

1863 2891 1947 2936 est
1972 2882 2262 2939 absurdum
2284 2929 2297 2950 ,
2323 2903 2496 2958 neque
2530 2889 2739 2946 videtur
2777 2908 2902 2948 esse
2944 2896 3206 2953 lidelibus.
3236 2900 3303 2956 Et
3329 2902 3449 2958 idco

1865 2991 1963 3045 pro
1984 2977 2236 3033 enmibus
2260 2981 2463 3049 gratias
2486 2996 2706 3054 agamus
2726 3027 2740 3052 ,
2780 3001 2875 3056 pro
2901 2990 3149 3046 omnibus
3176 3008 3299 3048 eum
3331 2995 3448 3066 glo-

1861 3068 2153 3125 riﬁcemus.
2179 3071 2428 3142 Subjecti,
2465 3074 2656 3146 inquit,
2688 3079 2896 3134 invicem
2918 3083 2969 3136 in
3011 3084 3192 3141 timore
3236 3086 3352 3142 Dei.
3393 3090 3448 3143 Si

1861 3162 2003 3217 enim
2027 3172 2247 3232 propter
2272 3167 2636 3236 magistratum
2666 3170 2979 3242 subjiceris,
3024 3188 3244 3247 propter
3288 3174 3447 3250 pecu-

1859 3254 2000 3323 nias,
2025 3268 2113 3311 aut
2139 3269 2354 3329 propter
2377 3261 2633 3330 pudorem
2660 3306 2675 3327 ,
2717 3267 2885 3322 multo
2914 3272 3082 3340 magis
3112 3282 3329 3343 pr0pter
3353 3276 3393 3328 D
3419 3279 3444 3330 ~i

1862 3358 2086 3403 metum.
2109 3350 2196 3405 Sit
2220 3353 2493 3409 servitutis
2518 3363 2572 3409 et
2604 3357 2954 3427 subjectionis
2988 3374 3170 3418 mutua
3203 3381 3443 3421 remune-

1862 3439 1997 3493 ratio
2021 3456 2034 3506 ;
2067 3441 2144 3494 sic
2165 3442 2306 3496 enim
2330 3459 2433 3499 non
2454 3447 2556 3499 erit
2575 3449 2829 3504 servitus.
2852 3450 2967 3505 Non
3004 3454 3189 3509 sedeat
3225 3458 3439 3528 quidem

1862 3529 1953 3585 ille
1981 3530 2033 3584 in
2061 3532 2248 3588 ordine
2272 3535 2467 3589 etloco
2490 3537 2642 3613 liberi
2665 3582 2679 3605 ,
2714 3540 2800 3595 hic
2830 3558 2958 3597 vero
3000 3545 3055 3599 in
3102 3547 3221 3601 loco
3263 3552 3400 3603 servi
3426 3570 3439 3616 ;

1860 3621 1957 3676 sed
1985 3624 2177 3678 melius
2204 3634 2286 3679 est
2315 3635 2373 3681 ut
2399 3635 2451 3680 et
2479 3627 2680 3684 domini
2708 3641 2762 3686 et
2785 3635 2923 3688 servi
2960 3634 3097 3690 alter
3134 3637 3287 3695 alteri
3327 3656 3444 3695 ser-

1861 3714 2008 3767 viant
2032 3732 2043 3767 :
2079 3715 2246 3770 multo
2272 3718 2460 3772 melius
2483 3730 2565 3774 est
2593 3721 2670 3776 sic
2693 3738 2813 3778 esse
2835 3740 3070 3794 servum,
3101 3744 3259 3799 quam
3293 3733 3443 3787 aliter

1860 3806 2108 3861 liberum.
2136 3807 2297 3878 quue
2328 3810 2450 3866 inde
2472 3822 2554 3867 est
2578 3814 2798 3871 evidens
2823 3834 2835 3870 :
2866 3818 2935 3872 sit
2956 3820 3218 3891 quisixiam
3242 3823 3444 3891 habens

1854 3910 2072 3956 centum
2120 3901 2345 3959 famulos
2368 3947 2383 3972 ,
2427 3915 2481 3960 et
2527 3907 2702 3963 nullus
2744 3910 2843 3979 ipsi
2874 3912 3179 3983 ministret;
3212 3916 3320 3972 sint
3349 3919 3436 3972 alii

1860 4002 2076 4048 centum
2105 3994 2260 4050 amici
2286 4011 2345 4051 se
2376 3996 2601 4052 invicem
2630 3999 2925 4057 servientes
2954 4022 2966 4057 :
3000 4005 3214 4074 quinam
3252 4008 3443 4064 melius

1860 4085 2081 4139 vivent?
2107 4086 2322 4156 quinam
2346 4103 2465 4142 cum
2486 4088 2670 4159 majori
2702 4092 2973 4162 voluptate
2999 4104 3053 4149 et
3080 4095 3261 4152 laatitia
3281 4099 3305 4153 ?
3323 4098 3439 4156 Non

1855 4184 1943 4230 est
1969 4176 2076 4231 illic
2108 4177 2186 4231 ira
2217 4193 2388 4247 neque
2414 4179 2707 4250 indignatio
2735 4198 2907 4253 neque
2937 4184 3083 4240 furor
3129 4203 3301 4258 neque
3339 4192 3441 4245 ali-

1859 4266 1985 4336 quid
2012 4267 2153 4321 aliud
2185 4269 2449 4337 ejusmodi
2480 4287 2496 4337 ;
2530 4271 2615 4326 hic
2640 4282 2817 4328 autem
2845 4284 2926 4330 est
2954 4278 3116 4333 timor
3137 4289 3191 4334 et
3219 4292 3394 4337 metus
3418 4301 3437 4338 ε

1859 4366 1915 4411 et
1940 4359 2045 4412 illic
2070 4358 2283 4428 quidem
2312 4363 2683 4429 necessitatis,
2739 4364 2824 4419 hic
2863 4377 3043 4421 autem
3091 4379 3219 4425 sunt
3262 4374 3442 4428 omnia

1854 4453 2086 4507 instituti
2114 4462 2168 4508 et
2196 4455 2347 4509 liberi
2372 4456 2576 4510 arbitrii
2611 4475 2624 4510 :
2657 4468 2711 4512 et
2742 4459 2851 4514 illic
2897 4462 3111 4530 quidem
3158 4464 3211 4520 vi
3252 4466 3396 4521 illata
3425 4486 3440 4535 ;

1862 4545 1948 4599 hic
1975 4557 2149 4599 autem
2183 4546 2442 4602 habentes
2470 4550 2694 4618 gratiam
2720 4590 2737 4613 ,
2790 4551 2926 4606 alter
2968 4554 3126 4608 alteri
3174 4559 3435 4617 serviunt.

1858 4636 1945 4690 Sic
1974 4636 2083 4690 vult
2113 4637 2251 4691 Deus
2280 4654 2297 4692 :
2329 4649 2605 4708 propterea
2652 4639 2778 4694 lavit
2826 4642 2990 4711 pedes
3038 4644 3440 4717 discipulorum.

1859 4725 1970 4779 lmo
1995 4742 2143 4791 vero,
2172 4728 2215 4781 si
2248 4728 2379 4781 velis
2404 4744 2516 4783 rem
2545 4740 2790 4786 accurate
2818 4733 3126 4790 examinare
3148 4776 3166 4803 ,
3197 4741 3357 4793 etiam
3386 4741 3441 4795 in

1857 4816 2085 4873 dominis
2111 4827 2195 4874 est
2218 4819 2487 4874 servitutis
2507 4830 2689 4875 mutua
2718 4828 3097 4881 remuneratio.
3119 4827 3256 4896 Quid
3270 4834 3440 4901 enim,

1857 4910 1900 4964 si
1930 4908 2100 4965 fastus
2127 4926 2231 4965 non
2260 4912 2386 4965 sinit
2415 4921 2471 4965 ut
2494 4923 2747 4983 appareat
2775 4920 3175 4974 remmreratioi
3212 4921 3436 4988 Quando

1852 5000 1998 5056 enim
2028 5001 2117 5056 hic
2137 5002 2349 5072 quidem
2378 5003 2595 5058 exhibet
2618 5009 2898 5076 corporale
2940 5010 3291 5068 ministerium
3312 5056 3327 5078 ,
3379 5027 3433 5071 tu

1856 5102 2033 5148 autem
2058 5108 2253 5164 corpus
2282 5096 2453 5149 nutris
2477 5104 2531 5150 et
2558 5111 2712 5152 curas
2734 5099 3001 5156 alimentis
3026 5110 3080 5157 et
3110 5102 3436 5161 indumentis

1856 5197 1913 5242 et
1939 5188 2133 5242 calceis
2152 5229 2167 5254 ,
2197 5187 2320 5242 huic
2345 5204 2555 5258 quoque
2583 5189 2867 5245 exhibetur
2895 5195 3136 5262 qutedam
3183 5198 3433 5252 servitus.

1855 5280 1987 5335 Nam
2016 5280 2116 5334 nisi
2147 5290 2201 5334 tu
2233 5279 2310 5334 illi
2339 5291 2484 5335 tuum
2514 5282 2767 5338 exhibeas
2793 5285 3182 5355 ministerium,
3218 5305 3315 5344 nec
3347 5291 3433 5344 ille

1855 5387 2033 5439 suum,
2062 5370 2160 5426 sed
2185 5371 2288 5425 erit
2312 5370 2468 5438 liber,
2499 5386 2598 5427 nec
2625 5374 2730 5428 ulla
2760 5375 2844 5430 lex
2871 5392 2991 5430 eum
3019 5387 3173 5447 coget
3215 5380 3317 5434 hoc
3357 5380 3432 5433 la-

1854 5481 1981 5521 cere
2007 5464 2107 5522 nisi
2133 5465 2329 5520 alatur.
2357 5465 2413 5521 Si
2445 5482 2573 5538 ergo
2603 5468 2705 5523 hoc
2733 5470 2822 5524 ﬁat
2847 5470 2898 5523 in
2930 5471 3120 5538 servis,
3162 5473 3289 5542 quid
3340 5474 3433 5528 ab-

1854 5559 2097 5624 surdum,
2128 5559 2172 5613 si
2198 5558 2299 5614 hoc
2319 5559 2477 5614 etiam
2516 5560 2606 5614 ﬁat
2633 5561 2686 5615 in
2716 5561 2938 5617 liberis?
2964 5564 3217 5636 Subjecti,
3241 5569 3425 5642 inquit.

1853 5652 1907 5709 in
1937 5653 2115 5707 timore
2146 5650 2352 5707 Christi.
2379 5653 2587 5720 Quanta
2612 5664 2695 5710 est
2719 5655 2887 5727 gratia
2907 5697 2923 5720 ,
2955 5658 3096 5726 quod
3141 5662 3299 5717 etiam
3342 5667 3430 5720 ha.

1854 5748 2075 5802 beamus
2102 5744 2444 5801 mercedem?
2478 5748 2547 5801 At
2585 5761 2690 5801 non
2724 5748 2837 5802 vult
2864 5749 2956 5804 tibi
2984 5750 3217 5823 subjici?
3243 5754 3346 5813 Sed
3376 5771 3431 5817 tu

1855 5841 2120 5912 subjicere
2148 5858 2161 5895 :
2199 5856 2305 5895 non
2330 5839 2505 5896 Solum
2528 5840 2769 5904 obcdias,
2801 5843 2894 5899 sed
2924 5845 3083 5903 etiam
3114 5849 3432 5921 subjiciaris.

3070 5954 3111 6015 9
