3960 6510
619 349 721 403 135

609 462 692 517 Ἰω
718 466 793 519 sis
820 463 1038 521 allectus
1064 481 1188 535 erga
1212 481 1398 520 ontnes
1427 477 1482 519 ut
1501 482 1627 536 erga
1648 466 1928 521 dominos:
1962 467 2032 521 ita
2058 466 2199 520 enim

618 561 725 613 cito
756 558 974 615 habebis
1002 574 1187 614 servvs
1218 560 1269 612 in
1315 561 1627 614 servitutem
1671 558 1915 614 redactos
1969 559 2197 613 maxime

620 653 894 721 tyrannica
920 651 1193 705 servitutis
1221 652 1477 719 potentia.
1512 650 1674 719 Magis
1697 652 1839 705 enim
1882 664 1976 705 eos
2018 650 2197 719 capies

618 752 672 795 et
699 743 1043 814 expugnabis,
1068 742 1278 811 quando
1306 744 1435 796 nihil
1476 742 1543 795 ab
1592 743 1670 797 eis
1713 755 2038 811 assequeris,
2083 741 2197 808 ipse

617 849 737 900 qute
768 845 853 888 tua
880 845 1004 889 sunt
1038 835 1117 889 eis
1160 834 1444 904 prmbebis.
1494 835 1604 889 lloe
1650 844 1731 888 est
1760 833 1886 888 illud
1920 851 1931 885 :
1967 832 2193 899 Subiecti

1330 350 1389 407 S.
1428 349 1705 407 JOANNIS
1741 347 2215 407 CHRYSOSTOMI
2254 351 2568 408 ARCIHEP.
2609 353 3138 412 CONSTANTINOP.
3430 388 3431 391 η
3723 391 3787 445 m

2308 467 2519 521 invicem
2549 468 2601 520 in
2632 468 2812 523 timore
2839 469 3025 524 Christi
3056 487 3075 524 :
3107 480 3164 525 ut
3194 472 3461 534 vincamus
3484 469 3643 549 omnia;
3673 500 3786 557 animi

2308 559 2733 627 perturbationes
2761 571 2816 614 et
2842 563 2989 625 vitia,
3017 572 3074 617 ut
3100 564 3210 619 Deo
3239 569 3521 629 serviamus
3540 614 3554 638 ,
3585 588 3633 631 ut
3654 592 3787 646 Catill-

2308 662 2412 705 tem
2447 651 2583 705 inter
2612 666 2710 705 nos
2731 668 3114 709 conservemus
3147 673 3161 709 :
3191 665 3246 712 et
3274 667 3397 716 tunc
3424 667 3677 731 poterimus
3698 678 3790 748 dign

2308 741 2493 796 haberi
2522 743 2608 811 qui
2639 757 2993 811 assequamur
3023 746 3114 800 Dei
3163 747 3533 819 benignitatem
3557 798 3571 821 ,
3611 741 3795 829 ει-ειιῂξρι

2304 833 2764 894 miserationibus,
2797 845 2900 891 etc.

633 928 3788 1031 ’ψ

604 1091 745 1150 ΌΑΡ.
772 1096 825 1151 5.
853 1111 903 1149 ν.
921 1096 1012 1151 22.
1049 1096 1101 1150 Μ
1111 1097 1309 1159 ult'ercs,
1328 1095 1446 1148 viris
1467 1094 1641 1147 vestris
1657 1092 1867 1146 subditae
1885 1101 2059 1157 estote,
2078 1091 2204 1144 sicut

695 1187 911 1242 Domino
942 1189 1071 1243 :25.
1104 1195 1341 1258 quoniam
1368 1188 1442 1241 vir
1467 1195 1617 1253 caput
1646 1194 1717 1238 est
1762 1184 1988 1237 mulieris
2011 1223 2026 1248 ,
2076 1182 2204 1235 sicut

692 1280 1101 1353 Christuscaput
1131 1292 1202 1337 est
1229 1281 1474 1334 Ecclesia?
1501 1296 1520 1333 :
1549 1288 1593 1331 et
1623 1278 1730 1346 ipse
1757 1277 1978 1330 salvator
2015 1289 2200 1343 corpo-

666 1408 677 1417 κ
690 1374 761 1427 ris
788 1375 915 1445 ejus.
948 1372 1038 1427 24.
1067 1373 1173 1428 Sed
1198 1373 1326 1425 sicut
1359 1370 1587 1423 Ecclesia
1615 1368 1837 1437 subjecta
1865 1377 1936 1420 est
1961 1365 2158 1420 Christo
2184 1380 2203 1418 :

672 1468 761 1519 -ita
786 1477 830 1518 et
860 1467 1093 1519 mulieres
1115 1465 1233 1518 viris
1256 1465 1361 1517 suis
1386 1463 1440 1515 in
1464 1460 1713 1514 omnibus.

679 1560 743 1613 ’1.
775 1557 916 1612 Beati
944 1558 1184 1628 conjuges
1209 1556 1302 1610 sibi
1326 1555 1534 1608 invicem
1565 1552 1946 1606 consentientes.
2000 1550 2201 1603 Amoris

604 1651 798 1705 ιω.-
819 1649 909 1703 \‘ir
935 1648 1149 1717 quidam
1171 1647 1384 1716 sapiens
1412 1660 1534 1699 cum
1564 1644 1613 1697 itt
1667 1642 2050 1697 beatitudinum
2103 1657 2200 1694 uu-

599 1756 823 1796 lmerum
848 1739 1011 1792 multa
1036 1738 1323 1799 retulisset,
1359 1736 1459 1789 ltoe
1492 1750 1653 1788 unum
1680 1748 1893 1804 quoque
1923 1732 2098 1801 posuit
2129 1732 2203 1785 itt-

606 1842 703 1888 κιαι·
727 1829 1081 1886 beatitudittes
1111 1845 1123 1881 :
1154 1828 1224 1881 Et
1264 1827 1477 1891 mulier,
1524 1824 1694 1895 inquit
1719 1865 1734 1889 ,
1784 1838 1896 1892 qua:
1938 1838 2051 1876 cum
2097 1821 2203 1874 viro

617 1923 845 1977 convenit
869 1932 914 1975 et
936 1920 1181 1975 consentit
1227 1917 1428 1990 (Eccli.
1474 1917 1564 1971 Q5.
1608 1916 1642 1968 2
1671 1916 1708 1983 ).
1756 1914 1824 1968 Ει
1862 1928 2048 1968 rursus
2077 1912 2201 1966 alibi

619 2015 771 2085 ponit
794 2028 913 2068 cum
944 2011 1380 2074 beatitudinibus,
1413 2008 1556 2080 quod
1592 2023 1723 2062 uxor
1747 2006 1905 2060 simul
1944 2020 2061 2060 cum
2095 2020 2206 2059 ma-

604 2106 723 2160 rito
748 2103 951 2158 habitet
978 2118 1096 2157 cum
1119 2101 1422 2159 concordia.
1454 2098 1753 2167 Quinetiam
1781 2096 1847 2151 ab
1875 2096 2025 2150 initio
2066 2095 2204 2151 Deus

620 2195 834 2252 videtur
859 2210 1100 2265 magnam
1123 2209 1303 2249 curam
1336 2192 1566 2261 gessisse
1596 2189 1751 2260 hujus
1778 2187 2201 2259 conjunctionis;

623 2298 678 2343 et
703 2288 771 2343 de
797 2287 1056 2341 ambobus
1083 2296 1349 2355 tamquam
1377 2282 1443 2337 de
1462 2296 1567 2337 uno
1585 2282 1825 2351 loquens,
1854 2280 1931 2334 sic
1955 2279 2163 2333 diccbat
2187 2295 2201 2333 :

622 2378 913 2434 Masculum
939 2389 984 2433 ct
1010 2378 1250 2447 feminam
1281 2375 1399 2447 fecit
1429 2390 1511 2429 eos
1542 2373 1560 2445 (
1590 2372 1717 2428 Gen.
1750 2372 1802 2426 1.
1833 2370 1900 2424 27
1921 2371 1939 2441 )
1960 2386 1975 2436 ;
1999 2383 2054 2425 et
2083 2386 2201 2424 rur-

619 2490 734 2536 sus.
770 2468 889 2524 Non
915 2477 987 2523 est
1013 2468 1285 2531 masculus,
1318 2482 1408 2519 nec
1437 2466 1627 2534 femina
1654 2464 1671 2534 (
1699 2462 1818 2517 Gal.
1848 2463 1900 2517 ὅ.
1930 2462 2000 2517 28
2020 2462 2060 2531 ).
2087 2461 2202 2516 Νοη

617 2574 701 2620 est
730 2562 873 2619 enim
910 2572 1053 2616 tanta
1081 2560 1177 2613 viri
1201 2572 1323 2613 cum
1355 2558 1470 2612 viro
1496 2552 1836 2611 necessitudo
1879 2562 1933 2608 et
1977 2553 2201 2623 conjun-

619 2658 745 2722 ctio,
767 2666 962 2725 quanta
986 2649 1222 2705 mulieris
1248 2664 1369 2704 cum
1388 2648 1525 2714 viro,
1547 2646 1591 2701 si
1618 2647 1688 2701 sit
1706 2656 1850 2701 recte
1867 2645 2200 2715 conjugatus.

611 2748 912 2816 ‘Propterea
939 2744 1017 2797 vir
1042 2741 1256 2811 quidam
1286 2740 1474 2795 beatus
1498 2752 1761 2792 summam
1791 2736 2094 2806 signiﬁcans
2119 2735 2203 2788 di-

622 2838 924 2900 lectionem,
963 2843 1015 2887 ct
1044 2833 1232 2902 lugens
1261 2828 1544 2899 quemdam
1574 2843 1638 2881 ex
1665 2825 1775 2881 suis
1805 2826 2010 2891 amicis,
2041 2827 2202 2895 etqui

618 2938 774 2984 erant
793 2927 1073 2982 unanimes
1093 2965 1109 2992 ,
1142 2939 1248 2979 non
1275 2922 1409 2976 dixit
1434 2931 1664 2990 patrem,
1690 2934 1795 2973 non
1824 2926 2071 2985 matrem,
2096 2932 2201 2972 non

614 3022 811 3088 ﬁlium,
839 3036 943 3075 non
975 3017 1215 3081 fratrem,
1244 3030 1351 3068 non
1381 3011 1646 3076 amicum;
1677 3009 1771 3063 sed
1799 3008 1965 3078 quid?
2014 3008 2203 3062 Cecidit

616 3114 823 3167 dilectio
850 3121 936 3165 tua
959 3126 1108 3179 super
1129 3124 1226 3174 me,
1261 3106 1467 3174 inquit,
1498 3113 1754 3169 tamquam
1796 3099 1995 3154 dilectio
2034 3100 2203 3153 mulie-

620 3223 734 3259 rum
756 3204 783 3275 (
805 3205 857 3258 1.
888 3202 1016 3272 Reg.
1046 3201 1092 3253 Ι.
1121 3196 1249 3268 26).
1279 3195 1489 3250 Revera
1517 3193 1659 3248 enim
1685 3233 1699 3258 ,
1740 3206 1929 3246 revera
1980 3190 2093 3245 hzcc
2122 3189 2203 3244 di-

618 3297 778 3353 lectio
802 3303 886 3351 est
914 3292 1080 3363 magis
1120 3290 1432 3362 tyrannica,
1479 3301 1638 3357 quam
1690 3285 1893 3356 quaevis
1939 3285 2197 3356 tyrannis.

619 3389 749 3443 Nam
780 3386 898 3441 alia:
924 3383 1136 3454 quidem
1164 3390 1288 3436 sunt
1313 3379 1696 3445 vehementes;
1731 3378 1844 3432 hate
1888 3387 2064 3431 autem
2104 3392 2200 3432 cu-

622 3481 814 3551 piditas
846 3478 1005 3533 habet
1031 3486 1085 3531 et
1112 3473 1499 3530 vehementiam
1526 3514 1541 3540 ,
1593 3481 1647 3527 et
1696 3471 1838 3541 quod
1886 3486 1991 3525 non
2035 3471 2202 3541 possit

620 3583 951 3626 marcescere
984 3585 997 3621 :
1031 3566 1169 3621 ittest
1194 3565 1337 3620 enim
1363 3563 1578 3633 quidam
1602 3577 1756 3617 amor
1783 3562 1833 3616 in
1871 3570 2059 3616 natura
2106 3560 2201 3615 de-

618 3665 896 3726 litescens,
922 3668 976 3715 et
1019 3674 1115 3714 nos
1145 3658 1317 3711 latens
1349 3655 1617 3711 connectit
1656 3655 1770 3709 haec
1798 3668 2042 3724 corpora.
2066 3654 2198 3708 Pro-

617 3766 800 3827 plerea
827 3764 882 3810 et
909 3753 976 3807 ab
1002 3752 1152 3806 initio
1178 3765 1241 3804 ex
1262 3749 1375 3804 viro
1398 3748 1607 3812 mulier,
1622 3756 1676 3803 et
1699 3759 1883 3817 postea
1912 3763 1976 3802 ex
2004 3747 2117 3801 viro
2146 3756 2200 3802 et

620 3847 845 3903 muliere
872 3844 953 3898 vir
968 3851 1023 3897 et
1047 3843 1256 3896 mulier.
1286 3839 1445 3895 Vides
1464 3839 1892 3910 conjunctionem
1917 3851 1969 3895 et
1996 3854 2197 3894 conne-

619 3941 854 4003 xionetn,
880 3945 936 3990 et
973 3932 1241 4004 quomodo
1273 3947 1378 3986 non
1424 3931 1611 3985 siverit
1656 3930 1814 3984 aliam
1859 3931 2199 3984 extrinsecus

618 4029 821 4101 ingredi
849 4024 1175 4082 essentiam?
1208 4022 1337 4077 Vide
1364 4031 1540 4077 autem
1580 4035 1737 4091 quam
1769 4021 1934 4073 multa
1975 4019 2198 4075 admini-

622 4120 808 4175 strarit
851 4126 906 4172 et
947 4114 1292 4186 dispensarit.
1338 4112 1532 4167 Passus
1565 4122 1650 4166 est
1687 4111 1860 4181 ipsum
1908 4126 2057 4166 suam
2106 4125 2198 4167 so-

616 4226 796 4267 rorem
844 4209 1043 4263 dueere
1101 4219 1325 4260 uxorem
1350 4244 1365 4271 ,
1411 4203 1495 4257 vel
1542 4202 1720 4272 potius
1759 4216 1865 4256 non
1910 4215 2150 4257 sororem
2176 4242 2193 4267 ,

618 4304 713 4359 sed
771 4303 969 4369 tiliam,
1017 4300 1101 4355 vel
1149 4299 1323 4369 potius
1368 4312 1475 4352 non
1508 4295 1693 4359 tiliam,
1735 4295 1831 4351 sed
1871 4296 1991 4366 plus
2036 4311 2194 4366 quam

619 4397 820 4459 tiliam,
871 4406 1065 4463 nempe
1124 4406 1275 4445 suam
1327 4403 1547 4444 carnem
1581 4407 1595 4443 :
1628 4397 1799 4445 totum
1843 4399 2043 4461 autem
2058 4388 2197 4465 [fecit

617 4492 684 4545 ab
722 4490 833 4543 alto
880 4489 1043 4559 petita
1074 4484 1315 4557 origine,
1348 4485 1486 4540 sicut
1532 4482 1584 4538 in
1631 4484 1892 4554 lapidibus
1917 4524 1932 4547 ,
1981 4499 2075 4539 eos
2105 4499 2196 4539 co-

613 4596 745 4651 gens
771 4582 822 4634 in
853 4595 1037 4634 unutn.
1073 4577 1187 4633 Non
1212 4579 1355 4632 enim
1378 4593 1499 4631 eam
1539 4576 1665 4632 fecit
1706 4578 2043 4632 extrinsecus
2068 4619 2082 4644 ,
2125 4592 2194 4632 ne

616 4686 883 4743 tamquam
906 4672 1093 4726 alienae
1122 4674 1167 4726 ei
1194 4671 1473 4725 adhiberet
1500 4671 1736 4725 animum
1759 4688 1774 4739 ;
1805 4688 1977 4742 neque
2005 4688 2193 4728 rursus

614 4764 681 4820 ad
734 4765 905 4835 ipsum
953 4778 1121 4833 usque
1163 4764 1311 4817 stetit
1349 4763 1787 4829 matrimonium,
1842 4779 1910 4818 ne
1956 4765 2190 4835 seipsutn

614 4870 870 4912 coercens
904 4865 957 4912 et
983 4870 1179 4925 cogens
1203 4862 1540 4924 separarelur
1567 4870 1597 4910 a
1625 4855 1853 4911 exteris.
1891 4856 1960 4911 Et
1985 4858 2189 4913 sicutiu

614 4946 811 5018 plantis
840 4946 942 5000 illa:
980 4955 1105 4999 sunt
1147 4944 1302 5015 longe
1343 4944 1559 5015 optima:
1596 4954 1653 5000 et
1692 4948 2148 5017 praistantissimm
2171 4990 2188 5015 ,

611 5054 732 5108 quae
764 5037 959 5092 habent
983 5052 1145 5090 unum
1176 5036 1407 5105 stipitem
1436 5045 1490 5090 et
1526 5036 1884 5092 extenduntur
1912 5038 1976 5092 ad
2012 5055 2190 5095 ramos

614 5132 849 5196 multos;
881 5147 987 5200 quo
1018 5129 1072 5183 lit
1103 5140 1159 5184 ut
1185 5129 1231 5184 si
1256 5131 1431 5184 omnia
1460 5139 1660 5186 temere
1697 5132 1868 5185 solum
1915 5145 2189 5188 vertantur

608 5222 751 5278 circa
780 5220 1045 5286 radicem,
1087 5232 1141 5276 et
1169 5220 1361 5275 multas
1384 5222 1542 5275 etiatu
1571 5221 1798 5276 habeant
1824 5223 2048 5289 radices,
2082 5242 2185 5279 non

608 5329 692 5373 est
720 5317 901 5387 utique
924 5315 1085 5371 arbor
1106 5316 1263 5386 digna
1287 5315 1639 5370 admiratione
1669 5334 1681 5369 :
1711 5318 1780 5371 ita
1819 5316 1903 5372 hic
1938 5332 2149 5387 quoque
2169 5361 2183 5383 ,

608 5427 677 5466 ex
709 5426 814 5465 uno
833 5409 1041 5463 Adamo
1069 5408 1194 5464 fecit
1220 5419 1271 5461 ut
1302 5408 1631 5476 plautaretur
1656 5408 1961 5464 universum
1994 5426 2180 5480 genus,

614 5503 665 5558 id
690 5504 754 5557 ad
781 5516 1024 5573 magnam
1066 5500 1313 5570 redigeus
1344 5499 1716 5555 necessitatem
1744 5512 1801 5555 ut
1831 5516 1936 5556 non
1965 5502 2185 5557 divelle-

606 5604 752 5649 retur
783 5608 882 5649 nce
909 5601 1270 5662 separaretur.
1298 5592 1362 5646 Et
1383 5590 1554 5662 magis
1573 5590 1924 5656 contrahens,
1976 5592 2101 5647 fecit
2128 5604 2184 5649 ut

611 5699 827 5741 sorores
852 5696 905 5741 et
933 5685 1052 5740 ﬁlim
1083 5700 1185 5741 non
1217 5683 1443 5754 amplius
1480 5682 1802 5739 ducerentur
1838 5700 2030 5740 uxores
2055 5727 2070 5753 ,
2113 5702 2180 5741 ne

604 5793 792 5833 rursus
814 5778 1156 5839 dilectionem
1186 5779 1236 5833 in
1267 5792 1427 5832 unum
1458 5776 1920 5841 contraheremus,
1942 5788 1996 5834 et
2021 5780 2177 5836 aliter

2309 1108 2684 1161 separarentur
2734 1110 2764 1149 a
2805 1095 2958 1151 nobis
3004 1098 3152 1166 ipsis.
3180 1100 3467 1171 Propterea
3493 1107 3793 1185 dicebatzQu‘

2308 1184 2426 1252 fecit
2452 1183 2513 1236 ab
2545 1186 2707 1247 initio,
2741 1188 3019 1241 masculum
3042 1199 3089 1242 et
3117 1192 3357 1260 feminam
3382 1198 3493 1263 fecit
3530 1216 3603 1256 eos
3636 1183 3793 1274 (Matth.

2309 1274 2398 1330 l9.
2426 1277 2459 1330 4
2479 1273 2519 1346 ).
2564 1275 2749 1345 Magna
2775 1278 2916 1332 enim
2944 1295 3010 1333 ex
3034 1279 3116 1335 his
3138 1293 3429 1339 nascuntur
3459 1290 3582 1343 mala
3605 1273 3792 1369 etmagm

2311 1366 2445 1420 bona
2472 1378 2525 1421 et
2552 1367 2798 1422 domibus
2828 1380 2883 1423 et
2912 1370 3240 1428 civitatibus.
3273 1375 3415 1432 Nihil
3462 1382 3592 1435 enim
3630 1366 3793 1447 ηοειέυιι

2308 1457 2469 1512 vitam
2495 1475 2647 1529 atque
2675 1462 2992 1529 concinnat,
3030 1475 3087 1519 ut
3110 1482 3261 1521 amor
3290 1469 3388 1524 viri
3408 1480 3462 1526 et
3484 1476 3794 1554 mulieriszpm

2309 1564 2373 1606 eo
2400 1551 2549 1605 multi
2581 1567 2729 1606 arma
2757 1564 3000 1623 sumunt,
3032 1572 3126 1625 pro
3152 1574 3219 1614 eo
3249 1561 3407 1615 etiam
3438 1566 3689 1634 projiciunt
3720 1551 3794 1630 atti-

2308 1657 2470 1695 mam.
2494 1642 2608 1697 Non
2631 1645 2771 1698 enim
2798 1655 2998 1702 temere
3028 1648 3183 1719 hujus
3212 1651 3291 1705 rei
3318 1654 3532 1709 multam
3556 1673 3794 1734 curautges.

2307 1734 2378 1787 sit
2401 1734 2624 1800 Paulus,
2658 1746 2712 1791 et
2742 1737 2795 1791 in
2825 1753 2890 1792 eo
2924 1740 3099 1808 posuit
3128 1742 3359 1797 studium
3382 1785 3400 1811 ,
3431 1746 3604 1804 dicens
3635 1770 3645 1803 :
3671 1753 3793 1812 Mulie-

2308 1841 2387 1878 res
2417 1825 2535 1878 viris
2564 1827 2670 1881 suis
2698 1828 2910 1883 subdita:
2938 1832 3038 1885 sint
3066 1833 3194 1886 sicut
3221 1833 3459 1891 Domino.
3488 1839 3680 1907 Quare?
3705 1847 3795 1913 Quo-

2309 1917 2451 1971 niam
2473 1919 2517 1973 si
2540 1918 2592 1972 hi
2614 1918 2723 1974 sint
2761 1921 2814 1975 in
2860 1924 3178 1993 concordia,
3224 1935 3279 1982 et
3322 1940 3468 1986 recte
3500 1933 3683 1991 aluntur
3715 1939 3795 2004 filii,

2309 2018 2454 2064 ret-te
2494 2010 2721 2065 ordinati
2768 2023 2891 2067 sunt
2946 2016 3163 2081 famuli,
3213 2028 3267 2074 ct
3310 2020 3452 2077 bono
3498 2039 3659 2082 cut-um
3693 2030 3798 2086 odore

2309 2100 2557 2156 fruuntur
2580 2104 2760 2169 vieini,
2789 2106 3053 2177 amicique
3083 2122 3137 2163 et
3157 2114 3371 2183 cognati
3404 2132 3417 2167 :
3447 2115 3524 2170 sin
3549 2130 3696 2175 autem
3714 2138 3797 2176 con-

2309 2201 2411 2259 tra,
2435 2205 2745 2250 evertuntur
2774 2208 2826 2252 et
2852 2199 3253 2259 confunduntur
3277 2212 3478 2262 omnia.
3509 2210 3567 2265 Et
3593 2214 3703 2268 sicut
3722 2233 3797 2271 cum

2308 2285 2471 2343 duces
2497 2291 2763 2345 exercitus
2799 2291 2936 2346 inter
2965 2308 3025 2349 se
3059 2309 3242 2364 pacem
3282 2310 3481 2369 agunt,
3521 2307 3673 2360 omnia
3702 2325 3799 2364 suam

2308 2390 2525 2433 servant
2549 2384 3025 2451 consequentiam;
3059 2387 3176 2440 etsi
3219 2404 3409 2444 rursus
3457 2392 3531 2447 illi
3570 2400 3798 2463 turbentur,

2308 2483 2522 2525 sursum
2545 2481 2600 2526 et
2622 2472 2873 2527 deorsum
2895 2486 3125 2545 aguntur
3147 2479 3325 2533 omnia
3350 2497 3361 2532 :
3391 2481 3463 2534 ita
3492 2500 3617 2538 nunc
3639 2504 3797 2557 quoque.

2310 2559 2433 2616 [deo
2463 2562 2567 2629 ait,
2600 2561 2846 2618 Mulieres
2866 2566 2986 2620 viris
3018 2572 3124 2621 suis
3148 2569 3363 2623 subditae
3386 2572 3484 2625 sint
3503 2613 3517 2639 ,
3558 2578 3666 2629 sicut
3686 2577 3803 2633 Domi-

2309 2670 2373 2707 no
2403 2654 2421 2724 (
2447 2652 2559 2709 Col.
2589 2656 2643 2711 '5.
2676 2657 2745 2711 {8
2768 2658 2809 2727 ).
2851 2658 3008 2729 Papa:
3034 2662 3046 2714 ἓ
3078 2663 3346 2730 quomodo
3387 2680 3513 2736 ergo
3538 2666 3655 2723 dicis
3685 2673 3799 2726 alibi:

2308 2745 2419 2800 Nisi
2446 2748 2567 2817 quis
2596 2751 2984 2806 renuntiaverit
3010 2755 3162 2808 uxori
3188 2763 3242 2809 et
3268 2757 3384 2810 viro
3412 2798 3428 2822 ,
3459 2774 3558 2814 non
3586 2772 3724 2830 potest
3750 2782 3801 2819 me

2307 2841 2457 2911 sequi
2485 2840 2651 2912 (Luc.
2677 2844 2765 2899 M.
2817 2845 2968 2916 55)?
3009 2846 3061 2902 Si
3102 2849 3244 2903 enim
3286 2851 3479 2921 subjici
3510 2866 3691 2923 oportet
3721 2868 3802 2911 taut-

2314 2948 2471 3003 quam
2488 2933 2740 3005 Domino,
2763 2939 3031 3009 quomodo
3058 2940 3188 2996 dicit
3209 2944 3347 3013 quod
3368 2956 3583 3016 propter
3603 2949 3801 3005 Dominum

2312 3037 2559 3099 oporteat
2592 3030 2911 3088 discedere?
2932 3033 3001 3088 Et
3027 3050 3150 3090 vere
3169 3038 3391 3093 omnino
3413 3051 3645 3110 oportet:
3667 3046 3735 3099 sed
3765 3048 3802 3097 il-

2305 3117 2395 3173 lud
2419 3160 2435 3187 ,
2481 3113 2647 3188 sicut,
2694 3138 2799 3177 non
2835 3135 2917 3178 est
2943 3141 3153 3195 semper
3174 3130 3394 3183 omnino
3415 3135 3715 3202 mqualitatis.
3738 3141 3803 3192 Aut

2308 3211 2409 3268 hoc
2437 3213 2604 3268 dicit:
2640 3214 2933 3287 Sicutquaz
2972 3220 3153 3274 sciatis
3182 3222 3321 3290 qttod
3365 3224 3586 3283 Domino
3624 3232 3802 3284 servitis:

2304 3304 2444 3375 quod
2468 3305 2628 3360 etiam
2665 3306 2794 3362 dicit
2824 3308 2972 3375 alibi,
3002 3311 3141 3380 quod
3161 3313 3207 3366 si
3234 3331 3339 3368 ttou
3366 3328 3579 3387 propter
3606 3323 3801 3383 maritum.

2304 3393 2399 3449 sed
2430 3394 2483 3449 in
2508 3396 2693 3465 primis
2717 3407 2934 3466 propter
2966 3400 3249 3457 Dominum
3284 3422 3296 3457 :
3328 3416 3460 3473 aut,
3491 3409 3688 3474 Quando
3711 3413 3804 3465 cedis

2304 3484 2519 3553 marito,
2553 3497 2610 3542 ut
2639 3488 2861 3543 Domino
2890 3491 3154 3559 serviens,
3184 3502 3237 3549 te
3264 3496 3488 3569 obsequi
3515 3510 3646 3571 puta.
3670 3501 3803 3558 Namsi

2303 3576 2382 3643 Is,
2401 3580 2488 3646 qui
2517 3578 2596 3633 his
2626 3581 2844 3635 externis
2873 3583 3103 3638 civilibus
3130 3588 3319 3642 resistit
3348 3592 3725 3662 magistratibus,
3749 3595 3804 3647 lla

2306 3671 2487 3724 resistit
2512 3672 2827 3726 ordinationi
2855 3674 3041 3744 (Rom.
3078 3677 3163 3732 15.
3193 3678 3262 3749 2)
3288 3721 3301 3745 ,
3332 3684 3505 3738 multo
3549 3687 3694 3756 magis
3730 3703 3803 3755 qua:

2307 3766 2496 3821 marito
2528 3782 2632 3820 tton
2661 3768 2962 3836 subjicitur.
2999 3770 3086 3825 Sic
3120 3772 3259 3827 Deus
3287 3774 3457 3830 voluit
3480 3781 3547 3831 ab
3568 3779 3711 3835 initio.
3739 3780 3804 3834 Ρυο

2305 3870 2495 3909 namus
2521 3871 2649 3926 ergo
2676 3858 2846 3912 virum
2875 3860 3090 3929 quidem
3118 3863 3359 3919 ordinem
3388 3876 3445 3921 et
3488 3869 3649 3923 locum
3684 3881 3804 3924 tenere

2303 3948 2515 4019 Capitis,
2547 3950 2827 4006 mulierem
2874 3962 3052 4008 autem
3098 3958 3360 4025 corporis.
3421 3960 3618 4017 Deinde
3648 3964 3802 4016 etiam:

2303 4040 2601 4095 rationibus
2630 4042 2883 4106 ostendit,
2928 4045 3068 4114 quod
3099 4046 3179 4101 vir
3207 4048 3277 4101 sit
3310 4059 3475 4119 caput
3495 4053 3731 4119 mulieris,
3755 4054 3805 4105 iu-

2301 4131 2436 4201 quit,
2462 4131 2606 4187 Sicut
2637 4132 2867 4188 Christus
2890 4146 3046 4204 caput
3071 4149 3146 4191 est
3172 4137 3440 4208 Ecclesiaz,
3468 4153 3514 4197 et
3537 4144 3636 4212 ipse
3659 4154 3715 4197 est
3734 4146 3802 4197 δαι-
3862 4148 3863 4153 “

2302 4233 2445 4277 valor
2470 4226 2712 4294 corporis.
2747 4226 2852 4281 Sed
2879 4229 3006 4282 sicut
3031 4228 3260 4285 Ecclesia
3284 4235 3510 4302 subjecta
3546 4248 3613 4291 est
3636 4238 3802 4300 Christo,

2301 4316 2373 4369 ita
2399 4325 2445 4369 et
2474 4315 2708 4371 mulieres
2737 4319 2856 4372 viris
2883 4321 2990 4374 suis
3015 4322 3068 4375 in
3093 4324 3343 4380 omnibus.
3371 4326 3572 4383 Deinde
3595 4338 3799 4398 postquam

2301 4403 2452 4470 dixit,
2492 4406 2582 4459 Vir
2605 4419 2754 4475 caput
2778 4419 2850 4463 est
2868 4411 3112 4478 mulieris,
3131 4413 3262 4468 sicut
3286 4424 3333 4469 et
3357 4416 3581 4473 Christus
3600 4418 3799 4479 Ecclesia;

2300 4498 2471 4562 addit,
2503 4495 2573 4551 Et
2614 4500 2720 4571 ipse
2753 4512 2826 4554 est
2864 4501 3086 4558 salvator
3122 4509 3353 4576 corporis
3375 4528 3395 4564 :
3418 4521 3576 4582 caput
3612 4512 3725 4567 enim
3751 4526 3797 4565 es

2300 4592 2447 4646 salus
2484 4595 2745 4663 corporis.
2780 4595 2895 4650 Jam
2926 4599 3119 4654 marito
3144 4608 3201 4655 et
3244 4603 3401 4657 uxori
3448 4604 3574 4675 jecit
3602 4614 3797 4674 tamquam

2300 4681 2704 4738 fundamentum
2729 4687 3001 4743 caritatem
3041 4698 3097 4743 et
3120 4691 3505 4759 providentiam
3530 4736 3545 4762 ,
3588 4694 3799 4762 unicuique

2300 4770 2475 4827 locum
2504 4774 2741 4829 tribuens
2770 4778 3181 4834 convenientem
3202 4820 3217 4845 ,
3256 4785 3449 4839 marito
3484 4785 3678 4855 quidem
3700 4784 3799 4855 prino

2298 4863 2506 4933 cipatus
2528 4872 2581 4919 et
2608 4867 2957 4935 providentiae
2976 4909 2991 4933 ,
3023 4870 3173 4925 uxori
3196 4886 3321 4928 vero
3350 4874 3692 4944 subjectionis.

2367 4955 2421 5008 2.
2450 4955 2594 5009 Sicut
2621 4974 2739 5028 ergo
2771 4956 3003 5015 Ecclesia
3048 4962 3274 5031 subjecta
3304 4975 3373 5017 est
3404 4966 3634 5030 Christo;
3661 4965 3701 5020 id
3721 4974 3800 5024 est.

2302 5047 2395 5101 viri
2423 5056 2476 5102 et
2504 5049 2751 5105 mulieres
2779 5067 2791 5104 :
2824 5053 2895 5104 ita
2922 5054 3075 5107 etiam
3104 5057 3338 5111 mulieres
3364 5061 3559 5115 maritis
3580 5062 3690 5114 sicut
3712 5057 3799 5111 Deo.

2298 5137 2385 5193 '25.
2432 5138 2568 5205 Viri,
2597 5140 2791 5211 diligite
2830 5158 3011 5197 uxores
3042 5133 3228 5200 vestras
3250 5189 3262 5211 ,
3294 5149 3419 5201 sicut
3446 5160 3492 5203 et
3540 5151 3730 5205 Christus
3750 5148 3798 5197 dt-

2306 5230 2427 5283 lexit
2489 5230 2794 5287 Ecclesiam.
2853 5234 3117 5290 Audivisti
3177 5252 3438 5295 summam
3491 5242 3797 5298 dilectionem;

2298 5319 2523 5374 laudasti
2569 5330 2623 5377 et
2652 5322 2944 5379 admiratus
2970 5340 3031 5381 es
3074 5327 3290 5383 Paulum
3315 5372 3328 5394 ,
3359 5342 3418 5386 ut
3462 5334 3549 5403 qui
3593 5344 3797 5400 tamquam

2294 5412 2375 5466 vir
2415 5411 2743 5469 admirabilis
2768 5426 2823 5469 et
2870 5418 3167 5488 Spiritualis
3210 5434 3445 5478 nostram
3477 5427 3625 5479 vitam
3650 5420 3797 5479 consti-

2295 5514 2485 5559 tueret.
2521 5506 2702 5562 Recte.
2738 5507 2845 5564 Sed
2885 5510 3010 5564 audi
3082 5529 3200 5582 qua:
3246 5530 3274 5567 a
3325 5526 3374 5570 te
3420 5518 3621 5587 exigit:
3664 5528 3798 5569 rursus

2290 5598 2431 5651 enim
2465 5598 2651 5653 eodem
2681 5601 2847 5656 utitur
2890 5605 3178 5675 exemplo:
3218 5604 3363 5674 Viri,
3414 5609 3611 5679 inquit,
3655 5606 3797 5676 diligit:

2289 5705 2471 5743 uxores
2517 5700 2738 5757 vestras,
2783 5694 2912 5748 sicut
2958 5706 3005 5750 et
3051 5695 3282 5752 Christus
3326 5700 3498 5754 dilexit
3548 5700 3795 5756 Ecclesium.

2287 5780 2483 5838 Vidisti
2506 5798 2813 5843 mensuram
2836 5788 3195 5846 obedientia?
3216 5788 3354 5848 Audi
3376 5793 3529 5849 ctiam
3552 5800 3797 5853 mensuram
