3974 6580
222 431 330 486 13⁵1

212 538 553 594 dilectionis.
580 536 672 592 Vis
691 534 783 590 tibi
809 533 1027 589 obedire
1050 548 1298 599 uxorem,
1318 532 1451 587 sicut
1468 532 1680 587 Christo
1707 530 1811 585 Ec-

209 630 485 685 clesiam?
513 630 625 697 ipse
650 642 860 697 quoque
885 626 1002 694 ejus
1031 639 1213 680 curam
1243 639 1370 693 gere
1412 625 1550 678 sicut
1573 622 1817 678 Christus

210 723 519 777 Ecclesiae:
553 719 760 777 etiamsi
813 719 1046 773 animam
1094 733 1191 788 pro
1228 717 1341 786 ipsa
1386 718 1515 772 dare
1549 725 1813 787 oporteat,

207 814 437 869 etiamsi
468 811 667 867 millies
697 810 971 865 conscindi
997 849 1013 874 ,
1052 808 1262 863 etiamsi
1294 809 1521 878 quodvis
1549 809 1816 862 sustinere

209 916 271 962 et
299 905 460 977 pati,
492 918 599 956 non
633 901 943 965 recusabis;
973 910 1026 954 et
1056 901 1103 953 si
1136 899 1250 952 haec
1284 912 1471 968 passus
1500 897 1665 952 fueris
1689 940 1704 965 ,
1735 898 1813 951 ui-

215 1000 293 1053 hil
326 999 512 1053 adhuc
538 995 645 1050 tale
665 992 837 1048 fecisti
865 992 1025 1063 quale
1056 990 1325 1047 Christus.
1354 990 1488 1045 Nam
1514 998 1569 1044 tu
1598 991 1811 1061 quidem

213 1094 329 1165 jam
383 1092 707 1159 conjunctus
737 1087 852 1142 haec
881 1085 1050 1141 facis:
1085 1086 1174 1141 ille
1218 1095 1397 1140 autem
1448 1102 1546 1155 pro
1585 1101 1648 1140 ea
1694 1102 1812 1156 qum

214 1188 403 1256 ipsum
433 1193 714 1238 aversatur
739 1191 793 1236 et
833 1180 959 1235 odio
990 1171 1166 1234 habet.
1195 1179 1653 1248 Quemadmodum
1684 1194 1813 1249 ergo

212 1280 335 1348 ipse
366 1292 492 1332 eam
524 1290 642 1344 quae
689 1275 869 1344 ipsum
914 1271 1288 1338 aversabatur,
1316 1271 1608 1342 oderatque
1632 1282 1687 1328 et
1711 1272 1809 1328 de—

209 1366 451 1438 spicatui
487 1364 718 1420 habebat
756 1379 819 1419 ac
844 1363 1212 1432 conspuebat,
1240 1371 1295 1419 et
1322 1378 1417 1433 per
1456 1363 1729 1419 lasciviam
1760 1366 1808 1419 ei

207 1460 535 1521 insultabat,
570 1469 757 1526 magna
802 1471 897 1510 sua
950 1470 1074 1510 cura
1125 1456 1238 1510 suis
1278 1455 1507 1524 subjecit
1551 1456 1805 1524 pedibus,

206 1567 318 1605 non
378 1548 544 1603 minis
576 1562 676 1602 nec
721 1546 1063 1601 contumeliis
1109 1561 1283 1616 neque
1322 1558 1464 1601 metu
1496 1562 1669 1615 neque
1700 1547 1808 1601 ullo

204 1643 317 1697 alio
341 1638 614 1711 ejusmodi
641 1657 655 1693 :
690 1639 763 1693 ita
794 1646 847 1693 tu
875 1652 1086 1708 quoque
1116 1645 1166 1692 te
1195 1652 1320 1706 gere
1350 1653 1473 1707 erga
1502 1648 1646 1691 tuam
1674 1653 1807 1691 uxo-

206 1750 325 1791 rem
353 1751 367 1785 :
398 1732 614 1787 etiamsi
641 1745 757 1785 eam
790 1729 987 1784 videris
1012 1728 1395 1796 despicientem
1420 1770 1435 1795 ,
1467 1727 1680 1783 etiamsi
1711 1744 1806 1797 per

205 1826 492 1881 lasciviam
522 1824 868 1878 insultantem
891 1863 905 1885 ,
951 1821 1160 1877 etiamsi
1208 1830 1673 1885 contemnentem,
1712 1836 1806 1890 po-

207 1919 340 1973 teris
387 1916 562 1971 multa
608 1913 725 1984 ejus
752 1928 880 1968 cura
912 1920 966 1967 et
1011 1910 1384 1981 providentia,
1431 1911 1721 1967 dilectione
1750 1920 1804 1967 et

203 2007 449 2063 amicitia
502 2021 622 2062 eam
674 2004 779 2059 tuis
826 2002 1050 2073 pedibus
1100 2001 1385 2072 subjicere.
1432 2001 1575 2057 Nihil
1605 2010 1691 2057 est
1718 2002 1802 2057 his

205 2101 438 2156 vinculis
488 2099 657 2169 magis
707 2096 1078 2168 tyranuicum,
1130 2104 1185 2150 et
1232 2095 1463 2150 maxime
1510 2096 1704 2149 marito
1750 2104 1804 2150 et

205 2195 383 2248 usuri.
418 2192 556 2247 Nam
592 2188 848 2245 famulum
878 2187 1092 2259 quidem
1130 2187 1321 2256 peterit
1348 2187 1607 2257 quispiam
1657 2196 1800 2241 metu

203 2287 446 2355 alligare,
480 2284 592 2338 imo
637 2297 763 2336 vero
803 2296 869 2335 ne
914 2280 1061 2334 illum
1106 2278 1353 2349 quidem;
1387 2276 1615 2332 fortasse
1657 2278 1799 2332 enim

203 2380 412 2436 resiliet
456 2388 512 2435 et
561 2376 775 2431 abibit:
817 2375 937 2429 vita:
983 2381 1162 2428 autem
1220 2372 1458 2437 sociam,
1508 2371 1797 2426 liberorum

204 2484 432 2528 matrem
454 2512 469 2536 ,
501 2479 556 2525 ct
581 2485 700 2539 qua:
728 2477 807 2522 est
835 2480 992 2521 causa
1022 2474 1078 2520 et
1108 2464 1319 2518 occasio
1350 2462 1526 2517 omnis
1556 2462 1793 2528 laetitizc,

202 2580 311 2619 non
339 2571 559 2633 oportet
588 2571 733 2615 metu
763 2568 817 2612 et
862 2556 1021 2612 minis
1051 2556 1219 2627 ligare
1240 2597 1256 2622 ,
1291 2555 1386 2610 sed
1430 2555 1716 2609 dilectione
1744 2565 1799 2609 et

201 2658 513 2712 affectione.
538 2653 795 2721 Qurenam
820 2650 961 2705 enim
986 2657 1069 2705 est
1090 2648 1414 2718 conjunctio,
1433 2647 1643 2717 quando
1664 2662 1799 2701 uxor

198 2746 545 2803 exltorrescit
571 2742 855 2798 maritum?
876 2741 1116 2808 Quanam
1143 2748 1320 2794 autem
1348 2738 1619 2808 voluptate
1650 2737 1794 2793 frue-

199 2852 295 2895 tur
328 2841 446 2910 ipse
476 2837 728 2902 maritus,
757 2850 877 2890 cum
909 2849 1075 2889 uxore
1103 2832 1349 2887 habitans
1381 2841 1648 2902 tamquam
1673 2848 1792 2887 cum

196 2930 402 2985 ancilla
425 2970 440 2993 ,
470 2938 523 2984 et
552 2944 655 2982 non
688 2940 961 2997 tamquam
990 2939 1110 2979 cum
1141 2923 1352 2979 libera?
1380 2924 1444 2977 Et
1471 2924 1513 2978 si
1544 2923 1668 2993 quid
1696 2937 1795 2993 pro

197 3038 261 3077 ea
306 3035 501 3091 passus
546 3017 713 3074 fueris
739 3060 753 3085 ,
787 3034 853 3072 ne
898 3016 1231 3086 exprobres:
1266 3031 1440 3084 neque
1470 3017 1611 3070 enim
1639 3015 1795 3070 Chri-

199 3122 316 3168 stus
360 3111 468 3166 hoc
512 3111 678 3166 fecit:
733 3108 798 3163 Et
842 3108 1063 3176 seipsum
1111 3108 1322 3161 tradidit
1371 3125 1464 3178 pro
1492 3125 1571 3162 ea.
1601 3107 1693 3162 26.
1726 3106 1793 3162 Ut

199 3205 341 3258 illam
372 3203 739 3271 sanctiﬁcaret.
787 3199 918 3254 Erat
962 3214 1089 3267 ergo
1119 3197 1392 3253 immunda
1412 3240 1429 3264 ,
1464 3206 1615 3254 erant
1645 3198 1696 3252 in
1727 3213 1789 3253 ea

204 3297 389 3350 sordes
418 3306 474 3350 et
504 3293 752 3357 maculae,
781 3301 898 3346 erat
926 3292 1099 3361 turpis
1124 3306 1186 3346 ac
1214 3290 1470 3346 deformis
1489 3332 1503 3356 ,
1534 3291 1656 3344 vilis
1675 3299 1792 3345 erat

200 3397 255 3443 et
298 3388 533 3457 abjecta.
580 3384 985 3453 Quamcumque
1033 3398 1163 3453 ergo
1212 3383 1485 3452 acceperis
1531 3397 1786 3448 uxorem,

203 3495 304 3535 non
350 3480 516 3534 talem
562 3476 795 3546 accipies
836 3490 1128 3545 sponsam,
1169 3476 1384 3545 qu‘alem
1410 3475 1656 3529 Christus
1688 3475 1787 3530 Ec-

201 3572 453 3637 clesiam,
478 3583 654 3639 neque
680 3582 799 3639 qum
824 3582 852 3621 a
880 3575 931 3621 te
961 3575 1167 3621 tantum
1197 3566 1373 3633 absit,
1403 3575 1660 3636 quantum
1687 3566 1791 3621 Ec-

202 3663 360 3719 clesia
393 3677 426 3716 a
465 3661 726 3716 Christo:
772 3658 869 3714 sed
923 3668 1099 3712 tamen
1148 3673 1254 3712 non
1296 3667 1376 3711 est
1413 3658 1787 3724 abominatus,

204 3771 297 3811 nec
320 3770 445 3810 eam
470 3753 596 3809 odio
620 3751 804 3807 habuit
835 3752 1054 3821 propter
1074 3765 1338 3804 summam
1365 3748 1784 3806 deformitatem.

207 3847 291 3902 Vis
306 3846 499 3902 audire
517 3845 634 3915 ejus
649 3842 1083 3899 deformitatem?
1100 3842 1221 3897 audi
1245 3842 1465 3897 l’aulum
1483 3843 1749 3898 dicentem
1773 3862 1787 3898 :

207 3940 372 3995 Eratis
399 3940 537 3994 enim
564 3936 836 4005 aliquando
864 3935 1077 3989 tenebrte
1115 3934 1330 4005 (Ephes.
1354 3936 1409 3990 5.
1434 3936 1514 4006 8).
1544 3934 1789 3990 Vidistin‘

204 4033 313 4101 ejus
368 4028 650 4085 atrorem?
701 4028 825 4097 quid
869 4034 952 4082 est
1002 4025 1170 4080 atrius
1229 4027 1501 4083 tenebris?
1546 4027 1792 4083 Vidistin’

208 4120 516 4176 audaciam?
551 4118 619 4173 In
663 4118 942 4187 pravitate,
998 4118 1198 4188 inquit,
1231 4127 1276 4170 et
1324 4118 1514 4172 invidia
1560 4119 1792 4191 degentes

208 4216 225 4282 (
252 4214 351 4269 Tit.
385 4216 443 4269 '5.
474 4214 511 4267 3
537 4220 557 4283 )
629 4210 764 4266 Vide
816 4210 1205 4264 immunditiam
1232 4229 1245 4266 :
1278 4209 1663 4277 lnobedientes,
1710 4213 1791 4265 in-

207 4307 461 4373 sipientes.
507 4301 648 4370 Quid
689 4310 866 4355 autem
914 4299 1073 4355 dico?
1115 4310 1170 4355 et
1213 4302 1373 4355 stulta
1413 4310 1530 4355 erat
1574 4311 1629 4357 et
1670 4317 1788 4357 ma-

209 4397 371 4452 ledica
411 4413 426 4450 :
457 4404 510 4450 et
545 4402 719 4448 tamen
750 4402 871 4448 cum
922 4403 1025 4445 tam
1054 4393 1219 4446 multa
1250 4392 1301 4446 in
1330 4407 1393 4447 ea
1420 4401 1620 4459 essent,
1651 4401 1790 4446 tam-

208 4505 357 4557 quam
391 4501 493 4557 pro
521 4486 794 4556 speciosa,
826 4494 1095 4554 tamquam
1127 4499 1223 4554 pro
1248 4484 1441 4540 dilecta
1465 4526 1480 4552 ,
1514 4494 1787 4556 tamquam

214 4598 299 4651 pro
342 4578 663 4637 admiranda
688 4620 702 4643 ,
750 4579 821 4632 ita
853 4578 1090 4647 seipsum
1136 4577 1359 4632 tradidit
1400 4592 1498 4647 pro
1538 4577 1788 4633 deformi.

212 4677 313 4733 iluc
343 4675 549 4729 mirans
586 4672 797 4727 dicebat
832 4672 1062 4735 Paulus,
1104 4669 1203 4724 Vis
1231 4670 1364 4724 enim
1396 4687 1488 4740 pro
1508 4671 1653 4741 justo
1679 4672 1791 4741 quis

212 4769 449 4820 morietur
477 4764 496 4831 (
520 4765 670 4818 Rom.
703 4762 756 4818 5.
786 4763 820 4816 7
849 4761 906 4833 );
948 4770 1002 4815 et
1031 4775 1246 4828 rursus,
1281 4761 1343 4815 Si
1366 4777 1481 4815 cum
1506 4778 1598 4815 nos
1623 4762 1791 4815 adhuc

214 4867 491 4925 peccatores
538 4870 792 4919 essemus,
842 4852 1076 4908 Christus
1128 4868 1219 4922 pro
1266 4853 1408 4908 nobis
1448 4863 1522 4908 est
1565 4862 1793 4909 mortuus

215 4948 381 5017 (Ibid.
423 4964 471 5002 υ.
501 4947 552 5002 8.
588 4948 679 5016 9).
712 4947 928 5001 Etcum
960 4946 1124 5000 talem
1177 4947 1505 5016 accepisset,
1546 4962 1662 5002 eam
1706 4962 1796 5002 or-

216 5050 299 5094 nat
335 5051 391 5094 et
425 5040 596 5105 lavat,
629 5047 685 5093 et
730 5054 798 5093 ne
850 5038 951 5092 hoc
996 5037 1209 5108 quidem
1262 5047 1493 5093 recusat.
1531 5038 1599 5092 Ut
1644 5038 1786 5092 illaut

215 5132 551 5200 saneti/icaret
575 5171 591 5195 ,
632 5130 884 5182 mundana
910 5129 1112 5183 lavacro
1143 5144 1288 5200 aqua:
1322 5130 1373 5183 in
1402 5129 1579 5193 verba,
1610 5130 1701 5183 27.
1734 5140 1789 5183 ut

218 5224 460 5277 exhiberet
487 5224 595 5293 ipse
619 5222 714 5275 sibi
742 5222 1023 5289 gloriosam
1051 5222 1331 5277 Ecclesium
1351 5263 1365 5287 ,
1398 5240 1498 5277 non
1528 5223 1791 5277 habentem

218 5316 465 5369 maculam
487 5357 499 5377 ,
528 5323 615 5366 aut
638 5331 817 5384 rugam
841 5355 856 5381 ,
885 5322 973 5366 aut
998 5312 1191 5383 aliquid
1221 5314 1503 5385 ejusmodi,
1531 5315 1620 5368 sed
1644 5325 1698 5368 ut
1723 5315 1787 5369 sit

218 5416 384 5459 sancta
429 5415 477 5459 et
508 5403 856 5461 immaculata.
903 5402 1141 5457 Lavacro
1183 5405 1324 5457 lavat
1362 5407 1477 5472 ejus
1507 5404 1792 5460 immundi-

218 5496 360 5551 tiam.
390 5496 456 5550 In
486 5496 670 5561 verba,
725 5495 917 5565 inquit.
964 5494 1207 5562 Quonam
1222 5486 1253 5547 ’ἶ
1288 5495 1343 5549 In
1376 5497 1594 5551 nomine
1621 5496 1796 5552 Patris

218 5597 266 5642 et
308 5588 431 5643 Filii
461 5598 517 5642 et
562 5587 795 5658 Spiritus
835 5588 1030 5642 sancti.
1061 5588 1169 5643 Nec
1197 5588 1369 5643 solum
1398 5604 1515 5643 cam
1545 5592 1793 5659 ornavit,

223 5679 307 5732 sed
351 5680 479 5734 fecit
515 5679 842 5749 gloriosam,
895 5678 1018 5733 Non
1069 5680 1332 5734 habentem
1374 5682 1661 5748 maculam,
1712 5691 1798 5736 aut

222 5785 389 5839 rugam
409 5814 421 5835 ,
454 5779 544 5824 aut
570 5770 767 5841 aliquid
809 5771 1079 5841 ejusmodi.
1113 5771 1179 5827 Et
1207 5787 1307 5827 nos
1335 5788 1462 5842 ergo
1489 5788 1795 5843 quaeramus

224 5863 347 5919 hanc
371 5864 850 5937 pulchritudinem,
876 5875 929 5920 et
956 5867 1249 5936 poterimus
1273 5880 1391 5922 esse
1414 5867 1529 5938 ejus
1551 5867 1787 5939 opifices.

1154 422 1218 478 IN
1261 420 1477 478 EPIST.
1520 419 1609 475 AD
1650 418 1889 477 EPHES.
1932 420 2083 476 CAP.
2128 422 2191 477 ν.
2234 424 2459 483 HOMIL.
2502 429 2618 484 XX.

3408 446 3504 502 138

1928 531 2236 628 Nequmras
2262 537 2330 591 ab
2361 555 2527 597 uxore
2555 560 2675 612 quae
2704 562 2808 601 non
2850 558 2976 604 sunt
3002 550 3137 621 ejus.
3168 552 3327 612 "Vides
3361 564 3501 628 quod

1923 638 1953 677 a
1999 625 2227 717 Domino
2273 633 2450 685 omnia
2484 633 2732 692 habuerit
2775 640 3054 699 Ecclesia:
3088 645 3156 702 ab
3200 648 3317 717 ipso
3363 625 3499 707 facta

1922 721 2007 767 cst
2032 715 2260 782 gloriosa
2286 760 2303 784 ,
2331 720 2398 774 ab
2428 723 2542 792 ipso
2569 724 2705 781 facta
2732 739 2811 783 cst
2838 732 2954 787 sine
2984 715 3315 794 maculaaNe
3341 756 3498 798 aver-

1922 805 2058 861 seris
2083 822 2311 906 uxorem
2359 824 2578 906 propter
2623 817 3044 880 deformitatem.
3074 829 3211 885 Audi
3249 833 3465 906 Scriptu

1920 909 2035 987 ram
2064 896 2329 955 dicentem
2357 919 2369 955 :
2402 901 2574 959 Parva
2620 907 2673 961 in
2702 910 2985 968 volucribus
3030 918 3176 987 apis,
3211 932 3258 976 et
3296 896 3498 980 iuilium

1920 986 2242 1082 dulcedinum
2271 1003 2345 1045 est
2388 994 2584 1063 fructus
2626 999 2736 1067 ejus
2778 1000 2968 1074 (Is'ccli.
3019 986 3106 1063 li.
3152 1011 3234 1082 5).
3280 1015 3370 1070 Dei
3416 1030 3499 1074 est

1918 1076 2225 1146 figmentum
2252 1100 2266 1132 :
2300 1099 2407 1138 non
2460 1087 2607 1142 illam
2639 1097 2964 1149 contumelia
3014 1076 3222 1170 aflicis',
3251 1106 3347 1161 sed
3372 1100 3495 1164 eum

1917 1167 2007 1236 qui
2030 1168 2201 1237 ipsam
2230 1173 2378 1229 fecit.
2411 1176 2548 1243 Quid
2578 1190 2699 1248 agat
2728 1183 2962 1239 mulier?

1987 1259 2240 1362 lit-uxore
2267 1268 2391 1362 quid
2414 1274 2765 1339 querendum.
2787 1306 2860 1317 —-
2877 1278 2955 1334 Ne
2986 1281 3129 1337 illam
3160 1286 3346 1347 laudes
3373 1308 3496 1362 pro-

1917 1359 2034 1419 pter
2059 1351 2245 1409 formae
2270 1357 2588 1428 elegantiam
2619 1379 2632 1416 :
2664 1364 3057 1435 iiupudicarum
3085 1351 3389 1436 animarum
3411 1396 3494 1439 est
3517 1413 3528 1425 ο

1913 1450 1967 1541 et
1996 1441 2195 1541 laus-et
2222 1446 2350 1501 illud
2382 1450 2598 1519 odium,
2629 1463 2683 1508 et
2733 1458 2844 1525 ipsa
2876 1460 3113 1517 dilectio.
3146 1466 3337 1534 Qutere
3376 1475 3495 1541 pul-

1910 1534 2270 1593 chritudinem
2333 1542 2575 1599 animae:
2634 1546 2843 1604 imitare
2906 1566 3163 1621 spensum
3215 1534 3488 1621 Ecclesiae.

1912 1626 2147 1683 Externa
2178 1632 2517 1699 pulchritudo
2538 1636 2693 1707 plena
2723 1649 2806 1694 est
2833 1648 3155 1713 arrogantia:
3181 1660 3234 1705 et
3261 1653 3495 1711 insolen-

1912 1718 2033 1817 ti.e‘,
2062 1729 2116 1774 ct
2146 1721 2313 1791 injicit
2346 1726 2397 1779 in
2427 1727 2749 1798 zelotypiam
2769 1775 2782 1793 ,
2815 1743 2869 1788 et
2900 1752 3042 1806 saepe
3074 1748 3130 1795 te
3162 1741 3287 1797 facit
3316 1749 3491 1817 suSpi-

1908 1811 2016 1907 cari
2046 1816 2472 1907 rem‘absurdam
2500 1829 2552 1874 rt
2585 1833 2816 1892 turpem.
2841 1830 2904 1881 ΑΙ
2935 1829 3095 1887 habet
3120 1811 3442 1907 voluptatem
3464 1844 3489 1896 ἵ

1910 1900 2088 1972 Usque
2115 1905 2179 1960 ad
2214 1907 2441 1975 primum
2475 1920 2527 1965 ct
2557 1916 2851 1972 secundum
2883 1936 3124 1979 mensem
3148 1967 3164 1992 ,
3197 1900 3290 1983 aut
3317 1933 3487 2001 pluri-

1908 2008 2052 2049 mum
2080 2010 2249 2088 usque
2276 1998 2341 2053 ad
2374 2015 2573 2056 annum
2595 2046 2609 2070 ,
2655 2006 2850 2064 deinde
2895 2026 3002 2067 non
3033 2019 3265 2087 amplius
3289 1998 3428 2088 ,‘sed
3455 2043 3486 2082 a

1905 2087 2291 2143 consuetudine
2334 2095 2616 2149 marcescit
2644 2098 2959 2157 miraculum
2992 2122 3007 2158 :
3047 2122 3165 2176 quae
3207 2128 3335 2167 vero
3366 2131 3488 2185 pro-

1904 2184 2022 2245 pter
2049 2178 2497 2246 pulchritudinem
2530 2186 2668 2242 mala
2695 2188 3047 2263 advenerunt,
3078 2178 3378 2269 remanent,
3408 2208 3486 2261 f'a-

1904 2275 2052 2333 stus,
2105 2273 2407 2340 arrogantia
2455 2284 2509 2330 et
2550 2288 2912 2350 contemptus.
2948 2286 3004 2340 In
3052 2304 3112 2343 ca
3145 2304 3321 2349 autem
3368 2314 3487 2367 quae

1906 2376 2009 2416 non
2063 2373 2146 2417 est
2186 2364 2483 2433 ejusmodi,
2516 2370 2646 2425 nihil
2680 2375 2817 2441 tale;
2849 2378 2943 2433 sed
2991 2385 3184 2439 merito
3214 2401 3365 2443 amor
3383 2364 3481 2446 in-

1900 2452 2104 2552 cipiens
2133 2454 2285 2510 valde
2314 2469 2595 2526 permanet
2615 2503 2630 2527 ,
2664 2466 2917 2533 quoniam
2956 2478 3042 2525 est
3068 2475 3482 2542 pulchritudinis

1900 2551 2093 2597 ammte
2110 2585 2123 2608 ,
2158 2559 2263 2598 non
2302 2551 2572 2617 corporis.

1972 2634 2025 2726 ξ’).
2059 2634 2245 2690 Uxoris
2275 2640 2479 2707 optima:
2503 2640 2663 2697 dotes.
2696 2675 2768 2684 —-
2798 2647 2891 2704 llic
2936 2652 3065 2707 mihi
3091 2697 3106 2720 ,
3155 2658 3285 2726 quid
3311 2670 3395 2716 est
3422 2663 3474 2719 in

1899 2724 2031 2779 czelo
2047 2725 2237 2819 melius
2257 2738 2306 2782 et
2328 2733 2701 2798 prmstautius?
2729 2738 2863 2804 Quid
2892 2742 3079 2798 iuelius
3095 2724 3288 2805 astris?
3310 2751 3483 2819 Quod-

1899 2830 2127 2886 cumque
2166 2818 2366 2875 dixeris
2406 2838 2637 2893 corpus,
2672 2842 2775 2883 non
2803 2840 2883 2885 est
2909 2832 3044 2888 adeo
3068 2836 3281 2905 album;
3322 2859 3482 2914 quos-

1897 2923 2124 2979 cumque
2149 2911 2348 2967 dixoris
2376 2917 2582 2982 oculos,
2612 2935 2715 2975 non
2738 2934 2862 2978 sunt
2882 2926 3018 2981 adeo
3043 2930 3150 2984 laeti
3173 2940 3228 2987 et
3253 2911 3497 2995 hilares.‘

1898 2999 1992 3055 llis
2025 3011 2204 3061 autem
2228 3007 2424 3061 creatis
2449 3008 2609 3063 etiam
2634 3014 2809 3081 angeli
2837 3025 2963 3070 sunt
2988 3018 3267 3087 admirati;
3299 3037 3354 3081 et
3382 3043 3480 3084 nos

1896 3108 2107 3163 quoque
2138 3111 2280 3152 nunc
2310 3098 2603 3169 miramur,
2647 3103 2741 3159 sed
2773 3120 2879 3160 non
2911 3109 3051 3164 sicut
3079 3111 3147 3165 ab
3177 3114 3345 3171 initio.
3376 3119 3477 3174 Ta-

1896 3185 1961 3240 lis
1982 3187 2124 3241 enim
2150 3203 2234 3242 res
2254 3200 2337 3247 est
2357 3195 2694 3250 consuetudo
2721 3215 2735 3251 :
2764 3213 2867 3253 non
2892 3200 3141 3259 similiter
3159 3208 3472 3278 stupefacit;

1892 3288 2092 3347 quanto
2118 3282 2285 3351 magis
2316 3285 2367 3337 iu
2401 3286 2662 3342 muliere?
2690 3287 2784 3344 Sin
2811 3300 2994 3348 autem
3030 3298 3249 3354 morbus
3274 3316 3465 3373 super-

1894 3371 2137 3445 venerit,
2173 3382 2340 3429 totum
2371 3378 2552 3432 statim
2584 3380 2784 3435 evolat.
2828 3384 3144 3449 Quaeramus
3174 3406 3204 3445 a
3250 3371 3478 3453 muliere

1896 3460 2358 3533 benevolentiam,
2415 3469 2775 3538 modestiam,
2824 3476 3283 3552 moderationem,
3339 3486 3474 3542 leui-

1900 3562 2060 3647 tatem
2091 3564 2145 3647 et
2172 3555 2556 3647 benignitatem
2587 3578 2599 3614 :
2631 3562 2746 3620 lucc
2774 3576 2898 3619 sunt
2923 3568 3069 3638 signa
3101 3584 3155 3626 et
3180 3586 3323 3630 notae
3355 3579 3475 3647 pul-

1895 3642 2239 3700 chritudinis.
2260 3648 2377 3703 Non
2392 3664 2694 3720 quaeramus
2706 3663 2883 3710 autem
2901 3661 3141 3730 corporis
3157 3642 3473 3734 elegantiam

1895 3752 1957 3794 ac
2006 3748 2365 3807 venustatem,
2420 3757 2522 3798 nec
2575 3760 2693 3800 eam
2738 3748 3100 3817 vituperemus
3128 3770 3347 3827 propter
3376 3778 3470 3828 ea,

1895 3845 2016 3899 quae
2060 3846 2165 3885 non
2198 3832 2362 3889 habet
2390 3834 2441 3888 iu
2490 3845 2791 3904 potestate;
2822 3840 2930 3896 imo
2958 3860 3091 3901 vero
3116 3862 3217 3904 nec
3256 3857 3474 3911 omnino

1895 3925 2293 4016 vituperemus;
2336 3927 2618 3984 audacium
2664 3932 2807 3985 enim
2858 3932 2910 3987 id
2956 3946 3070 4003 est;
3117 3955 3291 4011 neque
3332 3961 3475 4016 aegre

1895 4014 2150 4070 feramus.
2182 4021 2374 4073 Annon
2423 4018 2618 4077 videtis
2660 4038 2821 4091 quam
2851 4027 3002 4082 multi
3027 4068 3044 4095 ,
3075 4033 3164 4100 qui
3195 4048 3317 4090 cum
3363 4014 3477 4094 for—

1896 4106 2060 4161 mosis
2103 4108 2421 4163 mulieribus
2466 4109 2807 4179 habitarent,
2860 4119 3242 4178 miserabiliter
3268 4140 3300 4181 e
3337 4128 3472 4185 vivis

1895 4198 2273 4252 excesserunt?
2296 4215 2453 4269 quam
2482 4203 2634 4257 multi
2680 4215 2856 4260 autem
2889 4224 3010 4263 cum
3042 4227 3148 4268 non
3180 4217 3331 4273 valde
3359 4219 3471 4276 for-

1894 4289 2099 4353 mosis,
2130 4305 2252 4344 cum
2300 4292 2464 4346 multa
2518 4294 2788 4364 voluptate
2835 4298 2901 4352 ad
2950 4311 3247 4360 extremam
3301 4325 3471 4380 usque

1894 4390 2220 4437 senectutem
2253 4387 2654 4452 pervenerunt?
2685 4387 2885 4443 Sordes
2926 4391 3162 4449 internas
3208 4412 3474 4471 expurge-

1897 4486 2034 4537 mus,
2065 4489 2221 4542 rugas
2250 4489 2369 4543 qua:
2400 4485 2523 4529 sunt
2558 4476 2700 4531 intus
2728 4479 3044 4548 evellamus,
3080 4485 3328 4543 tollamus
3354 4508 3473 4547 ma-

1896 4564 2044 4619 culas
2068 4581 2188 4635 quae
2213 4576 2338 4620 sunt
2369 4567 2422 4620 in
2462 4569 2661 4622 anima.
2694 4568 2876 4626 Talem
2928 4573 3069 4629 Deus
3098 4580 3317 4648 requirit
3352 4586 3472 4653 pul-

1895 4657 2291 4712 chritudinem:
2330 4659 2471 4726 Deo,
2522 4676 2629 4714 non
2676 4663 2829 4717 nobis
2872 4680 2990 4720 eam
3034 4669 3320 4727 reddamus
3349 4678 3471 4747 pul-

1897 4749 2102 4803 chram.
2135 4748 2249 4804 Non
2279 4764 2580 4819 quaeramus
2612 4754 2885 4821 pecunias,
2917 4771 3025 4812 non
3051 4770 3348 4833 externam,
3379 4770 3475 4824 scd

1896 4857 2017 4911 quae
2046 4850 2129 4896 est
2174 4842 2227 4897 in
2271 4842 2486 4910 anima,
2533 4844 2892 4902 nobilitatem.
2924 4848 3098 4907 Nemo
3146 4859 3378 4924 patiatur
3423 4872 3475 4916 ut

1898 4934 2099 4990 ditetur
2127 4952 2156 4989 a
2184 4935 2410 4991 muliere
2434 4952 2447 4990 :
2480 4944 2665 5006 turpes
2693 4938 2834 4993 enim
2859 4950 2915 4996 et
2943 4944 3216 5012 probrosa:
3242 4960 3365 5005 sunt
3396 4953 3478 5007 lue

1899 5027 2135 5083 divitiae:
2170 5044 2341 5098 neque
2369 5032 2591 5083 omuino
2633 5041 2835 5101 quaerat
2882 5034 3144 5106 quispiam
3192 5040 3313 5098 hinc
3343 5042 3485 5099 dite-

1902 5135 2073 5175 scere.
2108 5118 2248 5173 Nam
2272 5120 2357 5190 qui
2382 5120 2552 5175 volunt
2578 5138 2684 5176 esse
2707 5122 2906 5192 divites,
2925 5126 3152 5183 incidunt
3171 5131 3224 5187 in
3246 5137 3482 5187 tentatio-

1903 5229 2048 5278 nent,
2073 5221 2118 5266 el
2146 5213 2199 5265 in
2245 5212 2495 5266 desideria
2536 5214 2740 5267 inutilia
2767 5225 2813 5268 et
2864 5219 3048 5284 noxia,
3077 5230 3122 5272 et
3162 5226 3212 5274 in
3244 5222 3449 5289 laqueos
3470 5266 3484 5284 .

1903 5318 1947 5361 et
1986 5309 2039 5359 in
2066 5308 2272 5362 exilium
2302 5316 2347 5359 et
2372 5307 2425 5360 in
2454 5308 2709 5360 interitum
2736 5310 2811 5378 (l.
2843 5309 2972 5365 Tim.
3006 5314 3058 5366 6.
3090 5314 3165 5383 9).
3196 5318 3275 5369 Ah
3320 5332 3487 5372 uxore

1886 5417 2032 5472 ergo
2052 5417 2120 5455 ne
2142 5416 2351 5471 quteras
2380 5400 2587 5466 capiam
2621 5401 2881 5470 pecuni;e,
2914 5414 2969 5457 et
2997 5404 3096 5458 alia
3128 5406 3305 5460 οιιιηίτι
3334 5409 3485 5464 facile

1904 5493 2164 5549 invenies.
2192 5492 2344 5560 Quis,
2363 5491 2688 5560 dic,oua:so,
2717 5493 2951 5559 dimissis
2976 5495 3044 5549 iis
3073 5512 3192 5564 qua:
3217 5508 3338 5552 sunt
3361 5516 3488 5569 prte-

1907 5587 2084 5656 cipua,
2115 5585 2386 5639 minorum
2422 5599 2603 5638 curam
2643 5586 2826 5654 geret?
2865 5586 2969 5640 Sed
2995 5625 3014 5651 ,
3047 5585 3138 5641 hei
3172 5588 3332 5643 mihi!
3373 5591 3488 5646 lure

1910 5680 2064 5734 nobis
2093 5692 2306 5747 semper
2332 5675 2656 5731 usuveuiunt
2675 5717 2693 5740 ,
2721 5685 2775 5729 et
2815 5678 2884 5729 ita
2914 5675 3183 5733 aflicimur
3212 5696 3225 5732 ε
3268 5691 3323 5736 et
3353 5683 3396 5737 si
3424 5685 3489 5738 li-

1908 5772 2037 5826 lium
2078 5769 2389 5834 habeamus,
2420 5782 2527 5822 non
2556 5766 2791 5821 studium
2818 5768 3065 5837 ponimus
3090 5779 3147 5824 ut
3169 5770 3363 5827 evadat
3390 5775 3486 5829 ho-

1915 5878 2014 5921 nus
2037 5903 2054 5932 ,
2096 5862 2190 5922 sed
2216 5871 2270 5918 ut
2299 5862 2347 5918 ei
2379 5860 2597 5916 divitem
2636 5859 2960 5932 accipiamus
2999 5880 3252 5933 uxorem;
3287 5882 3393 5924 non
3435 5879 3493 5924 ut
