3960 6500
204 429 293 481 L39
1083 413 1148 471 IN
1190 414 1411 470 EPIST.
1451 413 1542 468 AD
1571 409 1811 468 EPIIES.
1841 409 1996 466 CAP.
2037 412 2080 465 ν
2120 411 2352 472 HOMIL.
2396 417 2512 472 XX.

203 557 388 612 στερον,
409 537 496 591 καὶ
510 532 786 604 δικαίωμα
807 531 1015 604 ἕτερον.
1047 531 1253 586 Ἐκεῖνο
1276 533 1377 603 μὲν
1401 532 1510 603 γὰρ
1534 531 1638 584 οὑκ
1665 525 1734 599 ἦν

197 627 374 695 πολλῆς
387 623 645 691 ἀνάγκης·
673 621 758 674 ἵνα
773 619 879 691 γὰρ
898 620 969 690 μή
985 636 1067 684 τις
1085 618 1237 691 εἴπῃ,
1253 619 1488 682 Ἐκεῖνος
1503 619 1546 671 Χ
1556 616 1735 689 ριστὸς

195 710 274 778 ἦν,
288 711 377 766 καὶ
391 709 518 772 Θεὸς
537 704 628 779 ἦν,
647 707 740 760 καλ⁸
756 707 946 760 ἑαυτὸν
967 707 1304 777 παρέδωκεν,
1320 705 1586 778 ἑτέρωθεν
1605 703 1736 758 αὑτὸ

197 796 450 872 μεθοδεύει
485 795 671 848 λοιπὸν
693 834 708 858 ,
743 793 917 862 λέγων
943 808 958 822 ⁸
993 793 1194 862 Οὕτως
1230 795 1590 863 ὀφείλουσιν
1627 808 1641 823 ο
1673 791 1733 843 οὑ

194 887 288 958 γάρ
313 884 466 955 χάρις
481 883 601 936 ἐστὶ
625 881 687 934 τδ
713 882 970 952 πρᾶγμα,
1018 881 1136 934 ἀλλ’
1164 881 1380 951 ὀφειλὴ.
1404 879 1611 944 Εἰπὼν,
1651 879 1734 942 ώς

192 975 256 1029 τά
287 970 506 1026 ἑαυτῶν
536 969 798 1038 σώματα,
837 970 1116 1039 ἐπήγαγεν
1140 1009 1156 1035 ,
1182 969 1393 1034 Οὐδεὶς
1429 967 1543 1038 γάρ
1576 980 1722 1020 ποτε

191 1061 298 1128 τὴν
315 1056 528 1112 ἑαυτοῦ
571 1054 771 1124 σάρκα
803 1056 1130 1124 ἐμίσησεν,
1175 1055 1314 1110 ἀλλ’
1338 1054 1606 1123 ἐκτρέφει
1637 1050 1734 1104 καί

191 1149 386 1205 θάλπει
428 1145 641 1211 αὐτήν.
687 1145 969 1207 Τουτέστι,
1011 1142 1306 1214 θεραπεύει
1369 1142 1508 1213 μετὰ
1537 1142 1737 1211 πολλῆς

188 1236 276 1304 τῆς
291 1232 625 1304 ἐπιμελείας.
657 1233 769 1286 Καὶ
791 1232 909 1296 πῶς
940 1231 1105 1285 αὑτοῦ
1131 1231 1246 1284 ἑστι
1271 1229 1442 1302 σάρξς
1476 1231 1676 1284 ’Ἄκουε
1718 1245 1731 1258 ·

194 1322 352 1378 Τοῦτο
399 1320 520 1374 νῦν
575 1318 802 1373 ὀστοῦν
846 1318 918 1372 ἐκ
964 1316 1085 1371 τῶν
1139 1317 1338 1372 ὀστῶν
1380 1334 1522 1387 μου,
1557 1317 1732 1388 φησὶ,

186 1408 275 1463 καί
325 1406 479 1475 σὰρξ
511 1406 582 1460 ἐκ
621 1405 734 1475 τῆς
783 1406 1016 1474 σαρκός
1050 1422 1192 1475 μου.
1219 1405 1330 1459 Καὶ
1351 1405 1412 1457 οὑ
1437 1404 1598 1458 τοῦτο
1637 1404 1735 1475 μό-

188 1512 288 1559 νον,
326 1492 458 1546 ἀλλὰ
493 1494 588 1546 καὶ
613 1532 632 1556 ,
669 1494 957 1546 Ἔσονται
976 1533 993 1559 ,
1025 1492 1210 1562 φησὶν,
1233 1494 1321 1558 είς
1349 1493 1547 1560 σάρκα
1564 1492 1734 1560 μίαν.

185 1581 372 1646 Καθὼς
399 1579 498 1633 καὶ
533 1582 566 1633 ὀ
592 1577 739 1652 [H7]
764 1578 1017 1648 Χριστὸς
1033 1578 1312 1650 ἠγάπησε
1336 1578 1452 1647 τὴν
1483 1581 1735 1646 Ἐκκλη-

184 1672 333 1724 σίαν.
371 1669 494 1722 Ἐπὶ
520 1667 582 1722 τὸ
607 1667 821 1738 πρῶτον
852 1653 1157 1737 ὑπόδειγμα
1179 1663 1366 1737 ἦλθεν.
1402 1668 1534 1722 Ὀτι
1566 1666 1724 1736 μέλη

181 1757 352 1827 ἐσμὲν
381 1753 490 1808 τοῦ
536 1754 810 1822 σώματος
866 1753 1079 1821 αὐτοῦ,
1132 1755 1202 1809 ἐκ
1238 1753 1350 1822 τῆς
1377 1754 1606 1822 σαρκὸς
1627 1755 1734 1806 αὑ-

184 1843 296 1905 τοῦ,
323 1841 418 1895 καί
455 1842 526 1896 ἐκ
553 1840 672 1896 τῶν
720 1839 920 1895 ὀστῶν
971 1842 1180 1898 αὐτοῦ.
1237 1842 1364 1906 Πῶς
1397 1859 1420 1908 ς
1461 1842 1594 1895 ’Δπὸ
1622 1840 1734 1912 γὰρ

181 1931 266 2000 τῆς
299 1930 567 2000 ἡμετέρας
591 1929 813 1998 γέγονεν
844 1929 998 2001 ὑλης,
1022 1929 1211 2001 ὥσπερ
1251 1932 1346 1984 καὶ
1379 1933 1414 2000 ἡ
1449 1928 1563 1982 Εὕα
1597 1928 1736 2000 σὰρξ

181 2018 276 2070 ἀπὸ
323 2017 416 2086 τῆς
476 2018 678 2088 σαρκὸς
740 2017 836 2072 τοῦ
883 2018 1074 2090 Ἀδάμ.
1114 2017 1310 2082 Καλῶς
1355 2017 1413 2072 δὲ
1439 2016 1613 2071 ὀστῶν
1637 2017 1736 2070 καὶ

185 2103 366 2172 σαρκὸς
421 2105 796 2175 ἐμνημόνευσε
822 2122 837 2138 ο
867 2104 1035 2159 ταῦτα
1085 2105 1195 2176 γάρ
1231 2107 1382 2158 ἐστιν
1413 2105 1471 2158 ὲν
1505 2105 1637 2175 ἡμῖν
1664 2104 1734 2159 τὰ

181 2188 469 2261 κυριώτερα
494 2230 513 2257 ,
545 2191 745 2262 σάρκες
793 2192 888 2245 καὶ
943 2191 1078 2246 ὀστᾶ
1111 2208 1126 2224 ο
1161 2190 1230 2245 τά
1283 2193 1384 2262 μὲν
1429 2189 1617 2263 ὥσπερ
1650 2206 1734 2252 τις

179 2277 352 2348 τρόπις
399 2277 754 2348 ὑποκείμενα,
811 2279 882 2332 τὰ
933 2279 991 2332 δὲ
1039 2279 1227 2350 ὥσπερ
1253 2278 1554 2350 οἰκοδομία.
1595 2278 1733 2332 Ἀλλ’

177 2369 336 2421 ἐκεῖνο
383 2367 485 2439 μὲν
529 2368 685 2440 δῆλον
711 2383 724 2397 ’
770 2368 929 2422 τοῦτο
968 2369 1025 2422 δὲ
1065 2368 1178 2432 πῶς
1213 2385 1228 2434 ;
1266 2369 1479 2439 Ὠσπερ
1497 2369 1613 2421 ἐκεῖ
1642 2385 1736 2422 το-

177 2453 332 2524 σαύτη
368 2454 611 2525 ὲγγύτης
647 2456 818 2520 ἐστὶν,
871 2455 1036 2522 οὔτω,
1068 2457 1222 2526 φησὶ,
1247 2456 1341 2509 καὶ
1381 2453 1634 2509 ἐνταῦθα.
1669 2456 1734 2508 Τί

177 2544 327 2604 ἐστιν,
379 2543 448 2595 ἐκ
493 2540 604 2610 τῆς
643 2543 871 2611 σαρκὸς
911 2543 1136 2609 αὺτοῦ;
1191 2543 1469 2606 Τουτέστι,
1497 2543 1733 2611 γνησίως

176 2629 229 2692 ἐξ
263 2629 442 2682 αὑτοῦ.
469 2630 580 2682 Καὶ
609 2629 726 2687 πῶς
747 2628 840 2682 τοῦ
873 2629 1108 2700 Χριστοῦ
1148 2629 1284 2700 μέλη
1316 2628 1492 2693 οὕτως
1525 2631 1729 2700 ὲσμέν;

179 2716 285 2769 Ὀτι
299 2716 416 2769 κατ’
436 2716 600 2769 αὑτὸν
621 2717 984 2787 γεγενήμεθα.
1005 2718 1114 2771 Καὶ
1134 2717 1252 2780 πῶς
1276 2719 1342 2770 ὲκ
1373 2717 1472 2788 τῆς
1497 2719 1696 2786 σαρκός
1715 2735 1730 2784 ;

178 2804 306 2855 Ἵστε
335 2803 447 2856 ὅσοι
481 2803 738 2873 μετέχετε
763 2803 1078 2875 μυστηρίων
1112 2819 1125 2833 ⁸
1161 2805 1226 2858 ὲκ
1256 2803 1446 2857 τούτου
1486 2804 1594 2873 γὰρ
1639 2804 1732 2856 εὑ-

172 2890 296 2954 θέως
330 2891 800 2962 άναπλαττόμεθα.
836 2893 947 2944 Καὶ
1005 2892 1155 2958 πῶς;
1195 2893 1362 2946 Πάλιν
1407 2893 1584 2953 ἄκουε,
1637 2893 1731 2946 τοῦ

176 2979 430 3048 μακαρίου
485 2978 677 3031 τούτου
716 2979 1008 3048 λέγοντος-’
1053 2979 1218 3034 Ἐπεὶ
1247 2980 1362 3034 οὖν
1407 2981 1480 3034 τὰ
1525 2981 1734 3035 παιδιά

174 3065 564 3135 κεκοινώνηκε
595 3069 826 3135 σαρκὸς
861 3067 960 3120 καί
989 3067 1259 3136 αἵματος,
1292 3069 1732 3136 παραπλησίως

173 3152 260 3206 καί
289 3153 472 3220 αὐτὸς
510 3155 778 3224 μετέσχε
807 3153 928 3208 τῶν
955 3153 1174 3208 αὐτῶν.
1215 3154 1355 3207 Ἀλλ’
1380 3154 1616 3209 ἐνταῦθα
1638 3155 1734 3208 αὐ-

175 3240 255 3302 τὸς
299 3241 428 3310 ἡμῖν
458 3241 824 3311 ἐκοινώνησεν
844 3281 860 3306 ,
893 3242 990 3312 οὑχ
1018 3244 1178 3312 ἡμεῖς
1195 3242 1344 3311 αὑτῷ
1367 3259 1381 3273 ο
1403 3243 1522 3304 πῶς
1549 3239 1642 3296 οὖν
1667 3244 1730 3296 ὲκ

172 3328 258 3398 τῆς
295 3329 500 3398 σαρκὸς
542 3329 710 3383 αὑτοῦ
753 3332 943 3400 ἐσμεν,
977 3332 1068 3384 καὶ
1096 3333 1160 3384 ὲκ
1184 3331 1293 3384 τῶν
1325 3331 1498 3384 ὀστῶν
1526 3331 1729 3397 αὑτοῦ;

172 3414 312 3478 Τινὲς
345 3417 404 3468 τὸ
432 3410 581 3486 αἷμά
613 3433 745 3484 φασι
775 3419 871 3470 καὶ
899 3418 960 3470 τὸ
1001 3417 1175 3488 ὕδωρ,
1205 3419 1304 3471 οὐκ
1337 3417 1452 3471 ἐστι
1483 3418 1541 3472 δέ
1561 3436 1576 3450 ο
1615 3419 1730 3472 ἀλλ’

171 3502 292 3574 ὅπερ
316 3503 510 3575 δηλοῦν
539 3504 820 3575 βούλεται,
858 3505 1018 3559 τοῦτό
1059 3508 1229 3572 ἐστιν,
1261 3507 1344 3560 ὅτι
1380 3506 1569 3578 ὥσπερ
1600 3508 1732 3562 ἄνευ

174 3593 441 3656 συνουσίας
478 3596 682 3657 ἐκεῖνος
728 3593 1052 3664 γεγέννηται
1103 3597 1168 3649 ὲκ
1198 3597 1516 3663 Πνεύματυς
1547 3597 1730 3666 ἁγίου,

174 3678 303 3730 οὕτω
335 3679 426 3732 καὶ
447 3681 613 3750 ἡμεῖς
641 3680 958 3752 γεννώμεθα
981 3683 1038 3735 ὲν
1063 3681 1139 3748 τῷ
1163 3681 1392 3754 λουτρῷ.
1427 3685 1568 3754 Ὅρα
1590 3685 1734 3743 πόσα

172 3767 554 3839 ὑποδείγματα,
572 3770 711 3822 ὥστε
725 3770 1082 3840 πιστευθῆναι
1107 3771 1207 3842 τὴν
1223 3771 1475 3843 γέννησιν
1491 3774 1730 3845 ἐκείνην..

172 3855 229 3906 Ὠ
260 3855 354 3924 τῆς
381 3857 572 3921 ἀνοίας
586 3857 694 3911 τῶν
726 3859 1052 3930 αίρετικῶνί
1089 3859 1150 3912 τὸ
1192 3860 1294 3930 ἡδη
1317 3861 1504 3930 τεχθὲν
1523 3863 1583 3928 ἐξ
1605 3862 1731 3916 ὑδα-

167 3959 270 4006 τος,
319 3945 398 3996 ὅτι
430 3944 699 4009 τίκτεται,
755 3945 1002 4016 γέννημα
1055 3945 1309 4016 ἀληθινὸν
1331 3943 1683 4018 ὁμολογοῦσιν
1711 3967 1724 3981 ·

170 4030 244 4082 ὅτι
286 4030 339 4082 δὲ
373 4031 656 4102 γινώμεθα
689 4032 854 4088 αὑτοῦ
882 4033 1086 4102 σῶμα,,
1114 4035 1175 4086 οὐ
1199 4033 1463 4104 δέχονται.
1505 4037 1600 4090 ‘Av
1622 4039 1730 4091 τοί-

171 4136 256 4172 νυν
297 4119 450 4172 τοῦτο
511 4120 586 4191 μὴ
629 4119 932 4190 γινώμεθα,
973 4120 1090 4185 πῶς
1116 4123 1345 4194 ἁρμόσει
1378 4124 1458 4190 τὸ,
1498 4125 1592 4178 Ἐκ
1617 4126 1729 4195 τῆς

170 4208 382 4275 σαρκὸς
411 4208 624 4273 αὐτοῦ,
655 4209 752 4263 καί
771 4211 842 4264 ἐκ
873 4209 991 4264 τῶν
1014 4212 1244 4266 ὀστέων
1265 4212 1475 4279 αὑτοῦ,
1502 4213 1729 4286 λεγόμε-

170 4309 284 4360 νον;
312 4295 512 4348 Σκόπει
549 4296 607 4348 δέ
633 4311 647 4326 ο
683 4296 924 4368 ἐπλάσθη
953 4300 981 4350 6
1027 4299 1216 4369 Ἀδὰμ,
1273 4300 1465 4370 ἐτέχθη
1526 4302 1554 4354 6
1594 4304 1725 4374 Χρι·

173 4381 288 4443 στός
310 4398 324 4412 ·
353 4385 413 4436 ὲκ
431 4384 538 4453 τῆς
570 4383 812 4456 πλευρᾶς
842 4385 936 4442 τοῦ
975 4386 1146 4456 Ἀδὰμ
1171 4387 1388 4457 είσῆλθε
1434 4389 1634 4459 φθορὰ,
1663 4393 1728 4443 ὲκ

173 4468 266 4537 τῆς
289 4471 515 4541 πλευρᾶς
551 4472 644 4525 τοῦ
689 4472 926 4543 Χριστοῦ
957 4474 1296 4546 ὲπὴγασενὴ
1333 4474 1444 4546 ζωή
1470 4491 1484 4506 ο
1522 4478 1580 4529 ὲν
1617 4494 1722 4530 πα-

177 4557 391 4629 ραδείσῳ
427 4560 732 4630 ἐϐλάστησε
763 4561 989 4624 θάνατος
1008 4602 1022 4628 ,
1057 4563 1117 4615 ὲν
1141 4561 1222 4631 τῷ
1255 4562 1474 4634 σταυρῷ
1497 4563 1660 4617 αὑτοῦ
1692 4565 1726 4636 ἡ

171 4645 430 4717 ἀναίρεσις
459 4648 709 4716 γέγονεν.

230 4861 292 4916 δ’.
338 4861 426 4925 Ὠς
455 4859 549 4917 οῦν
579 4866 606 4917 ὀ
633 4866 761 4930 Υἱὸς
789 4868 882 4920 τοῦ
915 4868 1048 4923 Θεοῦ
1069 4871 1166 4940 τῆς
1192 4872 1459 4943 ἡμετέρας
1492 4873 1725 4942 φύσεως,

180 4949 340 5014 οὕτως
375 4954 538 5022 ἡμεῖς
570 4953 670 5023 τῆς
693 4955 882 5019 οὐσίας
915 4957 1104 5010 αὑτοῦ·
1144 4961 1236 5011 καὶ
1259 4959 1332 5022 ώς
1355 4962 1503 5030 ἡμᾶς
1527 4962 1729 5027 ἐκεῖνος

169 5036 271 5104 ἔχει
323 5039 380 5090 ὲν
421 5039 630 5109 ἐαυτῷ,
665 5040 806 5095 οὑτω
862 5044 955 5096 καὶ
1020 5046 1176 5113 ἡμεῖς
1223 5046 1383 5098 αὑτὸν
1438 5047 1632 5118 ἔχομεν
1671 5052 1728 5103 έν

169 5125 308 5191 ἡμῖν.
337 5125 497 5178 Ἀντί
554 5129 767 5181 τούτου
829 5132 1174 5198 καταλείψει
1243 5132 1556 5201 ἅνθρωπος
1623 5136 1729 5190 τόν

168 5209 381 5280 πατέρα
453 5215 638 5268 αὑτοῦ
707 5215 805 5268 καί
876 5217 990 5283 τὴν
1048 5217 1276 5286 μητέρα
1362 5221 1573 5286 αὐτοῦ,
1628 5223 1726 5279 καί

167 5300 770 5363 προσκολληθήσεται
798 5301 950 5366 πρὸς
976 5301 1092 5368 τὴν
1113 5303 1365 5370 γυναῖκα
1388 5306 1597 5370 αὐτοῦ,
1630 5308 1728 5361 καί

167 5382 402 5437 ἔσονται
447 5389 502 5440 οἱ
553 5387 662 5440 δύο
685 5391 773 5453 εἰς
811 5389 1007 5456 σάρκα
1052 5393 1218 5460 μίαν.
1270 5393 1398 5446 Ἰδοὺ
1430 5395 1524 5448 καὶ
1547 5397 1728 5467 τρίτον

164 5468 428 5543 δικαίωμα
453 5490 468 5503 °
508 5473 745 5528 δείκνυσι
766 5475 895 5545 γάρ,
923 5477 1004 5529 ὅτι
1031 5480 1157 5542 τοὺς
1187 5482 1625 5552 γεννησαμένους
1645 5503 1728 5550 τις

165 5561 312 5626 ἁψὶς
345 5565 442 5615 καὶ
472 5564 529 5628 ἐξ
551 5557 626 5617 ὧν
658 5564 778 5634 ἔφυ,
811 5566 991 5638 ἐκείνῃ
1028 5569 1400 5638 συμπλέκεται
1437 5588 1452 5601 ο
1481 5574 1574 5626 καὶ
1610 5575 1722 5628 λοι-

168 5648 259 5701 πὸν
287 5652 320 5720 ἡ
357 5651 497 5722 σὰρξ
529 5655 557 5705 6
584 5654 766 5726 πατὴρ
796 5656 944 5725 καὶὴ
985 5659 1167 5728 μήτηρ
1226 5659 1320 5712 καὶ
1350 5662 1378 5712 6
1427 5665 1555 5725 παῖς
1581 5663 1728 5716 ἐστιν

168 5735 226 5786 ἐκ
263 5737 361 5806 τῆς
409 5739 673 5811 ἐκατέρου
709 5743 994 5808 συνουσίας
1040 5747 1410 5817 συγκραθεῖσα
1437 5765 1449 5778 ο
1478 5752 1570 5802 καὶ
1619 5753 1726 5822 γάρ

166 5824 428 5892 μιγέντων
475 5827 580 5881 τῶν
631 5831 979 5902 σπερμάτων,
1024 5831 1258 5887 τίκτεται
1291 5836 1318 5887 6
1360 5839 1485 5900 παῖς
1515 5855 1526 5868 ο
1582 5838 1719 5893 ὣστε

3305 422 3422 481 ιιι)

1841 528 1968 592 τοὺς
1996 533 2144 600 τρεῖς
2179 544 2204 572 α
2232 528 2370 587 εἶναι
2403 534 2531 604 μίαν
2553 535 2747 606 σάρκα.
2777 533 2962 599 Οῦτως
2983 528 3076 589 οὖν
3095 537 3251 606 ἡμεῖς
3272 539 3406 610 πρὸς

1837 611 1927 665 τὸν
1981 615 2213 685 Χριστὸν
2253 619 2510 689 γινόμεθα
2535 620 2632 691 μία
2681 619 2818 691 σὰρξ
2839 620 2926 674 διὰ
2955 621 3242 692 μετουσίας
3268 639 3282 654 ⁸
3314 626 3408 678 καὶ

1837 700 2016 771 πολλῷ
2044 703 2245 772 μᾶλλον
2275 707 2457 775 ἡμεῖς,
2489 706 2521 777 ἡ
2563 707 2622 760 τὸ
2649 709 2880 762 παιδίον.
2907 708 2971 760 Τί
3001 710 3066 780 δὴ
3099 726 3252 776 ποτε;
3283 713 3408 765 Ὅτι

1837 787 1898 852 ἐξ
1923 789 2098 860 ἀρχῆς
2123 790 2266 846 οὕτω
2288 792 2501 861 γέγονε.
2534 795 2624 865 Mf}
2655 812 2743 864 μοι
2774 795 2919 864 λέγε,
2947 797 3030 850 ὅτι
3057 796 3233 850 τοιάδε
3266 799 3404 862 ἐστί,

1837 876 1931 928 καὶ
1948 878 2124 932 τοιάδε
2157 879 2321 932 ἐστίν.
2354 880 2466 950 Οὑχ
2490 882 2643 952 ὁρᾷς,
2665 882 2746 934 ὅτι
2777 882 2872 935 καὶ
2894 884 2951 934 ὲν
2965 884 3031 952 τῇ
3052 882 3217 953 σαρκὶ
3237 883 3412 937 πολλά.

1837 962 2032 1033 ἔχομεν
2055 963 2440 1036 ὲλαττώματα;
2487 969 2546 1020 '0
2579 969 2676 1038 μὲν
2705 953 2814 1039 γάρ
2843 970 2958 1022 ἐστι
2981 968 3169 1039 χωλὸς,
3200 971 3230 1022 6
3254 969 3309 1022 δὲ
3328 969 3407 1022 δι-

1836 1053 2246 1122 εστραμμένους
2266 1054 2375 1125 ἔχει
2408 1057 2533 1120 τοὺς
2571 1057 2758 1124 πόδας,
2791 1057 2976 1128 ἕτερος
3001 1059 3186 1128 χεῖρας
3216 1055 3415 1128 ξηρὰς,

1837 1138 1995 1202 ἄλλος
2026 1141 2154 1195 ἄλλο
2181 1159 2237 1195 τι
2280 1143 2439 1214 μέλος
2493 1143 2722 1208 ἀσθενές
2745 1162 2760 1176 ο
2803 1145 2899 1198 καὶ
2938 1145 3086 1214 ὅμως
3127 1146 3227 1198 οὑκ
3252 1144 3408 1213 ἀλγεῖ

1834 1227 1956 1280 οὑδὲ
1981 1229 2264 1290 ἐκκόπτει,
2305 1230 2441 1283 ἀλλὰ
2464 1232 2557 1286 καὶ
2581 1231 2900 1304 προτίθησιν
2939 1230 3094 1302 [148ὶ
3127 1231 3258 1284 αὐτὸ
3280 1231 3407 1284 πολ-

1835 1312 1992 1378 λάκις
2036 1315 2130 1368 τοῦ
2161 1316 2350 1370 ἄλλουο
2381 1318 2606 1382 εἰκότως
2639 1333 2653 1349 ο
2688 1318 2853 1372 αὑτοῦ
2891 1319 3000 1388 γάρ
3034 1319 3202 1373 ἐστιν.
3233 1319 3412 1390 Ὅσην.

1833 1401 2012 1456 τοίνυν
2072 1403 2299 1468 ἕκαστος
2333 1405 2468 1476 πρὸς
2508 1405 2700 1460 ἑαυτὸν
2726 1406 2946 1477 ἀγάπην
2963 1406 3098 1476 ἔχει,
3125 1405 3406 1476 τοσαύτην

1836 1490 1972 1560 πρὸς
1993 1490 2092 1561 τὴν
2111 1495 2345 1560 γυναῖκα
2381 1495 2527 1564 ἡμᾶς
2552 1495 2799 1566 βούλεται
2822 1495 2964 1565 ἔχειν
2995 1511 3009 1524 ’
3057 1495 3156 1564 οὑχ
3184 1497 3267 1549 ὅτι
3300 1495 3405 1564 φύ-

1837 1593 1973 1639 σεως
1999 1579 2128 1648 μιᾶς
2153 1579 2536 1651 κοινωνοῦμεν,
2560 1581 2696 1635 ἀλλὰ
2719 1581 2880 1634 πλέον
2907 1580 3066 1635 τοῦτο
3089 1584 3222 1653 ἡμῖν
3243 1582 3304 1634 τὸ
3327 1583 3410 1636 διο

1837 1663 2054 1734 καίωμα
2074 1665 2136 1718 τὸ
2162 1665 2300 1736 πρὸς
2328 1667 2426 1738 τὴν
2445 1671 2701 1736 γυναῖκα,
2735 1668 2924 1739 ἐπειδὴ
2961 1668 3146 1721 οὑκέτι
3172 1668 3267 1721 δύο
3298 1667 3410 1721 εἰσὶ

1837 1749 2084 1819 σώματα,
2112 1751 2227 1806 ἀλλ’
2249 1753 2329 1816 ἓν,
2363 1754 2392 1808 6
2415 1754 2514 1824 μὲν
2547 1755 2758 1827 κεφαλὴ
2787 1753 2884 1821 ὢν,
2914 1757 2948 1826 ἡ
2981 1756 3038 1810 δὲ
3074 1755 3255 1826 σῶμα.
3287 1754 3404 1808 Καὶ

1837 1837 1952 1900 πῶς
1994 1855 2158 1909 φησιν
2187 1839 2444 1911 ἀλλαχοῦ,
2471 1840 2718 1910 Κεφαλὴ
2759 1841 2828 1895 δὲ
2855 1841 3116 1910 Χριστοῦ
3147 1843 3179 1896 ό
3221 1842 3404 1908 Θεόςί

1836 1923 2006 1978 Τοῦτο
2052 1927 2146 1979 καὶ
2199 1927 2310 1995 ἐγώ
2357 1945 2518 1998 φημι,
2548 1929 2628 1982 ὃτι
2671 1929 2859 2001 ὥσπερ
2911 1929 2970 1982 ἓν
3009 1929 3166 2000 σῶμα
3217 1933 3401 2001 ἡμεῖς,

1833 2013 1975 2068 οὑτω
2009 2015 2103 2068 καὶ
2123 2017 2151 2069 6
2177 2017 2409 2088 Χριστὸς
2437 2019 2530 2072 καὶ
2562 2021 2591 2072 6
2624 2020 2811 2090 Πατὴρ
2835 2019 2914 2076 ἒν.
2938 2020 3265 2091 Εὑρίσκεται
3296 2021 3406 2091 ἄρα

1835 2103 1928 2155 καὶ
1949 2105 1976 2156 ό
2024 2103 2211 2176 Πατὴρ
2235 2104 2442 2178 κεφαλὴ
2461 2105 2620 2176 ἡμῶν
2648 2104 2746 2163 ὢν.
2777 2108 2881 2160 Δύο
2903 2107 3118 2178 τίθησιν
3149 2107 3404 2176 ὑποδείγ-

1838 2212 2005 2263 ματα,
2066 2196 2127 2249 τδ
2178 2196 2270 2250 τοῦ
2333 2196 2585 2266 σώματος
2605 2239 2620 2260 ,
2649 2199 2744 2253 καὶ
2780 2199 2840 2252 τὸ
2887 2199 2981 2252 τοῦ
3012 2199 3252 2270 Χριστοῦ
3279 2217 3294 2232 ο
3323 2199 3406 2253 διὸ

1835 2282 1928 2334 καὶ
1957 2282 2171 2350 ἐπάγειο
2215 2284 2283 2336 Τὸ
2304 2285 2640 2353 μυστήριον
2667 2285 2843 2339 τοῦτο
2875 2286 3029 2356 μέγα
3056 2287 3267 2341 ἐστίν·
3289 2287 3406 2358 ἐγὼ

1834 2368 1903 2422 δὲ
1930 2370 2084 2440 λέγω
2123 2373 2211 2437 είς
2235 2372 2489 2440 Χριστὸν
2505 2374 2600 2426 καί
2641 2375 2728 2439 είς
2760 2372 2874 2443 τὴν
2911 2374 3302 2442 Ἐκκλησίαν.
3337 2373 3406 2429 Τί

1835 2456 1951 2508 ἐστι
1977 2456 2174 2522 τοῦτο;
2206 2459 2364 2526 Μέγα
2417 2460 2713 2530 μυστήριον
2756 2459 2888 2512 αὑτό
2927 2477 3113 2530 φησιν,
3149 2461 3230 2514 ὅτι
3260 2461 3404 2531 μέγα

1835 2559 1888 2594 τι
1915 2544 2006 2596 καὶ
2033 2544 2341 2615 θαυμαστὸν
2379 2546 2642 2616 ᾐνίξατοό
2676 2549 2943 2618 μακάριος
2973 2547 3237 2617 Μωῦσῆς,
3266 2548 3402 2618 μᾶλ-

1834 2629 1925 2682 λον
1949 2629 2006 2682 δὲ
2035 2633 2063 2684 6
2113 2631 2245 2694 Θεός
2277 2649 2292 2662 ο
2321 2631 2461 2695 τέως
2523 2633 2728 2703 μέντοι,
2760 2636 2863 2698 Εἰς
2912 2633 3190 2700 Χριστόν,
3243 2633 3398 2703 φησὶ,

1833 2719 2008 2786 λέγω,
2043 2719 2126 2771 ὅτι
2152 2720 2248 2772 καὶ
2281 2719 2442 2784 αὑτὸς
2473 2721 2562 2774 τὸν
2595 2720 2814 2792 Πατέρα
2839 2721 2997 2790 ἀφεὶς
3027 2721 3286 2790 κατῆλθε,
3308 2724 3403 2776 καὶ

1833 2799 1965 2875 ἦλθε
1999 2805 2136 2876 πρὸς
2163 2807 2260 2874 τὴν
2300 2807 2540 2878 νύμφην,
2577 2809 2670 2860 καὶ
2704 2807 2919 2876 ἐγένετο
2950 2809 3029 2871 είς
3052 2808 3270 2879 πνεῦμα
3301 2809 3364 2864 ἓν
3383 2824 3398 2840 ·

1847 2891 1909 2945 '0
1935 2892 2318 2962 κολλώμενος
2360 2893 2468 2965 γὰρ
2497 2893 2576 2960 τῷ
2628 2896 2838 2962 Κυρίῳ,
2869 2893 2939 2948 έν
2988 2894 3224 2966 πνεῦμά
3247 2897 3399 2951 ἐστι.

1832 2980 1941 3034 Καὶ
1963 2981 2142 3044 καλῶς
2159 2977 2300 3034 εἷπε·
2315 2981 2477 3052 Μέγα
2491 2983 2830 3052 μυστήριόν
2842 2983 3030 3036 ἐστιν’
3045 2983 3120 3046 ὼς
3138 2983 3202 3035 ἂν
3217 2984 3264 3036 εί
3286 2983 3401 3037 ἔλε-

1831 3083 1917 3135 γε·
1942 3068 2091 3138 Πλὴν
2131 3066 2244 3120 ἀλλ’
2265 3069 2362 3138 οὑχ
2387 3070 2421 3138 ἡ
2459 3069 2755 3139 ἀλληγορία
2797 3070 3092 3140 ἀνατρέπει
3127 3074 3226 3141 τὴν
3263 3071 3401 3140 ἀγά-

1832 3171 1959 3224 πην.
2007 3155 2179 3224 Πλὴν
2221 3157 2320 3209 καὶ
2378 3155 2547 3225 ὑμεῖς
2568 3159 2624 3210 οἱ
2661 3158 2788 3210 καθ’
2825 3156 2966 3222 ἕνα,
2997 3157 3258 3224 ἕκαστος
3288 3157 3404 3222 τὴν

1831 3241 2048 3297 ἑαυτοῦ
2078 3242 2333 3313 γυναῖκα
2353 3243 2540 3309 οὕτως
2569 3243 2870 3313 ἀγαπάτω,
2899 3245 2978 3311 ὡς
3011 3245 3248 3306 ἑαυτόνο
3269 3246 3307 3315 ἠ
3334 3245 3402 3300 δὲ

1831 3331 1986 3400 γυνή
2025 3332 2125 3385 ἵνα
2161 3331 2415 3400 φοϐῆται
2451 3331 2560 3384 τὸν
2583 3331 2792 3400 ἄνδρα.
2827 3333 3032 3396 Ὄντως
3056 3331 3164 3403 γὰρ
3187 3374 3204 3398 ,
3235 3333 3404 3398 ὅντως

1835 3417 2134 3489 μυστήριόν
2163 3419 2303 3483 ἐστι,
2329 3420 2423 3472 καὶ
2445 3418 2586 3488 μέγα
2624 3419 2943 3489 μυστήριον,
2973 3420 3057 3474 ὃτι
3085 3419 3176 3472 τὸν
3199 3419 3398 3488 φύντα,

1829 3505 1920 3558 τὸν
1940 3505 2362 3576 γεννησάμενον,
2393 3507 2482 3558 τὸν
2502 3505 2970 3576 ἀναθρεψάμενον,
3003 3505 3101 3576 τὴν
3139 3507 3390 3579 ώδινήσα-

1833 3610 1954 3660 σαν,
1980 3593 2076 3665 τὴν
2111 3593 2625 3663 ταλαιπωρηθεῖσαν
2670 3593 2849 3660 ἀφεὶς,
2891 3595 3018 3658 τοὺς
3057 3595 3125 3647 τὰ
3164 3595 3400 3650 τοσαῦτα

1831 3683 2332 3752 εὐεργετήσαντας,
2361 3682 2486 3745 τοὺς
2528 3683 2586 3733 ἐν
2628 3683 2885 3752 συνηθείᾳ
2933 3684 3278 3752 γενομένους,
3330 3687 3397 3755 τῇ

1835 3770 1972 3840 μηδὲ
2025 3769 2273 3842 ὀφθείσῃ,
2317 3770 2451 3838 μηδὲ
2499 3770 2673 3822 κοινόν
2706 3787 2760 3822 τι
2819 3769 3014 3842 ἐχούσῃ
3054 3771 3188 3838 πρὸς
3238 3771 3401 3826 αὑτὸν

1831 3857 2252 3930 προσκολλᾶται,
2289 3857 2384 3909 καὶ
2425 3856 2642 3910 πάντων
2682 3857 2852 3928 αὐτὴν
2881 3860 3143 3929 προτιμᾷ.
3168 3860 3394 3930 Μυστή-

1832 3962 1944 4015 ριον
1976 3943 2144 4007 ὅντως
2171 3943 2308 3996 ἐστί.
2336 3943 2510 3996 Καὶοὶ
2529 3946 2706 4012 γονεῖς
2741 3943 2945 3997 τούτων
2970 3945 3268 4014 γινομένων
3297 3948 3398 3999 οὑκ

1829 4031 2118 4102 ἄχθονται,
2153 4031 2290 4084 ἀλλὰ
2325 4031 2400 4103 μὴ
2433 4032 2732 4101 γινομένων
2763 4031 2962 4102 μᾶλλον
2988 4049 3005 4065 ο
3043 4034 3136 4086 καὶ
3176 4034 3397 4104 χρημά-

1827 4137 1935 4173 των
1958 4120 2398 4190 ἀναλισκομένων
2422 4121 2515 4173 καὶ
2543 4119 2790 4192 δαπάνης
2817 4121 3127 4192 γινομένης,
3152 4124 3393 4194 ἥδονται.

1833 4209 2038 4272 Ὄντως
2084 4207 2228 4278 μέγα
2289 4209 2621 4278 μυστήριον,
2665 4208 2975 4279 ἀπόρρητόν
3026 4225 3149 4261 τινα
3201 4211 3395 4278 σοφίαν

1829 4295 1971 4364 ἔχον.
2028 4295 2198 4348 Τοῦτο
2237 4294 2440 4348 ἄνωθεν
2479 4294 2837 4365 προφητεύων
2889 4294 3076 4364 ὲδὴλου
3108 4297 3349 4367 Μωὺσῆς
3376 4316 3388 4327 ·

1828 4381 1987 4434 τοῦτο
2019 4383 2112 4435 καὶ
2148 4381 2242 4435 νῦν
2268 4384 2295 4434 6
2341 4381 2549 4444 Παῦλος
2603 4380 2703 4451 βοᾷ
2745 4380 2918 4448 λέγων
2949 4397 2963 4411 ⁸
2997 4383 3102 4448 Εἰς
3138 4384 3397 4450 Χριστὸν

1829 4471 1927 4523 καὶ
1959 4473 2044 4536 εἰς
2073 4469 2188 4540 τὴν
2230 4471 2608 4536 Ἐκκλησίαν.
2649 4469 2792 4537 Πλὴν
2820 4469 2881 4522 οὑ
2905 4469 2970 4523 δι’
2995 4471 3157 4524 αὑτὸν
3181 4473 3396 4542 εἴρηται

1833 4558 1992 4628 μόνον
2026 4557 2219 4620 οὑτως,
2266 4555 2400 4609 ἀλλὰ
2439 4556 2533 4609 καὶ
2568 4557 2655 4609 διὰ
2687 4555 2786 4626 τὴν
2810 4559 3062 4624 γυναῖκα,
3095 4557 3182 4612 ἵνα
3203 4559 3277 4622 ώς
3298 4562 3397 4629 τὴν

1833 4645 1967 4702 ἰδίαν
2008 4645 2185 4715 σάρκα
2226 4644 2392 4714 αὐτὴν
2448 4643 2648 4714 θάλπῃ,
2695 4643 2770 4706 ὼς
2827 4645 2919 4697 καὶ
2948 4646 2976 4698 ό
3011 4646 3245 4717 Χριστὸς
3299 4647 3398 4720 τὴν

1841 4731 2187 4802 Ἐκκλησίαν.
2232 4731 2297 4787 Ἣ
2347 4731 2416 4783 δέ
2442 4729 2596 4799 γυνὴ
2628 4732 2727 4784 ἵνα
2769 4730 3022 4800 φοϐῆται
3051 4733 3162 4786 τὸν
3184 4732 3394 4802 ἄνδρα.

1832 4823 2024 4876 Οὐκέτι
2072 4823 2140 4874 τὰ
2175 4823 2273 4890 τῆς
2304 4820 2524 4892 ἀγάπης
2553 4820 2734 4890 τίθησι
2760 4821 2939 4890 μόνον,
2968 4821 3104 4875 ἀλλὰ
3139 4823 3192 4875 τί
3219 4841 3233 4890 ;
3277 4825 3404 4882 Ἵνα,

1830 4909 2081 4979 φοϐῆται
2112 4907 2220 4962 τὸν
2250 4907 2458 4975 ἄνδρα.
2499 4907 2664 4978 Ἀρχὴ
2708 4906 2934 4977 δευτέρα
2971 4909 3118 4961 ἐστὶν
3157 4912 3190 4980 ἡ
3237 4916 3401 4984 γυνή.

1831 4997 1985 5068 Μὴτε
2039 4991 2130 5049 οὖν
2172 4993 2311 5066 αὕτη
2344 4994 2442 5065 τὴν
2475 4993 2750 5064 ἰσοτιμίαν
2774 4995 3076 5052 ἀπαιτείτω
3105 5011 3118 5024 '
3157 4997 3263 5051 ὑπὸ
3291 5000 3398 5073 γάρ

1830 5087 1928 5156 τὴν
1957 5085 2198 5154 κεφαλήν
2226 5087 2343 5138 ἐστι
2370 5101 2386 5117 ο
2428 5085 2564 5155 μήτε
2595 5085 2800 5146 ἐκεῖνος
2833 5083 2910 5146 ὼς
2944 5085 3398 5158 ὑποτεταγμένης

1831 5172 2235 5244 καταφρονείτω
2258 5189 2274 5204 ο
2312 5171 2470 5241 σῶμα
2507 5171 2615 5242 γάρ
2662 5171 2797 5234 ἐστι,
2835 5173 2934 5225 κᾶν
2958 5177 3274 5247 καταφρονῇ
3301 5176 3396 5228 τοῦ

1832 5259 2137 5330 σώματοςὴ
2177 5257 2382 5328 κεφαλὴ
2405 5298 2419 5322 ,
2470 5260 2563 5311 καὶ
2601 5259 2738 5329 αύτὴ
2793 5260 3214 5328 προσαπολεῖται
3237 5279 3252 5293 ο
3283 5261 3397 5316 ἀλλ’

1830 5348 2152 5418 ἀντίρροπον
2206 5345 2306 5415 τῆς
2357 5346 2600 5414 ὑπακοῆς
2667 5345 2934 5413 εἰσαγέτω
2991 5347 3089 5416 τὴν
3148 5348 3390 5418 ἀγάπην.

1831 5435 2098 5506 Ὥσπερὴ
2132 5433 2362 5502 κεφαλὴ,
2394 5433 2489 5486 καὶ
2541 5431 2603 5484 τὸ
2654 5432 2811 5502 σῶμα
2836 5449 2849 5462 ο
2881 5432 2942 5486 τό
2971 5433 3072 5502 μὲν
3095 5433 3230 5504 αὑτῇ
3261 5435 3398 5503 πρὸς

1828 5522 2100 5577 διακονίαν
2131 5521 2368 5592 παρέχον
2396 5521 2492 5584 τὰς
2519 5523 2727 5590 χεῖρας,
2761 5521 2887 5584 τοὺς
2930 5521 3116 5584 πόδας,
3142 5524 3206 5575 τά
3235 5522 3398 5578 λοιπὰ

1899 5849 1924 5877 ⁸
1952 5846 2084 5895 Unus
2104 5844 2276 5903 codex,
2302 5844 2425 5891 ὥστε
2451 5842 2694 5904 συμϐαίνει
2718 5841 2822 5898 τοὺς
2845 5843 2980 5904 τρεῖς.
