3974 6500
279 436 372 491 ιιι

274 567 384 619 que
413 550 646 618 peribit:
693 548 787 602 sed
819 545 1006 601 alferat
1034 546 1373 601 dilectionem
1422 560 1543 615 qua:
1593 552 1863 611 tamquam

276 642 331 697 in
362 642 669 712 acquihbrio
696 638 1020 708 respondeat
1039 638 1377 693 obedientiaz.
1408 636 1558 692 Sicut
1587 644 1766 703 caput,
1794 634 1865 688 ita

271 743 329 789 et
353 748 595 803 corpus:
629 731 733 787 hoc
764 731 836 785 illi
880 731 946 786 ad
997 730 1350 785 ministerium
1374 728 1611 799 prtebeat
1640 741 1863 793 manus,

270 824 441 896 pedes
476 835 533 879 et
574 824 777 892 reliqua
822 823 1001 877 omnia
1030 821 1305 887 membra;
1338 820 1467 876 illud
1510 831 1688 875 autem
1738 820 1864 873 huic

270 916 517 985 invigilet
571 916 716 970 omni
784 915 1102 970 instructum
1159 912 1530 982 intelligentia.
1582 910 1723 966 Nihil
1779 918 1865 966 est

268 1009 377 1064 hoc
410 1011 669 1079 conjugio
705 1009 899 1065 melius
944 1019 997 1063 et
1036 1007 1397 1077 praestantius.
1454 1004 1525 1059 Et
1547 1003 1819 1075 quomodo
1840 1040 1857 1069 ,

264 1101 442 1171 inquit
465 1143 481 1167 ,
540 1102 699 1155 fuerit
727 1101 943 1155 dilectio
966 1141 981 1165 ,
1030 1101 1075 1153 si
1103 1108 1186 1156 est
1213 1098 1432 1154 metus?
1476 1098 1704 1152 Maxime
1732 1109 1858 1152 tunc

262 1193 450 1248 fuerit.
504 1193 638 1248 Nam
668 1209 791 1263 quae
821 1194 973 1248 timet
995 1235 1010 1257 ,
1059 1194 1219 1247 etiam
1249 1191 1417 1262 diligit
1443 1207 1459 1256 ;
1490 1206 1610 1261 qua:
1640 1190 1811 1260 diligit
1836 1230 1853 1256 ,

264 1286 424 1341 timet
453 1295 727 1356 tamquam
750 1295 911 1355 caput
932 1328 947 1351 ,
1004 1284 1177 1355 diligit
1208 1293 1476 1354 tamquam
1508 1283 1807 1339 membrum
1837 1300 1852 1337 :

262 1392 397 1431 nam
444 1387 609 1447 caput
649 1392 865 1447 quoque
911 1387 996 1432 est
1037 1378 1336 1431 membrum
1385 1375 1546 1429 totius
1588 1376 1852 1444 corporis.

260 1468 566 1539 Propterea
594 1469 739 1523 illam
764 1469 979 1538 quidem
1008 1469 1257 1538 subjecit,
1290 1468 1431 1522 hunc
1456 1481 1587 1523 vero
1617 1466 1857 1537 prwfecit

254 1571 311 1616 ct
337 1576 507 1629 supra
537 1562 717 1631 posuit
738 1602 756 1627 ,
784 1571 841 1616 ut
866 1571 1008 1617 esset
1040 1576 1160 1630 pax.
1210 1559 1310 1616 Ubi
1338 1558 1481 1615 enim
1507 1568 1595 1614 est
1632 1559 1855 1614 honoris

254 1654 566 1722 aequalitas,
600 1670 699 1722 pax
731 1669 1016 1725 numquam
1049 1640 1229 1720 fuerit,
1249 1669 1421 1724 neque
1450 1654 1495 1708 si
1525 1654 1721 1709 domus
1745 1668 1849 1724 po-

255 1744 437 1812 pulari
464 1755 683 1815 regatur
700 1745 944 1814 imperio,
970 1760 1144 1815 neque
1169 1746 1212 1800 si
1235 1760 1425 1800 omnes
1446 1746 1731 1814 imperent,
1753 1744 1848 1799 sed

258 1852 489 1893 necesse
531 1848 619 1893 est
646 1851 704 1892 ut
731 1840 801 1893 sit
827 1854 965 1893 unus
1003 1840 1352 1909 principatus.
1408 1837 1476 1892 Et
1502 1837 1618 1893 haec
1653 1838 1849 1907 ubique

253 1930 305 1983 in
335 1930 748 1999 corporalibus:
773 1946 898 1985 nam
928 1931 972 1985 si
995 1931 1103 1984 sint
1129 1932 1227 2007 viri
1254 1931 1580 1999 spirituales,
1600 1931 1704 1985 erit
1723 1946 1845 2000 pax.

254 2023 431 2078 Erant
456 2024 746 2093 quinquies
767 2024 916 2079 mille
943 2025 1161 2088 animm,
1199 2034 1256 2078 et
1283 2039 1443 2078 nemo
1464 2023 1752 2093 quidquam
1778 2040 1843 2077 ex

252 2116 369 2169 suis
399 2113 749 2170 facultatibus
774 2115 988 2172 dicebat
1015 2131 1136 2170 esse
1164 2116 1436 2185 proprium
1466 2115 1602 2186 (Act.
1631 2117 1686 2171 4.
1714 2115 1841 2184 52),

250 2204 347 2260 sed
371 2206 512 2260 inter
538 2222 599 2261 se
625 2206 853 2275 subjecti
887 2218 1043 2263 erant
1068 2208 1210 2262 alter
1237 2207 1412 2262 alteri.
1462 2207 1575 2262 Hoc
1603 2215 1685 2262 est
1708 2206 1846 2261 indi-

248 2300 391 2354 cium
424 2298 706 2366 sapientia:
748 2308 804 2354 et
855 2300 1064 2354 timoris
1092 2300 1205 2355 Dei.
1263 2302 1438 2370 Atque
1464 2299 1699 2355 ostendit
1725 2300 1844 2369 qui-

249 2390 373 2446 dem
402 2390 627 2445 modum
647 2391 974 2455 dilectionis,
1007 2392 1215 2446 timoris
1239 2402 1417 2445 autem
1448 2390 1708 2445 nondum.

320 2483 377 2538 5.
411 2482 477 2537 Et
503 2482 627 2537 vide
651 2482 863 2551 quidem
889 2499 1011 2538 eum
1036 2483 1260 2539 dilatare
1287 2494 1342 2538 et
1360 2478 1687 2554 amplilicare
1720 2499 1840 2553 qua:

246 2581 374 2627 sunt
398 2573 727 2638 dilectionis.
759 2574 829 2630 de
851 2573 1067 2629 Christo
1104 2583 1409 2629 narrantem
1428 2614 1445 2641 ,
1488 2586 1543 2630 et
1579 2576 1647 2631 de
1679 2590 1841 2631 carne

247 2668 490 2735 prepris,
517 2676 575 2722 et
599 2667 866 2722 dicentem
889 2710 905 2735 ,
939 2666 1159 2737 Propter
1180 2674 1272 2721 hoc
1298 2669 1543 2738 relinquet
1575 2669 1723 2722 homo
1748 2685 1843 2739 pa-

251 2766 385 2811 trem
412 2766 458 2811 et
488 2767 694 2812 matrem
713 2774 733 2812 :
754 2774 874 2828 qua:
900 2769 1026 2813 sunt
1052 2768 1229 2814 autem
1263 2760 1472 2815 timoris
1490 2775 1593 2814 non
1612 2761 1839 2817 dilatare

254 2862 362 2902 nec
402 2847 1042 2917 ampliﬁcare..Quanam
1075 2850 1141 2906 de
1167 2851 1368 2905 causa?
1414 2850 1680 2919 Quoniam
1725 2853 1839 2907 vult

247 2942 598 2997 dilectionem
634 2943 802 3014 magis
832 2944 1081 3000 obtinere
1103 2945 1457 2999 dominatum.
1489 2945 1620 2999 Nam
1653 2946 1698 3000 si
1722 2945 1837 3002 haec

251 3033 360 3098 sit,
398 3046 698 3102 sequuntur
725 3037 904 3089 omnia
943 3036 1078 3102 alia;
1123 3038 1168 3091 si
1203 3037 1292 3091 ille
1320 3037 1416 3101 sit,
1454 3053 1560 3091 non
1591 3038 1832 3092 omnino.

247 3126 382 3181 Nam
409 3129 499 3197 qui
530 3128 705 3199 diligit
732 3144 979 3191 uxorem,
1007 3130 1108 3185 etsi
1141 3146 1246 3185 non
1276 3130 1569 3185 admodum
1602 3132 1835 3202 morige-

243 3234 382 3284 ram,
409 3220 591 3273 omnia
625 3228 802 3274 tamen
833 3220 1122 3276 sustinebit
1148 3240 1163 3274 :
1210 3222 1347 3277 adeo
1374 3238 1462 3277 res
1487 3232 1572 3279 est
1603 3223 1833 3281 difﬁcilis

241 3318 295 3363 et
315 3308 486 3363 ardua
518 3310 829 3376 concordia,
888 3312 1106 3381 quando
1136 3327 1244 3367 non
1271 3312 1469 3368 fuerint
1486 3314 1718 3383 colligati
1750 3326 1834 3386 ty-

241 3400 472 3454 rannide
498 3402 842 3457 dilectionis:
870 3403 1032 3458 timor
1055 3413 1235 3459 autem
1264 3420 1370 3460 non
1396 3409 1618 3462 omnino
1648 3409 1704 3463 in
1730 3408 1833 3463 hoc

239 3508 299 3547 se
325 3502 475 3548 recte
495 3503 672 3563 geret.
703 3495 765 3549 Et
796 3496 921 3551 ideo
952 3497 1121 3567 magis
1137 3497 1450 3552 immoratur
1469 3500 1521 3553 in
1550 3499 1832 3571 hoc,un

239 3594 324 3639 est
362 3586 505 3640 forte
540 3601 604 3640 ac
634 3586 893 3641 validum.
947 3589 1016 3642 Et
1036 3590 1227 3644 mulier
1250 3628 1267 3655 ,
1296 3591 1381 3644 cui
1417 3590 1629 3646 videtur
1652 3592 1830 3647 ati'erri

240 3678 526 3742 damnum,
555 3679 698 3749 quod
724 3680 978 3748 juheatur
999 3683 1211 3748 timere,
1242 3683 1516 3738 lucratur:
1546 3685 1663 3738 viro
1688 3685 1833 3739 enim

238 3781 320 3824 est
333 3782 664 3841 pneeeptum
693 3772 744 3826 id
766 3774 904 3843 quod
928 3784 1010 3828 est
1025 3774 1371 3844 praecipuum,
1387 3777 1832 3847 nempediligere.

240 3862 380 3927 Quid
414 3878 549 3917 vero
572 3904 588 3926 ,
644 3865 846 3934 inquit,
888 3866 932 3920 si
962 3882 1068 3919 non
1100 3865 1283 3920 timeat
1309 3866 1480 3921 uxor?
1534 3866 1613 3922 Tu
1640 3868 1831 3939 dilige,

241 3953 408 4024 imple
452 3954 599 4023 quod
643 3965 790 4008 tuum
831 3964 935 4010 est.
991 3955 1121 4010 Nam
1163 3956 1206 4010 si
1250 3972 1357 4010 non
1400 3967 1693 4027 sequantur
1715 3974 1834 4028 qua:

240 4046 548 4115 praestanda
600 4057 726 4101 sunt
751 4048 819 4102 ab
856 4050 1010 4116 aliis,
1052 4058 1264 4120 oportet
1306 4058 1365 4104 ut
1393 4059 1685 4120 sequantur
1714 4065 1834 4121 quae

237 4140 551 4209 pnestanda
598 4149 723 4193 sunt
770 4156 797 4192 a
849 4141 1025 4194 nobis.
1073 4140 1317 4210 Exempli
1339 4154 1538 4195 causa:
1572 4140 1830 4211 Subjecti,

245 4225 422 4295 inquit
447 4265 462 4288 ,
513 4226 724 4278 invicem
750 4225 802 4278 in
833 4227 1012 4278 timore
1034 4224 1243 4279 Christi.
1286 4224 1422 4291 Quid
1453 4240 1601 4295 ergo,
1631 4226 1676 4279 si
1699 4225 1837 4279 alter

242 4332 348 4371 non
397 4316 760 4385 subjiciatur?
810 4316 885 4371 Tu
915 4332 1041 4386 pare
1063 4317 1164 4387 legi
1200 4317 1310 4371 Dei.
1355 4317 1431 4372 Ita
1464 4316 1550 4371 hic
1578 4330 1788 4386 quoque
1818 4334 1835 4371 :

243 4406 435 4464 ilnlier
462 4408 706 4479 quidem.
736 4409 949 4463 etiamsi
978 4425 1083 4462 non
1109 4408 1385 4479 diligatur,
1419 4409 1605 4462 timeat
1630 4417 1831 4472 tamen,

242 4520 309 4558 ne
336 4502 473 4557 nihil
505 4502 573 4557 ab
605 4503 717 4571 ipsa
751 4503 874 4564 ﬁat;
929 4512 984 4558 et
1018 4502 1277 4568 maritus,
1329 4501 1539 4556 etiamsi
1569 4516 1703 4555 uxor
1728 4516 1834 4555 non

243 4596 452 4660 timeat,
480 4602 659 4649 tamen
688 4594 894 4665 diligat,
918 4604 973 4648 ut
1000 4594 1114 4664 ipse
1137 4594 1189 4647 in
1222 4593 1368 4647 nullo
1393 4592 1639 4649 deﬁciat:
1671 4608 1838 4647 unus-

243 4689 475 4757 quisque
505 4686 651 4741 enim
695 4684 904 4755 accepit
932 4684 1073 4755 quod
1103 4694 1186 4739 est
1216 4685 1512 4754 proprium.
1565 4684 1679 4740 Hoc
1707 4700 1836 4755 ergo

244 4780 655 4834 matrimonium
685 4789 776 4833 est
794 4774 1400 4840 sccuudumChristum,
1434 4777 1835 4831 matrimonium

246 4875 529 4944 spirituale
553 4915 569 4936 ,
610 4883 664 4928 et
694 4872 975 4943 generatio
1002 4872 1225 4941 spiritus
1242 4912 1257 4936 ,
1312 4887 1420 4926 non
1446 4887 1513 4926 ex
1540 4871 1799 4942 sanguine
1817 4912 1832 4935 .

249 4982 348 5022 nec
375 4983 442 5021 ex
473 4965 664 5019 dolere
703 4974 906 5034 partus.
937 4963 1087 5018 Talis
1112 4973 1195 5017 est
1222 4964 1383 5018 etiam
1414 4962 1578 5017 lsaaci
1614 4977 1837 5031 genera-

249 5060 323 5113 tio
353 5077 367 5113 :
410 5057 541 5111 audi
572 5056 903 5126 Scripturam
947 5055 1237 5110 dicentem.
1286 5053 1353 5107 Et
1382 5054 1633 5109 desierunt
1661 5054 1837 5109 Sarra:

246 5151 360 5220 ﬁeri
388 5153 502 5221 ejus
532 5149 839 5222 muliebria(
870 5146 997 5203 Gen.
1032 5148 1118 5203 18.
1148 5147 1206 5201 Η
1330 5146 1397 5201 Ει
1435 5147 1835 5201 matrimonium

250 5263 355 5301 non
386 5262 455 5301 ex
485 5246 670 5300 sensili
718 5254 865 5300 motu
895 5259 995 5299 nec
1039 5258 1104 5299 ex
1138 5242 1488 5313 corporibus,
1534 5241 1627 5295 sed
1668 5250 1835 5295 totum

249 5340 558 5411 spiritualc.
592 5340 703 5394 Deo
727 5341 1013 5408 conjuncta
1044 5338 1221 5391 anima
1252 5336 1629 5404 conjunctione
1656 5335 1840 5390 inclia-

251 5434 377 5498 hili,
410 5444 467 5487 et
494 5448 657 5501 quam
697 5433 810 5501 ipse
835 5432 983 5486 solus
1012 5429 1180 5485 nevit.
1215 5429 1506 5498 Propterea
1538 5428 1701 5492 dicit,
1737 5426 1839 5491 Qui

250 5528 478 5579 adhaeret
506 5524 746 5591 Domino,
770 5534 843 5577 est
873 5540 1002 5579 unus
1030 5523 1238 5595 spiritus
1262 5520 1466 5593 (l.Cor.
1482 5520 1660 5592 6.17).
1682 5520 1839 5577 Vides

250 5620 527 5693 quomodo
568 5621 719 5688 ponit
753 5619 986 5673 studium
1027 5627 1082 5671 nt
1130 5631 1345 5671 carnem
1378 5617 1525 5672 carni
1555 5617 1739 5682 uniat,
1783 5623 1841 5670 et

252 5714 502 5783 spiritum
526 5711 763 5782 spiritui.
797 5710 893 5765 Ubi
916 5717 1042 5763 sunt
1068 5708 1307 5763 haeretici
1327 5708 1420 5764 ?Si
1441 5708 1836 5763 matrimonium

255 5817 399 5860 esset
438 5821 505 5860 ex
559 5804 628 5859 iis
680 5818 800 5873 qua:
862 5804 1231 5873 vituperantur
1261 5842 1277 5867 ,
1310 5815 1416 5856 non
1481 5815 1737 5871 sponsum
1786 5813 1841 5855 et

256 5914 509 5969 sponsam
575 5894 915 5963 vocavissct,
974 5910 1079 5951 non
1136 5894 1430 5951 adhortans
1485 5893 1613 5949 illud
1671 5893 1838 5948 addu-

1096 429 1418 518 lNﬂPlST.
1460 430 1551 485 AD
1590 429 1827 485 EPHES.
1868 428 2019 486 CAP.
2064 434 2125 490 γ.
2170 436 2399 495 υυΜιι.
2445 442 2559 499 XX.

3455 460 3564 514 “'2'

1972 546 2154 615 xissct,
2191 551 2453 621 Relinquet
2483 556 2632 611 homo
2659 567 2853 627 patrem
2897 570 2943 614 et
2989 573 3232 631 matrem;
3278 584 3376 624 ucc
3434 588 3556 629 tur-

1974 655 2067 695 sus
2094 642 2464 713 sulijunxissct
2490 665 2502 700 :
2544 648 2747 704 Dictum
2774 662 2881 718 est,
2911 656 2963 707 in
2992 655 3190 711 Christo
3219 670 3265 715 et
3293 660 3545 721 Ecclesia.

1973 732 2046 788 De
2074 734 2172 787 hac
2199 739 2337 791 enim
2370 738 2500 794 dicit
2520 742 2680 795 etiam
2706 744 3190 816 psalmographus:
3223 752 3387 819 Audi,
3410 757 3551 825 ﬁlia,

1966 834 2013 877 et
2043 827 2184 891 vide,
2217 839 2263 881 et
2286 829 2473 883 inclina
2502 848 2673 886 aurem
2697 844 2871 899 tuam,
2906 846 2954 891 et
2980 841 3271 898 obliviscere
3303 851 3552 915 papulum

1966 925 2126 981 tuum,
2156 930 2201 973 et
2224 920 2427 973 domum
2450 924 2608 991 patris
2639 926 2745 977 tui:
2771 935 2814 978 et
2844 932 3158 994 concupiscet
3187 935 3297 989 Rex
3317 942 3545 1007 pulchri-

1964 1010 2189 1063 tudinem
2207 1021 2347 1064 tuam
2371 1011 2541 1084 (Psal.
2574 1015 2663 1069 Η.
2696 1016 2806 1088 ll).
2834 1017 3122 1088 PrOpterea
3150 1025 3390 1081 (Ihristus
3413 1046 3549 1099 quo-

1962 1115 2065 1168 que
2090 1100 2303 1156 dicebat
2325 1120 2337 1154 :
2373 1102 2484 1173 Ego
2508 1106 2637 1158 exivi
2666 1122 2697 1158 a
2723 1106 2900 1173 Patre,
2925 1119 2970 1163 et
2987 1114 3095 1165 veni
3124 1112 3541 1191 (Joan.16.28).

1961 1192 2066 1249 Sed
2088 1196 2302 1265 quando
2321 1197 2441 1252 dico
2467 1214 2587 1253 eum
2615 1201 2897 1270 reliquisse
2922 1205 3155 1271 Patrem,
3181 1226 3247 1263 ne
3284 1214 3386 1266 tale
3412 1216 3543 1283 quid

1959 1288 2248 1353 existimes,
2280 1292 2438 1359 quale
2467 1292 2605 1359 apud
2626 1292 2891 1360 homines,
2918 1297 3154 1353 locorum
3186 1307 3463 1361 transitum
3488 1319 3545 1363 et

1959 1384 2478 1435 transmutationem.
2492 1381 2639 1436 Sicut
2659 1386 2799 1437 enim
2818 1386 3047 1441 exivisse
3065 1389 3276 1455 dicitur,
3294 1409 3395 1447 non
3416 1413 3541 1464 quo-

1958 1471 2098 1525 niam
2121 1473 2414 1540 exivit,sed
2436 1486 2654 1545 propter
2679 1491 2893 1532 carnem
2916 1496 2931 1537 :
2961 1481 3029 1534 ita
3053 1482 3212 1536 etiam
3229 1484 3380 1549 illud,
3400 1486 3541 1541 Reli-

1955 1564 2061 1633 quit
2090 1562 2317 1617 Patrem.
2349 1566 2458 1619 Cur
2480 1582 2606 1635 ergo
2634 1583 2739 1621 non
2772 1568 2903 1622 dixit
2929 1569 2994 1624 de
3028 1574 3539 1635 uxore,Adhairehit

1955 1654 2148 1708 marito
2163 1656 2300 1709 suo?
2319 1672 2546 1726 quanam
2574 1658 2640 1713 de
2660 1674 2819 1714 causa
2836 1660 3131 1726 ?Quoniam
3150 1663 3358 1719 dicebat
3376 1666 3441 1721 de
3459 1669 3539 1721 di-

1954 1744 2202 1810 lectione,
2223 1757 2271 1799 et
2292 1747 2607 1817 loquebatur
2623 1766 2743 1803 cum
2768 1751 2901 1804 viro.
2921 1752 3051 1806 Nam
3071 1770 3192 1808 cum
3211 1756 3296 1809 illa
3320 1760 3533 1827 quidem

1953 1836 2175 1904 loquens
2199 1835 2267 1891 de
2294 1837 2484 1894 timore
2509 1838 2659 1905 dicit,
2699 1839 2789 1893 Vir
2816 1852 2888 1895 est
2914 1853 3064 1912 caput
3105 1848 3278 1900 uxoris
3303 1865 3446 1914 sum;
3482 1862 3536 1905 et

1951 1926 2180 1980 (.‘Iiristus
2211 1943 2416 1994 rursus,
2454 1939 2604 1999 caput
2635 1930 2908 1986 Ecclesiae:
2942 1949 3058 1987 cuiu
3104 1937 3218 1990 viro
3263 1950 3439 1994 autem
3467 1942 3537 1999 de

1948 2020 2234 2076 dilectione
2248 2023 2499 2092 loquitur,
2518 2033 2645 2079 etea
2662 2041 2779 2095 qua:
2800 2027 2863 2078 ad
2886 2027 3051 2094 ipsam
3070 2040 3309 2097 spectant
3328 2032 3399 2086 illi
3425 2044 3534 2087 tra-

1948 2111 2060 2179 dit;
2091 2127 2153 2167 ac
2179 2114 2246 2169 de
2272 2114 2558 2169 dilectione
2602 2132 2723 2170 cum
2756 2118 2845 2170 illo
2876 2118 3037 2173 verba
3067 2119 3215 2184 facit,
3245 2137 3365 2176 eum
3398 2140 3532 2179 con-

1946 2206 2213 2277 stringens
2258 2217 2310 2262 et
2344 2209 2717 2279 conglutiuaiis
2762 2219 2816 2265 et
2864 2212 3061 2267 faciens
3100 2214 3397 2272 adhaerere.
3429 2219 3534 2287 Qui

1946 2301 2086 2353 cnim
2118 2310 2318 2369 patrem
2341 2302 2541 2356 dimisit
2570 2315 2787 2372 propter
2814 2318 3127 2372 uxorein,et
3156 2310 3322 2377 ipsam
3347 2328 3532 2369 rursus

1945 2404 2127 2462 postea
2160 2394 2377 2448 dimittit
2399 2404 2451 2449 et
2487 2396 2757 2465 relinquit,
2781 2413 2937 2467 quam
2959 2400 3254 2455 nit-rebitur
3283 2403 3532 2459 veniam?

1945 2485 2059 2539 Non
2082 2485 2230 2541 vides
2247 2495 2502 2555 quantum
2526 2488 2662 2542 Dens
2686 2489 2945 2543 honorem
2965 2506 3081 2545 eam
3106 2494 3230 2547 velit
3248 2497 3527 2566 consequi,

1942 2592 2063 2631 cum
2094 2585 2145 2632 te
2174 2591 2202 2629 a
2237 2588 2384 2645 patre
2404 2578 2692 2632 abductum
2720 2579 2765 2633 ci
2795 2578 3070 2636 aliixerit?
3096 2583 3235 2648 Quid
3269 2600 3415 2651 vero,
3446 2586 3531 2640 iu-

1941 2670 2092 2740 quit,
2118 2670 2161 2723 si
2189 2668 2327 2723 facta
2347 2670 2456 2724 sint
2484 2685 2513 2723 a
2548 2670 2702 2724 nobis
2725 2686 2843 2740 qua:
2866 2681 2989 2725 sunt
3018 2672 3283 2739 facienda,
3313 2675 3400 2730 illa
3430 2693 3530 2731 au-

1944 2770 2048 2816 tem
2081 2775 2185 2815 non
2218 2762 2552 2830 sequantur?
2584 2761 2645 2816 Si
2674 2772 2843 2815 autem
2871 2763 3093 2831 inﬁdelis
3123 2764 3366 2831 discedit,
3413 2768 3526 2821 dis-

1940 2852 2083 2905 cedat
2114 2850 2321 2923 (LCor.
2341 2853 2395 2905 ’1.
2418 2852 2529 2921 15).
2560 2851 2675 2906 Non
2698 2861 2780 2906 est
2797 2854 3041 2907 servituti
3063 2855 3335 2923 subjectus
3358 2856 3528 2912 frater

1940 2952 2034 2999 aut
2058 2959 2212 2999 Soror
2241 2942 2294 2996 in
2324 2942 2642 3013 hujusmodi.
2690 2943 2793 2999 Sed
2817 2944 3034 3013 quando
3061 2945 3212 3000 audis
3251 2946 3527 3015 timorem,

1938 3037 2091 3105 exige
2114 3036 2359 3089 timorem
2388 3034 2476 3103 qui
2503 3035 2756 3090 convenit
2777 3035 2983 3103 liberm,
3016 3052 3126 3096 non
3161 3048 3429 3107 tamquam
3456 3040 3531 3095 ab

1937 3127 2152 3181 ancilla:
2177 3127 2415 3182 estcnim
2440 3142 2635 3196 corpus
2661 3136 2807 3180 tuum
2832 3144 2845 3179 :
2866 3142 2987 3181 nam
3007 3127 3049 3181 si
3076 3127 3175 3181 hoc
3202 3127 3413 3188 feceris.
3440 3139 3523 3183 te-

1939 3220 2108 3289 ipsum
2135 3220 2330 3289 probro
2352 3220 2543 3285 aflicis,
2565 3229 2712 3275 tuum
2731 3235 2928 3289 corpus
2952 3220 3193 3275 aflicieus
3211 3221 3526 3290 ignominia.

1936 3310 2067 3377 Quis
2082 3319 2165 3365 est
2183 3321 2359 3367 autem
2380 3311 2560 3367 timor?
2578 3312 2648 3367 Ut
2663 3327 2768 3365 non
2786 3311 3135 3375 contradicat,
3151 3321 3207 3365 ut
3222 3327 3326 3366 non
3350 3313 3523 3367 insur-

1936 3415 2045 3472 gat,
2075 3414 2130 3457 ut
2178 3406 2376 3474 primas
2406 3415 2581 3474 partes
2613 3421 2717 3460 non
2747 3414 2891 3461 amet
2920 3423 2934 3460 :
2960 3406 3026 3460 ad
3055 3406 3167 3460 lucc
3192 3422 3358 3477 usque
3391 3405 3531 3462 satis

1936 3506 2017 3551 est
2040 3498 2283 3550 timorem
2316 3497 2632 3551 consistere.
2656 3496 2748 3552 Sin
2765 3496 2943 3551 autem
2966 3497 3163 3567 diligis,
3184 3507 3241 3551 ut
3264 3498 3412 3565 jnssa
3435 3513 3520 3564 es,

1937 3589 2097 3643 etiam
2121 3588 2319 3657 majora
2349 3588 2552 3653 facies;
2585 3588 2693 3642 imo
2720 3603 2846 3643 vero
2870 3605 2976 3642 non
3000 3588 3192 3643 timore
3210 3588 3310 3643 hoc
3334 3588 3523 3653 facies,

1937 3681 2032 3737 sed
2065 3682 2177 3750 ipsa
2206 3683 2365 3735 etiam
2395 3680 2613 3734 dilectio
2637 3679 2793 3734 faciet
2819 3679 3041 3748 aliquid.
3089 3680 3177 3733 list
3206 3695 3366 3733 sexus
3400 3688 3529 3734 tuus

1935 3773 2328 3843 quodammodo
2354 3772 2687 3837 imbecillior,
2711 3772 2876 3825 multo
2901 3786 3063 3840 egens
3093 3772 3316 3838 auxilio,
3352 3772 3521 3824 multa

1938 3865 2260 3934 indulgentia
2284 3905 2300 3928 ,
2332 3874 2388 3916 ut
2419 3872 2521 3917 tua:
2557 3862 2880 3916 infirmitatis
2906 3860 3160 3916 habeatur
3193 3862 3347 3915 ratio.
3382 3861 3527 3927 Quid

1935 3956 2170 4012 dixerint
2190 3956 2278 4026 qui
2306 3954 2556 4010 secundis
2582 3953 2979 4023 coujungnutur
2996 3953 3197 4021 nuptiis
3220 3954 3244 4005 ἱ)
3268 3953 3381 4007 Non
3398 3953 3534 4007 dico.

1937 4046 2305 4102 condemnatis
2334 4087 2347 4108 ,
2378 4044 2551 4100 absit:
2594 4040 2879 4114 Apostolus
2924 4043 3065 4097 enim
3114 4043 3163 4097 id
3214 4044 3520 4107 concessit;

1938 4138 2030 4193 sed
2063 4138 2217 4192 valde
2246 4137 2381 4192 adeo
2421 4135 2488 4190 ad
2516 4136 2632 4204 ejus
2659 4134 3023 4188 infirmitatem
3070 4150 3157 4189 me
3183 4135 3469 4190 demittens
3506 4154 3520 4189 :

1937 4231 1985 4283 ei
2017 4231 2193 4283 omMa
2226 4227 2437 4297 prarbe,
2490 4225 2667 4279 omnia
2698 4240 2792 4293 pro
2822 4226 2908 4278 illa
2938 4240 3064 4292 gere
3090 4234 3142 4279 et
3182 4235 3401 4293 patere:
3434 4226 3521 4280 inc

1937 4320 2139 4373 cumbit
2181 4318 2272 4372 tibi
2301 4318 2616 4372 necessitas.
2666 4315 2764 4369 llic
2793 4331 2898 4369 non
2931 4317 3041 4368 vult
3068 4317 3306 4368 externis
3337 4332 3522 4371 exem-

1941 4414 2044 4483 plis
2075 4412 2495 4466 admonitionem
2520 4408 2796 4473 inducere,
2828 4407 2970 4477 quod
3002 4422 3146 4476 saepe
3176 4406 3319 4461 facit.
3352 4408 3519 4462 Sulli-

1939 4506 2113 4560 ciehat
2137 4504 2277 4557 enim
2300 4501 2501 4557 Christi
2530 4500 2833 4568 exemplum
2860 4539 2875 4563 ,
2909 4508 2967 4553 ut
2988 4497 3130 4568 quod
3170 4499 3238 4551 sit
3270 4514 3527 4568 magnum

1939 4604 1993 4650 et
2014 4595 2308 4650 vehemens
2328 4633 2345 4659 ,
2374 4592 2610 4647 maxime
2635 4601 2813 4644 autem
2840 4590 2906 4644 ad
2936 4590 3196 4645 rationem
3228 4590 3522 4657 subiectio-

1941 4688 2043 4742 uis.
2085 4686 2389 4752 Relinquel,
2440 4683 2645 4753 inquit,
2690 4692 2883 4751 patrm
2913 4690 2960 4734 et
2995 4690 3227 4734 mnu-em.
3276 4680 3415 4735 Ecce
3453 4681 3529 4736 ab

1937 4779 2195 4836 externis.
2215 4776 2317 4832 Sed
2334 4792 2438 4829 non
2454 4775 2609 4839 dixit,
2628 4774 2691 4827 Et
2709 4772 3056 4836 cohahitabit,
3072 4772 3190 4838 sed,
3213 4773 3527 4837 Adlmrebit,

1938 4890 2029 4929 seu
2043 4870 2476 4943 agglutinabitur,
2493 4876 2732 4923 exactam
2748 4866 3051 4936 significans
3064 4865 3521 4935 conjunctiouein,

1938 4967 2274 5022 dilectionem
2306 4964 2488 5033 utique
2517 4962 2911 5016 vehementem.
2940 4957 3122 5027 Neque
3141 4958 3240 5012 hoc
3261 4958 3355 5011 fuit
3393 4973 3524 5011 con.-

1941 5071 2137 5127 tentus,
2157 5058 2248 5113 sed
2268 5067 2322 5112 et
2338 5074 2430 5127 per
2452 5055 2503 5111 id
2524 5054 2665 5126 quod
2683 5052 2954 5123 snlijungit
2981 5052 3057 5105 sic
3084 5051 3313 5105 ostendit
3344 5050 3520 5116 subje-

1938 5152 2192 5217 ctionem,
2208 5149 2385 5203 utduo
2403 5163 2507 5202 non
2530 5145 2756 5213 amplius
2777 5144 2882 5199 duo
2904 5151 3213 5212 appareant.
3236 5141 3349 5194 Non
3368 5140 3524 5206 dixi',

1942 5246 1995 5298 In
2024 5245 2241 5315 spiritu;
2270 5258 2373 5297 non
2405 5241 2560 5305 dixit,
2583 5240 2638 5294 lu
2665 5239 2873 5303 anima;
2894 5252 3015 5291 nam
3040 5235 3167 5291 illud
3192 5244 3279 5289 cst
3300 5232 3527 5289 manife—

1938 5345 2102 5401 stum,
2116 5333 2288 5389 ethoc
2301 5341 2474 5403 potest
2490 5331 2742 5402 quilibet;
2768 5329 2860 5384 sed
2881 5329 2948 5382 ita
2965 5337 3021 5381 ut
3038 5328 3127 5390 sit,
3151 5324 3213 5379 In
3225 5340 3377 5378 carne
3396 5340 3513 5379 uno
3570 5330 3575 5331 '

2011 5430 2066 5485 6.
2110 5429 2205 5483 llic
2224 5436 2307 5482 est
2336 5424 2602 5481 secundus
2628 5423 2983 5493 principatus,
3007 5419 3209 5473 habens
3238 5416 3524 5486 imperium

1942 5532 1996 5578 et
2026 5522 2248 5576 multam
2277 5517 2496 5573 honoris
2524 5516 2881 5586 :cqualitatcm
2908 5528 2922 5575 ;
2965 5510 3059 5565 sed
3089 5518 3267 5562 tamen
3298 5507 3381 5559 vir
3422 5506 3523 5560 liae

1944 5616 2033 5669 hct
2071 5611 2268 5683 aliquid
2295 5610 2544 5679 amplius.
2582 5609 2693 5662 lloc
2723 5615 2805 5661 est
2852 5603 3080 5658 maxima
3128 5599 3271 5654 salus
3310 5598 3524 5654 domus.

1939 5706 2074 5763 Nam
2105 5704 2235 5760 illud
2264 5704 2501 5774 quidem,
2531 5698 2675 5770 quod
2705 5699 2773 5751 sit
2799 5693 3018 5758 Christi,
3048 5691 3277 5760 accepit,
3308 5704 3412 5743 non
3439 5703 3526 5742 so-

1944 5800 2050 5855 lum
2079 5807 2138 5852 ut
2161 5796 2356 5852 debeat
2388 5794 2633 5862 diligere,
2662 5788 2757 5844 sed
2784 5787 2944 5843 etiam
2974 5794 3033 5839 ut
3058 5798 3177 5838 eam
3207 5782 3446 5836 instituat
3470 5788 3531 5835 et

1943 5888 2248 5947 moderetur
2273 5908 2285 5942 :
2324 5885 2391 5942 Ut
2416 5886 2501 5953 sit,
2532 5881 2724 5953 inquit,
2751 5888 2931 5936 sancta
2955 5887 3003 5932 et
3022 5874 3348 5930 immaculata
3373 5888 3403 5927 εν
3421 5869 3523 5927 hoc
