3960 6508
533 449 629 503 143
716 490 751 511 ε

530 579 676 626 vero,
718 562 931 629 Carnis,
961 560 1025 615 ad
1079 559 1445 627 diligendum;
1486 570 1540 615 et
1576 559 1736 614 etiam
1778 558 1941 620 illud,
1995 559 2100 609 Ad-

527 655 769 719 luerebit,
826 655 891 707 ad
957 653 1306 723 diligendum.
1376 652 1506 707 Nam
1570 653 1615 706 si
1680 667 1797 707 eam
1861 650 2104 705 effeceris

526 754 765 798 sanctam
806 754 859 798 et
899 744 1318 809 immaculatum,
1364 752 1658 813 sequuntur
1685 743 1884 797 omnia.
1929 741 2103 807 Quare

525 850 645 904 qua:
689 844 814 888 sunt
846 833 957 897 Dei,
988 843 1043 888 et
1083 845 1377 903 sequentur
1405 834 1633 887 humana
1664 849 1782 888 cum
1820 834 1981 887 multa
2023 832 2105 886 fa~

521 927 744 979 cilitate.
773 926 1051 994 Compone
1083 925 1448 989 ct,moderare
1480 940 1722 991 uxorem,
1753 935 1806 979 et
1846 926 1924 980 sic
1951 941 2102 980 com-

520 1021 743 1089 ponitur
768 1021 979 1076 domus.
1010 1023 1147 1077 Audi
1180 1023 1399 1077 Paulum
1428 1023 1692 1078 dicentem
1720 1042 1732 1076 :
1768 1023 1829 1077 Si
1856 1022 1976 1090 quid
2004 1038 2101 1073 au-

518 1121 616 1165 tent
646 1114 817 1166 volunt
841 1114 1051 1177 discere,
1077 1114 1212 1167 domi
1238 1116 1370 1167 viros
1400 1131 1519 1168 suos
1546 1116 1853 1185 interrogent
1881 1113 1954 1182 (i.
1979 1112 2096 1165 Cor.

518 1203 608 1257 14.
653 1203 769 1274 35).
801 1204 856 1259 Si
901 1204 1092 1258 domos
1137 1215 1348 1260 nostras
1392 1206 1472 1260 sic
1510 1206 1965 1271 administremus,
1991 1205 2098 1272 apti

517 1296 677 1349 etiam
707 1297 909 1351 erimus
945 1297 1008 1350 ad
1038 1297 1329 1351 Ecclesiam
1362 1296 1841 1350 administrandam
1867 1312 1879 1347 :
1904 1296 2098 1349 domus

516 1387 662 1441 enim
714 1396 798 1441 est
843 1402 1002 1456 parva
1054 1388 1314 1441 Ecclesia.
1364 1388 1473 1451 Sic,
1503 1402 1623 1441 cum
1676 1387 1773 1439 viri
1802 1394 1858 1440 et
1903 1401 2098 1439 uxores

518 1478 673 1548 probi
730 1478 944 1543 fuerint,
998 1489 1221 1549 possunt
1270 1494 1457 1534 omnes
1514 1478 1857 1533 antecellere.
1910 1476 2095 1546 Cogita

517 1571 901 1634 Abrahamum,
928 1570 1143 1626 Sarram
1173 1582 1226 1626 et
1255 1570 1419 1636 Isaac,
1439 1580 1492 1625 et
1520 1578 1790 1625 trecentos
1811 1569 2019 1633 decem,
2041 1579 2096 1623 et

513 1673 637 1717 octo
665 1678 878 1727 vernas,
921 1663 1193 1733 quomodo
1221 1671 1330 1718 tota
1376 1664 1566 1718 domus
1604 1663 1894 1718 constituta
1937 1662 2096 1715 fuerit

515 1761 574 1806 et
602 1754 919 1821 composita,
950 1754 1220 1823 quomodo
1251 1762 1357 1808 tota
1381 1752 1542 1808 fuerit
1568 1754 1719 1822 plena
1748 1752 1964 1823 pietate.
1998 1750 2092 1805 llla

513 1854 838 1915 praeceptum
868 1846 1108 1915 implevit
1144 1847 1519 1915 apostolicum,
1552 1856 1607 1902 et
1636 1846 1807 1901 virum
1841 1844 2089 1899 timebat:

515 1939 638 1992 audi
695 1938 836 1994 enim
886 1940 1053 2009 ipsam
1102 1940 1403 2007 dicentem,
1472 1939 1718 1993 Nondum
1764 1939 1890 1993 mihi
1933 1938 2092 1991 evenit

512 2030 792 2084 hactenus:
825 2033 1059 2087 dominus
1088 2044 1254 2086 autent
1306 2050 1445 2088 meus
1472 2044 1544 2086 est
1589 2034 1755 2087 senior
1800 2032 1948 2104 (Gen.
1999 2031 2085 2086 i8.

511 2122 602 2195 12)
628 2142 641 2177 :
670 2134 724 2178 et
758 2125 844 2179 ille
872 2126 1038 2195 ipsam
1070 2127 1146 2179 sic
1175 2126 1448 2195 diligebat,
1481 2136 1538 2179 ut
1579 2125 1784 2195 jubenti
1818 2126 1868 2178 in
1915 2125 2087 2178 omni-

508 2214 608 2269 bus
642 2226 874 2284 pareret.
905 2219 965 2269 Et
992 2232 1125 2287 puer
1152 2226 1271 2271 erat
1299 2218 1494 2271 virtute
1523 2217 1795 2284 praeditus,
1818 2224 1873 2269 et
1908 2231 2086 2269 verme

506 2305 605 2374 ipsi
632 2322 843 2376 quoque
869 2317 1025 2361 erant
1077 2307 1443 2374 admirabiles,
1487 2308 1575 2376 qui
1623 2322 1727 2361 non
1776 2307 2085 2361 dubitarunt

502 2396 664 2449 etiam
694 2397 987 2465 periculum
1016 2398 1164 2452 adire
1192 2412 1311 2452 cum
1342 2398 1581 2463 domino,
1623 2413 1729 2451 non
1760 2397 2084 2451 distulerunt

508 2500 681 2555 neque
724 2501 939 2541 causam
986 2488 1376 2556 inquisierunt;
1428 2488 1522 2543 sed
1568 2503 1707 2543 unus
1756 2505 1820 2544 ex
1880 2489 1946 2543 iis
1991 2490 2080 2558 qui

505 2587 751 2644 praeerat,
776 2578 911 2631 adeo
936 2589 1052 2632 erat
1079 2579 1441 2644 admirandus,
1466 2591 1521 2634 ut
1546 2581 1663 2648 ejus
1689 2581 1807 2635 ﬁdei
1839 2581 1910 2635 sit
1935 2596 2084 2634 com-

503 2668 725 2721 missum
758 2668 901 2721 unici
934 2668 1027 2723 ﬁlii
1062 2670 1496 2736 matrimonium,
1529 2687 1734 2725 necnon
1765 2682 1913 2726 extra
1946 2671 2082 2725 ﬁnes

501 2758 737 2826 regionis
766 2761 1145 2829 peregrinatio.
1192 2762 1345 2816 Sicut
1387 2764 1529 2817 enim
1562 2767 1773 2832 quando
1816 2763 1917 2817 sub
1942 2762 2080 2817 duce

501 2847 626 2902 belli
655 2857 801 2903 recte
829 2852 1161 2919 compositus
1190 2854 1349 2907 fuerit
1370 2855 1661 2919 exercitus,
1696 2855 1891 2909 bellum
1934 2854 2076 2907 nulla

495 2953 562 2989 ex
596 2949 742 3006 parte
776 2942 1009 3009 ingruit:
1047 2942 1116 2995 ita
1148 2944 1232 2997 hic
1252 2959 1496 3013 quoque,
1526 2944 1740 3014 quando
1779 2945 2000 2999 maritus
2025 2955 2079 2999 et

498 3043 633 3081 uxor
656 3038 709 3083 et
737 3029 829 3083 ﬁlii
857 3042 910 3085 et
940 3032 1120 3087 famuli
1163 3034 1347 3088 eadem
1384 3046 1593 3100 curant,
1622 3051 1811 3107 magna
1852 3045 1936 3092 est
1977 3037 2077 3091 do-

498 3135 616 3174 mus
641 3122 951 3175 concordia.
970 3124 1183 3194 Alioqui
1209 3127 1251 3180 si
1276 3142 1381 3180 non
1411 3127 1480 3180 ita
1509 3128 1596 3189 sit,
1621 3143 1765 3196 s:cpe
1791 3144 1886 3198 per
1911 3145 2073 3183 unum

503 3226 729 3280 nequam
766 3227 979 3268 servum
1010 3216 1316 3270 universum
1350 3218 1623 3283 evertitur,
1649 3229 1705 3273 et
1732 3220 2071 3287 dissolvitur;

500 3310 555 3352 et
599 3316 736 3354 unus
780 3317 924 3371 sarpe
954 3313 1122 3358 totum
1154 3305 1298 3360 delet
1338 3317 1397 3361 et
1440 3307 1633 3377 perdit.
1665 3308 1905 3377 Magnam
1945 3324 2073 3380 ergo

494 3408 677 3446 curam
704 3410 951 3464 geramus
968 3407 1023 3450 et
1050 3412 1272 3452 uxorum
1297 3409 1350 3452 et
1378 3400 1665 3454 liberorum
1691 3411 1745 3455 ct
1769 3416 2069 3468 servorum,

492 3486 726 3541 scientes
762 3488 902 3556 quod
936 3489 1289 3557 principatum
1336 3492 1489 3546 nobis
1518 3493 1647 3561 ipsis
1676 3493 1962 3548 reddemus
1986 3494 2069 3548 fa-

492 3576 689 3630 cilem:
722 3578 1067 3648 clemensque
1115 3589 1169 3635 et
1216 3582 1443 3650 benigna
1490 3584 1594 3637 erit
1641 3584 1798 3638 nobis
1841 3586 2065 3639 rationis

492 3667 741 3733 redditio,
775 3677 830 3723 et
871 3671 1153 3724 dicemus:
1190 3672 1321 3726 Ecce
1363 3690 1456 3745 ego
1492 3684 1538 3728 et
1583 3677 1745 3744 pueri,
1786 3692 1912 3745 quos
1940 3678 2066 3731 mihi

488 3759 625 3811 dedit
638 3758 773 3814 Deus
791 3760 941 3830 (Isai.
958 3762 1143 3833 8.18).
1161 3762 1214 3818 Si
1237 3768 1304 3819 sit
1321 3766 1402 3818 vir
1416 3766 1781 3835 admirandus,
1800 3777 1856 3823 et
1872 3770 2065 3823 bonum

488 3862 666 3915 caput,
700 3853 963 3921 reliquum
996 3871 1208 3925 quoque
1233 3872 1429 3927 corpus
1456 3860 1650 3913 nullam
1682 3861 1785 3914 vim
1810 3864 2060 3931 patietur.

561 3941 827 4006 Quomodo
854 3960 909 3997 se
932 3960 1102 4013 gerere
1127 3947 1300 3999 debeat
1330 3950 1405 4000 vir
1430 3965 1548 4017 erga
1575 3966 1803 4004 uxorem.
1825 3982 1897 3992 ——
1922 3953 2065 4021 Quo-

492 4030 651 4084 modo
672 4033 888 4101 quidem
917 4045 1061 4088 recte
1088 4052 1146 4090 se
1178 4036 1407 4092 habeant
1434 4054 1522 4092 res
1553 4042 1734 4094 uxoris
1753 4051 1807 4095 et
1828 4058 1915 4096 res
1944 4046 2063 4108 viri,

486 4132 676 4179 exacte
715 4135 767 4179 et
814 4140 1061 4181 accurate
1091 4128 1241 4195 dixit,
1274 4140 1330 4184 ut
1371 4132 1458 4199 qui
1491 4132 1564 4185 illi
1595 4133 1810 4202 quidem
1838 4137 2067 4190 suaserit

490 4222 548 4268 ut
597 4215 782 4271 timeat
827 4227 1095 4288 tamquam
1142 4231 1334 4289 caput;
1388 4221 1511 4276 huic
1554 4233 1731 4278 autem
1780 4235 1840 4280 ut
1882 4226 2067 4296 diligat

488 4319 753 4378 tamquam
783 4325 1040 4365 uxorem:
1068 4311 1183 4377 sed,
1213 4312 1513 4381 Quomodo,
1537 4315 1726 4384 inquit,
1760 4316 1874 4372 haec
1902 4318 2063 4373 ﬁent?

489 4398 617 4454 Nam
646 4402 787 4470 quod
819 4411 1066 4470 oporteat
1092 4403 1339 4474 quidem,
1369 4406 1636 4472 ostendit;
1668 4408 1938 4477 quomodo
1966 4425 2063 4463 au-

488 4503 615 4558 tem,
649 4509 748 4562 ego
772 4494 926 4548 vobis
959 4494 1130 4549 dicam
1166 4513 1179 4548 :
1233 4496 1276 4550 si
1328 4499 1581 4566 pecunias
1607 4500 1986 4569 despiciamus,
2017 4502 2059 4554 si

486 4598 646 4636 unum
671 4594 1077 4654 exspectemus,
1112 4604 1304 4657 nempe
1334 4591 1585 4647 virtutem
1629 4595 1843 4659 animae,
1876 4596 1921 4649 si
1967 4594 2058 4649 Dei

486 4682 686 4725 metum
730 4672 1020 4729 habeamus
1061 4686 1186 4731 ante
1229 4679 1435 4733 oculos.
1468 4681 1623 4748 Quod
1651 4684 1792 4738 enim
1823 4685 2053 4749 diccbat,

483 4778 603 4816 cum
630 4763 920 4819 dissereret
948 4767 1014 4821 de
1059 4769 1231 4822 servis
1258 4788 1271 4822 :
1308 4770 1667 4837 Quodcumque
1694 4777 1863 4844 fecerit
1896 4793 2057 4832 unus.

480 4858 687 4925 quisque
711 4858 893 4910 bonum
917 4869 1004 4911 aut
1026 4862 1238 4925 malum,
1264 4861 1358 4913 hoc
1384 4863 1587 4931 recipiet
1617 4882 1648 4916 a
1673 4864 1932 4933 Domino;
1958 4868 2059 4925 hoc

485 4950 569 5001 hic
612 4964 843 5017 quoque.
877 4948 993 5003 Non
1026 4967 1155 5018 ergo
1198 4961 1415 5021 propter
1448 4954 1592 5008 illam
1636 4964 1860 5025 tantum,
1885 4976 2057 5029 quan-

482 5051 593 5093 tum
644 5050 861 5110 propter
908 5042 1178 5097 Christum
1225 5053 1602 5113 oportet,.eam
1652 5047 1896 5119 diligere.
1946 5052 2058 5109 Hoc

477 5147 606 5200 ergo
630 5147 842 5201 quoque
869 5133 1477 5202 subindicavit,dicens:
1502 5137 1786 5209 Tamquam
1814 5141 2052 5201 Domino.

475 5222 766 5292 Tamquam
802 5223 1025 5278 Domino
1049 5241 1178 5295 ergo
1204 5227 1525 5298 obsequens,
1553 5240 1608 5286 et
1635 5243 1852 5303 propter
1882 5238 2052 5307 ipsum

476 5315 654 5368 omnia
692 5314 914 5379 faciens,
940 5317 1017 5369 sic
1048 5333 1173 5385 gere
1201 5321 1379 5373 omnia
1407 5338 1421 5373 :
1451 5320 1553 5377 hoc
1578 5324 1774 5379 sufﬁcit
1801 5326 1868 5381 ad
1898 5328 2055 5382 indu-

475 5404 702 5458 cendum
746 5414 800 5459 et
846 5408 1308 5475 persuadendum,
1340 5420 1528 5467 etnon
1577 5416 1855 5471 sinendum
1901 5429 1959 5473 ut
1986 5420 2055 5474 sit

476 5496 581 5549 ulla
610 5497 674 5550 lis
694 5506 747 5551 et
770 5497 1053 5553 dissensio.
1074 5498 1262 5554 Nullus
1285 5500 1457 5557 ﬁdelis
1482 5506 1728 5559 maritum
1761 5508 1897 5576 apud
1924 5526 2054 5564 uxo-

474 5604 587 5642 rem
619 5589 1008 5644 calumnietur:
1039 5592 1134 5646 sed
1159 5608 1333 5663 neque
1360 5595 1438 5648 vir
1463 5595 1655 5651 leviter
1675 5607 1729 5651 et
1752 5598 2053 5656 inconside-

474 5689 590 5733 rate
611 5680 793 5733 credat
820 5681 1077 5736 adversus
1102 5700 1358 5751 uxorem;
1405 5701 1577 5756 neque
1607 5703 1740 5742 uxor
1769 5691 1960 5747 leviter
1998 5702 2051 5749 et

471 5771 683 5824 curiose
708 5781 973 5827 scrutetur
1000 5775 1272 5843 ingressus
1298 5786 1353 5831 et
1379 5779 1553 5833 exitus
1579 5795 1592 5845 ;
1625 5780 1719 5835 sed
1760 5798 1859 5839 nec
1884 5786 2047 5840 mari-

469 5872 558 5915 tus
590 5863 820 5930 seipsum
864 5867 1095 5935 prmbeat
1126 5868 1339 5939 dignum
1387 5872 1707 5941 suspicione.
1735 5874 1839 5932 Cur
1869 5880 2031 5947 enim,

1265 448 1321 502 S.
1356 446 1633 503 JOANNIS
1670 444 2135 502 CllRYSOSTOMl
2176 444 2483 500 ARCIIIEP.
2528 448 3059 512 CONSTANTINOP.
3664 483 3737 537 ιη

2219 556 2305 610 dic
2340 559 2491 623 mihi,
2527 570 2638 617 toto
2666 564 2753 620 die
2799 577 2848 622 te
2878 569 2974 623 das
3022 574 3230 642 amicis,
3277 582 3427 635 uxori
3470 598 3628 645 autem
3668 614 3736 652 vi,»

2213 660 2369 715 spere
2393 666 2406 715 ;
2435 660 2490 704 et
2515 667 2613 707 nec
2636 655 2715 710 sic
2746 657 2842 726 ipsi
2870 669 3023 728 potes
3049 665 3390 736 satisfacere,
3419 689 3514 730 nec
3536 694 3738 746 amorem

2210 739 2609 807 suspicionem?
2652 746 2717 801 Et
2745 749 2791 803 si
2819 760 2873 804 te
2903 765 3121 811 accuset
3150 773 3301 826 uxor,
3334 778 3401 818 ne
3428 780 3561 837 aegre
3600 739 3736 835 feras:

2210 840 2291 885 est
2333 832 2383 886 id
2422 837 2693 905 amicitiae,
2740 857 2846 897 non
2892 853 3259 918 arrogantiae:
3304 832 3543 918 ardentis
3580 832 3739 931 amoris

2208 932 2333 977 sunt
2360 923 2463 979 illa:
2487 933 2855 989 accusationes
2878 946 2929 991 et
2951 938 3208 998 ferventis
3230 945 3450 1006 aﬁ‘ectus
3472 968 3532 1009 ac
3554 923 3735 1021 timoris:

2207 1012 2384 1069 Timet
2413 1017 2555 1072 enim
2589 1036 2657 1075 ne
2684 1025 2802 1092 quis
2831 1028 3123 1087 snﬁ‘uretur
3150 1036 3327 1093 cubile
3366 1042 3537 1112 suum,
3567 1064 3626 1103 ne
3648 1058 3739 1122 quis

2207 1103 2260 1157 in
2291 1105 2553 1164 bonorum
2587 1126 2794 1169 summa
2823 1120 2870 1173 ei
2895 1121 3277 1184 detrimentum
3304 1132 3508 1203 aﬁ‘erat,
3534 1156 3594 1196 ne
3615 1103 3739 1215 cajput

2209 1196 2318 1215 ---ΡΑ
2363 1208 2404 1215 -Α
2556 1203 2568 1215 ¹
2896 1211 2911 1215 “
2964 1214 2971 1215 ί

2205 1196 2430 1265 auferat,
2554 1203 2753 1260 lcetum
2789 1211 3074 1277 perfodiat.
3104 1218 3197 1273 Est
3222 1223 3364 1278 aliud
3387 1196 3739 1308 quoque

2203 1298 2440 1342 mentum
2466 1292 2817 1354 dissensionis
2850 1318 2863 1355 :
2912 1320 3071 1363 nemo
3097 1322 3291 1379 praeter
3315 1292 3529 1376 modum
3554 1292 3740 1390 famtilos

2203 1387 2373 1445 curet,
2403 1396 2504 1436 nec
2547 1387 2776 1453 puellam
2824 1397 3073 1464 maritus,
3103 1417 3278 1473 neque
3308 1424 3446 1465 uxor
3488 1387 3737 1479 famulum;

2201 1467 2317 1524 inec
2347 1473 2490 1527 enim
2536 1480 2667 1532 satis
2694 1492 2817 1537 sunt
2844 1486 2910 1540 ad
2956 1467 3244 1557 pariendas
3271 1502 3618 1569 suspiciones.

2200 1561 2342 1667 epim
2392 1567 2564 1635 cogita
2607 1569 2784 1638 justus
2825 1576 3124 1650 illos:ipsa
3150 1584 3307 1641 Sarra
3349 1561 3512 1659 jussit
3551 1561 3737 1667 patriai:

2198 1650 2351 1705 cham
2384 1656 2628 1725 accipere
2655 1662 2836 1733 Agar;
2887 1667 2999 1737 ipsa
3045 1650 3368 1743 imperavit:
3396 1650 3735 1761 nemo‘coegit,

2200 1757 2300 1797 nec
2329 1759 2446 1798 eam
2480 1748 2673 1806 invasit
2703 1757 2962 1827 maritus;
2991 1764 3087 1819 sed
3114 1771 3357 1836 quamvis
3395 1774 3607 1847 longum
3635 1748 3739 1839 tein:

2196 1849 2295 1902 pus
2324 1842 2673 1905 protraxisset
2697 1846 2815 1902 sine
2857 1851 3060 1922 liberis,
3090 1858 3251 1930 elegit
3281 1866 3462 1933 potius
3492 1842 3736 1942 numquam

2195 1939 2315 1980 esse
2344 1938 2516 1997 pater,
2555 1948 2715 2002 quam
2758 1954 2878 1995 esse
2923 1945 3183 2003 molestus
3228 1956 3400 2012 uxori.
3446 1957 3549 2015 Sed
3595 1938 3740 2023 tamen

2195 2030 2313 2087 post
2341 2020 2456 2078 haec
2480 2028 2655 2082 omnia
2685 2032 2811 2098 quid
2850 2034 2979 2091 dicit
3004 2039 3205 2095 Sarra?
3230 2046 3438 2103 Judi'cet
3484 2051 3615 2110 Deus

2192 2127 2269 2217 ine
2295 2122 2343 2165 et
2393 2123 2440 2167 te
2492 2115 2644 2187 (Gen.
2680 2121 2765 2175 16.
2812 2124 2891 2196 5).
2924 2128 3139 2196 Annon,
3184 2136 3229 2188 si
3282 2139 3471 2195 fuisset
3516 2146 3737 2217 quispiam

2193 2203 2349 2270 alius,
2380 2218 2557 2264 motus
2589 2223 2737 2268 esset
2775 2217 2841 2270 ad
2892 2219 3066 2275 iram?
3116 2241 3221 2279 non
3266 2232 3428 2285 etiam
3461 2203 3641 2293 manus
3662 2257 3737 2295 ex-

2193 2299 2471 2367 tendisset,
2504 2310 2889 2374 prepemodum
2921 2313 3127 2384 dicens,
3155 2320 3291 2387 Quid
3314 2323 3495 2381 dicis?
3531 2332 3739 2389 nolebam

2188 2406 2288 2461 ego
2313 2399 2759 2456 consuetudinem
2784 2401 2985 2461 habere
3014 2423 3134 2464 cum
3161 2414 3389 2473 muliere
3419 2438 3434 2473 :
3467 2428 3629 2478 totum
3650 2440 3674 2478 a
3699 2437 3740 2481 te

2190 2485 2486 2551 profectum
2514 2486 2630 2557 est;
2656 2501 2709 2547 et
2738 2510 2925 2552 rursus
2947 2505 3209 2557 accusas?
3233 2504 3337 2561 Sed
3365 2509 3460 2565 ille
3487 2513 3615 2569 nihil
3632 2516 3738 2571 dixit

2185 2574 2447 2643 ejusmodi
2473 2596 2488 2642 ;
2535 2582 2628 2635 sed
2658 2585 2825 2653 quid?
2853 2586 2987 2643 Ecce
3012 2594 3200 2649 ancilla
3226 2598 3278 2651 in
3302 2602 3537 2657 manibus
3562 2609 3670 2674 tuis,
3694 2626 3739 2662 ea

2183 2676 2322 2722 utere
2360 2680 2413 2722 ut
2460 2672 2548 2725 tibi
2596 2674 2842 2742 placuerit
2894 2680 3056 2750 (Ibid.
3090 2701 3138 2739 υ.
3184 2686 3263 2757 6).
3298 2690 3458 2747 Dedit
3506 2696 3621 2751 lecti
3659 2672 3736 2753 so-

2183 2758 2343 2823 ciam,
2375 2776 2443 2815 ne
2471 2762 2684 2818 Sarram
2716 2769 2955 2825 moleStia
3005 2774 3265 2833 afﬁceret.
3295 2784 3458 2853 Atqui
3512 2788 3635 2844 nihil
3673 2803 3738 2846 est

2184 2848 2286 2905 hoc
2319 2853 2490 2921 majus
2515 2855 2579 2909 ad
2609 2858 2869 2914 rationem
2898 2863 3310 2928 benevolentiae.
3338 2848 3475 2930 Nam
3502 2879 3545 2932 si
3568 2894 3740 2937 mense

2183 2941 2347 2998 fuisse
2375 2947 2573 3013 socios,
2603 2949 2769 3005 efﬁcit
2795 2963 2852 3008 ut
2879 2957 3038 3012 etiam
3073 2960 3309 3019 latrones
3347 2968 3457 3023 sint
3488 2974 3738 3031 unanimes

2181 3049 2303 3089 cum
2335 3037 2660 3097 adversariis
2692 3045 2713 3110 (
2729 3056 2782 3099 et
2808 3046 2938 3103 dicit
2967 3053 3406 3127 psalmographus
3440 3081 3455 3117 :
3491 3065 3591 3132 Qui
3613 3070 3741 3123 sintut

2182 3126 2353 3182 dulces
2382 3146 2574 3184 mecum
2602 3136 2834 3203 cupiebas
2863 3140 2997 3194 cibos
3029 3140 3210 3214 [PsaL
3371 3126 3559 3226 45]);
3601 3173 3737 3215 unam

2173 3218 2282 3288 jam
2315 3222 2509 3277 factam
2538 3239 2658 3281 esse
2682 3243 2898 3285 carnem
2950 3236 2966 3300 (
2985 3234 3088 3292 hoc
3125 3240 3269 3295 enim
3296 3254 3379 3297 est
3419 3218 3615 3303 cubilis
3640 3266 3739 3306 esse

2178 3312 2435 3385 sociam),
2483 3317 2652 3373 multo
2699 3323 2869 3393 magis
2920 3326 3120 3384 sufﬁcit
3169 3332 3231 3387 ad
3261 3337 3659 3397 attrahendum.
3684 3345 3740 3398 At

2177 3404 2307 3457 nihil
2352 3406 2614 3474 ejusmodi
2662 3411 2864 3481 justum
2919 3422 3091 3486 potuit
3133 3439 3459 3494 expugnare,
3507 3434 3599 3486 sed
3640 3450 3737 3489 eam

2178 3494 2394 3549 tradidit
2440 3502 2626 3562 uxori,
2679 3508 2973 3564 ostendens
3022 3513 3154 3567 nihil
3208 3517 3401 3573 factum
3456 3525 3619 3579 fuisse
3660 3541 3738 3581 sua

2174 3585 2371 3653 culpa:
2405 3599 2458 3642 et
2507 3592 2646 3659 quod
2700 3605 2785 3649 est
2836 3600 3029 3668 majus,
3059 3618 3179 3659 eam
3230 3610 3407 3663 emisit
3461 3614 3735 3681 gravidam.

2174 3675 2304 3740 Quis
2332 3694 2436 3732 nou
2459 3692 2605 3736 esset
2633 3687 2884 3743 misertus
2908 3692 3045 3759 ejus,
3066 3712 3185 3763 qua:
3201 3714 3267 3751 ex
3297 3700 3413 3770 ipso
3435 3715 3740 3775 conceperat

2175 3768 2382 3822 ﬁlimn?
2424 3772 2528 3826 Sed
2556 3790 2662 3829 non
2691 3778 2863 3835 flexus
2889 3794 2973 3837 est
3002 3786 3092 3841 ille
3112 3788 3289 3856 justus
3365 3810 3493 3849 nam
3520 3768 3738 3854 dilectio-

2173 3873 2297 3913 nem
2328 3861 2379 3914 in
2413 3877 2638 3919 uxorem
2681 3869 3001 3935 praeferebat
3028 3879 3299 3934 omnibus.

2245 3949 2296 4002 7.
2338 3950 2564 4009 Consilia
2586 3957 2655 4009 ad
2684 3962 2985 4031 conjugatos
3011 3984 3276 4038 pauperes.
3306 3972 3506 4031 Domus
3532 3989 3581 4033 et
3608 3983 3740 4051 fami-

2172 4038 2242 4092 lia
2260 4045 2509 4111 quomodo
2534 4049 2871 4104 ornandw.—
2892 4054 3042 4111 llunc
3069 4075 3167 4114 nos
3196 4078 3409 4135 quoque
3439 4038 3733 4126 imitemur:

2173 4148 2330 4190 nemo
2373 4140 2620 4205 proximo
2647 4145 2937 4213 exprobret
2988 4164 3380 4221 paupertatem,
3412 4177 3578 4217 nemo
3614 4176 3739 4219 amet

2173 4228 2460 4294 pecunias;
2508 4242 2563 4285 et
2608 4234 2781 4289 soluta
2813 4247 2939 4293 sunt
2987 4246 3190 4300 omnia.
3238 4247 3421 4320 Neque
3448 4252 3593 4309 dicat
3620 4272 3738 4311 uxor

2171 4318 2381 4385 marito,
2419 4319 2611 4390 Ignave
2649 4336 2705 4380 et
2749 4328 2955 4396 timide,
2988 4342 3204 4403 torpore
3250 4318 3404 4408 plene
3430 4356 3488 4399 et
3528 4346 3737 4403 hebetu-

2166 4408 2322 4476 dine,
2377 4412 2524 4483 piger
2574 4425 2628 4471 et
2679 4422 3056 4482 somnolente:
3103 4428 3192 4482 ille
3248 4431 3465 4489 humilis
3507 4450 3563 4493 et
3604 4440 3737 4508 abje-

2168 4512 2287 4558 ctus
2312 4515 2368 4559 et
2412 4507 2599 4564 humili
2631 4511 2751 4566 loco
2791 4526 2966 4582 natus,
3014 4520 3175 4575 aditis
3204 4525 3462 4593 periculis
3492 4542 3550 4585 et
3575 4507 3740 4588 susce-

2170 4596 2273 4663 ptis
2298 4600 2841 4668 peregrinationibus,
2873 4623 3094 4678 magnas
3125 4616 3329 4681 paravit
3367 4617 3665 4686 facultates,
3690 4634 3737 4678 et

2168 4702 2302 4740 uxor
2346 4690 2462 4758 ejus
2492 4704 2668 4761 gestat
2698 4713 2908 4765 aurtnn,
2939 4712 2992 4754 et
3032 4704 3082 4757 in
3113 4720 3275 4762 curru
3304 4712 3575 4768 mulorum
3598 4717 3736 4770 albo-

2165 4793 2281 4830 rum
2334 4785 2690 4849 progreditur,
2743 4789 2793 4841 in
2841 4806 3053 4847 omnem
3103 4809 3308 4865 partem
3351 4803 3734 4873 circumfertur,

2166 4869 2326 4926 habet
2350 4889 2541 4944 greges
2584 4876 2904 4936 famulorum
2932 4894 2986 4938 et
3011 4889 3219 4955 agmina
3246 4894 3617 4951 cunuchorum
3645 4916 3658 4950 :
3688 4908 3735 4951 tu

2164 4973 2340 5019 autem
2379 4969 2592 5033 metuis,
2628 4969 2934 5042 frustraque
2958 4977 3096 5032 vivis
3125 4990 3178 5035 et
3207 4981 3488 5041 inutiliter.
3522 4988 3604 5043 Ne
3634 4989 3734 5043 hac

2164 5056 2247 5109 vel
2270 5056 2466 5111 similia
2496 5059 2640 5114 dicat
2682 5077 2847 5129 uxor;
2892 5078 2974 5120 est
3000 5071 3145 5123 enim
3173 5088 3390 5143 corpus,
3421 5095 3530 5133 non
3565 5090 3621 5133 ut
3648 5082 3735 5132 im-

2166 5157 2315 5215 peret
2334 5150 2512 5217 capiti,
2538 5152 2634 5205 sed
2661 5162 2716 5208 ut
2738 5166 2921 5224 pareat
2943 5169 2998 5213 et
3024 5162 3254 5217 ohediat.
3285 5166 3569 5231 Quomodo
3594 5186 3732 5241 ergo,

2163 5238 2353 5309 inquit,
2388 5242 2523 5296 feret
2555 5253 2963 5314 paupertatem?
3012 5254 3153 5310 unde
3199 5257 3431 5313 inveniet
3459 5238 3735 5318 solatium!

2163 5330 2338 5401 Eligat
2367 5351 2485 5404 qtue
2517 5346 2641 5391 sunt
2682 5354 2741 5394 se
2768 5345 3134 5411 pauperiores,
3160 5358 3372 5418 reputet
3399 5364 3533 5421 quot
3560 5371 3735 5408 rursus

2163 5427 2354 5494 puellae
2386 5430 2590 5484 nobiles
2621 5443 2675 5486 et
2703 5436 2868 5489 nobili
2899 5438 3016 5492 loco
3048 5450 3187 5493 nata:
3224 5458 3328 5496 non
3358 5445 3533 5500 solum
3567 5463 3594 5499 a
3627 5463 3732 5501 ma-

2162 5517 2277 5572 ritis
2300 5518 2434 5573 nihil
2464 5534 2807 5591 acceperunt,
2837 5526 2930 5580 sed
2956 5529 3116 5582 etiam
3144 5531 3223 5584 eis
3248 5532 3534 5603 dederunt,
3564 5550 3616 5591 et
3644 5554 3731 5591 sua

2162 5608 2341 5662 omnia
2380 5624 2863 5681 consumpserunt;
2920 5621 3116 5687 cogitet
3155 5638 3275 5691 qua:
3318 5641 3383 5679 ex
3416 5628 3497 5681 his
3541 5628 3733 5682 divitiis

2161 5709 2455 5755 nascuntur
2483 5704 2743 5772 pericula,
2776 5716 2831 5761 ct
2857 5712 3220 5779 amplectetur
3245 5716 3403 5771 vitam
3434 5734 3555 5787 quae
3583 5719 3735 5773 nullis.

2157 5790 2390 5859 agitatur
2441 5796 2688 5864 negotiis.
2724 5797 2780 5853 In
2814 5816 3044 5872 summa,
3096 5806 3140 5859 si
3168 5807 3237 5861 sit
3286 5808 3338 5862 in
3368 5811 3615 5865 maritum
3643 5810 3729 5864 be-

2166 5886 2350 5940 nevola
2377 5894 2428 5940 el
2459 5886 2591 5944 bene
2613 5889 2820 5960 affecta,
2839 5896 2968 5952 nihil
2995 5899 3134 5955 dicet
3167 5900 3428 5971 ejusmodi
3455 5947 3468 5970 ,
3493 5906 3590 5961 sed
3623 5922 3727 5957 nia-
