3960 6496
239 406 334 461 “3

233 519 335 590 γὰρ
359 517 525 586 αὐτὴν
557 519 973 593 κατασκευάσῃς
1009 520 1168 590 ἁγίαν
1201 523 1292 576 καὶ
1325 525 1587 595 ἄμωμον,
1613 527 1796 580 πάντα

230 603 432 657 ἐπεται.
467 605 627 672 Ζήτει
665 603 734 655 τὰ
761 603 856 656 τοῦ
879 604 1035 670 Θεοῦ,
1078 607 1173 658 καὶ
1211 607 1280 660 τά
1317 609 1635 679 ἀνθρώπινα
1665 613 1798 662 ἁκο-

228 685 468 754 λουθήσει
508 687 646 752 μετά
678 686 878 756 πολλῆς
922 688 1024 756 τῆς
1074 689 1342 753 εὐκολίας.
1390 691 1649 761 Ῥύθμιζε
1693 692 1796 759 τὴν

229 769 472 834 γυναῖκα,
500 768 595 820 καὶ
623 767 766 822 οὕτω
790 773 1172 838 συγκροτεῖται
1201 775 1234 842 ή
1261 774 1426 828 οἰκία.
1459 776 1656 828 Ἀκουε
1696 777 1794 828 τοῦ

230 854 432 910 Παύλου
474 855 739 922 λέγοντος
773 856 840 909 Εἰ
860 857 928 911 δέ
949 875 1000 910 τι
1029 859 1236 925 μαθεῖν
1270 858 1571 924 θέλουσιν,
1608 864 1678 915 ἐν
1705 862 1794 914 ωι-

227 955 307 1004 κῳ
336 936 475 1001 τοὺς
499 937 688 1003 ἰδίους
715 938 939 1006 ἄνδρας
975 940 1461 1008 ἐπερωτάτωσαν.
1520 946 1616 996 Ἂν
1650 941 1794 995 οὕτω

226 1025 318 1085 τὰς
347 1023 526 1086 οἰκίας
551 1023 841 1094 διοικῶμεν
871 1026 970 1088 τὰς
1004 1027 1234 1091 ἑαυτῶν,
1256 1031 1351 1082 καὶ
1387 1030 1523 1099 πρὸς
1565 1030 1796 1099 Ἐκκλη-

227 1105 342 1166 σίας
364 1106 685 1158 ἐπιστασίαν
724 1105 960 1176 ἐσόμεθα
989 1109 1305 1178 ἐπιτήδειον
1343 1113 1436 1164 καὶ
1463 1115 1494 1180 ή
1523 1113 1666 1165 οἰκία
1683 1112 1792 1181 γὰρ

235 1187 526 1259 Ἐκκλησία
548 1189 664 1241 ἐστὶ
702 1189 894 1259 μικρά.
923 1188 1109 1254 Οὕτως
1141 1191 1219 1244 ἐνι
1249 1192 1450 1263 ἀνδρας
1481 1197 1570 1246 καὶ
1605 1196 1794 1262 γυναῖ-

224 1285 322 1329 κας
380 1270 703 1340 γενομένους
766 1272 1026 1340 ἀγαθοὺς,
1091 1275 1303 1338 πάντας
1363 1277 1790 1347 ὑπερϐαλέσθαι.

237 1351 512 1422 Ἐννόησον
540 1352 634 1404 τὸν
685 1352 957 1424 Ἁϐραάμ,
1005 1355 1105 1426 τὴν
1150 1357 1393 1428 Σάρραν,
1449 1358 1541 1410 τὸν
1581 1361 1789 1424 Ἰσαὰκ,

222 1435 344 1497 τούς
375 1435 720 1505 τριακοσίους
780 1435 913 1489 δέκα
968 1437 1066 1492 καὶ
1116 1437 1262 1491 ὀκτὼ
1315 1441 1634 1508 οἰκογενεῖς
1676 1440 1792 1504 πῶς

224 1519 424 1587 πᾶσαή
453 1516 597 1571 οἰκία
627 1519 1053 1589 συγκεκρότητο,
1091 1522 1209 1586 πῶς
1263 1522 1450 1576 ἅπασα
1505 1524 1792 1588 εὐλαϐείας

223 1599 434 1669 ἐγεμεν.
469 1601 683 1670 Ἐκείνη
720 1603 813 1654 καὶ
845 1602 906 1654 τὸ
938 1603 1292 1658 ἀποστολικὸν
1309 1606 1548 1677 ἐπλήρου
1577 1607 1792 1677 παράγ-

221 1683 413 1752 γελμα,
444 1685 534 1736 καὶ
561 1684 650 1737 τὸν
676 1684 842 1756 ἄνδρα
867 1687 1115 1756 ἐφοϐεῖτο
1137 1703 1150 1716 ⁸
1191 1689 1356 1743 ἄκουε
1379 1691 1488 1762 γὰρ
1515 1691 1684 1758 αὐτῆς
1707 1691 1792 1743 λε-

221 1765 443 1837 γούσης·
481 1767 656 1822 Οὔπω
670 1767 787 1836 μέν
801 1785 903 1837 μοι
927 1769 1176 1840 γέγονεν
1197 1770 1308 1837 ἕως
1329 1772 1434 1825 τοῦ
1470 1772 1605 1837 νῦν,
1649 1775 1683 1826 ό
1723 1771 1792 1826 δὲ

220 1849 420 1914 κύριός
449 1865 568 1917 μου
629 1852 1049 1920 πρεσϐύτερος·
1099 1853 1348 1918 κάκεῖνος
1394 1856 1565 1925 αὐτὴν
1617 1854 1790 1919 οὕτως

219 1930 430 1998 ήγάπα,
461 1931 535 1994 ὡς
565 1933 741 1986 πάντα
775 1934 1068 2006 κελευούσῃ
1100 1935 1404 1990 πείθεσθαι.
1431 1939 1539 1990 Καὶ
1573 1938 1634 1991 τὸ
1659 1954 1786 1991 παι-

222 2013 328 2066 δίον
355 2014 608 2084 ἐνάρετον
634 2012 721 2085 ἦν,
749 2017 842 2070 καὶ
868 2019 914 2071 οί
938 2019 1235 2088 οἰκογενεῖς
1261 2021 1355 2073 καὶ
1393 2021 1548 2074 αὐτοὶ
1571 2021 1788 2092 θαυμα-

217 2096 349 2162 στοὶ,
396 2098 450 2150 οῖ
474 2114 538 2166 γε
578 2101 672 2151 καὶ
730 2101 1067 2154 κινδυνεῦσαι
1110 2104 1246 2171 μετά
1275 2105 1369 2157 τοῦ
1403 2104 1660 2159 δεσπότου
1690 2106 1790 2159 οὐκ

218 2180 491 2259 ὤκνησαν,
530 2183 629 2236 οὐκ
665 2184 1006 2248 ἀνεϐάλοντο,
1039 2186 1158 2238 οὐδὲ
1175 2186 1271 2258 τὴν
1293 2188 1472 2242 αἰτίαν
1497 2189 1786 2259 ἐζήτησαν·

214 2261 323 2315 ἀλλ’
350 2256 436 2326 εἷς
459 2264 678 2318 αὐτῶνό
708 2267 1061 2338 προεστηκὼς
1089 2256 1238 2322 οὕτω
1259 2256 1686 2342 θαυμαστὸςῆν,
1717 2273 1791 2335 ὼς

213 2347 303 2398 καὶ
347 2347 528 2414 γάμον
575 2349 1001 2418 ἐμπιστευθῆναι
1042 2351 1135 2404 τοῦ
1204 2355 1521 2421 μονογενοῦς
1579 2355 1787 2419 παιδὸς,

213 2428 303 2480 καὶ
328 2428 639 2498 ἀποδημίαν
661 2430 967 2502 ὑπερόριον.
1008 2433 1274 2504 Καθάπερ
1305 2436 1409 2504 γὰρ
1445 2438 1536 2490 ἐπὶ
1592 2453 1789 2508 στρατ-

220 2510 378 2580 ηγοῦ,
413 2513 540 2566 ὅταν
565 2514 658 2567 καὶ
680 2516 738 2567 τὸ
765 2516 1156 2585 στρατιωτικὸν
1261 2521 1787 2590 συγκεκροτημένον,

211 2594 508 2664 οὐδαμόθεν
529 2598 556 2649 6
582 2597 844 2666 πολέμιος
872 2599 1273 2669 ἐπεισέρχεται⁹
1301 2602 1445 2654 οὕτω
1469 2601 1534 2672 δὴ
1565 2605 1660 2656 καὶ
1707 2605 1792 2656 ἐν-

213 2677 404 2752 ταῦθα,
436 2679 564 2731 ὅταν
592 2680 731 2750 ἀνὴρ
755 2682 849 2733 καὶ
882 2681 1018 2752 γυνὴ
1061 2684 1156 2736 καὶ
1217 2684 1403 2737 παιδία
1449 2687 1544 2738 καὶ
1581 2685 1789 2738 οἰκέται

212 2751 306 2812 ὦσι
335 2760 450 2813 τῶν
500 2762 678 2814 αὐτῶν
711 2751 1150 2834 ἐπιμελούμενοι,
1202 2766 1368 2837 πολλὴ
1397 2767 1494 2836 τῆς
1536 2768 1712 2831 οἰκίας
1755 2768 1788 2831 ἡ

210 2842 453 2910 ὁμόνοια·
490 2845 632 2906 ἐπεὶ,
682 2845 776 2922 ἐξιν
829 2847 902 2916 μὴ
940 2846 1112 2909 οὕτως
1143 2843 1200 2922 ᾖ.
1243 2849 1502 2912 πολλάκις
1552 2851 1620 2904 δι’
1672 2850 1789 2914 ἐνὸς

213 2924 424 2977 οἰκέτου
455 2926 657 2993 φαύλου
682 2901 742 2980 1%
766 2931 873 2981 πᾶν
897 2901 1262 3000 ἀνατρέπεται
1290 2933 1386 2986 καὶ
1437 2933 1784 2997 καταλύεται,

214 3009 301 3059 καὶ
329 3011 358 3061 6
412 3005 492 3072 εἷς
519 3010 778 3074 πολλάκις
830 3012 890 3064 τὸ
943 3015 1049 3066 πᾶν
1097 3015 1327 3082 ἠφάνισε
1368 3017 1460 3068 καὶ
1490 3017 1782 3087 διέφθειρε.

215 3091 419 3163 Πολλὴν
472 3089 568 3146 οὖν
622 3095 876 3165 πρόνοιαν
906 3096 1188 3165 ποιώμεθα
1227 3100 1321 3151 καὶ
1363 3099 1638 3165 γυναικῶν
1689 3101 1786 3153 καὶ

210 3175 418 3228 παίδων
452 3177 546 3228 καὶ
569 3176 788 3242 δούλων,
818 3178 1014 3241 εἰδότες
1041 3179 1124 3231 ὃτι
1157 3179 1256 3249 τὴν
1313 3181 1489 3252 ἀρχὴν
1523 3183 1654 3251 ἡμῖν
1682 3182 1782 3234 αὐ-

210 3260 318 3319 τοῖς
363 3256 590 3311 εὔκολον
628 3262 1066 3331 καταστήσομεν,
1115 3263 1206 3315 καὶ
1257 3263 1340 3316 δτι
1397 3265 1496 3327 τὰς
1554 3264 1785 3328 εὐθύνας

210 3341 452 3411 ήμέρους
487 3344 582 3396 καὶ
631 3345 896 3408 ἐπιεικεῖς
941 3342 1154 3414 ἕξομεν,
1198 3347 1290 3399 καὶ
1323 3347 1578 3416 ἐροῦμεν
1625 3347 1784 3402 Ἰδοὺ

209 3423 320 3491 ἐγὼ
354 3427 458 3477 καὶ
493 3426 564 3480 τὰ
599 3425 822 3485 παιδία.
850 3427 887 3481 ἅ
911 3445 1015 3496 μοι
1043 3427 1270 3481 ἔδωκεν
1313 3433 1345 3482 ό
1391 3430 1555 3494 Θεός.
1603 3430 1728 3482 Ἐάν
1757 3432 1785 3483 6

209 3504 345 3575 ἀνὴρ
373 3506 710 3576 θαυμαστὸς,
752 3510 844 3561 καὶ
883 3511 917 3580 ή
964 3510 1174 3579 κεφαλὴ
1203 3509 1362 3580 καλὴ,
1397 3511 1489 3564 καὶ
1514 3511 1573 3563 τὸ
1597 3511 1783 3564 λοιπδν

210 3589 372 3660 σῶμα
413 3592 670 3662 οὐδεμίαν
703 3591 1065 3664 ύποστήσεται
1094 3593 1235 3664 βίαν.

276 3725 354 3778 Τὰ
395 3725 498 3796 μὲν
518 3723 611 3780 οὐν
632 3726 770 3780 κατά
789 3727 886 3798 τὴν
910 3730 1144 3796 γυναῖκα
1167 3727 1282 3790 πῶς
1307 3727 1372 3782 ἂν
1397 3728 1577 3794 καλῶς
1604 3731 1782 3784 διατε-

209 3806 324 3875 θείη
363 3807 581 3860 καὶτὸν
629 3809 821 3880 ἄνδρα,
852 3811 1096 3880 ἀκριϐῶς
1152 3808 1298 3876 εἷπε,
1325 3810 1422 3882 τὴν
1455 3813 1554 3881 μὲν
1587 3813 1778 3882 φοϐεῖ-

208 3891 328 3944 σθαι
358 3892 700 3964 παραινέσας
735 3893 810 3954 ὡς
859 3894 1120 3966 κεφαλὴν,
1183 3895 1274 3948 τὸν
1329 3895 1386 3947 δὲ
1422 3896 1644 3967 ἀγαπᾷν
1697 3897 1776 3960 ὼς

206 3979 462 4042 γυναῖκα.
505 3975 627 4038 Πῶς
647 3975 692 4028 δ’
721 3976 786 4030 ἂν
810 3977 982 4032 ταῦτα
1010 3978 1252 4046 γένοιτο;
1295 3978 1460 4047 φησίν
1482 3994 1497 4010 ο
1527 3979 1650 4032 Ὅτι
1681 3980 1780 4050 μὲν

206 4058 311 4128 γὰρ
336 4059 442 4120 δεῖ,
481 4058 667 4122 ἔδειξε·
695 4058 752 4111 τὸ
781 4059 835 4112 δὲ
859 4059 996 4124 πῶς,
1035 4060 1146 4128 ἐγὼ
1189 4059 1319 4130 πρὸς
1358 4061 1502 4130 ὑμᾶς
1529 4061 1639 4131 ἐρῶ
1662 4077 1676 4092 ο
1710 4059 1778 4114 ἂν

206 4142 504 4211 χρημάτων
544 4143 988 4211 καταφρονῶμεν,
1023 4143 1088 4195 ἂν
1109 4142 1242 4212 πρὸς
1269 4141 1326 4194 ἒν
1343 4142 1558 4213 ὁρῶμεν
1589 4144 1772 4213 μόνον,

205 4225 382 4294 ψυχῆς
436 4224 657 4295 ἀρετὴν,
702 4223 767 4277 ἂν
808 4224 898 4277 τὸν
926 4223 1020 4278 τοῦ
1057 4224 1192 4277 Θεοῦ
1228 4224 1390 4293 φόϐον
1423 4225 1634 4294 ἔχωμεν
1671 4226 1776 4296 πρὸ

206 4306 520 4378 ὀφθαλμῶν.
560 4308 734 4376 Ὅπερ
766 4307 874 4376 γὰρ
896 4309 950 4361 ἐν
977 4310 1086 4370 τοῖς
1115 4307 1250 4377 πρὸς
1274 4308 1399 4370 τούς
1424 4307 1639 4370 δούλους
1661 4307 1779 4360 δια-

207 4391 495 4460 λεγόμενος
523 4389 725 4457 ἔλεγεν,
761 4391 834 4442 ’Ὅ
863 4407 917 4442 τι
971 4389 1050 4444 ἂν
1082 4389 1310 4456 ποιήσῃ
1349 4389 1610 4456 ἕκαστος
1641 4391 1778 4458 ἀγα-

215 4471 320 4524 θὸν
351 4471 400 4542 [1
416 4471 501 4543 εἱίὶ]
535 4473 571 4538 ἢ
590 4471 801 4537 κακὸν,
819 4473 994 4526 τοῦτο
1020 4470 1302 4540 κομιεῖται
1340 4471 1499 4538 παρὰ
1535 4471 1640 4524 τοῦ
1663 4474 1780 4524 Κυ-

207 4560 365 4625 ρίου,
397 4558 552 4611 τοῦτο
585 4562 679 4613 καὶ
704 4558 954 4612 ἐνταῦθα.
980 4558 1070 4630 Μὴ
1103 4557 1172 4610 δι’
1204 4558 1423 4628 ἐκείνην
1460 4557 1641 4610 τοίνυν
1689 4575 1778 4609 το·

213 4641 419 4704 σοῦτον,
444 4644 566 4694 ὅσον
590 4642 679 4696 διὰ
700 4643 788 4694 τὸν
818 4641 1049 4712 Χριστὸν
1082 4639 1250 4711 αὐτὴν
1288 4641 1510 4711 ἀγαπᾷν
1535 4681 1549 4695 .
1609 4639 1780 4693 Τοῦτο

207 4725 336 4791 γοῦν
361 4726 457 4778 καὶ
484 4725 703 4795 ᾐνίξατο
741 4724 936 4777 εἰπών·
975 4725 1069 4788 Ὡς
1097 4722 1176 4787 τῷ
1202 4723 1410 4791 Κυρίῳ.
1445 4753 1518 4763 --
1556 4724 1649 4790 Ὡς
1699 4721 1779 4788 τῷ

205 4809 403 4876 Κυρίῳ
423 4811 601 4861 τοίνυν
632 4807 969 4877 πειθόμενος,
986 4807 1078 4859 καὶ
1107 4806 1173 4858 δι’
1199 4807 1360 4858 αὐτὸν
1383 4805 1560 4858 πάντα
1586 4805 1775 4871 ποιῶν,

204 4890 345 4944 οὕτω
379 4892 559 4944 πάντα
581 4891 806 4959 πρᾶττεο
831 4888 987 4942 τοῦτο
1009 4887 1192 4940 ἰκανὸν
1221 4889 1508 4955 ἐναγαγείν
1539 4889 1632 4940 καὶ
1659 4891 1778 4939 πεῖ-

209 4991 320 5037 σαι,
358 4975 458 5026 καὶ
510 4974 584 5042 μὴ
634 4975 853 5040 ἀφεῖναι
882 4970 1196 5041 ἐρεσχελίαν
1227 4971 1348 5023 τινὰ
1375 4972 1471 5024 καὶ
1514 4969 1778 5039 διχόνοιαν

204 5052 358 5109 εἶναι.
393 5055 602 5126 Μηδεὶς
635 5055 774 5107 ἔστω
801 5054 990 5114 πιστὸς
1024 5052 1376 5120 συκοφαντῶν
1404 5053 1500 5105 ἐπὶ
1537 5051 1639 5120 τῆς
1674 5067 1775 5117 γυ-

203 5138 389 5201 ναικὸς
415 5138 511 5189 τὸν
533 5135 718 5206 ἀνδραο
747 5135 883 5188 ἀλλὰ
906 5135 1040 5204 μηδὲ
1067 5137 1096 5188 6
1119 5135 1256 5204 ἀνὴρ
1275 5134 1460 5197 ἁπλῶς
1478 5134 1779 5186 πιστευέτω

206 5221 346 5274 κατά
398 5222 503 5290 τῆς
537 5219 812 5288 γυναικὸς,
865 5218 998 5288 μηδὲ
1047 5219 1081 5288 ή
1137 5217 1273 5288 γυνὴ
1335 5215 1778 5288 περιεργαξέσθω

202 5305 449 5366 εἰσόδους
480 5303 575 5356 καὶ
605 5301 816 5365 ἐξόδους
850 5299 1056 5362 ἁπλῶςο
1101 5299 1232 5369 μηδὲ
1276 5299 1381 5369 μὴν
1409 5299 1545 5368 μηδὲ
1573 5300 1601 5350 6
1639 5298 1779 5370 ἀνὴρ

202 5386 351 5450 ἀξιον
386 5384 680 5454 παρεχέτω
707 5383 900 5436 ἐαυτὸν
925 5399 1072 5444 τινος
1099 5381 1354 5450 ὑποψίας.
1382 5381 1447 5433 Τί
1477 5380 1608 5452 γὰρ,
1656 5381 1779 5433 εἰπέ

205 5485 320 5537 μοι,
343 5469 531 5520 πᾶσαν
560 5468 658 5536 τὴν
684 5467 895 5538 ἡμέραν
925 5467 1037 5526 τοῖς
1062 5464 1237 5532 φίλοις
1288 5462 1442 5525 δίδως
1469 5463 1686 5528 σαυτὸν,
1710 5465 1776 5533 τῇ

205 5551 260 5603 δέ
312 5551 542 5619 γυναικὶ
592 5550 688 5619 τὴν
729 5549 987 5618 ἑσπέραν,
1041 5548 1135 5600 καὶ
1198 5545 1318 5598 οὐδέ
1378 5545 1549 5608 οὕτως
1602 5544 1774 5616 αὐτὴν

202 5634 328 5706 δύνῃ
365 5634 759 5704 πληροφορεῖν,
804 5633 898 5684 καὶ
941 5630 1096 5692 ἐκτὸς
1137 5628 1370 5698 ὑποψίας
1417 5631 1626 5695 ποιεῖν;
1658 5629 1778 5682 Κᾶν

203 5717 413 5786 ἐγκαλῇ
466 5718 500 5786 ἡ
540 5715 698 5784 γυνὴ,
743 5715 816 5784 μὴ
863 5713 1197 5784 δυσχέραινε’
1240 5711 1419 5781 φιλίας
1457 5711 1624 5774 ἐστὶν,
1677 5711 1777 5764 οὐκ

205 5797 488 5861 ἀπονοίας·
523 5796 704 5868 φιλίας
749 5796 866 5850 ἐστὶ
918 5796 1146 5866 ζεούσης
1197 5796 1262 5850 τὰ
1317 5793 1636 5865 ἐγκλήματα
1676 5795 1769 5848 καὶ

1127 403 1194 458 ΙΝ
1237 403 1456 460 EPIST.
1501 406 1590 460 AD
1632 408 1878 466 EPl-IES.
1922 410 2079 470 CAP.
2123 413 2188 470 V.
2232 415 2464 474 IIOMIL.
2507 420 2626 476 XX.

3364 425 3387 477 ἰ
3399 422 3466 478 M

1901 529 2193 596 διαθέσεως
2223 538 2625 606 πεπυρωμένης
2647 538 2743 590 καὶ
2787 538 2973 606 φόϐου.
3003 538 3218 592 Δέδοικε
3250 537 3354 607 γὰρ
3389 541 3463 608 μή

1893 627 1980 674 τις
2011 614 2182 683 αὐτῆς
2212 615 2404 686 ἔκλεψε
2457 621 2558 690 τὴν
2605 621 2786 690 εὐνὴν,
2840 621 2912 692 μή
2943 638 3026 684 τις
3051 621 3220 691 αὐτὴν
3247 621 3378 692 περὶ
3405 621 3468 674 τὸ

1895 696 2185 764 κεφάλαιον
2213 699 2323 752 τῶν
2352 703 2572 770 ἀγαθῶν
2597 703 2892 773 ἐζημίωσε,
2925 705 2999 774 μή
3042 721 3126 767 τις
3173 704 3341 773 αὐτῆς
3367 705 3467 772 τὴν

1894 780 2137 850 κεφαλὴν
2164 783 2436 850 ἀφείλετο,
2475 787 2548 855 μή
2581 803 2665 847 τις
2691 785 2918 857 διώρυξε
2956 787 3059 856 τὴν
3085 787 3265 856 εὐνήν.
3311 787 3467 839 Ἔστι

1893 861 1987 912 καὶ
2020 863 2154 933 άλλη
2204 868 2568 937 μικροψυχίας
2619 867 2897 931 ὑπόθεσις
2934 869 3120 938 μηδεὶς
3174 867 3319 935 πέρα
3369 866 3465 919 τοῦ

1895 946 2096 1017 μέτρου
2126 953 2235 1003 τῶν
2259 953 2486 1005 οἰκετῶν
2517 954 2920 1016 ἀντιποιείσθω,
2959 955 3094 1025 μήτε
3118 954 3216 1024 τῆς
3245 952 3411 1023 κόρης
3435 953 3467 1004 ὁ

1891 1030 2051 1100 ἀνὴρ.
2081 1035 2218 1102 μήτε
2246 1036 2341 1087 τοῦ
2363 1037 2573 1089 οἰκέτου
2601 1039 2633 1107 ἡ
2658 1038 2816 1106 γυνή’
2837 1038 2931 1090 καὶ
2957 1039 3066 1108 γὰρ
3094 1036 3268 1089 ταῦτα
3303 1035 3463 1088 ίκανά

1891 1119 2070 1168 τεκεῖν
2111 1119 2368 1188 ὑποψίας.
2425 1121 2708 1190 Ἐννόησον
2741 1122 2850 1190 γάρ
2911 1139 3000 1191 μοι
3053 1121 3180 1183 τοὺς
3225 1118 3464 1182 δικαίους

1891 1197 2153 1264 ἐκείνους·
2211 1203 2349 1274 αὐτὴ
2399 1206 2432 1275 ἡ
2474 1205 2662 1276 Σάρρα
2707 1205 2962 1258 ἐκέλευσε
3020 1203 3098 1273 τῷ
3149 1203 3464 1273 πατριάρχῃ

1890 1278 2072 1334 λαϐεῖν
2089 1284 2187 1353 τὴν
2219 1287 2395 1355 Ἀγαρ
2414 1307 2428 1318 ο
2460 1287 2596 1356 αὐτὴ
2637 1286 2990 1356 προσέταξεν,
3019 1285 3195 1347 οὐδεὶς
3218 1283 3464 1353 ἠνάγκα-

1892 1378 2005 1425 σεν,
2039 1363 2162 1416 οὐδὲ
2202 1367 2434 1437 ἐπῆλθεν
2455 1371 2482 1421 6
2515 1370 2673 1438 ἀνήρ’
2706 1368 2842 1421 ἀλλὰ
2871 1368 3049 1421 καίτοι
3085 1362 3296 1436 μακρὸν
3335 1364 3464 1435 χρό-

1889 1463 1978 1500 νον
2003 1447 2237 1512 ἐλκύσας
2265 1451 2324 1502 ἐν
2350 1452 2601 1524 ἀπαιδέᾳ,
2664 1453 2840 1504 εἵλετο
2897 1451 3166 1522 μηδέποτε
3209 1449 3463 1518 γενέσθαι

1891 1531 2096 1601 πατὴρ,
2131 1531 2164 1600 ἦ
2203 1532 2302 1604 τὴν
2336 1538 2574 1602 γυναῖκα
2618 1535 2881 1604 λυπῆσαι.
2931 1534 3072 1586 Ἀλλ’
3125 1534 3276 1603 ὅμως
3327 1532 3466 1600 μετὰ

1886 1613 2064 1666 ταῦτα
2093 1615 2289 1676 πάντα.
2322 1616 2376 1669 τί
2431 1635 2596 1686 φησιν
2635 1619 2668 1688 ὴ
2724 1618 2948 1690 Σάρρα;
2997 1619 3206 1684 Κρίναι
3247 1617 3280 1667 ό
3320 1614 3465 1678 Θεὸς

1888 1696 2006 1750 ἀνὰ
2027 1699 2225 1766 μέσον
2250 1700 2396 1769 ἐμοῦ
2435 1701 2532 1754 καὶ
2572 1700 2708 1754 σοῦ.
2745 1697 2894 1772 *Αρα
2947 1701 2999 1753 et
3023 1717 3106 1762 τις
3131 1693 3198 1770 ἦν
3228 1697 3338 1750 τῶν
3367 1697 3464 1751 ἀλ-

1888 1777 2018 1841 λων,
2053 1780 2154 1832 οὐκ
2182 1781 2249 1834 ἂν
2275 1783 2354 1844 εἰς
2386 1781 2557 1852 ὀργὴν
2584 1782 2809 1853 ἐκινήθη
2835 1800 2849 1847 ;
2899 1783 3000 1834 οὐκ
3038 1781 3105 1834 ἂν
3135 1779 3230 1832 καὶ
3274 1781 3464 1849 χεῖρας

1889 1861 2140 1928 ἐξέτεινε,
2169 1866 2452 1934 μονονουχὶ
2501 1865 2746 1936 φάσκωνσ
2780 1866 2844 1918 Τί
2873 1865 3082 1932 λέγεις;
3123 1865 3222 1915 οὐκ
3251 1862 3465 1915 ἐϐουλέ-

1891 1963 2000 2017 μην
2025 1946 2136 2014 ἐγὼ
2171 1947 2529 2017 συγγενέσθαι
2557 1952 2623 2020 τῇ
2648 1949 2890 2016 γυναικὶ,
2925 1949 3018 2001 σὸν
3039 1947 3100 2000 τδ
3115 1949 3223 2000 πᾶν
3245 1946 3460 2014 γέγονε,

1889 2031 1981 2080 καὶ
2031 2029 2194 2084 πάλιν
2251 2031 2544 2099 ἐγκαλεῖς;
2609 2033 2747 2085 Ἀλλ’
2792 2033 2942 2085 οὐδὲν
2999 2031 3239 2084 τοιοῦτον
3308 2026 3464 2082 εἶπεν

1889 2111 2121 2174 ἐκεῖνος’
2153 2113 2290 2166 ἀλλά
2317 2113 2372 2166 τί
2397 2132 2408 2174 ;
2455 2113 2610 2168 Ἰδοὺ
2636 2115 2676 2181 ἡ
2703 2115 2998 2181 παιδίσκη
3030 2115 3100 2167 ἐν
3131 2113 3260 2177 ταῖς
3287 2112 3464 2181 χερσί

1887 2211 2026 2248 σου·
2051 2194 2176 2264 χρῶ
2219 2195 2396 2264 αὐτῇ,
2429 2198 2510 2263 ὡς
2541 2198 2619 2251 ἄν
2648 2213 2748 2252 σοι
2791 2197 3050 2266 ἀρεστὸν
3191 2197 3303 2266 Τὴν
3335 2212 3454 2248 κοι-

1887 2277 2054 2330 νωνὸν
2080 2281 2178 2347 τῆς
2205 2278 2369 2348 εὐνῆς
2408 2279 2690 2345 ἐξέδωκεν,
2720 2281 2808 2333 ἵνα
2851 2282 2924 2350 μὴ
2954 2281 3174 2349 λυπήσῃ
3203 2277 3302 2348 τὴν
3325 2278 3464 2347 Σάρ-

1891 2361 2010 2429 ραν.
2038 2360 2230 2412 Καίτοι
2261 2377 2325 2428 γε
2365 2361 2520 2414 οὐδὲν
2546 2363 2737 2415 τούτου
2779 2363 2961 2434 μεῖζον
2987 2365 3067 2425 εἰς
3117 2361 3331 2423 εὐνοίας
3370 2360 3463 2413 λό-

1887 2459 1983 2510 γον
2003 2442 2168 2496 ἐστίν.
2204 2444 2266 2496 Εἰ
2301 2444 2410 2514 γὰρ
2435 2446 2496 2498 τὸ
2525 2446 2810 2516 τραπέζης
2855 2448 3184 2515 κοινωνῆσαι
3227 2443 3323 2496 καὶ
3367 2443 3465 2514 λῃ-

1889 2527 2045 2587 σταῖς
2095 2526 2399 2596 ὀμοψυχίαν
2458 2531 2603 2579 ποιεί
2657 2527 2792 2598 πρὸς
2823 2528 2951 2590 τούς
2986 2527 3262 2590 ἐναντίους
3292 2526 3407 2597 (καὶ
3435 2528 3466 2579 6

1887 2609 2191 2680 Ψαλμῳδός
2218 2627 2402 2680 φησιν·
2435 2613 2540 2676 Ὃς
2579 2612 2676 2664 ἐπὶ
2703 2611 2768 2664 τὸ
2813 2609 2962 2664 αὐτό
2999 2609 3340 2680 ἐγλύκανάς
3362 2627 3464 2678 μοι

1885 2691 2229 2761 ἐδέσματα)·
2267 2694 2329 2746 τὸ
2389 2694 2519 2764 μίαν
2561 2697 2738 2766 σάρκα
2766 2693 3019 2762 γενέσθαι
3055 2692 3244 2747 λοιπὸν
3277 2691 3462 2763 (τοῦτο

1886 2776 1997 2846 γάρ
2025 2778 2140 2828 ἐστι
2170 2781 2496 2847 κοινωνῆσαι
2521 2779 2621 2847 τῆς
2645 2778 2852 2847 εὐνῆς),
2900 2776 3084 2848 πολλῷ
3115 2776 3316 2848 μᾶλλον
3342 2778 3460 2830 ἰκα-

1897 2859 1988 2911 νὸν
2041 2859 2475 2912 ἐπισπάσασθαι.
2520 2860 2659 2913 Ἀλλ’
2678 2860 2831 2913 οὐδὲν
2878 2859 3086 2913 τούτων
3129 2859 3314 2928 ίσχυσε
3367 2858 3492 2910 τὸνΔ

1884 2940 2092 2994 δίκαιον
2137 2941 2298 3007 ἐλεῖν,
2342 2942 2458 2994 ἀλλ’
2502 2943 2733 3009 ἐξέδωκε
2762 2945 2825 3013 τῇ
2859 2941 3098 3010 γυναικὶ,
3134 2941 3348 3004 δεικνὺς
3377 2942 3460 2994 δτι

1885 3024 1947 3075 οὐ
1984 3024 2136 3094 παρὰ
2165 3023 2264 3094 τὴν
2296 3025 2462 3077 αὐτοῦ
2497 3026 2680 3079 αἰτίαν
2698 3043 2750 3078 τι
2799 3027 3110 3095 γεγένηταιο
3147 3026 3241 3077 καὶ
3291 3023 3352 3076 16
3391 3023 3456 3094 δὴ

1887 3107 2087 3176 μεῖζον,
2119 3105 2354 3160 κύουσαν
2384 3108 2692 3178 ἐξέπεμψεν
2712 3109 2902 3178 αὐτήν.
2937 3109 3030 3170 Τίς
3055 3108 3154 3159 οὐκ
3173 3107 3240 3160 ἂν
3257 3106 3456 3174 ἠλέησε

1883 3189 2163 3258 κυήσασαν
2210 3189 2268 3255 ἐξ
2305 3191 2487 3244 αὐτοῦ
2539 3191 2785 3256 παιδίονς
2824 3190 2964 3243 Ἀλλ’
3011 3189 3110 3257 οὐχ
3163 3190 3191 3240 6
3238 3187 3448 3250 δίκαιος

1881 3271 2233 3342 ἐπεκάμφθηο
2263 3273 2481 3326 πάντων
2505 3275 2614 3344 γὰρ
2639 3274 2740 3345 τὴν
2777 3275 2999 3343 ἀγάπην
3033 3273 3322 3344 προύτίθει
3351 3272 3452 3343 τὴν

1883 3355 2020 3424 πρὸς
2042 3355 2143 3422 τὴν
2171 3359 2429 3425 γυναῖκα.

1951 3484 2019 3548 ζ’.
2047 3483 2250 3538 Τοῦτον
2279 3484 2575 3557 μιμώμεθα
2604 3488 2698 3540 καί
2715 3487 2894 3557 ἡμεῖς’
2936 3485 3124 3555 μηδεῖς
3152 3485 3459 3550 όνειδιζέτω

1881 3567 2072 3619 πενίαν
2101 3565 2177 3637 τῷ
2228 3568 2479 3638 πλησίον,
2517 3569 2702 3639 μηδεὶς
2753 3567 3050 3640 χρημάτων
3102 3567 3300 3636 ἐράτω,
3356 3569 3454 3622 καὶ

1881 3649 2060 3701 πάντα
2083 3648 2319 3703 λέλυται.
2358 3651 2507 3720 Μηδέ
2530 3651 2735 3718 λεγέτω
2763 3650 2900 3721 γυνὴ
2932 3649 3067 3719 πρὸς
3124 3649 3214 3702 τὸν
3263 3649 3454 3720 ἄνδρα·

1881 3730 2029 3803 [155]
2065 3733 2326 3803 Ἀνανδρε
2373 3735 2468 3786 καὶ
2511 3733 2670 3797 δειλὲ,
2704 3733 2864 3786 ὄκνου
2890 3732 3074 3802 γέμων
3099 3733 3189 3785 καί
3227 3731 3459 3794 νωθείας

1878 3816 1971 3866 καὶ
1999 3814 2166 3868 ὕπνου
2188 3814 2407 3880 πολλοῦ,
2431 3815 2458 3866 ὁ
2479 3815 2624 3869 δεῖνα
2657 3814 2910 3877 ταπεινὸς
2945 3815 3036 3867 καὶ
3067 3815 3131 3866 ἐκ
3161 3815 3455 3882 ταπεινῶν,

1877 3897 2151 3962 κινδύνους
2179 3898 2451 3968 ἀράμενος
2479 3899 2572 3950 καὶ
2595 3897 2902 3966 ἀποδημίας
2927 3897 3296 3966 στειλάμενος.
3323 3897 3456 3948 πολ-

1876 3978 1973 4050 λὴν
1998 3981 2096 4051 τὴν
2120 3981 2307 4033 οὐσίαν
2329 3979 2572 4049 ἐποίησε,
2605 3979 2699 4032 καὶ
2739 3981 2770 4048 ἡ
2798 3978 2936 4050 γυνὴ
2982 3981 3328 4049 χρυσοφορεῖ,
3365 3981 3459 4030 καὶ

1876 4063 1967 4115 ἐπὶ
1983 4061 2206 4130 ζεύγους
2219 4063 2423 4116 λευκῶν
2440 4062 2676 4132 ἡμιόνων
2692 4063 2926 4132 πρόεισι,
2943 4062 3298 4132 περιφέρεται
3322 4079 3457 4115 παν-

1875 4146 2063 4216 ταχοῦ,
2088 4144 2312 4198 οἰκετῶν
2338 4146 2534 4214 ἀγέλας
2555 4144 2666 4214 ἔχει
2688 4146 2780 4198 καὶ
2802 4145 3070 4214 εὐνούχων
3087 4146 3253 4214 ἐσμόν
3269 4163 3283 4176 θ
3309 4146 3371 4198 σὺ
3397 4146 3454 4199 δέ

1876 4228 2243 4298 κατέπτηχας.
2272 4228 2365 4280 καὶ
2392 4229 2512 4296 εἰκῆ
2551 4227 2668 4297 ζῇς.
2699 4227 2790 4297 Μὴ
2839 4227 3040 4293 λεγέτω
3085 4227 3257 4279 ταῦτα
3295 4227 3452 4298 γυνὴ,

1875 4310 1969 4363 καὶ
1992 4313 2060 4364 τά
2084 4311 2290 4374 τούτοις
2320 4312 2478 4380 ὃμοια
2499 4326 2512 4338 ·
2546 4312 2702 4380 σῶμα
2740 4311 2846 4380 γάρ
2873 4312 3038 4374 ἐστιν,
3070 4309 3167 4378 οὐχ
3206 4310 3294 4361 ἵνα
3332 4310 3450 4361 δια-

1875 4395 2042 4465 τάττῃ
2063 4397 2130 4464 τῇ
2159 4395 2388 4463 κεφαλῇ,
2405 4393 2518 4446 ἀλλ’
2537 4393 2622 4444 ἵνα
2646 4391 2895 4460 πείθηται
2923 4393 3017 4443 καὶ
3041 4390 3308 4463 ὑπακούῃ.
3329 4390 3454 4454 Πῶς

1874 4474 1968 4530 οὖν
1989 4479 2144 4540 οἴσει,
2181 4477 2334 4547 φησὶ,
2363 4475 2462 4545 τὴν
2485 4475 2710 4539 πενίανς
2742 4473 2904 4525 πόθεν
2933 4474 3154 4542 εὑρήσει
3191 4490 3446 4542 παραμυ-

1877 4560 2031 4624 θίαν;
2068 4558 2401 4626 Ἐκλεγέσθω
2423 4574 2534 4628 παρ
2550 4559 2563 4576 ’
2585 4559 2751 4627 ἐαυτῇ
2773 4558 2867 4618 τὰς
2887 4557 3236 4626 πενεστέρας,
3262 4555 3453 4609 ἀναλο-

1874 4641 2110 4710 γιζέσθω
2149 4641 2311 4693 πόσαι
2341 4641 2503 4693 πάλιν
2537 4641 2775 4708 εὐγενεῖς
2809 4640 2901 4692 καὶ
2936 4638 2993 4702 ἐξ
3020 4639 3258 4706 εὐγενῶν
3294 4640 3452 4710 κόραι

1874 4725 1934 4778 οὐ
1959 4724 2116 4794 μόνον
2137 4723 2194 4788 ἐξ
2211 4723 2417 4794 ἀνδρῶν
2439 4722 2591 4776 οὐδὲν
2613 4721 2966 4791 προσέλαϐον.
2987 4721 3124 4774 ἀλλὰ
3151 4721 3250 4774 καὶ
3279 4739 3450 4793 προσ-

1875 4806 2097 4871 έδωκαν,
2122 4808 2216 4859 καὶ
2243 4807 2310 4858 τὰ
2351 4804 2528 4858 αὐτῶν
2565 4804 2779 4856 ἅπαντα
2828 4804 3111 4857 ἀνάλωσαν
3133 4820 3146 4833 ·
3201 4804 3450 4857 ἐννοείτω

1875 4891 1999 4951 τούς
2020 4891 2084 4941 ἐκ
2115 4889 2368 4940 τοιούτων
2393 4886 2635 4941 πλούτων
2661 4886 2958 4950 κινδύνους,
2993 4888 3086 4938 καὶ
3112 4886 3204 4939 τὸν
3223 4887 3443 4958 ἀπράγ-

1880 4987 2016 5039 μονα
2045 4970 2349 5023 ἀσπάσεται
2385 4969 2517 5038 βίον.
2555 4970 2662 5022 Καὶ
2686 4969 2822 5032 ὅλως
2845 4971 2893 5021 εί
2921 4968 3290 5040 φιλοστόργως
3313 4970 3449 5041 πρὸς

1877 5054 1968 5105 τὸν
1997 5053 2166 5122 ἄνδρα
2196 5053 2482 5119 διακέοιτο,
2504 5053 2672 5112 οὐδὲν
2705 5053 2944 5105 τοιοῦτον
2980 5053 3112 5122 ἐρεῖ,
3144 5053 3262 5105 ἀλλ’
3284 5053 3447 5123 αίρή-

1880 5153 2028 5189 σεται
2065 5137 2288 5206 πλησίον
2331 5137 2500 5206 αὐτῆς
2534 5137 2678 5206 ἔχειν
2714 5135 2874 5188 αὐτὸν
2913 5136 3078 5206 μηδὲν
3130 5135 3443 5205 πορίζοντα,

1876 5220 1909 5288 ἢ
1938 5220 2105 5290 μυρία
2134 5220 2370 5273 τάλαντα
2411 5221 2609 5290 χρυσοῦ
2641 5219 2778 5290 μετὰ
2815 5221 3088 5289 μερίμνης
3106 5219 3199 5270 καὶ
3224 5218 3446 5288 φροντί-

1876 5303 1963 5366 δος
1995 5302 2094 5371 τῆς
2120 5303 2183 5354 ἐκ
2213 5303 2322 5354 τῶν
2342 5303 2654 5373 ἀποδημιῶν
2681 5305 2800 5356 ταῖς
2818 5301 3065 5368 γυναιξὶν
3091 5299 3448 5369 ἐγγινομένης

1877 5387 1983 5439 ἀεί.
2000 5384 2160 5437 Ἀλλά
2188 5385 2321 5456 μηδὲ
2338 5388 2364 5437 ὁ
2387 5385 2523 5455 ἀνὴρ
2539 5385 2707 5437 ταῦτα
2733 5385 2944 5437 ἁκούων
2974 5384 3048 5446 ὡς
3086 5383 3260 5452 ἀρχὴν
3283 5382 3442 5452 ἔχων,

1878 5471 1969 5522 ἐπί
2004 5467 2189 5539 ῦϐρεις
2211 5469 2494 5538 τρεπέσθω
2533 5471 2628 5521 κα)⁸
2653 5470 2887 5540 πληγάς,
2921 5467 3055 5521 ἀλλὰ
3086 5467 3442 5538 παραινείτω,

1878 5554 2194 5611 νουθετείτω
2213 5595 2228 5617 ,
2259 5553 2334 5615 ὡς
2359 5552 2717 5622 άτελεστέραν
2744 5552 3024 5619 λογισμοῖς
3071 5549 3442 5618 ἀναπειθέτω,

1878 5640 2062 5707 χεῖρας
2089 5636 2356 5706 μηδέποτε
2397 5637 2701 5687 ἐντεινέτω·
2735 5633 2924 5704 πόρρω
2949 5632 3239 5702 ἐλευθέρας
3265 5634 3444 5704 ψυχῆς

1877 5721 2067 5775 ταῦτα’
2095 5718 2228 5772 ἀλλά
2246 5718 2379 5788 μηδέ
2396 5716 2600 5787 ὕϐρεις,
2616 5717 2749 5787 μηδὲ
2774 5717 2972 5786 ὀνείδη,
3000 5715 3131 5785 μηδὲ
3149 5715 3444 5786 λοιδορίας*

1882 5805 1994 5859 ἀλλ’
2024 5803 2099 5867 ῶς
2118 5803 2470 5872 ἀνοητότερον
2518 5801 2867 5873 διακειμένην
2909 5799 3238 5871 ῥυθμιζέτω.
3274 5801 3444 5860 Πόθεν
