3960 6508
567 401 670 456 Hb

560 513 619 565 δέ
657 512 812 567 τοῦτο
836 509 1022 575 ἔσταις
1067 509 1192 583 Ἐάν
1219 510 1309 563 τὸν
1351 509 1525 581 ἀληθῆ
1562 510 1791 564 πλοῦτον
1851 510 2120 580 μανθάνῃ,

562 597 659 649 ἐὰν
692 596 789 665 τὴν
822 594 930 646 ἄνω
954 593 1290 663 φιλοσοφίαν,
1318 593 1470 647 οὐδὲν
1495 594 1780 663 ἐγκαλέσει
1807 593 1915 646 τῶν
1952 591 2129 645 τοιού-

560 697 670 732 των
686 688 728 733 ·.
792 676 1097 730 Διδασκέτω
1123 677 1309 747 αὐτὴν,
1336 677 1416 731 δτι
1442 678 1598 730 πενία
1613 679 1780 731 κακόν
1796 678 1965 730 οὐδέν’
1983 676 2132 729 διδα-

563 761 759 823 σκέτω,
803 759 877 830 μὴ
907 759 973 812 δι’
1009 753 1084 812 ὧν
1118 759 1266 828 λέγει
1300 761 1481 830 μόνον,
1509 760 1644 814 ἀλλά
1670 761 1765 814 καί
1786 760 1851 812 δι’
1871 753 1945 812 ὧν
1968 759 2129 811 ποιεῖ·

558 842 853 896 διδασκέτω
881 841 1038 913 δόξης
1061 848 1444 914 καταφρονεῖν,
1487 845 1581 898 καὶ
1633 844 1785 898 οὐδὲν
1835 842 2131 912 τοιοῦτονή

558 924 695 994 γυνὴ
720 923 841 978 οὔτε
868 927 987 995 ἐρεῖ
1014 926 1138 980 οὔτε
1193 927 1546 997 ἐπιθυμήσει.
1596 926 1868 996 Καθάπερ
1908 924 2132 993 ἄγαλμα

554 1007 866 1077 δεχόμενος,
895 1008 1066 1073 οὔτως
1098 1009 1206 1063 ἀπὸ
1254 1010 1353 1080 τῆς
1400 1010 1640 1079 ἑσπέρας
1689 1008 1929 1078 ἐκείνης,
1959 1004 2029 1078 ἦς
2064 1007 2131 1060 ἀν

556 1090 726 1160 αὐτὴν
750 1092 831 1154 εἰς
857 1091 949 1145 τὸν
987 1092 1229 1162 θάλαμον
1255 1092 1499 1163 δέχηται,
1526 1092 1825 1146 διδασκέτω
1850 1089 2133 1161 σωφροσύ-

558 1190 678 1243 νην,
707 1173 1029 1239 ἐπιείκειαν,
1082 1177 1229 1238 ὅπως
1263 1176 1528 1245 βιώσηται
1561 1176 1797 1247 σεμνῶς,
1850 1176 1914 1228 ἐκ
1944 1190 2131 1244 προοιο

561 1255 698 1324 μίων
724 1257 927 1322 εὐθέως
961 1260 1056 1313 καὶ
1089 1259 1149 1325 ἐξ
1177 1260 1357 1313 αὐτῶν
1405 1261 1512 1312 τῶν
1541 1259 1830 1331 προθύρων
1858 1256 2132 1316 καταϐάλ-

557 1338 668 1393 λων
720 1339 831 1393 τῶν
881 1342 1181 1413 χρημάτων
1245 1343 1337 1396 τὸν
1393 1342 1611 1413 ἐρωτα·
1671 1342 1766 1396 καὶ
1814 1341 2133 1409 φιλοσοφίαν

558 1423 883 1490 παιδευέτω,
935 1428 1031 1480 καὶ
1082 1428 1419 1498 παραινείτω
1463 1428 1611 1490 ὅπως
1671 1428 1746 1498 μὴ
1798 1426 1884 1496 εἴη
1934 1425 2133 1496 χρυσία

557 1507 887 1578 κρεμάμενα
914 1509 1010 1563 ἐπὶ
1043 1509 1152 1563 τῶν
1189 1508 1342 1563 ῶτων
1373 1511 1467 1564 καὶ
1490 1510 1629 1564 κατά
1647 1509 1756 1562 τῶν
1775 1508 2018 1580 παρειῶν
2038 1509 2133 1561 καὶ

557 1591 655 1643 ἐπὶ
687 1590 778 1643 τοῦ
813 1592 1084 1663 τραχήλου
1137 1594 1522 1664 περικείμενα,
1580 1597 1717 1666 μήτε
1758 1592 2134 1662 κατακείμενα

561 1676 690 1745 περὶ
712 1675 800 1727 τὸν
818 1675 1082 1745 θάλαμον,
1114 1678 1253 1747 μήτε
1296 1678 1489 1747 ἱμάτια
1515 1680 1694 1750 χρυσᾶ
1721 1679 1816 1732 καὶ
1864 1676 2131 1747 πολυτελῆ

558 1757 917 1827 ἀποκείμεναο
962 1758 1078 1812 ἀλλ’
1114 1760 1253 1813 ἔστω
1286 1761 1385 1830 μὲν
1430 1761 1652 1831 φαιδρὸς
1697 1764 1724 1816 ὁ
1768 1761 1993 1830 κόσμος,
2058 1758 2132 1829 μὴ

558 1840 671 1909 μὴν
712 1841 792 1902 εὶς
841 1839 998 1910 ὓϐριν
1026 1843 1059 1912 ὴ
1089 1843 1386 1914 φαιδρότης
1429 1843 1764 1898 ἐκπιπτέτω’
1797 1844 1933 1897 ἀλλά
1958 1840 2132 1896 ταῦτα

555 1923 717 1992 ἀφεὶς
741 1926 853 1987 τοῖς
882 1925 975 1977 ἐπὶ
1000 1925 1099 1995 τῆς
1130 1928 1356 1997 σκηνῆς,
1387 1928 1553 1993 αὐτὸς
1614 1927 1752 1998 μετὰ
1801 1926 2004 1996 πολλῆς
2032 1926 2133 1995 τῆς

557 2007 917 2076 κοσμιότητος
986 2008 1294 2074 καλλώπιζε
1370 2010 1463 2063 τὸν
1558 2007 1740 2078 οἷκον,
1775 2008 2131 2080 σωφροσύνης

557 2091 793 2143 πνέοντα
826 2091 1049 2161 μᾶλλον,
1078 2092 1113 2163 ἢ
1144 2093 1312 2163 ἄλλης
1341 2094 1486 2157 τινὸς
1510 2094 1759 2156 εὐωδίας.
1794 2093 1898 2146 Δύο
1937 2093 2046 2163 γὰρ
2069 2093 2133 2145 ἐκ

553 2172 748 2227 τούτου
786 2174 958 2240 ἐσται,
984 2176 1079 2228 καὶ
1117 2175 1244 2246 τρία
1279 2177 1349 2229 τὰ
1401 2178 1563 2231 καλά·
1596 2178 1810 2249 πρῶτον
1857 2176 1977 2247 μὲν,
2030 2176 2132 2230 οὐκ

554 2256 787 2325 ἀλγήσει
845 2258 897 2325 ἡ.
937 2257 1145 2328 νύμφη,
1187 2258 1451 2314 λυθεισῶν
1505 2259 1611 2313 τῶν
1665 2260 1987 2324 παστάδων,
2036 2259 2131 2311 καὶ

548 2340 1037 2410 ἀποπεμπομένων
1093 2341 1309 2411 ἑκάστῳ
1357 2343 1450 2395 καὶ
1493 2342 1602 2394 τῶν
1634 2342 1863 2411 ἰματίων
1899 2340 2131 2395 καὶτῶν

552 2425 792 2495 χρυσίων
826 2426 921 2478 καὶ
949 2424 1059 2478 τῶν
1090 2425 1299 2478 σκευῶν
1322 2424 1431 2479 τῶν
1456 2426 1733 2497 ἀργυρῶψ
1757 2425 2029 2496 δεύτερον,
2066 2425 2126 2478 οὐ

544 2508 831 2579 ηφροντίσει
873 2508 902 2560 6
933 2508 1166 2578 νυμφίος
1214 2509 1355 2580 ὑπὲρ
1405 2510 1505 2580 τῆς
1561 2509 1861 2573 ἀπωλείας,
1905 2510 2130 2578 καὶτῆς

553 2593 801 2662 φυλακῆς
833 2592 940 2645 τῶν
990 2591 1494 2663 συμπορισθέντων.
1555 2595 1752 2665 Τρίτον
1807 2594 1969 2647 πάλιν
1992 2593 2129 2664 πρὸς

548 2676 782 2739 τούτοις,
812 2675 873 2731 τὸ
901 2676 1200 2745 κεφάλαιον
1227 2675 1339 2729 τῶν
1372 2675 1613 2744 ἀγαθῶν,
1636 2676 1894 2741 ἐξαύτῶν
1923 2676 2133 2729 τούτων

548 2760 846 2826 ἐνδείξεται
870 2760 968 2829 τὴν
999 2758 1164 2812 αὐτοῦ
1204 2759 1451 2831 γνώμην,
1479 2761 1562 2813 ὅτι
1587 2760 1651 2831 δὴ
1707 2760 1915 2814 τούτων
1953 2760 2129 2814 οὐδενί

550 2843 731 2914 χαίρει
763 2842 935 2915 [1541.
975 2844 1067 2897 καὶ
1082 2845 1164 2897 ὅτι
1193 2844 1285 2897 καὶ
1311 2843 1382 2895 τὰ
1410 2844 1572 2897 λοιπά
1597 2844 1775 2898 πάντα
1811 2842 2128 2909 καταλύσει,

551 2926 648 2980 καὶ
688 2926 826 2997 μήτε
846 2926 1157 2997 ὀρχήματα,
1202 2929 1339 2997 μήτε
1382 2926 1654 2996 ἀσέμνους
1700 2927 1843 2997 ῲδάς
1875 2926 2128 3001 γενέσθαι

552 3010 900 3080 συγχωρήσει
934 3008 1085 3064 ποτέ.
1118 3009 1232 3064 Καὶ
1258 3005 1375 3062 οἶδα
1407 3010 1505 3079 μὲν
1530 3011 1612 3063 ὅτι
1642 3010 1783 3063 δοκῶ
1825 3009 2129 3078 καταγέλα-

553 3109 678 3155 στος
701 3089 840 3145 εἰναι
867 3090 999 3155 ἴσως
1026 3092 1160 3156 τισὶ,
1188 3092 1258 3146 τά
1314 3092 1546 3146 τοιαῦτα
1600 3093 1911 3163 νομοθετῶν
1941 3109 1955 3123 ’
1988 3092 2130 3162 πλὴν

546 3174 667 3230 ἀλλ’
717 3174 813 3227 ἐὰν
847 3173 1107 3244 πεισθῆτέ
1149 3191 1261 3244 μοι,
1307 3174 1403 3227 τοῦ
1456 3174 1652 3245 χρόνου
1685 3175 1989 3245 προϊόντος,
2032 3175 2130 3229 καὶ

548 3258 652 3326 τῆς
673 3257 780 3311 ἀπὸ
804 3257 899 3311 τοῦ
934 3257 1258 3328 πράγματος
1279 3257 1646 3321 ἀπολαύοντες
1685 3258 1973 3328 ὡφελείας,
2005 3259 2129 3312 τότε

548 3342 610 3395 τὸ
638 3340 828 3413 κέρδος
877 3341 1108 3394 είσεσθεο
1148 3341 1241 3394 καὶ
1283 3343 1312 3394 6
1364 3342 1463 3413 μὲν
1501 3342 1677 3408 γέλως
1726 3342 2009 3414 ρυήσεται,
2034 3345 2129 3397 καὶ

549 3424 990 3494 καταγελάσεσθε
1018 3423 1111 3477 τοῦ
1131 3423 1227 3477 νῦν
1262 3424 1437 3490 ἔθους,
1474 3426 1569 3480 καὶ
1597 3419 1815 3495 ’ὄψεσθε
1853 3427 1934 3480 ὃτι
1960 3426 2130 3491 ὅντως

553 3508 759 3563 παίδων
783 3508 1048 3578 ἀνοήτων,
1081 3508 1198 3561 καὶ·
1229 3507 1440 3579 ἀνδρῶν
1470 3508 1776 3579 μεθυόντων
1805 3508 1923 3562 ἐστὶ
1944 3509 2013 3563 τά
2043 3525 2131 3579 γι-

550 3592 749 3662 νόμενα
776 3591 892 3645 νῦν·
923 3590 959 3645 ἃ
981 3590 1037 3643 δὲ
1074 3591 1348 3660 παραινῶ,
1383 3591 1739 3663 σωφροσύνης
1784 3593 1878 3646 καὶ
1908 3592 2126 3663 φιλοσο-

546 3676 697 3745 φίας,
718 3675 812 3729 καί
845 3676 945 3746 τῆς
970 3676 1230 3729 ἀνωτάτω
1268 3674 1547 3739 πολιτείας
1574 3675 1710 3728 ἐστί.
1745 3676 1811 3731 Τί
1840 3672 1935 3730 οῦν
1983 3694 2127 3748 φημι

544 3760 688 3827 δεῖν;
713 3759 984 3814 Πάντατά
1012 3759 1237 3831 ᾅσματα
1263 3759 1332 3813 τὰ
1360 3760 1585 3830 αίσχρά,
1608 3759 1675 3813 τά
1701 3761 1993 3824 σατανικά,
2025 3762 2127 3826 τὰς

547 3843 820 3913 ἁσέμνους
842 3843 1006 3913 ᾠδὰς,
1026 3844 1122 3905 τάς
1145 3843 1451 3913 συνδρομάς
1465 3842 1577 3896 τῶν
1604 3843 1921 3897 ἀκολάστων
1938 3845 1966 3883 δ
1988 3845 2126 3899 νέων

548 3926 769 3996 περίελε
800 3925 896 3977 τοῦ
927 3926 1127 3995 γάμου,
1173 3925 1270 3979 καὶ
1301 3926 1476 3979 ταῦτα
1519 3925 1619 3996 τὴν
1654 3928 1876 3998 νύμφην
1912 3945 2126 3999 σωφρο-

548 4010 696 4062 νίσαι
727 4008 1033 4079 δυνήσεται.
1067 4008 1282 4071 Εὐθέως
1311 4011 1419 4080 γάρ
1452 4011 1583 4079 παρ’
1632 4010 1799 4080 ἑαυτῇ
1835 4010 2122 4079 λογιεῖται,

548 4091 755 4146 Βαϐαίῐ
778 4094 927 4155 ποῖος
961 4086 1113 4156 οὗτος
1145 4094 1173 4145 6
1205 4091 1376 4163 ἀνήρ;
1415 4091 1709 4162 φιλόσοφός
1758 4093 1927 4156 ἐστιν,
1972 4095 2125 4149 οὐδὲν

547 4175 639 4229 τὸν
661 4174 905 4247 παρόντα
934 4176 1147 4246 ἡγεῖται
1184 4174 1319 4246 βίον,
1365 4176 1458 4229 ἐπί
1491 4176 1840 4230 παιδοποιίαν
1865 4180 1959 4231 καὶ
1993 4197 2123 4232 παι-

544 4259 835 4331 δοτροφίαν
868 4276 934 4329 με
972 4259 1179 4330 ἤγαγεν
1200 4259 1279 4323 είς
1309 4258 1408 4330 τὴν
1437 4258 1618 4313 οἰκίαν
1646 4260 1746 4331 τὴν
1777 4260 1996 4326 ἐαυτοῦ,
2032 4261 2126 4314 ἐπὶ

543 4342 845 4413 οἰκουρίαν.
882 4342 1021 4396 Ἀλλ’
1059 4342 1199 4413 ἀηδῆ
1238 4341 1411 4396 ταῦτα
1441 4345 1507 4415 τῇ
1549 4342 1737 4414 νύμφῃ
1765 4362 1779 4409 ;
1813 4343 1994 4415 Μέχρι
2022 4345 2123 4415 τῆς

548 4429 774 4498 πρώτης
829 4428 1065 4499 ἡμέρας,
1094 4428 1187 4480 καὶ
1216 4429 1314 4498 τῆς
1347 4427 1629 4498 δευτέρας·
1677 4426 1867 4481 λοιπὸν
1893 4429 1949 4481 δὲ
1997 4429 2121 4494 οὐκ,

544 4510 684 4563 ἀλλά
732 4512 823 4564 καὶ
862 4511 1125 4581 μεγίστην
1155 4510 1510 4580 καρπώσεται
1544 4512 1644 4583 τὴν
1688 4511 1904 4582 ἡδονὴν,
1941 4512 2124 4584 πάσης

546 4583 746 4664 ἑαυτὴν
774 4593 1009 4661 ὑποψίας
1039 4593 1482 4648 ἀπαλλάττουσα.
1520 4594 1581 4646 'U
1626 4594 1737 4667 7&9
1776 4597 1915 4666 μήτε
1940 4583 2120 4650 αὐλῶν

549 4676 687 4745 μήτε
718 4675 1063 4746 ὀρχουμένων
1099 4676 1234 4747 μήτε
1261 4676 1524 4747 ᾀσμάτων
1570 4677 1958 4748 κεκλασμένων
1988 4680 2120 4733 ἀνα-

547 4757 828 4828 σχόμενος,
870 4756 1163 4833 καίταῦτα
1210 4759 1362 4829 παρά
1411 4759 1503 4813 τὸν
1534 4758 1628 4813 τοῦ
1678 4760 1858 4829 γάμου
1903 4762 2116 4833 καιρὸν,

545 4839 710 4910 σχολῇ
744 4839 796 4907 γ’
816 4838 882 4893 ἂν
941 4831 1096 4903 οὗτος
1130 4840 1377 4907 ἀνέξεταί
1402 4859 1531 4895 ποτε
1559 4843 1763 4914 πρᾶξαι
1792 4844 1823 4912 ἢ
1856 4831 2029 4898 εἰπεῖν
2064 4864 2118 4900 τι

544 4922 792 4992 αίσχρόν.
830 4920 984 4975 Μετὰ
1022 4920 1079 4974 δὲ
1105 4921 1280 4988 τοῦτο,
1307 4925 1436 4977 ὃταν
1458 4925 1634 4978 πάντα
1666 4926 1927 4998 περιέλῃς
1943 4928 2119 4983 ταῦτα

541 5003 637 5058 τοῦ
677 5003 877 5072 γάμου,
917 5003 1244 5074 παραλαϐὼν
1271 5005 1457 5077 αὐτὴν,
1483 5008 1683 5062 πλάττε
1718 5009 1916 5075 καλῶς,
1936 5010 1998 5063 τὸ
2019 5012 2117 5081 μὲν

542 5085 898 5158 αἰσχυντηλὺν
932 5087 1023 5139 ἐπὶ
1058 5087 1192 5141 πολύ
1237 5087 1329 5140 τοῦ
1374 5090 1565 5158 χρόνου
1618 5090 1849 5160 ἐξάγων,
1902 5094 1997 5147 καὶ
2043 5094 2117 5166 μὴ

541 5170 774 5225 διαλύων
799 5169 1031 5240 ταχέως.
1061 5170 1182 5224 Κᾶν
1212 5169 1320 5243 γὰρ
1360 5172 1862 5249 ἀναισχυντοτέραῇ
1894 5176 2115 5247 ήκόρη,

544 5255 708 5325 μέχρι
732 5254 924 5324 καιροῦ
948 5255 1106 5324 σιγᾷν
1137 5252 1295 5318 οἶδεν,
1330 5255 1628 5329 αἰδουμένη
1665 5258 1757 5311 τὸν
1800 5259 1990 5330 ἄνδρα,
2025 5262 2120 5315 καὶ

543 5337 860 5407 ξενιζομένη
916 5338 1054 5408 πρὸς
1101 5336 1169 5389 τά
1202 5339 1524 5409 πράγματα.
1561 5341 1633 5394 Σὺ
1662 5341 1842 5397 τοίνυν
1873 5342 2030 5397 τοῦτο
2056 5345 2118 5398 τό

544 5420 896 5491 αἰσχυντηλόν
924 5422 998 5490 μὴ
1027 5420 1287 5491 διαλύσῃς
1319 5422 1551 5494 ταχέως,
1580 5423 1717 5496 ὅπερ
1738 5425 1787 5477 οί
1827 5426 2118 5481 ἀκόλαστοι

543 5504 754 5557 ποιοῦσι
778 5503 885 5557 τῶν
914 5502 1145 5573 ἀνδρῶν,
1176 5505 1293 5559 ἀλλ’
1322 5505 1630 5579 ἐπεξάγαγε
1661 5507 1753 5562 ἐπὶ
1780 5506 1947 5565 πολὺν
1986 5509 2117 5581 χρό-

602 5772 631 5841 ξι
658 5771 809 5841 ﬁnus,
833 5773 1190 5841 τῶν-τοιούτων
1218 5776 1561 5841 φιλοσοφοῦσα.

601 5832 630 5875 ιο
657 5832 808 5894 Mars.
832 5832 1003 5896 εει-ἧι,
1028 5832 1326 5901 ἀκαθάρτων.

1273 394 1334 450 S.
1370 393 1655 452 JOANNlS
1690 390 2182 452 CHRYSOSTOMI
2220 390 2544 450 ARCHIEP.
2586 392 3145 451 CONSTANI'INOP.
3675 403 3748 456 HG

2235 523 2347 559 νον·
2384 508 2529 577 μέγα
2555 508 2665 577 γάρ
2697 526 2780 562 σοι
2796 508 2955 563 τοῦτο
2973 509 3125 563 ἔσται
3147 509 3356 581 κέρδος.
3387 511 3496 565 Οὐκ
3518 512 3748 580 ἐγκαλέσει

2232 590 2390 653 τέως,
2419 592 2478 643 οὐ
2514 592 2790 662 μέμψεται
2824 593 2907 660 ἐφ’
2934 587 3015 655 οἷς
3038 592 3402 665 διατυπώσῃς.

2300 680 2370 742 η’.
2395 675 2579 727 Πάντα
2601 675 2779 728 τοίνυν
2804 676 2923 728 κατ’
2957 676 3163 729 ἐκεῖνον
3193 676 3464 747 νομοθέτει
3480 676 3565 729 τὸν
3584 680 3750 748 χρόνον,

2233 761 2353 815 καθ’
2368 762 2425 814 ὃν
2444 764 2476 832 ἡ
2501 763 2752 835 αἰσχύνη,
2770 764 3024 837 καθάπερ
3042 782 3128 828 τις
3148 763 3361 835 χαλινὸς
3382 765 3687 834 ἐπικείμενος
3702 773 3749 839 τῇ

2231 850 2374 920 ψυχῇ
2386 892 2398 909 ,
2421 850 2521 904 οὐκ
2537 852 2760 921 ἀφίησιν
2777 853 2946 906 οὐδέν’
2954 854 3286 924 μέμφεσθαι,
3304 853 3423 907 οὐδὲ
3440 853 3659 921 ἐγκαλεῖν
3670 862 3753 922 τοῖς

2233 938 2559 1007 γινομένοις.
2594 940 2763 993 Ὅταν
2791 941 2899 1012 γὰρ
2928 942 3243 1013 παρρησίας
3278 941 3615 1010 ἐπιλάϐηται,
3651 946 3753 1012 μετά

2235 1025 2437 1095 πολλῆς
2468 1026 2569 1097 τῆς
2596 1028 2780 1093 ἀδείας
2807 1030 2988 1084 πάντα
3017 1031 3319 1101 ἀνατρέπει
3345 1030 3439 1084 καὶ
3468 1032 3652 1099 συγχεῖ.
3681 1032 3755 1084 H6-

2232 1128 2293 1164 τε
2314 1113 2493 1165 τοίνυν
2517 1114 2664 1168 ἐστίν
2691 1116 2778 1167 ἐτε
2787 1132 2878 1186 ρος
2899 1115 3044 1170 οὕτω
3064 1116 3253 1188 καιρὸς
3273 1116 3569 1185 ἐπιτήδειος
3588 1115 3698 1186 πρὸς
3712 1118 3755 1170 τὸ

2235 1198 2491 1253 πλάττειν
2537 1204 2795 1269 γυναῖκα,
2840 1202 2916 1266 ώς
2945 1205 3177 1266 ἐκεῖνος,
3214 1203 3351 1256 καθ’
3385 1201 3444 1255 ὂν
3472 1202 3670 1256 αἰδεῖται
3692 1204 3756 1257 τὸν

2235 1284 2423 1355 ἄνδρα,
2454 1288 2548 1340 καί
2576 1286 2812 1341 δέδοικεν
2846 1289 2928 1341 ἔτι
2956 1290 3051 1343 καὶ
3096 1289 3461 1350 δυσωπεῖται;
3508 1286 3628 1341 Τότε
3654 1288 3755 1359 αὐτῇ

2234 1373 2371 1426 τίθει
2405 1374 2530 1436 τούς
2551 1374 2751 1445 νόμους
2776 1376 3045 1439 ἅπαντας,
3070 1377 3165 1430 καὶ
3192 1375 3405 1439 πάντως
3438 1375 3755 1446 πεισθήσεται,

2234 1460 2327 1512 καὶ
2360 1460 2558 1514 ἐκοῦσα
2582 1464 2677 1516 καὶ
2705 1463 2932 1518 ἄκουσα.
2970 1464 3094 1529 Πῶς
3123 1465 3181 1518 δέ
3214 1464 3311 1535 τὴν
3344 1464 3597 1533 αἰσχύνην
3620 1464 3668 1516 οὐ
3690 1464 3758 1517 λό-

2236 1565 2382 1614 σεις;
2411 1550 2578 1604 Ὅταν
2601 1551 2765 1623 φαίνῃ
2801 1554 2895 1606 καὶ
2921 1554 3082 1617 αὐτὸς
3114 1553 3266 1606 οὐδὲν
3294 1548 3454 1624 ἦττον
3486 1552 3675 1622 ἐκείνης
3699 1555 3759 1606 αἰο

2236 1637 2590 1707 σχυνόμενος,
2627 1639 2783 1709 ὀλίγα
2831 1640 2931 1710 μὲν
2965 1640 3506 1712 προσδιαλεγόμενος,
3554 1641 3635 1693 καί
3659 1642 3759 1693 αὐτὰ

2233 1723 2289 1776 δὲ
2322 1725 2459 1795 μετά
2492 1725 2693 1796 πολλῆς
2740 1729 2839 1797 τῆς
2871 1726 3189 1798 ἐμϐριθείας
3219 1728 3313 1782 καὶ
3342 1728 3446 1796 τῆς
3478 1727 3769 1796 συστροφῆςῖ

2232 1811 2353 1865 τότε
2382 1812 2515 1883 αὐτῇ
2548 1814 2675 1878 τοὺς
2706 1818 2834 1886 περὶ
2865 1815 3183 1886 φιλοσοφίας
3213 1814 3447 1877 κατάθες
3476 1812 3649 1882 λόγους
3670 1832 3681 1843 ο
3704 1814 3760 1867 δέ-

2231 1916 2383 1969 χεται
2404 1900 2563 1972 γάρὴ
2586 1900 2729 1972 ψυχή
2749 1919 2763 1933 ·
2782 1903 2861 1965 εἰς
2878 1903 2976 1973 τὴν
3003 1902 3295 1974 καλλίστην
3323 1902 3438 1966 ἐξιν
3464 1901 3621 1970 αὐτὴν
3634 1902 3758 1955 κατὰ-

2232 2003 2447 2056 στησον,
2484 1987 2582 2059 τὴν
2628 1987 2890 2060 αἰσχύνην
2933 1988 3095 2057 λέγω.
3154 1991 3219 2044 Εἰ
3274 1989 3330 2042 δὲ
3372 1987 3647 2059 βούλεσθε,
3694 1990 3759 2041 κιιί

2231 2073 2630 2145 ὑποδείγματος
2662 2075 2847 2129 ἕνεκεν
2885 2076 3018 2144 ἐρῶ,
3053 2076 3174 2130 τίνα
3202 2076 3339 2147 πρὸς
3375 2075 3545 2148 αὐτὴν
3570 2074 3760 2142 διαλέγει

2233 2162 2357 2215 σθαι
2388 2164 2515 2234 χρή.
2569 2164 2631 2216 Εἰ
2653 2163 2761 2234 γὰρ
2784 2163 2995 2227 Παῦλος
3018 2164 3078 2217 οὐ
3104 2165 3462 2236 παρῃτήσατο
3490 2165 3662 2224 εἰπεῖν.
3685 2164 3753 2229 Μὴ

2230 2248 2383 2321 [155]
2400 2251 2784 2325 ἀποστερεῖτε
2797 2252 3131 2320 ἀλλήλους,
3147 2252 3309 2306 καὶνυ
3320 2268 3493 2321 μφευτ
3503 2251 3611 2320 ρίας
3621 2250 3760 2318 ἐφθέτο

2232 2336 2360 2402 ξατο
2380 2339 2597 2409 ῥήματα
2610 2380 2624 2404 ,
2652 2339 2850 2408 μᾶλλον
2864 2339 2920 2392 δέ
2935 2341 2994 2391 οὐ
3013 2357 3074 2391 νυ
3083 2339 3404 2411 μφευτρίας,
3426 2338 3559 2392 ἀλλά
3574 2354 3762 2407 πνευμα-

2229 2426 2387 2496 τικῆς
2417 2427 2620 2497 ψυχῆςο
2653 2420 2835 2499 πολλῷ
2865 2427 3241 2499 μᾶλλονήμεῖς
3263 2428 3324 2482 οὐ
3362 2426 3763 2498 παραιτησόμεθα

2231 2515 2427 2569 εἰπεῖν.
2474 2513 2539 2567 Τί
2576 2514 2754 2567 τοίνυν
2793 2514 2928 2585 αὐτῇ
2962 2515 3305 2584 διαλέγεσθαι
3333 2515 3476 2585 χρή;
3502 2514 3642 2567 Μετά
3665 2513 3759 2565 πολι

2229 2598 2326 2670 λῆς
2354 2600 2538 2671 μέντοι
2560 2602 2780 2673 χάριτος
2793 2601 2971 2669 λέγειν
2988 2603 3124 2675 πρὸς
3148 2604 3338 2675 αὐτήν·
3379 2603 3591 2673 Ἡμεῖς,
3608 2596 3646 2655 ὧ
3668 2618 3762 2653 παι-

2229 2687 2361 2751 δίον,
2391 2689 2485 2742 τοῦ
2511 2689 2625 2759 βίου
2655 2707 2712 2742 σε
2743 2690 2997 2743 κοινωνὸν
3025 2690 3291 2761 ἐλάϐομεν
3321 2691 3421 2745 καὶ
3452 2690 3761 2759 εἰσηγάγομεν

2231 2775 2287 2826 ἐν
2315 2777 2429 2838 τοῖς
2462 2777 2811 2847 τιμιωτέροις
2844 2778 2936 2830 καί
2974 2778 3428 2849 ἀναγκαιοτέροις
3461 2779 3588 2848 ἡμῖν
3615 2794 3761 2829 κοινω-

2228 2862 2516 2931 νήσουσαν,
2551 2864 2609 2916 ἐν
2642 2862 2985 2935 παιδοποιία,
3023 2863 3118 2917 καὶ
3152 2864 3329 2927 οἰκίας
3379 2862 3683 2934 προστασίᾳ.
3717 2861 3761 2913 Τί

2229 2944 2324 3003 οὖν
2348 2951 2411 3022 δή
2444 2967 2501 3001 σε
2528 2949 2992 3021 παρακαλοῦμεν;
3042 2952 3256 3004 Μᾶλλον
3291 2951 3348 3004 δὲ
3387 2952 3493 3023 πρὸ
3522 2949 3686 3004 τούτου
3715 2949 3761 3001 τὲ

2227 3038 2331 3108 τῆς
2361 3037 2584 3107 ἀγάπης
2616 3036 2865 3105 διαλέγου
2889 3056 2900 3068 ·
2936 3037 3090 3091 οὐδὲν
3118 3038 3227 3110 7&9
3259 3037 3405 3092 οὕτω
3443 3038 3758 3108 συμϐάλλεται

2226 3125 2362 3191 πρὸς
2404 3125 2465 3177 τὸ
2502 3126 2686 3179 πεῖσαι
2711 3124 2804 3179 τὸν
2831 3125 3099 3181 ἀκούοντα
3138 3126 3397 3191 δέξασθαι
3434 3128 3500 3180 τά
3523 3125 3761 3196 λεγόμενα,

2225 3210 2299 3272 ὡς
2331 3210 2392 3263 τὸ
2429 3211 2642 3282 μαθεῖν,
2674 3215 2756 3268 ὅτι
2796 3212 2934 3284 μετά
2966 3212 3165 3284 πολλῆς
3194 3213 3294 3285 τῆς
3323 3214 3546 3283 ἀγάπης
3573 3212 3761 3278 λέγεται.

2228 3296 2353 3363 Πῶς
2379 3294 2472 3353 οῦν
2504 3300 2694 3366 δείξεις
2720 3301 2818 3372 τὴν
2849 3300 3106 3372 ἀγάπην;
3145 3303 3243 3356 ’Ἂν
3274 3302 3461 3373 εἴπῃς,
3496 3302 3574 3354 ὅτι
3600 3297 3761 3360 Πολλὰς

2228 3385 2348 3439 ἐνὸν
2376 3386 2591 3451 λαϐεῖν,
2632 3388 2726 3441 καί
2760 3388 3147 3461 εὐπορωτέρας
3189 3388 3283 3444 καὶ
3316 3389 3510 3456 γένους
3535 3383 3760 3459 λαμπροί,

2229 3474 2327 3543 οὐχ
2346 3473 2592 3545 εἱλόμην,
2624 3474 2759 3528 ἀλλά
2786 3475 2879 3528 σοῦ
2910 3477 3004 3530 καὶ
3028 3477 3125 3547 τῆς
3151 3476 3249 3548 σῆς
3279 3475 3528 3547 ἠράσθην
3550 3476 3763 3543 ἀναστρο-

2230 3560 2357 3631 φῆς,
2387 3560 2486 3628 τῆς
2508 3562 2881 3632 κοσμιότητος,
2912 3562 3010 3633 τῆς
3039 3564 3359 3628 ἐπιεικείας,
3394 3564 3494 3633 τῆς
3530 3558 3761 3631 σωφροςύ-

2227 3664 2345 3713 νης.
2376 3643 2507 3700 Εἶτα
2538 3648 2645 3700 ἀπὸ
2673 3648 2878 3702 τούτων
2914 3649 3078 3713 εὐθὺς
3105 3650 3530 3721 παρασκεύασον
3563 3649 3664 3703 ὁδὸν
3685 3646 3762 3697 τῶν

2225 3732 2400 3802 λόγων
2425 3733 2533 3786 τῶν
2561 3734 2689 3805 περὶ⁹
2712 3735 3051 3804 φιλοσοφίας,
3086 3738 3181 3790 καὶ
3204 3739 3505 3810 κατηγόρει
3529 3736 3617 3791 τοῦ
3640 3734 3762 3787 πλοὺο

2223 3837 2318 3875 του
2352 3822 2491 3892 μετά
2514 3840 2658 3887 τινος
2689 3824 2957 3894 περιόδου.
3005 3823 3219 3888 Ἀπλῶς
3257 3825 3358 3896 μέν
3391 3827 3503 3897 7&9
3524 3826 3610 3879 ἐὰν
3629 3840 3759 3878 κατα-

2225 3911 2406 3984 τείνῃς
2426 3910 2582 3980 λόγον
2599 3913 2740 3965 κατά
2763 3913 3017 3979 πλούτου,
3045 3914 3300 3986 φορτικὸς
3331 3913 3433 3988 έσῃ
3457 3933 3471 3947 ο
3500 3915 3563 3969 ἀν
3584 3914 3634 3968 δέ
3654 3914 3760 3991 ,ὐπο-

2227 4000 2428 4063 θέσεως
2446 3999 2765 4071 λαϐόμενος,
2798 4001 2974 4055 πάντα
3004 4002 3239 4066 ἀνύσεις.
3288 4005 3475 4070 Δόξεις
3500 4004 3602 4073 7&9
3626 4004 3674 4054 ἐν
3692 4001 3760 4053 τά·

2228 4087 2307 4152 ξει
2325 4087 2618 4157 ἀπολογίας
2642 4078 2711 4141 ’τὸ
2733 4091 2964 4159 πρᾶγμα
2987 4092 3180 4148 ποιεῖν.
3214 4089 3312 4160 οὐχ
3334 4089 3414 4154 ὡς
3438 4088 3687 4160 αὐστηρός
3700 4104 3759 4149 τις

2226 4175 2320 4228 καὶ
2349 4174 2547 4246 ἄχαρις
2578 4175 2673 4228 καὶ
2708 4176 3032 4248 μικρολόγος
3058 4219 3072 4244 ,
3103 4177 3216 4230 ἀλλ’
3247 4178 3376 4231 ὅταν
3414 4180 3481 4232 ἐκ
3503 4177 3605 4232 τῶν
3631 4175 3759 4244 αὐτῆς

2224 4262 2322 4333 τὴν
2355 4262 2610 4316 ὑπόθεσιν
2637 4262 2808 4337 λάϐῃς
2830 4306 2843 4328 ,
2884 4266 2977 4318 καὶ
3007 4264 3319 4337 ἡσθήσεται.
3359 4267 3535 4338 Ἐρεῖς
3557 4261 3639 4319 οὖν
3662 4264 3757 4334 (τάν

2224 4347 2307 4402 λιν
2348 4348 2456 4420 γὰρ
2480 4350 2571 4402 τὸν
2612 4350 2768 4419 λόγον
2811 4351 3102 4407 ἀναλαϐεῖν
3136 4353 3484 4422 ἀναγκαῖον),
3528 4349 3758 4420 ὃτιπαρόν

2226 4436 2487 4491 πλουσίαν
2514 4438 2687 4508 γῆμαι
2715 4439 2809 4491 καί⁵
2838 4438 3090 4508 εῦπορον,
3118 4439 3217 4492 οὐκ
3251 4442 3583 4510 ἠνεσχόμην.
3612 4439 3669 4491 Τί
3690 4438 3760 4507 δή·

2225 4540 2392 4591 ποτε;
2429 4525 2541 4594 Οὐχ
2585 4525 2790 4589 ἀπλῶς,
2831 4526 2949 4579 οὐδὲ
2992 4526 3141 4595 εἰκῆ,
3179 4526 3297 4579 ἀλλ’
3334 4528 3653 4597 ἐπαιδεύθην
3676 4523 3759 4591 ἐγὼ

2223 4611 2422 4675 καλῶς,
2472 4612 2553 4665 ὅτι
2579 4610 2809 4677 πλοῦτος
2839 4613 2990 4667 οὐδὲν
3032 4614 3219 4685 κτῆμά
3240 4615 3413 4681 ἐστιν,
3458 4615 3590 4669 ἀλλά
3621 4614 3757 4684 πρᾶγ·

2228 4717 2305 4770 μα
2326 4699 2820 4771 εὐκαταφρόνητον,
2851 4702 2943 4755 καὶ
2976 4701 3199 4775 λῃσταῖς
3217 4703 3423 4773 προσὸν
3450 4704 3544 4757 καὶ
3575 4704 3758 4772 πόρναις

2220 4785 2436 4854 γυναιξὶ
2464 4785 2560 4839 καὶ
2590 4786 2990 4858 τυμϐωρύχοις.

2289 4872 2380 4925 Διὸ
2439 4872 2611 4926 ταῦτα
2649 4873 2836 4942 ἀφεὶς,
2895 4876 2989 4927 ἐπὶ
3026 4877 3127 4946 τὴν
3163 4877 3261 4947 τῆς
3314 4876 3417 4947 σῆς
3462 4878 3653 4950 ἀρετὴν
3687 4870 3758 4945 ἦλ-

2220 4959 2310 5013 θον
2366 4959 2574 5030 ψυχῆς,
2632 4960 2701 5032 ἢν
2757 4962 2957 5027 παντὸς
3000 4964 3252 5033 προτιμῶ
3296 4966 3543 5035 χρυσίου.
3596 4963 3755 5028 Συνετὴ

2219 5049 2326 5117 7&9
2370 5048 2462 5101 καὶ
2503 5047 2763 5119 ἐλευθέρα
2816 5049 2950 5120 κόρη
3000 5051 3134 5117 νέα,
3190 5051 3287 5104 καὶ
3332 5053 3614 5116 εὐλαϐείας
3662 5055 3756 5105 ἐπι-

2222 5135 2547 5206 μελουμένη,
2603 5136 2784 5207 πάσης
2816 5139 2915 5208 τῆς
2971 5137 3297 5207 οἰκουμένης
3348 5141 3501 5193 ἐστὶν
3551 5138 3752 5202 ἀνταξίη.

2218 5222 2317 5275 Διά
2353 5222 2417 5293 δὴ
2466 5221 2641 5276 ταῦτά
2690 5240 2750 5277 σε
2784 5225 2879 5277 καὶ
2907 5225 3244 5296 ἠσπασάμην
3278 5227 3372 5280 καί
3400 5227 3555 5296 φιλῶ,
3580 5228 3661 5281 καὶ
3682 5225 3756 5293 τῆς

2218 5308 2452 5380 ἐμαυτοῦ
2498 5309 2793 5381 προτίθημι
2826 5311 3025 5383 ψυχῆς.
3073 5313 3239 5366 Οὐδὲν
3266 5314 3377 5385 7&9
3407 5316 3435 5367 6
3461 5314 3639 5386 παρὼν
3672 5313 3758 5382 βίος

2218 5397 2355 5461 ἐστὶ,
2390 5398 2483 5449 καί¹
2523 5395 2752 5467 εὔχομαι
2792 5399 2886 5451 καὶ
2932 5400 3233 5470 παρακαλῶ
3267 5402 3365 5454 καὶ
3410 5404 3583 5456 πάντα
3628 5400 3754 5457 ποιῶ.

2216 5483 2358 5537 ὥστε
2385 5485 2533 5555 ἡμᾶς
2565 5484 2705 5537 οὔτω
2750 5486 3150 5556 καταξιωθῆναι
3192 5487 3284 5542 τὸν
3322 5490 3561 5561 παρόντα
3600 5489 3757 5557 στῆσαι

2219 5571 2357 5642 βίον,
2392 5570 2531 5623 ὥστε
2569 5571 2860 5643 δυνηθῆναι
2901 5574 2994 5627 καὶ
3034 5574 3152 5627 ἐκεῖ
3182 5578 3240 5628 ἐν
3259 5576 3336 5647 τῷ
3368 5578 3605 5647 μέλλοντι
3632 5574 3755 5628 αἰῶνι

2221 5658 2360 5730 μετά
2374 5658 2573 5726 πολλῆς
2596 5658 2695 5728 τῆς
2716 5658 2899 5723 ἀδείας
2920 5661 3170 5731 ἀλλήλοις
3194 5666 3450 5718 συνεῖναι.
3490 5666 3545 5717 '0
3567 5664 3655 5734 μὲν
3672 5660 3755 5731 γὰρ

2218 5747 2408 5818 χρόνος
2437 5740 2589 5810 οὗτος
2614 5746 2819 5817 βραχὺς
2842 5750 2935 5803 καὶ
2954 5750 3217 5821 ἐπίκηρος
3244 5767 3257 5780 ·
3281 5753 3328 5805 εἰ
3349 5753 3423 5817 δὲ,
3444 5751 3755 5816 καταξιωθεί-

2224 5851 2363 5904 ημεν
2404 5832 2866 5904 εὐαρεστὴσαντες
2904 5836 2982 5905 τῷ
3012 5836 3131 5908 Θεῷ
3159 5837 3299 5893 οὕτω
3337 5841 3423 5894 τὸν
3456 5840 3565 5911 βίον
3592 5837 3751 5911 μετελ-
