3974 6500
249 430 352 483 H5

247 547 323 599 let
364 557 493 598 eum
546 538 749 595 habere
782 549 948 607 prope
993 548 1052 590 se
1094 533 1227 589 nihil
1258 531 1646 603 acquirentem,
1674 542 1833 599 quam

245 634 434 689 decies
479 630 627 685 mille
674 629 873 683 talenta
900 624 1211 703 cum‘curis
1257 632 1314 679 et
1358 620 1832 685 sollicitudinibus,

245 741 373 791 qua:
400 736 616 793 semper
641 719 836 773 adsunt
859 716 1172 796 mulieribus
1197 728 1265 769 ex
1294 709 1831 783 peregrinationibus.

246 814 358 870 Sed
389 828 567 884 neque
596 812 823 865 maritus
852 809 967 864 lucc
1006 807 1252 871 audiens,
1282 815 1337 860 ut
1364 805 1454 875 qui
1501 804 1658 859 habet
1687 804 1835 873 prin-

247 907 516 975 cipatum,
544 910 898 958 convertatur
936 901 1002 953 ad
1033 897 1389 954 contumelias
1418 904 1473 950 et
1517 895 1717 964 plagas,
1744 892 1836 947 sed

250 1005 524 1059 hortetur,
552 997 863 1059 admoneat,
896 1002 1164 1062 tamquam
1206 987 1584 1059 impcrfectiori
1614 985 1836 1040 rationi-

248 1089 354 1143 bus
386 1087 733 1161 persuadeat,
753 1099 946 1139 manus
977 1084 1031 1137 in
1064 1098 1180 1137 eam
1212 1097 1317 1135 non
1347 1078 1629 1135 extendat:
1656 1077 1839 1147 procul

253 1180 376 1234 hac
401 1194 431 1231 a
474 1179 640 1233 libera
672 1178 848 1231 anima
873 1193 890 1243 ;
940 1175 1034 1231 sed
1067 1190 1165 1229 nec
1192 1172 1567 1232 contumelias,
1593 1185 1692 1225 nec
1718 1185 1841 1238 pro-

247 1272 352 1327 bra
382 1287 481 1326 nec
507 1270 790 1325 maledicta
821 1269 1050 1339 ingerat,
1074 1266 1168 1322 sed
1191 1278 1246 1319 ut
1267 1281 1386 1334 quae
1406 1264 1475 1318 sit
1503 1261 1840 1333 insipientior

248 1379 377 1419 eam
405 1371 714 1432 componat.
752 1360 1033 1429 Quomodo
1060 1368 1237 1413 autem
1280 1357 1381 1412 hoc
1402 1357 1550 1412 erit?
1593 1356 1647 1410 Si
1688 1368 1842 1408 veras

249 1456 431 1511 discat
461 1455 697 1517 divitias,
731 1454 775 1507 si
816 1466 1102 1521 supernam
1133 1448 1553 1518 philoSOphiam,
1587 1446 1717 1500 nihil
1746 1459 1841 1499 eo-

249 1564 378 1602 rum
417 1546 717 1601 damnabit.
767 1544 965 1598 Doceat
987 1557 1103 1596 eam
1130 1539 1267 1610 quod
1311 1546 1595 1610 paupertas
1643 1535 1843 1591 nullum

250 1649 329 1692 Sll
356 1638 602 1701 malum;
637 1636 829 1690 doceat
859 1650 963 1688 non
991 1634 1164 1688 solum
1205 1647 1301 1702 per
1325 1645 1389 1685 ea
1414 1644 1532 1695 quae
1560 1627 1709 1690 dicit,
1750 1625 1843 1681 sed

255 1738 315 1784 et
348 1745 449 1799 per
478 1744 542 1784 ea
568 1744 688 1798 qure
733 1726 900 1792 facit;
951 1726 1145 1781 doceat
1183 1723 1460 1792 despicere
1501 1720 1747 1791 gloriam,
1790 1727 1847 1773 et

257 1822 396 1876 nihil
430 1819 743 1889 hujusmodi
772 1819 917 1874 dicet
960 1818 1153 1872 mulier
1180 1830 1279 1869 nec
1301 1812 1662 1882 concupiscet.
1694 1811 1772 1864 Ac
1801 1810 1845 1864 si

255 1912 552 1981 imaginem
580 1911 872 1977 acciperet,
896 1907 964 1963 ab
1001 1908 1088 1961 illa
1115 1920 1337 1974 vespera
1359 1918 1461 1974 qua
1502 1916 1621 1957 eam
1651 1901 1849 1970 excipit

257 2004 524 2068 thalamo,
547 2017 665 2057 eam
697 2001 891 2055 doceat
933 1997 1359 2068 temperantiam,
1403 1993 1741 2055 modestiam,
1768 1990 1847 2045 le-

200 2157 210 2166 .
258 2096 513 2161 nitatem,
546 2102 604 2147 ut
642 2093 822 2147 statim
851 2091 918 2147 ab
945 2090 1190 2154 exordio,
1223 2097 1277 2144 et
1314 2088 1382 2142 ab
1417 2086 1547 2156 ipsis
1574 2082 1849 2139 vestibulis

262 2188 497 2240 honeste
525 2186 690 2247 vivat,
719 2182 960 2254 pecunia:
989 2194 1227 2235 amorem
1251 2177 1509 2247 dejiciens
1535 2194 1549 2231 :
1574 2183 1629 2230 et
1654 2175 1704 2227 in
1726 2171 1849 2243 phi-

261 2278 511 2347 losophia
540 2277 753 2332 erudiat
774 2284 829 2330 et
856 2273 1081 2330 suadeat
1110 2287 1177 2327 ne
1215 2272 1285 2326 sit
1308 2270 1357 2325 ei
1382 2284 1573 2323 aurum
1610 2265 1852 2337 pendens

263 2388 330 2426 ex
357 2370 603 2436 auribus,
632 2383 732 2423 nec
761 2383 826 2423 eo
860 2374 1082 2422 ornetur
1121 2365 1172 2420 in
1214 2362 1367 2434 genis
1391 2372 1447 2417 et
1474 2360 1636 2425 collo,
1662 2373 1761 2412 nec
1798 2355 1853 2411 id

264 2461 567 2533 repositum
593 2458 788 2514 haheat
816 2458 867 2511 in
901 2457 1159 2522 thalamo,
1190 2469 1363 2524 neque
1385 2463 1559 2507 vestes
1579 2464 1770 2505 aureas
1800 2458 1855 2503 et
1894 2504 1895 2507 η

266 2561 657 2624 sumptuosas;
691 2549 786 2605 sed
825 2549 895 2603 sit
919 2548 1136 2619 quidem
1161 2548 1380 2617 elegans
1400 2554 1642 2609 ornatus,
1668 2551 1724 2597 at
1749 2557 1854 2596 non

269 2642 343 2698 ad
387 2643 643 2713 probrum
673 2652 728 2696 et
756 2641 1140 2697 contumeliam
1168 2637 1373 2694 recidat
1415 2637 1714 2707 elegantia;
1760 2649 1855 2690 ve-

272 2749 399 2789 rum
426 2733 509 2787 his
529 2733 765 2787 dimissis
790 2731 1140 2786 histrionibus
1170 2732 1222 2785 in
1247 2729 1623 2792 sccnica,orna
1641 2726 1855 2781 domum

278 2841 405 2881 cum
436 2826 598 2880 multa
644 2825 927 2879 honestate
970 2839 1033 2878 ac
1059 2823 1279 2887 decore,
1313 2821 1607 2891 spirantem
1655 2830 1859 2888 tempe—

278 2918 509 2971 rantiam
538 2917 733 2985 potius,
758 2912 918 2986 Quam
941 2914 1102 2968 alium
1133 2929 1349 2969 suavem
1375 2913 1617 2970 odorem.
1644 2912 1723 2966 Ex
1760 2911 1861 2965 hoc

275 3009 424 3064 enim
453 3007 738 3063 ernntduo
764 3016 856 3062 aut
888 3007 988 3062 tria
1019 3007 1157 3061 bona
1197 3024 1209 3060 :
1244 3006 1473 3076 primum
1500 3004 1715 3075 quidem
1754 3017 1859 3057 non

277 3100 482 3154 dolebit
514 3114 736 3170 sponsa,
762 3098 890 3154 dum
924 3099 1113 3153 solutis
1155 3097 1481 3168 nuptialibus
1512 3096 1756 3151 thalamis
1778 3110 1864 3151 re-

274 3194 565 3248 mittuntur
594 3193 660 3247 ad
697 3194 938 3263 singulos
957 3202 1137 3247 vestes
1163 3200 1217 3247 et
1236 3206 1368 3259 vasa
1400 3205 1559 3246 aurea
1584 3199 1638 3246 et
1674 3202 1865 3259 argen-

279 3295 409 3339 tea:
442 3284 709 3350 secundo,
735 3284 878 3354 quod
916 3298 1145 3353 sponsus
1190 3298 1295 3338 non
1340 3282 1444 3338 erit
1490 3281 1751 3336 sollicitus
1796 3295 1865 3335 ne

274 3388 528 3445 pereant,
562 3385 615 3430 et
641 3385 697 3429 ut
724 3374 1095 3429 custodiantur
1125 3389 1243 3443 qua:
1268 3383 1391 3428 sunt
1416 3381 1740 3442 comparata.
1771 3371 1865 3427 llis

273 3466 483 3520 accedit
517 3467 765 3531 tertium,
796 3464 939 3536 quod
964 3474 1048 3520 est
1090 3480 1296 3520 summa
1336 3465 1639 3519 bonorum:
1671 3479 1737 3517 ex
1784 3462 1867 3517 his

276 3557 410 3626 ipsis
439 3556 693 3613 ostendet
736 3564 975 3611 mentem
1012 3570 1186 3621 suam,
1210 3571 1268 3610 se
1312 3556 1460 3610 nullo
1500 3555 1690 3609 horum
1716 3554 1866 3609 dele-

274 3650 433 3715 ctari,
466 3659 525 3702 et
549 3663 608 3703 se
633 3648 794 3704 etiam
825 3657 1018 3702 canora
1041 3647 1218 3701 omnia
1257 3646 1662 3709 dissoluturum,
1694 3658 1869 3714 neque

276 3757 538 3811 umquam
563 3755 946 3796 concessurum
979 3747 1037 3794 ut
1078 3740 1207 3793 fiant
1245 3737 1554 3794 soltationes
1580 3746 1637 3791 et
1672 3752 1869 3790 canan-

282 3842 370 3887 tur
396 3831 666 3902 impudica
696 3832 925 3886 cantica.
961 3822 1028 3885 Et
1052 3831 1167 3886 scio
1186 3829 1404 3900 quidem
1428 3843 1516 3883 me
1554 3827 1722 3882 videri
1750 3827 1871 3897 qui—

277 3924 511 3979 husdam
538 3938 660 3979 esse
688 3923 994 3987 ridiculum,
1019 3921 1109 3992 qui
1135 3920 1232 3975 bas
1277 3921 1421 3991 leges
1449 3918 1655 3985 feram;
1698 3918 1793 3974 sed
1824 3919 1869 3973 si

282 4015 419 4069 mihi
446 4014 809 4079 credideritis,
843 4012 1168 4083 procedente
1194 4020 1452 4082 tempore,
1475 4020 1529 4068 et
1549 4009 1873 4066 succedente

278 4108 362 4164 rei
407 4109 660 4173 utilitate,
694 4116 821 4163 tunc
864 4106 1071 4163 lucrum
1105 4106 1287 4161 scietis
1316 4122 1329 4158 :
1370 4114 1424 4159 et
1450 4104 1632 4159 effluet
1656 4102 1872 4173 quidem

282 4204 449 4266 risus,
482 4209 540 4257 et
583 4199 872 4256 irridebitis
911 4215 1031 4255 eam
1059 4214 1179 4270 quae
1226 4212 1368 4253 nunc
1397 4205 1479 4253 est
1521 4196 1870 4253 consuetudi.

284 4308 410 4346 nem
435 4307 451 4357 ;
495 4299 553 4346 et
579 4291 828 4346 videbitis
854 4305 916 4345 ea
939 4305 1056 4360 quas
1090 4304 1237 4343 nunc
1261 4289 1416 4355 ﬁunt,
1438 4302 1558 4342 esse
1583 4300 1871 4358 puerorum

285 4381 661 4452 insipientium
689 4390 739 4435 et
777 4381 1015 4435 virorum
1049 4379 1355 4444 ebriorum;
1384 4393 1501 4447 quae
1530 4385 1706 4432 autem
1751 4391 1870 4431 sua-

285 4477 414 4542 deo,
439 4492 564 4532 esse
600 4475 880 4530 modestia:
918 4482 973 4530 et
998 4471 1355 4545 philosophia:
1379 4479 1438 4526 et
1476 4484 1725 4539 supernae
1751 4469 1875 4524 vita:

286 4567 514 4638 agenda:
544 4567 830 4621 rationem.
857 4565 995 4633 Quid
1040 4578 1170 4635 ergo
1206 4562 1329 4618 dico
1355 4562 1650 4631 oportere?
1685 4560 1875 4615 Omnia

291 4663 465 4732 turpia
492 4662 700 4715 cantica
729 4677 847 4731 qua:
872 4669 996 4713 sunt
1021 4658 1277 4722 satanica,
1311 4655 1626 4710 inhonestas
1646 4653 1874 4708 cantile-

288 4770 410 4819 nas,
444 4752 848 4809 immundurum
874 4750 1134 4821 juvenum
1156 4747 1504 4804 circuitiones
1532 4744 1683 4800 aufer
1720 4758 1749 4799 a
1780 4758 1880 4799 nu-

293 4848 439 4917 ptiis,
474 4855 532 4902 et
572 4845 687 4900 inec
729 4852 980 4915 poterunt
1013 4841 1279 4910 castigare
1323 4853 1574 4909 sponsam
1604 4846 1659 4893 et
1688 4835 1878 4891 mode-

291 4950 431 4994 stam
482 4938 735 4994 reddere.
763 4937 957 4993 Statim
1002 4934 1148 4990 enim
1189 4932 1333 5003 apud
1375 4946 1436 4987 se
1475 4928 1874 4986 considerabit:

293 5030 475 5100 Papae,
498 5028 673 5099 qualis
692 5036 776 5083 est
796 5027 882 5081 hic
902 5025 1015 5080 vir!
1042 5034 1121 5080 est
1150 5022 1498 5094 philosophus
1518 5038 1533 5077 :
1560 5020 1697 5076 hanc
1716 5021 1878 5075 vitam

296 5122 449 5176 nihili
488 5120 671 5186 ducit;
718 5117 783 5173 ad
827 5115 1193 5188 procreandos
1236 5115 1434 5169 liberos
1476 5123 1531 5168 et
1575 5110 1882 5168 educznndos

297 5229 381 5266 me
411 5213 466 5266 in
495 5212 641 5266 :edes
664 5210 833 5275 duxit,
867 5219 920 5264 et
960 5209 1028 5264 ad
1070 5209 1287 5262 domum
1317 5204 1744 5261 custodiendam.
1774 5203 1881 5259 Sed

300 5305 414 5361 hate
455 5294 671 5374 sponsae
702 5311 859 5357 erunt
887 5299 1215 5371 injucunda?
1246 5299 1323 5353 Ad
1352 5299 1583 5368 primum
1635 5311 1802 5367 usque
1828 5305 1882 5351 et

300 5395 605 5452 secundum
638 5396 801 5457 diem,
824 5410 930 5448 non
960 5402 1138 5448 autem
1168 5391 1453 5461 deinceps;
1484 5390 1577 5445 sed
1609 5399 1664 5444 et
1704 5391 1879 5443 maxi-

301 5504 441 5543 mam
468 5490 645 5556 capiet
668 5486 1017 5556 voluptatem,
1056 5499 1117 5540 se
1159 5483 1226 5539 ab
1251 5483 1394 5537 omni
1421 5482 1731 5551 suspicione
1753 5480 1885 5535 libe-

302 5595 447 5634 rans.
481 5578 615 5632 Nam
653 5578 742 5648 qui
768 5592 943 5647 neque
976 5575 1158 5642 tibias,
1190 5589 1365 5644 neque
1405 5574 1684 5639 saltantes,
1714 5587 1885 5642 neque

303 5670 502 5727 fractos
522 5680 714 5725 cantus
738 5668 1073 5732 sustinuerit,
1100 5667 1260 5738 idque
1282 5676 1527 5736 tempore
1556 5666 1883 5736 nuptiarum,

306 5764 389 5816 vix
414 5762 602 5831 ipsein
622 5762 861 5816 animum
879 5759 1148 5816 induxerit
1166 5768 1223 5814 ut
1243 5768 1396 5828 turpe
1413 5757 1613 5827 aliquid
1631 5770 1885 5827 umquam

309 5864 399 5908 aut
441 5853 597 5909 faciat
640 5861 735 5908 aut
764 5853 925 5908 dicat.
971 5852 1101 5909 Post
1147 5850 1251 5907 hoc
1292 5860 1494 5918 autem,
1523 5848 1737 5920 quando
1770 5848 1885 5905 tunc

1105 417 1171 475 ΙΝ
1211 415 1426 473 EPIST.
1470 415 1563 470 AD
1600 414 1847 471 EPHES.
1888 413 2037 469 CAP.
2082 415 2146 470 V.
2189 416 2418 473 HOMIL.
2461 418 2578 473 XX.

3420 426 3525 481 NG

1943 529 2121 582 omnia
2150 529 2438 587 abstuleris
2480 545 2511 585 a
2551 531 2920 598 matrimonio,
2948 542 3095 595 recte
3133 543 3182 589 te
3212 549 3386 605 geras,
3417 554 3519 610 pu-

1939 618 2126 674 dorem
2155 620 2370 689 quidem
2399 622 2450 675 in
2480 622 2697 693 longam
2738 633 2950 696 tempus
2989 627 3307 699 extendens,
3339 642 3390 685 et
3416 647 3520 690 non

1941 710 2048 764 cito
2093 710 2412 766 dissolvens.
2444 711 2576 767 Nam
2619 716 2721 769 etsi
2776 718 3184 774 inverecundior
3213 722 3283 777 sit
3320 725 3525 794 puella,

1942 802 2046 856 scit
2072 802 2137 856 ad
2162 812 2371 873 tempus
2398 804 2579 872 silere,
2604 808 2781 862 mariti
2822 818 2962 864 mota
2992 803 3324 884 reverentia,
3359 826 3411 872 et
3438 834 3522 874 re-

1944 909 2062 947 rum
2089 896 2281 964 quibus
2312 912 2416 951 non
2461 901 2696 954 assuevit
2725 903 2979 959 novitate.
3016 905 3169 963 llunc
3197 924 3325 979 ergo
3353 911 3524 979 pudo-

1945 1000 2059 1038 rem
2103 1000 2211 1040 non
2254 987 2361 1042 cito
2385 986 2673 1055 diSSolvas,
2704 992 2846 1059 quod
2893 992 3094 1049 faciunt
3125 998 3220 1051 viri
3250 999 3525 1069 impudici,

1945 1074 2040 1130 sed
2066 1076 2323 1131 extendas
2351 1079 2416 1133 ad
2451 1079 2667 1149 longum
2699 1091 2907 1150 tempus
2934 1102 2946 1138 :
2981 1085 3083 1141 hoc
3113 1088 3255 1142 enim
3289 1090 3381 1144 tibi
3407 1107 3523 1145 ma-

1947 1182 2109 1238 gnum
2131 1170 2319 1226 afferet
2345 1172 2571 1227 lucrum.
2588 1174 2805 1229 interim
2830 1192 2935 1231 non
2965 1181 3256 1248 accusabit,
3272 1198 3369 1238 nec
3395 1199 3528 1254 que-

1948 1269 2098 1313 retur
2127 1260 2194 1315 de
2219 1262 2283 1316 iis
2307 1278 2427 1333 qua:
2456 1274 2511 1318 tu
2544 1267 2817 1321 statueris.

2018 1351 2071 1406 8.
2113 1352 2282 1423 Leges
2324 1369 2453 1425 ergo
2498 1358 2763 1414 constitue
2819 1370 2931 1416 toto
2981 1362 3070 1416 illo
3111 1371 3392 1434 tempore,
3420 1383 3532 1437 quo

1950 1443 2122 1512 pudor
2152 1452 2418 1516 tamquam
2458 1450 2723 1518 quoddam
2758 1452 2961 1508 frenum
2989 1455 3180 1510 animae
3223 1458 3526 1528 impositus,

1950 1547 2056 1588 non
2100 1535 2229 1589 sinit
2266 1537 2333 1592 de
2375 1539 2555 1610 aliquo
2579 1543 2873 1612 conqueri,
2909 1531 3008 1600 nec
3034 1560 3096 1601 ea
3127 1562 3246 1617 qua:
3278 1548 3411 1604 ﬁunt
3438 1566 3529 1606 re-

1950 1623 2231 1695 darguere.
2257 1628 2385 1683 Nam
2407 1631 2620 1699 quando
2640 1633 2883 1688 fiduciam
2911 1644 2963 1690 et
2991 1636 3201 1692 dicendi
3229 1639 3531 1697 libertatem

1950 1715 2385 1786 apprehenderit,
2413 1736 2533 1775 cum
2577 1724 2739 1777 multa
2786 1713 3073 1782 securitate
3119 1731 3295 1784 omnia
3340 1735 3534 1789 evertit

1951 1815 2007 1862 et
2035 1810 2328 1864 confundit.
2362 1812 2585 1878 Quando
2627 1829 2756 1885 ergo
2786 1818 2887 1872 erit
2932 1818 3076 1873 aliud
3127 1830 3333 1890 tempus
3380 1840 3534 1894 teque

1953 1906 2134 1967 aptum
2182 1899 2247 1953 ad
2292 1900 2591 1971 tingendum
2624 1914 2679 1959 et
2722 1906 3052 1964 formandam
3100 1928 3343 1980 uxorem,
3375 1924 3535 1986 atque

1956 1990 2085 2045 illud
2113 2008 2219 2062 quo
2250 2006 2524 2051 reveretur
2553 2000 2804 2054 maritum
2846 2010 2899 2056 et
2943 2003 3116 2059 adhuc
3162 2007 3312 2061 timet
3356 2019 3409 2063 et
3440 2026 3537 2079 pu-

1955 2079 2085 2136 dore
2112 2083 2417 2139 detinetur?
2441 2086 2591 2143 Tunc
2631 2090 2680 2143 ei
2715 2090 2925 2161 impone
2957 2093 3099 2163 leges
3121 2109 3328 2164 omnes,
3357 2107 3412 2152 et
3439 2114 3533 2169 pa-

1956 2173 2116 2239 rebit,
2147 2184 2200 2229 et
2226 2176 2413 2231 lubens
2440 2187 2493 2233 et
2520 2178 2703 2234 invita.
2728 2182 3006 2249 Quomodo
3023 2195 3197 2240 autem
3229 2203 3334 2242 non
3362 2189 3539 2245 solves

1958 2265 2256 2335 pudorem?
2280 2268 2501 2335 Quando
2536 2275 2775 2329 cerneris
2816 2274 2930 2344 ipse
2960 2292 3170 2347 quoque
3213 2296 3319 2334 non
3360 2282 3540 2338 minus

1959 2372 2117 2426 quam
2146 2357 2232 2411 illa
2260 2360 2616 2428 erubescens,
2650 2378 2816 2433 pauca
2847 2366 3060 2434 quidem
3094 2368 3340 2439 loquens,
3370 2388 3542 2442 eaque

1959 2464 2080 2503 cum
2112 2462 2298 2521 magna
2337 2454 2596 2521 gravitate
2629 2464 2682 2509 et
2710 2458 3174 2516 animadversione
3205 2480 3218 2516 :
3250 2472 3372 2519 tunc
3397 2466 3539 2536 apud

1962 2556 2079 2596 eam
2107 2541 2457 2613 philosophia:
2484 2548 2644 2601 verba
2675 2548 2916 2618 depone;
2942 2566 3005 2606 ea
3034 2553 3176 2607 enim
3204 2555 3396 2625 accipit
3427 2558 3543 2611 ani-

1963 2647 2048 2685 ma
2078 2648 2091 2685 :
2119 2632 2186 2687 ad
2228 2634 2642 2703 pulcherrimum
2673 2649 2727 2693 et
2768 2641 3023 2709 optimum
3055 2642 3311 2709 habitum,
3339 2663 3533 2719 nempe

1964 2723 2373 2793 pudorem,eam
2408 2727 2678 2798 redige.Si
2707 2730 2889 2797 vultis,
2917 2734 3076 2788 etiam
3105 2739 3348 2806 exempli
3379 2754 3543 2795 causa

1963 2818 2137 2873 dicam
2158 2834 2401 2890 quamam
2422 2821 2493 2874 illi
2513 2821 2691 2877 dicere
2711 2833 2973 2893 oporteat.
2996 2825 3128 2881 Nam
3152 2828 3195 2881 si
3217 2828 3410 2884 Paulus
3434 2848 3549 2888 non

1965 2910 2233 2964 recusavit
2258 2910 2457 2975 dicere,
2489 2910 2667 2967 Nolite
2709 2914 2951 2980 fraudare
2984 2917 3192 2972 invicem
3223 2919 3312 2989 (1.
3339 2920 3456 2977 Cor.
3489 2926 3549 2981 7.

1965 3000 2044 3071 5),
2067 3011 2119 3056 et
2140 3003 2395 3071 pronuba:
2422 3004 2582 3058 verba
2613 3014 2693 3059 est
2722 3005 2991 3075 loquutus,
3012 3007 3119 3062 imo
3134 3025 3263 3065 vero
3291 3027 3395 3066 non
3427 3030 3549 3082 pro-

1969 3094 2144 3160 nubaz,
2175 3095 2265 3149 sed
2294 3095 2585 3164 spiritualis
2610 3097 2801 3151 animae
2830 3112 2845 3162 ;
2878 3099 3045 3153 multo
3087 3102 3254 3171 magis
3299 3118 3395 3159 nos
3440 3120 3547 3161 non

1968 3185 2330 3240 recusahimus
2356 3187 2552 3241 dicere.
2578 3186 2715 3254 Quid
2744 3196 2825 3243 est
2849 3204 2976 3258 ergo
2998 3191 3043 3244 ei
3071 3190 3389 3249 dicendum?
3413 3196 3555 3250 Cum

1971 3279 2132 3332 multa
2158 3279 2325 3347 gratia
2354 3286 2565 3347 oportet
2589 3281 2636 3334 ei
2664 3280 2846 3335 dicere
2871 3297 2883 3333 :
2912 3280 3040 3347 Nos,
3067 3298 3099 3334 o
3129 3283 3311 3352 filiola,
3347 3297 3397 3341 te
3426 3291 3551 3344 vita:

1969 3371 2169 3425 sociam
2196 3372 2497 3441 accepimus
2516 3413 2532 3437 ,
2560 3380 2615 3427 et
2641 3382 2692 3427 te
2725 3372 3118 3429 introduximus
3147 3376 3214 3431 ad
3241 3380 3555 3436 societatem

1970 3461 2023 3515 in
2052 3460 2117 3515 iis
2143 3477 2261 3531 qua:
2288 3474 2412 3516 sunt
2434 3465 2869 3531 prmstantissima
2898 3477 2951 3520 et
2974 3468 3203 3523 maxime
3226 3473 3547 3535 necessaria,

1973 3567 2166 3621 nempe
2189 3556 2243 3606 in
2275 3553 2562 3607 liberorum
2599 3558 2968 3623 procreatione
2993 3598 3008 3622 ,
3035 3568 3091 3613 et
3131 3561 3319 3615 domus
3344 3578 3471 3617 cura
3497 3574 3556 3619 et

1972 3642 2453 3699 administratione.
2481 3643 2619 3711 Quid
2648 3660 2776 3715 ergo
2798 3654 2848 3700 te
2875 3650 3162 3716 rogamus?
3189 3651 3298 3704 lmo
3323 3667 3446 3707 vere
3465 3668 3553 3707 an-

1974 3742 2058 3788 tea
2085 3734 2305 3802 loquere
2322 3749 2440 3803 quae
2470 3736 2736 3803 pertinent
2760 3736 2825 3790 ad
2848 3735 3186 3794 dilectionem
3217 3760 3231 3794 :
3260 3742 3391 3796 nihil
3411 3744 3555 3798 enim

1975 3840 2125 3894 aeque
2153 3823 2358 3878 confert
2384 3824 2447 3879 ad
2479 3827 2906 3896 persuadendmn
2934 3828 3160 3884 auditori
3188 3839 3241 3885 ut
3269 3844 3483 3901 accepta
3503 3835 3560 3890 ei

1973 3919 2079 3971 sint
2119 3932 2238 3987 qua;
2283 3917 2551 3984 dicuntur,
2588 3928 2748 3989 atque
2777 3921 2914 3974 scire
2942 3921 3081 3991 quod
3125 3937 3185 3978 ea
3218 3923 3461 3980 dicantur
3488 3942 3555 3982 ex

1977 4010 2141 4064 multa
2197 4008 2478 4065 dilectione
2541 4019 2597 4065 et
2651 4011 3042 4072 benevolentia.
3100 4014 3379 4082 Quomodo
3429 4032 3559 4088 ergo

1974 4101 2227 4157 ostendes
2250 4102 2635 4158 dilectionem?
2660 4103 2716 4157 Si
2744 4103 2961 4168 dixeris,
2993 4103 3123 4159 Cum
3154 4108 3348 4164 multas
3374 4108 3558 4165 liceret

1976 4196 2222 4265 accipere
2250 4204 2306 4250 et
2339 4195 2560 4251 ditiores
2588 4203 2643 4250 et
2668 4210 2734 4251 ex
2764 4195 2954 4251 illustri
3002 4212 3199 4267 genere
3242 4209 3427 4266 natas,
3452 4218 3561 4257 uou

1975 4299 2071 4340 eas
2094 4285 2250 4355 elegi,
2280 4284 2372 4340 sed
2390 4286 2563 4339 amavi
2586 4294 2727 4339 tuam
2756 4285 2881 4339 vitm
2904 4287 3121 4356 agenda:
3144 4289 3430 4355 rationem,
3459 4290 3557 4344 ho-

1979 4384 2238 4430 aestatem
2262 4416 2277 4440 ,
2311 4374 2655 4437 modestiam,
2692 4376 3117 4443 temperantiam.
3150 4376 3350 4433 Deinde
3378 4382 3563 4434 statim

1978 4466 2048 4520 ab
2077 4465 2159 4520 his
2191 4480 2317 4534 para
2345 4465 2483 4519 viam
2507 4465 2571 4519 ad
2602 4465 2883 4520 dicendum
2915 4466 2981 4520 de
3006 4467 3362 4537 philosogihia,
3391 4479 3445 4526 ct
3470 4487 3559 4526 re-

1981 4556 2251 4626 prehendo
2271 4557 2480 4611 divitias
2507 4570 2626 4612 cum
2653 4556 2879 4625 quadam
2900 4557 3121 4627 ambage
3149 4567 3203 4613 et
3224 4559 3559 4615 circuitione.

1982 4649 2110 4703 Nam
2142 4649 2185 4702 si
2208 4648 2503 4702 orationem
2536 4647 2706 4701 solum
2734 4647 2988 4702 extendas
3014 4648 3075 4702 iu.
3096 4650 3462 4719 vituperandis
3484 4651 3541 4705 di

1981 4740 2157 4807 vitiis,
2190 4740 2296 4795 eris
2329 4740 2504 4810 gravis
2545 4751 2600 4794 et
2648 4739 2978 4806 importunus
3011 4758 3025 4794 :
3057 4740 3137 4793 sin
3170 4751 3379 4811 arrepta
3404 4758 3561 4797 occa-

1982 4833 2170 4892 sione,
2204 4830 2381 4884 omnia
2432 4828 2632 4885 efﬁcies
2665 4828 2905 4884 :vidcris
2944 4830 3085 4884 enim
3140 4830 3192 4885 id
3243 4831 3419 4888 facere
3469 4848 3572 4903 pro

1983 4923 2297 4981 defensione
2340 4930 2396 4978 et
2439 4922 2817 4988 excusatione,
2850 4937 2957 4976 non
3005 4931 3273 4993 tamquam
3322 4934 3570 4979 austeros

1984 5018 2267 5090 quispiam,
2296 5015 2719 5085 injucundusque
2763 5024 2815 5069 et
2858 5014 3129 5071 illiberalis
3173 5024 3227 5071 et
3275 5018 3566 5084 sordidus;

1986 5110 2080 5166 sed
2110 5108 2322 5180 quando
2349 5122 2416 5163 ex
2446 5107 2510 5161 iis
2534 5122 2652 5177 quae
2681 5115 2805 5162 sunt
2829 5108 2964 5177 ejus,
3005 5111 3296 5177 sumpSeris
3326 5110 3566 5164 occasiu-

1987 5217 2108 5256 nem
2134 5243 2149 5265 ,
2180 5202 2339 5256 etiam
2381 5198 2655 5269 gaudebit.
2681 5199 2835 5253 Dices
2878 5214 3005 5269 ergo
3033 5201 3054 5272 (
3080 5199 3380 5254 necessario
3424 5198 3571 5254 enim

1989 5308 2173 5349 rursus
2202 5291 2489 5361 repetenda
2520 5300 2602 5346 est
2629 5292 2798 5345 oratio
2821 5290 2874 5362 ):
2898 5291 3030 5346 Cum
3054 5291 3238 5345 liceret
3266 5290 3460 5345 dueere
3487 5291 3568 5345 di-

1988 5386 2148 5439 vitem
2190 5392 2245 5437 et
2283 5382 2620 5451 locupletem,
2653 5397 2758 5436 non
2788 5382 2968 5436 induxi
3001 5380 3053 5435 in
3083 5380 3338 5434 animum.
3369 5380 3567 5448 Quatu-

1989 5476 2208 5531 obrem?
2254 5474 2370 5530 Non
2421 5483 2621 5529 temere
2672 5489 2773 5529 nec
2815 5472 3240 5536 inconsiderate;
3283 5472 3375 5527 sed
3424 5483 3573 5527 recte

1989 5569 2277 5624 didiceram
2306 5567 2516 5621 divitias
2537 5566 2733 5619 nullam
2756 5579 2875 5619 esse
2898 5563 3310 5634 p0ssessionem,
3334 5563 3428 5619 sed
3455 5579 3573 5617 rem

1990 5658 2453 5723 contemnendam,
2485 5669 2537 5712 et
2580 5671 2697 5727 quae
2722 5657 2875 5711 adest
2907 5667 2959 5710 et
2990 5655 3283 5712 latronibus
3315 5665 3370 5713 et
3395 5673 3573 5713 mere-

1992 5753 2214 5809 tricibus
2241 5762 2297 5807 et
2323 5751 2687 5821 sepulcrorum
2718 5748 3082 5803 cll'ossorihus.

2062 5846 2249 5902 Puella
2289 5860 2519 5917 quamam
2565 5841 2757 5913 Optima
2798 5840 3029 5894 habenda
3066 5850 3160 5896 est.
3189 5872 3201 5884 -
3228 5873 3243 5883 η
3286 5841 3575 5914 Propterea
