3974 6520
465 385 561 442 147

461 499 545 556 his
571 502 747 562 missis
767 507 889 564 veni
917 509 984 566 ad
1016 519 1120 568 tuae
1159 517 1355 574 anima:
1385 521 1657 592 virtutem,
1687 543 1845 596 quam
1869 531 2039 584 cuivis

457 604 590 648 auro
615 597 860 664 praefero.
890 600 1114 670 Sapiens
1139 608 1282 661 enim
1312 619 1366 664 et
1391 611 1616 681 ingenua
1645 617 1841 686 puella,
1873 621 2040 687 pieta-

458 684 528 742 tis
556 703 737 745 curam
763 708 974 762 gerens,
1006 697 1100 752 toti
1137 701 1251 755 orbi
1293 711 1449 760 terra:
1491 709 1664 775 pretio
1684 717 1770 764 est
1798 713 2035 782 aequipa-

455 780 643 836 randa.
671 781 958 853 Propterea
987 800 1040 844 et
1068 799 1117 846 te
1145 807 1261 847 sum
1291 798 1568 866 amplexus
1606 811 1659 856 et
1689 811 1741 857 te
1768 803 1951 873 diligo,
1980 815 2036 860 et

454 886 589 926 mea:
629 875 790 930 etiam
819 879 1010 934 anilitas
1051 886 1293 952 prmfero.
1317 887 1457 943 Nihil
1483 900 1564 946 est
1589 893 1730 947 enim
1759 897 1861 949 vita
1893 912 2034 965 pra:-

453 974 600 1028 sens,
630 978 833 1036 oroque
862 979 918 1024 et
953 971 1137 1027 hortor
1161 985 1215 1030 et
1242 983 1420 1033 omnia
1453 980 1610 1049 facio,
1645 994 1701 1037 ut
1729 1000 1824 1040 nos
1855 985 1925 1040 ita
1953 986 2036 1041 di-

450 1051 538 1120 gni
571 1053 867 1113 habeamur
894 1062 983 1130 qni
1017 1077 1331 1131 praesentem
1376 1086 1594 1140 agamus
1625 1073 1805 1140 vitam,
1840 1085 1897 1130 ut
1925 1078 2034 1133 illic

450 1145 611 1199 etiam
641 1151 904 1216 possimus
934 1153 987 1208 in
1019 1155 1194 1212 futuro
1219 1162 1414 1216 saeculo
1441 1178 1561 1218 cum
1593 1181 1780 1235 magna
1825 1168 2030 1222 securi-

449 1243 559 1292 tate
584 1239 740 1295 simul
774 1245 997 1301 versari.
1027 1247 1158 1303 Nam
1202 1267 1436 1320 pra-sons
1463 1255 1676 1324 quidem
1711 1269 1921 1328 tempus
1949 1272 2032 1315 est

446 1328 630 1398 breve,
661 1333 918 1390 caducum
939 1348 992 1392 et
1028 1338 1210 1411 fragile
1237 1361 1251 1397 :
1284 1346 1364 1400 sin
1395 1354 1570 1403 autem
1601 1348 1744 1418 digni
1774 1350 2030 1406 fuerimus

448 1417 610 1473 habiti
635 1431 686 1476 ut
716 1423 823 1479 Deo
844 1437 1115 1496 acceptam
1141 1432 1298 1487 vitam
1323 1435 1407 1491 hic
1430 1439 2031 1510 transigamus,semper

445 1510 646 1566 erimus
695 1524 749 1568 et
789 1531 908 1571 cum
936 1519 1150 1575 Christo
1194 1533 1246 1578 et
1286 1540 1408 1580 cum
1439 1527 1592 1584 nobis
1639 1531 1862 1586 invicem
1905 1548 2027 1588 cum

445 1599 634 1668 majori
659 1603 946 1674 voluptate.
965 1609 1075 1678 Ego
1095 1611 1431 1670 dilectionem
1453 1627 1594 1674 tuam
1615 1621 1837 1689 pradero
1858 1624 2030 1677 omni-

444 1689 578 1759 bus;
610 1710 781 1764 neque
801 1709 882 1752 est
905 1701 1192 1772 quidquam
1222 1707 1350 1761 tnihi
1380 1725 1530 1780 teque
1560 1714 1840 1768 molestum
1867 1730 2025 1785 quam

444 1797 476 1835 a
519 1792 569 1838 te
607 1801 856 1856 umquam
887 1790 1150 1850 dissidere
1183 1813 1197 1850 :
1226 1797 1434 1853 etiamsi
1465 1817 1552 1857 me
1579 1812 1824 1873 oporteat
1847 1807 2026 1862 omnia

441 1876 719 1941 amittere,
751 1881 958 1938 etiamsi
991 1885 1073 1939 lro
1103 1903 1224 1944 esse
1265 1895 1640 1962 pauperiorem
1661 1939 1676 1960 ,
1705 1908 1752 1951 et
1785 1907 2026 1956 extrema

440 1964 623 2021 subire
664 1972 918 2038 pericula,
949 1987 1001 2029 et
1030 1979 1238 2046 quidvis
1267 1983 1407 2050 pati,
1441 1985 1570 2039 mihi
1598 1997 1722 2041 sunt
1743 1992 1921 2044 omnia
1951 1991 2026 2046 fe.

440 2055 603 2110 renda
630 2067 684 2112 et
715 2062 1011 2130 toleranda,
1045 2067 1217 2124 d0nec
1246 2082 1298 2127 tu
1331 2074 1382 2128 in
1415 2091 1500 2132 me
1545 2078 1680 2134 bene
1709 2079 1872 2137 fueris
1896 2084 2025 2138 affe-

439 2156 641 2212 cta;et
687 2153 816 2207 mihi
864 2165 988 2212 tunc
1043 2163 1303 2230 optabiles
1345 2177 1504 2223 erunt
1549 2170 1700 2226 liberi
1730 2174 1940 2243 quando
1969 2186 2022 2232 tu

439 2237 698 2297 benevole
725 2243 773 2296 in
802 2263 887 2302 me
905 2249 1089 2304 affecta
1113 2252 1296 2310 fueris.
1317 2257 1591 2327 Oportebit
1615 2273 1791 2318 autem
1815 2275 1866 2320 te
1886 2283 2022 2336 quo~

438 2342 542 2397 que
570 2329 671 2386 hoc
711 2332 905 2392 facere.
938 2340 1136 2395 Deinde
1163 2344 1396 2403 admisce
1424 2351 1584 2405 etiam
1612 2354 1772 2408 verba
1803 2370 2020 2425 aposm-

437 2418 562 2488 lica,
593 2424 731 2492 quod
760 2426 904 2483 Deus
943 2431 1019 2486 sic
1054 2435 1166 2488 vult
1211 2452 1332 2493 esse
1362 2443 1702 2511 conjunctam
1751 2448 1892 2503 inter
1922 2467 2018 2506 nos

438 2509 883 2573 benevolentiam.
938 2523 1072 2577 Audi
1127 2528 1268 2581 enim
1334 2509 1658 2602 Scripturam
1705 2538 2016 2597 dicentem:

438 2599 661 2672 Pr0pter
689 2606 784 2661 hoc
808 2611 1054 2682 relinquet
1083 2616 1232 2672 homo
1257 2599 1465 2689 patrem
1478 2635 1526 2678 et
1555 2637 1764 2682 matrem
1788 2671 1802 2695 ,
1831 2642 1878 2685 et
1924 2635 1992 2687 ad
2000 2665 2017 2675 -

437 2691 640 2747 harrebit
674 2700 822 2751 uxori
847 2718 955 2755 ante
985 2703 1004 2774 (
1029 2703 1214 2774 Ephea.
1240 2709 1294 2763 5.
1336 2712 1396 2765 5i
1431 2713 1471 2783 ).
1500 2714 1650 2770 Nulla
1677 2720 1748 2772 sit
1773 2691 1924 2777 nobis
1945 2725 2017 2779 si-

437 2783 672 2840 multatis
701 2791 910 2844 occasin
937 2811 950 2844 :
985 2795 1188 2850 valeant
1221 2804 1480 2867 pecuniae,
1511 2818 1566 2860 et
1594 2809 1876 2865 multitudo
1901 2828 2017 2869 ser-

435 2889 621 2930 vorum
647 2919 661 2940 ,
709 2889 762 2933 et
805 2883 1035 2939 honores
1082 2894 1293 2945 externi
1321 2911 1334 2946 :
1370 2893 1469 2947 hoc
1499 2898 1625 2952 mihi
1657 2910 1740 2956 est
1767 2906 2014 2963 omnibus

438 2964 848 3032 pneferendnm.
876 2975 992 3041 Quo
1032 2993 1134 3031 non
1171 2997 1320 3048 auro,
1360 2987 1549 3052 quibus
1595 3005 1699 3044 non
1752 2992 2014 3053 thesauris

435 3068 593 3111 erunt
640 3059 752 3115 hmo
789 3067 947 3120 verba
993 3072 1142 3125 uxori
1191 3076 1356 3144 magis
1400 3077 1813 3140 desiderabilia?
1842 3088 1918 3144 Ne
1949 3091 2014 3146 ti-

433 3163 598 3216 meas,
627 3168 692 3206 ne
737 3158 949 3225 quando
977 3160 1168 3217 dilecta
1204 3166 1459 3226 adversus
1487 3181 1536 3227 te
1567 3174 1850 3234 insolescat
1872 3221 1886 3244 ,
1915 3183 2010 3238 sed

429 3241 685 3298 conﬁtere
738 3255 787 3300 te
830 3265 947 3304 eam
1000 3253 1240 3323 diligere.
1267 3258 1400 3315 Nam
1438 3267 1749 3323 meretrices
1793 3273 2007 3341 quidem

428 3346 548 3398 quae
594 3350 735 3390 nunc
777 3353 897 3393 cum
951 3341 1236 3410 hoc,nunc
1285 3365 1404 3406 cum
1455 3354 1546 3409 illo
1590 3361 2006 3435 conjunguntnr,

428 3421 620 3476 merito
650 3429 971 3487 extollentur
998 3436 1256 3495 adversus
1295 3453 1562 3501 amatores
1585 3489 1601 3514 ,
1634 3453 1846 3520 quando
1892 3455 2008 3513 hinc

428 3513 589 3567 verba
633 3517 896 3577 audierint
927 3543 940 3578 :
970 3529 1162 3584 mulier
1186 3541 1361 3588 autem
1391 3535 1557 3594 libera
1582 3513 1637 3596 et
1651 3513 1835 3611 'puella
1859 3547 2002 3618 inge-

426 3617 529 3658 nua
557 3605 638 3660 his
665 3610 843 3666 verbis
876 3631 1159 3688 numquam
1190 3627 1493 3693 extolletur,
1524 3634 1617 3687 sed
1645 3637 1813 3692 multo
1837 3642 2006 3711 magis

423 3695 507 3751 his
538 3699 855 3759 inllectetur.
888 3708 1125 3767 Ostende
1171 3724 1221 3771 te
1272 3721 1448 3790 magni
1496 3722 1673 3782 facere
1717 3743 1839 3784 cum
1889 3695 2002 3801 ipsa

421 3796 885 3865 consuetudinem,
917 3811 972 3857 et
995 3807 1152 3861 malle
1180 3817 1232 3864 te
1261 3810 1405 3866 domi
1431 3831 1551 3871 esse
1592 3831 1810 3889 propter
1831 3824 1999 3893 ipsam

420 3895 579 3950 quam
625 3885 674 3939 in
721 3886 865 3949 foro:
899 3902 950 3946 et
994 3909 1110 3949 eam
1145 3914 1393 3969 prmporne
1440 3907 1688 3964 omnibus
1725 3915 1912 3970 amicis
1947 3928 2002 3973 et

421 3972 620 4040 liberis,
653 3994 787 4046 quos
807 3997 871 4035 ex
890 3998 950 4036 ea
975 3989 1251 4056 suscepisti
1277 4007 1292 4056 ;
1325 4002 1380 4048 et
1401 3995 1498 4062 ipsi
1521 4014 1730 4070 quoque
1749 4018 1776 4055 a
1806 4014 1856 4060 te
1878 4022 2000 4075 pro-

417 4072 535 4130 pter
557 4066 722 4134 ipsam
741 4070 1042 4141 diligantur.
1059 4076 1114 4132 Si
1149 4079 1271 4134 boni
1293 4084 1415 4152 quid
1434 4066 1658 4153 fecerit,—
1659 4092 1806 4146 lauda
1829 4066 2002 4151 et'ad-

417 4155 645 4223 mirare;
674 4161 719 4215 si
746 4163 869 4231 quid
895 4169 1164 4239 contingat
1187 4171 1426 4240 absurdi,
1455 4187 1509 4231 et
1530 4179 1671 4248 quod
1697 4184 1883 4251 puellis
1906 4200 1997 4242 ac-

414 4247 596 4306 cidere
619 4253 807 4320 soleat,
827 4258 991 4314 suade
1017 4272 1070 4316 et
1095 4263 1343 4321 admone.
1363 4267 1520 4324 Omni
1549 4286 1612 4326 ex
1634 4282 1784 4341 parte
1801 4291 1992 4334 accusa

416 4343 667 4409 pecunias
701 4356 755 4402 et
778 4361 1020 4420 sumptus
1061 4358 1392 4427 magnificos,
1425 4372 1479 4416 et
1503 4363 1638 4420 doce
1676 4384 1792 4423 eam
1830 4386 1991 4427 orna-

412 4444 650 4489 mentum
675 4439 818 4509 quod
845 4443 1048 4511 paritur
1070 4461 1133 4501 ex
1162 4447 1357 4505 decore
1382 4459 1438 4506 et
1466 4454 1744 4522 modestia,
1775 4469 1829 4514 et
1850 4464 1990 4532 quod

409 4539 474 4578 ex
501 4525 781 4586 honestate
810 4548 824 4584 :
859 4545 914 4590 et
937 4537 1150 4593 assidue
1178 4540 1313 4596 doce
1342 4559 1405 4599 ea
1431 4561 1552 4614 qua:
1580 4551 1878 4607 conferunt.

479 4616 531 4671 9.
578 4619 720 4675 Uxor
746 4629 994 4693 quomodo
1023 4633 1322 4688 erudienda.
1350 4664 1421 4677 -—
1445 4638 1564 4694 Sint
1613 4655 1798 4710 preces
1836 4649 1987 4704 vobis

404 4722 755 4776 communes;
793 4720 1152 4790 unusquisque
1194 4733 1282 4778 eat
1322 4726 1389 4781 ad
1439 4730 1720 4788 ecclesiam
1753 4753 1766 4790 :
1811 4748 1861 4792 et
1889 4755 1985 4794 eo-

405 4814 522 4851 rum
550 4816 668 4868 qnze
698 4801 806 4858 illic
831 4805 1079 4864 dicuntur
1097 4822 1151 4866 et
1178 4813 1444 4886 leguntur,
1475 4823 1696 4879 maritus
1722 4828 1789 4882 ab
1820 4845 1985 4886 uxore

403 4896 606 4955 partem
628 4889 772 4947 domi
798 4896 973 4966 exigat
991 4908 1044 4953 et
1067 4900 1152 4955 illa
1169 4918 1199 4957 a
1217 4906 1428 4962 marito.
1451 4909 1504 4966 Si
1537 4917 1729 4981 premit
1757 4933 1984 4990 pauper-

403 4989 516 5046 tas,
542 4983 745 5050 produc
785 4985 836 5040 in
869 4990 1100 5044 medium
1130 5005 1345 5052 sanctos
1375 5000 1516 5056 viros
1547 5004 1767 5064 Paulum
1798 5020 1852 5066 et
1878 5013 1978 5069 Pe-

400 5077 559 5134 trum,
580 5074 668 5142 qui
697 5073 748 5128 in
782 5077 965 5148 majori
984 5079 1602 5149 fueruntexistimatione
1617 5114 1773 5166 quam
1791 5118 1979 5161 omnes

396 5175 549 5231 reges
576 5174 630 5218 et
651 5165 842 5223 divites
865 5211 880 5235 ,
905 5181 959 5226 ct
982 5177 1249 5242 qnomodo
1277 5181 1433 5255 vitam
1473 5201 1698 5256 egerunt
1743 5193 1794 5246 in
1835 5192 1977 5251 fame

393 5265 448 5309 et
476 5257 566 5312 siti
601 5277 615 5313 :
648 5262 796 5316 erudi
827 5279 943 5320 eam
971 5267 1100 5323 nihil
1134 5271 1184 5326 in
1212 5274 1316 5329 vita
1342 5291 1462 5333 esse
1486 5283 1722 5339 terribile
1749 5296 1973 5354 praeter-

394 5361 551 5414 quam
607 5351 772 5407 Deum
817 5355 1106 5416 oﬂ‘endere.
1141 5362 1341 5434 Siquis
1370 5371 1448 5423 sic
1483 5381 1537 5426 et
1587 5351 1806 5444 prepter
1857 5378 1972 5436 haec

390 5452 609 5496 uxorem
633 5444 874 5514 duxerit,
893 5453 1170 5508 monachis
1199 5471 1305 5511 non
1327 5461 1429 5514 erit
1459 5463 1612 5518 valde
1638 5466 1842 5534 minor,
1871 5485 1971 5526 nec

387 5528 432 5584 is
459 5534 549 5602 qui
583 5550 802 5594 uxorem
831 5541 1002 5610 duxit,
1031 5546 1096 5600 iis
1124 5549 1213 5618 qui
1245 5565 1350 5606 non
1399 5553 1685 5610 duxerunt.
1714 5557 1769 5614 Si
1806 5562 1968 5619 etiam

387 5620 559 5678 facere
585 5630 825 5697 prandia,
852 5642 906 5689 et
934 5637 1173 5693 convivia
1195 5641 1468 5698 celebrare
1486 5647 1636 5713 velis,
1660 5650 1862 5706 nullum
1881 5654 1966 5707 in-

381 5712 684 5786 honestum,
699 5725 967 5783 neminem
990 5730 1320 5801 indecorum,
1337 5737 1430 5791 sed
1443 5738 1488 5792 si
1509 5751 1753 5796 sanctum
1777 5759 1965 5814 quem-

380 5807 522 5874 piam
567 5806 851 5883 inveneris,
880 5819 968 5889 qui
993 5823 1164 5890 possit
1190 5824 1371 5884 domui
1399 5839 1588 5888 vestrte
1618 5833 1957 5910 benedicere,

1215 394 1273 456 S.
1311 399 1588 461 JOANNIS
1609 405 2078 473 CHRYSOSTOMI
2118 420 2431 478 AﬂClllEl‘.
2470 426 2999 492 CONSTANTINOP.

3629 455 3726 511 148

2149 546 2202 590 et
2235 539 2426 606 pedum
2451 543 2692 614 ingressu
2711 549 2883 606 valeat
2908 555 3206 612 universam
3228 559 3426 620 inferre
3449 561 3542 622 Dei
3567 568 3726 626 bene-

2143 625 2451 697 dictionem,
2479 651 2600 690 eum
2627 653 2780 695 voca.
2809 643 2990 702 Dicam
3021 649 3180 702 etiam
3225 653 3370 708 aliud
3403 673 3416 709 :
3447 673 3608 714 nemo
3633 677 3724 717 ve-

2142 728 2309 774 strum
2353 725 2565 781 studeat
2609 745 2829 786 uxorem
2874 733 3072 792 ducere
3111 739 3379 809 ditiorem,
3411 749 3507 802 sed
3551 753 3725 818 potius

2142 815 2534 881 pauperiorem.
2564 819 2679 875 Non
2705 825 2847 880 enim
2878 826 3208 898 ingredietur
3231 835 3462 893 atterens
3491 855 3558 896 ex
3585 843 3723 898 divi.

2140 900 2226 953 tiis
2254 911 2450 960 tantam
2478 912 2813 969 occasionem
2856 919 3161 990 voluptatis,
3193 937 3447 995 quantam
3476 933 3722 989 introdu-

2137 1003 2223 1048 cet
2249 987 2547 1054 molestiam
2587 1019 2654 1059 ex
2693 1009 2934 1075 probris,
2963 1029 3028 1066 ex
3058 1031 3123 1069 eo
3166 1020 3307 1088 quod
3352 1023 3501 1091 plura
3545 1029 3723 1095 exigat

2137 1099 2295 1153 quam
2324 1088 2578 1158 intulerit,
2608 1111 2674 1151 ex
2699 1104 3055 1169 contumeliis,
3088 1123 3158 1162 ex
3190 1115 3393 1181 magnis
3419 1121 3724 1188 sumptibus

2136 1186 2191 1229 et
2232 1176 2507 1249 impensis,
2550 1201 2617 1239 ex
2648 1189 2824 1244 verbis
2855 1195 3093 1251 molestis
3121 1210 3172 1253 et
3213 1203 3529 1273 importunis
3585 1211 3720 1265 For-

2138 1271 2280 1321 tasse
2318 1271 2459 1324 enim
2503 1273 2644 1330 dicet
2674 1295 2689 1332 :
2719 1279 2856 1336 Nihil
2903 1284 3078 1342 adhuc
3119 1271 3424 1365 consumpsi
3461 1315 3528 1354 ex
3570 1304 3676 1357 tuis
3700 1345 3718 1370 ,

2133 1357 2266 1411 meis
2284 1359 2458 1416 adhuc
2488 1362 2700 1434 induor,
2729 1385 2794 1425 ex
2827 1373 2890 1428 iis
2914 1391 3036 1446 quae
3067 1381 3192 1436 mihi
3223 1384 3490 1444 donarunt
3516 1407 3720 1463 paren-

2137 1453 2234 1500 tes.
2276 1450 2414 1516 Quid
2458 1455 2612 1521 dicis,
2645 1475 2679 1514 0
2705 1465 2934 1521 mulieri
2961 1471 3064 1525 tuis
3103 1488 3162 1528 es
3206 1477 3381 1534 adhuc
3409 1450 3636 1542 induta?
3662 1501 3722 1546 et

2134 1541 2258 1607 quid
2298 1542 2399 1600 hoc
2436 1550 2599 1605 verbo
2625 1551 2783 1611 fuerit
2831 1560 3121 1619 miserius?
3151 1583 3346 1640 corpus
3391 1592 3496 1631 non
3548 1580 3720 1639 habes

2135 1634 2426 1703 proprium,
2457 1650 2512 1694 et
2531 1649 2782 1711 pecunias
2811 1649 2974 1708 habes
3003 1634 3285 1728 proprias'?
3307 1665 3420 1722 Non
3443 1675 3574 1727 estis
3603 1690 3720 1729 am-

2133 1722 2274 1790 plius
2298 1726 2416 1784 dua:
2455 1747 2647 1792 carnes
2690 1752 2808 1809 post
2852 1749 3277 1823 matrimonium,
3308 1761 3399 1816 sed
3431 1762 3555 1818 facti
3585 1769 3719 1824 estis

2132 1813 2184 1866 in
2214 1832 2405 1884 unam;
2433 1832 2488 1877 et
2533 1825 2654 1882 duae
2695 1843 2819 1887 sunt
2858 1834 3157 1908 facultates,
3187 1861 3292 1900 non
3339 1867 3460 1906 una.
3491 1854 3536 1909 Ο
3563 1872 3719 1914 amor

2132 1911 2370 1976 pecuniae
2395 1915 2407 1968 !
2442 1931 2580 1973 unus
2605 1921 2785 1990 homo,
2806 1943 2968 1985 unum
2999 1937 3156 1991 ambo
3185 1937 3303 1994 facti
3336 1946 3462 1999 estis
3490 1950 3713 2019 animal,

2131 2008 2185 2052 et
2233 2002 2408 2059 adhuc
2451 2006 2585 2065 dicis
2633 2017 2790 2070 mea?
2822 2020 3216 2082 Exsecrandum
3248 2031 3350 2088 hoc
3388 2039 3611 2094 verbum
3659 2052 3718 2096 et

2129 2091 2446 2151 sceleratum
2474 2115 2502 2152 a
2533 2101 2744 2160 diabolo
2774 2120 2856 2163 est
2883 2113 3170 2173 invectum.
3189 2121 3328 2178 Dens
3354 2130 3532 2184 omnia
3559 2133 3714 2188 nobis

2120 2180 2256 2241 fecit
2296 2194 2622 2258 communia,
2653 2214 2771 2267 quze
2803 2214 2927 2259 sunt
2958 2206 3039 2262 his
3067 2214 3241 2283 magis
3285 2224 3583 2277 necessaria
3609 2267 3624 2291 ,
3655 2237 3714 2282 et

2130 2274 2241 2331 lure
2269 2295 2373 2334 non
2402 2294 2527 2339 sunt
2554 2295 2860 2349 communia
2883 2297 2907 2350 ?
2933 2299 3046 2354 Non
3077 2303 3201 2360 licet
3243 2308 3440 2376 dicere,
3472 2314 3582 2370 Lux
3625 2329 3715 2375 est

2127 2385 2265 2437 mea,
2295 2372 2387 2431 Sol
2429 2389 2508 2433 est
2556 2399 2726 2450 meus,
2770 2389 2919 2459 Aqua
2965 2409 3079 2449 mea
3113 2414 3125 2449 :
3156 2415 3274 2468 qua:
3312 2414 3436 2458 sunt
3483 2409 3708 2478 majora,

2125 2467 2302 2521 omnia
2353 2470 2506 2526 nobis
2549 2486 3039 2548 snntcommunia.
3079 2495 3313 2556 pecuniae
3365 2511 3543 2554 autem
3599 2519 3709 2560 non

2122 2567 2280 2612 erunt
2309 2569 2667 2622 communes?
2697 2571 2919 2629 Peream
2949 2579 3142 2634 millies
3164 2588 3421 2653 pecunia;
3445 2591 3551 2646 imo
3577 2609 3710 2651 vero

2123 2661 2228 2700 non
2258 2654 2528 2720 pecuniae,
2561 2658 2653 2712 sed
2702 2663 2860 2717 animi
2905 2667 3166 2737 instituta,
3191 2690 3309 2744 qua:
3340 2681 3584 2738 nesciunt
3627 2687 3706 2741 uti

2122 2743 2382 2807 pecuniis,
2411 2745 2505 2800 sed
2534 2763 2626 2803 cas
2664 2757 2912 2811 omnibus
2959 2743 3268 2828 praeferunt.
3299 2767 3366 2823 Et
3411 2771 3527 2827 lucc
3571 2775 3707 2834 doce

2119 2843 2240 2884 cum
2272 2833 2412 2899 aliis,
2444 2839 2536 2893 sed
2565 2855 2686 2896 cum
2718 2847 2882 2902 multa
2909 2852 3102 2920 gratia.
3135 2855 3265 2911 Nam
3309 2865 3560 2930 quoniam
3591 2869 3703 2938 ipsa

2119 2933 2216 2988 per
2241 2936 2301 2977 se
2329 2925 2393 2978 ad
2423 2929 2668 2986 virtutem
2692 2937 2994 2994 exhortatio
3013 2946 3236 3002 multum
3263 2925 3418 3008 habet
3449 2958 3699 3027 tristitiae,

2118 3013 2352 3070 maxime
2367 3018 2504 3085 apud
2525 3023 2750 3090 puellam
2773 3039 3007 3087 teneram
3030 3046 3079 3090 et
3100 3037 3435 3108 juvenculam
3453 3067 3467 3113 ;
3485 3053 3701 3118 quando

2116 3105 2276 3160 verba
2305 3107 2432 3164 fient
2455 3111 2524 3168 de
2544 3116 2898 3191 phil050phia,
2925 3105 3143 3185 multam
3167 3137 3407 3207 excogita
3438 3105 3694 3210 gratiam;

2115 3204 2170 3248 et
2199 3196 2301 3253 hoc
2329 3204 2562 3260 maxime
2586 3222 2650 3262 ex
2674 3209 2816 3268 illius
2837 3217 3010 3272 anima
3037 3226 3332 3280 cxtermina
3364 3239 3417 3284 et
3446 3235 3696 3303 amanda,

2115 3303 2292 3346 meum
2320 3303 2374 3348 et
2399 3305 2568 3354 tuum.
2595 3301 2649 3356 Si
2681 3302 2913 3374 dixerit,
2943 3311 3056 3367 Mea
3081 3355 3096 3379 ,
3125 3315 3210 3372 dic
3235 3335 3250 3372 :
3277 3319 3531 3387 Qumnam
3561 3301 3698 3384 dicis

2115 3383 2242 3435 tua?
2270 3389 2449 3441 nescio
2477 3391 2642 3459 enim,
2673 3409 2793 3450 cum
2825 3415 2924 3470 ego
2953 3403 3080 3458 nihil
3113 3383 3334 3465 habeam
3367 3418 3641 3486 proprium
3673 3437 3689 3475 :

2111 3475 2383 3539 quomodo
2410 3492 2538 3550 ergo
2563 3481 2872 3554 dicis,Mea,
2906 3506 3028 3546 cum
3056 3499 3234 3552 omnia
3265 3501 3372 3556 sint
3403 3514 3488 3559 tua
3509 3509 3533 3561 ?
3553 3508 3696 3567 Con-

2110 3563 2247 3619 dona
2279 3568 2327 3621 ei
2357 3567 2457 3625 hoc
2483 3573 2724 3628 verbum.
2756 3578 2870 3634 Non
2902 3584 3075 3652 vides,
3104 3591 3242 3658 quod
3267 3594 3316 3647 in
3352 3601 3527 3665 parvis
3556 3563 3691 3671 pue-

2110 3654 2184 3709 ris
2229 3657 2329 3712 hoc
2379 3659 2880 3737 facimus?quando
2927 3677 3082 3732 nobis
3122 3654 3434 3744 tenentibus
3487 3654 3689 3765 aliquid

2108 3761 2242 3815 puer
2269 3754 2505 3820 rapuerit
2528 3795 2544 3821 ,
2571 3765 2626 3812 et
2651 3760 2764 3815 vult
2793 3764 2994 3836 aliquid
3019 3771 3158 3828 aliud
3187 3779 3428 3848 accipere
3447 3823 3462 3848 ,
3493 3754 3690 3844 conce-

2105 3835 2283 3894 dimus
2303 3852 2356 3896 et
2381 3842 2608 3902 dicimus
2642 3865 2654 3902 :
2683 3851 2845 3908 Certe
2875 3866 3020 3914 tuum
3049 3872 3133 3917 est
3161 3865 3263 3922 hoc
3304 3835 3364 3924 et
3392 3872 3542 3930 illud.
3574 3877 3689 3936 Hoc

2105 3926 2265 3982 etiam
2293 3929 2548 3991 faciamus
2575 3938 2626 3993 in
2656 3943 2880 4000 muliere
2912 3965 2924 4000 :
2958 3959 3043 4004 est
3070 3955 3212 4009 enim
3244 3973 3396 4015 mens
3425 3966 3540 4033 ejus
3570 3984 3688 4026 ma-

2103 4018 2184 4087 gis
2214 4023 2431 4089 puerilis
2459 4040 2474 4078 :
2506 4037 2562 4082 et
2585 4030 2631 4084 si
2665 4032 2836 4102 dicat',
2867 4037 3010 4107 Mea,
3047 4043 3132 4099 dic
3157 4088 3172 4112 ,
3201 4047 3389 4107 Omnia
3415 4018 3541 4112 sunt
3569 4069 3680 4130 tua,

2097 4310 2262 4363 gnere
2283 4299 2445 4355 animi
2475 4305 2866 4374 mgritudinem.
2896 4313 2986 4368 Est
3011 4319 3152 4372 enim
3182 4299 3437 4393 adulatio,
3461 4333 3680 4400 quando

2098 4402 2316 4460 propter
2363 4395 2560 4450 malum
2601 4400 2798 4470 aliquid
2839 4405 3029 4464 ieceris
3071 4412 3377 4474 indecorum
3408 4395 3679 4485 et—illibe-

2095 4481 2246 4548 rate;
2278 4484 2377 4540 hoc
2407 4497 2585 4544 autem
2621 4501 2703 4547 est
2731 4498 2959 4554 maxima
2989 4502 3342 4577 philosophia.
3375 4513 3468 4570 Dic
3504 4533 3671 4590 ergo,

2095 4571 2208 4642 Ego
2233 4589 2444 4648 quoque
2469 4594 2586 4635 sum
2613 4592 2753 4650 tuus,
2777 4602 2810 4641 ο
2835 4587 3015 4646 filiola.
3045 4594 3157 4652 Hoc
3183 4571 3310 4655 mihi
3338 4607 3505 4661 suasit
3530 4571 3673 4667 Ρέἶιῖ

2093 4662 2196 4729 lus,
2219 4665 2404 4723 dicens
2430 4687 2444 4724 :
2486 4670 2575 4726 Vir
2603 4679 2796 4746 proprii
2816 4685 3042 4752 corporis
3067 4699 3357 4756 potestatem
3395 4713 3495 4752 non
3519 4701 3672 4758 habet

2091 4752 2166 4825 (1.
2198 4754 2316 4811 Cor.
2348 4760 2402 4814 7.
2430 4760 2511 4832 4),
2540 4764 2630 4817 sed
2655 4768 2852 4824 mulier.
2884 4770 2940 4827 Si
2967 4752 3076 4830 mei
3093 4784 3336 4849 corporis
3359 4803 3461 4842 non
3495 4752 3669 4848 habeo

2088 4855 2429 4916 potestatem,
2476 4853 2571 4907 sed
2617 4865 2671 4910 tu
2721 4860 2888 4916 multo
2941 4867 3109 4938 magis
3155 4877 3412 4940 pecuniae.
3444 4879 3667 4941 Sedabis

2087 4951 2228 5004 eam,
2261 4941 2305 4995 si
2334 4943 2412 4998 sic
2439 4945 2601 5002 fueris
2622 4948 2892 5021 loquutus,
2917 4957 3184 5019 flammam
3211 4969 3667 5041 exst-ingues,dia—
3735 4969 3742 4980 ’

2087 5026 2264 5084 bolum
2311 5034 2507 5102 probro
2546 5037 3056 5110 afficies,ancillam
3094 5057 3260 5126 magis
3299 5075 3415 5114 eam
3459 5063 3658 5136 facies,

2082 5133 2240 5188 quam
2272 5137 2391 5192 qua:
2430 5136 2514 5180 est
2559 5139 2739 5201 empta
2772 5139 3032 5201 pecunia:
3065 5141 3145 5197 his
3174 5147 3356 5204 verbis
3385 5167 3502 5208 eam
3541 5133 3662 5214 alii;

2079 5211 2247 5280 gabis.
2296 5213 2653 5281 Quamobrem
2697 5241 2764 5280 ex
2811 5227 2876 5282 iis
2913 5246 3034 5300 quae
3077 5233 3329 5304 loqueris,
3359 5242 3493 5300 doce
3537 5264 3657 5306 eam

2080 5317 2363 5375 numquam
2391 5307 2572 5366 dicere
2593 5355 2608 5377 ,
2638 5314 2805 5370 Meum
2841 5328 2894 5373 et
2935 5331 3102 5377 tnmn.
3132 5325 3240 5382 Nec
3269 5345 3386 5386 eam
3418 5335 3658 5395 inconsi-

2077 5391 2260 5450 derate
2286 5412 2445 5454 voces
2469 5441 2483 5464 ,
2511 5403 2605 5458 sed
2643 5420 2764 5460 cum
2795 5408 3084 5479 blanditiis,
3114 5431 3235 5472 cum
3279 5421 3506 5492 honore,
3531 5445 3656 5488 cum

2076 5485 2240 5538 multa
2283 5486 2589 5548 dilectione.
2621 5494 2830 5553 Honora
2869 5515 2987 5556 eam
3009 5545 3024 5570 ,
3053 5516 3109 5560 et
3136 5524 3241 5564 non
3273 5528 3410 5583 opus
3438 5516 3654 5578 habebit

2076 5583 2134 5628 ut
2161 5574 2454 5635 honoretur
2480 5583 2548 5638 ab
2573 5586 2691 5641 aliis
2719 5603 2734 5642 :
2765 5604 2872 5645 non
2897 5595 3073 5663 egebit
3101 5598 3269 5667 gloria
3290 5574 3358 5660 ab
3379 5607 3497 5662 aliis
3526 5610 3652 5666 dan-

2072 5663 2159 5731 da,
2191 5667 2236 5720 si
2257 5683 2320 5722 ea
2347 5668 2549 5728 fruatur
2573 5689 2678 5744 qua
2711 5687 2766 5732 tu
2793 5695 2911 5736 eam
2938 5663 3204 5744 affeceris.
3236 5694 3364 5749 Eam
3397 5714 3648 5769 praepono

2071 5757 2318 5814 omnibus
2336 5799 2352 5824 ,
2382 5774 2598 5833 propter
2621 5769 2819 5837 omnia,
2851 5780 2908 5827 et
2948 5786 3168 5848 propter
3195 5757 3643 5851 pulchri-tudinem

2067 5854 2122 5902 et
2149 5848 2484 5921 sapientiam,
2515 5866 2565 5910 et
2593 5871 2713 5913 eam
2733 5874 2862 5918 orna
2887 5864 3151 5930 laudibus.
3183 5848 3258 5929 ita
3281 5885 3333 5933 et
3353 5881 3645 5948 persuade-
