3960 6508
170 378 261 437 N7

166 498 269 550 Θεῖν
287 492 492 553 τοῦτον,
536 492 622 545 ἀεὶ
644 494 738 545 καὶ
770 493 904 564 μετά
931 494 1024 549 τοῦ
1054 497 1311 567 Χριστοῦ,
1363 498 1455 550 καὶ
1489 499 1601 567 μετ’
1628 499 1723 551 άλ-

166 581 328 649 λήλων
357 577 591 648 ἐσόμεθα
630 579 767 648 μετὰ
785 580 1024 643 πλείονος
1047 583 1146 652 τῆς
1173 584 1384 651 ἡδονῆς.
1426 582 1566 650 Ἐγὼ
1588 585 1721 637 πάν-

165 684 262 720 των
290 666 385 733 τὴν
420 665 518 734 σὴν
546 665 766 734 ἀγάπην
799 668 1118 737 προτίθημι,
1160 671 1254 722 καὶ
1275 670 1426 723 οὐδὲν
1456 668 1598 722 οὕτω
1634 687 1723 740 μοι

166 756 406 809 δύσκολον
434 752 555 804 οὐδὲ
585 752 841 821 ἐπαχθὲς,
867 753 942 815 ὡς
969 755 1029 808 τό
1061 772 1193 807 ποτε
1222 755 1559 827 διενεχθῆναι
1588 757 1724 829 πρὸς

168 844 256 896 σέ·
281 841 381 894 κᾶν
425 841 604 893 πάντα
640 842 901 894 ἀπολέσαι
932 842 1047 915 δέῃ,
1082 843 1184 897 κᾶν
1224 845 1370 913 Ἴρου
1407 845 1724 914 πενέστερον

168 928 435 997 γενέσθαι,
482 927 584 980 κᾶν
634 928 907 992 κινδύνους
957 930 1255 1000 ὑποστῆναι
1279 931 1408 992 τοὺς
1445 932 1720 1000 ἐσχάτους,

169 1015 258 1068 κᾶν
271 1013 446 1066 ὁτιοῦν
469 1013 683 1077 παθεῖν,
705 1016 829 1082 ἐμοὶ
867 1016 1044 1069 πάντα
1067 1018 1222 1069 οίστά
1240 1018 1335 1069 καὶ
1359 1018 1591 1086 φορητὰ,
1620 1016 1725 1077 ἕως

168 1104 225 1158 ἀν
247 1101 313 1153 τὰ
333 1102 469 1167 πρὸς
496 1101 556 1153 σὲ
580 1095 638 1154 εὖ
667 1118 755 1171 μοι
774 1102 1077 1171 διακέηται·
1100 1105 1194 1156 καὶ
1216 1105 1284 1157 τά
1305 1104 1494 1155 παιδία
1520 1119 1609 1170 μοι
1626 1121 1726 1156 πο·

172 1186 307 1243 θεινά
335 1188 457 1240 τότε
485 1189 657 1250 ἔσται,
690 1188 794 1251 ἕως
816 1188 884 1241 ἀν
911 1189 1168 1252 εὐνοϊκῶς
1198 1190 1333 1259 πρὸς
1356 1190 1503 1258 ἡμᾶς
1520 1190 1725 1242 διακει-

175 1275 295 1345 μένη
310 1269 397 1346 ᾖς.
416 1274 610 1343 Δεήσει
627 1273 682 1325 δὲ
700 1273 793 1326 καὶ
811 1274 869 1328 σὲ
887 1274 1058 1328 ταῦτα
1078 1278 1269 1328 ποιεῖν.
1293 1272 1427 1327 Εἶτα
1442 1274 1726 1345 παραμίγ-

170 1378 250 1415 νυε
271 1362 361 1411 καὶ
374 1359 444 1412 τά
468 1360 793 1413 ἀποστολικά
815 1363 1051 1431 ῥήματα,
1069 1363 1149 1413 ὅτι
1172 1361 1341 1424 οὓτως
1365 1364 1392 1415 ὁ
1409 1361 1557 1432 [1561
1589 1362 1720 1425 Θεὸς

172 1446 409 1517 βούλεται
455 1446 549 1514 τὴν
596 1445 807 1499 εὐνοιαν
849 1448 979 1517 ήμῖν
1016 1448 1500 1520 συγκεκροτῆσθαι.
1530 1450 1727 1502 Ἀκουε

171 1536 269 1605 γάρ
296 1535 398 1605 τῆς
418 1535 637 1604 Γραφῆς
663 1534 951 1607 λεγούσηςο
984 1536 1131 1589 Ἀντί
1154 1538 1729 1605 τούτουςκαταλείψει

171 1622 467 1689 ἄνθρωπος
494 1621 600 1672 τὸν
632 1622 851 1688 πατέρα
878 1622 1064 1676 αὑτοῦ
1088 1623 1183 1675 καὶ
1214 1622 1327 1689 τὴν
1351 1623 1598 1691 μητέρα,
1630 1623 1729 1675 καὶ

170 1708 754 1775 προσκολληθήσεται
770 1710 1044 1777 πρὸςτὴν
1053 1711 1308 1779 γυναῖκα
1320 1710 1525 1765 αὐτοῦ.
1553 1711 1729 1782 Μηδε-

174 1797 262 1867 μία
290 1795 653 1866 μικροψυχίας
681 1795 820 1849 ἔστω
865 1798 1138 1868 πρόφασις
1162 1799 1296 1867 ἡμῖν
1316 1814 1330 1828 ο
1348 1798 1557 1869 ἐρρέτω
1598 1799 1732 1867 χρή-

174 1900 327 1952 ματα,
346 1883 793 1954 καὶάνδραπόδων
804 1882 1024 1954 πλῆθος,
1046 1885 1138 1937 κα)⁵
1155 1885 1308 1954 τιμαὶ
1322 1887 1376 1937 αί
1392 1884 1498 1937 τῶν
1511 1884 1728 1950 ἔξωθενο

169 1972 281 2041 ἐμοὶ
302 1970 520 2023 πάντων
548 1968 704 2022 τοῦτο
724 1971 1133 2041 προτιμότερον.
1159 1971 1333 2023 Πόσου
1361 1970 1607 2041 χρυσίου,
1632 1970 1732 2023 πό-

170 2074 267 2109 σων
301 2055 592 2127 θησαυρῶν
626 2057 749 2126 οὐχὶ
788 2056 1137 2128 ποθεινότερα
1187 2057 1360 2111 ταῦτα
1398 2058 1468 2111 τά
1510 2058 1732 2129 ῥήματα

170 2145 306 2197 ἔσται
331 2147 402 2216 τῇ
428 2145 676 2212 γυναικί;
708 2146 798 2215 Μὴ
821 2146 1060 2217 φοϐηθῇς
1088 2148 1159 2216 μή
1188 2164 1317 2199 ποτε
1334 2146 1604 2216 άπονοηθῇ
1630 2164 1731 2199 κα-

168 2232 229 2286 τά
259 2230 350 2284 σοῦ
388 2233 708 2303 φιλουμένη,
755 2233 873 2286 ἀλλ’
906 2233 988 2285 ὅτι
1014 2232 1187 2302 φιλεῖς
1227 2234 1496 2303 ὁμολόγει.
1528 2236 1591 2286 Αἰ
1634 2234 1733 2304 μὲν

170 2320 265 2389 γάρ
293 2321 507 2389 ἑταῖραι
538 2319 632 2373 νῦν
665 2321 764 2390 μὲν
792 2321 984 2392 τούτῳ,
1022 2321 1116 2374 νῦν
1144 2322 1200 2375 δὲ
1242 2321 1433 2391 ἐκείνῳ
1465 2321 1734 2391 προσπλε-

175 2406 416 2474 κόμεναι,
449 2406 671 2468 εἰκότως
703 2406 769 2459 ἂν
812 2408 1123 2477 ὲπαίροιντο
1164 2407 1305 2461 κατὰ
1355 2407 1463 2459 τῶν
1490 2407 1734 2477 ἐραστῶν

120 2518 121 2521 η
168 2491 282 2544 ὅταν
311 2490 542 2544 τοιαῦτα
562 2491 810 2545 ἀκούοιεν
834 2494 1055 2563 ῥήματα
1078 2511 1090 2524 ·
1116 2492 1377 2564 ἐλευθέρα
1396 2494 1453 2546 δὲ
1481 2494 1617 2565 γυνὴ
1644 2495 1736 2547 καὶ

172 2578 295 2648 κόρη
323 2579 557 2648 εὐγενὴς
581 2578 682 2632 οὐκ
702 2579 768 2633 άν
803 2597 933 2633 ποτε
957 2580 1167 2643 τούτοις
1202 2580 1461 2651 ἐπαρθείη
1498 2585 1612 2645 τοῖς
1642 2582 1738 2653 ῥή-

173 2682 344 2733 μασιν,
371 2665 512 2719 ἀλλὰ
540 2666 718 2737 πολλῷ
759 2666 957 2736 μᾶλλον
982 2667 1077 2720 δια)⁵
1104 2668 1580 2736 κατακάμπτεται.
1618 2669 1733 2722 Ἐν-

170 2752 411 2805 δείκνυσο
432 2753 490 2805 δὲ
508 2754 606 2824 τὴν
632 2754 768 2825 πρὸς
793 2754 961 2823 αὐτὴν
989 2755 1274 2809 συνουσίαν
1294 2755 1488 2808 πολλοῦ
1516 2755 1734 2825 τιθέμε-

172 2857 272 2901 νος,
316 2841 417 2893 καὶ
450 2840 649 2910 μᾶλλον
692 2842 785 2893 ἐπὶ
828 2842 922 2909 τῆς
950 2842 1127 2905 οἰκίας
1155 2838 1293 2895 εἶναι
1320 2842 1643 2912 βουλόμενος
1667 2843 1735 2896 δι’

171 2926 348 2994 αὐτὴν,
374 2927 411 2996 ἢ
437 2927 531 2979 ἐπὶ
557 2928 652 2997 τῆς
673 2928 879 2999 ἀγορᾶς
903 2944 920 2959 ·
943 2930 1035 2981 καί⁸
1053 2928 1271 2982 πάντων
1284 2930 1392 2981 τῶν
1415 2930 1584 2998 φίλων
1604 2946 1741 3000 προ·

170 3012 315 3081 τίμα,
346 3013 447 3067 καὶ
472 3013 677 3067 παίδων
699 3014 806 3067 τῶν
827 3014 886 3078 ἐξ
904 3015 1093 3085 αὐτῆς,
1118 3016 1212 3069 καὶ
1241 3016 1381 3069 αὐτά
1413 3016 1469 3068 δὲ
1490 3016 1577 3069 διά
1606 3016 1739 3069 ταύ-

171 3116 262 3169 την
284 3100 550 3167 φιλείσθω
574 3103 725 3172 παρά
756 3102 869 3155 σού.
903 3103 998 3155 Ἂν
1025 3102 1229 3171 ἀγαθόν
1258 3120 1312 3155 τι
1345 3102 1547 3174 πράξῃ,
1575 3103 1738 3155 ἐπαί-

172 3201 245 3236 νει
278 3185 370 3238 καὶ
400 3185 647 3256 θαύμαζε
677 3204 690 3217 ·
723 3187 789 3239 ἂν
812 3188 1009 3241 ἄτοπόν
1032 3205 1084 3240 τι
1116 3190 1208 3242 καὶ
1232 3185 1343 3242 οἷον
1372 3189 1578 3243 νεανίσι
1602 3206 1741 3258 συμ-

174 3271 357 3335 ϐαίνει,
394 3273 652 3343 παραίνει
692 3273 785 3326 καὶ
829 3274 1231 3346 ὐπομίμνησκε.
1263 3276 1411 3328 Ἀνω
1459 3276 1553 3328 καὶ
1591 3276 1741 3329 κάτω

174 3360 466 3429 χρημάτων
487 3360 778 3431 κατηγόρει
802 3362 894 3413 καὶ
916 3361 1281 3426 πολυτελείας,
1313 3364 1405 3415 καὶ
1428 3362 1742 3415 ὐποδείκνυε

174 3448 255 3498 τὸν
303 3446 511 3516 κόσμον
555 3448 645 3499 τὸν
698 3448 803 3500 ἀπὸ
831 3448 932 3517 τῆς
971 3451 1326 3519 κοσμιότητος
1359 3450 1455 3503 καὶ
1496 3450 1604 3503 ἀπὸ
1642 3449 1742 3519 τῆς

178 3534 520 3605 σεμνότητος,
559 3536 655 3589 καὶ
679 3535 892 3589 δίδασκε
921 3536 1181 3607 διηνεκῶς
1209 3539 1276 3591 τά
1300 3538 1669 3608 συμφέροντα.

239 3620 299 3673 θ’.
331 3622 504 3691 Εὐχαὶ
529 3622 868 3689 γενέσθωσαν
899 3624 1026 3694 ύμῖν
1063 3625 1271 3677 κοιναί·
1293 3625 1518 3687 ἕκαστος
1547 3625 1625 3687 εἰς
1648 3624 1745 3695 τὴν

177 3710 467 3779 ἐκκλησίαν
492 3712 716 3780 προΐτω,
735 3712 951 3765 καὶτῶν
974 3712 1281 3783 λεγομένων
1310 3714 1403 3766 καὶ
1426 3714 1533 3765 τῶν
1553 3715 1743 3781 ἀναγι-

176 3798 533 3867 νωσκομένων
564 3799 701 3862 ἐκεῖ,
727 3799 822 3851 καὶ
851 3800 877 3852 ὁ
899 3799 1035 3870 ἀνὴρ
1057 3800 1154 3869 τὴν
1184 3802 1419 3867 γυναῖκα
1447 3798 1748 3853 άπαιτείτω

180 3884 264 3935 ἐπὶ
282 3885 379 3953 τῆς
396 3884 581 3949 οίκίας
598 3886 659 3938 τὸ
693 3886 877 3956 μέρος,
899 3886 1127 3957 κάκείνη
1160 3886 1250 3939 τδν
1276 3886 1465 3957 ἄνδρα.
1499 3886 1563 3940 Εἰ
1587 3887 1745 3939 πενία

178 3990 253 4035 τις
268 3973 513 4043 κατέχοι,
548 3974 760 4042 πάραγε
780 3976 860 4034 εἰς
895 3974 1061 4044 μέσον
1080 3975 1205 4037 τοὺς
1222 3975 1409 4040 ἁγίους
1422 3974 1641 4045 ἄνδρας,
1656 3973 1747 4027 τὸν

180 4059 403 4124 Παῦλον,
463 4060 554 4112 τὸν
584 4060 804 4129 Πέτρον,
856 4060 905 4114 οἳ
949 4060 1170 4113 πάντων
1220 4060 1418 4130 μᾶλλον
1447 4060 1540 4114 καὶ
1592 4060 1745 4130 βασι-

182 4144 308 4200 λέων
327 4147 425 4200 καὶ
447 4147 715 4199 πλουσίων
737 4148 1121 4217 εὐδοκίμησαν,
1144 4149 1239 4201 καὶ
1261 4147 1377 4210 πῶς
1397 4147 1453 4199 δὲ
1474 4148 1566 4201 καὶ
1587 4149 1645 4200 ὲν
1664 4147 1747 4200 λι-

185 4234 266 4301 μῷ
283 4234 377 4286 καὶ
396 4235 459 4285 ὲν
478 4233 621 4302 δίψει
643 4234 733 4286 τὸν
759 4234 873 4304 βίον
890 4233 1151 4304 διήγαγον
1176 4248 1189 4262 ·
1214 4233 1435 4286 παίδευε
1454 4233 1643 4303 αὐτὴν,
1667 4234 1747 4286 ὅτι

184 4320 327 4372 οὐδὲν
356 4320 591 4390 φοϐερὸν
623 4321 729 4373 τῶν
759 4322 817 4373 ὲν
844 4320 923 4390 τῷ
955 4320 1073 4390 βίῳ,
1106 4320 1147 4390 ἢ·
1171 4320 1329 4390 μόνον
1350 4319 1413 4372 τὸ
1440 4319 1748 4390 προσκρού-

187 4423 271 4459 σαι
297 4409 372 4477 τῷ
397 4408 543 4477 Θεῷ.
576 4409 671 4461 Ἂν
695 4407 837 4460 οὓτω
862 4424 945 4468 τις
972 4409 1146 4478 γήμῃ,
1175 4408 1241 4461 ἂν
1267 4408 1358 4461 ἐπὶ
1380 4407 1613 4472 τούτοις,
1636 4406 1750 4460 τῶν

196 4495 525 4562 μοναζόντων
559 4494 659 4547 οὐκ
692 4494 842 4547 ἔσται
871 4494 1049 4564 πολλῴ
1079 4495 1337 4557 ἐλάττων,
1389 4493 1509 4546 οὐδὲ
1526 4492 1634 4546 τῶν
1674 4493 1750 4563 μὴ

190 4581 576 4651 γεγαμηκότων
596 4584 625 4634 ὁ
649 4580 999 4651 γεγαμηκώς.
1027 4582 1089 4634 Et
1113 4580 1289 4650 βούλει
1312 4580 1403 4633 καὶ
1420 4580 1615 4650 ἄριστα
1635 4596 1753 4632 ποι-

190 4670 268 4718 εῖν
300 4670 391 4721 καί⁵
417 4669 691 4732 ἑστιάσεις
715 4669 1000 4731 ἐπιτελεῖν,
1034 4668 1236 4738 μηδένα
1263 4667 1517 4736 ἄσεμνον,
1548 4665 1753 4736 μηδένα

187 4756 443 4825 ἄκοσμον,
470 4756 584 4808 ἀλλ’
604 4757 658 4809 εῐ
688 4773 810 4810 τινα
834 4757 987 4824 ἀγιον
1016 4755 1221 4825 πένητα
1247 4752 1427 4824 εὖροις
1451 4753 1747 4823 δυνάμενον

189 4840 309 4905 ύμῖν
342 4842 638 4911 εὐλογῆσαι
663 4842 758 4912 τὴν
795 4842 991 4908 οἰκίαν,
1036 4841 1327 4910 δυνάμενον
1360 4838 1497 4909 μετὰ
1510 4840 1621 4911 ,τῆς
1648 4840 1755 4893 τῶν

187 4927 356 4980 ποδῶν
383 4929 691 4992 έπιϐάσεως
709 4930 886 4983 πᾶσαν
909 4931 1234 4996 εἰσενεγκεῖν
1255 4926 1348 4980 τοῦ
1370 4925 1505 4979 Θεοῦ
1535 4927 1634 4996 τὴν
1662 4927 1756 4979 εὐ-

188 5012 384 5081 λογίαν,
434 5014 625 5068 τοῦτον
672 5016 845 5070 κάλει.
897 5016 1051 5069 Εἴπω
1082 5015 1258 5068 δὲκαὶ
1305 5013 1517 5085 ἓτερον;
1550 5013 1755 5082 Μηδεὶς

192 5101 336 5169 ὑμῶν
365 5102 714 5167 σπουδαζέτω
740 5101 1122 5171 εὐπορωτέραν
1156 5102 1381 5170 γαμεῖν,
1412 5098 1547 5152 ἀλλά
1577 5099 1757 5168 πολλῷ

194 5190 385 5257 μᾶλλον
423 5192 774 5261 πενεστέραν.
798 5191 875 5245 Οὐ
906 5192 1012 5261 γὰρ
1034 5189 1301 5259 τοσαύτην
1330 5188 1438 5241 ἀπὸ
1482 5189 1589 5241 τῶν
1619 5205 1757 5259 χρη-

194 5278 371 5344 μάτων
391 5277 757 5330 εἰσελεύσεται
776 5277 1100 5346 εἰσφέρουσα
1117 5275 1367 5346 άφορμὴν
1383 5275 1597 5345 ἡδονῆς,
1627 5275 1759 5344 ὅσην

191 5365 375 5435 ἀηδίαν
416 5366 528 5420 ἀπὸ
572 5366 678 5417 τῶν
719 5364 955 5427 ὀνειδῶν,
1001 5364 1107 5417 ἀπὸ
1138 5364 1228 5417 τοῦ
1262 5364 1480 5416 πλείονα
1509 5366 1758 5417 ἀπαιτεῖν

192 5450 260 5506 ὧν
286 5457 604 5525 εἰσήγαγεν,
634 5453 741 5506 ἀπὸ
763 5454 870 5507 τῶν
894 5453 1121 5523 ὕϐρεων,
1146 5453 1253 5505 ἀπὸ
1274 5453 1373 5522 τῆς
1396 5452 1761 5517 πολυτελείας,

192 5543 292 5595 ἀπὸ
332 5542 447 5593 τῶν
488 5541 760 5609 φορτικῶν
810 5540 1087 5612 ῥημάτων.
1139 5539 1284 5611 Ἑρεῖ
1316 5538 1421 5608 γὰρ
1453 5538 1582 5601 ίσως
1606 5556 1618 5568 ·
1653 5537 1761 5591 Οὐκ

193 5629 332 5682 δέπω
352 5629 468 5681 τῶν
498 5629 606 5681 σῶν
639 5628 889 5681 ἀνάλωσα
911 5627 1082 5691 οὐδὲν,
1109 5627 1188 5679 ἔτι
1206 5626 1397 5697 τάέμά
1423 5625 1760 5694 περίκειμαι,

197 5715 249 5778 ἐξ
276 5709 352 5768 ῶν
385 5716 437 5768 οἱ
466 5717 643 5777 γονεῖς
676 5730 766 5783 μοι
793 5713 1138 5784 δεδώρηνται.
1167 5712 1246 5783 ιΤί
1278 5712 1477 5780 λέγεις,
1500 5710 1545 5763 ὧ
1566 5711 1761 5779 γύναι;

200 5801 270 5854 ἔτι
294 5803 365 5856 τά
394 5802 469 5855 σά
493 5801 830 5872 περίκεισαις
864 5802 953 5855 καλ
988 5802 1040 5857 τί
1074 5800 1262 5857 τούτου
1287 5799 1382 5853 τοῦ
1407 5801 1646 5871 ῥήματος
1672 5797 1765 5867 γέ-

1062 378 1131 435 IN
1176 378 1395 435 EPIST.
1438 380 1528 434 AD
1554 378 1797 436 EPHES.
1832 381 1988 437 CAP.
2032 378 2096 432 V.
2134 376 2365 431 HOMIL.
2406 374 2524 429 XX.

3300 375 3401 427 H8

1824 501 1953 553 νοιτ⁹
1998 500 2070 553 ἂν
2099 497 2462 567 ἀθλιώτερον;
2518 492 2677 564 σῶμα
2718 491 2902 545 οὐκέτι
2934 491 3075 562 ἔχεις
3102 490 3261 557 ίδιον,
3306 494 3402 546 καὶ

1823 588 2085 657 χρήματα
2115 585 2256 653 ἔχεις
2282 583 2417 648 ίδια;
2446 581 2641 634 Οὐκέτι
2665 579 2757 633 δύο
2775 580 2897 633 ἐστὲ
2924 578 3125 647 σάρκες
3150 579 3287 649 μετά
3312 579 3404 631 τὸν

1822 676 2022 744 γάμον.
2053 671 2169 725 ἀλλ’
2200 671 2447 740 ἐγένεσθε
2479 670 2558 733 εἰς
2594 669 2741 739 μίαν·
2770 669 2863 720 καὶ
2893 668 2948 720 αί
2969 667 3143 719 οὐσίαι
3164 666 3275 731 δύο,
3307 667 3403 719 καὶ

1823 761 1882 813 οὐ
1915 761 2031 820 μία.
2055 759 2122 812 Ὢ
2147 757 2239 811 τοῦ
2265 758 2373 810 τῶν
2401 755 2697 826 χρημάτων
2724 753 2954 824 ἐρωτοςῐ
2989 746 3069 813 είς
3097 751 3401 822 ἄνθρωπος,

1825 848 2045 921 [15ηέν
2064 846 2203 913 ζῶον
2232 844 2530 915 ἀμφότεροι
2547 840 2865 912 γεγένησθε,
2882 840 2975 893 καὶ
2998 839 3075 892 ἔτι
3106 838 3404 907 λέγεις,Τά

1824 935 1969 1004 ἐμάς
2000 934 2305 1000 Ἐπάρατον
2334 929 2493 982 τοῦτο
2520 928 2581 981 τὸ
2609 928 2760 998 ῥῆμα
2807 928 2901 980 καὶ
2954 925 3147 996 μιαρὸν
3172 924 3278 977 ἀπὸ
3304 921 3400 975 τοῦ

1825 1021 2071 1075 διαϐόλου
2088 1017 2396 1087 εἰσηνέχθη.
2414 1016 2599 1069 Πάντα
2614 1013 2769 1085 ήμῶν
2791 1011 2945 1065 κοινά
2965 1012 3214 1081 εποίησεν
3228 1013 3256 1063 ὁ
3273 1010 3405 1071 Θεὸς

1824 1110 1892 1161 τά
1923 1108 2123 1160 τούτων
2165 1104 2586 1173 ἀναγκαιότερα,
2617 1102 2711 1153 καὶ
2743 1098 2918 1152 ταῦτα
2952 1099 3013 1151 οὐ
3053 1098 3234 1160 κοινάς
3286 1096 3403 1148 υύκ

1826 1195 1972 1247 ἐστιν
2000 1196 2193 1253 εἰπεῖν,
2214 1194 2277 1243 τὸ
2302 1190 2434 1259 ἐμὸν
2456 1188 2590 1257 φῶς,
2613 1189 2640 1239 ὁ
2659 1186 2790 1257 ὲμδς
2804 1186 2974 1255 ἦλιος,
2998 1184 3058 1235 τὸ
3078 1183 3209 1251 ὲμὸν
3233 1182 3399 1252 ὕδωρ

1826 1282 2004 1334 πάντα
2026 1284 2161 1350 ήμῖν
2186 1278 2342 1332 κοινά
2372 1276 2442 1330 τὰ
2472 1275 2713 1344 μείζονα,
2736 1273 2803 1325 τὰ
2832 1272 2888 1324 δὲ
2921 1271 3175 1341 χρήματα
3198 1270 3257 1321 οὐ
3290 1286 3403 1321 κοι-

1828 1369 1928 1435 vd;
1971 1366 2311 1421 Ἀπολλύσθω
2337 1365 2405 1417 τά
2427 1364 2682 1434 χρήματα
2715 1359 2992 1431 μυριάκις,
3027 1356 3223 1426 μᾶλλον
3244 1356 3298 1407 δὲ
3326 1355 3402 1424 μὴ

1827 1458 1895 1511 τά
1932 1458 2189 1527 χρήματα
2208 1494 2223 1517 ,
2256 1453 2371 1506 ἀλλ’
2398 1453 2453 1503 αἰ
2484 1449 2828 1521 προαιρέσεις
2855 1448 2911 1499 αἱ
2940 1447 3014 1516 μὴ
3047 1445 3240 1497 εἰδυῖαι
3268 1443 3405 1513 χρή-

1832 1563 1965 1614 μασι
2004 1542 2337 1615 χρήσασθαι,
2387 1540 2522 1593 ἀλλά
2568 1540 2784 1591 πάντων
2834 1534 2973 1588 αὐτά
3032 1530 3401 1602 προτιμῶσαι.

1828 1634 1939 1686 Καὶ
1970 1632 2139 1685 ταῦτα
2173 1630 2310 1699 μετά
2340 1628 2447 1681 τῶν
2476 1626 2649 1679 ἄλλων
2676 1625 2911 1677 δίδασκε*
2944 1621 3079 1674 ἀλλὰ
3109 1619 3245 1688 μετά
3274 1616 3403 1669 πολ-

1828 1721 1925 1789 λῆς
1955 1719 2051 1787 τῆς
2080 1718 2322 1788 χάριτος.
2363 1712 2583 1782 Ἐπειδὴ
2621 1711 2728 1781 γάρ
2764 1708 2901 1778 αὐτὴ
2932 1707 3053 1761 καθ’
3086 1704 3283 1774 ἑαυτὴν
3306 1703 3403 1771 τῆς

1830 1806 2031 1875 ἀρετῆς
2078 1806 2111 1873 ἡ
2145 1802 2464 1872 παραίνεσις
2507 1800 2641 1851 πολύ
2677 1798 2737 1849 τὸ
2788 1794 3107 1866 σκυθρωπὸν
3139 1791 3270 1862 ἔχει,
3311 1789 3407 1842 καὶ

1834 1895 2069 1965 μάλιστα
2115 1892 2249 1963 πρὸς
2287 1890 2453 1960 κόρην
2485 1887 2692 1956 ἁπαλὴν
2718 1886 2807 1938 καὶ
2841 1885 2987 1946 νέαν,
3018 1884 3145 1936 ὅταν
3169 1879 3296 1948 περί
3319 1896 3406 1947 φι-

1831 1980 2082 2048 λοσοφίας
2114 1979 2356 2046 λέγοιντο
2392 1976 2561 2043 λόγοι,
2596 1972 2797 2042 πολλὴν
2838 1971 3039 2023 ἐπινόει
3084 1968 3182 2039 τὴν
3224 1967 3405 2035 χάριν,

1832 2071 1923 2121 καὶ
1952 2067 2109 2120 τοῦτο
2141 2066 2375 2137 μάλιστα
2414 2063 2519 2115 ἀπὸ
2546 2062 2644 2131 τῆς
2673 2059 2851 2128 ψυχῆς
2897 2058 3137 2127 ὲξόρισον
3167 2054 3406 2122 ἐκείνης,

1833 2158 1904 2208 Τὸ
1925 2156 2186 2226 ὲμὸν,καί
2206 2154 2277 2205 Τδ
2299 2152 2410 2205 σόν.
2454 2152 2550 2202 Ἂν
2591 2149 2749 2219 εἴπῃ,
2784 2147 2865 2198 Τὰ
2900 2145 3026 2215 ἐμά,
3079 2143 3203 2195 εἰπὲ
3240 2142 3402 2211 αὐτῇ·

1834 2245 1968 2296 Ποῖα
2000 2242 2177 2311 λέγεις
2214 2242 2313 2305 σά;
2339 2239 2460 2291 οὐδὲ
2486 2237 2594 2306 γάρ
2618 2232 2733 2288 οἶδα
2758 2231 2954 2297 ’,οὐδὲν
2980 2231 3085 2300 ἔχω
3107 2229 3216 2297 ἐγὼ
3242 2229 3373 2280 ἴδιον
3390 2243 3404 2257 ·

1835 2333 1950 2397 πῶς
1978 2327 2070 2384 οὗν
2096 2330 2295 2398 λέγεις,
2314 2326 2536 2397 Τάέμά,
2567 2326 2781 2378 πάντων
2811 2323 2977 2375 ὄντων
3004 2318 3145 2381 σῶν;
3172 2316 3411 2385 Χάρισαι

1834 2420 1971 2491 αὐτῇ
2002 2419 2060 2471 τὸ
2094 2418 2263 2488 ῥῆμα.
2298 2416 2409 2484 Οὐχ
2446 2415 2576 2484 ὁρᾷς
2606 2412 2696 2464 ἐπὶ
2722 2412 2829 2462 τῶν
2876 2406 3104 2460 παιδίων
3142 2406 3221 2457 ὅτι
3252 2402 3411 2491 τοῦτο

1835 2508 2183 2579 πράττομεν;
2232 2504 2359 2556 ὅταν
2386 2501 2545 2572 ἡμῶν
2576 2498 2911 2567 κατεχόντων
2946 2512 2999 2547 τι
3033 2492 3279 2563 ἁρπάσῃ,
3314 2490 3413 2543 καί⁸

1834 2597 1895 2649 τὸ
1942 2597 2129 2664 ἕτερον
2174 2593 2335 2645 πάλιν
2379 2589 2637 2660 βούληται
2670 2588 2874 2647 λαϐεῖν,
2901 2581 3288 2651 συγχωροῦμεν
3318 2580 3413 2632 καὶ

1836 2684 2064 2753 λέγομεν
2088 2698 2101 2711 ·
2135 2680 2261 2743 Ναὶ,
2284 2678 2440 2730 τοῦτο
2467 2677 2557 2729 σόν
2581 2678 2714 2737 ἐστι,
2742 2674 2979 2726 κάκεῖνο.
3003 2668 3170 2721 Τοῦτο
3198 2667 3292 2719 καὶ
3318 2666 3412 2753 ἐπὶ

1835 2772 1933 2840 τῆς
1961 2752 2213 2839 γυναικὸς
2243 2766 2480 2837 ποιῶμεν
2499 2770 2512 2782 ⁸
2539 2761 2906 2831 παιδικωτὲρα
2926 2758 3035 2828 γὰρ
3058 2756 3222 2824 αὐτῆς
3246 2755 3280 2823 ἡ
3295 2752 3416 2807 διά-

1836 2859 1953 2912 νοιά
1995 2860 2142 2910 ἐστι’
2176 2855 2280 2908 κᾶν
2318 2853 2474 2924 λέγῃ,
2506 2850 2588 2903 Τά
2615 2851 2755 2920 ἐμὰ,
2786 2846 2924 2901 εἰπέ·
2977 2844 3159 2897 Πάντα
3184 2842 3252 2894 σά
3272 2843 3413 2905 ἐστι,

1838 2948 1931 3000 καὶ
1955 2943 2064 3012 ἐγὼ
2097 2943 2208 3006 σός.
2253 2941 2368 2994 Οὐκ
2396 2940 2509 2993 ἐστι
2531 2935 2817 2997 κολακείας
2838 2932 2897 2986 τὸ
2926 2932 3098 3003 ῥῆμα,
3122 2928 3257 2982 ἀλλά
3285 2928 3413 2980 πολ-

1837 3032 1935 3101 λῆς
1961 3031 2245 3092 συνέσεως.
2277 3026 2463 3089 Οὕτως
2495 3024 2663 3093 αὐτῆς
2692 3022 2894 3092 δυνήσῃ
2925 3018 3157 3088 χαλάσαι
3192 3016 3282 3068 τὸν
3315 3013 3411 3067 θυ-

1842 3119 1961 3189 μὸν,
2015 3118 2108 3171 καί¹
2138 3116 2236 3187 τὴν
2274 3111 2513 3183 ἀθυμίαν
2555 3109 2765 3163 σϐέσαι.
2810 3102 3081 3158 Κολακεία
3110 3103 3218 3172 γάρ
3243 3103 3414 3189 ἐστιν,

1838 3188 1966 3261 ὅταν
1997 3222 2081 3268 τις
2116 3203 2337 3272 ἀγεννές
2352 3219 2404 3254 τι
2426 3198 2606 3270 πράξῃ
2627 3194 2795 3249 κακοῦ
2813 3194 2996 3246 ἕνεκεν
3022 3208 3036 3224 ’
3061 3189 3219 3244 τοῦτο
3248 3188 3304 3241 δὲ
3326 3204 3415 3256 φι-

1840 3294 2062 3362 λοσοφία
2091 3290 2339 3361 μεγίστη.
2366 3288 2504 3354 Λέγε
2532 3281 2645 3338 οὖν·
2677 3283 2786 3335 Καὶ
2824 3278 2938 3350 ἐγὼ
2971 3272 3370 3362 σὸς,ῶπαιδίον
3396 3289 3413 3304 ο

1840 3360 1997 3435 τοῦτό
2020 3360 2108 3449 μοι
2122 3377 2329 3437 Παῦλος
2346 3374 2650 3445 παρῄνεσεν
2674 3367 2860 3422 εἰπών’
2888 3367 2949 3419 Ὀ
2966 3364 3119 3432 ἀνὴρ
3138 3363 3245 3416 τοῦ
3263 3360 3418 3449 ἰδίου

1842 3448 2117 3537 σώματος
2133 3467 2243 3518 οὐκ
2267 3459 2622 3526 ἐξουσιάζει,
2640 3457 2778 3510 ἀλλ’
2796 3454 2833 3521 ή
2857 3451 3029 3523 γυνή.
3050 3453 3111 3504 Εἰ
3127 3449 3220 3537 τοῦ
3238 3448 3419 3537 σῶμα-

1843 3534 1939 3616 τός
1975 3570 2075 3623 μου
2104 3552 2203 3603 οὐκ
2242 3549 2349 3619 ἔχω
2380 3547 2649 3613 ἐξουσίαν,
2700 3540 2836 3594 ἀλλά
2883 3541 2969 3606 σὺ,
3007 3536 3184 3606 πολλῷ
3218 3534 3417 3623 μᾶλλον

1844 3641 1952 3694 τῶν
1980 3622 2297 3709 χρημάτων.
2342 3634 2677 3692 Ἀνέπαυσας
2719 3628 2887 3697 αὐτὴν
2914 3624 3081 3678 ταῦτα
3108 3622 3419 3709 φθεγξάμε-

1846 3744 1954 3789 νος,
1984 3707 2218 3785 ἔσϐεσας
2252 3724 2349 3793 τὴν
2392 3719 2603 3788 πυρὰν,
2641 3716 2982 3785 κατῄσχυνας
3018 3711 3107 3764 τὸν
3150 3707 3415 3770 διάϐολον,

1845 3810 2036 3883 δούλην
2063 3809 2323 3879 ἐποίησας
2353 3804 2552 3875 μᾶλλον
2582 3800 2965 3883 ἀργυρώνητοι]
2989 3810 3038 3860 ιι,
3065 3798 3188 3883 τοῖςΔ
3209 3794 3421 3883 ῥήμασι

1847 3879 2056 3963 τούτοις
2082 3896 2383 3965 κατέδησας
2405 3892 2593 3961 αὐτήν.
2618 3891 2775 3941 Ὥστε
2794 3887 2885 3954 ἀφ’
2901 3880 2974 3939 ὧν
3005 3885 3067 3937 σὺ
3095 3881 3325 3952 φθέγγῃ,
3342 3879 3423 3932 δί-

1847 3987 2003 4053 δαξον
2026 3984 2191 4053 αὐτὴν
2216 3979 2483 4052 μηδέποτε
2500 3978 2700 4044 λέγειν,
2730 3974 2893 4043 Ἐμὸν
2915 3973 3008 4024 καὶ
3028 3971 3146 4023 Σόν.
3174 3969 3283 4021 Καὶ
3311 3984 3420 4037 μη·-

1848 4076 2035 4129 δέποτε
2059 4070 2246 4133 ἁπλῶς
2266 4066 2434 4137 αὐτὴν
2455 4066 2629 4127 κάλει,
2659 4061 2793 4116 ἀλλά
2819 4060 2955 4132 μετά
2982 4056 3290 4119 κολακείας,
3323 4071 3419 4125 με-

1849 4163 1917 4218 τὰ
1946 4161 2132 4232 τιμῆς,
2167 4158 2303 4229 μετά
2342 4155 2539 4222 πολλῆς
2567 4152 2809 4220 ἀγάπης.
2843 4150 2988 4220 Τίμα
3019 4146 3207 4215 αὐτὴν,
3238 4145 3331 4196 καὶ
3359 4143 3425 4232 οὐ

1849 4231 2094 4321 δεήσεται
2140 4246 2239 4315 τῆς
2284 4244 2415 4313 παρ’
2462 4241 2663 4309 ἐτέρων
2707 4236 2891 4305 τιμῆς,
2938 4235 2997 4286 οὐ
3030 4231 3424 4321 δεήσεται-τῆς

1850 4315 1980 4408 παρ’
2011 4334 2211 4404 ἐτέρων
2247 4330 2426 4398 δόξης,
2462 4328 2527 4381 ἂν
2557 4323 2803 4394 ἀπολαύῃ
2824 4324 2920 4393 τῆς
2944 4316 3245 4408 παράῌσοῦ.
3279 4315 3420 4408 Πάνῖ

1850 4401 1957 4475 των
1984 4401 2149 4488 αὐτήν
2178 4416 2441 4486 προτίθει,
2468 4412 2683 4466 πάντων
2707 4411 2913 4471 ἕνεκεν,
2936 4408 3030 4460 καὶ
3046 4404 3296 4467 κάλλους,
3328 4401 3425 4455 καὶ

1853 4509 2139 4569 συνέσεως,
2161 4505 2255 4556 καὶ
2278 4499 2608 4569 ὲγκωμίαζε.
2638 4497 2821 4559 Ούτως
2839 4496 3005 4564 αὐτὴν
3026 4494 3230 4555 πείσεις
3266 4488 3425 4560 μηδε-

1853 4598 1905 4649 νλ.
1936 4594 2220 4664 προσέχειν
2263 4588 2371 4641 τῶν
2422 4585 2640 4651 ἔξωθεν,
2690 4583 2826 4637 ἀλλά
2855 4581 3073 4634 πάντων
3104 4577 3212 4630 τῶν
3250 4576 3426 4664 ἄλλων

1854 4663 2182 4749 καταγελᾷν.
2218 4676 2444 4729 Δίδασκε
2471 4671 2564 4725 τοῦ
2595 4670 2728 4723 Θεοῦ
2758 4670 2848 4722 τὸν
2880 4667 3063 4737 φόϐον,
3108 4665 3202 4717 καὶ
3248 4663 3426 4717 πάντα

1855 4771 2042 4836 ὥσπερ
2068 4765 2177 4820 ἀπὸ
2200 4763 2383 4833 πηγῆς
2401 4760 2737 4830 ὲπιρρεύσει,
2763 4757 2857 4810 καὶ
2885 4754 3092 4826 μυρίων
3117 4752 3267 4805 ἔσται
3298 4753 3331 4821 ή
3355 4753 3429 4806 οἰ-

1856 4858 1951 4911 κία
1970 4854 2076 4908 τῶν
2104 4851 2323 4920 ἀγαθῶν
2354 4851 2618 4919 γέμουσα.
2652 4848 2748 4898 Ἀν
2778 4845 2845 4897 τὰ
2874 4842 3123 4911 ἄφθαρτα
3152 4840 3423 4910 ζητῶμεν,

1856 4946 1953 5000 καὶ
1982 4942 2154 4997 ταῦτα
2182 4938 2531 4992 ἐπελεύσεται
2559 4937 2627 4987 τὰ
2644 4932 2878 5004 φθαρτά.
2914 4928 3149 4997 Ζητεῖτε
3168 4930 3295 4999 γάρ,
3321 4944 3425 4995 φη-

1862 5034 1934 5095 σὶ,
1982 5029 2215 5098 πρῶτον
2258 5026 2372 5093 τὴν
2408 5022 2733 5088 ,ϐασιλείαν
2771 5019 2876 5073 τοῦ
2912 5017 3079 5079 Θεοῦ,
3118 5014 3428 5068 καὶταῦτα

1860 5117 2054 5172 πάντα
2075 5109 2547 5182 προστεθήσεται
2574 5108 2734 5177 ὑμῖν.
2777 5105 2932 5167 Οἴους
2963 5099 3101 5156 εἶναι
3134 5100 3237 5172 χρὴ
3271 5100 3423 5170 νομί-

1860 5207 1971 5271 ζειν
1997 5204 2122 5264 τούς
2150 5201 2344 5261 παῖδας
2366 5197 2472 5250 τῶν
2504 5194 2759 5249 τοιούτων
2818 5191 3095 5261 πατέρων;
3128 5190 3272 5250 οἴους
3300 5187 3426 5249 τοὺς

1859 5291 2071 5354 οἰκέτας
2107 5288 2212 5341 τῶν
2252 5284 2510 5339 τοιούτων
2551 5280 2864 5344 δεσποτῶν;
2909 5278 3053 5338 οἴους
3078 5276 3202 5337 τοὺς
3234 5273 3427 5335 ἄλλους

1861 5382 2107 5440 ἅπαντας
2149 5375 2273 5438 τοὺς
2318 5369 2753 5442 πλησιάζοντας;
2786 5362 2895 5437 ἆρα
2935 5364 3054 5432 οὐχὶ
3083 5360 3290 5433 μυρίων
3318 5359 3427 5412 τῶν

1861 5464 2079 5535 ἀγαθῶν
2102 5465 2193 5516 καὶ
2221 5462 2415 5523 αὐτοὺς
2440 5456 2593 5530 [158]
2614 5456 2802 5526 γέμειν
2825 5450 3159 5521 συμϐήσεται
3176 5466 3190 5515 ;
3209 5447 3296 5511 Ὠς
3317 5446 3426 5518 γάρ

1927 5814 1950 5841 α
1981 5803 2134 5851 Recte
2154 5795 2349 5859 conjicit
2369 5793 2519 5844 Savil.
2547 5788 2894 5853 ἀργυρωνήτου.
