3960 6506
172 407 275 467 ιω
1036 409 1105 470 IN
1144 412 1353 471 EPIST.
1396 416 1488 471 AD
1524 416 1744 475 EPllES

172 525 252 579 bis
290 534 351 580 ut
382 523 511 580 nulli
559 539 815 582 extraneo
859 527 1093 582 animum
1148 530 1420 594 adhibeat,
1468 530 1564 585 sed
1614 531 1746 587 alias

167 633 355 673 omnes
380 619 619 673 irrideat.
654 619 796 674 Doce
836 619 927 675 Doi
958 621 1202 675 timorem
1226 663 1243 686 ,
1295 632 1352 678 et
1382 625 1561 679 omnia
1605 634 1745 679 tam-

165 724 324 779 quam
351 725 382 763 a
413 709 559 765 fonte
584 711 805 765 afﬂuent
832 752 847 777 ,
874 712 1084 780 eritque
1122 714 1316 770 domus
1354 717 1547 770 referta
1591 716 1746 772 bonis

167 801 664 856 innumerabilibus.
690 801 745 855 Si
770 801 1184 870 ineorrnptibilia
1211 820 1534 875 quatramus,
1560 822 1745 863 corru-

165 890 368 959 ptibilia
409 906 624 962 quoque
666 893 992 949 advenient:
1025 894 1246 962 Qnterite
1316 898 1461 952 enim
1487 938 1503 962 ,
1533 900 1741 970 inquit,

163 982 381 1051 primum
425 999 635 1052 regnum
679 983 794 1049 Dei,
827 994 871 1038 et
916 984 1023 1039 haec
1058 987 1228 1039 omnia
1265 986 1570 1059 adjicientur
1604 990 1743 1045 vobis

160 1072 375 1136 (ﬂuuit.
397 1077 449 1129 6.
478 1075 595 1144 55).
612 1075 808 1143 Quales
833 1076 1051 1147 putandi
1072 1088 1198 1132 sunt
1224 1080 1316 1134 ﬁlii
1346 1081 1526 1136 talium
1550 1098 1744 1153 paren-

160 1164 315 1218 tum?
345 1167 534 1235 quales
560 1176 979 1223 consentaneum
1021 1180 1105 1224 est
1142 1185 1263 1225 esse
1301 1172 1528 1228 famulos
1556 1174 1739 1231 talium

157 1258 537 1313 dominorum?
562 1262 750 1330 quales
797 1277 892 1317 eos
936 1277 1147 1331 omnes,
1175 1265 1262 1334 qui
1303 1264 1408 1320 illis
1454 1267 1741 1336 appropin-

154 1349 362 1415 quant?
386 1365 565 1404 annon
593 1352 863 1422 continget
888 1366 985 1408 eos
1005 1368 1217 1424 quoque
1236 1369 1356 1410 esse
1373 1356 1561 1426 plenos
1585 1357 1739 1413 bonis

152 1442 669 1500 innumerabilibus?
698 1443 829 1499 Nam
864 1446 1093 1501 maxima
1119 1462 1187 1502 ex
1227 1456 1378 1518 parte
1405 1463 1471 1503 ex
1498 1450 1738 1506 moribus

1749 460 1762 473 .
1801 420 1955 476 CAP.
1998 422 2087 479 Vl.
2128 424 2355 487 HOMIL.
2402 434 2545 493 XXI.

3334 454 3435 509 ilio

1851 534 2191 630 dominorum
2219 548 2361 602 servi
2405 566 2584 608 mores
2612 568 2737 611 suos
2759 570 3108 630 componunt,
3139 573 3192 615 et
3217 566 3430 623 assimi-

1849 626 2028 730 lantur
2060 647 2247 689 eorum
2277 636 2556 697 desideriis
2587 660 2602 697 :
2631 647 2817 703 eadem
2857 626 3037 707 ainant
3056 693 3070 711 .
3094 626 3285 710 eadem
3309 673 3430 730 qum

1849 718 2136 778 didicerint
2162 726 2470 798 loquuntttr,
2504 734 2555 788 itt
2597 736 2785 794 iisdem
2818 752 3119 801 versantur.
3149 745 3204 802 Si
3226 750 3304 803 sic
3327 718 3430 807 nos

1850 810 1995 910 ipsos
2017 829 2421 887 componamus,
2445 837 2498 881 et
2522 827 2812 899 Scripturis
2832 836 3426 910 attendamus,pluritua

1845 903 1914 959 ab
1940 905 2047 963 illis
2071 908 2403 970 docebimur.
2435 918 2506 973 Ita
2534 925 2825 992 poterimus
2857 928 2965 984 Deo
2997 903 3243 1001 placere,
3273 948 3328 991 et
3349 948 3430 991 to-

1842 1004 1953 1051 tam
1980 1001 2141 1097 vitam
2173 1019 2490 1075 praesentem
2532 1030 2654 1071 cum
2687 1019 2879 1076 virtute
2917 1026 3233 1097 transigere.
3261 1040 3314 1085 et
3341 1046 3425 1085 as-

1844 1090 1994 1192 sequi
2042 1090 2181 1148 bona
2230 1100 2489 1166 promissa
2547 1105 2613 1161 iis
2656 1110 2742 1178 qui
2795 1110 2969 1182 ipsum
3018 1090 3426 1192 diliguntzquze

1843 1186 2045 1275 utinam
2074 1196 2173 1240 nos
2207 1202 2397 1246 omnes
2426 1208 2839 1268 consequamur,
2874 1219 2968 1272 per
2994 1186 3220 1275 gratiam
3245 1222 3296 1265 et
3324 1186 3420 1268 bc-

1842 1269 2156 1341 nignitatem
2181 1278 2388 1337 Domini
2418 1289 2584 1343 nostri
2607 1289 2733 1347 Jesn
2759 1269 3086 1361 Cltristi,eni
3115 1316 3235 1357 cum
3268 1302 3425 1361 Patre

1840 1370 1897 1417 et
1940 1362 2141 1434 Spiritu
2170 1383 2355 1430 sancto
2392 1377 2590 1448 gloria,
2623 1384 2935 1454 imperium.
2967 1388 3139 1446 honor
3163 1433 3179 1459 ,
3205 1410 3345 1451 nunc
3369 1407 3426 1452 ct

1839 1467 2074 1525 semper,
2099 1470 2152 1516 et
2176 1462 2228 1518 in
2255 1468 2446 1523 szecula
2473 1474 2813 1532 saeculorum.
2835 1479 3028 1535 Amen.

2862 1622 3037 1631 Ἢ

1538 1662 1883 1731 HOMILIA
1915 1671 2093 1737 XXI.

146 1800 280 1857 ΟΔΡ.
301 1802 356 1857 ϐ.
373 1818 422 1855 v.
450 1805 500 1858 l.
522 1802 667 1869 Filii,
685 1805 877 1862 obedite
894 1807 1185 1878 parentibus
1204 1808 1377 1862 vestris
1399 1806 1451 1862 in
1480 1808 1727 1864 Domino:

215 1895 320 1947 ltoc
346 1896 476 1948 enim
489 1896 688 1966 justum
711 1906 806 1952 est.
831 1896 887 1952 ἓ.
925 1896 1137 1952 Honora
1163 1909 1358 1967 patrem
1387 1911 1527 1954 tuum
1551 1910 1600 1954 et
1619 1917 1726 1954 ma-

1838 1823 1943 1910 lem
1964 1825 2234 1888 quomodo
2261 1827 2428 1884 basim
2454 1834 2823 1894 admirabilem
2855 1844 3088 1910 posuerit
3118 1845 3217 1897 vite
3247 1846 3421 1902 virtu-

1835 1909 1903 2003 tis
1928 1949 1945 1975 ,
1975 1927 2170 1984 nempe
2200 1917 2251 1972 in
2285 1934 2535 1990 parentes
2564 1926 2824 1985 honorem
2857 1909 2910 1986 et
2938 1937 3333 2003 reverentiam;
3359 1948 3417 1995 et

213 1996 347 2040 trem
378 1997 517 2041 tuam
537 2028 555 2055 ,
585 1990 721 2058 quod
756 1999 827 2044 est
863 1991 1160 2045 mandatum
1186 1993 1406 2061 primum
1427 1994 1481 2046 in
1510 1994 1728 2063 promis-
1827 1997 1950 2068 jure
1967 2004 2204 2073 quidem.
2234 2009 2364 2066 Cum
2392 2014 2707 2075 abduxisset
2734 2035 2763 2075 a
2794 2024 2951 2079 malis
2975 1990 3333 2097 actionibus:

208 2077 357 2133 sione
388 2120 405 2143 ,
443 2081 497 2135 5.
546 2090 601 2134 ut
638 2081 759 2136 bene
800 2083 889 2137 tibi
925 2084 1032 2149 sit,
1067 2094 1114 2137 ct
1151 2086 1224 2141 sis
1267 2086 1523 2154 longwrus
1574 2102 1727 2155 super
1831 2090 1970 2147 bona
1995 2106 2139 2151 esset
2161 2099 2516 2171 ingressurus,
2550 2108 2652 2165 hoc
2680 2112 2907 2181 primum
2930 2118 3124 2184 posuit,
3151 2077 3407 2177 IIOHOPC‘I'II

210 2182 403 2226 terram
408 2211 423 2225 ο

211 2266 264 2319 1.
286 2266 746 2331 Quemadmodum
764 2268 1024 2339 quispiam
1040 2284 1235 2341 corpus
1250 2271 1473 2341 ﬁngens,
1493 2273 1721 2342 primum

142 2355 358 2425 quidem
384 2359 531 2426 ponit
559 2367 721 2428 caput
750 2400 767 2426 ,
799 2359 993 2416 deinde
1017 2362 1213 2416 collum
1238 2402 1253 2427 ,
1282 2362 1478 2417 deinde
1509 2362 1674 2430 pedes
1704 2378 1719 2416 :

140 2450 208 2503 ita
252 2450 421 2503 etiam
464 2451 653 2505 beatus
698 2448 897 2506 Paulus
935 2453 1177 2523 prowdit
1219 2453 1276 2508 in
1318 2469 1414 2508 sua
1452 2456 1718 2509 oratione.

140 2543 280 2596 Dixit
324 2543 394 2598 de
437 2544 555 2598 viro
584 2586 600 2610 ,
630 2544 774 2599 dixit
808 2544 877 2600 de
910 2545 1134 2601 muliere
1157 2588 1174 2613 ,
1204 2546 1292 2616 qui
1336 2556 1419 2602 est
1455 2546 1721 2601 secundus

136 2634 513 2703 principatus:
536 2635 646 2704 jam
676 2636 853 2706 pergit
874 2636 943 2691 ad
972 2638 1185 2693 tertium
1210 2655 1226 2703 ;
1259 2638 1305 2693 is
1333 2646 1512 2693 autem
1541 2648 1626 2693 est
1654 2640 1712 2691 li-

135 2724 358 2780 lioruttt.
382 2725 516 2781 Nam
542 2728 691 2782 uxori
713 2728 929 2799 quidem
948 2729 1180 2799 imperat
1205 2731 1447 2795 maritus,
1478 2730 1599 2785 ﬁliis
1625 2746 1721 2784 an-

135 2824 239 2869 tem
276 2825 342 2870 et
378 2818 463 2872 vir
506 2825 561 2872 et
606 2819 818 2874 mulier.
864 2818 1000 2877 Vide
1039 2835 1169 2891 ergo
1210 2820 1339 2891 quid
1380 2821 1558 2877 dicat:
1596 2822 1741 2888 Filii,

132 2908 336 2963 obedite
375 2910 667 2979 parentibus
710 2914 885 2968 vestris
929 2914 984 2968 in
1023 2912 1245 2970 Domino
1276 2931 1296 2969 :
1323 2916 1417 2969 hoc
1465 2917 1600 2971 enim
1645 2928 1716 2972 est

130 3000 359 3067 primum
391 3011 695 3071 prwceptum
715 3002 768 3056 in
792 3004 1227 3073 promissionibus.
1250 3005 1392 3060 Nihil
1422 3005 1512 3062 hic
1541 3008 1714 3076 loqui-

130 3098 213 3142 tur
230 3088 307 3144 de
332 3088 567 3153 Christo,
582 3091 712 3146 nihil
737 3092 805 3148 de
829 3094 1092 3160 excelsis;
1118 3095 1293 3151 adhuc
1312 3095 1455 3151 enim
1483 3096 1715 3167 loquitur

126 3198 247 3236 cum
277 3184 491 3239 teneris
522 3186 791 3241 mentibus
824 3204 838 3241 :
871 3197 922 3241 et
954 3187 1073 3242 ideo
1113 3189 1328 3243 brevem
1360 3188 1487 3244 facit
1514 3191 1709 3245 exhoro

125 3275 390 3331 tationem
422 3318 438 3342 ,
466 3286 650 3347 utpote
692 3279 837 3349 quod
878 3295 984 3333 non
1030 3279 1238 3349 possint
1263 3282 1414 3350 pueri
1449 3282 1709 3351 prolixam

121 3370 347 3438 assequi
398 3371 714 3425 orationem.
756 3371 1043 3441 Propterea
1092 3386 1193 3428 nec
1233 3373 1432 3443 aliquid
1478 3373 1606 3428 dicit
1642 3373 1711 3428 de

124 3475 288 3527 regno
324 3476 342 3523 ;
374 3476 477 3513 non
507 3470 589 3516 est
618 3463 759 3515 enim
804 3462 944 3516 illius
990 3463 1162 3517 aetatis
1203 3463 1318 3518 haec
1347 3464 1533 3519 audire
1565 3483 1580 3531 ;
1614 3465 1709 3520 sed

120 3566 237 3620 qua:
268 3552 515 3606 maxime
540 3554 685 3621 cupit
711 3553 897 3609 audire
924 3555 1146 3624 puerilis
1174 3556 1404 3619 animus,
1437 3572 1496 3611 ea
1529 3557 1705 3623 dixit,

119 3661 315 3717 nempe
342 3646 486 3715 quod
511 3646 614 3701 erit
638 3647 933 3717 longaevus.
965 3648 1017 3703 Si
1041 3649 1160 3717 quis
1184 3649 1327 3703 enim
1351 3650 1586 3719 inquirit,
1612 3665 1708 3703 cur

116 3738 181 3793 de
204 3754 381 3809 regno
399 3754 503 3793 non
521 3738 793 3806 disseruit,
821 3739 915 3795 sed
935 3741 1013 3794 eis
1040 3741 1216 3810 posuit
1238 3740 1543 3795 mandatum
1564 3741 1705 3810 quod

115 3830 281 3885 situm
316 3840 404 3885 est
432 3832 484 3884 in
513 3831 667 3901 lege;
696 3830 937 3886 dicemus
964 3833 1042 3885 eis
1083 3831 1135 3886 id
1171 3830 1366 3887 fecisse
1396 3842 1454 3885 ut
1481 3834 1568 3901 qui
1596 3833 1706 3887 sint

114 3924 443 3992 pueriliores
467 3964 483 3989 ,
517 3933 575 3979 ut
604 3925 693 3994 qui
722 3926 856 3979 sciat
880 3925 1021 3995 quod
1047 3928 1164 3980 viro
1190 3936 1244 3981 et
1268 3926 1491 3982 muliere
1524 3929 1592 3981 ita
1618 3926 1700 3981 af-

112 4014 268 4070 fectis
312 4016 702 4071 convenienter
740 4016 840 4086 legi
886 4031 1042 4086 quam
1086 4018 1248 4083 tulit,
1276 4032 1382 4072 non
1412 4026 1495 4072 est
1524 4018 1701 4089 magni

114 4106 321 4162 laboris
349 4108 607 4177 puerulos
628 4107 914 4177 subjicere.
947 4108 1173 4175 Quando
1200 4110 1343 4163 enim
1373 4124 1462 4164 res
1490 4110 1697 4164 initium

110 4198 386 4267 acceperit
408 4207 463 4252 et
482 4197 887 4253 fundamentum
924 4198 1143 4263 bonum,
1161 4199 1495 4270 validumque
1525 4211 1579 4256 et
1598 4202 1697 4257 ho-

113 4303 332 4346 nestum
358 4334 371 4354 ,
405 4293 584 4346 omnia
614 4290 868 4361 deinceps
901 4291 984 4346 via
1025 4301 1079 4346 et
1109 4293 1226 4362 lege
1256 4294 1549 4363 procedunt
1577 4309 1698 4347 cum

108 4387 288 4441 multa
337 4384 588 4440 facilitate
615 4402 629 4439 :
658 4394 741 4440 est
784 4384 925 4439 enim
970 4384 1242 4440 difﬁcilius
1278 4387 1463 4454 jacere
1504 4386 1696 4441 funda-

109 4485 368 4530 mentum
388 4518 404 4541 ,
435 4485 488 4531 et
526 4476 694 4531 basim
721 4476 985 4546 subjicere
1014 4476 1263 4531 validam.
1286 4476 1416 4531 Filii
1440 4519 1455 4543 ,
1488 4478 1697 4548 inquit,

104 4569 326 4623 obedite
354 4569 635 4637 parentibus
678 4570 858 4624 vestris
895 4570 951 4624 in
983 4569 1245 4633 Domino;
1286 4570 1389 4626 hoc
1436 4554 1696 4626 estcon-

102 4670 380 4732 gruenter
404 4661 650 4716 Domino.
682 4662 825 4716 Deus
844 4663 1005 4726 enim,
1040 4662 1230 4731 inquit,
1263 4662 1339 4716 sic
1359 4661 1538 4731 jussit.
1558 4660 1692 4730 Quid

104 4769 261 4819 vero,
298 4754 345 4807 si
364 4753 631 4823 jusserint
660 4752 894 4809 absurda
934 4762 989 4809 et
1024 4769 1129 4808 non
1167 4752 1438 4808 honesta?
1465 4753 1697 4810 Maxime

102 4845 332 4913 quidem
358 4860 651 4912 numquam
680 4853 834 4913 pater
866 4844 1110 4914 prmeipit
1132 4844 1363 4899 absurda
1393 4855 1445 4899 et
1473 4844 1698 4900 inhone-

100 4946 207 4999 sta,
241 4936 463 4991 etiamsi
506 4936 619 5004 ipse
659 4935 728 4989 sit
757 4936 931 4989 minus
973 4935 1273 4989 honestus:
1316 4943 1568 4989 cancrum
1617 4937 1696 4990 sic

100 5045 323 5099 quoque
368 5027 616 5083 adhibuit
656 5029 999 5095 cautionem,
1040 5029 1228 5083 dicens
1261 5027 1370 5083 :In
1424 5027 1646 5085 Domino
1675 5046 1694 5084 :

103 5122 204 5174 hoc
237 5131 323 5174 est
347 5161 363 5186 ,
390 5120 443 5174 in
474 5122 541 5174 iis
564 5122 614 5173 in
637 5120 830 5190 quibus
860 5120 1028 5175 Deum
1059 5136 1167 5174 non
1195 5120 1457 5177 offendas.
1488 5121 1621 5177 Nam
1649 5123 1693 5177 si

99 5216 169 5266 sit
196 5214 431 5268 Grmcus
462 5223 556 5267 aut
583 5213 887 5279 hmrcticus,
922 5229 1025 5266 nou
1056 5214 1235 5282 utique
1262 5213 1550 5283 parendum
1577 5224 1694 5270 est:

98 5322 183 5359 res
213 5306 370 5361 enim
405 5321 512 5359 non
541 5316 625 5359 est
652 5306 702 5358 itt
740 5305 981 5362 Domino.
1008 5304 1287 5372 Quomodo
1318 5314 1497 5360 autem
1517 5306 1649 5360 dicit
1677 5347 1693 5371 ,

102 5397 253 5463 Quod
282 5406 361 5451 est
383 5398 606 5465 primunt
628 5396 967 5451 mandatum?
994 5397 1226 5467 primum
1258 5406 1344 5452 est
1368 5398 1509 5452 enim
1540 5398 1688 5463 illud,

104 5486 221 5541 Non
257 5488 597 5542 mcecltaberis
622 5528 639 5553 ,
684 5497 741 5543 et
770 5529 786 5555 ,
820 5488 941 5542 Non
967 5488 1180 5541 occides.
1212 5487 1327 5542 Non
1359 5489 1530 5558 ipsum
1556 5490 1695 5545 dixit

101 5581 340 5646 primum
385 5580 620 5646 ordine,
651 5579 746 5634 sed
802 5579 1180 5649 promissione.
1228 5580 1338 5635 Illis
1379 5581 1537 5650 igitur
1585 5598 1691 5636 non

105 5673 431 5742 proponitur
452 5686 662 5727 merces
687 5715 702 5738 ,
731 5682 787 5726 ut
813 5688 931 5742 quae
950 5674 1240 5727 constituta
1264 5673 1373 5728 sint
1400 5674 1469 5728 de
1494 5676 1649 5729 malis
1673 5714 1689 5738 ,

101 5772 152 5816 et
178 5764 246 5818 de
268 5779 501 5820 recessu
529 5779 561 5818 a
585 5764 774 5829 malis;
804 5766 854 5818 in
885 5764 969 5819 bis
999 5775 1176 5821 autem
1203 5806 1221 5833 ,
1253 5775 1440 5837 utpote
1464 5782 1587 5821 cum
1619 5769 1690 5824 sit

101 5850 373 5909 bonorum
404 5856 665 5926 operatio,
680 5855 893 5925 ponitur
917 5857 1077 5911 etiam
1106 5858 1405 5927 promissio.
1431 5857 1564 5916 Vide
1588 5872 1691 5917 au-

459 5964 728 6025 Ps'mOL.
773 5962 893 6025 Gtt.
940 5965 1133 6028 LXII.

1830 2376 2134 2425 nostrorum
2176 2373 2404 2432 fructum
2454 2386 2827 2453 perceperint,
2855 2399 2912 2443 et
2941 2398 3065 2446 tunc
3091 2392 3180 2447 alii
3221 2410 3409 2450 omnes

1830 2456 2094 2515 homines.
2122 2462 2253 2519 Nam
2281 2467 2326 2522 si
2353 2470 2473 2539 quis
2502 2472 2602 2528 Itoc
2624 2490 2730 2531 non
2757 2477 2970 2544 habeat,
3000 2496 3287 2553 numquam
3304 2486 3409 2541 erit

1826 2547 1999 2605 bonus
2018 2563 2073 2607 et
2091 2570 2274 2624 arquos
2302 2558 2354 2613 in
2375 2569 2681 2621 extraneos.
2705 2567 2837 2623 Cum
2858 2584 2987 2641 ergo
3011 2572 3133 2628 ﬁliis
3148 2547 3408 2632 suasisset

1824 2656 1944 2711 qua:
1970 2648 2254 2714 oportebat
2278 2692 2294 2715 ,
2325 2654 2518 2709 transit
2546 2656 2612 2711 ad
2641 2670 2894 2729 parentes
2921 2704 2937 2727 ,
2969 2672 3025 2718 et
3052 2663 3222 2724 dicit:
3250 2666 3307 2722 4.
3333 2667 3402 2722 Et
3497 2716 3505 2727 .

1824 2748 1930 2800 vos,
1964 2747 2149 2805 patres,
2178 2741 2332 2796 nolite
2353 2744 2423 2798 ad
2450 2746 2580 2801 iram
2612 2765 2883 2817 provocare
2905 2754 3040 2823 filios
3066 2766 3287 2825 vestros;
3311 2760 3403 2815 sed

1823 2826 2033 2881 educate
2058 2828 2173 2885 illos
2207 2832 2261 2885 in
2300 2834 2570 2904 disciplina
2596 2849 2643 2894 et
2667 2844 2979 2914 correptione
3024 2846 3248 2903 Domini.
3281 2848 3403 2905 Non

1820 2915 1952 2971 dicit
1978 2958 1995 2984 ,
2044 2920 2148 2975 Eos
2174 2922 2382 2994 diligite
2414 2944 2430 2992 ;
2471 2926 2572 2984 hoc
2598 2933 2743 2988 enim
2773 2936 2852 2991 eis
2881 2938 2969 2993 vel
2998 2938 3178 2996 invitis
3207 2952 3397 2998 natura

1819 3008 2059 3074 attrahit,
2088 3020 2144 3066 et
2164 3015 2489 3083 superﬂuum
2520 3030 2667 3077 esset
2688 3023 2758 3079 de
2786 3026 2865 3081 eis
2893 3026 3065 3098 legem
3093 3029 3234 3086 ferre
3259 3048 3273 3084 :
3302 3030 3401 3088 sed

1819 3098 1945 3168 quid
1972 3100 2143 3157 dicit?
2183 3104 2361 3162 Nolite
2383 3126 2658 3177 provocare
2685 3116 2754 3169 ad
2775 3117 2906 3171 iram
2935 3121 3071 3188 ﬁlios
3091 3132 3318 3189 vestros;
3340 3135 3401 3181 ut

1819 3192 1965 3245 ttutlti
1981 3193 2175 3251 faciunt
2190 3212 2282 3252 eos
2296 3200 2680 3261 exberedautes
2697 3217 2751 3263 et
2767 3209 3261 3275 abdicantes,eteos
3280 3231 3402 3287 gra-

1818 3293 2003 3340 vantes
2042 3296 2097 3342 et
2123 3302 2429 3359 prementes
2459 3335 2473 3358 ,
2503 3313 2608 3351 non
2638 3308 2697 3354 ut
2722 3300 2921 3358 liberos
2946 3343 2963 3369 ,
2992 3304 3089 3360 sed
3120 3315 3390 3378 tamquam

1815 3378 2098 3448 mancipia.
2131 3382 2419 3452 Propterea
2442 3387 2571 3443 dicit
2595 3430 2610 3453 ,
2655 3389 2832 3447 Nolite
2861 3411 3135 3463 provocare
3160 3399 3231 3452 ad
3255 3399 3389 3455 iram

1813 3468 1950 3556 ﬁlios
1974 3481 2182 3527 vestros.
2219 3474 2418 3533 Deinde
2458 3480 2602 3549 quod
2638 3492 2723 3538 est
2750 3494 2914 3556 caput
2952 3496 3008 3542 et
3035 3503 3245 3544 summa
3271 3505 3390 3546 om-

1814 3552 1959 3606 nium
1983 3595 1999 3619 ,
2031 3558 2265 3612 ostendit
2290 3562 2560 3628 quomodo
2586 3565 2694 3620 sint
2720 3552 2983 3623 obedituri
3016 3612 3031 3635 ,
3082 3583 3189 3628 tota
3228 3590 3391 3631 causa

1812 3641 2036 3703 deducta
2061 3647 2128 3701 ad
2157 3660 2315 3718 caput
2343 3661 2398 3706 et
2428 3654 2634 3709 initium
2662 3674 2676 3711 :
2701 3667 2757 3712 et
2782 3659 2920 3715 sicut
2945 3663 3253 3719 ostenderat
3274 3680 3390 3721 ma-

1811 3733 1969 3787 ritum
1998 3751 2117 3792 esse
2145 3753 2358 3795 causam
2395 3754 2453 3797 ut
2495 3745 2712 3801 obediat
2739 3764 2874 3803 uxor
2902 3792 2917 3815 ,
2954 3762 3007 3804 ct
3048 3753 3172 3809 ideo
3202 3756 3387 3810 multis

1810 3838 1931 3877 cum
1959 3841 2023 3880 eo
2054 3828 2202 3897 agit,
2232 3830 2524 3888 adhortans
2580 3845 2637 3890 ut
2680 3852 2797 3892 eam
2842 3843 3076 3897 attrahat
3107 3846 3387 3915 tyrannide

1809 3916 2148 3983 dilectionis;
2183 3923 2252 3976 ita
2297 3926 2383 3980 hic
2422 3943 2633 3998 quoque
2660 3946 2847 3988 rursus
2877 3935 2924 3988 ei
2953 3950 3169 3993 causam
3203 3941 3389 3996 tribuit

1809 4009 1995 4067 dicens
2029 4030 2041 4065 :
2075 4015 2180 4068 Sed
2206 4016 2415 4072 educata
2449 4020 2565 4075 illos
2604 4024 2655 4075 in
2698 4023 2969 4096 disciplina
2995 4040 3041 4081 et
3066 4034 3384 4101 correptione

1809 4099 2039 4159 Domini.
2068 4105 2227 4161 Vides
2254 4109 2414 4177 quod,
2450 4112 2493 4166 si
2525 4113 2701 4170 adsint
2727 4117 3021 4187 spiritualia
3046 4160 3062 4185 ,
3095 4099 3387 4191 sequentur

1808 4196 1968 4250 etiam
2000 4199 2231 4252 carnalia
2256 4201 2279 4252 ?
2304 4199 2396 4255 Vis
2426 4202 2590 4258 ﬁliunt
2618 4220 2741 4261 esse
2767 4208 3104 4265 obedientem
3138 4214 3161 4265 ‘i
3185 4215 3253 4269 ab
3276 4215 3382 4268 ini—

1808 4292 1883 4346 tio
1909 4309 2029 4347 eum
2070 4294 2235 4350 educa
2269 4296 2320 4350 in
2348 4297 2629 4368 disciplina
2657 4309 2711 4356 et
2734 4301 3098 4361 admonitione
3127 4306 3336 4363 Domini
3366 4326 3383 4365 :

1809 4402 1875 4440 ne
1900 4389 2174 4441 existimes
2199 4405 2318 4445 esse
2345 4406 2799 4460 supervacaneum
2823 4437 2837 4459 ,
2872 4399 3011 4465 quod
3037 4401 3151 4468 ipse
3175 4400 3386 4457 divinas

1800 4472 2232 4538 Literasaudiat:
2259 4498 2381 4538 nam
2409 4486 2515 4540 illic
2545 4490 2645 4542 hoc
2664 4488 2892 4557 primttm
2913 4492 3150 4560 audient,
3175 4493 3385 4550 Honora

1806 4581 1999 4641 patrem
2025 4582 2072 4626 et
2098 4584 2328 4628 matrem.
2354 4577 2535 4647 Itaque
2560 4590 2778 4650 propter
2807 4592 2859 4637 te
2886 4582 2989 4639 hoc
3016 4586 3092 4639 ﬁt.
3111 4585 3189 4641 Ne
3212 4586 3379 4654 dicas,

1806 4663 1918 4719 lloc
1934 4674 2016 4720 est
2040 4667 2418 4722 monachorum
2442 4686 2457 4734 ;
2476 4686 2601 4725 num
2624 4687 2724 4741 ego
2736 4690 2857 4728 eum
2881 4676 3019 4731 facio
3036 4679 3381 4735 monachum?

1802 4754 1917 4809 Non
1940 4766 2023 4811 est
2044 4772 2263 4812 necesse
2286 4767 2343 4812 nt
2365 4760 2452 4813 ﬁat
2480 4763 2795 4819 monachus.
2819 4766 2957 4832 Quid
2975 4767 3027 4821 id
3047 4769 3221 4833 times,
3236 4772 3379 4841 quod

1802 4856 1885 4903 est
1906 4849 2072 4903 multo
2098 4849 2246 4904 lucro
2275 4851 2534 4920 plenum?
2559 4854 2667 4910 Fac
2694 4871 2816 4911 eum
2847 4857 3233 4917 Christianum.
3264 4862 3379 4919 Ma-

1803 4939 1945 4993 xime
1971 4940 2111 4994 enim
2141 4942 2425 4997 mundanis
2448 4984 2463 5010 ,
2511 4960 2707 5015 nempe
2731 4950 3078 5006 saecularibus
3111 4994 3126 5019 ,
3159 4968 3381 5009 necesse

1804 5040 1887 5085 est
1919 5030 2129 5086 discere
2166 5047 2286 5102 qua:
2316 5033 2424 5090 illic
2450 5045 2575 5090 sunt
2601 5037 2922 5095 documenta
2947 5084 2964 5108 ,
2998 5044 3167 5114 magis
3193 5054 3377 5100 autem

1804 5122 2005 5192 pueris.
2036 5122 2196 5178 Multa
2222 5134 2305 5178 est
2329 5126 2471 5180 enim
2498 5127 2548 5180 in
2580 5130 2666 5183 illa
2691 5140 2846 5186 aelate
2866 5131 3160 5202 ignorantia
3186 5151 3199 5198 ;
3223 5138 3377 5204 igno-

1804 5216 1991 5269 rantize
2017 5225 2193 5271 autem
2224 5217 2282 5272 ﬁt
2306 5222 2543 5275 accessio
2578 5222 2737 5278 etiam
2774 5239 2839 5279 ex
2882 5227 3096 5296 scriptis
3123 5238 3376 5283 externo-

1802 5323 1919 5361 rum
1947 5322 1962 5371 ;
1991 5308 2202 5377 quando
2232 5324 2329 5378 per
2363 5327 2425 5366 ea
2454 5310 2741 5368 didicerint
2777 5330 2872 5370 eos
2899 5317 2987 5387 qui
3029 5327 3154 5373 sunt
3180 5318 3374 5376 heroes

1803 5397 1985 5453 haberi
2014 5401 2063 5453 iu
2088 5400 2459 5467 admiratione,
2485 5418 2606 5458 cum
2627 5405 2888 5461 sintservi
2911 5408 3073 5462 animi
3100 5411 3371 5478 perturba-

1800 5491 2002 5545 tionum
2030 5500 2085 5544 et
2115 5492 2386 5559 vitiorum,
2414 5503 2469 5547 et
2498 5506 2726 5550 mortem
2756 5497 2978 5552 timeant
3008 5516 3021 5551 :
3054 5508 3113 5552 nt
3138 5499 3375 5557 Achilles

1800 5581 2012 5652 quando
2031 5598 2153 5635 eum
2177 5584 2421 5653 paenitet,
2441 5585 2655 5655 quando
2680 5588 2907 5642 moritur
2929 5603 3024 5657 pro
3046 5591 3368 5657 concubina;

1800 5674 2016 5744 quando
2047 5675 2184 5730 alius
2204 5684 2286 5730 est
2314 5676 2497 5732 ebrius
2524 5718 2542 5743 ,
2573 5685 2630 5732 et
2656 5678 2820 5732 multa
2849 5680 2956 5735 alia
2979 5680 3263 5751 ejusmodi.
3294 5683 3374 5739 Illi

1800 5784 1929 5839 ergo
1956 5783 2092 5837 opus
2113 5777 2197 5822 est
2232 5770 2314 5823 his
2340 5769 2770 5825 medicamentis.

1868 5860 1924 5915 2.
1949 5859 2227 5926 Quomodo
2255 5859 2399 5918 enim
2425 5876 2535 5920 non
2560 5871 2645 5919 est
2666 5862 2962 5920 absurdum
2988 5862 3056 5918 ad
3081 5873 3224 5923 artes
3252 5867 3373 5937 qui-

2972 5978 3059 6058 io
