3960 6514
616 394 727 455 431

628 513 751 568 dem
778 514 1010 578 mittere,
1028 522 1082 568 et
1098 512 1162 568 ad
1185 513 1364 568 ludum
1392 514 1705 580 literarium,
1732 523 1785 569 et
1810 528 1905 583 pro
1930 527 1995 567 eo
2020 511 2192 565 omni»

630 607 808 663 facere
838 625 853 670 ;
887 608 938 661 in
968 606 1244 675 disciplina
1293 615 1469 661 autem
1498 616 1554 663 et
1576 607 1668 662 Dei
1694 606 2058 661 admonitione
2074 618 2202 673 pue-

625 712 717 752 ros
738 713 841 753 non
870 694 1097 753 educare
1122 698 1144 751 ?
1174 697 1463 767 Propterea
1491 713 1590 753 nos
1618 699 1772 768 primi
1803 697 2002 753 fructus
2029 696 2202 766 perci-

628 792 802 861 pimus
825 832 841 856 ,
867 790 1097 845 audaces
1120 830 1135 858 ,
1169 791 1587 861 intemperantes
1606 832 1621 855 ,
1651 790 2020 861 immorigeros
2038 830 2055 856 ,
2086 801 2201 842 sor-

625 882 823 947 didos,
869 892 924 937 et
977 881 1268 937 illiberales
1313 883 1522 937 alentes
1576 882 1735 937 filios.
1787 881 1865 935 Ne
1917 895 2045 951 ergo
2097 879 2199 935 hoc

622 973 899 1039 faciamus,
929 972 1025 1027 sed
1054 973 1175 1028 huic
1201 973 1358 1029 beato
1385 988 1663 1042 pareamus
1688 972 1930 1029 suadenti
1955 990 1967 1025 :
1997 972 2195 1028 educe-

620 1080 739 1120 mus
763 1080 857 1120 eos
901 1066 953 1120 in
995 1065 1278 1136 disciplina
1316 1076 1371 1122 et
1406 1066 1773 1121 admonitione
1820 1067 2033 1121 Domini
2060 1084 2072 1119 :
2097 1063 2193 1120 de-

621 1172 741 1209 mus
776 1157 859 1210 eis
887 1156 1188 1225 exemplum
1220 1198 1234 1222 ,
1266 1157 1335 1211 ab
1384 1159 1599 1211 ineunte
1640 1166 1796 1211 aetate
1823 1166 2072 1211 curantes
2097 1168 2192 1210 eos

619 1248 929 1304 incumbere
980 1250 1195 1304 lectioni
1247 1248 1666 1319 Scripturarum.
1718 1248 1814 1303 Hei
1866 1248 2034 1301 mihi!
2075 1246 2191 1302 haec

614 1339 830 1393 assidue
879 1339 1063 1396 dicens
1118 1340 1302 1395 videor
1349 1340 1616 1405 delirare;
1662 1348 2027 1394 verumtamen
2083 1353 2188 1393 non

612 1430 837 1485 cessabo
864 1431 1038 1486 facere
1066 1432 1206 1501 quod
1237 1442 1320 1486 est
1350 1448 1550 1486 meum.
1594 1432 1700 1485 Cur
1723 1473 1737 1493 ,
1766 1430 1853 1484 dic
1878 1430 2007 1484 mihi
2035 1471 2049 1495 ,
2081 1446 2186 1484 non

611 1522 839 1577 imitaris
860 1533 1069 1577 veteres
1094 1524 1117 1573 ?
1145 1523 1372 1577 Maxime
1398 1539 1512 1587 vos,
1537 1523 1810 1587 mulieres,
1842 1521 1960 1575 illas
1991 1520 2185 1574 mulie-

610 1628 700 1669 res
728 1616 1063 1670 admirandas
1087 1616 1424 1669 aamulamini.
1449 1616 1706 1685 Peperisti
1732 1614 1894 1668 filium
1922 1615 1944 1667 ?
1975 1612 2185 1669 Imitare

608 1706 817 1759 Annam
849 1746 864 1771 ,
892 1705 1036 1760 disce
1060 1706 1190 1776 quid
1222 1707 1309 1760 illa
1340 1706 1527 1761 fecerit
1554 1722 1568 1771 ;
1598 1722 1720 1761 eum
1752 1706 1931 1760 statim
1962 1704 2184 1760 deduxit

605 1797 659 1851 in
692 1799 964 1867 templum.
991 1799 1245 1866 Quaenam
1272 1809 1509 1855 vestrum
1533 1814 1640 1856 non
1663 1800 1913 1855 maluerit
1938 1814 2094 1855 suum
2127 1798 2183 1852 ﬁ-

604 1888 733 1943 lium
792 1904 911 1945 esse
958 1890 1486 1961 Samuelem,quam
1537 1892 1731 1947 millies
1782 1908 1962 1963 regem
2017 1892 2181 1945 totius

604 1983 751 2037 orbis
781 1993 937 2038 terra:
962 1986 985 2038 ?
1015 1983 1083 2039 Et
1107 1985 1397 2055 quomodo,
1428 1986 1636 2055 inquit,
1672 1986 1786 2041 fieri
1816 1996 1991 2055 potest
2026 1995 2083 2041 ut
2110 1987 2181 2041 sit

603 2076 768 2129 talis?
795 2075 969 2143 Quare
996 2093 1103 2131 non
1132 2088 1306 2148 potest
1331 2079 1445 2134 fieri
1468 2078 1491 2132 ?
1517 2079 1779 2146 Quoniam
1807 2094 1911 2134 non
1945 2081 2048 2145 vis,
2079 2096 2179 2135 nec

602 2180 723 2219 eum
752 2167 916 2222 tradis
944 2169 1007 2222 iis
1038 2170 1125 2238 qui
1160 2178 1384 2239 possunt
1404 2186 1526 2225 eum
1550 2171 1706 2227 talem
1734 2170 1933 2227 facere.
1962 2171 2031 2226 Et
2058 2172 2178 2242 quis

600 2258 647 2311 is
674 2268 772 2323 est,
808 2259 1021 2329 inquit?
1052 2261 1191 2315 Deus
1218 2280 1231 2316 :
1262 2277 1382 2316 nam
1411 2262 1525 2332 ipsa
1555 2263 1707 2317 illum
1726 2263 1774 2318 ei
1802 2262 2037 2318 tradidit.
2063 2263 2173 2319 Ne-

599 2364 702 2417 que
741 2350 880 2404 enim
907 2350 1023 2405 Heli
1050 2362 1167 2405 erat
1192 2368 1256 2406 ex
1286 2352 1351 2406 iis
1372 2355 1462 2424 qui
1493 2353 1780 2409 admodum
1804 2362 2024 2424 possent
2048 2369 2171 2409 eum

599 2439 800 2509 fingere
825 2451 879 2494 et
904 2441 1191 2497 efformare
1223 2460 1235 2495 :
1270 2444 1539 2513 quomodo
1567 2446 1713 2500 enim
1744 2486 1759 2511 ,
1802 2446 1893 2515 qui
1920 2461 2019 2500 nec
2045 2460 2173 2500 suos

597 2528 769 2597 potuit
809 2530 945 2584 tilios
970 2532 993 2584 ?
1021 2531 1114 2586 sed
1160 2531 1292 2588 fides
1337 2533 1575 2589 mulieris
1618 2544 1673 2589 et
1715 2535 1962 2590 alacritas
2006 2535 2170 2591 animi

594 2630 763 2676 totum
793 2622 987 2706 effecit.
1021 2624 1257 2680 Primum
1287 2628 1495 2697 peperit
1524 2636 1581 2682 et
1602 2628 1800 2695 solum,
1830 2638 2005 2684 etnec
2033 2628 2171 2684 scie-

592 2712 685 2768 bat
711 2730 777 2769 an
806 2716 940 2771 alios
964 2728 1109 2773 esset
1138 2718 1392 2788 paritura.
1415 2718 1599 2790 Neque
1627 2720 1799 2786 dixit,
1832 2720 2169 2790 Exspectabo

589 2804 718 2858 dum
745 2817 952 2862 crescat
978 2809 1173 2876 infans,
1206 2819 1263 2865 ut
1291 2820 1469 2865 utatur
1496 2812 1659 2867 rebus
1685 2828 1804 2882 quae
1834 2812 1901 2867 ad
1928 2813 2063 2867 hanc
2084 2813 2165 2867 vi-

591 2905 701 2949 tam
728 2899 998 2965 pertinent
1031 2917 1043 2953 :
1071 2901 1362 2957 concedam
1395 2911 1451 2956 ut
1480 2904 1594 2973 ipse
1623 2918 1810 2973 parum
1842 2914 2086 2961 versetur
2111 2905 2163 2959 in

590 2997 749 3043 :ctate
789 2991 979 3060 puerili
1010 3010 1023 3044 :
1053 2992 1145 3047 sed
1192 2993 1275 3048 his
1305 2995 1552 3050 omnibus
1596 2997 1916 3065 propulsatis
1939 3037 1955 3061 ,
1986 2996 2037 3051 in
2065 2996 2166 3052 hoc

592 3078 708 3131 solo
739 3079 857 3143 fuit,
883 3082 1149 3150 quomodo
1171 3083 1237 3136 ab
1256 3084 1405 3138 initio
1423 3085 1596 3155 imago
1620 3086 1907 3155 spiritualis
1934 3086 2043 3142 Deo
2067 3086 2163 3142 de-

590 3168 858 3225 dicaretur
885 3173 961 3240 (l.
996 3171 1122 3242 Reg.
1156 3172 1236 3243 2).
1270 3173 1481 3228 Pudore
1504 3174 1800 3230 afficiantur
1829 3178 1926 3231 viri
1956 3176 2024 3232 de
2050 3193 2167 3232 mu-

589 3262 737 3316 lieris
784 3263 1115 3333 phi|050phia
1149 3282 1161 3317 :
1197 3282 1318 3320 eum
1355 3268 1461 3321 Deo
1488 3268 1721 3334 obtulit,
1770 3278 1824 3323 et
1867 3270 1973 3325 illic
2013 3270 2153 3325 sivit.

590 3352 885 3424 Propterea
904 3356 1062 3410 etiam
1081 3356 1413 3427 splendidius
1425 3358 1624 3413 factum
1646 3368 1729 3414 est
1743 3362 2161 3429 matrimonium,

588 3448 709 3516 quia
733 3448 879 3516 prius
897 3448 1189 3516 spiritualia
1218 3450 1485 3520 quaesivit,
1508 3450 1631 3520 quia
1645 3452 1839 3506 obtulit
1882 3453 2160 3522 primitias:

584 3549 865 3609 propterea
896 3538 1084 3595 fertilis
1114 3540 1210 3595 fuit
1239 3540 1355 3609 ejus
1383 3552 1565 3597 uterus
1589 3583 1603 3608 ,
1633 3552 1689 3598 et
1717 3543 1853 3598 alios
1884 3544 2065 3599 habuit
2087 3543 2153 3597 fl-

585 3630 688 3683 lios
720 3652 733 3684 :
766 3640 1047 3701 propterea
1090 3641 1145 3687 et
1176 3634 1227 3687 in
1260 3634 1459 3688 mundo
1486 3650 1608 3690 eum
1641 3636 1775 3690 vidit
1804 3634 2082 3690 ﬂorentem
2107 3646 2163 3691 et

583 3722 638 3775 in
667 3723 803 3777 bona
825 3740 946 3779 esse
964 3726 1383 3781 existimatione.
1409 3728 1461 3781 Si
1477 3729 1616 3782 enim
1644 3729 1888 3783 homines
1915 3729 2159 3785 honorati

583 3817 819 3870 vicissim
840 3818 1122 3883 honorant,
1141 3834 1321 3873 annon
1344 3820 1511 3873 multo
1528 3826 1697 3890 magis
1719 3822 1877 3887 Deus,
1896 3824 1982 3892 qui
2002 3824 2159 3877 etiam

585 3908 708 3962 licet
730 3923 834 3961 non
866 3909 1159 3962 honoratus
1188 3910 1288 3963 hoc
1315 3909 1483 3963 facit?
1515 3912 1805 3982 Quousque
1828 3929 2012 3971 sumus
2045 3932 2163 3971 car-

588 4001 725 4054 nes?
752 4015 1028 4070 quousque
1051 4003 1101 4055 in
1130 4011 1325 4057 terram
1348 4004 1731 4060 incurvamur?
1752 4007 1937 4063 Omnia
1960 4025 1989 4063 a
2009 4012 2162 4066 nobis

590 4102 975 4162 postponantur
996 4110 1141 4149 cura:
1170 4094 1399 4151 ﬁliorum
1423 4138 1438 4163 ,
1470 4107 1525 4153 et
1556 4114 1743 4154 eorum
1772 4101 2076 4158 etlucationi
2108 4106 2160 4159 in

588 4181 864 4252 disciplina
896 4194 949 4239 et
975 4186 1341 4243 admonitione
1372 4189 1601 4244 Domini.
1655 4191 1708 4247 Si
1748 4193 1815 4247 ab
1844 4194 1996 4249 initio
2022 4195 2160 4251 didi-

588 4275 723 4327 cerit
762 4289 882 4329 esse
922 4274 1270 4345 philosophus
1300 4318 1317 4343 ,
1348 4281 1632 4349 acquisivit
1676 4282 1889 4337 divitias
1932 4285 2162 4355 majores

588 4364 865 4433 quibusvis
884 4366 1104 4433 divitiis,
1135 4378 1190 4422 et
1217 4370 1575 4439 potentiorem
1601 4372 1849 4443 gloriam.
1871 4374 2014 4429 Nihil
2045 4385 2162 4431 tan-

584 4464 695 4510 tum
728 4456 927 4512 eﬂicies
955 4458 1157 4514 docens
1186 4469 1359 4517 artem
1386 4471 1441 4518 et
1477 4463 1811 4534 disciplinam
1843 4476 2117 4523 externam
2142 4510 2160 4535 ,

588 4562 683 4616 per
729 4566 887 4617 quam
934 4553 1175 4621 acquiret
1202 4552 1416 4610 divitias
1448 4596 1463 4620 ,
1498 4572 1657 4627 quam
1687 4559 1730 4613 si
1760 4574 1881 4614 eum
1912 4560 2161 4617 docueris

584 4651 753 4695 artem
786 4658 880 4711 per
904 4660 1062 4713 quam
1090 4645 1351 4714 deSpiciet
1381 4647 1617 4707 divitias.
1648 4651 1705 4705 Si
1737 4652 1869 4709 velis
1912 4669 2036 4709 eum
2075 4654 2160 4709 di-

588 4733 752 4788 vitem
778 4738 974 4799 facere,
999 4739 1075 4790 sic
1097 4736 1275 4791 facito.
1306 4738 1402 4793 Est
1429 4741 1571 4795 enim
1599 4742 1750 4797 dives
1773 4758 1878 4797 non
1909 4746 1997 4814 qui
2027 4746 2161 4800 mul-

585 4825 653 4877 tis
678 4832 799 4893 eget
826 4825 1025 4880 divitiis
1055 4867 1069 4889 ,
1107 4836 1161 4881 et
1186 4829 1367 4883 multis
1393 4838 1475 4884 est
1498 4830 1859 4889 circumdatus
1888 4875 1904 4901 ,
1935 4835 2030 4891 sed
2068 4838 2158 4905 qui

586 4915 783 4971 nullius
815 4917 1030 4988 indiget.
1061 4920 1172 4974 [loc
1198 4921 1333 4977 doce
1360 4921 1548 4988 lilium,
1583 4924 1684 4980 hoc
1709 4927 1861 4981 erudi
1891 4945 1903 4980 :
1936 4927 2019 4983 ha:
2050 4945 2165 4983 ma-

586 5006 743 5059 xima:
773 5017 895 5062 sunt
918 5008 1136 5064 divitias.
1170 5010 1247 5065 Ne
1273 5028 1482 5080 quaeras
1508 5016 1777 5083 quomodo
1802 5033 1925 5072 eum
1968 5019 2162 5074 reddas

583 5101 865 5157 ﬂorentem
888 5112 942 5156 et
969 5118 1173 5173 magna:
1194 5105 1602 5162 existimationis
1631 5110 1681 5163 in
1703 5109 1960 5164 doctrinis
1981 5120 2161 5166 exter-

584 5194 669 5249 nis
688 5235 704 5258 ,
732 5204 788 5250 et
814 5196 1004 5251 reddas
1034 5198 1200 5267 gloria
1226 5198 1521 5268 insignem;
1549 5199 1643 5255 sed
1669 5215 1797 5255 cura
1830 5210 1888 5255 ut
1913 5217 2035 5256 eum
2063 5202 2161 5258 do-

582 5300 705 5340 ceas
724 5286 1000 5355 despicere
1028 5288 1183 5358 hujus
1210 5288 1335 5343 vita:
1360 5290 1587 5360 gloriam
1620 5307 1634 5345 :
1665 5290 1788 5347 inde
1812 5291 1905 5345 ﬁet
1923 5292 2161 5361 splendi-

586 5378 705 5433 dior
732 5388 787 5433 et
815 5381 985 5449 gloria
1014 5382 1289 5436 illustrior.
1318 5383 1443 5437 Haec
1463 5393 1517 5438 et
1548 5386 1766 5453 pauperi
1792 5396 1846 5439 et
1868 5386 2016 5439 diviti
2039 5386 2163 5441 licet

582 5470 761 5525 facere
787 5490 798 5525 :
828 5472 941 5526 hmc
977 5489 1081 5527 non
1107 5488 1137 5527 a
1168 5474 1387 5530 doctore
1411 5476 1570 5530 discit
1595 5476 1788 5545 aliquis
1813 5516 1828 5541 ,
1862 5492 2036 5545 neque
2063 5492 2160 5546 per

581 5573 773 5629 artem,
803 5563 898 5619 sed
925 5580 1019 5634 per
1038 5565 1216 5621 divina
1238 5567 1466 5637 eloquia.
1494 5567 1610 5621 Non
1634 5583 1844 5637 quatras
1868 5578 1924 5622 ut
1951 5568 2160 5638 longam

582 5652 670 5709 hic
691 5656 831 5709 vivat
850 5657 1032 5722 vitam,
1053 5658 1148 5713 sed
1166 5666 1223 5713 ut
1246 5659 1351 5713 illic
1373 5658 1635 5713 infinitam
1657 5668 1710 5713 et
1734 5675 1852 5727 qua:
1870 5675 2161 5730 numquam

581 5749 810 5804 desinat.
841 5750 1026 5821 Magna
1071 5752 1147 5807 illi
1192 5754 1512 5823 largire,non
1541 5768 1701 5824 parva
1730 5772 1744 5809 :
1774 5753 1899 5809 audi
1930 5753 2156 5809 Paulum

582 5839 847 5899 dicentem
870 5883 886 5909 ,
918 5842 1144 5901 Educate
1170 5861 1255 5901 eos
1294 5846 1349 5899 in
1396 5846 1667 5916 disciplina
1713 5856 1762 5901 et
1804 5846 2159 5903 admonitione

1317 399 1373 456 S.
1411 397 1686 456 JOANNIS
1719 394 2191 455 CHRYSOSTOMI
2226 394 2542 454 ARCIIIEP.
2580 399 3109 462 CONSTANTINOP.

2310 510 2536 567 Domini.
2567 515 2643 569 Ne
2680 519 2911 574 studium
2940 536 3104 606 ponas
3150 533 3205 577 ut
3231 539 3353 580 eum
3381 528 3525 588 facias
3548 547 3773 609 oratorem,

2303 602 2397 694 sed
2424 604 2573 658 erudi
2600 615 2657 660 ut
2681 609 2751 661 sit
2773 597 3145 681 philosophus.
3167 613 3298 669 Nam
3320 618 3365 671 si
3390 619 3505 675 illud
3522 626 3690 694 quidem

2302 693 2408 761 sit,
2442 694 2573 752 nihil
2615 708 2699 753 est
2744 699 2921 756 damni
2950 718 2966 766 ;
2996 704 3039 758 si
3095 704 3196 759 hoc
3221 716 3395 763 autem
3430 712 3588 780 absit,
3632 726 3774 783 nullum

2300 785 2402 839 erit
2450 787 2657 844 lucrum
2700 791 2984 849 rhetoricae
3013 799 3355 864 quantumvis
3381 802 3561 859 multa.
3587 806 3698 878 Opus
3720 828 3773 873 est

2300 877 2557 945 moribus,
2581 895 2685 935 non
2714 881 2924 939 dicendi
2952 886 3201 943 facultate
3231 906 3245 953 ;
3276 890 3397 945 vita:
3423 877 3682 965 modestia,
3704 921 3772 961 non

2301 968 2555 1024 orationis
2596 972 2932 1031 vehementia
2960 992 2976 1042 ;
3008 976 3162 1033 factis
3184 1020 3200 1046 ,
3233 995 3341 1034 non
3370 983 3552 1040 verbis.
3588 988 3685 1047 Haec
3712 1011 3769 1051 re.

2294 1073 2456 1128 gnum
2498 1064 2785 1119 conciliant
2814 1107 2829 1131 ,
2863 1066 2978 1123 haec
3006 1068 3211 1124 donant
3237 1071 3396 1126 etiam
3424 1089 3532 1144 qua
3558 1091 3657 1134 sunt
3687 1100 3771 1142 vere

2295 1148 2452 1203 bona.
2480 1150 2557 1206 Ne
2586 1152 2819 1223 linguam
2844 1171 3029 1225 acuas,
3056 1159 3153 1215 sed
3174 1176 3436 1233 expurges
3459 1168 3671 1224 animam.
3692 1173 3768 1231 Non

2294 1238 2407 1294 hac
2444 1241 2565 1297 dico
2596 1244 2883 1312 prohibens
2910 1249 3147 1318 erudire,
3170 1253 3265 1308 sed
3292 1254 3564 1324 prohibens
3584 1262 3668 1315 illis
3685 1267 3770 1323 solis

2290 1330 2545 1388 adhibere
2572 1337 2828 1392 animum.
2858 1338 2935 1395 Ne
2964 1342 3239 1399 existimes
3267 1345 3407 1415 quod
3427 1348 3546 1403 solis
3571 1358 3768 1412 monachis

2290 1434 2424 1489 Opus
2444 1424 2513 1478 sit
2538 1424 2622 1480 his
2641 1426 2996 1496 documentis,
3010 1446 3127 1501 qua:
3147 1445 3426 1490 sumuntur
3444 1453 3504 1492 ex
3524 1438 3768 1509 Scripturis:

2288 1517 2516 1573 maxime
2545 1521 2686 1574 enim
2718 1520 2801 1577 his
2824 1539 2955 1595 opus
2975 1535 3059 1581 est
3088 1527 3151 1581 iis
3173 1530 3371 1598 pueris,
3404 1533 3487 1602 qui
3506 1540 3675 1590 venturi
3690 1553 3767 1598 sunt

2287 1607 2351 1661 ad
2381 1608 2518 1664 hanc
2546 1614 2729 1669 mundi
2756 1616 2940 1671 vitam.
2982 1618 3053 1674 Ut
3079 1621 3223 1675 enim
3254 1624 3403 1677 navis
3427 1625 3767 1688 instructionem

2284 1700 2637 1767 gubernatore
2665 1714 2720 1760 et
2749 1716 3028 1765 nautarum
3065 1711 3212 1781 justo
3241 1722 3295 1768 et
3320 1717 3577 1786 completo
3614 1737 3766 1780 numero

2284 1806 2387 1846 non
2416 1793 2611 1865 indiget
2640 1796 2686 1851 is
2712 1800 2799 1869 qui
2828 1812 3084 1871 perpetuo
3109 1815 3216 1859 stat
3242 1805 3296 1859 in
3323 1816 3476 1876 portu
3499 1850 3513 1874 ,
3556 1812 3634 1866 sed
3658 1815 3691 1867 is
3710 1820 3765 1885 qui

2280 1896 2493 1953 semper
2520 1898 2763 1944 versatur
2789 1892 2841 1946 in
2870 1895 3004 1948 mari
3048 1912 3062 1948 :
3107 1896 3179 1951 ita
3209 1898 3371 1953 etiam
3412 1901 3675 1959 mundanus
3706 1922 3765 1962 seu

2280 1978 2551 2033 saecularis
2597 1989 2652 2036 et
2696 1986 3009 2041 monachus.
3041 1986 3173 2043 Nam
3215 1989 3304 2045 hic
3342 1992 3550 2062 quidem
3573 2006 3641 2049 est
3659 1999 3767 2053 veluti

2279 2068 2331 2121 in
2382 2081 2535 2137 portu
2578 2088 2741 2143 agens
2788 2075 2951 2131 vitam
3001 2080 3161 2134 nullis
3199 2082 3452 2151 agitatam
3477 2084 3768 2150 fluctibus.et

2277 2162 2458 2227 procul
2486 2176 2516 2215 a
2544 2166 2768 2233 negotiis
2797 2207 2811 2230 ,
2846 2177 2899 2221 et
2927 2168 2995 2222 ab
3024 2172 3171 2224 omni
3204 2174 3440 2240 procella
3470 2175 3689 2230 liberam:
3713 2180 3768 2232 ille

2284 2258 2460 2305 autem
2488 2263 2746 2323 perpetuo
2773 2258 2881 2327 agit
2905 2260 2957 2313 in
2990 2261 3177 2331 pelago
3206 2273 3261 2317 et
3286 2265 3339 2317 in
3370 2266 3545 2321 medio
3566 2271 3671 2322 mari
3692 2286 3769 2324 ver-

2274 2354 2421 2399 satur
2446 2360 2462 2410 ;
2492 2362 2611 2401 cum
2641 2350 2822 2406 multis
2860 2353 3035 2423 iisque
3081 2356 3388 2427 iungentibus
3408 2375 3627 2431 pugnans
3649 2363 3767 2419 ﬂucti-

2272 2433 2389 2495 bus.
2419 2444 2473 2490 et
2500 2437 2545 2491 si
2577 2438 2690 2508 ipse
2720 2456 2826 2495 non
2854 2457 2989 2512 opus
3018 2444 3181 2502 habet
3205 2487 3221 2512 ,
3252 2460 3498 2518 paratum
3524 2461 3771 2511 tamenetse

2271 2534 2482 2595 oportet
2506 2536 2562 2582 ut
2580 2530 2805 2586 aliorum
2838 2534 3055 2604 linguas
3075 2537 3339 2593 obstruat.

2341 2620 2395 2674 5.
2426 2620 2571 2675 Αυιω
2596 2623 2747 2692 regia:
2768 2626 3339 2694 vilia.—Quamobrem
3361 2647 3469 2699 quo
3489 2633 3629 2687 fuerit
3648 2633 3688 2689 in
3706 2634 3769 2689 hac

2269 2711 2373 2764 vita
2397 2713 2611 2782 majoris
2630 2716 3036 2774 existimationis
3058 2762 3073 2786 ,
3102 2736 3168 2776 eo
3196 2724 3369 2793 magis
3394 2726 3444 2779 ei
3473 2740 3595 2794 opus
3617 2738 3683 2780 est
3706 2727 3769 2781 hac

2268 2800 2720 2859 eruditione.Nam
2738 2809 2835 2861 etsi
2858 2808 3029 2864 alatur
3046 2810 3097 2865 in
3114 2812 3234 2867 aula
3251 2814 3417 2883 regia,
3440 2817 3580 2869 multi
3594 2826 3693 2870 sunt
3703 2818 3770 2871 illic

2267 2900 2322 2945 et
2336 2892 2506 2949 Graeci
2519 2906 2572 2950 et
2588 2896 2911 2969 philosophi,
2924 2911 2979 2956 et
2989 2901 3057 2955 ob
3072 2913 3390 2973 prmsentem
3402 2906 3609 2976 gloriam
3624 2907 3767 2969 tumidi.

2268 2992 2537 3056 tamquam
2560 2989 2611 3042 in
2639 2989 2758 3045 loco
2777 2992 2867 3060 qui
2886 2993 2955 3047 sit
2970 2994 3205 3062 repletus
3221 2995 3545 3066 hydropicis.
3564 2997 3670 3051 Tale
3687 2998 3770 3066 quid

2266 3086 2349 3132 est
2364 3078 2482 3133 aula
2500 3081 2643 3150 regia
2666 3097 2681 3134 :
2706 3096 2893 3138 omnes
2914 3095 3038 3139 sunt
3055 3085 3218 3140 inflati
3235 3095 3291 3141 et
3316 3088 3537 3155 tumidi;
3557 3089 3633 3157 qui
3649 3100 3770 3142 autem

2267 3185 2374 3225 non
2403 3181 2546 3237 sunt,
2574 3172 2806 3228 studium
2834 3184 3037 3244 ponunt
3062 3186 3118 3232 ut
3147 3178 3295 3233 ﬁant.
3318 3176 3504 3249 Cogita
3528 3194 3640 3250 ergo
3659 3194 3772 3250 quan-

2266 3270 2379 3316 tum
2395 3263 2485 3328 sit,
2504 3263 2669 3318 filium
2697 3273 2844 3319 tuum
2875 3266 2999 3323 illuc
3020 3267 3337 3337 ingressum,
3358 3269 3561 3339 ingredi
3574 3281 3771 3338 tamquam

2264 3354 2522 3423 optimum
2551 3365 2604 3409 et
2632 3358 3135 3425 praestantissimum
3179 3359 3473 3429 medicum,
3500 3376 3611 3416 cum
3638 3360 3774 3414 instru-

2263 3447 2456 3500 mentis
2479 3462 2599 3516 quze
2628 3449 2831 3517 possint
2852 3449 3266 3520 uniuscujusque
3295 3459 3557 3506 tumorem
3602 3449 3774 3517 compri-
3860 3502 3861 3519 ξ

2264 3551 2411 3591 mere
2431 3577 2446 3601 ,
2475 3546 2531 3592 et
2558 3538 2624 3592 ad
2652 3554 3086 3611 unumquemque
3111 3542 3374 3597 accedere
3399 3552 3454 3597 et
3481 3542 3723 3605 disserere,
3741 3545 3776 3592 et
3860 3542 3861 3581 ἒ

2262 3641 2455 3696 corpus
2476 3628 2615 3697 quod
2645 3628 2848 3684 laborat
2872 3646 3058 3685 sanum
3088 3630 3263 3687 facere
3282 3673 3297 3699 ,
3327 3633 3691 3687 medicamenta
3712 3630 3775 3682 im.

2263 3728 2547 3786 ponentem
2576 3736 2641 3775 ex
2672 3721 2979 3792 Scripturis,
3004 3733 3059 3778 et
3085 3724 3438 3794 philosophia:
3483 3723 3776 3779 infundentem

2264 3810 2447 3864 verba.
2477 3811 2764 3866 Monachus
2791 3814 2931 3867 enim
2963 3828 3082 3867 cum
3111 3829 3217 3884 quo
3248 3815 3519 3870 disseret?
3542 3830 3647 3869 cum
3672 3826 3777 3866 muro
3858 3868 3859 3891 ξ

2262 3910 2317 3955 et
2341 3902 2522 3957 tecto?
2546 3919 2611 3957 an
2634 3919 2754 3959 cum
2786 3904 3011 3959 desertis
3034 3916 3089 3959 et
3114 3906 3462 3961 nemoribus?
3486 3922 3549 3961 an
3576 3921 3677 3961 cum
3700 3903 3776 3957 avi-

2264 3994 2362 4049 bus
2390 4006 2444 4050 et
2468 3996 2785 4051 arboribus?
2814 3998 3085 4067 Ejusmodi
3112 4014 3240 4069 ergo
3266 4000 3513 4054 doctrina
3537 4016 3631 4054 non
3650 4006 3712 4053 est
3726 3996 3774 4049 illi

2264 4088 2547 4143 admodum
2592 4092 2929 4156 necessaria;
2977 4100 3201 4146 conatur
3232 4101 3415 4147 tamen
3458 4092 3557 4147 hac
3590 4090 3637 4147 in
3670 4105 3715 4145 re
3735 4102 3774 4142 se

2264 4190 2407 4235 recte
2436 4195 2643 4250 gerere,
2676 4197 2781 4236 non
2810 4194 2867 4236 ut
2892 4183 3026 4237 alios
3057 4190 3260 4237 tantum
3286 4183 3523 4252 erudiat,
3552 4180 3637 4237 sed
3661 4190 3704 4235 ut
3722 4194 3779 4233 se

2265 4273 2457 4341 ipsum.
2484 4272 2594 4327 Hac
2617 4288 2744 4343 ergo
2767 4273 3009 4328 doctrina
3036 4275 3265 4328 maxime
3294 4289 3434 4345 opus
3463 4284 3544 4329 est
3566 4272 3640 4339 iis,
3658 4270 3725 4343 qui
3745 4268 3780 4322 in

2267 4363 2364 4417 hac
2393 4364 2498 4417 vita
2521 4372 2800 4418 versantur
2832 4381 2848 4419 :
2875 4365 2977 4419 iste
3004 4365 3148 4419 enim
3180 4365 3441 4434 peccandi
3468 4366 3701 4435 majorem
3720 4362 3781 4415 lu-

2263 4454 2355 4510 bet
2387 4455 2760 4510 necessitatem
2785 4469 2943 4525 quam
2970 4456 3079 4511 ille.
3107 4454 3165 4511 Si
3185 4455 3267 4511 vis
3288 4465 3472 4535 autem
3501 4465 3777 4527 cognoscat.

2262 4546 2420 4600 etiam
2448 4545 2503 4600 in
2530 4545 2728 4601 mundo
2750 4546 2867 4616 ipso
2891 4546 2995 4601 erit
3019 4548 3216 4617 aptior.
3241 4546 3447 4603 Omnes
3467 4548 3604 4605 enim
3626 4560 3683 4601 ex
3702 4556 3781 4595 m-

2266 4639 2346 4693 bis
2371 4639 2474 4692 illis
2499 4654 2623 4693 eum
2650 4640 3056 4705 reverebuntur,
3084 4638 3301 4709 quando
3326 4639 3564 4695 viderint
3588 4639 3726 4709 ipsum
3744 4632 3777 4685 in

2264 4729 2384 4800 igne
2406 4745 2512 4784 non
2538 4733 2642 4795 uri,
2665 4746 2838 4802 neque
2866 4732 3217 4801 principatum
3262 4731 3639 4801 concupiscere
3663 4744 3676 4779 :
3696 4734 3781 4778 tunc

2263 4824 2423 4878 etiam
2465 4823 2612 4877 illum
2664 4833 3041 4895 consequetur,
3070 4823 3285 4894 quando
3310 4839 3422 4879 non
3448 4817 3785 4891 concupieritet

2263 4914 2375 4984 regi
2407 4914 2511 4969 erit
2542 4914 2710 4984 magis
2737 4915 3081 4971 reverendus.
3122 4914 3239 4970 Non
3269 4925 3454 4985 potest
3481 4914 3617 4971 enim
3641 4910 3731 4966 ﬁeri
3753 4914 3790 4959 ut

2264 5009 2310 5063 is
2338 5010 2514 5065 lateat.
2543 5008 2676 5063 Nam
2701 5010 2834 5063 inter
2851 5008 3049 5063 multos
3076 5022 3238 5062 sanos
3260 5008 3450 5063 latebit
3476 5008 3520 5062 is
3543 5004 3625 5075 qui
3647 5012 3711 5058 est
3730 5014 3788 5051 sa-

2266 5115 2387 5166 nus,
2414 5101 2553 5154 inter
2582 5099 2777 5154 multos
2800 5110 2978 5155 autem
3016 5108 3245 5169 aegrotos
3282 5098 3503 5169 quando
3535 5096 3679 5151 luerit
3698 5100 3792 5146 unus

2264 5208 2449 5258 sanus,
2476 5193 2584 5247 cito
2634 5193 2794 5246 etiam
2838 5191 2980 5245 fama
3025 5191 3298 5261 perveniet
3322 5190 3393 5245 ad
3424 5205 3581 5244 aures
3603 5185 3731 5255 regis.
3754 5189 3789 5234 ει

2267 5286 2521 5358 prmﬁciet
2564 5299 2684 5339 eum
2731 5284 2914 5337 multis
2960 5282 3225 5353 gentibus.
3253 5281 3384 5336 Hmc
3430 5294 3559 5351 ergo
3598 5278 3794 5332 scienlcS.

2266 5381 2487 5434 edueate
2514 5378 2651 5432 filios
2677 5380 2730 5431 in
2756 5376 3037 5446 disciplina
3059 5384 3115 5431 et
3133 5374 3503 5429 admonitione
3531 5366 3731 5425 Domini.
3754 5363 3798 5413 At

2264 5481 2345 5526 est
2370 5471 2633 5542 quispiam
2663 5470 2905 5539 pauper?
2931 5470 3010 5525 Sit
3053 5469 3244 5523 iterum
3295 5482 3537 5537 pauper;
3565 5462 3651 5518 sed
3678 5455 3799 5512 nihilo

2266 5576 2347 5621 est
2378 5565 2532 5618 vilior
2559 5574 2611 5618 et
2636 5563 2895 5633 abjectior
2923 5579 2988 5617 eo
3016 5561 3108 5632 qui
3133 5570 3373 5616 versatur
3414 5560 3472 5614 in
3512 5557 3673 5627 regia.
3706 5561 3794 5603 cum

2267 5674 2372 5713 non
2393 5658 2462 5712 sit
2483 5657 2533 5710 in
2557 5656 2729 5726 regia;
2754 5656 2849 5711 sed
2878 5654 3155 5710 habebitur
3175 5653 3230 5707 in
3250 5650 3627 5711 admiratione,
3650 5652 3696 5699 et
3718 5641 3795 5695 cito

2263 5751 2440 5807 veniet
2480 5750 2641 5806 etiam
2680 5749 2748 5805 ad
2789 5749 3182 5819 principatum,
3210 5746 3300 5817 qui
3346 5752 3437 5813 est
3482 5736 3804 5798 voluntarius.

2268 5862 2374 5901 non
2400 5855 2584 5901 autem
2614 5844 2702 5915 qui
2737 5842 2895 5898 datur
2922 5841 3202 5899 electione.
3234 5839 3290 5898 Si
3315 5839 3469 5897 enim
3494 5832 3657 5895 Graeci
3679 5872 3694 5898 ,
3716 5836 3808 5884 cum
