3960 6542
133 462 214 520 151

130 573 329 637 παιδία;
377 573 477 628 Διά
525 590 608 628 τοι
639 573 794 629 τοῦτο
837 576 1043 647 πρῶτοι
1094 578 1201 631 τῶν
1245 579 1474 651 καρπῶν
1513 580 1673 649 ἡμεῖς

130 660 478 731 ἀπολαύομεν,
512 660 754 731 θρασεῖς,
786 663 1140 727 ἀκολάστους.
1173 665 1444 729 ἀπειθεῖς,
1483 665 1681 736 βαναύ-

131 766 237 810 σους
264 750 617 817 ἐκτρέφοντες
639 750 765 812 τοὺς
795 751 1005 813 παῖδας.
1026 752 1116 821 Μὴ
1135 752 1316 805 τοίνυν
1339 752 1498 805 τοῦτο
1519 754 1682 806 ποιῶ-

132 853 236 906 μεν,
262 834 397 889 ἀλλά
426 834 742 905 πειθώμεθα
767 836 845 906 τῷ
869 839 1124 909 μακαρίῳ
1155 839 1331 908 τούτῳ
1352 839 1681 909 παραινοῦν-

127 939 196 976 τι·
234 922 587 993 ἐκτρέφωμεν
618 922 758 976 αὐτὰ
782 925 839 975 ἐν
854 925 1070 997 παιδείᾳ
1084 927 1175 979 καὶ
1193 926 1442 997 νουθεσίᾳ
1454 926 1681 996 Κυρίουσ

129 1008 291 1079 δῶμεν
318 1010 501 1073 αὐτοῖς
530 1010 854 1081 ὑπόδειγμα,
886 1012 951 1065 ἐκ
989 1012 1214 1083 πρώτης
1238 1014 1456 1085 ἡλικίας
1483 1016 1550 1084 τῇ
1575 1013 1683 1066 τῶν

130 1096 343 1167 Γραφιῖω
395 1096 696 1165 ἀναγνώσει
747 1098 1023 1162 ποιοῦντες
1071 1100 1267 1163 αὐτοὺς
1320 1099 1679 1170 ἐνσχολάζειν.

130 1185 308 1254 Οῖμοιί
336 1185 418 1237 ὅτι
446 1185 681 1253 συνεχῶς
710 1184 883 1240 ταῦτα
920 1186 1114 1254 λέγων,
1147 1187 1335 1258 ληρεῖν
1369 1185 1681 1258 νομίζομαι·

130 1271 254 1341 πλὴν
285 1271 398 1324 ἀλλ’
424 1272 576 1341 ὅμως
608 1271 668 1324 ού
699 1272 974 1343 παύσομαι
1007 1274 1069 1327 τὸ
1098 1274 1339 1344 ἐμαυτοῦ
1372 1274 1559 1328 ποιῶν.
1592 1272 1685 1326 Τί-

130 1376 205 1421 νος
238 1359 442 1419 ἕνεκεν,
490 1358 613 1411 εἰπέ
639 1375 754 1428 μοι,
801 1361 864 1412 ού
914 1361 1168 1430 μιμεῖσθε
1211 1362 1339 1424 τοὺς
1381 1360 1680 1425 παλαιούς;

128 1445 365 1501 Μάλιστα
396 1447 553 1515 ὑμεῖς
582 1447 635 1499 αί
678 1448 953 1513 γυναῖκες,
986 1449 1085 1511 τὰς
1123 1449 1443 1518 θαυμαστὰς
1473 1449 1682 1513 ἐκείνας

130 1537 381 1603 γυναῖκας
415 1532 715 1602 ζηλώσατε.
756 1533 979 1604 Ἐτέχθη
1019 1535 1082 1588 16
1132 1536 1377 1599 παιδίονς
1431 1535 1682 1605 Μίμησαι

128 1621 213 1692 τὴν
233 1622 453 1673 ’Ἀνναν⁸
480 1620 760 1691 κατάμαθε
779 1620 833 1673 τί
856 1620 1155 1692 πεποίηκεν
1180 1622 1383 1693 ἐκείνη·
1410 1623 1683 1693 ἀνήγαγεν

125 1707 281 1763 αὐτὸν
317 1706 514 1770 εὐθέως
544 1710 623 1770 είς
652 1710 740 1760 τὸν
770 1708 914 1761 ναόν.
948 1708 1044 1771 Τίς
1079 1707 1233 1778 ὑμῶν
1267 1709 1367 1762 ούκ
1397 1708 1464 1763 ἀν
1494 1705 1685 1778 ἐθελή-

126 1811 232 1848 σειε
260 1794 510 1865 Σαμουὴλ
541 1793 631 1847 τὸν
662 1795 773 1847 υίὸν
798 1794 888 1847 τὸν
914 1794 1110 1848 ἑαυτοῦ
1154 1794 1301 1860 ἅπαξ
1339 1795 1614 1865 γενέσθαι.
1648 1795 1682 1864 ἢ

124 1882 384 1952 μυριάκις
414 1881 633 1951 βασιλέα
655 1881 755 1951 τῆς
782 1882 1103 1953 οἰκουμένης
1145 1882 1396 1960 611601145
1422 1883 1533 1936 Καὶ
1569 1882 1686 1945 πῶς

122 1971 365 2029 δυνατὸν,
395 1969 546 2039 φησὶ,
584 1970 835 2036 γενέσθαι
864 1970 1134 2034 τοιοῦτον;
1185 1970 1283 2023 Διὰ
1314 1970 1366 2022 τί
1415 1970 1490 2040 μὴ
1528 1969 1686 2023 δυνα-

120 2056 247 2121 τόν;
281 2056 405 2108 Ὀτι
435 2057 494 2107 ού
522 2056 693 2119 θέλεις
710 2097 725 2119 ,
757 2057 876 2109 ούδέ
904 2056 1207 2127 παραδίδως
1232 2059 1345 2119 τοῖς
1370 2056 1686 2126 δυναμένοις

122 2143 276 2197 αὐτὸν
319 2144 540 2213 ποιῆσαι
578 2144 834 2197 τοιοῦτον.
881 2144 992 2198 Καὶ
1020 2144 1102 2207 τίς
1132 2144 1371 2207 τοιοῦτός
1412 2145 1547 2208 ἐστι,
1580 2161 1687 2215 φη-

125 2232 226 2295 σίν;
273 2231 336 2284 ’0
359 2230 513 2293 856;~
548 2232 670 2284 ἐπεὶ
691 2231 921 2300 κάκείνη
952 2230 1101 2301 αύτῷ
1136 2230 1300 2284 αὑτὸν
1340 2231 1685 2303 ἐνεχείρισεν.

122 2319 247 2373 Οὐδέ
274 2319 390 2389 γάρ
421 2322 450 2373 6
488 2319 635 2372 Ἠλεὶ
654 2319 761 2372 τῶν
787 2319 990 2389 σφόδρα
1018 2319 1330 2389 δυναμένων
1357 2319 1519 2371 αὑτὸν
1550 2318 1686 2372 πλά-

124 2424 207 2461 σαι
244 2403 338 2477 ἦνο
375 2406 497 2470 πῶς
536 2407 665 2477 γὰρ,
698 2409 728 2459 6
761 2407 898 2477 μηδὲ
924 2406 1051 2469 τοὺς
1098 2407 1247 2469 υἱοὺς
1284 2404 1530 2476 δυνηθεὶς
1560 2406 1689 2468 τοὺς

119 2493 348 2559 ἑαυτοῦ,
379 2494 495 2547 ἀλλ’
526 2497 559 2564 ὴ
596 2493 774 2555 πίστις
801 2494 902 2563 τῆς
930 2493 1185 2561 γυναικὸς
1218 2494 1310 2546 καὶ
1341 2492 1374 2565 ὴ
1411 2492 1687 2563 προθυμία

118 2583 176 2636 16
205 2582 345 2635 αὐτὸ
385 2581 701 2652 είργάσατο.
743 2580 967 2652 Πρῶτον
1017 2580 1193 2646 ἔτεκε,
1232 2581 1329 2634 καὶ
1379 2582 1559 2650 μόνον,
1593 2581 1688 2633 καὶ

115 2669 224 2722 οὐδὲ
249 2670 375 2739 ᾔδει
409 2670 457 2720 εί
483 2669 575 2721 καὶ
602 2668 820 2740 ἐτέρους
842 2666 1075 2732 τέξεται.
1092 2668 1202 2722 Καὶ
1219 2668 1319 2721 οὐκ
1338 2663 1510 2721 εἶπεν
1540 2668 1687 2720 Ανα-

118 2756 283 2827 μείνω
308 2754 611 2827 αὐξηθῆναι
642 2755 703 2808 τὸ
736 2754 968 2817 παιδίον,
991 2754 1077 2807 ἵνα
1098 2755 1388 2824 πράγμασι
1421 2755 1687 2824 χρήσηται

113 2843 412 2914 βιωτικοῖςσ
446 2844 784 2914 συγχωρήσω
827 2842 988 2895 αὐτὸν
1030 2841 1227 2912 μικρὸν
1253 2842 1585 2913 ἐνδιατρίψαι
1619 2844 1685 2913 τῇ

112 2931 343 3001 παιδικῇ
372 2930 557 3001 ἡλικίᾳ
576 2946 591 2961 ’
627 2929 761 2983 ἀλλὰ
787 2929 965 2983 πάντα
1001 2927 1172 2981 ταῦτα
1205 2930 1238 3000 ὴ
1268 2929 1404 2999 γυνὴ
1434 2946 1687 3000 παρωσαο

107 3019 270 3090 μένη,
296 3019 423 3082 ἐνὸς
454 3016 616 3089 μόνου
645 3020 853 3085 γέγονε,
884 3016 1002 3081 πῶς
1030 3018 1095 3070 ἐκ
1115 3017 1412 3087 προοιμίων
1440 3018 1502 3070 16
1522 3018 1689 3087 ἄγαλ-

109 3125 183 3177 μα
205 3108 266 3161 τὸ
298 3107 670 3178 πνευματικὸν
695 3107 868 3177 ἀναθῇ
892 3104 968 3176 τῷ
997 3104 1138 3176 Θεῷ.
1171 3105 1600 3175 Αίσχυνθῶμεν,
1634 3105 1686 3159 οἱ

103 3197 327 3269 ἄνδρες,
370 3200 471 3268 τῆς
501 3198 755 3265 γυναικὸς
769 3196 867 3267 τὴν
882 3194 1217 3266 φιλοσοφίανο
1254 3195 1553 3266 ἀνήνεγκεν
1584 3197 1688 3249 αὑ-

100 3286 193 3338 τὸν
220 3284 306 3355 τῷ
344 3283 486 3354 Θεῷ,
518 3285 613 3337 καὶ
643 3284 758 3337 ἐκεῖ
796 3282 968 3337 εἴασε.
1015 3282 1115 3337 Διά
1150 3281 1308 3336 τοῦτο
1335 3285 1429 3337 καὶ
1455 3287 1484 3337 6
1510 3284 1688 3355 γάμος

99 3373 325 3443 ἐγένετο
370 3372 768 3441 λαμπρότερος,
804 3369 992 3441 ἐπειδὴ
1035 3369 1301 3441 πρότερον
1330 3371 1398 3424 τά
1439 3386 1688 3443 πνευμα-

98 3461 225 3514 τικά
254 3460 554 3531 ἐζήτησεν,
598 3458 784 3529 ἐπειδὴ
834 3458 931 3527 τὴν
986 3460 1237 3529 ἀπαρχὴν
1291 3458 1543 3529 ἀνέθηκε·
1599 3459 1689 3514 διὰ

97 3546 255 3597 τοῦτο
291 3542 531 3615 εὔφορος
567 3544 735 3612 αὐτῆς
761 3542 983 3610 γέγονεν
1012 3544 1046 3612 ἡ
1080 3541 1311 3612 γαστὴρ,
1339 3542 1434 3596 καὶ
1466 3543 1688 3614 ἐτέρους

96 3635 381 3702 ἐκτήσατο
407 3632 621 3694 παῖδας
655 3631 743 3683 διὰ
777 3630 934 3683 τοῦτο
976 3632 1070 3683 καὶ
1104 3632 1161 3683 ἐν
1191 3630 1268 3700 τῷ
1317 3631 1506 3701 κόσμῳ
1548 3630 1686 3685 εἶδεν

93 3721 524 3793 εὖδοκιμοῦντα.
562 3722 623 3772 Εἰ
665 3719 772 3789 γὰρ
811 3719 1085 3790 ἄνθρωποι
1128 3717 1429 3789 τιμώμενοι
1481 3722 1687 3775 ἀντιτι-

95 3809 307 3879 μῶσιν,
346 3810 407 3861 οὐ
443 3807 621 3876 πολλῷ
674 3805 870 3876 μᾶλλον
914 3808 942 3858 6
992 3806 1143 3869 Θεὸς,
1187 3807 1216 3858 6
1260 3807 1354 3858 καὶ
1388 3809 1557 3878 χωρὶς
1592 3810 1686 3862 τοῦ

89 3899 407 3968 τιμηθῆναι
435 3896 593 3948 τοῦτο
618 3894 814 3958 ποιῶνς
854 3894 1030 3963 Μέχρι
1060 3894 1205 3955 τίνος
1233 3894 1403 3964 ἐσμὲν
1445 3896 1646 3967 σάρκες
1670 3915 1684 3963 ;

89 3978 263 4051 μέχρι
294 3977 445 4038 τίνος
479 3977 571 4027 ἐπὶ
599 3975 699 4043 γῆς
744 3972 1054 4042 κύπτομεν;
1090 3971 1275 4025 Πάντα
1304 3974 1431 4043 ἡμῖν
1459 3974 1689 4046 δεύτερα

90 4062 235 4113 έστω
267 4062 378 4129 τῆς
417 4058 673 4129 προνοίας
698 4056 807 4108 τῶν
841 4054 1067 4117 παίδων,
1103 4056 1196 4107 καὶ
1246 4056 1339 4108 τοῦ
1380 4058 1438 4108 ἐν
1470 4058 1688 4130 παιδείᾳ

90 4145 189 4197 καὶ
244 4144 510 4212 νουθεσίᾳ
560 4139 765 4208 Κυρίου
813 4137 953 4191 αὐτὰ
988 4137 1368 4208 ἐκτρέφεσθαι.
1399 4140 1494 4191 Ἂν
1541 4141 1688 4213 μάθῃ

89 4228 401 4295 φιλόσοφος
438 4220 581 4278 εῖναι
614 4226 679 4277 ἐκ
730 4223 1072 4294 προοιμίων,
1133 4222 1365 4276 πλοῦτον
1422 4226 1691 4297 ἐκτήσατο

87 4313 313 4376 παντὸς
364 4312 593 4365 πλούτου
646 4310 899 4380 μείζονα,
946 4310 1040 4364 καὶ
1092 4306 1249 4373 δόξαν
1290 4311 1687 4381 δυνατωτέραν.

83 4403 273 4453 Οὐδὲν
328 4400 578 4452 τοσοῦτον
606 4398 814 4468 ἐργάσῃ
857 4396 1053 4466 τέχνην
1083 4396 1351 4450 διδάσκων
1395 4399 1555 4452 αὐτὸν
1595 4401 1691 4468 καὶ

82 4487 372 4540 παιδείαν
402 4487 498 4554 τὴν
530 4484 745 4549 ἔξωθεν,
774 4484 843 4537 δι’
866 4478 933 4556 ἦς
967 4486 1225 4554 χρήματα
1256 4486 1539 4556 κτήσεται,
1568 4488 1690 4539 ὅσον

76 4578 193 4629 ἐὰν
232 4574 465 4643 διδάξῃς
497 4573 654 4626 αὑτὸν
686 4573 911 4645 τέχνην.
960 4572 1026 4625 δι’
1064 4567 1131 4643 ἦς
1180 4574 1477 4644 χρημάτων
1520 4592 1691 4627 κατα-

78 4664 405 4732 φρονήσει.
456 4661 516 4713 Εί
560 4660 736 4730 βούλει
781 4661 1003 4731 ποιῆσαι
1043 4660 1205 4713 αὐτὸν
1246 4660 1522 4723 πλούσιον,
1548 4662 1691 4717 οὕτω

74 4750 364 4821 ποίησον.
401 4747 659 4810 Πλούσιος
686 4746 794 4817 γάρ
821 4747 919 4817 οὐχ
950 4748 979 4799 6
1009 4745 1219 4800 πολλῶν
1247 4746 1545 4818 χρημάτων
1570 4749 1687 4802 δεό-

79 4852 285 4907 μενος,
330 4835 430 4887 καὶ
462 4832 635 4887 πολλὰ
665 4831 816 4905 [161]
860 4832 1340 4903 περιϐεϐλημένος,
1383 4834 1502 4888 ἀλλ’
1527 4836 1556 4888 6
1583 4852 1691 4906 μη-

70 4924 243 4986 δενὸς
276 4921 483 4993 χρείαν
510 4920 671 4990 ἔχων.
715 4920 884 4979 Τοῦτο
916 4918 1206 4973 παίδευσον
1240 4920 1330 4972 τὸν
1361 4920 1494 4986 υίδν,
1534 4921 1691 4976 τοῦτο

73 5012 337 5076 δίδαξονο
382 5004 535 5071 οὗτος
569 5008 823 5077 μέγιστος
848 5005 1097 5069 πλοῦτος.
1136 5005 1229 5076 Μὴ
1266 5005 1418 5077 ζήτει
1446 5008 1563 5073 πῶς
1600 5012 1691 5063 εὑ-

76 5099 326 5168 δόκιμον
358 5097 574 5166 ἐργάσῃ
605 5096 661 5146 ἐν
689 5094 976 5163 διδάγμασι
1020 5096 1134 5156 τοῖς
1165 5093 1388 5160 ἔξωθεν,
1431 5096 1525 5149 καὶ
1570 5099 1689 5150 ἐπί⁴

72 5186 239 5250 δοξον
268 5184 562 5254 ποιήσεις,
605 5180 739 5233 ἀλλὰ
787 5181 1070 5253 φρόντισον
1120 5181 1236 5244 πῶς
1263 5182 1425 5235 αὑτὸν
1460 5184 1691 5247 διδάξεις

75 5276 478 5343 καταφρονεῖν
509 5271 606 5342 τῆς
627 5270 783 5339 δόξης
814 5271 913 5341 τῆς
941 5272 998 5323 ἐν
1026 5268 1099 5339 τῷ
1130 5268 1227 5341 βίῳ
1261 5272 1454 5341 τούτῳ·
1483 5273 1691 5326 ἐκεῖθεν

71 5362 500 5433 λαμπρότερος
533 5359 628 5411 καὶ
658 5356 991 5429 ἐνδοξότερος
1024 5358 1232 5425 γένοιτο
1270 5360 1355 5412 ἄν.
1385 5360 1568 5413 Ταῦτα
1599 5364 1691 5415 καὶ

73 5449 151 5517 τῷ
188 5450 417 5519 πένητι
470 5446 564 5498 καὶ
601 5444 678 5515 τῷ
709 5445 947 5512 πλουσίῳ
999 5445 1220 5500 δυνατὸν
1259 5449 1429 5501 ποιεῖν
1455 5464 1469 5477 ·
1520 5449 1692 5503 ταῦτα

70 5537 173 5589 οὐκ
228 5538 307 5589 ἐκ
372 5533 700 5586 διδασκάλου
738 5531 996 5601 μανθάνει
1034 5549 1148 5596 τις,
1202 5532 1321 5586 ούδέ
1361 5534 1447 5587 διὰ
1477 5536 1689 5606 τέχνης,

74 5621 215 5672 ἀλλὰ
247 5619 359 5672 διὰ
414 5616 523 5668 τῶν
553 5616 710 5669 θείων
739 5616 953 5682 λογίων.
995 5617 1086 5685 Μὴ
1118 5616 1267 5686 ζήτει
1315 5617 1462 5681 ὅπως
1485 5620 1692 5689 μακρὸν

76 5696 182 5757 ὦδε
219 5704 485 5774 ζήσεται
515 5700 651 5771 βίον,
685 5699 798 5752 ἀλλ’
848 5700 995 5761 ὅπως
1024 5701 1141 5752 ἐκεῖ
1195 5700 1418 5772 ἄπειρον
1449 5704 1541 5755 καὶ
1569 5705 1692 5755 ἁτε-

74 5787 389 5855 λεύτητον.
428 5783 526 5857 ¹Τὰ
569 5783 780 5853 μεγάλα
805 5782 952 5854 αύτῷ
995 5782 1238 5857 χαρίζου,
1274 5784 1348 5855 μὴ
1388 5784 1457 5839 τὰ
1498 5788 1687 5857 μικρά.

78 5876 297 5930 Ἄκουε
336 5871 569 5927 Παύλου
598 5871 865 5940 λέγοντος·
898 5872 1246 5943 Ἐκτρέφετε
1264 5873 1417 5928 αὐτὰ
1460 5874 1531 5927 ἐν
1561 5891 1690 5929 παι-

988 463 1053 517 ΙΝ
1090 461 1303 519 EPIST.
1334 463 1425 519 AD
1459 462 1700 520 EPHES.
1738 465 1894 522 CAP.
1941 466 2025 522 Vl.
2069 467 2303 524 HOMIL.
2344 469 2487 527 XXI.

3246 470 3351 527 15!

1779 581 1907 648 δείᾳ
1935 584 2029 637 καὶ
2061 586 2343 653 νουθεσίᾳ
2375 585 2615 653 Κυρίου.
2647 583 2738 654 Μὴ
2763 585 2965 654 ῥήτορα
2994 582 3153 639 αὐτὸν
3185 585 3352 639 σπού-

1777 665 1906 729 δαςε
1924 667 2168 736 ποιῆσαι,
2202 668 2337 721 ἀλλά
2366 669 2671 738 φιλοσοφεῖν
2721 667 2965 720 παίδευε.
2985 666 3223 721 Ἔκείνου
3250 668 3353 737 μὲν

1779 751 1887 821 γὰρ
1910 752 2010 803 ούκ
2035 751 2209 815 ὄντος,
2255 751 2408 805 οὐδὲν
2436 752 2589 806 ἔσται
2619 751 2835 822 βλάϐος·
2884 750 3073 804 τούτου
3102 751 3160 803 δὲ
3186 750 3353 804 ἀπόν-

1740 851 1890 907 λτος,
1919 835 2070 888 οὐδὲν
2117 836 2267 890 ἔσται
2297 837 2488 907 κέρδος
2543 836 2743 908 μυρίας
2772 835 3077 906 ῥητορείας.
3124 835 3353 907 Τρόπων

1780 916 1958 985 χρεία,
2001 918 2063 969 ού
2097 917 2291 986 λόγων,
2335 919 2522 989 ἦθους,
2574 920 2636 973 ού
2672 918 2993 987 δεινότητος,
3044 917 3241 987 ἔργων,
3288 917 3352 969 ού

1784 999 2063 1069 ῥημάτων.
2095 1000 2281 1055 Ταῦτα
2301 999 2551 1071 προξενεῖ
2578 1000 2678 1072 τὴν
2707 1000 3002 1071 βασιλείαν,
3033 999 3205 1053 ταῦτα
3250 1017 3351 1070 χα-

1783 1079 1991 1151 ρίζεται
2022 1084 2115 1135 καὶ
2145 1083 2215 1136 τά
2241 1085 2408 1147 ὅντως
2431 1084 2630 1152 ἀγαθά.
2662 1087 2754 1155 Μὴ
2774 1083 2870 1153 τὴν
2891 1083 3133 1151 γλῶτταν
3156 1085 3353 1153 ἀκονή-

1785 1176 1903 1234 σῃς,
1952 1163 2089 1217 ἀλλὰ
2141 1166 2240 1235 τὴν
2286 1165 2464 1236 ψυχὴν
2499 1165 2813 1237 ἐκκάθαιρε.
2857 1166 2933 1218 Οὐ
2966 1164 3190 1217 κωλύων
3223 1182 3353 1218 παι-

1782 1244 1957 1298 δεύειν
1992 1246 2162 1301 ταῦτα
2211 1248 2373 1317 λέγω,
2421 1248 2557 1304 ἀλλά
2613 1248 2834 1301 κωλύων
2896 1248 3125 1311 ἐκείνοις
3173 1248 3355 1316 μόνοις

1784 1329 2091 1399 προσέχειν.
2142 1331 2237 1403 Μὴ
2258 1331 2483 1403 νομίσῃς
2509 1331 2591 1384 ὅτι
2628 1330 2704 1400 τῷ
2735 1331 3018 1403 μονάζοντι
3052 1331 3196 1400 μόνῳ
3230 1330 3351 1382 τού-

1784 1428 1894 1463 των
1921 1412 2001 1465 δεῖ
2019 1412 2125 1466 τῶν
2155 1413 2538 1482 παιδευμάτων
2566 1413 2673 1466 τῶν
2697 1413 2805 1467 ἀπὸ
2834 1414 2942 1467 τῶν
2973 1413 3222 1485 Γραφῶν·
3250 1412 3354 1481 μά·

1784 1494 1941 1547 λιστα
1963 1494 2072 1566 γὰρ
2096 1494 2300 1549 τούτων
2325 1496 2405 1549 δεῖ
2438 1498 2549 1559 τοῖς
2587 1498 2743 1549 παισὶ
2771 1500 2882 1559 τοῖς
2915 1495 3195 1566 μέλλουσιν
3218 1506 3245 1534 α
3274 1497 3356 1553 εἰς

1784 1577 1874 1629 16v
1886 1577 2004 1647 βίον
2031 1579 2215 1632 τοῦτον
2240 1580 2414 1650 ἥκειν.
2438 1580 2651 1651 Ὥσπερ
2679 1580 2787 1652 γὰρ
2809 1579 2907 1648 τῆς
2924 1579 3030 1633 ἀπὸ
3046 1577 3139 1631 τοῦ
3168 1578 3352 1630 πλοίου

1785 1661 2127 1730 κατασκευῆς
2177 1663 2271 1715 κα)⁸
2314 1662 2644 1733 κυϐερνήτου
2693 1664 2788 1716 καὶ
2830 1661 3192 1732 πληρώματος
3245 1661 3356 1712 τῶν

1785 1744 1994 1796 ναυτῶν
2048 1745 2144 1815 οὺχ
2192 1740 2344 1808 οὗτος
2375 1745 2544 1799 δεῖται
2597 1748 2625 1799 6
2660 1745 2950 1808 διαπαντὸς
2999 1747 3091 1798 ἐπὶ
3136 1744 3355 1815 λιμένος

1786 1825 1978 1890 ἑστὼς,
2009 1827 2122 1880 ἀλλ’
2142 1831 2170 1881 6
2199 1828 2536 1881 θαλαττεύων
2568 1829 2678 1882 ἀεί·
2708 1821 2851 1882 οὕτω
2893 1828 2989 1881 καὶ
3012 1830 3040 1882 6
3070 1826 3354 1897 κοσμικὸς,

1786 1912 1882 1965 καὶ
1918 1912 1947 1964 6
1983 1911 2245 1980 μονάζων.
2292 1912 2500 1981 Ὀ-μέν
2552 1914 2680 1983 γὰρ,
2737 1912 2987 1982 καθάπερ
3040 1912 3121 1974 είς
3156 1910 3354 1982 λιμένα

1786 1993 1931 2045 ἐστὶν
1961 1993 2291 2062 ἀκύμαντον,
2344 1994 2454 2064 βίον
2507 1993 2834 2063 ἀπράγμονα
2864 1993 2993 2060 ζῶν,
3050 1996 3143 2047 καὶ
3175 1995 3356 2062 πάσης
3466 2022 3469 2025 π

1786 2075 2200 2145 ἀπηλλαγμένον
2230 2076 2557 2143 καταιγίδοςο
2587 2071 2739 2140 οὗτος
2787 2076 2843 2129 δὲ
2877 2077 3165 2140 διαπαντὸς
3193 2076 3357 2130 πελάο

1785 2160 1903 2228 γιός
1932 2160 2069 2221 ἐστι,
2119 2160 2213 2213 καὶ
2243 2159 2558 2213 θαλαττεύει
2612 2162 2671 2213 ἐν
2699 2161 2846 2230 μέσῳ
2872 2161 3097 2227 πελάγει
3137 2159 3357 2223 πολλαῖς

1784 2245 2099 2314 τρικυμίαις
2134 2246 2456 2315 μαχόμενος·
2491 2243 2593 2297 κᾶν
2649 2243 2809 2307 αὐτὸς
2849 2242 2924 2313 μὴ
2967 2243 3174 2312 δέηται,
3221 2243 3357 2295 ἀλλὰ

1787 2328 2298 2397 παρεσκευασμένον
2315 2322 2452 2380 εἶναι
2467 2327 2565 2391 δεῖ,
2580 2325 2719 2379 ὥστε
2742 2326 2839 2389 τὰς
2868 2325 3067 2395 ἐτέρων
3084 2325 3356 2395 ἐμφράξαι

1786 2409 2048 2478 γλώττας.

1857 2589 1927 2652 γ’.
1953 2582 2114 2636 Ὥστε
2144 2582 2252 2653 ὅσῳ
2286 2582 2354 2636 ἂν
2383 2583 2665 2652 εὐδόκιμος
2699 2580 2921 2651 γένηται
2956 2582 3014 2634 ἐν
3047 2581 3124 2650 τῷ
3152 2579 3251 2651 βίῳ
3280 2579 3357 2649 τῷ

1787 2667 2035 2736 παρόντι,
2064 2665 2303 2733 τοσούτῳ
2336 2666 2484 2735 αὐτῷ
2527 2666 2611 2718 δεῖ
2638 2667 2736 2735 τῆς
2769 2662 3103 2725 παιδεύσεως
3129 2663 3353 2731 ταύτης.

1791 2752 1889 2803 ’Ἂν
1920 2767 1981 2803 τε
2015 2750 2121 2823 γὰρ
2151 2752 2209 2802 ἐν
2238 2749 2525 2819 βασιλείοις
2556 2748 2844 2819 τρέφηται,
2898 2746 3082 2800 πολλοὶ
3106 2748 3201 2799 καὶ
3235 2745 3359 2797 Ἐλ-

1786 2834 1945 2905 ληνες
1975 2835 2090 2886 ἐκεῖ
2119 2833 2211 2885 καὶ
2243 2830 2518 2900 φιλόσοφοι
2547 2830 2640 2883 καὶ
2672 2832 2721 2883 of.
2742 2829 3116 2900 πεφυσημένοι
3147 2829 3241 2882 ἐπὶ
3288 2831 3356 2898 τῇ

1787 2914 2039 2988 παρούσῃ
2065 2912 2211 2986 δόξῃ,
2247 2913 2498 2984 καθάπερ
2537 2914 2701 2976 τόπος
2747 2929 2832 2975 τις
2895 2912 3157 2981 ύδερικῶν
3184 2913 3359 2982 ἐμπε-

1787 2998 2116 3069 πλησμένος.
2152 2995 2403 3049 Τοιοῦτόν
2428 2996 2480 3047 τί
2546 2996 2661 3048 ἐστι
2715 2994 2784 3048 τὰ
2841 2993 3107 3064 βασίλεια’
3159 2994 3358 3056 πάντες

1785 3082 1892 3135 εἰσὶ
1921 3079 2291 3150 πεφυσημένοι
2324 3078 2416 3132 καὶ
2446 3076 2884 3147 φλεγμαίνοντες·
2913 3077 2961 3129 οἱ
3000 3076 3056 3129 δὲ
3086 3076 3186 3129 ούκ
3209 3075 3361 3136 ὄντες

1787 3161 2143 3226 σπουδάζουσι
2163 3160 2321 3215 τοῦτο
2365 3158 2637 3228 γενέσθαι.
2664 3159 2947 3229 Ἐννόησον
2975 3156 3067 3213 οὖν
3089 3160 3212 3212 ὅσον
3243 3158 3360 3210 ἐστὶ

1784 3248 1876 3301 τὸν
1900 3248 2013 3299 υἱὸν
2060 3244 2153 3298 τὸν
2185 3245 2276 3297 σὺν
2323 3241 2632 3297 εἰσελθόντα
2681 3243 2818 3307 ἐκεῖ,
2869 3241 3119 3311 καθάπερ
3177 3239 3360 3311 ἰατρὸν

1785 3332 2027 3401 ἄριστον,
2057 3328 2196 3401 μετά
2228 3326 2337 3381 τῶν
2391 3327 2637 3398 ὁργάνων
2664 3325 2887 3380 εἰσιέναι
2908 3326 3017 3379 τῶν
3048 3323 3361 3395 δυναμένων

1786 3414 2167 3470 καταστέλλειν
2190 3413 2288 3483 τὴν
2312 3413 2543 3465 ἑκάστου
2588 3409 2916 3480 φλεγμονὴν,
2963 3410 3058 3462 καὶ
3079 3407 3360 3479 προσιέναι

1788 3500 2003 3568 ἐκάστῳ
2026 3496 2119 3550 καὶ
2145 3494 2510 3561 διαλέγεσθαι,
2543 3493 2638 3545 καὶ
2666 3492 2816 3560 ὑγιὲς
2864 3491 2925 3545 16
2957 3492 3163 3559 κάμνον
3199 3491 3360 3560 σῶμα

1787 3582 1983 3642 ποιεῖν,
2000 3579 2265 3648 φάρμακα
2285 3575 2595 3629 ἐπιτιθέντα
2614 3574 2686 3627 τὰ
2707 3575 2816 3628 ἀπὸ
2831 3574 2939 3626 τῶν
2957 3574 2986 3613 ὶ)
2999 3572 3250 3641 Γραφῶν,
3266 3574 3360 3625 καὶ

1786 3664 1911 3728 τοὺς
1936 3664 2064 3732 περὶ
2090 3660 2405 3730 φιλοσοφίας
2432 3657 2689 3727 ἐκχέοντα
2722 3658 2931 3725 λόγους,
2982 3657 3038 3709 Ὀ
3065 3657 3173 3726 γὰρ
3193 3656 3360 3725 μονά-

1788 3749 1894 3811 ζων
1921 3747 2027 3798 τίνι
2071 3743 2400 3806 διαλέξεται;
2439 3740 2513 3810 τῷ
2544 3740 2708 3811 τοίχῳ
2755 3740 2850 3793 καὶ
2878 3738 2954 3810 τῷ
2976 3739 3191 3810 όρόφῳ;
3223 3736 3361 3791 ἀλλά

1786 3833 1851 3899 τῇ
1885 3829 2091 3899 ἐρημίᾳ
2119 3830 2213 3879 καὶ
2238 3827 2359 3887 ταῖς
2385 3823 2611 3888 νάπαις;
2646 3823 2680 3893 ἢ
2727 3824 2839 3885 τοῖς
2877 3822 3051 3893 ὄρνισι
3116 3820 3213 3873 καὶ
3248 3822 3362 3881 τοῖς

1786 3913 2047 3982 δένδροις;
2078 3910 2194 3964 Οὐκ
2210 3910 2320 3980 ἔχει
2347 3909 2526 3961 τοίνυν
2553 3907 2751 3978 πολλὴν
2771 3906 3016 3977 ἀνάγκην
3037 3907 3241 3967 ἐκεῖνος
3264 3904 3363 3973 τῆς

1789 3995 1941 4067 [£69]
1970 3994 2224 4063 τοιαύτης
2252 3991 2612 4054 διδασκαλίας
2642 3989 2756 4043 ἀλλ’
2788 3991 2937 4060 ὅμως
2971 3989 3131 4060 ἔργον
3153 3987 3362 4040 τίθεται

1787 4079 1943 4131 τοῦτο
1975 4077 2336 4147 κατορθῶσαι,
2363 4077 2460 4145 οὐχ
2491 4075 2632 4127 ὥστε
2686 4074 2906 4143 ἑτέρους
2936 4070 3187 4125 τοσοῦτον
3231 4088 3360 4123 παι-

1786 4161 1993 4226 δεῦσαι,
2031 4160 2143 4212 ἀλλ’
2169 4159 2308 4211 ὥστε
2341 4159 2552 4211 ἑαυτὸν.
2616 4158 2788 4227 Πολλὴ
2814 4153 2908 4209 οὖν
2942 4156 3100 4227 χρεία
3128 4154 3362 4224 μάλιστα

1786 4248 1898 4309 τοῖς
1921 4248 1977 4297 ἐν
2004 4245 2080 4314 τῷ
2113 4243 2211 4313 βίῳ
2233 4241 2406 4311 τούτῳ
2441 4241 2829 4311 στρεφομένοις
2855 4242 2951 4310 τῆς
2995 4239 3262 4314 τοιαύτης⁸
3280 4237 3359 4288 δι-

1787 4312 2226 4389 δασκαλίαςακαὶ
2281 4326 2388 4393 γὰρ
2421 4325 2514 4376 τοῦ
2560 4325 2895 4393 ἁμαρτάνειν
2936 4323 3157 4374 πλείονα
3207 4312 3362 4380 οὗτος

1789 4412 2032 4481 ἀνάγκην
2066 4408 2199 4479 ἔχει,
2231 4408 2263 4479 ἢ
2298 4410 2522 4469 ἐκεῖνος.
2552 4409 2613 4459 Et
2634 4408 2689 4459 δέ
2732 4406 2908 4475 βούλει
2928 4406 3149 4473 γνῶναι,
3180 4403 3275 4456 καὶ
3303 4403 3362 4453 ὲν

1788 4495 1866 4564 τῷ
1896 4495 2084 4564 κόσμῳ
2142 4491 2290 4560 αύτῷ
2320 4491 2742 4561 ἐπιτηδειότερος
2797 4490 2972 4543 ἔσται.
3004 4490 3209 4550 Πάντες
3252 4487 3362 4556 γὰρ

1789 4578 1950 4630 αὐτὸν
1979 4574 2382 4643 αἱδεσθήσονται
2409 4575 2519 4625 ἀπὸ
2542 4574 2649 4625 τῶν
2680 4573 2939 4643 ῥημάτων
2962 4572 3204 4631 ἐκείνων,
3233 4570 3362 4622 ὅταν

1790 4660 1989 4729 ὁρῶσιν
2024 4657 2186 4711 αὐτὸν
2214 4658 2273 4708 ἐν
2301 4655 2434 4725 πυρὶ
2465 4655 2539 4726 μὴ
2559 4655 2867 4724 καιόμενον,
2888 4655 3021 4725 μηδέ
3054 4656 3228 4725 ἀρχῆς
3251 4654 3363 4705 ἐπι-

1789 4739 2083 4812 θυμοῦνταο
2110 4739 2230 4791 τότε
2265 4738 2360 4791 καὶ
2382 4737 2628 4801 τεύξεται
2656 4737 2877 4807 ταύτης,
2910 4740 3036 4792 ὅταν
3062 4739 3140 4808 μὴ
3170 4736 3360 4790 ἐπιθυ-

1792 4827 1890 4895 μῇ,
1912 4823 2007 4876 καὶ
2027 4822 2240 4892 βασιλεῖ
2262 4820 2682 4893 αἰδεσιμώτερος
2716 4822 2887 4875 ἔσται.
2910 4823 2985 4875 υύ
3013 4822 3120 4892 γὰρ
3152 4819 3232 4873 ένι
3268 4819 3363 4872 τὸν

1789 4906 2025 4961 τοιοῦτον
2048 4903 2251 4957 λαθεῖν.
2296 4904 2383 4957 Ἐν
2415 4905 2514 4973 μὲν
2541 4907 2649 4975 γὰρ
2683 4906 2895 4969 πολλοῖς
2926 4906 3226 4974 ὑγιαίνουσι
3268 4903 3365 4975 λή-

1791 5006 1940 5041 σεται
1965 4989 1993 5039 6
2018 4986 2299 5054 ὑγιαίνων·
2328 4988 2385 5038 ἐν
2422 4988 2479 5040 δὲ
2512 4988 2725 5051 πολλοῖς
2779 4989 3076 5057 κάμνουσιν
3103 4988 3233 5040 ὅταν
3280 4981 3362 5047 εἷς

1789 5067 2125 5140 ύγιαίνωνῇ,
2146 5069 2352 5139 ταχέως
2384 5070 2481 5121 καὶ
2522 5071 2601 5133 είς
2637 5072 2735 5134 τὰς
2766 5069 3050 5140 βασιλικὰς
3100 5070 3269 5131 ἀκοάς
3326 5070 3361 5137 ἡ

1791 5157 1946 5225 φήμη
1993 5154 2392 5223 διαδραμεῖται,
2449 5154 2542 5206 καὶ
2595 5155 2811 5217 πολλοῖς
2865 5154 3026 5207 αὐτὸν
3075 5154 3362 5222 ἐπιστήσει

1790 5239 1987 5292 ἔθνεσι.
2016 5235 2201 5288 Ταῦτα
2236 5234 2328 5289 οὖν
2360 5236 2579 5299 εἰδότες,
2610 5238 2900 5308 ἐκτρέφετε
2935 5240 2991 5289 ἐν
3023 5236 3239 5305 παιδείᾳ
3267 5234 3362 5286 καὶ

1789 5321 2039 5391 νουθεσίᾳ
2081 5320 2286 5389 Κυρίου
2330 5322 2398 5374 τά
2428 5322 2611 5374 τέκνα.
2659 5322 2821 5373 Ἀλλὰ
2869 5322 3037 5390 πένης
3068 5320 3151 5381 τίς
3197 5319 3359 5381 ἐστι;

1792 5404 1960 5458 Πάλιν
2004 5404 2192 5475 πένης*
2248 5404 2385 5457 ἀλλὰ
2411 5406 2504 5457 τοῦ
2535 5406 2591 5458 ἐν
2646 5405 2936 5475 βασιλείοις
2994 5399 3359 5472 στρεφομένου

1790 5490 1941 5542 οὐδὲν
1985 5488 2136 5541 ἐσται
2187 5488 2584 5558 εὐτελέστερος,
2628 5488 2812 5558 ἐπειδὴ
2857 5488 2931 5558 μὴ
2960 5489 3016 5539 ἐν
3072 5485 3361 5553 βασιλείοις

1789 5575 1957 5640 ἐστὶν,
2023 5572 2161 5628 ἀλλὰ
2209 5571 2674 5644 θαυμασθήσεται,
2729 5575 2823 5625 καὶ
2874 5570 3085 5641 ταχέως
3127 5571 3206 5631 είς
3256 5568 3362 5638 ἀρ-

1846 5768 1877 5827 3
1915 5756 2104 5827 [tegere
2126 5754 2289 5815 placet
2311 5755 2516 5816 Dunaeo,
2562 5758 2633 5808 δεῖ
2650 5762 2768 5804 πᾶσι
2807 5754 2906 5811 τοῖς
2928 5772 2999 5818 μη
3019 5757 3073 5805 οι
3103 5766 3238 5809 mox,
3282 5751 3357 5804 ἐπὶ

1790 5835 1882 5919 mli:
1897 5817 2047 5927 Ἠοῦς
2060 5876 2176 5928 Cod.
2204 5877 2447 5943 φάρμακον
2472 5880 2728 5928 ἐπιτιθέντα
2748 5877 2843 5927 ἀπὸ
2862 5877 2975 5931 τῶν.
