3974 6528
543 438 648 495 153

542 558 644 629 χὴν
670 558 787 629 ἥξει
820 558 916 628 τὴν
946 557 1211 618 ἑκούσιον,
1244 558 1307 611 οὑ
1351 557 1448 629 τὴν
1474 559 1874 630 χειροτονητήν.
1909 557 1972 609 Εἰ
2001 557 2108 627 γάρ

542 643 799 712 Ἕλληνες
827 642 1014 710 ἄνδρες
1041 641 1445 711 τριωϐολιμαῖοί
1495 659 1638 704 τινες
1676 645 1770 694 καὶ
1793 641 1973 703 κύνες,
2024 659 2109 708 φι-

538 723 790 794 λοσοφίαν
811 722 1062 792 τοιαύτην
1112 723 1495 793 ἀναδεξάμενοι
1543 725 1960 796 τριωϐολιμαῖον
1981 723 2110 793 (τοι-

540 809 678 877 αύτη
716 807 824 876 γάρ
853 808 884 872 ἡ
924 806 1249 877 Ἑλληνικὴ),
1288 809 1487 878 μᾶλλον
1515 809 1572 862 δέ
1612 810 1730 861 οὑδὲ
1771 809 1961 878 αὐτὴν,
1994 807 2106 861 ἀλλ’

539 892 706 957 ὄνομα
735 889 922 960 αὑτῆς,
973 889 1064 942 καὶ
1100 890 1336 958 τρίϐωνα
1392 892 1756 962 περιθέμενοι,
1793 894 1885 944 καὶ
1933 891 2110 962 κόμην

540 972 852 1042 θρέψαντες,
889 971 1115 1035 πολλοὺς
1147 973 1471 1025 δυσωποῦσι·
1525 975 1675 1043 πόσῳ
1712 973 1909 1042 μᾶλλον
1952 975 1981 1025 6
2031 974 2112 1026 δν-

539 1071 646 1116 τως
679 1054 999 1122 φιλόσοφος;
1037 1056 1096 1106 Εἰ
1128 1059 1312 1124 σχῆμα
1332 1056 1541 1124 ψευδὲς,
1564 1059 1610 1108 εί
1641 1058 1766 1108 σκιά
1799 1056 2111 1124 φιλοσοφίας

543 1138 839 1206 φαινομένη
871 1137 1042 1198 οὕτως
1075 1140 1235 1206 αἱρεῖ,
1265 1138 1318 1189 τί
1353 1139 1448 1190 ἐὰν
1477 1139 1574 1208 τὴν
1603 1139 1776 1209 ἀληθῆ
1795 1139 2110 1209 φιλοσοφίαν

481 1244 498 1258 ο
542 1223 914 1290 ἀγαπήσωμεν
943 1223 1037 1274 καὶ
1053 1223 1150 1290 τὴν
1171 1221 1463 1293 εἰλικρινῆ;
1489 1225 1609 1294 οὑχί
1627 1224 1829 1288 πάντες
1853 1224 2113 1293 θεραπεύ-

545 1322 695 1358 σουσι
721 1322 734 1369 ;
768 1307 859 1358 καὶ
886 1306 1062 1366 οἰκίας
1080 1306 1173 1358 καὶ
1193 1311 1455 1373 γυναῖκας
1473 1309 1563 1360 καὶ
1593 1309 1787 1372 παῖδας
1807 1312 1918 1371 τοῖς
1934 1308 2110 1361 τοιού-

541 1403 654 1442 τοις
679 1387 818 1456 μετά
846 1387 1046 1455 πολλῆς
1077 1389 1175 1456 τῆς
1193 1389 1374 1452 ἀδείας
1391 1391 1815 1461 ἐγχειρίσουσιν;
1852 1392 1988 1444 Ἀλλ’
2013 1392 2111 1445 οὑκ

545 1468 710 1528 ἔστιν,
745 1469 845 1520 οὑκ
862 1468 975 1520 ἔστι
995 1471 1233 1534 τοιοῦτος
1254 1472 1537 1539 φιλόσοφος
1567 1475 1682 1529 νῦν.
1711 1475 1808 1526 Διά
1821 1474 1977 1526 τοῦτο
1993 1475 2110 1527 οὑδέ

543 1550 605 1602 τὸ
630 1551 927 1620 ὑπόδειγμα
951 1551 1096 1605 ἐστιν
1133 1554 1330 1623 εὑρεῖν.
1366 1555 1486 1608 Εἰσὶ
1518 1557 1616 1626 μὲν
1645 1557 1750 1625 γάρ
1771 1559 1826 1610 ἐν
1855 1558 2113 1628 μονάζου-

548 1651 652 1696 σιν,
675 1635 731 1686 ἐν
749 1635 805 1688 δὲ
817 1638 1096 1703 κοσμικοῖς
1111 1637 1311 1693 οὐκέτι.
1333 1639 1443 1692 Καὶ
1465 1640 1545 1692 ὃτι
1568 1641 1625 1691 ἐν
1649 1640 1966 1709 μονάζουσίν
1982 1643 2110 1706 εἰσι,

547 1717 766 1770 δυνατὸν
789 1717 1020 1780 πολλοὺς
1041 1723 1400 1790 παραγαγεῖν·
1425 1722 1574 1792 ὅμως
1609 1724 1706 1777 ἕνα
1727 1724 1834 1776 ἀπὸ
1857 1724 2113 1777 πλειόνων

548 1799 676 1870 ἐρῶ.

621 1935 763 2018 Ἴστε
790 1935 986 2004 δήπου,
1011 1939 1102 1991 καὶ
1126 1940 1422 2011 ἀκηκόατε,
1458 1946 1507 1997 οἱ
1537 1943 1594 1996 δὲ
1632 1946 1724 1998 καὶ
1773 1947 2113 2018 ὲθεωρήσατε

548 2016 640 2069 τὸν
659 2017 916 2096 ἄνδρα,δν
941 2021 1117 2090 μέλλω
1139 2022 1232 2076 νῦν
1254 2027 1418 2095 ἐρεῖν·
1434 2026 1720 2080 Ἰουλιανὸν
1735 2028 1874 2096 λέγω
1885 2016 1975 2084 τόν
1993 2031 2115 2083 θαυο

553 2101 766 2168 μάσιον.
796 2095 962 2167 Οὗτος
983 2100 1051 2174 ἦν
1073 2107 1211 2177 ἀνὴρ
1232 2108 1508 2181 ἄγροικος,
1537 2112 1790 2172 ταπεινὸς
1818 2114 1910 2167 καὶ
1935 2116 1996 2166 ἐκ
2020 2131 2116 2167 τα-

548 2182 770 2268 πεινῶν·
785 2185 905 2268 οὐδὲ
922 2187 1057 2250 ὅλως
1073 2190 1169 2258 τῆς
1185 2191 1382 2255 ἔξωθεν
1412 2195 1657 2257 παιδείας
1679 2196 1956 2268 ἔμπειρος.
1981 2197 2116 2251 ἀλλὰ

548 2265 650 2334 τῆς
679 2266 952 2320 ἀπλάστου
978 2270 1292 2341 φιλοσοφίας
1328 2275 1770 2347 πεπληρωμένος.
1802 2265 2002 2333 Τούτου
2036 2282 2115 2343 εἰς

548 2349 647 2432 τάς
677 2348 858 2414 πόλεις
870 2352 1556 2426 ἐμϐάλλοντος(σπανιάκις
1599 2361 1655 2412 δὲ
1685 2361 1841 2414 τοῦτο
1863 2363 2112 2432 ἐγίνετο),

548 2431 672 2484 οὔτε
709 2434 970 2504 ρητόρων,
1001 2435 1124 2490 οὕτε
1151 2441 1438 2506 σοφιστῶν,
1471 2442 1595 2495 οὔτε
1623 2443 1780 2497 ἄλλου
1812 2446 1955 2508 τινος
2005 2449 2116 2498 εἰσ-

548 2514 881 2585 ελαύνοντος,
896 2519 1115 2587 τοιαύτη
1140 2537 1222 2584 τις
1244 2521 1453 2590 ἐγίνετο
1485 2528 1915 2598 συστροφή.Τίδέ
1936 2529 2110 2597 λέγως

548 2599 668 2668 οὐχὶ
697 2600 912 2653 πάντων
943 2601 1203 2670 βασιλέοιν
1233 2606 1326 2657 καὶ
1352 2606 1414 2659 τὸ
1445 2607 1614 2677 ὄνομα
1638 2610 1804 2663 αὑτοῦ
1867 2612 2113 2682 λαμπρό-

546 2697 704 2752 τερον
730 2683 914 2753 ᾄδεται
942 2687 1019 2737 ἔτι
1053 2688 1145 2738 καὶ
1197 2688 1289 2740 νῦν
1315 2705 1328 2751 ;
1359 2690 1422 2741 Εἰ
1449 2690 1505 2744 δὲ
1534 2694 1591 2745 ἐν
1617 2691 1696 2756 τῷ
1724 2695 1910 2764 κόσμῳ
1944 2697 2116 2766 τούτῳ

547 2764 744 2830 ταῦτα,
775 2768 831 2817 ὲν
851 2766 926 2834 τῷ
956 2767 1165 2839 κόσμῳ,
1190 2772 1247 2822 ἐν
1376 2773 1541 2842 μηδὲν
1586 2777 1719 2845 ἡμῖν
1754 2764 2116 2846 ἐπηγγείλατο

544 2847 751 2914 ἀγαθον
779 2851 806 2901 6
833 2852 1128 2919 Δεσπότης,
1158 2855 1215 2905 ἐν
1246 2847 1290 2921 ᾧ
1338 2855 1518 2918 ξένους
1563 2860 1709 2928 ἡμᾶς
1769 2856 1919 2912 εἶπεν
1952 2858 2112 2924 εἶναι,

551 2932 895 3000 ἐννοήσωμεν
923 2935 978 2984 ἐν
1008 2939 1118 2998 τοῖς
1148 2937 1396 3006 οὐρανοῖς
1417 2941 1557 2992 πόσα
1599 2943 1747 2993 ἔσται
1793 2943 1860 2994 τὰ
1890 2945 2115 2996 ἀποκεί-

555 3033 690 3083 μενα
720 3016 895 3083 ἀγαθά
922 3035 935 3048 ·
982 3021 1030 3069 εἰ
1052 3019 1178 3072 ἔνθα
1225 3021 1472 3092 πάροικοι
1501 3019 1660 3093 ἦσαν,
1691 3026 1959 3098 τοσαύτης
2013 3032 2118 3081 ἀπ-

552 3096 740 3148 έλαυον
778 3101 962 3168 τιμῆς,
998 3103 1126 3154 ἕνοα
1164 3105 1218 3154 αἱ
1255 3104 1436 3166 πόλεις
1479 3108 1605 3167 εἰσὶ,
1665 3110 1834 3178 πόσης
1881 3112 2116 3165 ἀπολαύ-

555 3198 706 3232 σουσι
734 3181 925 3252 δόξης;
969 3187 1014 3236 εί
1050 3185 1177 3239 ἔνθα
1208 3187 1385 3256 θλίψιν
1441 3191 1826 3258 ἐπηγγείλατο,
1881 3194 2118 3263 τοσαύτη

554 3263 837 3332 θεραπεία,
896 3268 1022 3320 ἔνθα
1077 3269 1244 3332 ὄντως
1302 3273 1467 3341 τιμάς
1517 3275 1927 3343 ἐπαγγέλλεται,
1977 3280 2116 3350 πόση

553 3345 703 3399 ἔσται
735 3350 767 3418 ἡ
793 3349 1006 3412 ἄνεσις;
1041 3351 1200 3405 Ἀλλά
1232 3355 1484 3422 βούλεσθε
1508 3359 1601 3410 καὶ
1652 3363 1946 3428 κοσμικοὺς
2003 3345 2118 3416 ἐπιλ

552 3428 844 3514 δείξωμεν;
875 3432 988 3487 Νῦν
1021 3436 1118 3503 μὲν
1153 3438 1260 3507 γὰρ
1301 3439 1402 3492 οὑκ
1429 3440 1643 3510 ἔχομεν·
1677 3443 1816 3514 πλήν
1867 3447 1972 3497 εἰσι
2021 3445 2118 3514 μὲν

555 3510 707 3599 [ἰϋὸ]
738 3514 865 3578 ἴσως
892 3518 984 3569 καὶ
1013 3519 1264 3588 κοσμικοὶ
1294 3523 1574 3588 ἐπιεικεῖς,
1602 3525 1715 3578 ἀλλ’
1734 3510 1813 3590 είς
1834 3528 1932 3598 τὴν
1948 3510 2120 3599 ἄκραν

552 3595 650 3664 οὑχ
681 3596 905 3665 ἥκοντες
953 3601 1289 3671 φιλοσοφίαν.
1330 3605 1418 3657 Διὸ
1458 3605 1565 3659 ἀπὸ
1597 3607 1703 3661 τῶν
1745 3595 1987 3664 παλαιῶν
2022 3595 2122 3666 ’καὶ

555 3677 723 3744 ἁγίων
769 3681 879 3751 ἐρῶ
913 3682 1040 3750 ὑμῖν
1093 3684 1157 3736 τὰ
1210 3687 1600 3758 ὑποδείγματα.
1650 3692 1812 3748 Πόσοι
1860 3697 2121 3762 γυναῖκας

555 3760 788 3828 ἔχοντες,
818 3765 910 3816 καὶ
938 3765 1132 3829 παῖδας
1167 3769 1476 3837 τρέφοντες,
1506 3773 1613 3824 τῶν
1641 3760 1942 3844 εἰρημένων
1970 3779 2121 3832 οὐδὲν

557 3841 795 3902 ἔλαττον.
820 3845 970 3896 οὐδὲν
999 3848 1216 3900 ἔλαττον
1244 3851 1430 3920 ἔσχον;
1470 3854 1631 3907 Ἀλλά
1675 3841 1978 3912 νῦν-οὐκέτι
2007 3861 2123 3913 ἐστὶ

555 3924 643 4012 δὶὰ
663 3926 758 3995 τὴν
784 3928 1084 3982 ἐνεστῶσαν
1116 3933 1380 4004 ἀνάγκην,
1404 3937 1583 4000 καθώς
1609 3956 1772 4007 φησιν
1803 3942 1830 3990 ὁ
1855 3942 2122 4012 μακάριος

557 4000 732 4070 οὗτος.
792 4010 922 4062 Τίνα
984 4008 1077 4065 οὖν
1131 4014 1384 4083 βούλεσθε
1443 4021 1612 4083 εῖπω;
1659 4022 1751 4073 τὸν
1803 4023 2123 4095 Νῶε,ἢτὸν

572 4092 852 4163 Ἀϐραάμς
883 4098 975 4149 τὸν
1005 4099 1193 4152 τούτου
1216 4103 1402 4165 παῖδα,
1427 4106 1458 4174 ἢ
1486 4107 1574 4157 τὸν
1598 4106 1806 4159 ἐκείνου
1831 4126 1845 4171 ;
1877 4092 2010 4161 ἀλλά
2034 4110 2124 4162 τὸν

571 4175 767 4263 ’ίωσήῌφ
785 4195 798 4242 ;
819 4177 977 4263 Ἀλλὰ
1009 4181 1261 4250 βούλεσθε
1286 4186 1378 4238 ἐπὶ
1405 4188 1529 4250 τοὺς
1551 4190 1832 4260 προφήτας
1851 4191 2121 4263 ἕλθωμεν;

559 4259 648 4310 τὸν
681 4261 917 4315 Μωῦσεα
951 4263 1125 4332 λέγω,
1161 4267 1253 4320 τὸν
1293 4270 1536 4322 Ἡσαΐαν.

633 4416 694 4467 δ’.
723 4416 886 4482 Ἀλλ’,
905 4419 953 4470 εἰ
975 4419 1138 4485 δοκεῖ,
1158 4421 1249 4474 ἐπὶ
1274 4423 1365 4474 τὸν
1395 4423 1642 4494 Ἀϐραὰμ
1671 4426 1761 4478 τὸν
1778 4426 1933 4496 λόγον
1964 4431 2126 4485 ἐλκύ-

564 4514 764 4564 σωμεν,
783 4498 1100 4586 ὂνμάλιστα
1125 4504 1323 4566 πάντες
1345 4505 1704 4577 προφέρουσιν
1721 4512 1849 4581 ἡμῖν
1871 4513 1975 4567 ἀεί.
1993 4517 2127 4586 Οὑχὶ

562 4583 793 4645 γυναῖκα
821 4577 990 4649 εἶχεν;
1028 4585 1147 4653 οὐχὶ
1192 4589 1421 4648 παῖδας;
1458 4591 1552 4642 καὶ
1577 4593 1684 4661 γάρ
1710 4595 1802 4646 καὶ
1832 4595 1942 4661 ἐγὼ
1970 4577 2128 4652 τοῦτο

562 4661 703 4728 λέγω
733 4664 867 4733 πρὸς
897 4667 1067 4734 ὑμᾶς,
1097 4669 1232 4738 ὅπερ
1253 4671 1408 4738 ὑμεῖς
1433 4672 1569 4741 πρὸς
1596 4677 1762 4744 ἡμᾶς.
1795 4679 2036 4734 Γυναῖκα
2059 4678 2128 4734 εἷ-

563 4760 676 4812 χεν,
712 4745 824 4797 ἀλλ’
854 4748 952 4835 οὑκ
991 4750 1175 4820 ἐπειδὴ
1219 4756 1447 4818 γυναῖκα
1505 4751 1636 4824 εἶχε,
1677 4759 1984 4829 Θαυμαστὸς
2036 4760 2124 4835 ἦν·

560 4828 667 4897 χρή
678 4845 818 4918 ματα
843 4825 1144 4918 εἶχεν,λάλλ’
1169 4834 1267 4918 ομύκ
1289 4835 1472 4906 ἐπειδὴ
1503 4839 1761 4909 χρήματα
1785 4825 1957 4914 εἶχεν,
2001 4825 2129 4918 ἦρε-

565 4925 625 4961 σε
656 4911 734 4980 τῷ
761 4911 897 4982 Θεῷ·
938 4913 1133 4975 παῖδας
1181 4915 1385 4980 ἔτεκεν,
1418 4919 1532 4972 ἀλλ’
1569 4923 1668 4974 οὑκ
1700 4911 1885 4998 ἐπειδῆ
1935 4911 2127 4993 παῖδας

565 4993 768 5058 ἔτεκεν,
798 4997 1180 5066 ὲμακαρίζετο·
1221 5004 1564 5084 τριακοσίους
1591 5006 1719 5062 δέκα
1749 5011 1842 5062 καὶ
1873 4993 2024 5065 ⁷ὀκτὼ
2051 5017 2128 5065 οἰ-

566 5080 807 5144 κογενεῖς
837 5079 1116 5148 ἐκέκτητο,
1137 5082 1250 5134 ἀλλ’
1277 5087 1334 5135 ού
1362 5079 1554 5141 τούτου
1585 5091 1742 5161 χάριν
1771 5093 2126 5164 ἐθαυμάζετο.
2181 5123 2185 5127 «

579 5161 736 5214 Ἀλλά
764 5160 941 5230 βούλει
980 5163 1167 5234 μαθεῖν
1192 5168 1380 5232 πόθεν;
1415 5171 1522 5224 ἀπὸ
1541 5175 1640 5242 τῆς
1661 5160 1991 5244 φιλοξενίας,
2023 5181 2131 5232 ἀπὸ

564 5247 662 5312 τῆς
682 5245 789 5296 τῶν
821 5248 1114 5316 χρημάτων
1143 5249 1457 5322 ὑπεροψίας,
1492 5256 1598 5307 ἀπὸ
1626 5259 1723 5327 τῆς
1753 5263 2127 5331 κοσμιότητος.

566 5329 629 5379 Τί
651 5329 757 5398 γάρ
787 5332 952 5390 ἐστιν,
985 5332 1105 5383 εξπέ
1137 5349 1247 5402 μοιε
1279 5335 1564 5405 φιλοσόφου
1591 5357 1604 5402 ;
1639 5341 1759 5410 οὐκὶ
1792 5329 1884 5396 καῖ
1912 5329 2128 5419 Χρῆμέθ

566 5430 672 5463 των
703 5414 794 5464 καὶ
814 5414 970 5483 δόξης
998 5421 1354 5485 καταφρονεῖν
1379 5436 1393 5483 ;
1422 5423 1513 5473 καὶ
1544 5423 1735 5490 φθόνου
1783 5427 1873 5479 καὶ
1935 5414 2131 5498 παντὸς

569 5497 773 5561 πάθους
805 5497 1073 5570 ἀνώτερον
1116 5497 1292 5566 εἷναι;
1347 5505 1481 5573 Φέρε
1511 5501 1623 5566 οὖν,
1659 5508 1818 5562 αὑτὸν
1859 5514 1936 5574 είς
1970 5516 2131 5584 μέσον

568 5581 866 5647 ἀγαγόντες
902 5583 1275 5652 ἀποδύσωμεν,
1303 5587 1394 5638 καὶ
1408 5587 1665 5657 δείξωμεν
1697 5591 1820 5660 ὑμῖν
1843 5588 1951 5658 οἷος
1972 5581 2134 5665 φιλό-

574 5659 830 5732 σοφοςῆν.
849 5666 1014 5718 Ούδὲν
1029 5670 1212 5736 ἠγεῖτο
1232 5671 1462 5739 πατρίδα
1491 5673 1720 5741 πρῶτον·
1734 5659 1976 5741 Ἔξελθε
1991 5682 2120 5752 γάρ,

571 5753 822 5822 ἡκουσεν,
858 5759 926 5810 ἐκ
961 5758 1067 5825 τῆς
1091 5759 1198 5828 γῆς
1231 5775 1366 5822 σου,
1410 5760 1506 5814 καὶ
1548 5761 1614 5815 ἐκ
1643 5763 1754 5830 τῆς
1784 5774 2134 5837 συγγενείας

573 5852 708 5892 σου·
763 5841 856 5893 καί⁵
883 5841 1082 5905 εὐθέως
1123 5842 1364 5912 ἐξῆλθεν.
1407 5844 1481 5897 Οὑ
1511 5847 1856 5914 προσεδέδετο
1901 5853 2065 5925 οἰκία·
2097 5851 2133 5924 ἦ

1238 440 1295 496 5.
1335 439 1618 496 JOANNIS
1655 439 2147 496 CIIBYSOSTOMI
2185 442 2506 500 ARCHIEP.
2547 447 3095 508 CONSTANTINOP.

3675 459 3778 516 ’154

2220 557 2325 624 γάρ
2357 560 2422 612 ἂν
2453 564 2553 614 οὑκ
2581 563 2821 633 ἐξῆλθεν·
2873 567 2933 618 ού
2963 566 3248 637 συνηθείας
3278 567 3443 640 φιλίᾳ,
3501 570 3604 622 οὑκ
3646 569 3784 639 ἄλλῳ

2217 640 2409 696 οὐδενί.
2445 641 2578 698 Εἶτα
2605 646 2760 716 δόξης
2798 649 3029 718 μάλιστα
3051 652 3264 702 πάντων
3290 651 3494 713 ἐκεῖνος
3524 656 3784 728 κατεφρό-

2217 739 2348 792 νησε
2383 726 2474 778 καὶ
2491 729 2806 799 χρημάτων·
2839 731 2932 783 καὶ
2961 732 3067 802 γὰρ
3097 733 3328 800 πόλεμον
3345 726 3780 804 τροπιικσάμενος,

2217 816 2312 868 καὶ
2339 816 2553 888 λάφυρα
2585 820 2898 889 ἀξιούμενος
2929 823 3134 886 λαϐεῖν,
3187 824 3545 880 κατέπτυσεν.
3591 825 3731 878 Ἀλλ’
3758 829 3786 879 6

2217 901 2342 962 παῖς
2363 902 2390 952 6
2415 902 2626 967 τούτου,
2659 905 2719 956 οὑ
2743 905 2827 958 διὰ
2863 905 2933 958 τά
2951 909 3204 978 χρήματα
3238 907 3396 960 πάλιν
3427 906 3785 974 ἐθαυμάζετο,

2216 981 2352 1034 άλλά
2385 983 2471 1037 διὰ
2491 984 2588 1055 τὴν
2619 985 2942 1055 φιλοξενίαν,
2972 988 3033 1040 ού
3059 988 3145 1041 διὰ
3179 988 3249 1041 τὰ
3277 988 3483 1050 παιδία.
3511 989 3648 1042 ἀλλὰ
3703 989 3787 1042 διὰ

2216 1064 2318 1134 τὴν
2349 1065 2616 1138 ὑπακοὴν,
2639 1069 2699 1121 ού
2721 1069 2809 1123 διὰ
2827 1071 2924 1141 τὴν
2951 1075 3202 1139 γυναῖκα,
3235 1072 3370 1124 ἀλλά
3402 1071 3491 1124 διά
3521 1072 3621 1142 τὴν
3651 1072 3786 1124 στεί-

2219 1163 2385 1217 ρωσιν
2435 1149 2532 1220 τὴν
2577 1153 2669 1204 ἐπὶ
2727 1155 2790 1222 τῇ
2845 1155 3086 1221 γυναικί.
3141 1155 3304 1208 Οὐδὲν
3348 1156 3445 1223 τὴν
3510 1154 3786 1224 παροῦσαν

2217 1229 2443 1298 ἡγοῦντο
2469 1232 2634 1303 ζωὴν,
2661 1235 2760 1287 οὑκ
2791 1235 3236 1306 ἐχρηματίζοντο,
3265 1236 3592 1307 ὑπερεώρων
3615 1238 3788 1290 ἁπάν-

2217 1330 2345 1368 των.
2372 1316 2506 1369 Εἰπὲ
2530 1318 2639 1388 γάρ
2671 1335 2780 1388 μοι,
2837 1322 2965 1372 ποῖα
2991 1320 3099 1373 τῶν
3133 1320 3313 1390 φυτῶν
3347 1323 3493 1373 ἐστιν
3545 1321 3788 1390 ἄριστας

2218 1397 2315 1466 οὑχ
2342 1397 2484 1468 άπερ
2506 1399 2571 1452 ἂν
2591 1399 2802 1452 οἴκοθεν
2823 1401 2922 1474 ἔχῃ
2937 1401 3035 1472 τὴν
3061 1403 3232 1472 ἰσχὺν,
3255 1403 3350 1455 καὶ
3377 1403 3513 1473 μήτε
3538 1401 3788 1472 15μϐροις,

2223 1480 2358 1549 μήτε
2385 1480 2667 1549 χαλάζαις,
2703 1484 2838 1552 μήτε
2871 1483 3085 1553 ἀνέμων
3105 1483 3322 1554 ῥύμαις,
3362 1485 3494 1555 μήτε
3523 1483 3660 1554 ἄλλη
3686 1485 3792 1537 τινὶ

2219 1561 2443 1635 τοιαύτῃ
2485 1563 2769 1636 ἀνωμαλίᾳ
2816 1565 3135 1637 βλάπτηται,
3171 1567 3305 1620 ἀλλά
3357 1566 3539 1636 γυμνὰ
3593 1567 3790 1635 ἕστηκε

2221 1647 2436 1698 πάντων
2459 1649 2918 1717 καταφρονοῦντα,
2955 1652 3088 1720 μήτε
3115 1651 3397 1721 θριγκίων,
3433 1652 3569 1721 μήτε
3616 1667 3792 1722 φραγ·

2223 1729 2338 1798 μῶν
2369 1730 2632 1800 δεόμενα;
2669 1732 2919 1798 Τοιοῦτος
2964 1737 2992 1787 ὁ
3036 1733 3324 1804 φιλόσοφός
3353 1735 3492 1797 ἐστι,
3551 1733 3792 1795 τοιοῦτος

2217 1813 2246 1864 6
2268 1812 2494 1877 πλοῦτος
2535 1815 2758 1878 ἐκεῖνος·
2783 1816 2934 1869 οὐδὲν
2967 1817 3100 1887 ἔχει,
3129 1818 3224 1870 καὶ
3248 1819 3423 1870 πάντα
3449 1817 3580 1886 ἔχει·
3617 1818 3791 1870 πάντα

2221 1894 2354 1964 ἔχει,
2397 1897 2491 1949 καὶ
2513 1897 2666 1950 οὐδὲν
2698 1897 2830 1969 ἔχει.
2861 1899 2918 1954 '0
2969 1899 3078 1970 γὰρ
3105 1902 3281 1970 τοῖχος
3303 1900 3401 1952 οὑκ
3455 1899 3624 1964 ἔνδον,
3676 1901 3791 1953 ἀλλ’

2222 1979 2419 2043 ἔξωθέν
2441 1983 2608 2043 ἐστιν,
2665 1982 2693 2034 ὁ
2753 1982 2977 2054 θριγκὸς
3003 1985 3062 2036 οὑ
3111 1983 3209 2052 τῆς
3234 1983 3446 2052 φύσεώς
3477 1984 3648 2047 ἐστιν,
3681 1983 3795 2036 ἀλλ’

2222 2061 2420 2126 ἔξωθεν
2441 2065 2914 2137 περιϐαλλόμενος.
2941 2066 3006 2119 Τί
3031 2065 3110 2128 δὲ,
3132 2066 3253 2120 εἰπέ
3285 2083 3398 2137 μοι;
3435 2069 3589 2120 ποῖον
3637 2067 3799 2138 σῶμα

2225 2145 2438 2215 ἰσχυρόν
2463 2147 2643 2212 ὲστιν;
2666 2149 2764 2219 οὑχ
2789 2149 2924 2221 ὅπερ
2971 2151 3036 2204 ἂν
3070 2150 3310 2218 ὑγιαῖνον
3333 2144 3387 2224 ᾖ,
3417 2153 3511 2204 καὶ
3537 2152 3678 2221 μήτε
3719 2150 3800 2206 λι-

2225 2228 2330 2298 μῷ.
2380 2231 2517 2299 μήτε
2577 2232 2881 2303 πλησμονῇ,
2925 2233 3062 2302 μήτε
3119 2231 3301 2304 ψύχει,
3364 2235 3500 2305 μήτε
3554 2234 3801 2304 καύματι

2223 2310 2530 2380 ἁλίσκηται·
2561 2313 2592 2382 ἢ
2623 2314 2682 2366 τὸ
2708 2314 2842 2384 πρὸς
2877 2316 3054 2368 πάντα
3082 2316 3255 2371 ταῦτα
3280 2316 3665 2386 ὑποκείμενον.
3703 2319 3799 2371 καὶ

2225 2393 2371 2465 [164]
2401 2396 2809 2464 τραπεζοποιῶν
2840 2398 2932 2450 καὶ
2978 2397 3228 2465 ὑφαντῶν
3256 2400 3350 2451 καὶ
3373 2399 3653 2469 θηρευτῶν
3704 2401 3799 2452 καὶ

2225 2476 2422 2546 ἰατρῶν
2459 2477 2730 2547 δεόμενον,
2781 2479 2867 2531 ἵνα
2911 2479 3163 2553 ὑγιαίνῃ;
3219 2481 3459 2544 Ἐκεῖνός
3491 2485 3609 2534 ἐστι
3638 2483 3804 2536 πλού-

2224 2575 2355 2620 σιος,
2388 2559 2416 2611 6
2448 2560 2613 2622 ὅντως
2641 2561 2947 2631 φιλόσοφος,
2973 2565 3001 2616 6
3032 2562 3258 2632 μηδενὸς
3288 2563 3490 2616 τούτων
3523 2565 3797 2634 δεόμενος.

2222 2642 2320 2695 Διά
2343 2641 2499 2695 τοῦτο
2523 2645 2550 2695 6
2577 2647 2845 2715 μακάριος
2879 2639 3032 2709 οὗτος
3054 2645 3260 2714 ἔλεγεν·
3279 2647 3625 2716 Ἐκτρέφετε
3646 2651 3800 2703 αὑτὰ

2221 2731 2290 2783 ἐν
2318 2730 2554 2799 παιδείᾳ
2586 2733 2682 2786 καὶ
2713 2736 2999 2804 νουθεσίᾳ
3019 2739 3258 2806 Κυρίου.
3298 2739 3388 2809 Μὴ
3414 2740 3597 2793 τοίνυν
3647 2741 3801 2812 θριγ-

2223 2813 2315 2867 κία
2343 2815 2539 2880 ἔξωθεν
2570 2817 2944 2887 περιϐάλλετε·
2997 2819 3152 2873 τοῦτο
3175 2821 3282 2892 γὰρ
3305 2824 3333 2874 6
3367 2821 3618 2884 πλοῦτος,
3644 2823 3804 2877 τοῦτο

2223 2898 2258 2966 ἡ
2287 2897 2430 2961 δόξα.
2487 2899 2655 2952 Ὅταν
2684 2900 2792 2972 γάρ
2815 2901 2985 2956 ταῦτα
3011 2904 3312 2976 καταπέσῃ,
3350 2905 3692 2958 καταπίπτει
3721 2905 3798 2969 δὲ,

2223 2981 2425 3050 γυμνὸν
2471 2982 2668 3052 ἕστηκε
2698 2985 2791 3037 καὶ
2815 2985 3081 3039 εὐάλωτον
3109 2988 3166 3040 τὸ
3206 2989 3390 3056 φυτὸν,
3412 2989 3474 3040 οὑ
3507 2989 3670 3058 μόνον
3712 2991 3801 3042 οὑ-

2224 3063 2312 3116 δὲν
2332 3063 2594 3133 κερδᾶναν
2628 3068 2687 3119 ἐν
2712 3065 2790 3136 τῷ
2817 3069 3138 3136 παρελθόντι
3173 3071 3368 3141 χρόνῳ,
3400 3069 3538 3124 ἀλλά
3561 3072 3658 3124 καὶ
3683 3070 3803 3140 βλα-

2225 3145 2334 3197 ϐέν.
2367 3147 2583 3200 Ἐκεῖνα
2603 3147 2712 3217 γὰρ
2734 3149 2801 3202 τὰ
2827 3150 3046 3220 θριγκία
3071 3152 3140 3204 τά
3165 3152 3441 3206 κωλύοντα
3471 3154 3600 3206 αὑτὸ
3643 3155 3807 3221 ἐγγυ-

2230 3229 2526 3298 μνάζεσθαι
2560 3232 2698 3300 πρὸς
2744 3233 2842 3296 τὰς
2901 3234 3009 3287 τῶν
3065 3234 3281 3304 ἀνέμων
3329 3236 3660 3304 προσϐολάς,
3708 3237 3805 3290 νῦν

2227 3312 2419 3383 ἁθρόον
2450 3317 2776 3367 καταπεσεῖν
2803 3317 3230 3385 παρεσκεύασεν.

2302 3450 2464 3502 Ὥστε
2525 3451 2751 3520 βλάπτει
2807 3452 3006 3522 μᾶλλον
3047 3454 3075 3504 6
3115 3452 3372 3516 πλοῦτος,
3431 3452 3805 3524 ἀμελετήτους

2230 3534 2660 3602 παρασκευάζων
2685 3535 2818 3606 πρὸς
2847 3536 2944 3598 τὰς
2980 3535 3290 3606 ἀνωμαλίας
3316 3534 3408 3588 τοῦ
3451 3534 3584 3605 βίου.
3612 3534 3807 3588 Τοιού-

2227 3631 2354 3678 τους
2421 3616 2599 3668 τοίνυν
2651 3618 3158 3688 παρασκευάζωμεν
3207 3618 3333 3682 τοὺς
3389 3618 3602 3682 παῖδας,
3657 3618 3806 3673 ὥστε

2228 3697 2483 3751 δύνασθαι
2510 3698 2643 3769 πρὸς
2673 3702 2846 3753 πάντα
2863 3701 3127 3770 ἀντέχειν.
3151 3700 3244 3754 καὶ
3265 3700 3341 3771 μὴ
3364 3700 3664 3766 ξενίζεσθαι
3690 3704 3808 3766 τοῖς

2231 3781 2492 3832 ἐπιοῦσιν·
2559 3783 2912 3852 ἐκτρέφωμεν
2965 3784 3162 3847 αὐτοὺς
3223 3786 3280 3836 ἐν
3315 3784 3531 3855 παιδείᾳ
3564 3786 3659 3837 καὶ
3688 3803 3810 3839 νου-

2232 3860 2388 3931 θεσίᾳ
2411 3864 2639 3933 Κυρίου,
2673 3866 2766 3918 καὶ
2793 3865 2957 3927 πολὺς
2987 3867 3115 3935 ἡμῖν
3140 3867 3168 3918 6
3195 3865 3386 3933 μισθὸς
3423 3867 3804 3925 ἀποκείσεται.

2231 3944 2295 3996 Εἰ
2317 3945 2424 4015 γάρ
2449 3945 2724 4018 ἄνθρωποι
2752 3947 3043 4018 ἀγάλματα
3070 3949 3351 4012 ποιοῦντες
3382 3949 3664 4019 βασιλέων,
3705 3955 3808 4005 καὶ

2232 4026 2446 4089 εἰκόνας
2506 4029 2839 4100 γράφοντες,
2898 4030 3165 4101 τοσαύτης
3223 4030 3552 4086 ἀπολαύουσι
3607 4035 3808 4103 τιμῆς·

2233 4109 2393 4178 ἡμεῖς
2443 4110 2542 4180 τὴν
2595 4109 2875 4184 βασιλικὴν
2910 4113 3092 4166 εἰκόνα
3130 4113 3562 4179 καλλωπίζοντες
3614 4115 3812 4184 (εἰκὼν

2231 4193 2338 4264 γὰρ
2359 4192 2452 4246 τοῦ
2476 4193 2655 4247 Θεοῦό
2685 4194 3011 4266 ἄνθρωπος),
3072 4196 3133 4249 οὑ
3171 4196 3380 4268 μυρίων
3422 4197 3813 4268 ἀπολαύσομεν

2231 4276 2338 4328 τῶν
2358 4275 2599 4344 ἀγαθῶν,
2615 4277 2676 4330 τὸ
2697 4278 2818 4331 καθ’
2838 4278 3092 4348 ὁμοίωσιν
3112 4279 3481 4345 ἁποδιδόντες;
3499 4280 3670 4333 Τοῦτο
3689 4283 3805 4353 γάρ

2231 4362 2379 4413 ἐστιν
2410 4361 2615 4430 ὅμοιον,
2651 4363 2683 4431 ἡ
2707 4362 2806 4430 τῆς
2832 4361 3008 4432 ψυχῆς
3027 4363 3217 4432 ἀρετὴ,
3241 4364 3369 4417 ὅταν
3397 4363 3633 4431 ἀγαθοὺς
3659 4359 3808 4418 εἶναι

2233 4442 2610 4512 παιδεύσωμεν
2665 4445 2792 4507 τοὺς
2836 4447 3048 4509 παῖδας,
3100 4446 3228 4500 ὅταν
3285 4447 3615 4517 ἀοργήτους,
3675 4448 3810 4500 ὅταν

2234 4527 2661 4597 ἀμνησικάκους·
2697 4526 2869 4580 ταῦτα
2899 4528 3078 4582 πάντα
3113 4527 3249 4582 Θεοῦ
3281 4529 3409 4594 ἴδια,
3440 4531 3567 4583 ὅταν
3588 4531 3811 4601 εύερτε-

2233 4612 2438 4674 τικοὺς,
2474 4613 2604 4664 ὅταν
2665 4610 3099 4680 φιλανθρώπους,
3149 4613 3276 4665 ὅταν
3306 4613 3685 4682 παιδεύσωμεν
3737 4616 3811 4668 τὰ

2235 4695 2473 4763 παρόντα
2505 4692 2670 4762 μηδὲν
2723 4694 2992 4762 ἡγεῖσθαι.
3053 4694 3224 4748 Τοῦτο
3261 4696 3439 4750 τοίνυν
3485 4698 3614 4767 ἡμῖν
3643 4697 3812 4767 ἔργον

2234 4777 2372 4829 ἔστω
2396 4777 2489 4829 καὶ
2531 4777 2778 4839 ἑαυτοὺς,
2809 4777 3094 4840 κάκείνους
3117 4779 3372 4832 πλάττειν
3401 4781 3492 4833 καὶ
3522 4781 3814 4850 ῥυθμίζειν

2233 4861 2312 4921 εἰς
2346 4858 2481 4910 δέον·
2523 4858 2645 4910 ἐπεὶ
2682 4858 2810 4928 ποίᾳ
2835 4861 3118 4930 παρρησίᾳ
3138 4861 3444 4931 στησόμεθα
3495 4862 3815 4934 ἔμπροσθεν

2233 4942 2326 4994 τοῦ
2351 4941 2590 5011 βήματος
2611 4940 2706 4994 τοῦ
2732 4941 2996 5013 Χριστοῦ;
3039 4945 3100 4996 Εἰ
3121 4945 3228 5014 γὰρ
3255 4945 3556 5016 ἐπισκοπῆς
3588 4946 3811 5012 ἀνάξιος

2234 5025 2262 5074 6
2289 5023 2483 5086 παῖδας
2519 5025 2926 5088 ἁνυποτάκτους
2958 5025 3116 5095 ἔχων,
3143 5027 3320 5097 πολλῷ
3352 5027 3548 5097 μᾶλλον
3577 5028 3678 5096 τῆς
3705 5027 3813 5099 βα-

2238 5106 2439 5168 σιλείας
2471 5105 2579 5159 τῶν
2613 5107 2873 5176 οὐρανῶν.
2909 5108 2974 5160 Τί
3009 5109 3219 5178 λέγεις;
3265 5110 3370 5164 κᾶν
3408 5112 3638 5179 γυναῖκα
3668 5111 3810 5164 ἄτα-

2237 5205 2363 5240 κτον
2395 5188 2628 5257 ἔχωμεν,
2665 5190 2767 5242 κᾶν
2801 5191 3017 5255 παῖδας,
3047 5192 3278 5256 εὐθύνας
3313 5193 3608 5264 ὑφέξομεν;
3672 5194 3809 5259 Ναὶ,

2235 5272 2330 5322 ἐάν
2362 5270 2435 5341 μὴ
2465 5271 2600 5341 μετὰ
2642 5273 2925 5343 ἀκριϐείας
2955 5274 3024 5327 τὰ
3060 5278 3188 5346 παρ’
3234 5276 3442 5328 ἑαυτῶν
3475 5277 3812 5342 εἰσενέγκω-

2241 5372 2359 5424 μεν·
2388 5356 2448 5407 οὑ
2482 5355 2590 5426 γὰρ
2621 5357 2783 5428 ἀρκεῖ
2810 5359 2942 5428 ἡμῖν
2975 5360 3008 5430 ή
3041 5360 3219 5412 οἰκεία
3243 5359 3412 5429 ἀρετὴ
3457 5360 3594 5428 πρὸς
3630 5377 3816 5430 σωτη-

2240 5439 2381 5508 ρίαν.
2405 5441 2469 5492 Εἰ
2496 5439 2604 5510 γὰρ
2628 5442 2656 5493 6
2689 5442 2748 5494 τὸ
2768 5443 3024 5496 τάλαντον
3053 5443 3113 5497 τὸ
3145 5443 3202 5495 ἓν
3245 5445 3318 5513 μὴ
3346 5443 3815 5514 καταϐαλόμενος,

2237 5522 2386 5574 οὐδὲν
2417 5523 2720 5594 ἐκέρδανεν,
2749 5525 2883 5581 ἀλλὰ
2919 5526 3007 5579 καὶ
3037 5525 3179 5578 οὑτω
3212 5526 3515 5590 κολάζεται·
3543 5525 3699 5596 δῆλον
3728 5529 3817 5582 ὅτι

2239 5605 2338 5657 οὑκ
2367 5605 2526 5674 ἀρκεῖ
2550 5608 2582 5675 ἠ
2611 5609 2785 5661 οἰκεία
2821 5608 2989 5679 ἀρετὴ
3017 5610 3097 5671 εἰς
3120 5611 3412 5679 σωτηρίαν,
3439 5608 3574 5662 ἀλλά
3604 5609 3685 5662 δεῖ
3712 5610 3819 5663 καὶ

2241 5685 2341 5753 τῆς
2373 5686 2579 5756 ἐτέρου.
2615 5689 2821 5761 Πολλὴν
2849 5691 3028 5743 τοίνυν
3061 5691 3344 5761 ποιώμεθα
3369 5692 3464 5745 καὶ
3489 5691 3596 5745 τῶν
3613 5707 3817 5759 γυναι-

2242 5769 2354 5822 κῶν
2382 5771 2653 5840 φροντίδα,
2686 5772 2885 5844 πολλὴν
2914 5773 3134 5828 καὶτῶν
3165 5774 3384 5828 παίδων
3407 5775 3661 5846 πρόνοιαν
3712 5777 3821 5830 καὶ

2243 5853 2350 5906 τῶν
2370 5855 2824 5928 οἱκετῶν,πολλην
2845 5859 2938 5913 καὶ
2967 5858 3122 5928 ἡμῶν
3147 5857 3346 5921 αὐτῶν,
3376 5860 3468 5912 καὶ
3494 5859 3553 5911 ὲν
3576 5859 3655 5929 τῷ
3680 5859 3817 5912 ἔαυ-
