3960 6550
209 450 317 510 153

204 576 315 628 sint
347 573 445 628 viri
473 573 789 629 triobolarcs
819 582 873 629 et
900 588 1079 640 canes,
1100 572 1202 627 hac
1230 579 1474 639 suscepta
1517 568 1788 623 triobolari

205 665 538 736 philosophia
566 666 726 737 (talis
773 675 855 721 est
901 666 1040 719 enim
1086 664 1347 734 Graeca),
1385 665 1494 716 into
1524 677 1649 715 vero
1681 676 1785 714 non

202 758 343 827 ipsa,
362 759 456 813 sed
476 759 589 828 ejus
612 762 861 824 nomine;
886 757 1054 813 induti
1076 757 1238 827 pallio
1254 765 1307 811 et
1327 757 1529 810 alentes
1551 768 1780 818 comam,

199 852 402 906 multos
445 851 651 922 pudore
693 849 935 906 afﬁciunt
962 868 976 903 :
1010 861 1206 921 quanto
1239 852 1405 920 magis
1432 851 1521 919 qui
1552 859 1633 904 est
1660 864 1785 904 vere

201 942 587 1012 philosophus?
615 940 671 997 Si
699 942 863 997 falsus
894 942 1125 1007 habitus,
1146 942 1187 996 si
1218 940 1567 1010 philoSOpbize
1594 938 1781 994 umbra

196 1051 465 1105 apparens
489 1036 559 1089 ita
583 1035 791 1090 extollit
818 1052 831 1087 :
859 1033 983 1104 quid
1004 1076 1020 1100 ,
1050 1035 1093 1089 si
1123 1049 1299 1088 veram
1329 1042 1381 1087 et
1407 1033 1668 1087 sinceram
1695 1031 1779 1086 di—

194 1128 423 1195 ligamus
444 1126 832 1197 philosophiam
848 1127 872 1178 ?
888 1140 1064 1180 annon
1086 1140 1271 1181 omnes
1290 1125 1506 1179 colent?
1525 1136 1701 1178 annon
1724 1132 1778 1178 et

193 1220 390 1273 domos
415 1228 470 1274 et
499 1233 692 1274 uxores
720 1227 775 1273 et
799 1218 997 1272 liberos
1026 1218 1091 1271 iis
1119 1217 1206 1287 qui
1232 1226 1357 1271 sunt
1381 1216 1640 1286 ejusmodi
1665 1223 1776 1268 tra-

192 1310 327 1364 dent
354 1321 409 1365 et
439 1311 773 1365 committent
810 1325 930 1364 cum
976 1310 1141 1363 multa
1187 1308 1507 1363 securitate?
1532 1306 1637 1361 Sed
1669 1321 1774 1360 non

192 1413 307 1465 est,
341 1418 447 1457 non
492 1411 576 1457 est
615 1418 755 1456 nunc
782 1401 1047 1471 ejusmodi
1075 1400 1420 1470 philosophus
1449 1416 1461 1451 :
1495 1408 1772 1469 propterea

191 1509 293 1549 nec
320 1494 623 1563 exemplum
650 1494 772 1548 licet
798 1494 1057 1548 invenire.
1081 1492 1211 1549 Nam
1239 1499 1364 1545 sunt
1389 1490 1602 1561 quidem
1632 1491 1773 1544 inter

188 1586 508 1648 monachos,
542 1589 680 1640 inter
704 1584 1000 1639 mundanos
1028 1595 1205 1638 autem
1231 1598 1325 1636 seu
1354 1581 1634 1637 Steculares
1663 1596 1768 1633 non

186 1685 322 1730 sunt
346 1678 589 1746 amplius.
622 1678 688 1731 Et
720 1676 861 1747 quod
901 1677 1008 1730 sint
1040 1677 1178 1730 inter
1210 1674 1519 1738 monachos,
1549 1680 1771 1741 possunt

183 1769 353 1823 multi
379 1769 614 1838 produci,
643 1768 818 1822 dicam
858 1776 1033 1821 tamen
1063 1781 1226 1821 unum
1254 1781 1319 1820 ex
1351 1764 1552 1818 multis.

258 1861 466 1915 Iuliani
490 1862 719 1914 monachi
741 1858 1169 1915 laudes.—Scitis
1196 1859 1376 1927 utique
1397 1866 1450 1911 et
1469 1856 1764 1917 audivistis,

179 1961 238 2007 et
268 1953 477 2007 vidistis
498 1953 656 2007 etiam
686 1952 944 2014 nonnulli,
972 1951 1143 2004 virum
1175 1962 1331 2020 quem
1356 1964 1473 2003 sum
1494 1947 1763 2011 dicturus;

177 2045 455 2100 Julianum
480 2044 601 2099 dico
630 2045 778 2098 illum
807 2042 1198 2097 admirandum.
1249 2041 1346 2095 llic
1372 2049 1486 2094 erat
1510 2040 1762 2103 rusticus,

178 2137 402 2190 humilis
426 2146 482 2189 et
510 2136 693 2189 humili
725 2135 842 2189 loco
865 2145 1039 2200 natus,
1069 2144 1125 2191 et
1152 2149 1250 2189 nec
1284 2142 1521 2188 externa:
1548 2132 1762 2201 quidem

176 2215 495 2283 eruditionis
521 2228 742 2281 omnino
773 2227 996 2296 peritus,
1018 2227 1111 2281 sed
1142 2242 1245 2279 non
1278 2225 1399 2279 ﬁcta
1439 2232 1494 2278 et
1517 2223 1759 2278 simulata

176 2320 514 2390 philosophia
560 2320 811 2389 repletus.
846 2318 958 2374 Hoc
989 2318 1319 2387 ingrediente
1356 2317 1597 2370 civitates
1623 2314 1762 2385 (hoc

171 2422 353 2467 autem
385 2428 507 2467 raro
530 2413 687 2466 ﬁebat
704 2414 743 2480 ),
768 2427 939 2481 neque
961 2410 1264 2464 oratoribus
1287 2422 1458 2477 neque
1481 2407 1756 2476 sophistis,

171 2520 351 2574 neque
399 2505 511 2558 ullo
562 2505 667 2557 alio
714 2502 1075 2573 ingrediente,
1114 2509 1293 2554 tantus
1336 2500 1495 2553 ﬁebat
1534 2512 1761 2552 concur-

168 2611 281 2652 sus.
314 2596 456 2663 Quid
481 2604 658 2649 autem
686 2595 851 2648 dico?
882 2608 1058 2650 nonne
1087 2608 1281 2647 nomen
1313 2591 1429 2659 ejus
1456 2604 1599 2644 nunc
1620 2602 1755 2658 quo-

162 2703 269 2756 que
298 2687 501 2741 clarius
529 2687 843 2740 decantatur
883 2701 1042 2755 quam
1088 2684 1397 2755 quorumvis
1440 2682 1670 2753 regum?
1698 2681 1755 2737 Si

160 2789 349 2833 autem
387 2779 502 2834 haec
542 2780 675 2833 ﬁunt
709 2782 762 2833 in
801 2778 901 2833 hoc
948 2777 1174 2841 mundo,
1208 2779 1257 2830 in
1306 2776 1507 2831 mundo
1552 2777 1602 2829 in
1643 2789 1755 2845 quo

164 2873 309 2926 Deus
343 2872 473 2926 nihil
502 2872 657 2925 nobis
685 2871 805 2924 boni
842 2870 1104 2940 promisit,
1136 2872 1187 2922 in
1228 2883 1333 2937 quo
1358 2882 1457 2922 nos
1483 2866 1615 2920 dixit
1634 2881 1754 2921 esse

159 2964 441 3033 llOSpileS;
470 2966 764 3035 cogitemus
790 2966 842 3019 in
874 2964 1019 3018 cmlis
1066 2971 1263 3033 quanta
1312 2970 1469 3017 erunt
1499 2961 1634 3015 bona
1662 2976 1749 3015 re-

158 3060 336 3127 posita
370 3078 384 3113 :
416 3059 461 3112 si
485 3059 574 3113 ubi
599 3068 753 3113 erant
782 3058 1022 3124 advenae,
1054 3066 1256 3110 tantum
1300 3066 1621 3126 acceperunt
1649 3052 1749 3107 ho-

154 3166 381 3215 norem;
427 3152 513 3206 ubi
558 3160 680 3205 sunt
730 3150 1006 3211 civitates,
1049 3159 1302 3218 quantam
1353 3154 1748 3215 consequentur

150 3244 427 3310 gloriam?
453 3243 495 3297 si
525 3243 613 3297 ubi
642 3242 887 3311 promisit
924 3240 1292 3305 afﬁictionem,
1327 3247 1502 3292 tantus
1528 3246 1609 3292 est
1633 3236 1745 3290 cul-

151 3342 270 3397 tus;
305 3333 399 3387 ubi
429 3333 565 3386 bona
598 3347 726 3386 vere
761 3341 845 3386 est
880 3331 1168 3400 pollicitus,
1200 3338 1398 3399 quanta
1425 3329 1527 3384 erit
1553 3328 1746 3398 quies?

146 3426 250 3480 Sed
277 3426 447 3480 vultis
488 3425 785 3479 mundanos
822 3424 982 3479 etiam
1024 3439 1119 3478 seu
1163 3425 1451 3478 saeculares
1488 3422 1742 3476 ostenda-

149 3521 301 3575 mus?
346 3518 497 3574 Nunc
521 3519 735 3589 quidem
768 3534 873 3572 non
904 3518 1191 3573 habemus:
1225 3532 1344 3571 nam
1376 3526 1499 3570 sunt
1524 3516 1742 3586 quidem

148 3614 383 3667 fortasse
421 3613 677 3667 mundani
708 3612 830 3666 boni
856 3620 911 3666 et
938 3612 1108 3680 probi,
1139 3610 1233 3665 sed
1262 3611 1350 3679 qui
1380 3614 1446 3663 ad
1477 3622 1739 3663 summam

145 3722 252 3761 non
296 3706 625 3777 perveniunt
668 3705 1077 3775 philosophiam.
1108 3703 1464 3771 Quamobrem
1495 3716 1559 3756 ex
1590 3710 1739 3755 vete-

144 3798 292 3852 ribus
342 3805 397 3851 et
435 3797 634 3851 sanctis
679 3796 852 3850 dicam
892 3795 1044 3850 vobis
1086 3794 1350 3863 exempla.
1384 3794 1549 3860 Quam
1585 3792 1735 3846 ntnlti

141 3889 230 3958 qui
260 3902 464 3943 uxores
508 3888 805 3955 habebant,
846 3896 900 3941 et
936 3886 1077 3941 ﬁlios
1102 3887 1338 3951 alebant,
1374 3885 1504 3939 nihil
1534 3886 1732 3945 minus,

143 3981 324 4045 nihil,
376 3982 628 4050 inquam,
675 3980 853 4033 minus
905 3979 1208 4033 habuerunt
1257 3993 1413 4048 quam
1464 3977 1553 4047 qui
1610 3975 1735 4029 dicti

140 4076 314 4128 sunt?
344 4074 450 4128 Sed
485 4087 628 4127 nunc
670 4087 773 4126 non
814 4072 938 4125 licet
979 4080 1195 4139 pr0pter
1234 4070 1520 4123 instantem
1549 4082 1735 4121 ncces-

138 4167 393 4229 sitatetn,
439 4166 584 4219 sicut
622 4164 753 4218 dicit
795 4163 879 4216 hic
921 4163 1127 4215 beatus.
1183 4160 1353 4226 Quem
1396 4174 1525 4229 ergo
1570 4158 1732 4212 vultis

139 4260 361 4314 dicam?
387 4258 520 4325 Noe,
550 4274 616 4312 an
644 4256 950 4311 Abraham?
980 4272 1046 4308 an
1079 4254 1234 4322 hujus
1265 4254 1524 4315 ﬁlium,an
1556 4251 1732 4304 illius?

138 4370 207 4408 an
254 4352 500 4421 Ioseph?
533 4350 638 4405 Sed
668 4350 826 4403 vultis
855 4348 1128 4403 veniamus
1161 4345 1227 4400 ad
1256 4343 1586 4413 prepbetas?
1618 4342 1729 4394 Mo-

139 4462 288 4512 sem,
316 4447 548 4515 inquam,
580 4445 791 4498 Isaiam.

216 4542 275 4595 ι.
309 4540 446 4606 Sed,
476 4541 517 4595 si
552 4539 710 4595 vultis
730 4580 744 4603 ,
774 4538 1071 4593 orationem
1104 4534 1430 4590 attrahamus
1459 4534 1524 4587 ad
1561 4532 1730 4587 Abra-

140 4634 273 4687 ham
297 4674 312 4695 ,
342 4648 496 4702 quem
538 4634 767 4687 maxime
805 4646 991 4686 omnes
1036 4630 1190 4684 nobis
1228 4643 1441 4697 semper
1477 4627 1727 4681 afferunt.

136 4726 337 4779 Annon
364 4726 591 4779 habebat
613 4740 857 4788 uxorem,
880 4738 1057 4777 annon
1086 4720 1315 4776 liberos?
1339 4736 1437 4790 ego
1457 4720 1599 4774 enim
1629 4719 1729 4774 hoc

134 4818 292 4871 vobis
331 4817 456 4871 dico
480 4860 495 4883 ,
537 4817 676 4887 quod
718 4831 813 4871 vos
856 4816 1030 4870 nobis.
1076 4814 1313 4869 Habebat
1347 4828 1601 4875 uxorem;
1633 4812 1725 4865 sed

136 4926 242 4963 non
275 4910 531 4979 quoniam
563 4910 789 4963 habebat
818 4923 1061 4967 uxorem,
1091 4916 1206 4961 erat
1233 4906 1563 4959 admirabilis
1592 4924 1603 4957 :
1635 4905 1728 4958 ba-

136 5001 299 5054 bebat
330 5000 611 5069 pecunias;
635 5001 728 5056 sed
761 5017 866 5054 non
898 5000 1021 5069 quia
1055 5000 1307 5068 pecunias
1336 4997 1581 5057 habebat,
1615 4997 1729 5065 pla-

130 5096 242 5149 cuit
269 5096 381 5149 Deo
407 5114 421 5150 :
454 5094 685 5148 habebat
713 5094 847 5147 ﬁlios
871 5111 884 5157 ;
915 5092 1006 5146 sed
1035 5106 1137 5145 non
1166 5092 1284 5160 quia
1314 5091 1449 5143 ﬁlios
1477 5089 1723 5153 habebat,

133 5187 460 5240 censebatur
505 5187 733 5241 beatus:
766 5194 1034 5239 trecentos
1072 5184 1254 5237 decem
1296 5191 1347 5237 et
1384 5191 1508 5235 octo
1544 5179 1724 5233 habuit

134 5292 369 5340 vernas;
401 5278 497 5331 sed
532 5295 635 5331 non
669 5278 789 5331 ideo
816 5277 1109 5331 habebatur
1139 5275 1191 5328 in
1222 5274 1591 5327 admiratione.
1620 5272 1723 5326 Sed

131 5372 209 5422 \‘is
252 5372 399 5423 scire
443 5369 708 5424 undenam
754 5369 1078 5423 haberetur?
1109 5368 1184 5421 Ex
1231 5366 1625 5435 hospitalitate,
1658 5380 1722 5417 ex

132 5464 377 5529 pecunia:
407 5460 684 5530 despectu,
716 5479 777 5515 ex
821 5461 1075 5515 modestia
1104 5472 1157 5514 et
1188 5459 1554 5529 temperantia.
1587 5458 1721 5524 Quid

132 5554 295 5617 enim,
331 5554 649 5622 dic,qu:eso,
684 5553 1019 5622 philoSOphi?
1044 5568 1218 5607 annon
1260 5551 1508 5618 iecunias
1534 5560 1584 5605 et
1610 5550 1723 5619 glo-

133 5644 263 5697 riam
290 5644 597 5713 despicere,
627 5646 819 5700 invidia
846 5655 899 5700 et
926 5648 1109 5715 quavis
1134 5644 1294 5699 animi
1323 5642 1720 5711 perturbatione

132 5742 183 5787 et
222 5735 548 5805 :egritudine
590 5752 709 5791 esse
752 5737 1122 5807 superiorem?
1168 5738 1278 5805 Age
1322 5751 1449 5803 ergo
1495 5750 1617 5787 eum
1666 5732 1716 5786 in

134 5827 370 5882 medium
395 5828 682 5884 adductum
705 5845 982 5894 exuamus,
1008 5839 1061 5883 et
1086 5828 1233 5883 vobis
1255 5828 1599 5882 o5tendanius
1623 5841 1718 5879 cu-

131 5915 367 5984 iusmodi
392 5930 540 5977 esset
564 5921 933 5996 philosophus.
965 5919 1202 5976 Primum
1220 5922 1353 5975 nihil
1379 5918 1716 5973 existimabat

1090 453 1156 512 [Ν
1194 454 1407 511 EPIST.
1449 454 1539 508 AD
1578 448 1821 506 EPHES.
1859 448 2011 505 CAP.
2052 450 2140 506 Vl.
2182 453 2409 510 HOMIL.
2444 454 2587 513 XXI.

3370 467 3471 523 454

1893 582 2012 621 esse
2039 570 2263 636 patriam
2290 587 2305 625 :
2332 570 2584 639 Egredere
2612 573 2773 636 enim,
2808 574 3026 639 audivit,
3059 592 3121 629 ea:
3146 586 3279 631 terra
3310 594 3397 632 tua
3424 593 3470 633 rt

1891 674 1953 712 ex
1980 661 2274 729 cognatione
2300 670 2387 715 tua
2413 661 2575 727 (Gen.
2607 663 2693 716 19..
2727 665 2751 718 1
2780 664 2833 730 );
2875 674 2929 720 et
2968 668 3143 721 statim
3175 679 3256 723 est
3284 685 3467 739 egros.

1889 764 1999 805 sus.
2026 751 2144 806 Non
2170 752 2268 807 fuit
2292 755 2473 809 domui
2503 756 2747 826 alligatus
2776 776 2789 809 :
2819 774 3001 812 revera
3030 760 3172 815 enim
3198 777 3300 816 non
3325 775 3467 818 esset

1888 858 2161 911 egressus;
2190 859 2299 898 non
2325 846 2571 900 amicitia:
2598 848 3021 913 consuetudinis,
3055 866 3159 903 non
3189 851 3282 905 ulli
3311 853 3463 907 alteri

1888 935 1988 989 rei.
2021 935 2188 990 Porro
2217 938 2448 992 maxime
2484 939 2721 993 omnium
2764 940 2983 1009 gloriam
3023 941 3266 1011 despexit
3292 953 3345 997 et
3375 960 3465 1012 pe-

1885 1030 2072 1084 cunias
2104 1049 2115 1083 :
2145 1031 2389 1086 confecto
2422 1035 2563 1085 enim
2604 1032 2761 1099 bello,
2794 1032 3028 1103 fusisque
3057 1051 3119 1088 ac
3148 1035 3339 1105 fugatis
3368 1036 3464 1092 ho-

1883 1120 2074 1184 stibus,
2104 1135 2224 1174 cum
2254 1133 2529 1191 rogaretur
2555 1124 2796 1192 accipere
2822 1126 3012 1194 spolia,
3044 1130 3324 1181 recusavit.
3354 1128 3459 1183 Sed

1881 1211 1996 1280 ejus
2029 1212 2165 1267 ﬁlius
2197 1228 2381 1268 rursus
2412 1230 2515 1269 non
2548 1215 2841 1271 habebatur
2867 1217 2919 1271 in
2950 1218 3302 1274 admiratione
3334 1235 3457 1288 pro-

1881 1314 2001 1373 pter
2031 1307 2301 1374 pecunias,
2335 1306 2429 1361 sed
2471 1318 2691 1377 propter
2720 1308 3163 1376 hospitalitatem;
3198 1325 3301 1363 non
3333 1327 3457 1377 pro-

1878 1406 1996 1464 pter
2024 1397 2220 1451 liberos
2245 1439 2259 1463 ,
2290 1397 2383 1452 sed
2424 1408 2641 1468 propter
2666 1399 3024 1453 obedientiam
3050 1417 3063 1465 ;
3095 1417 3198 1453 non
3237 1412 3456 1471 prepter

1876 1503 2096 1544 uxorem
2124 1530 2140 1551 ,
2169 1490 2258 1543 sed
2290 1501 2507 1560 propter
2543 1491 2877 1545 sterilitatem
2910 1491 2960 1562 in
2993 1508 3178 1546 uxore.
3212 1494 3454 1546 Praesen-

1876 1590 1981 1636 tem
2025 1584 2183 1637 vitam
2219 1582 2347 1637 nihil
2387 1582 2687 1649 ducebant,
2724 1586 2961 1654 pecunia:
2992 1602 3096 1639 non
3128 1587 3451 1653 studebant,

1873 1674 2049 1726 omnia
2090 1673 2477 1742 deSpiciebant.
2523 1675 2695 1740 Nam,
2727 1676 2814 1731 dic
2854 1677 2981 1732 mihi
3008 1719 3022 1743 ,
3051 1693 3291 1747 quamam
3330 1688 3455 1732 sunt

1870 1767 2065 1836 plautm
2091 1771 2306 1837 optima:
2333 1778 2386 1823 et
2416 1771 2909 1839 prmstantissimae?
2938 1786 3113 1826 annon
3141 1788 3218 1826 ea}
3244 1787 3360 1842 quae
3384 1788 3450 1826 ex

1870 1877 1929 1917 se
1956 1862 2155 1918 habent
2180 1863 2341 1929 vires,
2371 1874 2424 1919 et
2451 1880 2548 1918 nec
2576 1864 2835 1917 imbribus
2861 1880 2960 1919 nec
2980 1865 3323 1934 grandinibus
3352 1881 3450 1919 nec

1868 1964 2146 2009 ventorum
2175 1955 2398 2023 impetu,
2422 1971 2595 2022 neque
2623 1956 2723 2009 ulla
2748 1956 2847 2009 alia
2876 1956 3137 2024 ejusmodi
3163 1965 3449 2025 tempesta-

1869 2053 1978 2098 tum
2012 2045 2276 2101 lzeduntur
2318 2047 2716 2117 inmqualitate,
2758 2048 2852 2102 sed
2891 2056 3034 2101 stant
3078 2048 3232 2101 nudae
3269 2049 3447 2101 omnia

1865 2136 2252 2206 despicientes,
2284 2147 2338 2193 et
2367 2155 2538 2209 neque
2576 2140 2727 2193 vallis
2769 2155 2940 2209 neque
2986 2141 3231 2195 maceriis
3276 2157 3449 2211 neque

1864 2230 2034 2297 septis
2063 2230 2343 2300 indigent?
2369 2231 2513 2284 Talis
2536 2242 2614 2285 est
2660 2231 3030 2300 philosophus,
3062 2233 3191 2287 tales
3229 2232 3333 2286 illae
3363 2233 3446 2286 di-

1863 2320 2004 2374 vitia:
2036 2338 2049 2373 ε
2078 2320 2206 2375 nihil
2234 2320 2415 2387 habet,
2444 2330 2498 2375 et
2528 2321 2686 2375 habet
2712 2324 2889 2375 omnia
2917 2338 2931 2387 ;
2964 2324 3142 2377 omnia
3183 2322 3361 2387 habet,
3390 2316 3445 2377 et

1862 2414 1994 2469 nihil
2020 2414 2199 2469 habet.
2229 2415 2409 2469 Murus
2440 2416 2582 2469 enim
2610 2431 2714 2468 non
2743 2424 2827 2470 est
2854 2416 3193 2477 intrinsecus,
3221 2416 3313 2470 sed
3344 2431 3439 2469 ex-

1863 2506 2126 2561 trinsecus
2150 2523 2164 2568 ;
2190 2507 2359 2561 vallus
2383 2521 2490 2560 non
2513 2514 2595 2560 est
2618 2515 2840 2571 naturae,
2863 2506 2956 2561 sed
2981 2515 3063 2561 est
3083 2506 3439 2561 extrinsecus.

1859 2597 1995 2665 Quid
2023 2598 2183 2652 vero?
2206 2598 2519 2667 dic,quaeso,
2550 2598 2816 2667 quodnam
2849 2614 3042 2667 corpus
3067 2610 3151 2654 est
3172 2599 3439 2653 validum?

1859 2691 1982 2745 idne
2019 2691 2159 2761 quod
2195 2700 2277 2746 est
2317 2706 2536 2754 sanum,
2569 2700 2623 2746 et
2648 2707 2819 2761 neque
2854 2692 3026 2755 fame,
3059 2708 3232 2761 neque
3262 2694 3437 2758 reple-

1859 2784 2022 2847 tione,
2048 2798 2219 2853 neque
2240 2782 2453 2853 frigore,
2478 2797 2652 2851 neque
2671 2791 2801 2836 aestu
2825 2792 3156 2852 expugnatur
3177 2802 3189 2835 ε
3208 2799 3272 2836 an
3296 2784 3436 2853 quod

1853 2875 2109 2929 adversus
2141 2874 2252 2927 haec
2278 2874 2455 2927 omnia
2482 2884 2535 2927 et
2566 2888 2765 2927 mensa:
2805 2874 3153 2926 structoribus
3180 2882 3235 2926 et
3266 2884 3435 2927 texto-

1855 2967 2001 3021 ribus
2027 2975 2082 3022 et
2110 2968 2450 3021 venatoribus
2477 2975 2530 3020 et
2555 2966 2776 3019 medicis
2809 2966 3007 3034 indiget
3034 2977 3082 3018 ut
3112 2967 3180 3019 sit
3210 2982 3393 3019 sanmn
3412 2971 3435 3018 ’ἰ

1852 3059 1944 3114 Ille
1971 3068 2053 3113 est
2081 3059 2252 3124 dives,
2282 3059 2368 3127 qui
2400 3074 2525 3111 vere
2557 3056 2929 3126 phil050phus,
2963 3057 3109 3110 nullo
3138 3056 3323 3110 horum
3354 3059 3433 3110 in-

1851 3152 2011 3221 diget.
2058 3151 2345 3219 Propterea
2373 3150 2585 3204 dicebat
2629 3149 2715 3204 hic
2756 3150 2941 3203 beatus
2962 3190 2978 3214 ,
3008 3148 3239 3202 Educate
3267 3166 3351 3203 eos
3378 3151 3430 3202 in
3456 3190 3457 3193 η

1850 3244 2122 3309 disciplina
2154 3252 2201 3296 et
2248 3242 2454 3296 Domini
2493 3242 2855 3296 admonitione.
2896 3241 2971 3296 Ne
3011 3256 3138 3309 ergo
3174 3242 3340 3295 vallos
3378 3250 3447 3295 et»

1848 3345 1997 3406 septa
2039 3336 2370 3391 extrinsecus
2410 3335 2827 3403 circumponatis
2856 3350 2868 3385 :
2899 3333 3000 3386 hoc
3024 3333 3165 3387 enim
3195 3342 3317 3386 sunt
3345 3332 3429 3386 di-

1846 3427 2006 3490 vitite,
2037 3425 2137 3480 hoc
2162 3434 2245 3479 est
2270 3426 2457 3495 gloria.
2484 3424 2709 3490 Quando
2734 3425 2874 3478 enim
2901 3437 2962 3477 ea
2989 3422 3306 3488 deciderint,
3337 3423 3427 3475 de-

1844 3518 2028 3571 cidunt
2052 3529 2252 3580 autem,
2280 3517 2456 3584 planta
2482 3523 2564 3568 est
2604 3514 2765 3578 nuda,
2797 3523 2852 3568 et
2892 3521 3199 3582 expugnatu
3233 3511 3424 3575 facilis,

1843 3620 1901 3664 ut
1924 3626 2043 3680 qua:
2072 3610 2340 3677 praeterito
2368 3619 2606 3675 tempore
2633 3623 2738 3661 non
2764 3606 2933 3660 solum
2959 3604 3089 3658 nihil
3119 3605 3245 3658 lucri
3272 3618 3425 3657 acce-

1843 3702 2000 3770 perit,
2030 3700 2121 3755 sed
2151 3701 2309 3753 etiam
2338 3698 2532 3753 damno
2560 3699 2637 3752 sic
2664 3697 2853 3751 all'ecta
2885 3716 2897 3750 :
2930 3696 3007 3749 illi
3044 3696 3184 3749 enim
3220 3694 3342 3747 valli
3370 3703 3423 3748 et

1839 3802 1985 3862 septa
2037 3810 2159 3863 qua:
2216 3792 2494 3862 prohibent
2544 3791 2825 3859 quominus
2875 3789 3114 3845 decertet
3162 3787 3418 3841 adversus

1839 3885 2067 3941 insultus
2096 3895 2411 3948 ventorum,
2437 3885 2690 3939 efﬁciunt
2725 3894 2781 3938 ut
2820 3898 2959 3937 nunc
3001 3891 3222 3951 repente
3260 3881 3417 3933 simul

1835 3981 2098 4036 concidat.

1908 4073 2110 4127 Divitia:
2137 4073 2462 4141 quandonam
2488 4073 2696 4126 lwdant.
2723 4100 2793 4111 —
2815 4068 2979 4139 Magis
3009 4069 3185 4137 itaque
3220 4066 3417 4121 laedunt

1834 4166 2052 4231 divitiae,
2084 4173 2144 4219 ut
2169 4180 2286 4233 qua:
2313 4163 2541 4218 reddant
2568 4165 2855 4231 imparatos
2881 4170 2935 4215 et
2962 4159 3181 4213 minime
3208 4158 3414 4211 exerci-

1835 4266 1974 4312 tatos
2002 4257 2258 4311 adversus
2287 4258 2407 4309 Viue
2438 4256 2646 4324 iniquos
2673 4268 2848 4308 casus.
2881 4252 3040 4306 Tales
3066 4265 3194 4320 ergo
3222 4250 3412 4303 redda-

1833 4364 1952 4405 mus
1976 4350 2133 4413 ﬁlios,
2158 4358 2214 4401 ut
2238 4348 2442 4416 possint
2465 4346 2721 4400 adversus
2742 4344 2918 4397 omnia
2944 4343 3215 4402 resistere,
3244 4356 3412 4406 neth

1834 4457 1967 4496 nova
1998 4451 2053 4495 et
2085 4440 2259 4495 aliena
2301 4439 2583 4492 videantur
2617 4454 2735 4507 qua:
2781 4439 3057 4489 incurrunt
3085 4451 3097 4487 :
3124 4434 3412 4488 educamus

1831 4535 1883 4588 in
1909 4532 2185 4601 disciplina
2209 4540 2263 4586 et
2286 4530 2649 4585 admonitione
2679 4527 2882 4581 Domini
2908 4567 2923 4589 ,
2956 4536 3009 4580 et
3038 4540 3225 4594 magna
3253 4523 3406 4577 nobis

1830 4634 2118 4696 reponetur
2144 4638 2369 4677 merces.
2398 4621 2529 4676 Nam
2552 4621 2595 4674 si
2620 4622 2859 4674 homines
2887 4618 2975 4688 qui
3002 4632 3186 4686 regum
3215 4614 3411 4669 faciunt

1830 4717 2132 4781 simulacra,
2163 4723 2216 4769 et
2245 4715 2465 4783 pingunt
2491 4712 2764 4781 imagines,
2794 4717 2994 4763 tantum
3033 4707 3291 4760 honorem
3318 4720 3406 4758 as-

1827 4817 2123 4877 sequuntur
2151 4824 2163 4859 :
2198 4820 2295 4859 nos
2325 4806 2413 4874 qui
2448 4803 2644 4873 regiam
2673 4815 2925 4854 ornanms
2965 4800 3245 4867 imaginem
3278 4796 3404 4869 (Dei

1827 4901 1967 4954 enim
2003 4901 2174 4967 imago
2202 4907 2282 4951 est
2313 4898 2471 4949 homo
2489 4896 2530 4963 ),
2565 4910 2667 4946 non
2702 4893 2852 4946 bonis
2894 4890 3129 4945 fruemur
3160 4893 3405 4942 inmune-

1829 4991 2114 5055 rabilibus,
2146 4990 2197 5043 id
2238 4989 2523 5042 reddentes
2559 4986 2696 5053 quod
2742 4994 2823 5037 est
2861 4982 2927 5036 ad
2961 4979 3405 5034 similitudinem?

1827 5082 1957 5135 Nam
1983 5082 2084 5135 hoc
2110 5091 2192 5134 est
2219 5080 2413 5141 simile,
2448 5078 2610 5131 virtus
2636 5076 2846 5139 animre,
2877 5072 3089 5143 quando
3120 5072 3253 5125 lilios
3283 5086 3404 5124 eru-

1826 5177 2082 5231 dierimus
2118 5185 2174 5227 ut
2215 5176 2322 5227 sint
2361 5172 2483 5226 boni
2509 5211 2529 5237 ,
2557 5168 2768 5238 quando
2810 5176 2866 5221 ut
2906 5181 3011 5220 non
3040 5165 3146 5218 sint
3172 5164 3237 5217 ad
3271 5164 3399 5216 iram

1829 5270 2053 5337 prompti
2081 5310 2094 5330 ,
2124 5266 2337 5335 quando
2368 5272 2422 5317 ut
2452 5278 2554 5316 non
2586 5263 2691 5315 sint
2720 5258 2924 5329 injuria:
2953 5268 3256 5317 memores;
3291 5253 3402 5305 haec

1826 5376 2001 5413 onuna
2033 5367 2153 5411 sunt
2186 5358 2292 5411 Deo
2324 5354 2531 5425 propria
2565 5350 2810 5421 :quando
2842 5360 2898 5404 ut
2923 5348 3031 5403 sint
3058 5344 3314 5408 beneﬁci,
3346 5353 3404 5396 ut

1826 5452 1930 5505 sint
1962 5451 2207 5519 benigni,
2239 5448 2452 5517 quando
2482 5444 2834 5499 erudierimus
2866 5439 3014 5494 nihili
3040 5438 3235 5491 ducant
3262 5449 3401 5501 prte-

1824 5547 2015 5599 sentia.
2048 5544 2159 5598 Hoc
2189 5556 2316 5611 ergo
2348 5550 2585 5595 nostrum
2615 5538 2684 5592 sit
2714 5549 2865 5604 Opus,
2897 5547 2995 5587 nos
3027 5532 3169 5599 ipsos
3200 5536 3253 5582 et
3281 5527 3399 5580 illus

1824 5638 2023 5708 ﬁngere
2052 5652 2114 5690 ac
2142 5650 2463 5700 componere
2495 5641 2550 5684 ut
2578 5638 2808 5697 oportet.
2842 5625 3050 5693 Alioqui
3078 5638 3178 5691 qua
3210 5619 3399 5673 ﬁducia

1823 5732 2077 5786 stabimus
2112 5738 2236 5781 ante
2279 5725 2503 5780 tribunal
2531 5722 2767 5777 Christi?
2793 5718 2926 5773 Nam
2962 5718 3007 5771 si
3041 5716 3288 5785 indignus
3318 5724 3401 5768 est

1820 5824 2125 5893 episcopatu
2150 5818 2239 5887 qui
2268 5817 2406 5871 lilios
2430 5816 2589 5869 habet
2613 5829 2717 5867 non
2746 5809 3007 5876 subditos,
3036 5809 3203 5863 multo
3230 5806 3399 5875 magis

1820 5928 1983 5983 regno
2010 5910 2281 5965 caelorum.
2314 5906 2451 5974 Quid
2485 5904 2649 5960 dicis?
2678 5905 2724 5961 si
2759 5902 3016 5957 habemus
3045 5913 3267 5955 uxorem
3292 5896 3399 5952 im—
