3960 6532
622 402 722 455 135

624 518 921 573 modestam
946 556 963 581 ,
991 523 1043 570 ct
1069 515 1111 569 si
1142 512 1307 575 lilios,
1334 510 1622 565 reddendae
1653 508 1842 563 rationi
1875 508 2075 562 erimus
2103 506 2199 559 ob-

625 608 806 663 noxii?
832 606 1075 669 Maxime,
1107 604 1207 658 nisi
1233 612 1417 657 exacte
1443 612 1497 657 et
1525 609 1771 656 accurate
1800 598 2201 670 prmstiterimus

622 715 744 769 qua:
769 705 893 751 sunt
920 712 950 750 a
980 695 1132 750 nobis
1173 695 1473 764 praestanda
1504 712 1517 746 :
1550 709 1655 747 non
1681 692 1822 745 enim
1855 689 2061 759 propria
2087 687 2198 740 vir-

625 801 708 845 tus
735 789 887 843 nobis
913 786 1113 841 sufﬁcit
1138 786 1203 840 ad
1224 786 1476 840 salutem.
1499 784 1630 839 Nam
1657 783 1703 836 si
1729 783 1815 852 qui
1844 797 2000 833 unum
2032 779 2199 833 talen-

623 895 733 936 tum
764 896 869 935 non
899 880 1175 949 depOnens
1216 879 1345 932 nihil
1385 889 1467 932 est
1508 878 1741 932 lucratus
1764 916 1779 940 ,
1812 874 1906 928 sed
1934 873 2093 927 etiam
2122 872 2200 925 sic

622 975 857 1044 pluitur,
882 984 964 1028 est
994 973 1331 1043 perspicuum
1355 969 1493 1039 quod
1521 970 1687 1022 virtus
1715 966 1927 1036 propria
1958 978 2059 1016 non
2090 962 2196 1015 Suf-

622 1066 732 1119 tleit
758 1064 825 1119 ad
852 1065 1075 1119 salutem
1102 1105 1117 1128 ,
1145 1063 1237 1117 sed
1268 1061 1486 1115 alterius
1526 1060 1685 1112 etiam
1716 1058 1909 1110 virtute
1934 1068 2065 1122 opus
2095 1063 2195 1105 est.

618 1155 863 1223 Magnam
881 1171 1011 1227 ergo
1035 1171 1216 1210 curam
1242 1166 1490 1224 geramus
1509 1161 1562 1206 et
1584 1164 1806 1204 uxorum
1834 1156 1887 1201 et
1911 1145 2195 1199 liberorum

618 1257 673 1303 et
702 1248 1019 1303 famulorum
1054 1258 1109 1304 et
1134 1248 1300 1302 nostri
1327 1246 1591 1317 ipsorum,
1619 1253 1674 1299 et
1712 1242 1765 1296 in
1800 1240 1954 1295 nobis
1986 1237 2117 1307 ipsis
2142 1244 2197 1290 et

619 1340 726 1395 illis
749 1341 1133 1411 componendis
1162 1340 1324 1394 Deum
1355 1351 1622 1407 rogemus,
1650 1346 1706 1390 ut
1728 1332 1794 1387 ad
1814 1347 1932 1387 eam
1960 1344 2071 1384 rem
2100 1343 2195 1381 no-

620 1431 701 1487 bis
725 1449 880 1502 opem
911 1433 1061 1487 ferat.
1094 1430 1151 1517 Si
1180 1431 1372 1488 viderit
1411 1445 1511 1485 nos
1546 1432 1648 1484 hoc
1682 1440 1873 1482 curare
1906 1434 1960 1478 et
1988 1421 2057 1476 de
2091 1419 2193 1475 hoc

622 1532 3247 1571 ________________________________________

1359 398 1413 453 S.
1453 391 1729 453 JOANNIS
1763 390 2230 450 CIIRYSOSTOMI
2271 391 2584 448 ARCHIEP.
2625 388 3154 449 CONSTANTINOP.
3714 407 3778 465 ιω
3864 414 3865 459 ;

2308 521 2429 561 esse
2455 505 2734 571 sollicitos,
2764 520 2917 569 opem
2950 504 3121 570 feret;
3154 503 3236 557 sin
3275 504 3463 561 nullam
3491 506 3655 566 habere
3675 515 3777 586 hujus

2308 599 2384 651 rei
2428 597 2723 663 rationem,
2762 611 2978 650 manum
3016 610 3120 649 non
3160 595 3405 665 porriget.
3432 596 3534 652 Non
3562 604 3675 657 enim
3693 608 3775 665 dor.

2307 688 2594 743 mientibus
2622 688 2776 741 nobis
2802 688 2894 741 dat
2921 688 3174 741 auxilium
3204 687 3362 751 Deus,
3392 690 3479 744 sed
3507 692 3615 761 ipsis
3634 714 3778 770 quiqu

2306 780 2667 835 laborantibus
2698 798 2713 833 ι
2742 795 2861 833 nam
2906 779 3117 849 adjutor
3162 794 3267 833 non
3302 790 3377 833 est
3417 782 3586 844 otiosi,
3613 789 3683 841 sed
3704 792 3777 859 ejus

2303 873 2391 941 qui
2413 872 2526 940 ipse
2544 887 2753 941 quoque
2774 879 3045 940 operatur.
3068 870 3265 927 Potens
3287 882 3365 927 est
3384 884 3546 929 autem
3569 877 3778 952 DClISO'ptE

2304 980 2397 1032 per
2424 979 2482 1017 se
2508 963 2573 1017 ad
2604 962 2848 1018 elTeetum
2879 963 3173 1030 deducere,
3206 975 3263 1018 ut
3296 980 3474 1020 omnes
3503 969 3624 1040 digni
3648 974 3776 1031 hahea-

2304 1070 2421 1108 uiur
2446 1054 2537 1124 qui
2564 1054 2704 1109 bona
2735 1055 2993 1124 promissa
3021 1069 3428 1125 consequamur,
3459 1074 3543 1125 per
3563 1066 3729 1130 gratiam
3745 1082 3778 1123 et

2302 1144 2681 1216 benignitatem
2727 1146 2933 1200 Domini
2974 1146 3143 1201 nostri
3186 1146 3310 1203 Jesu
3356 1148 3572 1207 Christi.
3606 1157 3671 1209 cui
3699 1174 3777 1215 cum

2301 1236 2459 1291 Patre
2478 1247 2531 1291 et
2550 1235 2747 1306 Spiritu
2775 1247 2963 1291 sancto
2980 1237 3169 1308 gloria,
3196 1238 3494 1309 imperium,
3517 1243 3674 1314 honor,
3690 1266 3778 1306 nunc

2298 1336 2354 1385 et
2380 1344 2614 1398 semper,
2642 1339 2694 1383 et
2719 1328 2771 1383 in
2798 1329 2994 1385 saecula
3016 1330 3359 1385 saeculorum.
3386 1334 3565 1388 Amen.

3249 1536 3778 1561 -Ἡ

2030 1598 2381 1664 ΗΟΜΙΙᾹᾹ
2429 1597 2641 1658 XXII.

612 1758 743 1813 CAP.
768 1761 820 1813 6.
850 1774 901 1811 ν.
931 1760 984 1815 5.
1016 1759 1179 1819 Servi,
1208 1758 1403 1811 obedite
1425 1756 1638 1809 dominis
1671 1750 1955 1806 carnalibus
1984 1764 2097 1801 cum
2125 1750 2187 1797 ti-

683 1865 822 1902 more
857 1860 903 1902 et
944 1861 1188 1915 tremore,
1228 1850 1279 1901 in
1318 1847 1636 1917 simplicitate
1662 1842 1828 1897 cordis
1852 1840 2033 1901 vestri,
2068 1838 2195 1890 sicut

682 1940 883 1995 Christo
913 1957 932 1995 :
956 1941 1009 1995 li.
1037 1958 1136 1994 non
1160 1941 1228 1994 ad
1251 1940 1449 1994 oculum
1472 1939 1732 1991 servientes
1751 1938 1892 2003 quasi
1914 1930 2194 1986 hominibus

680 2034 932 2102 placentes
951 2075 967 2099 ,
993 2033 1083 2088 sed
1110 2043 1166 2086 ut
1195 2033 1322 2086 servi
1351 2030 1536 2085 Christi
1554 2071 1570 2093 ,
1608 2029 1846 2098 facientes
1886 2026 2191 2078 voluntatem

682 2122 781 2177 Dei
808 2139 871 2177 ea:
895 2124 1084 2185 animo,
1111 2124 1163 2176 7.
1188 2140 1303 2176 cum
1330 2122 1460 2176 bona
1484 2120 1736 2176 voluntate
1756 2118 2039 2178 servientes,
2065 2114 2192 2167 sicut

679 2213 908 2269 Domino
942 2225 988 2268 et
1035 2230 1136 2268 non
1179 2214 1500 2276 hominibus;
1530 2212 1582 2266 8.
1624 2210 1831 2264 scientes
1861 2207 1995 2276 quod
2028 2220 2188 2258 unus-

680 2309 890 2377 quisque
930 2308 1274 2378 quodcumque
1310 2307 1490 2374 fecerit
1532 2305 1714 2358 bonum
1737 2342 1754 2368 ,
1795 2302 1888 2355 hoc
1927 2298 2131 2368 recipiet
2158 2314 2191 2350 a

679 2398 924 2465 Domino,
952 2400 1055 2453 sive
1081 2415 1267 2463 servus,
1286 2401 1392 2453 sive
1408 2397 1549 2452 liber.

602 2494 605 2499 ‘
681 2484 734 2537 Ι.
768 2482 842 2537 De
864 2498 1120 2537 servorum
1150 2484 1343 2553 ofﬁciis.
1370 2513 1443 2524 ——
1466 2482 1579 2536 Non
1606 2480 1780 2535 solum
1820 2480 1999 2549 itaque
2025 2476 2187 2531 mari-

605 2584 726 2642 tus,
758 2591 931 2645 neque
959 2590 1094 2630 uxor
1114 2617 1129 2639 ,
1163 2592 1333 2645 neque
1375 2575 1466 2629 lilii
1488 2617 1503 2641 ,
1535 2574 1628 2630 sed
1659 2588 1937 2630 servorum
1975 2585 2188 2642 quoque

605 2670 775 2723 virtus
808 2670 1017 2723 confert
1052 2670 1116 2721 ad
1161 2670 1377 2723 domum
1409 2668 1836 2723 constituendam
1874 2676 1929 2722 et
1956 2666 2186 2721 admini-

602 2759 900 2814 strandam.
942 2760 1230 2829 Propterea
1264 2760 1449 2815 beatus
1482 2760 1676 2815 Paulus
1703 2774 1772 2815 ne
1810 2759 1946 2813 hanc
1970 2757 2185 2829 quidem

604 2862 810 2920 partem
838 2852 1067 2922 neglexit
1092 2868 1105 2918 ;
1137 2852 1230 2906 sed
1260 2861 1530 2921 postremo
1553 2851 1768 2922 quidem
1793 2851 1861 2905 ad
1890 2866 2008 2907 eam
2035 2865 2188 2905 acce-

603 2940 701 3001 dit.
725 2943 974 3010 quoniam
1001 2942 1256 3011 dignitate
1276 2958 1488 3013 quoque
1512 2943 1612 2998 sita
1635 2949 1719 2999 est
1744 2950 2032 3012 postrema.
2054 2940 2187 2996 Mula

605 3033 675 3087 tis
700 3047 878 3087 autem
907 3048 1027 3088 cum
1058 3034 1136 3089 eis
1164 3034 1293 3103 agit,
1324 3049 1431 3088 non
1474 3043 1740 3103 tamquam
1768 3048 1889 3089 eum
1920 3031 2059 3095 filiis.
2088 3030 2185 3087 sed

606 3125 776 3178 nmlto
803 3124 1122 3193 perfectius:
1144 3141 1248 3180 non
1269 3124 1411 3180 enim
1434 3126 1525 3179 dat
1545 3124 1631 3180 hic
1649 3125 1727 3180 eis
1752 3125 2182 3195 promissionem,

602 3216 698 3270 sed
728 3217 778 3269 in
807 3216 1003 3271 futuro.
1029 3216 1278 3283 Scientes,
1301 3217 1489 3287 inquit,
1516 3218 1651 3287 quod
1670 3217 2010 3287 unusquisque
2027 3217 2186 3284 quod—

602 3324 816 3377 cumque
831 3309 1001 3379 fecerit
1021 3309 1207 3362 bonum
1226 3309 1302 3363 vel
1321 3309 1532 3372 malum,
1556 3310 1651 3363 hoc
1673 3310 1878 3377 recipiet
1898 3325 1929 3361 a
1946 3308 2182 3362 Domino.

603 3399 671 3453 Et
692 3400 800 3465 jam
824 3400 981 3455 docet
1018 3399 1402 3471 philosophari.
1431 3399 1561 3454 Nam
1593 3401 1690 3455 etsi
1722 3401 2039 3453 auctoritate
2062 3408 2185 3453 sunt

602 3490 839 3544 minores
860 3490 1003 3551 ﬁliis,
1028 3491 1108 3545 sui
1128 3500 1301 3545 tamen
1325 3491 1577 3561 opinione
1599 3500 1720 3545 sunt
1744 3492 1994 3558 majores.
2015 3490 2181 3554 Servi,

603 3583 775 3651 inquit
798 3624 813 3649 ,
848 3584 1044 3637 obedite
1080 3584 1299 3638 dominis
1339 3585 1646 3638 carnalibus.
1686 3584 1910 3639 Mmmre
1939 3583 2181 3638 allectum

600 3674 781 3726 statim
825 3675 996 3729 erexit
1035 3676 1303 3741 animam,
1335 3687 1387 3730 et
1416 3677 1593 3729 stitim
1629 3687 1711 3730 est
1746 3675 2070 3730 consolatus.
2106 3673 2184 3730 Ne

601 3764 803 3830 doleas,
828 3766 1019 3836 inquit,
1046 3768 1185 3836 quod
1214 3767 1388 3821 minus
1414 3767 1608 3822 habeas
1629 3782 1785 3833 quam
1809 3781 1942 3821 uxor
1965 3775 2021 3821 et
2046 3765 2138 3820 lilii
2166 3784 2180 3821 :

602 3857 774 3909 solum
801 3866 882 3911 est
909 3872 1103 3911 nomen
1144 3858 1450 3922 servitutis;
1488 3857 1706 3912 carnale
1740 3866 1821 3912 est
1850 3857 2142 3911 dominium
2164 3897 2179 3923 ,

605 3950 899 4016 temporale
928 3957 981 4002 et
1008 3949 1173 4003 breve
1202 3965 1215 4000 :
1248 3949 1501 4018 quidquid
1532 3950 1673 4003 enim
1711 3959 1792 4003 est
1831 3948 2075 4012 carnale,
2101 3956 2185 4002 est

604 4040 860 4093 caducum
902 4049 955 4094 ct
994 4054 1100 4093 non
1138 4040 1465 4093 diuturnum.
1498 4038 1626 4094 Cum
1659 4041 1870 4105 timore,
1903 4039 2107 4109 inquit,
2136 4050 2183 4092 et

604 4142 837 4185 tremore.
873 4130 1034 4185 Vides
1060 4130 1200 4199 quod
1238 4145 1342 4184 non
1369 4130 1614 4185 eumdem
1647 4131 1889 4185 timorem
1917 4130 2092 4199 exegit
2116 4129 2184 4183 ab

608 4238 774 4276 uxore
812 4232 868 4276 et
909 4222 1115 4276 servis?
1142 4221 1272 4275 Nam
1317 4222 1424 4276 illic
1468 4222 1684 4291 quidem
1728 4222 1861 4275 dixit
1900 4221 2180 4288 absolute,

606 4312 800 4368 Mulier
835 4314 1007 4368 timeat
1048 4314 1285 4367 maritum
1317 4328 1335 4367 :
1364 4312 1449 4367 hic
1486 4323 1662 4366 autem
1703 4328 1826 4366 cum
1866 4313 2181 4379 inteusione,

604 4402 733 4459 Cum
773 4404 950 4458 timore
987 4415 1035 4459 et
1069 4414 1302 4459 tremore.
1346 4404 1414 4458 In
1450 4405 1771 4475 simplicitate
1797 4404 1965 4458 cordis
1995 4404 2181 4469 vestri,

604 4496 735 4550 sicut
755 4495 975 4549 Christo.
1004 4496 1117 4551 lloc
1135 4496 1267 4552 dicit
1293 4495 1618 4567 frequenter.
1641 4496 1779 4566 Quid
1800 4497 1956 4564 dicis,
1976 4512 2010 4552 ο
2031 4496 2186 4552 beate

606 4584 813 4639 Paule?
839 4598 919 4640 est
948 4586 1130 4650 frater,
1161 4588 1346 4643 eadem
1372 4596 1456 4642 est
1476 4597 1857 4658 consequutus,
1888 4598 1971 4644 est
2010 4589 2059 4642 in
2088 4604 2183 4644 eo-

607 4677 729 4729 dem
760 4692 1023 4744 corpore:
1052 4679 1160 4731 imo
1198 4677 1366 4732 lactus
1402 4688 1485 4733 est
1512 4679 1679 4734 frater
1704 4694 1809 4733 non
1840 4680 1920 4734 sui
1947 4679 2184 4745 domini,

608 4766 703 4820 sed
743 4766 879 4820 adeo
908 4767 1024 4821 Filii
1059 4769 1147 4823 Dei
1173 4785 1188 4833 ;
1220 4770 1408 4824 fruitur
1436 4771 1624 4824 iisdem
1652 4772 1920 4834 omnibus,
1947 4782 2000 4825 et
2030 4770 2185 4838 dicis,

613 4857 823 4913 Obedite
842 4859 1059 4914 dominis
1081 4861 1365 4915 carnalibus
1388 4878 1504 4915 cum
1525 4863 1702 4917 timore
1719 4871 1768 4917 et
1789 4873 2005 4917 tremore
2019 4864 2045 4917 2
2068 4864 2190 4917 Pro-

610 4963 794 5018 pterea
819 4951 985 5016 enim,
1016 4951 1203 5021 inquit,
1232 4952 1371 5007 dico.
1405 4951 1534 5007 Nam
1562 4953 1606 5008 si
1628 4951 1811 5022 jubeo,
1841 4954 2032 5024 inquit,
2058 4954 2192 5009 libe—

609 5056 702 5097 ros
726 5041 949 5095 invicem
972 5056 1091 5097 esse
1110 5042 1381 5113 subjectos
1408 5053 1623 5112 promer
1641 5044 1886 5099 timorem
1913 5045 2027 5112 Dei,
2052 5045 2191 5101 sicut

607 5131 821 5187 dicebat
836 5134 1100 5202 superius,
1126 5133 1351 5204 Subjecti
1370 5135 1578 5189 invicem
1596 5135 1647 5189 in
1666 5136 1844 5191 timore
1858 5135 1950 5191 Dei
1972 5136 2188 5207 (Ephes.

607 5224 665 5282 ὅ.
695 5223 824 5295 Ξ1);
851 5225 896 5278 si
918 5224 1083 5294 jubeo
1113 5241 1333 5279 uxorem
1363 5226 1551 5281 timere
1584 5228 1862 5294 maritum,
1893 5228 2102 5283 etiamsi
2126 5244 2190 5284 ea

609 5319 682 5374 sit
724 5333 820 5389 par
860 5319 1064 5373 honore
1090 5337 1103 5373 :
1133 5320 1300 5374 multo
1327 5319 1493 5389 magis
1522 5335 1756 5375 servum.
1795 5320 1916 5377 Non
1939 5331 2022 5377 est
2048 5324 2190 5377 enim

610 5410 714 5466 hoc
741 5410 1073 5481 ignobilitas,
1103 5412 1195 5465 sed
1236 5413 1401 5481 prima
1430 5411 1712 5478 nobilitas,
1739 5415 1879 5469 scire
1905 5429 2025 5469 esse
2054 5414 2191 5470 infe-

610 5505 835 5572 riorem,
863 5514 919 5561 et
947 5506 1189 5561 modeste
1212 5521 1271 5561 se
1295 5521 1504 5576 gerere,
1536 5516 1591 5561 et
1614 5506 1807 5562 cedere
1834 5508 2095 5577 proximo.
2127 5509 2194 5563 Et

610 5598 767 5654 liberi
798 5600 983 5667 liberis
1015 5614 1135 5655 cum
1168 5600 1334 5655 multo
1361 5601 1550 5654 timore
1575 5609 1629 5654 et
1658 5606 1892 5655 tremore
1928 5599 2187 5655 serviunt.

613 5688 681 5742 In
720 5690 1042 5758 simplicitate
1068 5692 1266 5751 cordis.
1300 5691 1486 5757 inquit.
1529 5690 1692 5747 Recte
1730 5690 1890 5756 dixit;
1934 5694 2186 5763 quoniam

615 5780 732 5834 heri
777 5790 952 5850 potest
989 5791 1046 5836 ut
1082 5785 1341 5838 serviatur
1366 5799 1486 5838 cum
1517 5786 1708 5838 timore
1743 5793 1796 5838 et
1832 5794 2065 5839 tremore
2088 5826 2103 5850 ,
2132 5793 2188 5838 at

614 5888 721 5930 non
751 5888 818 5930 ex
840 5874 1225 5943 benevolentia,
1260 5877 1351 5933 sed
1382 5887 1665 5949 utcumque
1684 5878 1824 5934 licet.
1850 5877 1964 5934 Non
1993 5880 2185 5936 anim-

2302 1741 2651 1795 advertuntur
2693 1744 2833 1796 enim
2873 1745 3020 1798 multi
3072 1745 3236 1799 multa
3278 1761 3436 1814 prave
3487 1761 3693 1818 gerentes
3723 1757 3775 1810 ad-

2300 1846 2485 1886 versus
2529 1832 2796 1887 dominos.
2845 1834 3007 1903 Igitur
3048 1836 3183 1889 hanc
3228 1852 3442 1905 quoque
3487 1853 3666 1905 pravam
3697 1846 3777 1899 tollit

2300 1924 2624 1992 nequitiam,
2656 1924 2876 1992 dicens,
2913 1925 2977 1979 lu
3016 1928 3336 1994 simplicitate
3368 1931 3531 1982 cordis
3564 1934 3682 1985 vestri
3701 1936 3776 1987 sicut

2297 2014 2539 2070 Domino.
2586 2016 2705 2070 Non
2745 2020 2813 2070 ad
2853 2018 3055 2071 oculum
3098 2021 3364 2073 servientes
3406 2023 3543 2089 quasi
3582 2023 3778 2077 hominibvs

2300 2108 2570 2176 placentes,
2604 2108 2692 2163 sed
2717 2120 2768 2161 ut
2795 2110 2924 2162 servi
2953 2108 3159 2175 Christi,
3188 2111 3428 2179 facientes
3450 2114 3706 2166 voluntatem
3726 2118 3777 2168 θα

2298 2218 2361 2255 ea:
2388 2202 2576 2265 animo,
2608 2218 2723 2255 cum
2748 2201 3086 2256 benevolentia
3118 2204 3384 2257 servientes
3409 2205 3530 2258 sicut
3558 2204 3738 2269 Domino,
3755 2220 3781 2261 tt

2297 2309 2398 2346 non
2429 2293 2729 2348 hominibus.
2762 2293 2923 2349 Vides
2951 2311 3107 2365 quam
3135 2296 3313 2349 multis
3340 2311 3476 2366 opus
3513 2297 3732 2361 habuerit,
3750 2313 3783 2352 at

2298 2382 2400 2438 hoc
2426 2383 2621 2439 bonum
2649 2394 2705 2439 et
2734 2384 3014 2441 honestum
3043 2387 3325 2451 insereret,
3354 2388 3483 2443 Cum
3515 2388 3781 2453 benevolentia,

2296 2475 2543 2545 inquam,
2588 2486 2635 2530 et
2677 2493 2741 2530 ea:
2779 2478 2995 2532 animo?
3036 2477 3169 2532 Nam
3212 2478 3338 2532 illud
3384 2478 3586 2548 quidem
3621 2480 3785 2534 videmus

2294 2567 2493 2622 multos
2527 2567 2785 2627 exhibere
2826 2568 3094 2635 dominis,
3123 2566 3251 2625 Cum
3288 2574 3506 2632 timore,
3547 2571 3785 2638 inqpam,ct

2294 2666 2547 2725 tremore;
2586 2668 2641 2713 et
2684 2659 2751 2713 ad
2791 2658 2922 2713 illud
2964 2659 3130 2713 multa
3169 2659 3415 2715 efficiunt
3443 2662 3590 2714 mina:
3612 2661 3782 2716 domini:

2293 2749 2400 2805 Sed
2426 2749 2668 2814 ostende,
2700 2750 2892 2821 inquit,
2921 2760 2975 2807 te
3000 2750 3205 2807 servire
3239 2761 3508 2823 tamquam
3531 2751 3695 2808 Christi
3714 2766 3786 2807 set-

2293 2856 2441 2907 vum,
2467 2857 2572 2895 non
2601 2850 2868 2911 tamquam
2892 2839 3126 2897 hominis
3158 2859 3173 2897 :
3202 2843 3283 2896 fac
3304 2852 3361 2897 ut
3384 2842 3525 2911 quod
3543 2857 3571 2895 a
3592 2852 3636 2897 te
3656 2842 3787 2912 geritur

2293 2931 2363 2986 sit
2391 2940 2538 2986 tuum
2564 2945 2701 3003 opus
2722 2973 2738 2998 ,
2764 2948 2873 2987 non
2915 2932 3270 2988 necessitatis.
3300 2931 3461 2989 Sicut
3485 2932 3533 2987 ei
3555 2933 3635 3001 qui
3655 2931 3707 2986 ab
3725 2932 3788 2988 alio

2292 3024 2433 3079 male
2459 3025 2655 3094 patitur
2679 3024 2909 3093 suadet,
2934 3033 2990 3080 et
3014 3025 3171 3081 docet
3207 3041 3303 3095 per
3328 3040 3396 3080 ea
3427 3041 3542 3096 qua:
3564 3024 3787 3081 deindete-

2292 3127 2562 3189 quuntur.
2590 3128 2648 3174 ut
2672 3133 2827 3173 suum
2854 3133 2976 3174 esse
3007 3117 3167 3173 faciat
3192 3118 3336 3189 quod
3379 3127 3527 3173 recte
3559 3118 3791 3189 geritnr,et

2292 3225 2412 3265 esse
2456 3209 2609 3265 liberi
2656 3209 2739 3265 sui
2781 3209 2988 3264 arbitrii
3022 3227 3036 3264 :
3068 3210 3141 3265 ita
3169 3220 3223 3265 et
3254 3209 3423 3264 hunc.
3460 3209 3587 3265 Nam
3616 3211 3712 3279 quia
3737 3210 3790 3278 qui

2291 3300 2563 3354 maxillam
2606 3301 2905 3370 percussit,
2935 3317 3042 3356 non
3068 3300 3136 3356 ad
3165 3302 3268 3356 hoc
3292 3289 3448 3356 venit
3471 3317 3534 3357 ex
3557 3310 3704 3356 mente
3719 3301 3791 3368 ejus

2290 3392 2379 3461 qui
2418 3400 2502 3446 est
2534 3407 2819 3461 percussus
2842 3433 2857 3457 ,
2884 3393 2978 3447 sed
3017 3408 3047 3447 a
3084 3408 3179 3449 sua
3218 3394 3485 3464 pravitate
3506 3434 3522 3460 ,
3556 3392 3666 3464 quid
3687 3394 3791 3448 dio't?

2292 3483 2473 3536 Prwbe
2508 3483 2586 3537 illi
2609 3494 2655 3537 et
2682 3485 2895 3538 alteram
2924 3483 3141 3555 (Matth.
3168 3486 3221 3540 5.
3253 3484 3390 3555 39);
3423 3485 3686 3541 ostendens
3704 3483 3793 3554 quod

2291 3589 2401 3628 non
2427 3574 2632 3629 invitus
2652 3590 2769 3629 eam
2800 3576 3008 3645 alapam
3052 3576 3397 3631 sustinueris.
3429 3576 3559 3631 Nam
3584 3577 3661 3645 qui
3691 3576 3738 3629 ad
3764 3575 3794 3627 id

2289 3666 2429 3735 quod
2455 3675 2539 3721 est
2568 3667 2705 3721 male
2733 3681 2948 3737 passum
2975 3682 3130 3734 esse,
3156 3667 3358 3721 affatim
3389 3669 3556 3723 etiam
3587 3678 3791 3736 superem.

2289 3760 2464 3828 gavit;
2494 3759 2546 3813 id
2572 3759 2713 3829 quod
2742 3775 2847 3814 non
2883 3772 2998 3816 erat
3035 3775 3192 3815 suum
3215 3801 3230 3824 ,
3260 3775 3420 3815 suum
3468 3776 3586 3817 esse
3618 3761 3735 3824 fecit,
3758 3772 3797 3811 eo

2288 3850 2431 3922 quod
2460 3852 2613 3906 alteri
2639 3852 2866 3907 maxilla:
2890 3853 2961 3906 sit
2986 3852 3179 3907 inﬂicta
3207 3853 3385 3922 alapa,
3412 3868 3518 3908 non
3543 3852 3689 3907 solum
3707 3850 3795 3915 quod

2290 3946 2490 4000 tulerit.
2521 3945 2633 4000 Hoc
2663 3946 2805 4001 enim
2839 3944 3065 4001 fortasse
3092 3946 3360 4000 videbitur
3387 3948 3551 4002 etiam
3574 3960 3679 4001 esse
3700 3944 3799 3997 timo

2290 4038 2400 4100 ris;
2442 4037 2570 4091 illud
2605 4046 2781 4091 autem
2823 4037 3004 4090 multae
3041 4047 3125 4092 est
3167 4036 3547 4108 philOSOphite.
3585 4032 3797 4091 Ostendisti

2291 4119 2448 4198 igitur
2478 4130 2617 4198 quod
2655 4129 2755 4184 hoc
2783 4129 2943 4184 etiam
2975 4130 3161 4185 tuleris
3206 4142 3428 4199 propter
3464 4129 3799 4202 philosophiam.

2290 4223 2474 4292 Itaque
2500 4238 2640 4278 nunc
2665 4239 2875 4293 quoque
2902 4224 3144 4286 ostende,
3176 4225 3316 4294 quod
3347 4239 3543 4294 sponte
3573 4225 3693 4280 feras
3713 4223 3800 4274 hanc

2290 4318 2599 4372 servitutem
2623 4357 2639 4383 ,
2669 4333 2772 4371 non
2805 4328 2860 4371 ut
2886 4318 3190 4373 hominibus
3219 4320 3455 4388 placeas.
3484 4319 3583 4387 Qui
3609 4332 3715 4386 ergo
3732 4324 3801 4368 ειη-

2291 4408 2382 4463 det
2399 4407 2701 4462 hominibus
2726 4408 2957 4478 placere,
2984 4426 3090 4464 non
3114 4418 3198 4464 est
3221 4425 3411 4465 servus
3432 4410 3655 4473 Christi;
3673 4407 3737 4477 qui
3752 4413 3801 4457 est

2290 4509 2468 4554 autem
2499 4514 2689 4555 servus
2712 4499 2932 4563 Christi,
2966 4516 3070 4555 non
3110 4500 3289 4556 studet
3313 4503 3531 4572 placere
3553 4500 3801 4557 hominibus.

2291 4590 2422 4657 Quis
2450 4591 2616 4655 enim,
2644 4606 2765 4646 cum
2800 4590 2871 4645 sit
2906 4590 2998 4646 Dei
3042 4607 3231 4647 servus
3250 4634 3265 4661 ,
3294 4594 3404 4647 vult
3436 4591 3717 4647 hominibus
3736 4590 3802 4657 pl»

2293 4698 2417 4738 cere
2432 4686 2456 4735 Υ
2481 4691 2536 4737 et
2563 4683 2681 4752 quis
2720 4683 3023 4738 hominibus
3046 4684 3279 4752 placens,
3306 4694 3487 4753 potest
3506 4699 3623 4740 esse
3643 4682 3720 4738 Dei
3736 4695 3807 4733 sct-

2295 4776 2425 4830 vus?
2449 4774 2531 4829 Ea:
2557 4776 2747 4841 animo,
2779 4775 2985 4845 inquit,
3010 4792 3125 4829 cum
3150 4778 3281 4830 bona
3310 4777 3569 4831 voluntate
3590 4775 3805 4830 servitum.

2294 4866 2460 4922 Recte
2482 4867 2559 4921 sic
2579 4866 2741 4921 dixit:
2762 4882 2883 4921 nam
2905 4868 3155 4938 quoniam
3177 4878 3231 4923 et
3253 4868 3305 4923 in
3328 4869 3663 4937 simplicitate
3680 4860 3809 4919 servin

2297 4970 2493 5029 potest,
2512 4969 2566 5014 et
2589 4974 2694 5014 non
2717 4975 2880 5029 prave
2903 4974 2967 5014 ac
2983 4961 3233 5030 maligne,
3251 4959 3344 5015 sed
3367 4975 3483 5014 non
3506 4960 3625 5014 totis
3650 4956 3810 5009 viribus

2296 5050 2390 5105 sed
2413 5061 2613 5104 tantum
2644 5050 2852 5119 impleri
2868 5051 3007 5121 quod
3028 5051 3253 5118 debetur
3281 5071 3295 5106 :
3320 5062 3605 5122 propterea
3620 5044 3813 5108 dicit.E1

2296 5142 2459 5197 animi
2486 5142 2758 5197 alacritate
2781 5185 2796 5209 ,
2829 5158 2935 5197 non
2965 5159 3029 5198 ex
3071 5145 3421 5209 necessitate;
3454 5161 3523 5200 cx
3566 5145 3713 5198 libera
3742 5138 3815 5190 cie.

2296 5235 2495 5301 ctione,
2516 5250 2619 5289 non
2639 5250 2704 5291 ex
2726 5237 3004 5304 pravitate.
3023 5236 3079 5291 Si
3101 5238 3178 5291 sic
3201 5237 3425 5301 servias,
3450 5253 3558 5291 non
3580 5251 3638 5291 es
3652 5244 3814 5289 servus:

2299 5328 2344 5383 si
2367 5343 2433 5384 ex
2455 5327 2621 5383 libero
2647 5328 2868 5382 arbitrio
2898 5338 2951 5383 et
2972 5330 3231 5392 instituto,
3256 5330 3300 5383 si
3323 5345 3445 5384 cum
3486 5322 3817 5384 benevolentia.

2299 5421 2347 5476 si
2366 5436 2432 5475 ex
2458 5422 2654 5485 animo,
2679 5422 2722 5474 si
2746 5430 2961 5490 propter
2984 5420 3279 5477 Christum.
3309 5422 3455 5477 llauc
3483 5421 3623 5476 enim
3642 5416 3821 5471 servitii-

2301 5524 2407 5569 tem
2431 5515 2596 5569 servit
2632 5515 2791 5569 etiam
2819 5515 3016 5569 Paulus
3056 5515 3147 5569 ille
3184 5514 3347 5580 liber,
3371 5525 3426 5569 et
3451 5515 3643 5568 clamat
3665 5511 3821 5563 dicens.

2301 5604 2424 5659 Non
2451 5606 2581 5658 enim
2606 5622 2696 5658 nos
2725 5609 2861 5675 ipsos
2903 5606 3235 5675 prtedicamus
3256 5646 3272 5669 ,
3302 5606 3389 5660 sed
3418 5606 3669 5659 Christum
3692 5600 3823 5654 λείπω

2301 5694 2594 5759 Dominum,
2616 5712 2706 5748 nos
2731 5706 2896 5749 autent
2913 5697 3048 5767 ipsos
3069 5713 3234 5750 servos
3263 5707 3445 5751 vestros
3473 5705 3673 5765 propter
3692 5690 3825 5743 Iesum

2302 5786 2379 5859 (2.
2412 5787 2529 5840 Cor.
2559 5788 2611 5841 4.
2641 5787 2720 5856 5).

2372 5881 2423 5936 8.
2479 5878 2608 5934 Vide
2636 5878 2905 5949 quomodo
2936 5879 3028 5935 tibi
3075 5877 3245 5935 aufert
3288 5876 3671 5951 ignobilitatem
3692 5863 3823 5924 servi;
