3974 6552
229 443 338 502 155

224 559 378 625 τοὺς,
400 555 497 612 καὶ
521 556 583 611 ἐν
606 556 687 630 τῷ
704 556 949 621 ἐκείνους
977 554 1388 627 ρυθμίζειν,τδν
1408 554 1542 609 Θεὸν
1572 572 1819 627 παρακα-

223 641 436 713 λῶμεν,
477 639 621 695 ὥστε
646 638 1133 695 συναντιλαϐέσθαι
1171 641 1304 709 ἡμῖν
1331 637 1425 693 τοῦ
1478 638 1658 709 έργου.
1720 642 1817 693 Ἂν

227 724 311 797 ῐδῃ
353 727 507 796 ἡμᾶς
532 724 691 778 τοῦτο
723 723 1124 797 μεριμνῶντας,
1183 724 1379 777 τούτου
1412 724 1816 797 φροντίζοντας,

225 807 712 878 συναντιλήψεται·
751 808 819 862 ἂν
846 806 905 859 δὲ
940 806 1146 878 μηδένα
1172 808 1528 879 ποιουμένους
1552 809 1729 877 λόγον,
1754 808 1815 861 οὑ

221 890 590 963 δώσειχεῖρα.
624 893 700 946 Οὑ
726 893 837 962 γὰρ
878 890 1231 946 καθεύδουσιν
1278 892 1410 963 ἡμῖν
1448 895 1676 965 χορηγεῖ
1717 891 1817 972 τῂν

226 973 489 1045 βοήθειαν
543 979 571 1031 ό
602 977 759 1041 Θεὸς,
789 976 929 1031 ἀλλὰ
978 976 1332 1047 πονουμένοις
1379 979 1474 1032 καί
1507 979 1712 1042 αὐτοῖς.
1754 973 1818 1031 ὐ

223 1058 334 1129 γὰρ
370 1060 566 1132 βοηθὸς
596 1060 660 1115 οὐ
684 1060 785 1113 τοῦ
825 1058 1127 1132 ἀργοῦντός
1166 1063 1283 1114 ἐστι
1308 1060 1523 1134 βοηθὸς,
1554 1062 1692 1117 ἀλλὰ
1720 1060 1817 1116 τοῦ

1042 439 1112 496 ΙΝ
1149 440 1374 498 EPIST.
1420 441 1513 495 AD
1552 440 1791 499 EPHES.
1833 442 1987 497 CAP.
2017 441 2108 497 VI.
2151 440 2389 497 HOMIL;
2434 440 2604 497 XXII.

3394 446 3498 503 {56

1916 555 2011 609 καὶ
2028 554 2195 609 αὑτοῦ
2223 554 2621 624 ἐργαζομένου.
2647 554 2882 619 Δυνατδς
2905 555 2962 609 δέ
2993 556 3023 608 ό
3042 555 3245 625 ἀγαθὸς
3273 556 3406 621 Θεὸς
3425 558 3495 613 δι’

1916 636 2112 692 ἑαυτοῦ
2140 637 2203 690 τὸ
2232 637 2393 708 ἔργον
2432 640 2512 701 εἰς
2556 636 2708 701 τέλος
2736 639 2987 707 ἀγαγεῖν,
3042 640 3130 693 ἵνα
3172 640 3497 711 ἀξιωθῶμεν

1914 724 2116 784 πάντες
2143 722 2418 791 ἐπιτυχεῖν
2446 721 2555 774 τῶν
2582 722 3006 793 ἐπηγγελμένων
3038 725 3277 793 ἀγαθῶν,
3312 726 3494 795 χάριτι

1915 806 2011 860 καὶ
2040 804 2383 877 φιλανθωπίᾳ
2412 805 2503 859 τοῦ
2540 805 2693 877 [165]
2736 806 2941 878 Κυρίου
2968 808 3125 879 ἡμῶν
3166 808 3337 881 Ἰησοῦ
3361 810 3495 880 Χρι-

1916 888 2065 955 στοῦ,
2099 888 2220 961 μεθ’
2242 881 2304 943 οὗ
2332 889 2411 960 τῷ
2424 890 2600 959 Πατρί
2627 889 2741 960 ἅμα
2770 889 2848 961 τῷ
2878 891 3016 963 ἁγίῳ
3039 892 3317 963 Πνεύματι
3342 892 3490 957 δόξα,

1914 973 2137 1047 κράτος,
2166 974 2326 1046 τιμὴ,
2358 973 2453 1030 νῦν
2476 974 2569 1029 καὶ
2590 974 2698 1041 ἀεὶ,
2734 974 2829 1028 καὶ
2866 977 2946 1040 είς
2966 976 3092 1040 τοὺς
3120 977 3325 1042 αἰῶνας
3381 976 3491 1031 τῶν

1914 1058 2145 1114 αἰώνων.
2182 1059 2375 1131 Ἀμήν.

1727 1479 1978 1536 ΟΜΙΛῙΑ
2014 1480 2144 1539 KB’.

216 1640 285 1696 Ol
336 1638 574 1703 δοῦλοι,
606 1637 947 1695 ὖπακούετε
982 1636 1110 1704 τοῖς
1156 1638 1388 1708 κυρίοις
1429 1638 1581 1695 κατὰ
1609 1639 1806 1708 σάρκα

284 1710 439 1798 μετὰ
468 1710 657 1799 φόϐου
702 1709 1081 1799 καξντρόμρυ,
1126 1708 1195 1799 ἐξ
1230 1710 1520 1799 dzx'dtﬂ?
1562 1710 1804 1799 Ξιαρςίας

290 1778 481 1849 ὐμῶν,
523 1781 606 1847 ὡς
651 1780 735 1844 τῷ
790 1778 1062 1847 Χριστῷο
1100 1778 1186 1849 μὴ
1225 1781 1354 1833 κατ’
1393 1778 1804 1849 ὀφθαλμοδου-

289 1848 467 1905 λείαν
498 1852 579 1916 ὡς
605 1848 1116 1920 ἀνθρωπάρεσκοι,
1145 1850 1292 1920 ,ἀλλ’
1335 1848 1663 1917 ὠςίδοῦλοι
1694 1850 1801 1905 τοῦ

288 1920 583 1989 Χριστοῦ,
621 1918 940 1986 ποιοῦντες
972 1919 1051 1989 τὸ
1091 1918 1320 1988 θέλημα
1362 1921 1472 1974 τοῦ
1533 1920 1682 1975 Θεοῦ
1731 1922 1800 1974 ἐκ

289 1988 521 2061 ψυχῆς,
545 1991 672 2059 μετ’
694 1991 937 2054 εὐνοίας
956 1988 1354 2061 δουλεύοντες
1373 1992 1452 2056 ὡς
1477 1989 1557 2056 τῷ
1582 1992 1798 2061 Κυρίῳ,

287 2058 927 2129 καιόίῠκίάνθρώποις·
958 2058 1185 2125 εἰδότες
1217 2059 1307 2114 ὄτι
1340 2061 1449 2114 ἐάν
1469 2079 1560 2126 τις
1578 2060 1800 2129 ἅνθρω-

287 2147 399 2198 πος
432 2131 663 2199 ποιήσῃ
698 2131 945 2199 ἀγαθὸν,
978 2130 1155 2183 τοῦτο
1187 2132 1474 2200 κομιεῖται
1504 2132 1664 2200 παρὰ
1692 2130 1800 2185 τοῦ

288 2204 532 2272 Κυρίου,
555 2203 676 2256 εἴτε
709 2202 952 2267 δοῦλος,
983 2201 1104 2254 εἴτε
1131 2201 1467 2271 ἐλεύθερος.

285 2352 360 2401 α’.
386 2346 548 2399 Ὥστε
573 2345 673 2399 οὐκ
698 2344 838 2417 ἀνὴρ
871 2345 1053 2415 μόνον,
1087 2344 1213 2399 οὔτε
1241 2347 1401 2418 γυνὴ,
1428 2345 1552 2401 οὔτε
1586 2346 1798 2413 παιδία,

209 2433 353 2492 ἀλλά
384 2434 477 2487 καὶ
528 2432 759 2486 οἰκετῶν
790 2434 962 2504 ἀρετὴ
1010 2433 1255 2487 συντελεῖ
1286 2435 1367 2497 εἰς
1408 2434 1669 2487 σύστασιν
1700 2433 1798 2487 καὶ

207 2521 513 2593 πρόπασιν
565 2521 767 2582 οἰκίας.
824 2520 925 2575 Διὰ
975 2520 1134 2575 τοῦτο
1182 2523 1211 2575 ό
1267 2523 1537 2593 μακάριος
1583 2520 1798 2585 Παῦλος

204 2610 335 2664 οὐδὲ
390 2609 581 2663 τούτου
635 2608 835 2680 μέρους
876 2609 1153 2681 ἠμέλησεν
1180 2623 1195 2638 ο
1254 2600 1371 2662 ἀλλ’
1418 2610 1638 2681 ἔρχεται
1696 2609 1795 2680 μὲν

204 2698 442 2769 ἔσχατον
470 2700 555 2751 ἐπ’
582 2696 736 2760 αὐτὸ,
768 2697 956 2769 ἐπειδὴ
976 2698 1069 2751 καὶ
1089 2698 1317 2768 ἔσχατον
1340 2696 1616 2768 κεῖταιτῷ
1634 2696 1797 2762 ἀξιὼ-

207 2803 372 2857 ματι.
407 2786 585 2841 Πολλὰ
610 2786 666 2839 δὲ
706 2786 801 2839 καὶ
830 2786 969 2857 πρὸς
1004 2786 1204 2850 αὐτοὺς
1235 2786 1565 2855 διαλέγεται,
1604 2786 1792 2841 οὐκέτι

199 2875 286 2939 ὡς
334 2878 449 2937 τοῖς
498 2876 700 2938 παισὶν,
746 2873 886 2927 ἀλλά
929 2874 1110 2945 πολλῷ
1158 2874 1527 2946 τελειότερον·
1573 2876 1634 2929 οὐ
1678 2874 1789 2946 γάρ

197 2962 449 3019 ἐνταῦθα
482 2963 694 3018 δίδωσιν
731 2962 915 3026 αὑτοῖς
946 2964 1048 3034 τὴν
1091 2964 1384 3034 ὑπόσχεσιν
1406 3004 1420 3029 ,
1457 2962 1571 3017 ἀλλ’
1606 2965 1664 3017 ἐν
1710 2963 1789 3034 τῷ

198 3051 477 3121 μέλλοντι.
530 3049 796 3117 madsz
841 3050 1040 3122 φησὶν,
1089 3052 1179 3105 ὅτι
1216 3051 1249 3105 ὃ
1292 3050 1402 3105 ἐάν
1430 3069 1487 3105 τι
1529 3051 1789 3118 ἕκαστος

195 3138 428 3207 ποιήσῃ
451 3137 684 3209 ἀγαθὸν
702 3137 743 3206 ἢ
759 3139 969 3203 κακὸν,
998 3138 1175 3193 τοῦτο
1198 3138 1483 3208 κομιεῖται
1506 3139 1665 3209 παρὰ
1682 3138 1789 3193 τοῦ

194 3228 444 3297 Κυρίου.
497 3227 611 3281 Καὶ
658 3226 971 3296 φιλοσοφεῖν
1004 3227 1104 3298 ήδη
1143 3227 1407 3283 διδάσκει.
1439 3228 1503 3281 Εἰ
1549 3227 1658 3296 γάρ
1692 3226 1790 3280 καί

192 3315 270 3386 τῷ
318 3314 602 3386 ἀξιώματι
641 3314 751 3368 τῶν
796 3314 1006 3368 παίδων
1048 3315 1190 3368 εἰσὶν
1227 3315 1503 3380 ἐλάττους,
1535 3314 1673 3369 ἀλλὰ
1711 3314 1788 3386 τῷ

192 3404 512 3475 φρονήματι
552 3403 797 3474 μείζους.
842 3405 920 3456 Οἰ
945 3401 1177 3466 δοῦλοι,
1220 3403 1420 3473 φησὶν,
1450 3404 1788 3458 ὑπακούετε

189 3492 315 3559 τοῖς
344 3493 587 3561 κιιρίοις
617 3492 768 3546 κατὰ
795 3490 1014 3558 σάρκα.
1040 3491 1259 3555 Εὐθέως
1282 3508 1383 3562 την
1404 3491 1786 3563 λελυπημένην

188 3582 462 3651 ἀνέστησε
500 3580 703 3651 ψυχὴν,
739 3579 943 3642 εὐθέως
979 3579 1424 3650 παρεμυθήσατο.
1464 3580 1557 3652 Μὴ
1605 3580 1783 3649 ἄλγει,

188 3674 381 3742 φησὶν,
409 3673 495 3725 ὅτι
522 3670 745 3725 ἔλαττον
775 3670 920 3743 ἔχεις
958 3671 1054 3724 καὶ
1090 3670 1190 3740 τῆς
1222 3670 1500 3738 γυναικὸς,
1540 3672 1634 3723 καὶ
1675 3670 1784 3723 τῶν

187 3761 398 3814 παίδων
421 3777 434 3789 ·
467 3762 640 3829 ὄνομα
669 3759 915 3823 δουλείας
952 3759 1071 3812 ἐστί
1100 3759 1261 3828 μόνον
1280 3773 1293 3787 ⁸
1330 3757 1471 3811 κατὰ
1520 3758 1699 3829 σάρκα
1724 3759 1783 3810 ἐ-

188 3850 305 3902 στὶν
331 3851 365 3919 ἡ
400 3848 714 3913 δεσποτεία,
748 3847 1081 3918 πρόσκαιρος
1107 3845 1200 3899 καὶ
1228 3846 1476 3915 βραχεῖα*
1511 3845 1648 3917 ὅπερ
1674 3846 1781 3918 γὰρ

187 3936 253 3989 ἂν
288 3932 324 4011 ἦ
366 3936 676 4006 σαρκικὸν,
716 3934 979 4005 ἐπίκηρόν
1008 3936 1144 3987 ἐστι.
1170 3932 1333 3987 Μετὰ
1375 3934 1587 4002 φόϐου,
1624 3935 1778 4006 φησί,

185 4040 285 4077 και
308 4013 569 4091 τρόμου.
623 4022 787 4093 ὐρᾷς
826 4023 908 4076 ὃτι
955 4022 1017 4074 οὑ
1058 4020 1149 4075 τὸν
1183 4020 1347 4074 αὑτὸν
1374 4021 1596 4074 ἀπαιτεί
1627 4022 1781 4093 παρὰ

183 4111 451 4180 γυναικὸς
494 4111 590 4164 καὶ
626 4109 830 4163 δούλων
866 4108 1061 4177 φόϐον;
1116 4108 1263 4161 Ἐκεῖ
1302 4111 1400 4178 μὲν
1439 4110 1547 4180 γὰρ
1591 4111 1778 4175 ἁπλῶς

184 4195 360 4251 εἷπενο
417 4198 475 4253 Η
512 4196 580 4250 δὲ
627 4196 804 4266 γυνὴ,
851 4196 953 4249 ἵνα
993 4195 1247 4266 φοϐῆται
1290 4196 1396 4250 τὸν
1432 4196 1654 4265 ἄνδραι
1684 4201 1771 4252 ἐν·

182 4286 357 4340 ταῦθα
405 4284 467 4339 δὲ
519 4285 637 4355 μετ’
675 4286 997 4349 ἐπιτάσεως,
1044 4283 1206 4339 Μετὰ
1235 4285 1447 4352 φόϐου,
1483 4287 1638 4357 φησὶ,
1674 4286 1774 4341 καί

182 4378 427 4447 τρόμου.
479 4376 587 4429 Ἑν
616 4370 907 4443 ἁπλότητι
941 4371 1053 4441 τῆς
1078 4372 1327 4442 καρδίας
1349 4374 1539 4444 ὑμῶν,
1579 4376 1660 4443 ὡς
1694 4376 1777 4443 τῷ

181 4462 443 4532 Χριστῷ.
474 4460 725 4532 Συνεχῶς
748 4460 906 4514 τοῦτό
935 4477 1088 4531 φησι.
1126 4461 1193 4513 Τί
1226 4462 1427 4529 λέγεις,
1461 4456 1507 4516 ὧ
1539 4464 1774 4536 μακάριε

184 4552 400 4617 Παῦλε;
441 4550 673 4619 ἀδελφός
703 4551 841 4613 ἐστι,
870 4548 979 4603 τῶν
1019 4549 1199 4603 αὐτῶν
1236 4549 1564 4618 ἀπέλαυσεν,
1600 4555 1682 4617 εἰς
1712 4552 1775 4607 τὸ

181 4642 311 4695 αὐτὸ
335 4641 505 4711 σῶμα
542 4638 689 4692 τελεῖ
710 4656 725 4670 ·
762 4638 964 4709 μᾶλλον
994 4637 1049 4690 δὲ
1079 4637 1309 4708 ἀδελφὸς
1335 4639 1551 4709 ἐγένετο
1580 4640 1640 4693 οὑ
1679 4640 1771 4695 τοῦ

182 4731 369 4801 κυρίου
402 4728 503 4782 τοῦ
531 4725 751 4794 ἐαυτοῦ,
774 4725 910 4780 ἀλλὰ
940 4726 1034 4779 καὶ
1058 4726 1154 4779 τοῦ
1193 4726 1322 4780 Υἱοῦ
1348 4727 1441 4781 τοῦ
1468 4727 1643 4791 Θεοῦ,·
1663 4728 1772 4783 τῶν

182 4816 363 4869 αὐτῶν
412 4812 684 4868 ἀπολαύει
724 4814 974 4877 πάντων,
1016 4813 1108 4866 καὶ
1151 4812 1360 4883 λέγεις,
1406 4815 1772 4872 ’Υπακούετε

181 4904 303 4970 τοῖς
336 4902 497 4957 κατὰ
525 4900 726 4970 σάρκα
758 4901 985 4971 κυρίοις
1006 4900 1156 4970 μετὰ
1181 4903 1371 4971 φόϐου
1397 4904 1494 4957 καί
1516 4907 1770 4975 τρόμου;

180 4993 277 5046 Διά
312 4992 428 5064 γάρ
462 4990 642 5054 τοῦτο,
676 4991 829 5061 φησί,
867 4990 1025 5062 φημί.
1072 4991 1136 5045 Εἰ
1161 4990 1271 5063 γὰρ
1301 4990 1429 5055 τοὺς
1452 4991 1770 5066 ἐλευθέρους

179 5080 436 5151 ἀλλήλοις
468 5077 867 5132 ὑποτάσσεσθαι
908 5077 1114 5131 κελεύω
1143 5078 1231 5132 διὰ
1258 5078 1349 5131 τὸν
1380 5078 1475 5132 τοῦ
1505 5080 1639 5134 Θεοῦ
1676 5082 1770 5149 φό-

181 5168 303 5231 60v,
356 5165 623 5237 καθάπερ
665 5166 923 5237 ἀνωτέρω
967 5165 1180 5233 ἔλεγεν·
1254 5166 1769 5238 ’Υποτασσόμενοι

178 5256 481 5326 ἀλλήλοις
512 5255 582 5309 ἐν
608 5256 770 5324 φόϐῳ
796 5254 944 5310 Θεοῦ
968 5271 981 5283 °
1013 5256 1062 5309 εἰ
1089 5256 1197 5326 γὰρ
1220 5256 1320 5326 τὴν
1345 5259 1576 5325 γυναῖκα
1599 5275 1761 5330 προσ-

178 5346 364 5399 τάσσω
411 5342 698 5413 φοϐεῖσθαι
727 5343 817 5396 τὸν
854 5343 1043 5414 ἄνδρα,
1074 5344 1252 5398 καίτοι
1280 5342 1416 5416 αῦτη
1459 5345 1553 5399 καὶ
1582 5347 1765 5417 ὁμότι-

180 5434 277 5502 μός
302 5435 425 5487 ἐστι
450 5448 463 5460 ·
496 5431 677 5502 πολλῷ
710 5432 909 5503 μᾶλλον
934 5432 1025 5485 τὸν
1047 5433 1284 5502 οἰκέτην.
1323 5435 1396 5486 Οὐ
1429 5433 1537 5505 γὰρ
1568 5436 1763 5505 δυσγέο

176 5538 293 5577 νεια
332 5522 398 5576 τὸ
435 5520 672 5592 πρᾶγμά
720 5523 903 5584 ἐστιν,
936 5520 1052 5573 ἀλλ’
1093 5522 1126 5593 ἡ
1172 5522 1362 5593 πρώτη
1401 5523 1673 5592 εὐγένεια,
1704 5526 1765 5579 τὸ

177 5611 374 5663 εἰδέναι
406 5608 786 5672 ἐλαττοῦσθαι,
820 5609 913 5662 καλ⁵
937 5607 1083 5681 [166]
1116 5610 1449 5681 μετριάζειν,
1480 5613 1574 5665 καὶ
1596 5614 1764 5666 εἴκειν

177 5698 251 5768 τῷ
282 5698 539 5769 πλησίον.
577 5695 689 5749 Καὶ
732 5696 1007 5768 ἐλεύθεροι
1044 5696 1347 5768 ἐλευθέροις
1384 5698 1522 5769 μετά
1564 5699 1760 5755 πολλοῦ

178 5786 342 5853 φόϐου
376 5787 475 5840 καὶ
503 5785 707 5854 τρόμου
736 5784 1037 5839 ἐδούλευον.
1081 5786 1177 5838 Ἐν
1220 5788 1510 5855 ἁπλότητι
1532 5828 1546 5851 ,
1591 5789 1757 5859 φησὶ,

177 5874 447 5945 καρδίας.
481 5872 678 5938 Καλῶς
711 5869 866 5927 εἷπεν
888 5892 900 5906 ο
953 5872 1140 5947 ἐπειδὴ
1170 5873 1249 5927 ἔνι
1294 5876 1432 5945 μετὰ
1464 5875 1631 5944 φόϐου
1665 5876 1760 5931 καὶ

1907 1640 2114 1713 τρόμου
2136 1641 2429 1710 δουλεύειν,
2457 1644 2557 1699 οὐκ
2581 1643 2641 1711 ἐξ
2668 1642 2885 1706 εὐνοίας
2912 1643 2991 1709 δὲ,
3021 1644 3140 1699 ἀλλ’
3168 1645 3245 1710 ὡς
3272 1644 3339 1699 ἂν
3368 1645 3489 1716 ἐξῇ.

1906 1731 2246 1787 Λανθάνουσι
2298 1734 2407 1807 γὰρ
2442 1734 2629 1788 πολλοί
2668 1733 2839 1788 πολλά
2882 1736 3318 1807 κακουργοῦντες
3361 1736 3490 1808 περὶ

1903 1818 2031 1882 τοὺς
2059 1819 2324 1885 δεσπότας
2351 1823 2478 1884 τοὺς
2502 1821 2701 1876 αὐτῶν.
2738 1823 2847 1875 Καὶ
2871 1822 3074 1895 ταύτην
3113 1823 3244 1892 γοῦν
3274 1825 3490 1894 ἀναιρεῖ

1903 1905 2000 1977 τὴν
2027 1909 2382 1981 κακουργίαν,
2410 1908 2605 1979 λέγων·
2650 1912 2752 1963 Ἐν
2777 1911 3067 1977 ἁπλότητι
3102 1911 3213 1979 τῆς
3242 1910 3489 1980 καρδίας

1902 1992 2101 2062 ὑμῶν,
2132 1996 2213 2062 ὡς
2253 1995 2333 2061 τῷ
2370 1997 2585 2066 Κυρίῳ.
2613 1996 2710 2063 Μὴ
2759 1997 2887 2049 κατ’
2927 1997 3489 2067 ὀφθαλμοδουλείαν

1900 2081 1981 2148 ὡς
2013 2082 2521 2151 ἀνθρωπάρεσκοι,
2545 2084 2681 2139 ἀλλ’
2712 2086 2792 2151 ὡς
2818 2084 3027 2139 δοῦλοι
3062 2086 3167 2139 τοῦ
3206 2088 3483 2154 Χριστοῦ.

1900 2169 2215 2237 ποιοῦντες
2259 2172 2325 2223 τὸ
2374 2171 2603 2241 θέλημα
2648 2171 2754 2226 τοῦ
2795 2173 2944 2227 Θεοῦ
2973 2173 3041 2226 ἐκ
3071 2174 3310 2243 ψυχῆς,
3356 2176 3483 2244 μετ’

1898 2258 2143 2323 εὐνοίας
2179 2258 2594 2325 δουλεύοντες,
2641 2260 2722 2324 ὠς
2749 2257 2828 2324 τῷ
2860 2261 3072 2329 Κιῳίῳ,
3105 2262 3205 2317 καί
3240 2264 3350 2315 οὐκ
3383 2262 3486 2315 άν-

1899 2343 2174 2412 θρὼποις.
2234 2346 2397 2417 Ὁρᾷς
2438 2346 2622 2400 πόσων
2666 2346 2895 2419 ἐδεήθη,
2938 2347 3079 2401 ὥστε
3110 2347 3268 2401 τοῦτο
3311 2351 3484 2420 ἐμφυ-

1895 2431 2161 2485 τεῦσαιτδ
2183 2433 2365 2497 καλὸν,
2395 2434 2473 2496 τὸ,
2496 2433 2915 2500 Διετέύνοίας,
2947 2434 3114 2503 λέγω,
3141 2436 3238 2488 καί
3268 2436 3335 2488 ἐκ
3366 2440 3483 2504 ψυ-

1894 2519 2052 2591 χῆς;
2088 2520 2296 2574 Ἐκεῖνο
2315 2522 2414 2592 μὲν
2436 2522 2546 2595 γὰρ
2568 2522 2795 2585 πολλοὺς
2817 2522 3035 2593 ὁρῶμεν
3056 2525 3168 2585 τοῖς
3191 2523 3480 2589 δεσπόταις

1897 2608 2256 2679 παρέχοντας,
2286 2610 2348 2662 τὸ
2372 2610 2481 2665 τοῦ
2502 2611 2693 2680 φόϐου
2722 2610 2821 2662 καί
2848 2610 2912 2663 τὸ
2936 2609 3043 2663 τοῦ
3069 2613 3289 2679 τρόμου
3314 2611 3478 2680 λέγω,

1895 2698 1989 2752 καὶ
2014 2697 2150 2767 πρὸς
2178 2699 2353 2752 ἐκεῖνο
2381 2702 2414 2771 ή
2441 2700 2536 2753 τοῦ
2558 2698 2831 2752 Δεσπότου
2853 2699 3051 2769 ἀπειλὴ
3082 2699 3253 2754 πολλὰ
3282 2702 3435 2754 ἀνύει
3462 2718 3475 2731 ·

1893 2786 2058 2841 Ἀλλὰ
2084 2786 2278 2855 δεῖξον,
2306 2790 2493 2859 φησὶν,
2512 2790 2595 2843 δτι
2614 2790 2688 2852 ὼς
2704 2787 2943 2859 Χριστοῦ
2973 2787 3157 2852 δοῦλος
3183 2789 3478 2856 δουλεύεις,

1892 2876 1992 2947 οὐχ
2013 2878 2089 2941 ὡς
2125 2878 2414 2949 ἀνθρώπου
2436 2894 2449 2907 °
2480 2879 2709 2949 ποίησον
2741 2874 2880 2931 εἶναι
2908 2877 2999 2931 σὸν
3030 2878 3093 2931 τὸ
3124 2879 3475 2951 κατόρθωμα,

1895 2964 1972 3035 μὴ
2001 2965 2100 3035 τῆς
2127 2967 2393 3036 ἀνάγκης.
2422 2967 2632 3038 Ὥσπερ
2660 2966 2753 3019 τὸν
2788 2964 2921 3037 παρ’
2952 2966 3142 3036 ἐτέρου
3161 2967 3348 3031 κακῶς
3372 2969 3479 3022 πά-

1893 3069 2089 3123 σχοντα
2117 3054 2294 3108 πείθει
2325 3056 2419 3107 καί
2446 3053 2685 3109 διδάσκει
2706 3054 2794 3107 διὰ
2822 3053 2931 3106 τῶν
2954 3054 3101 3125 ἑξῆς,
3130 3054 3293 3109 αὑτοῦ
3323 3056 3479 3126 ποιῆο

1893 3158 1983 3195 σαι
2009 3142 2070 3195 τὸ
2100 3142 2433 3215 κατόρθωμα
2464 3143 2557 3196 καί
2585 3144 2684 3213 τῆς
2706 3141 2870 3195 αὑτοῦ
2895 3142 3272 3215 προαιρέσεως
3295 3159 3306 3173 ·
3336 3143 3479 3198 οὕτω

1890 3230 1985 3283 καὶ
2008 3231 2216 3285 τοῦτον.
2270 3232 2488 3302 Ἐπειδὴ
2524 3231 2634 3301 γὰρ
2671 3231 2700 3283 ὁ
2735 3230 2943 3301 πλήξας
2966 3231 3066 3301 τὴν
3096 3231 3343 3307 σιαγόνα,
3378 3232 3478 3286 οὐκ

1889 3316 1998 3370 ἀπὺ
2025 3318 2126 3387 τῆς
2153 3318 2389 3382 διανοίας
2419 3319 2517 3389 τῆς
2541 3317 2634 3371 τοῦ
2670 3317 2969 3388 πληγέντος
2994 3320 3075 3382 εἰς
3099 3318 3260 3371 τοῦτο
3284 3314 3474 3391 ἦλθεν,

1887 3402 2002 3456 ἀλλ’
2026 3404 2136 3458 ἀπὸ
2155 3405 2255 3475 τῆς
2275 3405 2485 3468 οἰκείας
2501 3405 2718 3469 κακίας,
2744 3405 2797 3458 τί
2820 3422 2985 3475 φησι;
3011 3406 3286 3475 Στρέψον
3316 3407 3477 3476 αὐτῷ

1887 3492 1986 3546 καί
2025 3494 2141 3561 τὴν
2167 3494 2386 3562 ἀλλην,
2415 3495 2502 3547 ἴνα
2525 3494 2705 3567 δείξῃς
2737 3496 2819 3547 ὅτι
2845 3496 2942 3548 καὶ
2964 3495 3169 3567 ταύτην
3196 3498 3296 3550 ούκ
3326 3499 3477 3553 ἄκων

1887 3580 2152 3650 ὑπέστης.
2198 3581 2257 3635 '0
2292 3582 2400 3654 γὰρ
2433 3581 2991 3653 ὲπιδαψιλευσάμενος
3024 3583 3102 3653 τῷ
3146 3586 3340 3639 παθεῖν
3372 3605 3476 3641 κα-

1884 3670 2020 3736 κῶς,
2061 3670 2155 3722 καὶ
2204 3670 2341 3739 ὅπερ
2378 3670 2479 3722 οὐκ
2519 3664 2587 3741 ἦν
2630 3669 2815 3733 αὑτοῦ,
2857 3671 3116 3742 ἐποίησεν
3160 3673 3355 3727 ἐαυτοῦ
3394 3675 3475 3745 τῷ

1885 3756 2224 3829 ραπισθῆναι
2274 3757 2368 3823 καὶ
2406 3756 2506 3826 τὴν
2544 3756 2713 3827 ἀλλην
2754 3758 3015 3825 σιαγόνα,
3070 3760 3144 3831 μὴ
3186 3761 3264 3831 τῷ
3310 3762 3473 3831 μόνον

1882 3847 2149 3913 ἐνεγκεῖν.
2178 3844 2349 3898 Τοῦτο
2370 3846 2468 3915 μὲν
2502 3844 2610 3916 γὰρ
2634 3846 2765 3908 ἴσως
2814 3844 2953 3911 δόξει
2980 3848 3073 3901 καὶ
3092 3848 3259 3917 φόϐου
3290 3846 3429 3903 εἶναι
3455 3868 3470 3883 ’

1881 3937 2060 4001 ἐκεῖνο
2096 3934 2153 3988 δὲ
2191 3932 2511 4005 φιλοσοφίας
2558 3933 2779 4005 πολλῆς.
2840 3935 3050 3989 Οὐκοῦν
3095 3936 3342 4004 ἔδειξας,
3386 3940 3469 3992 ὅτι

1881 4023 1977 4077 καὶ
2021 4020 2181 4075 τοῦτο
2224 4022 2313 4076 διὰ
2364 4022 2683 4090 φιλοσοφίαν
2718 4022 2977 4093 ἤνεγκας.
3014 4024 3179 4078 Ὥστε
3228 4027 3322 4079 καὶ
3375 4028 3470 4082 νῦν

1881 4109 2054 4175 δεῖξον
2081 4108 2336 4171 ἐνταῦθα,
2357 4109 2439 4162 ὅτι
2459 4110 2555 4162 καὶ
2572 4109 2775 4181 ταύτην
2797 4111 2979 4164 ἑκοντὶ
3009 4112 3198 4184 φέρεις
3228 4115 3324 4185 τὴν
3349 4115 3469 4168 δου-

1879 4198 2054 4263 λείαν,
2082 4198 2177 4252 καὶ
2207 4198 2304 4268 οὐχ
2337 4198 2413 4259 ὡς
2444 4197 2927 4269 ἀνθρωπάρεσκος.
2971 4198 3028 4253 '0
3060 4202 3167 4270 ἄρα
3200 4203 3463 4269 τοιοῦτος,

1876 4288 1938 4342 οὐ
1961 4286 2145 4349 δοῦλος
2164 4286 2258 4340 τοῦ
2293 4285 2530 4360 Χριστοῦ
2556 4304 2568 4316 ·
2597 4289 2625 4341 ὁ
2653 4288 2708 4339 δὲ
2735 4287 2920 4352 δοῦλος
2952 4288 3053 4348 τοῦ,
3078 4290 3337 4360 Χριστοῦ,
3364 4293 3467 4346 οὐκ

1876 4375 2359 4446 ἀνθρωπάρεσκος.
2389 4373 2486 4436 Τίς
2510 4372 2619 4444 γὰρ
2649 4373 2784 4427 Θεοῦ
2814 4374 2999 4437 δοῦλος
3022 4374 3118 4438 ὢν,
3150 4376 3461 4447 ἀνθρώποις

1874 4462 2132 4532 ἀρέσκειν
2169 4461 2416 4532 βούλεται
2441 4478 2455 4524 ;
2491 4461 2575 4524 τίς
2601 4461 2656 4514 δὲ
2684 4461 2990 4532 ἀνθρώποις
3016 4463 3288 4533 ἀρέσκων,
3323 4465 3460 4519 Θεοῦ

1873 4550 2096 4603 δύναται
2116 4544 2255 4603 εἶναι
2273 4548 2494 4615 δοῦλος;
2525 4549 2627 4602 Ἐκ
2650 4548 2879 4618 ψυχῆς,
2903 4551 3057 4621 φησί,
3074 4552 3203 4619 μετ’
3220 4554 3463 4620 εὐνοίας

1872 4637 2293 4703 δουλεύοντες.
2322 4636 2521 4700 Καλῶς
2556 4635 2730 4701 οὕτως
2768 4633 2920 4689 εἶπεν
2944 4654 2958 4667 ·
2996 4637 3183 4709 ἐπειδὴ
3230 4638 3340 4712 γὰρ
3378 4641 3460 4694 ένι

1873 4727 1965 4779 καὶ
1996 4728 2055 4780 ἐν
2085 4726 2346 4797 ἁπλότητι
2376 4724 2667 4789 δουλεύειν,
2708 4726 2802 4779 καί
2830 4727 2909 4798 μὴ
2960 4726 3287 4797 κακούργως
3308 4769 3323 4792 ,
3382 4731 3456 4800 μὴ

1876 4812 1983 4884 μὴν
2022 4813 2173 4885 πάσῃ
2208 4811 2455 4884 δυνάμει,
2488 4813 2622 4867 ἀλλὰ
2649 4814 2709 4867 τὸ
2734 4814 3084 4885 ὀφειλόμενον
3123 4816 3282 4886 μόνον
3317 4819 3458 4889 πλη-

1875 4902 2021 4973 ροῦν,
2044 4901 2132 4955 διὰ
2149 4900 2307 4954 τοῦτό
2338 4918 2523 4972 φησιν,
2550 4902 2659 4956 ἀπὸ
2683 4901 3015 4973 προθυμίας,
3043 4902 3123 4973 μὴ
3146 4905 3252 4957 ἀπὸ
3282 4906 3456 4974 ἀνάγ-

1870 5008 1994 5060 κης,
2024 4990 2132 5044 ἀπὸ
2170 4991 2562 5063 προαιρέσεως⁹
2596 4993 2671 5064 μὴ
2701 4994 2809 5045 ἀπὸ
2838 4993 2978 5061 βίας.
3018 4996 3113 5047 “Av
3153 4995 3295 5049 οὕτω
3329 4996 3453 5049 δου-

1867 5078 2088 5150 λεύσῃς,
2119 5080 2220 5132 οὑκ
2260 5075 2313 5132 εἷ
2340 5080 2548 5145 δοῦλος,
2584 5080 2661 5139 ἂν,
2692 5083 2757 5135 ἐκ
2797 5084 3193 5152 προαιρέσεως,
3232 5082 3299 5135 ἂν
3332 5086 3452 5153 μετ’

1844 5166 2101 5233 ιεύνοίας,
2142 5168 2208 5221 ἂν
2242 5167 2350 5220 ἀπὸ
2376 5166 2576 5239 ψυχῆς,
2605 5168 2671 5222 ἂν
2710 5168 2801 5233 διά
2828 5170 2919 5224 τὸν
2944 5170 3199 5243 Χριστόν.
3234 5169 3452 5241 Ταύτην

1867 5254 1974 5326 γὰρ
2012 5254 2108 5325 τὴν
2133 5254 2374 5308 δουλείαν
2413 5256 2508 5309 καὶ
2544 5255 2761 5320 Παῦλος.
2787 5256 3029 5315 δουλεύει
3085 5260 3112 5310 ὁ
3142 5257 3444 5329 ἐλεύθερος,

1868 5346 1960 5399 καὶ
1983 5344 2083 5415 βοᾷ
2106 5343 2280 5413 λέγων
2300 5362 2313 5375 ·
2344 5347 2426 5399 Οὐ
2457 5346 2565 5415 γὰρ
2585 5345 2837 5412 ἑαυτοὺς
2859 5347 3268 5415 κηρύσσομεν,
3287 5347 3449 5401 ἀλλὰ

1864 5433 2123 5502 Χριστὸν
2184 5433 2419 5501 Ἰησοῦν
2463 5434 2716 5502 Κύριον,
2768 5434 3025 5499 ἑαυτοὺς
3060 5433 3130 5486 δὲ
3183 5434 3445 5503 δούλους

1860 5521 2032 5590 ὑμῶν
2062 5519 2159 5573 διὰ
2202 5521 2454 5588 Ἰησοῦν.

1934 5609 1965 5678 β
1986 5609 2147 5680 ,Ὅρα
2170 5608 2286 5671 πῶς
2310 5609 2622 5679 ἀφαιρεῖταί
2641 5626 2733 5661 σου
2751 5608 2850 5678 τὴν
2866 5606 3180 5677 δυσγένειαν
3207 5607 3305 5677 τῆς
3326 5606 3446 5660 δου-

1858 5698 2027 5761 λείας.
2073 5698 2283 5768 Ὥσπερ
2309 5702 2416 5769 γὰρ
2447 5701 2475 5752 ὁ
2513 5700 2773 5770 χρήματα
2822 5696 3200 5767 ἀφῃρημένος,
3231 5696 3316 5750 ’ἂν
3345 5698 3442 5751 καὶ

1858 5786 2021 5858 ἕτερα
2054 5785 2269 5858 προσδῷ
2307 5787 2383 5857 τῷ
2412 5786 2648 5845 λαϐόντι,
2678 5785 2778 5837 οὑκ
2807 5787 2865 5837 ἐν
2898 5787 3009 5848 τοῖς
3035 5784 3436 5857 ἀφῃρημένοις.

1857 5874 1972 5928 ἀλλ’
2013 5875 2071 5927 έν
2116 5876 2226 5935 τοῖς
2256 5874 2558 5943 φιλοτίμοις
2589 5874 2785 5938 κεῖται,
2826 5872 2925 5926 οὐκ
2957 5874 3015 5926 ἐν
3059 5875 3172 5936 τοῖς
3207 5872 3435 5929 παθοῦσι
