3974 6520
580 385 683 442 157

578 499 735 573 11671
765 499 971 564 κακῶς,
995 500 1110 555 ἀλλ’
1136 502 1197 553 ἐν
1216 504 1329 563 τοῖς
1359 503 1573 556 ποιοῦσι
1602 504 1800 567 καλῶς,
1831 504 1928 557 καὶ
1954 502 2152 574 μᾶλλον

582 587 776 641 ὀνείδει
807 587 1093 658 περιέϐαλε
1135 587 1215 658 τῷ
1246 587 1597 658 χαρίσασθαι,
1634 591 1668 660 ἢ
1706 588 2033 660 περιεσλήθη
2075 589 2154 657 τῷ

580 675 981 745 ἀφαιρεθῆναι*
1011 674 1155 728 οὕτω
1182 676 1246 747 δὴ
1274 676 1504 730 ἐνταῦθα
1526 720 1541 741 ,
1569 680 1632 749 τῇ
1665 676 1915 748 δαψιλείᾳ
1938 678 2033 731 καὶ
2063 695 2156 746 με·

579 761 914 831 γαλοψυχότε
924 778 1013 832 ρος
1042 765 1311 831 φανεῖται,
1354 765 1447 818 καὶ
1477 765 1694 829 δεικνὺς
1720 767 1802 820 ὅτι
1830 766 1930 819 οὐκ
1959 765 2156 836 ᾔσθετο

580 849 681 919 τῆς
706 849 982 918 ἁρπαγῆς.
1015 849 1267 920 ἐντρίψει
1296 852 1521 904 ἐκεῖνον.
1552 852 1763 905 Οὐκοῦν
1787 853 1875 906 διὰ
1899 853 1990 905 τὸν
2021 854 2153 920 Χρι-

582 936 707 988 στὸν
729 935 1070 1005 δουλεύωμεν
1093 941 1206 1002 τοῖς
1229 939 1538 1004 δεσπόταις,
1556 939 1818 1006 Εὶδότες,
1848 941 2037 1009 φησιν,
2066 939 2155 993 ὅτι

581 1023 612 1076 ὃ
632 1023 709 1075 ἄν
737 1041 789 1076 τι
820 1024 1129 1093 ἄνθρωπος
1146 1026 1374 1094 ποιήσῃ
1399 1026 1647 1095 ἀγαθὸν,
1670 1028 1848 1081 τοῦτο
1874 1027 2155 1098 κομιεῖται

579 1111 740 1178 παρὰ
772 1111 878 1165 τοῦ
926 1114 1166 1181 Κυρίου,
1220 1114 1341 1167 εἴτε
1376 1113 1616 1180 δοῦλος,
1670 1114 1791 1169 εἴτε
1823 1116 2153 1183 ἐλεύθερος.

592 1197 810 1267 Ἐπειδὴ
845 1199 954 1269 γάρ
986 1199 1134 1264 εἰκὸς
1184 1196 1253 1271 ἦν
1294 1200 1522 1263 πολλοὺς
1556 1201 1666 1255 τῶν
1700 1202 1975 1257 δεσποτῶν
2021 1202 2154 1255 ἀπί-

582 1303 742 1349 στους
777 1287 934 1351 ὄντας
973 1288 1047 1360 μὴ
1080 1289 1456 1360 αἰσχύνεσθαι,
1490 1290 1623 1362 μηδέ
1661 1292 1984 1363 ἁμείῦεσθαι
2027 1292 2156 1356 τοὺς

580 1376 798 1440 οἰκέτας
837 1380 936 1447 τῆς
976 1378 1251 1449 ὑπακοῆς,
1282 1381 1384 1451 ὅρα
1426 1381 1544 1445 πῶς
1582 1381 1783 1445 αὐτοὺς
1827 1381 2154 1455 παρεμυθή-

582 1480 746 1528 σατο,
787 1464 927 1518 ὥστε
978 1466 1053 1538 μὴ
1094 1467 1420 1523 ὑποπτεύειν
1446 1470 1545 1542 τὴν
1581 1470 1973 1534 ἀνταπόδοσιν.
2018 1470 2156 1525 ἀλλὰ

583 1551 791 1622 σφόδρα
825 1551 1046 1625 θαρρεῖν
1072 1556 1200 1626 περὶ
1236 1555 1339 1627 τῆς
1372 1557 1627 1629 ἀμοιϐῆς.
1662 1558 1932 1631 Καθάπερ
1968 1558 2080 1630 γὰρ
2103 1560 2154 1613 οἰ

579 1640 763 1706 καλῶς
792 1643 1112 1713 πάσχοντες,
1141 1645 1271 1698 ὅταν
1303 1647 1378 1719 μὴ
1408 1648 1741 1717 ἀμείϐωνται
1769 1650 1896 1712 τοὺς
1935 1648 2155 1720 εὐεργέ-

580 1745 701 1793 τας,
723 1729 815 1783 τὸν
840 1730 973 1785 Θεὸν
990 1732 1172 1796 αὐτοῖς
1194 1733 1477 1805 ὀφειλέτην
1503 1735 1749 1789 ποιοῦσιν
1768 1753 1782 1767 ·
1805 1736 1949 1792 οὕτω
1969 1736 2033 1809 δὴ
2059 1741 2155 1794 καὶ

580 1818 630 1871 οἱ
647 1818 922 1883 δεσπόται,
952 1820 1019 1874 ἂν
1034 1822 1298 1887 παθόντες
1320 1818 1380 1878 εὖ
1413 1825 1563 1895 παρὰ
1585 1825 1681 1879 σοῦ
1715 1827 1790 1898 μὴ
1814 1828 2155 1899 ἁμείψωνταί

582 1921 664 1972 σε,
703 1906 902 1975 μᾶλλον
936 1908 1262 1979 ἠμείψαντο,
1289 1911 1379 1965 τὸν
1408 1913 1543 1968 Θεὸν
1569 1914 1852 1985 ὀφειλέτην
1879 1934 1961 1971 σοι
1988 1936 2157 1973 κατα-

580 1993 899 2062 στήσαντες.
932 1997 1041 2050 Kal
1083 2000 1137 2050 οἱ
1179 1999 1390 2065 κύριοι,
1436 2001 1592 2071 φησὶ,
1642 2001 1717 2055 τὰ
1755 2004 1909 2058 αὐτὰ
1935 2006 2156 2061 ποιεῖτε

579 2080 732 2147 πρὸς
761 2082 1003 2148 αὐτούς.
1035 2116 1104 2125 -
1138 2086 1212 2140 Τὰ
1232 2087 1386 2141 αὐτά
1409 2104 1422 2117 ·
1453 2091 1583 2143 ποῖα
1603 2106 1618 2154 ;
1639 2090 1773 2144 Μετ’
1801 2092 2013 2155 εὐνοίας
2032 2094 2155 2147 δου-

580 2166 787 2224 λεύετε.
850 2170 988 2223 Ἀλλ’
1035 2172 1135 2224 οὐκ
1166 2168 1308 2239 εἷπε,
1348 2174 1657 2244 δουλεύετε,
1686 2176 1864 2233 καίτοι
1891 2196 1954 2247 γε
1986 2178 2156 2233 εἰπὼν

578 2255 651 2325 τά
676 2256 837 2321 αὐτὰ,
866 2257 1027 2311 τοῦτο
1059 2259 1296 2331 ἐδήλωσε
1317 2278 1331 2293 ο
1362 2261 1601 2317 δουλεύει
1630 2264 1741 2335 γὰρ
1775 2267 1870 2320 καὶ
1901 2267 1930 2319 6
1957 2266 2156 2323 δεσπό-

579 2358 700 2412 της.
737 2344 829 2416 Μὴ
864 2344 941 2408 ὡς
969 2346 1446 2417 ἀνθρωπάρεσκοι,
1486 2353 1644 2420 φησί,
1684 2354 1822 2423 μετὰ
1862 2355 2029 2424 φόϐου
2059 2359 2155 2413 καί⁸

579 2431 807 2502 τρόμου,
838 2433 1105 2496 τουτέστι,
1135 2433 1230 2487 τοῦ
1259 2435 1397 2505 πρὸς
1418 2437 1509 2491 τὸν
1544 2440 1696 2503 Θεὸν,
1722 2440 2018 2507 δεδοικότες
2052 2448 2156 2517 μή-

580 2534 713 2572 ποτε
744 2519 871 2591 ὐμτν
900 2521 1168 2593 ἐγκαλέσῃ
1202 2522 1343 2595 ὑπὲρ
1381 2525 1480 2594 τῆς
1505 2527 1586 2590 εἰς
1613 2530 1741 2593 τούς
1768 2530 1987 2596 δούλους
2015 2534 2154 2603 ἁμε-

579 2604 748 2670 λείας.
793 2607 1088 2676 Ἀνιέντες
1116 2609 1231 2679 τὴν
1259 2612 1539 2680 ἀπειλήν.
1569 2617 1661 2687 Μὴ
1694 2619 1962 2689 φορτικοὶ,
1998 2624 2153 2692 φησί,

582 2692 720 2765 μηδὲ
751 2695 1006 2766 ἐπαχθεῖς
1040 2698 1276 2766 γίνεσθε.
1311 2701 1554 2769 Είδότες
1592 2705 1682 2759 ὅτι
1710 2706 1811 2761 καὶ
1845 2707 2014 2777 ὑμῶν
2050 2713 2157 2765 αὺ-

579 2780 702 2835 τῶν
745 2784 780 2836 ὁ
811 2784 1027 2869 Κύριός
1066 2785 1238 2840 ἐστιν
1277 2788 1349 2842 ἐν
1386 2791 1686 2859 οὐρανοῖς.
1718 2793 1927 2849 Βαϐαίί
1967 2797 2156 2869 ἡλίκον

578 2866 831 2935 ῂνίξατοῐ
861 2869 979 2933 πῶς
1006 2872 1277 2941 ἐφόϐησεί
1311 2876 1603 2943 Τουτέστι,
1632 2880 1712 2950 τῷ
1744 2882 1950 2954 μέτρῳ,
1981 2866 2026 2952 ᾧ
2061 2903 2157 2956 με-

578 2956 770 3025 τρεῖς,
815 2956 1341 3031 άντιμετρηθήσεταί
1371 2981 1474 3021 σοι.
1516 2968 1606 3037 Μὴ
1650 2969 1928 3043 ἀκούσῃς’
1965 2973 2157 3030 Δοῦλε

580 3043 831 3112 πονηρὲ,
862 3046 1071 3102 πᾶσαν
1094 3048 1210 3117 τὴν
1238 3053 1494 3122 ὀφειλὴν
1517 3057 1761 3126 ἐκείνην
1796 3061 2005 3131 ἀφῆκὰ
2032 3079 2152 3120 σοι.

580 3131 694 3218 Kal
720 3139 1225 3205 προσωποληψία,
1269 3141 1455 3211 φησὶν,
1486 3145 1600 3198 οὐκ
1636 3145 1770 3200 ἐστι
1801 3151 1936 3218 παρ’
1973 3151 2152 3217 αὐτῷ.

721 3220 979 3292 νομίσῃς.
1010 3224 1206 3294 φησὶν,
1239 3226 1322 3280 δτι
1358 3228 1427 3283 τὰ
1459 3231 1539 3294 είς
1574 3231 1665 3285 τὸν
1700 3217 1928 3301 δοῦλον,
1973 3237 2049 3302 ὡς
2076 3240 2157 3304 είς

581 3303 1077 3396 δοῦλον-γινόμενα,
1115 3310 1287 3377 οὕτως
1312 3316 1534 3387 ἀφήσει.
1566 3319 1631 3373 Οἱ
1676 3321 1775 3391 μὲν
1814 3322 1924 3396 γὰρ
1956 3324 2156 3390 ἔξωθεν

582 3391 735 3463 νόμοι
764 3394 1026 3467 διαφοράν
1058 3399 1204 3453 ἴσασι
1234 3401 1439 3458 τούτων
1465 3405 1574 3460 τῶν
1598 3409 1793 3477 γενῶν,
1825 3410 1919 3465 ἆτε
1949 3412 2156 3485 ἀνθρώ-

580 3495 703 3532 πων
727 3481 879 3546 ὄντες
904 3484 1058 3555 νόμοι
1076 3502 1090 3517 ⁸
1127 3487 1157 3539 6
1187 3487 1244 3542 δέ
1271 3489 1437 3562 νόμος
1475 3495 1504 3548 6
1540 3494 1637 3549 τοῦ
1678 3499 1859 3552 κοινοῦ
1883 3481 2153 3556 Δεσπότω

579 3566 838 3639 οὐδεμίαν
861 3566 968 3625 οἶδε
996 3572 1260 3646 διαφορὰν
1279 3619 1295 3645 ,
1324 3578 1419 3632 ἅτε
1450 3584 1603 3654 κοινῇ
1628 3584 1838 3651 πάντας
1864 3583 1924 3642 εὖ
1958 3590 2151 3657 ποιῶν,

581 3655 677 3710 καὶ
706 3659 839 3711 πᾶσι
869 3659 979 3714 τῶν
1006 3662 1186 3718 αὐτῶν
1220 3667 1555 3735 μεταδιδούς.

654 3744 715 3796 Εί
737 3744 794 3799 δέ
820 3763 904 3808 τις
936 3747 1111 3818 ἔροιτο
1138 3750 1301 3806 πόθεν
1332 3756 1365 3825 ή
1392 3755 1625 3823 δουλεία,
1654 3760 1750 3814 καὶ
1769 3761 1856 3816 διὰ
1881 3765 1932 3818 τί
1961 3766 2043 3829 εἰς
2063 3767 2156 3819 τὸν

583 3829 699 3921 βίον
722 3832 955 3921 ,εἰσῆλθε
976 3837 1069 3893 τὸν
1102 3838 1443 3910 ἀνθρώπινον
1483 3844 1599 3917 (καὶ
1634 3849 1743 3920 γὰρ
1782 3846 1901 3906 οἶδα
1926 3854 2155 3921 πολλοὺς

581 3917 677 4009 καὶ
713 3920 1029 4009 ἐρωτῶντας
1052 3924 1122 3977 τὰ
1155 3926 1380 3982 τοιαῦτα
1410 3930 1582 4000 ἡδέως
1604 3917 1924 4006 καὶ-μαθεῖν
1965 3917 2153 4009 βουλοέ

586 4004 813 4098 μένους)
831 4045 845 4070 ,
872 4008 984 4077 ἐγὼ
1016 4012 1151 4082 πρὸς
1177 4013 1321 4084 ὑμᾶς
1345 4016 1477 4088 ἐρῶο
1514 4019 1579 4073 Ἠ
1609 4004 1889 4089 πλεονεξία
1910 4004 2006 4098 την
2034 4028 2153 4083 δου-

581 4091 730 4145 λείαν
756 4093 959 4179 ἔτεκεν,
988 4099 1021 4169 ἡ
1048 4098 1331 4169 βαναυσία.
1357 4104 1390 4175 ἡ
1412 4105 1685 4179 ἀπληστία
1706 4127 1720 4141 ο
1744 4113 1866 4167 ἐπεὶ
1885 4091 2007 4168 Νῶε
2032 4116 2153 4170 δού-

580 4179 680 4274 10!
693 4182 793 4235 οὐκ
811 4178 978 4255 εἶχεν,
1003 4187 1123 4241 οὐδὲ
1156 4190 1341 4253 Ἅϐελ,
1370 4192 1491 4246 οὐδὲ
1510 4194 1640 4266 Σὴθ,
1662 4197 1776 4251 ἀλλ’
1795 4200 1916 4254 οὐδὲ
1938 4204 1987 4255 οἰ
2014 4205 2153 4274 μετὰ

578 4265 771 4323 ταῦτα.
817 4269 1084 4343 Ἀμαρτία
1099 4275 1255 4330 τοῦτο
1282 4278 1343 4332 τὸ
1372 4265 1603 4353 πρᾶγμα
1632 4284 1840 4352 ἔτεκεν,
1869 4291 1902 4361 ἡ
1926 4265 2155 4359 εἰς-τούς

579 4356 825 4442 πατέρας
853 4357 1027 4432 ὕϐρις.
1070 4363 1443 4423 Ἀκουέτωσαν
1467 4370 1516 4421 οἰ
1540 4372 1748 4437 παῖδες,
1779 4375 1861 4429 ὅτι
1882 4356 2024 4442 άξιοί
2047 4356 2153 4436 εἰσι

579 4444 753 4499 δοῦλοι
782 4440 943 4510 εἶναι,
967 4449 1097 4503 ὅταν
1118 4452 1199 4515 είς
1227 4454 1352 4518 τούς
1385 4456 1626 4528 πατέρας
1646 4461 1962 4533 ἀγνώμονες
1995 4461 2150 4529 ὦσιν.

592 4534 902 4633 Ἀφείλετο.
921 4537 1115 4592 ἐαυτοῦ
1158 4540 1188 4593 6
1227 4542 1468 4609 τοιοῦτος
1492 4546 1593 4617 τὴν
1628 4550 1908 4618 εὐγένειαν
1929 4573 1944 4588 ·
1986 4559 2015 4610 6
2046 4558 2153 4633 γὰρ

578 4618 820 4691 ὑϐρίζων
854 4621 945 4675 τὸν
973 4626 1207 4696 πατέρα,
1234 4628 1335 4682 οὐκ
1367 4629 1514 4686 ἔστιν
1545 4633 1627 4687 ἔτι
1658 4637 1794 4702 υἱός.
1825 4640 1887 4695 Εἰ
1914 4642 1973 4697 δὲ
2004 4618 2155 4700 ὀπαῖ-

577 4709 716 4803 τέρα
750 4710 1009 4782 ὑϐρίζων,
1039 4714 1139 4769 οὐκ
1166 4716 1313 4771 ἔστιν
1339 4721 1473 4785 υἱὸς,
1498 4725 1526 4775 6
1554 4724 1642 4778 τὸν
1666 4727 1834 4793 ὅντως
1854 4732 2012 4803 ἡμῶν
2044 4737 2154 4790 Πα-

578 4794 715 4865 τέρα
745 4797 1000 4869 ὑϐρίζων,
1033 4800 1153 4866 πῶς
1180 4801 1331 4858 ἔσται
1352 4808 1490 4871 υἰός;
1520 4811 1769 4881 Ἐξῆλθεν
1789 4794 1907 4872 ἀπδ·
1925 4821 2024 4891 τῆς
2058 4824 2151 4876 εὐ-

579 4885 820 4953 γενείας,
858 4887 1249 4981 ἐξύόρισενείς
1275 4893 1374 4966 τὴν
1404 4896 1585 4966 φύσιν.
1628 4897 1760 4956 Εἶτα
1791 4907 1886 4960 καὶ
1922 4885 2149 4981 πόλεμοι

580 4979 675 5072 καὶ
723 4978 893 5072 μάχαι
927 4980 1308 5072 αἰχμαλῶτους
1357 4984 1569 5044 ἔλαϐον.
1634 4991 1773 5045 Ἀλλ’
1812 4997 1841 5048 6
1898 4978 2150 5072 Ἀϐραὰμ

579 5058 723 5153 εἶχεν
771 5063 1007 5130 οἰκέτας,
1037 5067 1219 5138 φησίν.
1276 5070 1426 5146 [168]
1485 5076 1628 5131 Ἀλλ’
1660 5081 1759 5151 οὐχ
1800 5083 1876 5147 ὡς
1908 5058 2148 5153 οἰκέταίς

578 5151 864 5222 ἐκέχρητο.
901 5152 1044 5225 Ὅρα
1072 5154 1189 5219 πῶς
1210 5157 1387 5229 πάντα
1410 5162 1489 5225 είς
1516 5166 1613 5236 τὴν
1641 5170 1882 5241 κεφαλὴν
1907 5151 2144 5247 άναρτᾷλ

577 5241 679 5308 τὴν
702 5242 955 5307 γυναῖκα,
979 5243 1114 5308 Ἵνα,
1143 5248 1329 5315 φησὶν,
1355 5249 1545 5323 ἀγαπᾷ
1568 5255 1774 5328 ταύτην
1793 5276 1807 5289 ο
1840 5260 1908 5314 τὰ
1938 5264 2149 5328 παιδία,

580 5327 698 5380 Ἵνα
732 5328 973 5402 ἐκτρέφῃ
1006 5332 1063 5384 ὲν
1086 5334 1305 5407 παιδείᾳ
1350 5340 1441 5392 καὶ
1470 5327 1952 5418 νουθεσίᾳΚυρίου
1979 5368 1995 5380 ο
2025 5355 2151 5407 τούς

576 5415 825 5479 δούλους,
863 5417 1105 5487 Είδότες
1138 5422 1226 5475 ὅτι
1270 5424 1370 5478 καὶ
1400 5428 1569 5496 ὑμῶν
1606 5415 1803 5486 αὐτῶν
1839 5415 1891 5490 -ό
1939 5439 2151 5506 Κύριός

577 5504 749 5589 έστιν
780 5506 851 5558 ἐν
870 5509 1168 5577 οὐρανοῖς.
1201 5511 1381 5586 Οὕτω,
1402 5518 1556 5586 φησὶ,
1593 5521 1685 5573 καὶ
1720 5524 1896 5587 αὐτοὶ,
1925 5526 1999 5589 ὡς
2023 5504 2150 5581 δοῦέ-

577 5587 661 5639 λοι
693 5588 867 5656 ὄντες,
901 5593 1272 5666 φιλάνθρωποι
1304 5598 1517 5667 γίνεσθε
1561 5602 1657 5655 καὶ
1691 5587 2147 5679 συγγνωμονικοί.

578 5675 643 5727 Εἰ
681 5676 738 5729 δέ
766 5676 1017 5745 βούλεσθε
1053 5682 1306 5748 ἀκοῦσαι,
1341 5686 1409 5739 τὰ
1445 5689 1585 5742 αὐτὰ
1616 5690 1848 5761 ἐροῦμεν
1883 5675 2011 5767 περὶ
2042 5700 2151 5752 τῶν

580 5761 824 5829 οἰκετῶν,
848 5764 884 5818 ἆ
914 5768 1005 5820 καὶ
1034 5769 1297 5840 πρότερον
1325 5774 1450 5846 περί
1474 5775 1579 5829 τῶν
1604 5779 1809 5833 παίδων
1830 5800 1841 5812 ·
1869 5782 2146 5839 διδάσκετε

1174 424 1179 431 .
1287 387 1343 441 S.
1380 386 1669 442 JOANNIS
1699 382 2192 443 CHRYSHSTOMI
2237 384 2555 445 ARCH‘IEP.
2590 391 3144 451 CONSTANTHVOP.
3694 401 3774 458 158

2255 502 2457 567 αὐτοὺς
2486 503 2624 561 εἶναι
2659 508 2927 576 εὐλαϐεῖς,
2978 514 3075 567 καὶ
3113 512 3330 574 πάντως
3388 511 3559 565 πάντα
3596 512 3773 578 ἕπεται.

2255 590 2369 644 Νῦν
2382 591 2437 645 δὲ
2459 594 2539 653 εἰς
2566 594 2665 663 μὲν
2681 595 2904 670 θέατρον
2920 599 3106 662 ἀνιὼν,
3126 599 3220 654 καὶ
3241 602 3322 663 εἰς
3350 600 3615 669 βαλανεῖον
3634 605 3778 659 ἀπιών

2254 694 2360 742 τις,
2400 682 2609 745 πάντας
2646 684 2966 757 ἐπισύρεται
2996 688 3124 752 τούς
3165 688 3357 751 παῖδας
3377 704 3392 719 °
3422 690 3499 751 εἰς
3523 688 3575 741 δὲ
3615 692 3776 762 ἐκκλη-

2256 765 2382 820 σίαν
2399 806 2415 827 .
2446 769 2629 823 οὐκέτι
2647 812 2663 835 ,
2689 773 2812 826 οὐδὲ
2841 774 3141 844 ἀναγκάζει
3178 779 3433 846 παρεῖναι
3460 778 3551 831 καὶ
3576 778 3773 835 ἀκούειν.

2256 853 2382 918 Πῶς
2409 856 2467 910 δὲ
2496 858 2527 909 6
2561 858 2778 931 οἰκέτης
2808 862 3123 925 ἀκούσεται,
3174 863 3268 916 σοῦ
3297 862 3391 917 τοῦ
3416 864 3661 920 δεσπότου
3687 869 3777 920 ἐτέ-

2259 958 2374 1012 ροις
2422 946 2807 1017 προσέχοντοςς
2870 951 3211 1022 Ἥγόρασας,
3251 951 3429 1021 ἐπρίω
3475 952 3564 1005 τὸν
3600 954 3774 1019 δού·λιν;

2257 1030 2509 1086 ἐπίταττε
2546 1034 2811 1107 πρότερον
2846 1038 2994 1108 αὐτῷ
3031 1039 3100 1093 τὰ
3145 1040 3288 1094 κατὰ
3318 1040 3480 1105 Θεὸν,
3515 1041 3643 1095 ὥστε
3672 1044 3777 1111 πρὸς

2254 1117 2383 1180 τοὺς
2412 1120 2725 1185 συνδούλους
2746 1117 2884 1177 εἶναι
2913 1125 3095 1195 ἤπιον,
3130 1129 3331 1198 ἀρετῆς
3358 1126 3523 1184 πολὺν
3550 1130 3775 1183 ποιεῖσθαι

2256 1204 2432 1274 λόγον.
2478 1209 2637 1273 Πόλις
2676 1212 2824 1265 ἐστὶν
2872 1215 2907 1283 ἡ
2964 1216 3195 1271 ἑκάστου
3242 1218 3426 1281 οἰκία,
3465 1219 3636 1290 ἄρχων
3664 1220 3777 1273 ἐστὶν

2256 1290 2485 1350 ἕκαστος
2508 1295 2605 1365 τῆς
2633 1297 2826 1352 ἑαυτοῦ
2875 1300 3071 1365 οἰκίας.
3125 1305 3235 1357 Καὶ
3271 1306 3354 1357 ὅτι
3393 1305 3489 1376 μὲν
3530 1306 3773 1376 τοιαύηή

2255 1378 2365 1434 τῶν
2406 1380 2799 1450 πλουτούντων,
2826 1385 3068 1458 εὔδηλον,
3100 1388 3228 1443 ἔνθα
3267 1393 3362 1445 καὶ
3392 1393 3547 1461 ἀγροὶ
3575 1395 3657 1445 καὶ
3689 1392 3773 1445 ἐτί-

2255 1482 2446 1537 τροποι
2481 1470 2577 1523 καὶ
2606 1470 2867 1543 ἄρχοντες
2910 1476 3003 1530 ἐπὶ
3034 1476 3293 1548 ἄρχουσιν
3314 1495 3328 1510 ο
3371 1478 3481 1548 ἐγὼ
3517 1479 3571 1531 δὲ
3601 1480 3681 1532 καὶ
3706 1480 3774 1548 τήν

2254 1553 2363 1608 τῶν
2402 1558 2649 1629 πενήτων
2681 1560 2859 1614 οἰκίαν
2893 1564 3038 1633 φημί
3074 1566 3228 1618 πόλιν
3256 1562 3419 1620 εἶναι.
3453 1567 3559 1619 Καὶ
3587 1567 3684 1637 γὰρ
3710 1568 3774 1619 καὶ

2254 1641 2490 1699 ἐνταῦθά
2539 1646 2678 1700 είσιν
2718 1646 2885 1720 άρχαί
2916 1666 2931 1682 ο
2962 1644 3095 1717 οἷον,
3128 1655 3323 1723 κρατεῖ
3358 1656 3456 1724 τῆς
3501 1654 3773 1722 γυναικὸςό

2253 1730 2417 1804 ἀνὴρ.
2446 1733 2481 1804 ὴ
2509 1734 2647 1808 γυνὴ
2673 1736 2782 1790 τῶν
2808 1738 3057 1803 οἰκετῶν,
3086 1740 3136 1793 οἰ
3165 1741 3377 1795 οἰκέται
3407 1741 3514 1795 τῶν
3546 1744 3677 1796 ἰδίων
3698 1759 3772 1809 γυ-

2254 1818 2460 1873 ναικῶν
2482 1836 2497 1850 ·
2526 1821 2690 1877 πάλιν
2710 1826 2768 1878 αἰ
2790 1828 3049 1892 γυναῖκες
3070 1828 3166 1881 καὶ
3184 1829 3233 1881 οἱ
3256 1828 3447 1900 ἄνδρες
3470 1828 3572 1883 τῶν
3593 1828 3769 1883 παδων.

2253 1899 2402 1978 Ἀρα
2434 1908 2495 1961 οὐ
2531 1908 2677 1964 δοκεί
2694 1928 2795 1979 σοι,
2828 1912 3075 1985 καθάπερ
3102 1932 3188 1979 τις
3226 1899 3480 1986 βασιλεὺς
3511 1912 3658 1979 εἶναι,
3678 1933 3771 1969 τοσ-

2255 1992 2448 2059 ούτους
2508 1995 2649 2068 ἔχων
2680 1998 2948 2070 ἄρχοντας
2997 2001 3472 2074 ὑποτεταγμένους
3502 2003 3675 2073 ἐαυτῷ.
3702 2004 3773 2056 καὶ

2255 2083 2476 2138 πάντων
2506 2088 2807 2158 προσήκειν
2846 2089 3010 2142 αὐτὸν
3037 2091 3523 2164 οἰκονομικώτερον
3556 2088 3675 2147 εἶναι
3702 2090 3772 2144 καὶ

2254 2171 2713 2245 πολιτικώτερονς
2757 2176 2817 2229 '0
2856 2176 2966 2247 γὰρ
3008 2176 3165 2242 εἰδὼς
3202 2179 3477 2251 διαφόρως
3520 2178 3772 2251 κεχρῆσθαι

2252 2256 2484 2323 τούτοις,
2506 2255 2613 2315 οἶδε
2631 2264 2756 2326 τούς
2770 2263 3107 2333 ἐπιτηδείους
3130 2264 3399 2336 ἄρχοντας
3418 2267 3681 2338 αἱρεῖσθαι,
3699 2267 3771 2319 καὶ

2254 2346 2541 2416 αἱρήσεται
2570 2363 2633 2414 γε
2654 2348 2961 2419 λαμπρούς.
2983 2351 3190 2405 Οὐκοῦν
3234 2352 3389 2407 ἐσται
3429 2354 3658 2424 βασιλείς
3689 2354 3773 2406 ἓτε-

2256 2450 2347 2504 ρος
2372 2434 2559 2506 ἡγυνὴ
2581 2436 2639 2489 ἐν
2655 2437 2801 2507 οἰκίᾳ
2825 2439 2992 2509 χωρὶς
3015 2440 3107 2492 τοῦ
3131 2440 3483 2512 διαδήματος,
3504 2443 3591 2496 καὶ
3612 2443 3630 2494 ί
3654 2440 3773 2505 εἰδὼς

2253 2520 2346 2573 τὸν
2390 2520 2613 2590 βασιλέα
2644 2522 2830 2577 τοῦτον
2876 2527 3167 2597 αἱρεῖσθαι,
3212 2531 3395 2584 πάντα
3442 2529 3507 2583 τὰ
3544 2530 3662 2585 ἄλλα
3697 2546 3774 2582 κα·

2253 2606 2361 2671 λῶς
2379 2609 2644 2680 διαθήσει.
2673 2610 2743 2665 Τὸ
2764 2612 3001 2677 λοιπὸν,
3021 2614 3274 2684 ἀδελφοί
3289 2635 3429 2686 μου,
3458 2616 3778 2688 φησὶν,ὲνδυ-

2253 2694 2561 2764 ναμοῦσθε
2583 2696 2653 2749 ἐν
2677 2698 2892 2766 Κυρίῳ.
2924 2700 3091 2754 Ὅταν
3125 2702 3302 2776 μέλλῃ
3327 2704 3576 2776 τελευτᾷν
3597 2707 3623 2758 6
3640 2706 3777 2773 λόγος,

2254 2782 2341 2835 ἀεὶ
2370 2782 2545 2854 τούτῳ
2579 2784 2842 2856 κέχρηται
2872 2785 2949 2857 τῷ
2975 2788 3181 2860 τρόπῳ.

2325 2885 2395 2948 γ’.
2426 2880 2560 2951 Οὐχὶ
2596 2880 2775 2945 καλῶς
2807 2881 2992 2951 ἔλεγον
3028 2885 3087 2950 ἐξ
3119 2887 3321 2958 ἀρχῆς,
3351 2888 3433 2942 ὅτι
3476 2885 3782 2960 στρατόπεδόν

2254 2967 2404 3021 ἐστιν
2422 2968 2713 3041 ὁλόκληρον
2741 2970 2774 3041 ὴ
2796 2972 3025 3026 ἑκάστου
3052 2975 3198 3028 οἰκία
3227 2994 3242 3041 ;
3284 2976 3421 3032 Ἰδοὺ
3451 2978 3552 3049 γάρ
3570 2976 3783 3042 διατάξας

2254 3058 2438 3122 πάσας
2481 3058 2581 3123 τὰς
2618 3059 2792 3131 ἀρχὰς
2822 3102 2837 3128 ,
2873 3060 3058 3116 λοιπὸν
3095 3064 3292 3130 αὐτοὺς
3357 3068 3672 3132 καθοπλίξει,
3708 3066 3783 3120 καὶ

2255 3147 2349 3200 ἐπὶ
2393 3147 2629 3218 πόλεμον
2661 3149 2867 3219 ἐξάγει.
2885 3150 3009 3205 Ἐάν
3040 3152 3150 3225 γάρ
3177 3155 3372 3226 μηδεὶς
3394 3156 3489 3229 τὴν
3517 3156 3673 3228 ἀρχὴν
3705 3156 3785 3226 ἁρ-

2257 3234 2405 3308 πάζῃ
2457 3236 2556 3306 τὴν
2612 3235 2707 3290 τοῦ
2764 3238 2977 3309 ἐτέρου,
3009 3239 3147 3293 ἀλλὰ
3204 3242 3356 3297 κατὰ
3395 3244 3573 3315 χώραν
3595 3244 3784 3305 ἕκαστος

2258 3322 2416 3395 μένῃ,
2439 3323 2612 3377 πάντα
2635 3319 2695 3378 εὖ
2713 3324 3064 3381 διακείσεται.
3103 3329 3606 3400 Ἐνδυναμοῦσθε,
3631 3331 3783 3401 φησὶν.

2252 3411 2322 3463 ἐν
2349 3411 2562 3479 Κυρίῳ,
2592 3412 2691 3465 καί
2720 3412 2790 3466 ἐν
2840 3411 2918 3480 τῷ
2975 3413 3175 3482 κράτει
3208 3415 3325 3483 τῆς
3359 3420 3564 3489 ἰσχύος
3589 3418 3745 3475 αὐτοῦ
3770 3431 3783 3444 ⁸

2252 3498 2553 3563 τουτέστιν,
2586 3500 2644 3553 ἐν
2688 3502 2754 3571 τῇ
2815 3500 2992 3555 ἐλπίδι
3022 3505 3087 3573 τῇ
3120 3503 3200 3565 εἰς
3228 3505 3399 3558 αὐτὸν
3427 3506 3512 3559 διὰ
3539 3508 3628 3577 τῆς
3653 3502 3785 3558 αὐτοῦ

2256 3585 2527 3656 βοηθείας.
2572 3587 2787 3659 Ἐπειδὴ
2810 3589 2919 3660 γὰρ
2950 3588 3119 3642 πολλὰ
3147 3590 3417 3657 ἐπέταξεν
3450 3594 3585 3664 ἆπερ
3606 3593 3696 3645 ἔδει
3715 3608 3787 3659 γε·

2254 3673 2461 3739 νέσθαι,
2514 3674 2588 3746 μὴ
2626 3674 2860 3746 δείσητε,
2895 3678 3079 3747 φησὶν,
3113 3679 3445 3750 ἐπιρρίψατε
3498 3681 3591 3753 τὴν
3631 3679 3786 3735 ἐλπίδα

2254 3760 2350 3813 ἐπὶ
2374 3762 2468 3815 τὸν
2496 3762 2700 3833 Κύριον
2725 3806 2739 3830 ,
2772 3767 2866 3818 καὶ
2908 3767 3084 3820 πάντα
3108 3767 3488 3839 ἐξευμαρίσει.
3518 3770 3619 3824 Καὶ
3647 3766 3786 3821 ἐνδύ-

2254 3851 2450 3902 σασθε
2499 3849 2614 3918 τὴν
2646 3853 2995 3906 πανοπλίαν
3022 3854 3130 3907 τοῦ
3170 3857 3349 3919 Θεοῦ,
3386 3856 3531 3925 πρὸς
3550 3858 3613 3909 τὸ
3640 3856 3787 3909 δύνα-

2253 3938 2394 3990 σθαι
2426 3935 2583 4005 ὑμᾶς
2614 3937 2834 4004 στῆναι
2855 3940 3005 4008 πρὸς
3036 3940 3143 4008 τὰς
3161 3945 3482 4012 μεθοδείας
3504 3944 3605 3998 τοῦ
3626 3941 3787 3995 6:066-

2253 4028 2387 4079 λου.
2408 4025 2521 4079 Οὐκ
2548 4023 2693 4093 εἷπε,
2712 4026 2854 4098 Πρὸς
2882 4029 2980 4093 τὰς
3013 4031 3210 4102 μάχας,
3229 4034 3378 4099 οὐδὲ,
3411 4035 3550 4107 Πρὸς
3574 4034 3685 4095 τούς
3709 4047 3788 4083 πο-

2253 4111 2452 4182 λέμους
2484 4154 2499 4179 ,
2546 4114 2717 4178 ἀλλὰ,
2774 4117 2930 4184 Πρὸς
2988 4120 3096 4184 τὰς
3131 4120 3473 4188 μεθοδείας.
3534 4122 3656 4176 Οὐδὲ
3700 4118 3787 4187 γάρ

2256 4201 2464 4268 ἁπλῶς,
2500 4203 2621 4256 οὐδέ
2674 4205 2923 4275 φανερῶς
2951 4208 3083 4275 ἡμῖν
3128 4210 3156 4260 6
3199 4209 3397 4279 ἐχθρὸς
3419 4211 3651 4282 πολεμεῖ,
3678 4206 3788 4261 ἀλλὰ

2260 4291 2509 4363 μεθοδείᾳ
2531 4332 2544 4347 .
2577 4293 2642 4346 Τί
2669 4293 2783 4346 ἐστι
2802 4294 3048 4361 μεθοδεία
3068 4314 3084 4363 ;
3108 4296 3449 4353 Μεθοδεῦσαί
3468 4303 3577 4353 ἐστι
3605 4298 3658 4351 τὸ
3672 4298 3787 4349 ἀπα-

2247 4380 2438 4451 τῆσαι,
2473 4381 2567 4433 καὶ
2588 4380 2677 4435 διὰ
2709 4382 2957 4453 μηχανῆς
2986 4384 3145 4449 ἑλεῖν,
3176 4386 3312 4457 ὅπερ
3354 4390 3447 4443 καὶ
3482 4389 3572 4442 ἐπὶ
3600 4386 3696 4440 τῶν
3719 4400 3787 4434 τε-

2253 4468 2395 4539 χνῶν
2419 4468 2649 4537 γίνεται,
2673 4470 2768 4522 καὶ
2786 4471 2843 4523 ἐν
2870 4470 3066 4539 λόγοις,
3084 4474 3176 4526 καὶ
3204 4476 3261 4528 ἐν
3282 4475 3489 4546 ἔργοις,
3522 4477 3610 4530 καὶ
3633 4476 3682 4526 ἐν
3703 4488 3786 4522 πα-

2252 4555 2567 4625 λαίσμασιν,
2600 4557 2692 4609 ἐπὶ
2724 4555 2835 4609 τῶν
2857 4560 3213 4627 παραγόντων
3240 4565 3272 4632 ἠ
3282 4567 3412 4633 μᾶς.
3445 4559 3565 4619 Οἴόν
3581 4582 3628 4616 τι
3648 4561 3781 4630 λέγω

2252 4643 2521 4701 Οὐδέποτε
2554 4647 2765 4715 φανερά
2799 4646 2951 4720 [169]
2982 4650 3269 4719 προτίθησι
3314 4653 3387 4707 τὰ
3432 4654 3780 4726 ἁμαρτήματα,

2251 4732 2696 4803 εἰδωλολατρείαν
2710 4734 2771 4785 οὐ
2788 4733 2954 4801 λέγει,
2977 4735 3091 4789 ἀλλ’
3118 4737 3317 4809 ἑτέρως
3334 4740 3466 4794 αὐτὸ
3482 4736 3782 4794 κατασκευά-

2252 4820 2335 4885 ζει
2365 4820 2688 4893 μεθοδεύων,
2716 4823 2981 4885 τουτέστι,
3029 4824 3253 4879 πιθανὸν
3284 4826 3687 4891 κατασκευάζων
3708 4824 3784 4876 τὸν

2252 4911 2429 4980 λόγον,
2460 4910 2874 4981 ἐπικαλύμμασι
2905 4913 3259 4981 κεχρημένος.
3289 4916 3429 4987 Ἤδη
3469 4918 3564 4987 μὲν
3592 4912 3675 4968 οὖν
3707 4912 3785 4964 καὶ

2249 4998 2426 5068 τούτῳ
2454 4998 2695 5068 διήγειρε
2726 5000 2851 5062 τοὺς
2883 4997 3242 5068 στρατιώτας,
3274 5006 3368 5056 καὶ
3396 5005 3583 5073 νήφειν
3625 4996 3784 5064 ἐποίηο

2254 5105 2335 5150 σε,
2365 5086 2443 5157 τῷ
2471 5089 2655 5139 πεῖσαι
2709 5087 2802 5139 καὶ
2856 5086 3081 5153 διδάξαι,
3110 5089 3190 5141 δτι
3245 5092 3378 5161 πρὸς
3408 5092 3658 5162 ἔμπειρον
3693 5087 3783 5138 τῶν

2252 5174 2563 5245 πολεμικῶν
2593 5175 2723 5244 ἡμῖν
2743 5176 2777 5244 ἡ
2826 5175 2999 5244 μάχη,
3034 5176 3129 5229 καὶ
3161 5176 3257 5246 οὐχ
3290 5179 3474 5243 ἁπλῶς
3498 5179 3614 5232 οὐδὲ
3641 5187 3777 5244 φανε-

2254 5263 2361 5334 ρῶς
2391 5261 2735 5331 πολεμοῦντα
2760 5302 2776 5326 ,
2810 5260 2945 5315 ἀλλὰ
2982 5262 3121 5331 μετὰ
3151 5264 3350 5335 πολλῆς
3388 5267 3484 5335 τῆς
3512 5261 3780 5336 μεθοδείας.

2250 5351 2359 5405 Καὶ
2411 5349 2628 5422 πρῶτον
2676 5348 2774 5419 μὲν
2821 5348 2930 5401 ἀπὸ
2958 5349 3058 5417 τῆς
3087 5350 3301 5417 φύσεως
3338 5355 3431 5407 καὶ
3460 5353 3550 5406 τοῦ
3576 5350 3783 5421 πλήθους

2249 5437 2374 5499 τούς
2424 5435 2671 5507 μαθητὰς
2700 5434 2937 5506 ἐπαίρει.
2963 5433 3102 5506 Οὐχὶ
3130 5439 3454 5492 καταϐαλεῖν
3493 5438 3782 5510 βουλόμενος

2250 5526 2375 5588 τοὺς
2404 5524 2495 5577 ὑπ’
2523 5522 2685 5577 αὐτὸν
2718 5523 2958 5587 ἑστῶτας
2977 5524 3335 5594 στρατιώτας,
3368 5527 3481 5579 ἀλλ’
3498 5527 3685 5595 ἐπᾶραι
3704 5521 3782 5575 καὶ

2248 5606 2652 5683 διεγεῖραι,εἶπε
2666 5611 2733 5665 τὰ
2746 5611 3072 5682 σοφίσματα,
3094 5616 3187 5667 καὶ
3204 5615 3571 5686 παρεσκεύασε
3592 5613 3778 5682 νήφειν.

2254 5703 2315 5755 Εἰ
2339 5702 2435 5772 μὲν
2450 5701 2556 5772 γὰρ
2582 5701 2740 5769 μόνον
2758 5702 3158 5772 διηγησάμενος
3170 5705 3348 5759 αὐτῶν
3363 5705 3460 5776 τὴν
3478 5703 3692 5771 δύναμιν
3704 5696 3782 5769 μέ-

2255 5808 2344 5857 χρι
2366 5789 2550 5842 τούτου
2572 5788 2827 5855 τὸνλόγον
2843 5787 3059 5860 ἔστησε,
3083 5791 3182 5844 κᾶν
3204 5792 3496 5847 κατέϐαλεν
3519 5786 3722 5850 αὐτούς’
3740 5783 3783 5836 ει
