3960 6514
173 431 272 488 157

174 548 318 605 tutis.
366 543 520 600 Sicut
569 538 713 595 enim
758 536 805 590 is
829 575 842 601 ,
873 533 957 587 cui
1003 539 1128 585 sunt
1169 528 1361 584 ablata:
1392 521 1630 593 pecuniae
1653 558 1669 586 ,
1698 517 1747 573 si

172 642 329 698 etiam
359 636 493 692 alias
521 630 731 687 dederit
768 629 819 683 ei
864 625 954 695 qui
983 621 1231 685 abstulit,
1263 634 1368 673 non
1398 614 1628 671 refertur
1669 611 1752 665 in-

172 744 257 787 ter
300 746 398 785 eos
424 725 618 798 quibus
666 730 749 777 est
775 718 1048 781 ablatum,
1090 711 1185 769 sed
1228 710 1366 764 inter
1409 704 1659 760 liberales
1698 709 1757 756 et

172 820 513 892 magniﬁcos;
543 831 651 870 non
689 814 827 865 inter
850 823 944 863 eos
970 806 1061 876 qui
1097 802 1237 857 male
1261 808 1386 854 sunt
1412 794 1589 850 affecti
1614 832 1631 858 ,
1659 790 1757 846 sed

176 890 317 970 inter
341 926 438 967 eos
463 907 553 978 qui
578 907 714 960 bene
732 902 933 957 faciunt
953 916 969 965 ;
989 908 1043 953 et
1067 896 1186 966 plus
1210 891 1389 964 probri
1412 890 1464 943 in
1484 903 1606 943 eum
1627 901 1757 939 con-

171 1006 338 1079 gessit
363 1002 504 1074 quod
552 998 794 1063 donarit,
842 1007 1001 1065 quam
1043 988 1242 1062 probro
1271 986 1386 1055 ipse
1426 982 1497 1036 sit
1536 979 1757 1034 affectus

171 1070 314 1169 quod
341 1070 444 1165 ipsi
482 1093 554 1148 sit
580 1090 817 1145 ablatum
843 1104 857 1140 :
886 1086 959 1140 ita
990 1083 1075 1137 hic
1115 1094 1327 1150 quoque
1350 1092 1416 1131 ex
1461 1070 1759 1129 abundanti

172 1165 483 1262 erogatione
528 1182 809 1255 apparebit
855 1178 1017 1234 etiam
1059 1171 1372 1230 excelsioris
1442 1165 1653 1228 animi,
1704 1171 1759 1217 et

172 1259 469 1340 ostendens
498 1277 640 1350 quod
668 1275 909 1345 rapinam
947 1286 1052 1325 non
1084 1266 1314 1323 senserit
1338 1306 1352 1330 ,
1382 1263 1527 1318 illum
1557 1259 1760 1329 pudore

172 1375 397 1430 afﬁciet.
424 1371 568 1440 Ergo
598 1375 816 1437 propter
844 1361 1118 1417 Christum
1160 1355 1457 1411 serviamus
1485 1349 1718 1406 dominis
1738 1387 1763 1413 ,7

174 1467 426 1527 Scieutes,
461 1461 652 1531 inquit,
678 1455 814 1522 quod
834 1450 1176 1522 unusquisque
1194 1445 1327 1517 quod
1352 1443 1525 1514 fecerit
1548 1441 1756 1505 bonum,

174 1562 275 1614 hoc
316 1557 523 1625 recipiet
568 1570 599 1606 a
641 1550 865 1604 Domino
892 1589 905 1609 ,
937 1546 1039 1600 sive
1077 1557 1248 1597 servus
1274 1581 1291 1605 ,
1319 1539 1422 1593 sive
1446 1534 1595 1590 liber.
1626 1531 1759 1609 Nam

173 1652 432 1721 quoniam
460 1654 576 1701 erat
598 1639 891 1697 verisimile
930 1636 1130 1690 multos
1158 1631 1405 1687 dominos
1427 1668 1444 1695 ,
1487 1640 1608 1683 cum
1654 1623 1762 1678 sint

178 1743 461 1807 inﬁdeles,
489 1736 695 1810 pudore
733 1749 837 1787 non
863 1729 1040 1793 afﬁci;
1072 1740 1175 1781 nec
1212 1736 1400 1779 servos
1428 1713 1759 1775 remunerari

178 1847 409 1906 propter
432 1828 831 1889 obedientiam;
865 1822 988 1877 vide
1028 1816 1297 1889 quomodo
1335 1827 1430 1868 eos
1474 1811 1544 1865 sit
1567 1821 1760 1864 conso-

179 1933 362 1995 latus,
391 1935 447 1981 ut
480 1931 785 1992 suspectam
829 1933 933 1971 non
963 1913 1198 1968 habeant
1223 1903 1714 1963 remunerationem
1740 1938 1758 1965 ,

176 2022 274 2078 sed
324 1990 477 2074 valde
506 1990 778 2070 conﬁdant
801 2009 869 2065 de
899 2002 1355 2076 compensatione.
1397 1995 1468 2052 Ut
1494 1994 1636 2050 enim
1668 1990 1761 2061 qui

179 2111 450 2169 beneﬁcio
487 2107 794 2161 afﬁciuntur
816 2144 833 2168 ,
865 2098 1078 2171 quando
1106 2111 1212 2151 non
1259 2093 1498 2147 referunt
1535 2086 1760 2157 gratiam

180 2197 619 2258 henei’actoribus
645 2237 663 2262 ,
692 2195 771 2250 eis
822 2193 989 2246 Deum
1036 2187 1235 2242 faciunt
1281 2181 1578 2237 debitorem
1623 2192 1639 2230 :
1688 2176 1761 2229 ita

178 2296 347 2349 etiam
394 2290 636 2356 domini,
664 2288 711 2342 si
750 2302 781 2340 a
814 2294 867 2339 te
907 2279 1169 2337 beneﬁcio
1212 2276 1387 2331 aﬁ'ecti
1418 2273 1510 2328 tibi
1535 2269 1761 2341 gratiam

181 2402 291 2440 non
322 2382 598 2446 referant,
627 2378 796 2447 magis
829 2376 1101 2436 referunt,
1146 2369 1238 2423 tibi
1267 2366 1565 2421 debitorem
1595 2362 1761 2415 Deum

177 2475 595 2533 constituentes.
618 2471 675 2526 9.
693 2469 763 2523 Et
776 2460 1308 2534 vos,domint,eadem
1334 2457 1484 2529 facite
1506 2454 1630 2508 illis.
1654 2450 1763 2505 Ea-

177 2569 300 2622 dem
321 2608 338 2631 ,
367 2560 657 2635 quaenam?
685 2559 894 2616 Servite
918 2570 1043 2610 cum
1088 2548 1488 2608 benevolentia,
1532 2544 1627 2599 sed
1656 2558 1761 2597 non

178 2660 352 2721 dixit,
390 2634 615 2711 Servite
638 2694 654 2718 ,
685 2649 895 2706 etiamsi
946 2647 1165 2711 dicens,
1194 2641 1388 2696 Eadem
1407 2680 1425 2703 ,
1466 2639 1569 2691 hoc
1596 2634 1765 2704 signi-

180 2751 470 2809 ﬁcaverit:
503 2764 623 2804 nam
650 2745 900 2801 dominus
929 2754 1141 2810 quoque
1166 2734 1352 2791 servit.
1379 2731 1458 2787 Ne
1496 2741 1764 2798 tamquam

177 2846 467 2901 studentes
496 2840 711 2910 placere
739 2832 1048 2891 hominibus
1072 2872 1088 2897 ,
1112 2827 1311 2897 inquit,
1338 2839 1461 2879 cum
1492 2822 1683 2877 timore
1710 2827 1768 2875 et

181 2948 463 3000 tremore,
497 2933 550 2987 id
581 2939 698 2996 est,
727 2942 851 2998 erga
899 2925 1069 2980 Deum
1091 2963 1107 2987 ,
1147 2921 1400 2975 timentes
1429 2929 1497 2970 ne
1523 2913 1644 2984 quis
1669 2925 1767 2966 vos

178 3035 410 3084 accuset
463 3033 682 3095 propter
739 3027 971 3074 vestram
1023 3015 1074 3069 in
1130 3024 1316 3067 servos
1366 3004 1766 3077 negligentiam.

180 3119 521 3174 Remittentes
548 3114 734 3167 atinas.
764 3109 880 3166 Non
908 3102 1226 3178 importuni,
1257 3100 1431 3169 inquit
1452 3138 1468 3163 ,
1497 3105 1553 3152 et
1578 3106 1771 3164 graves

180 3219 391 3269 estote.
432 3207 659 3263 Scientes
686 3200 822 3272 quod
864 3207 1024 3253 vester
1068 3203 1116 3250 et
1158 3192 1364 3247 illorum
1400 3186 1652 3242 Dominus
1697 3190 1773 3237 est

180 3304 235 3356 ia
262 3300 414 3357 ccli:
434 3295 650 3369 (Matth.
677 3294 734 3348 7.
755 3291 812 3344 2.
840 3298 886 3345 et
909 3289 997 3344 18.
1024 3284 1141 3355 52).
1164 3283 1355 3352 Papae,
1379 3288 1634 3350 quantam
1656 3287 1772 3330 rem

182 3368 587 3446 subindicavitl
619 3378 890 3454 quomodo
930 3375 1152 3432 terruit!
1187 3373 1298 3428 Hoc
1326 3379 1410 3426 est
1434 3410 1451 3435 ,
1480 3368 1593 3435 Qua
1619 3379 1774 3420 men-

182 3497 319 3537 sura
349 3479 557 3536 metiris
578 3516 595 3543 ,
627 3473 817 3531 eadem
849 3470 943 3525 tibi
988 3467 1241 3523 reddetur
1267 3475 1541 3519 mensura.
1570 3456 1646 3513 Ne
1671 3471 1771 3509 au-

183 3576 309 3631 dias
337 3614 353 3639 ,
378 3571 535 3628 Serve
560 3583 774 3638 nequam
794 3606 810 3632 ,
839 3578 986 3619 autne
1027 3560 1159 3615 illud
1184 3558 1405 3611 debitum
1444 3552 1615 3607 remisi
1663 3549 1772 3604 tibi.

188 3668 255 3722 Et
289 3677 631 3737 personarum
653 3659 875 3728 acceptio
903 3671 1005 3710 non
1036 3663 1110 3708 est
1147 3650 1287 3722 apud
1309 3664 1448 3703 eum.
1478 3645 1557 3700 Ne
1584 3643 1776 3699 existi-

191 3948 394 4000 horum
426 3954 684 4011 generum
715 3929 1070 3990 differentiam
1091 3971 1107 3997 ,
1140 3938 1200 3984 ut
1227 3942 1348 3999 qua:
1374 3926 1482 3980 sint
1508 3924 1655 3994 leges
1678 3922 1781 3975 ho-

190 4039 402 4093 minum
436 4052 450 4089 :
479 4034 568 4089 lex
611 4042 790 4088 autem
824 4027 1032 4082 Domini
1060 4023 1362 4079 communis
1408 4020 1603 4074 nullam
1635 4016 1785 4070 novit

190 4126 581 4188 differentiam,
613 4132 674 4177 ut
697 4122 787 4191 qui
807 4117 1163 4176 communiter
1188 4113 1437 4169 omnibus
1460 4108 1779 4173 benefaciat,

195 4233 253 4278 et
281 4219 541 4276 omnibus
566 4214 754 4270 eadem
783 4211 1073 4279 impertiat.

274 4313 361 4367 Ea:
389 4317 595 4381 peccato
622 4306 813 4376 factum
852 4312 906 4356 ut
931 4301 1024 4355 alii
1048 4298 1155 4353 heri
1178 4338 1194 4363 ,
1222 4296 1312 4350 alii
1341 4295 1470 4349 servi
1494 4302 1675 4348 essent.
1725 4289 1787 4345 Si

202 4406 331 4475 quis
352 4413 527 4457 autem
558 4409 710 4469 roget
734 4396 999 4452 undenam
1038 4391 1303 4453 servitus,
1332 4396 1387 4441 et
1423 4403 1517 4441 cur
1543 4386 1785 4453 ingressa

208 4506 301 4552 est
321 4498 372 4550 in
398 4496 553 4548 vitam
576 4493 862 4546 humanam
886 4486 1021 4559 (scio
1062 4484 1204 4538 enim
1227 4480 1426 4535 multos
1464 4487 1517 4533 et
1538 4477 1785 4531 lubenter

208 4589 334 4642 haec
351 4600 553 4656 rogare,
574 4591 630 4638 et
644 4582 783 4636 velle
802 4576 1065 4647 discere);
1086 4589 1186 4645 ego
1205 4572 1357 4628 vobis
1380 4571 1574 4625 dicam.
1595 4569 1786 4622 Avari-

206 4681 283 4733 tia
315 4677 519 4748 peperit
536 4674 869 4735 servitutem,
888 4683 1093 4723 necnon
1114 4664 1306 4720 invidia
1325 4670 1378 4717 et
1397 4659 1787 4715 insatiabilitas.

201 4771 343 4827 Nam
374 4768 488 4823 Noe
540 4782 646 4821 non
676 4764 859 4819 habuit
886 4777 1097 4815 servum
1122 4801 1137 4825 ,
1181 4772 1355 4826 neque
1400 4754 1536 4809 Abel
1565 4794 1580 4818 ,
1612 4765 1789 4822 neque

200 4864 342 4919 Seth
362 4903 378 4927 ,
403 4875 502 4915 nec
528 4860 564 4913 ii
591 4857 683 4929 qui
707 4858 923 4911 fuerunt
955 4861 1156 4922 postea.
1184 4850 1463 4904 Peccatum
1511 4860 1627 4900 eam
1672 4858 1787 4898 rem

201 4956 457 5026 peperit,
486 4950 805 5008 contumelia
828 4949 881 5002 in
903 4954 1174 5016 parentes.
1198 4942 1429 4997 Audiant
1464 4940 1555 4993 ﬁlii
1582 4954 1641 4993 se
1669 4951 1792 4992 esse

199 5050 404 5119 dignos
449 5045 540 5116 qui
571 5044 699 5097 ﬁant
736 5041 920 5103 servi,
952 5036 1166 5109 quando
1195 5036 1249 5090 in
1293 5042 1544 5105 parentes
1592 5030 1793 5085 fuerint

202 5143 435 5213 ingrati.
474 5138 577 5205 Qui
605 5146 688 5193 est
730 5132 1028 5205 ejusmodi,
1072 5131 1173 5186 sibi
1216 5129 1435 5183 abstulit
1461 5126 1795 5181 nobilitatem

202 5236 436 5305 generis
462 5250 477 5286 ε
507 5246 629 5285 nam
659 5230 748 5300 qui
774 5237 979 5299 patrem
1002 5223 1327 5280 contumelia
1354 5221 1517 5276 atﬁcit
1535 5263 1550 5285 ,
1579 5235 1683 5275 non
1710 5228 1796 5276 est

202 5328 454 5399 amplius
483 5325 641 5378 ﬁlius.
688 5322 743 5378 Si
774 5335 904 5375 vero
933 5318 1023 5388 qui
1070 5327 1274 5388 patrem
1307 5313 1627 5369 sontumelia
1670 5310 1795 5366 afﬁ-

202 5422 304 5484 rit,
336 5434 447 5473 non
469 5426 551 5470 est
573 5415 745 5479 ﬁlius;
770 5415 858 5482 qui
880 5407 1206 5465 contumell'i
1233 5407 1394 5460 afﬁcit
1413 5420 1536 5459 eum
1557 5403 1648 5474 qui
1672 5417 1798 5458 vere

203 5521 296 5568 est
340 5519 502 5581 pater
545 5517 729 5561 noster
754 5545 768 5569 ,
800 5501 1069 5571 quomodo
1094 5501 1197 5553 erit
1226 5497 1401 5551 ﬁlius?
1449 5494 1721 5550 descendit
1768 5510 1797 5547 a

205 5603 438 5673 generis
464 5599 739 5654 nobilitate
757 5636 772 5660 ,
797 5604 1039 5650 naturam
1062 5589 1239 5645 affecit
1269 5588 1611 5643 contumelia.
1645 5587 1803 5640 Dein-

206 5697 282 5751 de
309 5704 373 5749 et
399 5693 543 5748 bella
569 5701 623 5744 et
650 5688 827 5761 praelia
857 5693 1115 5755 ceperunt
1143 5680 1405 5750 captivos.
1438 5684 1508 5732 At
1532 5676 1799 5733 Abraham

211 5786 415 5842 habuit
465 5798 653 5838 servos
673 5822 688 5847 ,
732 5779 921 5848 inquit.
950 5775 1059 5832 Sed
1108 5789 1211 5828 non
1258 5786 1387 5827 usus
1411 5780 1495 5825 est
1523 5780 1580 5824 ut
1607 5770 1802 5824 servis.

219 5879 373 5936 Vide
417 5875 690 5950 quomodo
735 5871 912 5928 omnia
962 5869 1120 5939 capiti
1173 5877 1443 5936 tamquam
1494 5860 1805 5932 appendens

1008 416 1072 472 IN
1112 411 1329 469 EPIST.
1370 408 1460 464 AD
1500 402 1739 462 EPHES.
1779 400 1934 459 CAP.
1982 403 2069 458 Vl.
2109 402 2341 459 HOMIL.
2383 401 2546 458 XXII.

3329 402 3433 459 £58

1852 517 2069 587 adaptet
2090 538 2109 573 ς
2138 533 2360 574 uxorem
2380 560 2397 585 ,
2424 518 2494 574 Ut
2518 534 2636 573 eam
2657 558 2674 584 ,
2704 518 2907 589 inquit,
2929 517 3147 588 diligat;
3175 517 3333 585 ﬁlios,
3360 519 3433 577 Ut
3474 531 3477 535 '

1854 622 1950 662 eos
1969 608 2204 665 enutriat
2228 609 2281 662 in
2304 607 2586 677 disciplina
2625 620 2681 664 et
2710 609 3075 664 admonitione
3102 609 3309 664 Domini
3334 626 3350 674 ;
3379 621 3435 665 et

1855 714 2057 765 servos,
2094 700 2324 754 Scientes
2367 700 2504 769 quod
2532 710 2694 754 vester
2739 711 2938 773 quoque
2981 699 3233 755 Dominus
3257 710 3331 755 est
3376 702 3433 755 in

1854 796 2011 849 cretis.
2045 794 2171 861 Sic,
2214 794 2421 864 inquit,
2453 808 2550 848 vos
2587 810 2834 864 quoque,
2872 804 2930 847 ut
2967 794 3059 863 qui
3100 795 3217 848 sitis
3242 794 3381 849 servi
3412 835 3429 860 ,

1855 884 1971 939 sitis
1989 884 2202 954 benigni
2220 894 2275 938 et
2294 885 2586 939 clementes
2602 894 2655 939 et
2668 884 2921 954 propensi
2943 886 3009 938 ad
3032 883 3432 954 ignoscendum.

1856 974 1913 1030 Si
1943 987 2121 1031 autem
2150 975 2310 1030 vultis
2350 974 2567 1040 audire,
2596 975 2786 1030 eadem
2828 975 3069 1029 dicemus
3108 974 3176 1028 de
3218 974 3387 1030 servis
3415 1016 3435 1041 ,

1856 1085 1975 1140 qua:
1997 1069 2146 1139 prius
2173 1069 2408 1124 diximus
2437 1070 2505 1122 de
2532 1067 2657 1122 ﬁliis
2681 1084 2694 1122 :
2743 1068 2939 1122 Docete
2966 1082 3060 1121 eos
3090 1082 3213 1122 esse
3240 1068 3353 1137 pius
3382 1079 3438 1122 et

1858 1160 2172 1231 religiosos;
2197 1169 2254 1215 et
2277 1160 2496 1213 omnino
2522 1168 2821 1228 sequuntur
2847 1158 3049 1213 omnia.
3075 1157 3226 1212 Nunc
3255 1169 3435 1213 autem

1858 1250 2159 1309 ascendens
2185 1251 2447 1322 quispiam
2473 1251 2526 1307 in
2560 1251 2829 1307 theatrum
2858 1292 2873 1317 ,
2903 1258 2954 1305 et
2998 1250 3199 1305 vadens
3228 1249 3295 1305 ad
3325 1251 3440 1305 bal-

1859 1359 2059 1411 neum,
2092 1359 2277 1399 secum
2335 1342 2503 1398 trahit
2547 1357 2735 1398 omnes
2786 1355 3019 1411 pueros;
3052 1358 3103 1395 lll
3152 1343 3435 1397 ecclesiam

1858 1449 2037 1493 autem
2069 1453 2175 1492 non
2204 1438 2333 1491 item
2356 1477 2372 1501 ,
2404 1451 2583 1505 neque
2621 1435 2766 1506 cogit
2791 1449 2888 1490 eos
2913 1434 3103 1489 adesse
3147 1444 3201 1488 et
3228 1434 3435 1488 audire.

1861 1530 2139 1601 Quomodo
2160 1539 2340 1587 autem
2369 1529 2551 1585 audiet
2574 1543 2781 1593 servus,
2806 1543 2927 1581 cum
2957 1535 3014 1582 tu
3043 1526 3292 1582 dominus
3318 1527 3442 1582 aliis

1861 1621 2105 1675 animum
2135 1620 2431 1676 adhibeas?
2456 1620 2643 1674 Emisti
2670 1659 2686 1685 ,
2709 1618 3033 1689 comparasti
3062 1632 3274 1671 servum
3296 1617 3320 1669 ?
3342 1618 3442 1671 im-

1860 1727 1990 1783 pera
2017 1713 2065 1766 ei
2096 1728 2215 1782 quae
2242 1727 2309 1767 ex
2333 1712 2446 1767 Deo
2475 1720 2637 1776 sunt,
2669 1722 2727 1765 ut
2756 1711 2828 1765 sit
2855 1710 3001 1765 mitis
3033 1710 3085 1763 in
3113 1724 3440 1775 conservos,

1862 1812 1920 1857 ut
1949 1802 2164 1857 virtutis
2198 1816 2445 1871 magnam
2475 1801 2668 1856 habeat
2695 1800 2979 1854 rationem.
3012 1799 3444 1870 Uniuscujusque

1859 1892 2053 1947 domus
2083 1902 2167 1947 est
2208 1892 2396 1946 civitas
2417 1932 2433 1956 ,
2466 1890 2831 1960 unusquisque
2857 1902 2940 1945 est
2967 1890 3219 1960 princeps
3258 1899 3314 1945 et
3356 1906 3441 1947 re-

1859 1994 1978 2040 ctor
2001 1999 2115 2039 suae
2151 1984 2362 2039 domus.
2410 1984 2479 2038 Et
2510 1982 2562 2037 id
2588 1984 2804 2053 quidem
2834 1992 2918 2038 est
2947 1983 3167 2038 evidens
3198 1983 3252 2037 in
3280 1983 3444 2039 domo

1842 2070 2082 2131 divitum
2103 2117 2119 2142 ,
2153 2074 2242 2129 ubi
2268 2082 2394 2129 sunt
2418 2084 2473 2129 et
2498 2075 2610 2145 agri
2640 2083 2695 2129 et
2720 2084 3096 2145 procuratores
3121 2084 3176 2130 et
3202 2074 3444 2145 praefecti

1861 2183 2021 2239 supra
2050 2166 2371 2237 przefectos:
2401 2182 2501 2237 ego
2520 2176 2697 2223 autem
2719 2167 2883 2221 etiam
2906 2166 3125 2221 domum
3147 2182 3445 2237 pauperum

1860 2262 1981 2317 dico
2007 2276 2128 2317 esse
2156 2261 2448 2315 civitatem.
2476 2258 2616 2315 Sunt
2643 2259 2787 2313 enim
2820 2259 2907 2313 hic
2934 2276 3146 2330 quoque
3175 2260 3446 2330 principa-

1864 2361 2206 2422 tuszutpnta,
2239 2353 2459 2406 maritus
2491 2351 2846 2422 principatum
2876 2352 3079 2407 obtinet
3110 2353 3161 2407 in
3198 2369 3443 2418 uxorem,

1863 2460 1998 2501 uxor
2012 2446 2062 2499 in
2075 2457 2276 2510 servos,
2296 2442 2435 2499 servi
2453 2442 2505 2497 in
2523 2457 2712 2498 uxores
2727 2456 2871 2497 suas:
2890 2457 3074 2497 rursus
3089 2442 3187 2497 viri
3204 2453 3258 2499 et
3271 2445 3451 2500 mulie-

1864 2537 2024 2593 resin
2051 2550 2265 2606 pueros.
2286 2536 2479 2590 Annon
2498 2534 2590 2589 tibi
2621 2533 2833 2589 videtur
2852 2548 2973 2589 esse
2992 2535 3155 2590 veluti
3180 2550 3276 2589 rex
3302 2536 3449 2605 quis-

1866 2631 2027 2699 piam,
2047 2645 2166 2685 cum
2188 2637 2265 2683 tot
2281 2625 2583 2683 habeatsibi
2602 2626 2869 2696 subjectos
2887 2627 3187 2697 principes;
3207 2638 3262 2682 et
3281 2642 3448 2696 opor-

1869 2731 1975 2778 teat
2006 2737 2130 2777 eum
2158 2736 2279 2776 esse
2316 2719 2554 2775 omnium
2596 2718 2975 2788 peritissimum
3014 2718 3450 2775 administranda:

1866 2814 2057 2868 domus
2077 2822 2133 2868 et
2151 2811 2410 2867 civitatis?
2429 2810 2563 2865 Nam
2579 2810 2669 2881 qui
2682 2811 2784 2866 scit
2800 2810 2944 2865 varie
2964 2819 3018 2865 et
3035 2811 3343 2867 diﬁerenter
3365 2812 3453 2867 bis

1870 2910 1965 2976 uti,
1985 2908 2089 2964 scit
2111 2917 2265 2977 aptos
2291 2907 2490 2977 eligere
2511 2906 2803 2975 principes,
2825 2912 2880 2960 et
2897 2904 3109 2974 quidem
3133 2904 3291 2974 eliget
3308 2920 3450 2973 prae-

1868 3001 2064 3056 claros.
2094 2998 2238 3069 Ergo
2272 3013 2410 3051 uxor
2437 2996 2541 3052 erit
2565 2995 2711 3050 domi
2748 3011 2842 3050 rex
2870 2995 3008 3049 alius
3034 3035 3050 3059 ,
3080 2994 3299 3065 dempto
3328 2995 3449 3050 dia.

1870 3095 2124 3147 demate:
2175 3089 2271 3160 qui
2316 3088 2418 3143 scit
2464 3088 2605 3141 hunc
2633 3102 2810 3156 regem
2841 3086 3081 3156 eligere,
3125 3086 3229 3141 alia
3273 3088 3453 3142 omnia

1874 3194 2024 3241 recte
2068 3190 2220 3253 reget
2253 3190 2308 3237 et
2335 3179 2689 3250 dispensabit.
2718 3179 2808 3235 10.
2841 3176 2920 3233 De
2971 3189 3150 3234 cetera
3174 3219 3189 3245 ,
3231 3178 3404 3249 inquit
3433 3219 3456 3245 ,

1879 3278 2085 3349 fratres,
2114 3272 2472 3345 confortamini
2501 3272 2555 3324 in
2582 3268 2826 3324 Domino.
2854 3269 3082 3338 Quando
3111 3269 3342 3325 ﬁnienda
3368 3279 3455 3327 est

1879 3369 2054 3425 oratio
2078 3409 2094 3432 ,
2123 3367 2225 3421 hoc
2250 3365 2411 3420 modo
2431 3379 2649 3433 semper
2674 3364 2857 3418 utitur.

1946 3461 2002 3516 5.
2041 3459 2235 3513 Annon
2265 3465 2411 3511 recte
2435 3454 2677 3510 dicebam
2705 3454 2773 3509 ab
2799 3454 2952 3509 initio
2973 3494 2989 3523 ,
3021 3454 3167 3525 quod
3205 3455 3458 3513 uniuscu-

1874 3552 2066 3623 jusque
2090 3549 2281 3605 domus
2320 3548 2391 3601 sit
2416 3546 2622 3615 integer
2645 3546 2951 3601 exercitus?
2985 3546 3124 3603 Ecce
3151 3549 3299 3603 enim
3341 3564 3459 3603 om.-

1880 3645 2036 3700 nibus
2059 3641 2363 3698 constitutis
2395 3640 2775 3710 principatibus
2794 3682 2810 3706 ,
2839 3655 2934 3696 eos
2971 3641 3226 3712 deinceps
3251 3652 3457 3707 armat,

1879 3746 1937 3792 et
1982 3735 2163 3791 educit
2188 3735 2256 3788 ad
2287 3733 2510 3789 bellum.
2550 3732 2685 3787 Nam
2714 3732 2758 3787 si
2801 3747 2961 3788 nemo
2989 3733 3213 3803 arripiat
3240 3733 3464 3789 alterius

1883 3827 2237 3898 principatum
2258 3865 2274 3889 ,
2301 3825 2396 3880 sed
2428 3824 2790 3894 unusquisque
2831 3833 3047 3879 maneat
3072 3826 3126 3880 in
3158 3825 3278 3882 loco
3316 3842 3416 3880 suo
3438 3868 3455 3891 ,

1883 3921 2060 3977 omnia
2091 3929 2233 3974 recte
2281 3917 2573 3973 habebunt.
2603 3917 3002 3988 Confortamim‘,
3032 3918 3233 3988 inquit,
3272 3920 3325 3972 in
3352 3917 3462 3973 Do-

1884 4015 2023 4068 mino
2043 4054 2060 4080 ,
2087 4023 2135 4066 et
2176 4012 2230 4066 in
2254 4012 2478 4083 potentia
2518 4011 2713 4065 virtutis
2739 4012 2849 4081 ejus
2869 4026 2890 4065 :
2915 4009 3019 4065 hoc
3047 4020 3160 4073 est,
3190 4011 3242 4065 in
3273 4026 3370 4081 Spe
3409 4013 3465 4066 in

1888 4106 2064 4175 ipsum
2096 4119 2192 4173 per
2220 4104 2337 4172 ejus
2365 4101 2644 4156 auxilium.
2672 4100 2803 4156 Nam
2826 4101 3077 4170 quoniam
3108 4101 3274 4155 multa
3304 4101 3466 4171 jussit

1888 4213 2007 4267 qua:
2035 4196 2151 4250 ﬁeri
2178 4203 2477 4264 oporteret,
2507 4192 2710 4257 Nolite,
2741 4193 2945 4261 inquit,
2977 4192 3199 4256 timere,
3229 4208 3380 4262 spem
3409 4194 3463 4248 in

1892 4288 2176 4343 Dominum
2205 4285 2458 4354 conjicite
2479 4323 2496 4347 ,
2528 4293 2582 4337 et
2610 4282 2788 4336 omnia
2817 4280 3007 4336 reddet
3032 4280 3227 4337 facilia.
3266 4283 3355 4337 11.
3396 4283 3467 4338 Et

1889 4378 2085 4431 induite
2112 4392 2199 4430 vos
2245 4385 2558 4429 armaturam
2601 4371 2720 4437 Dei,
2752 4381 2808 4424 ut
2833 4372 3035 4441 possitis
3062 4381 3198 4425 stare
3225 4373 3467 4429 adversus

1890 4469 2103 4524 insidias
2130 4467 2339 4521 diaboli.
2370 4465 2486 4520 Non
2525 4464 2657 4519 dixit
2679 4504 2693 4527 ,
2722 4463 2995 4518 Adversus
3025 4479 3224 4533 pugnas
3243 4504 3258 4528 ,
3291 4480 3489 4536 neque,

1893 4561 2150 4616 adversus
2178 4559 2316 4614 bella
2341 4599 2357 4624 ,
2384 4556 2477 4613 sed
2504 4598 2518 4621 ,
2553 4554 2805 4609 Adversus
2843 4556 3054 4609 insidias
3075 4572 3093 4608 :
3125 4570 3299 4626 neque
3322 4559 3467 4611 enim

1896 4658 2108 4712 incaute
2132 4662 2187 4708 et
2208 4662 2393 4723 aperte
2414 4650 2687 4706 nobiscum
2712 4648 2905 4704 bellum
2928 4647 3066 4716 gerit
3085 4648 3350 4709 inimicus.
3373 4651 3470 4706 sed

1896 4766 1959 4805 ex
2008 4746 2234 4802 insidiis.
2277 4743 2412 4812 Quid
2441 4750 2524 4797 est
2549 4751 2726 4796 autem
2754 4740 3011 4805 μεθοδείαῖ
3054 4745 3347 4796 Μεθοδεῦσαι
3388 4753 3473 4799 est

1897 4841 2143 4910 decipere
2166 4878 2182 4904 ,
2211 4844 2267 4892 et
2295 4850 2389 4905 per
2418 4831 2694 4888 machinas
2733 4845 2924 4899 capere
2953 4847 2966 4884 :
2997 4830 3136 4900 quod
3166 4831 3381 4902 quidem
3410 4832 3472 4889 ﬁt

1898 4941 1953 4987 et
1992 4933 2046 4985 in
2072 4929 2355 4991 artibus,et
2386 4927 2440 4979 in
2464 4922 2809 4987 orationibus,
2838 4922 2954 4976 etin
3002 4920 3154 4976 factis
3178 4964 3192 4985 ,
3225 4932 3280 4977 et
3306 4923 3360 4978 in
3391 4923 3475 4978 lu-

1900 5037 1984 5083 cta
2007 5066 2022 5090 ,
2053 5038 2148 5092 per
2175 5035 2269 5075 eos
2289 5018 2379 5089 qui
2409 5031 2508 5071 nos
2529 5015 2810 5071 seducunt.
2842 5013 3083 5082 Exempli
3109 5026 3269 5068 causa
3296 5013 3417 5069 dico
3454 5031 3479 5071 ε

1903 5132 2191 5187 numquam
2215 5122 2397 5183 aperta
2440 5108 2693 5181 proponit
2720 5116 2934 5178 peccata
2961 5123 2977 5161 :
3005 5122 3111 5161 non
3140 5106 3270 5161 dicit
3298 5106 3475 5161 idolo-

1902 5210 2116 5266 latriam
2145 5221 2241 5261 seu
2281 5203 2484 5259 cultum
2514 5200 2775 5255 idolorum
2798 5240 2815 5267 ,
2859 5197 2954 5253 sed
2983 5198 3139 5252 aliter
3179 5197 3231 5252 id
3262 5198 3480 5252 instruit

1902 5321 1971 5361 ex
2017 5300 2258 5367 insidiis,
2305 5298 2410 5354 hoc
2451 5305 2569 5363 est,
2610 5291 2949 5364 probabilem
3001 5290 3231 5345 reddens
3281 5291 3483 5347 oratio-

1905 5411 2027 5451 nem
2053 5436 2067 5460 ,
2099 5404 2156 5449 et
2208 5400 2364 5445 utens
2412 5386 2720 5443 involucris.
2748 5384 2861 5439 Hoc
2902 5397 3030 5453 ergo
3078 5381 3237 5437 modo
3270 5383 3479 5437 excita-

1905 5489 1983 5543 vit
2025 5486 2221 5541 milites
2242 5524 2258 5550 ,
2288 5490 2345 5537 et
2390 5479 2567 5545 effecit
2596 5487 2653 5532 ut
2697 5485 2879 5530 essent
2915 5474 3119 5539 sobrii,
3149 5474 3483 5543 persuadens

1909 5588 1964 5633 et
1992 5577 2193 5632 docens
2220 5571 2464 5643 praelium
2496 5569 2651 5624 nobis
2682 5566 2968 5621 ineundum
2995 5565 3255 5621 adversus
3284 5566 3360 5621 rei
3375 5567 3465 5623 bel

1910 5672 2026 5726 lica:
2047 5668 2278 5740 peritum
2301 5673 2357 5719 et
2380 5678 2486 5717 non
2508 5663 2717 5716 incaute
2743 5673 2843 5713 nec
2866 5668 3051 5728 aperte
3074 5658 3267 5714 bellum
3291 5674 3486 5730 geren-

1911 5776 2040 5829 tem,
2063 5760 2158 5816 sed
2184 5775 2249 5813 cx
2276 5756 2483 5812 insidiis
2507 5761 2562 5809 et
2586 5751 2887 5807 methodica
2914 5750 3141 5806 ratione.
3169 5749 3238 5806 Et
3255 5752 3485 5822 primum

1913 5859 1981 5915 ab
2001 5856 2117 5925 ejus
2146 5862 2282 5917 arte,
2314 5847 2547 5906 secundo
2573 5862 2601 5900 a
2637 5852 2821 5899 natura
2853 5853 2906 5899 et
2932 5841 3272 5901 multitudine
3290 5843 3489 5904 excitat
