3974 6504
509 406 614 463 159

506 520 818 592 discipulos.
851 518 1051 573 Nolens
1093 515 1325 586 dejicere
1356 516 1582 581 milites,
1611 517 1699 586 qui
1730 531 1911 570 secum
1942 522 2086 568 stant

508 614 770 669 adversus
801 613 1003 681 ipsum,
1034 608 1127 663 scd
1154 609 1395 664 excitare
1419 620 1473 663 ct
1500 610 1705 678 erigere
1726 650 1740 674 ,
1772 607 1907 662 dixit
1939 615 2084 660 astu-

512 706 616 760 tias
662 713 715 759 et
754 702 969 757 subtilia
1019 700 1283 771 cogitata,
1318 709 1372 754 et
1418 700 1595 755 ellecit
1640 710 1696 753 ut
1741 700 1849 754 sint
1893 697 2079 752 sobrii.

512 795 645 850 Nam
689 795 732 849 si
774 794 944 847 solum
975 792 1203 846 narratis
1232 807 1416 847 eorum
1467 791 1667 845 viribus
1706 791 1863 844 ﬁnem
1906 790 2078 859 impo-

506 889 704 945 suisset
740 886 966 941 orationi
991 927 1007 951 ,
1030 901 1123 941 eos
1151 885 1432 955 dejecisset
1455 902 1468 939 :
1499 884 1543 938 si
1570 894 1745 939 autem
1769 894 1822 938 et
1846 893 1999 937 antea
2026 889 2080 937 et

502 989 682 1050 postea
710 976 942 1033 ostendit
967 992 1087 1031 eum
1113 992 1269 1047 posse
1292 977 1408 1045 capi
1437 985 1492 1031 et
1514 975 1822 1046 expugnari,
1843 989 1936 1031 eos
1965 990 2079 1028 ma-

507 1071 590 1141 gis
617 1069 834 1124 excitat.
884 1067 1017 1123 Nam
1058 1069 1197 1122 vires
1235 1066 1662 1121 adversariorum
1704 1081 1810 1136 quo
1851 1080 1883 1120 a
1922 1065 2076 1120 nobis

499 1161 737 1232 apertius
785 1158 1158 1214 renuntiantur
1204 1158 1433 1223 nostris,
1466 1172 1532 1212 eo
1588 1167 1802 1212 nostros
1844 1154 2075 1211 reddunt

497 1252 886 1322 diligentiores.
944 1250 1032 1305 12.
1086 1250 1369 1317 Quoniam,
1414 1249 1621 1319 inquit,
1666 1266 1768 1303 non
1812 1256 1883 1303 est
1931 1249 2073 1303 nobis

495 1346 786 1401 colluctatio
814 1342 1051 1398 adversm
1077 1343 1372 1413 sanguinem
1392 1382 1395 1385 ς
1413 1351 1459 1396 et
1488 1357 1689 1395 carnem
1711 1382 1727 1407 ,
1756 1341 1849 1395 sed
1886 1340 2069 1393 adver-

494 1454 583 1493 sus
609 1435 859 1508 principes
878 1445 923 1489 et
955 1442 1221 1505 potestates
1241 1474 1257 1499 ,
1284 1432 1521 1487 adversus
1547 1431 1725 1486 mundi
1748 1441 1964 1485 rectores
1992 1440 2069 1485 te-

495 1531 762 1583 nebrarum
780 1526 961 1580 harum
978 1566 995 1593 ,
1017 1534 1190 1578 contra
1209 1524 1391 1593 spiritu
1400 1524 1503 1577 alia
1530 1523 1765 1591 nequitia:
1785 1523 1837 1576 in
1858 1522 2071 1577 antesti-

494 1623 605 1676 bus.
635 1620 921 1689 Postquam
944 1634 974 1672 a
999 1632 1194 1688 genere
1219 1631 1407 1687 pugnae
1436 1616 1680 1671 hortatus
1708 1623 1825 1682 est,
1860 1613 2056 1670 deinde

491 1726 523 1765 a
571 1709 800 1780 prtemiis
838 1708 1123 1780 propositis
1162 1722 1256 1762 eos
1295 1707 1517 1763 excitat.
1566 1705 1887 1774 Quomodo?
1930 1704 2067 1760 Cum

491 1802 718 1858 dixisset
746 1801 926 1856 hostes
967 1814 1091 1856 esse
1138 1802 1515 1865 vehementes,
1544 1799 1818 1869 subjunxit
1845 1814 1939 1854 eos
1967 1812 2066 1854 nos

496 1894 705 1965 magnis
721 1892 947 1962 privare.
968 1891 1291 1959 Quibusnam
1308 1891 1332 1945 ?
1347 1890 1525 1962 Pugna
1550 1904 1631 1946 est
1652 1892 1703 1945 in
1720 1892 2018 1946 czulestibus
2044 1910 2058 1946 :

493 2002 601 2043 non
625 1994 857 2042 certatur
885 1999 979 2053 pro
1021 1984 1257 2054 pecuniis
1280 2024 1295 2047 ,
1325 1999 1429 2037 non
1461 1999 1556 2053 pro
1589 1983 1785 2053 gloria,
1818 1982 1913 2037 sed
1942 1998 2063 2037 cer-

488 2088 632 2133 tatur
660 2092 727 2132 ne
774 2075 1079 2147 redigamur
1127 2076 1179 2130 in
1225 2075 1533 2129 servitutem
1582 2084 1636 2130 et
1678 2076 2057 2144 captivitatem.

486 2169 841 2239 Quamobrem
886 2168 1174 2222 inimicitiae
1217 2176 1341 2221 sunt
1388 2167 1898 2221 irreconciliabiles:
1928 2182 2060 2220 con-

487 2263 656 2317 tentio
684 2270 737 2315 et
765 2275 935 2330 pugna
963 2268 1046 2315 est
1079 2259 1450 2313 vehementior
1473 2298 1489 2323 ,
1518 2258 1730 2328 quando
1755 2272 1851 2327 pro
1896 2257 2060 2312 rebus

488 2354 694 2423 magnis
718 2353 1037 2422 suscipitur:
1067 2350 1194 2406 illud
1225 2352 1364 2405 enim
1386 2390 1402 2415 ,
1448 2348 1515 2404 In
1544 2350 1824 2404 calestibus
1848 2391 1863 2416 ,
1891 2350 2055 2419 signi-

486 2446 648 2511 ficat,
680 2459 776 2514 pro
807 2442 1135 2498 cmlestibus.
1183 2440 1297 2495 Non
1331 2448 1390 2494 ut
1429 2441 1527 2510 ipsi
1569 2441 1846 2495 victoriam
1877 2439 2053 2511 adepti

484 2536 683 2606 aliquid
713 2546 1106 2606 consequantur
1124 2575 1139 2598 ,
1168 2533 1262 2588 sed
1286 2542 1342 2587 ut
1367 2548 1463 2587 nos
1490 2532 1717 2602 privent.
1748 2532 1817 2588 Ut
1839 2532 1884 2587 si
1911 2532 2057 2586 dice-

483 2638 562 2683 ret
586 2669 600 2692 ,
630 2636 839 2698 pactum
891 2634 1212 2680 conventum
1258 2633 1342 2678 est
1390 2626 1441 2678 in
1486 2624 1664 2692 aliquo
1688 2663 1704 2688 ,
1739 2623 1863 2677 illud
1892 2624 1946 2676 in
1974 2632 2057 2678 est

482 2733 609 2788 pro,
639 2726 694 2773 et
723 2718 775 2770 in
813 2724 897 2771 est
924 2725 1147 2785 prapter.
1179 2713 1311 2769 Vide
1356 2713 1621 2783 quomodo
1666 2714 1807 2768 vires
1852 2713 2053 2768 inimici

481 2824 582 2864 nos
626 2810 894 2871 excitant,
944 2816 999 2864 et
1041 2806 1245 2861 faciunt
1272 2817 1327 2862 ut
1358 2806 1523 2861 simus
1550 2805 1759 2872 sobrii,
1803 2820 1868 2861 eo
1910 2804 2052 2875 quod

479 2899 710 2954 sciamus
742 2898 813 2953 de
835 2898 999 2954 rebus
1027 2898 1229 2967 magnis
1261 2911 1381 2952 esse
1409 2896 1699 2967 periculum
1719 2936 1735 2962 ,
1762 2906 1817 2951 et
1841 2895 1909 2951 de
1935 2910 2051 2950 ma-

478 2991 601 3061 gnis
630 2991 739 3045 fore
769 2991 1047 3045 victoriam
1073 3006 1087 3043 :
1117 2989 1295 3043 studet
1317 2988 1456 3043 enim
1488 3003 1586 3043 nos
1611 3004 1642 3043 e
1666 2987 1800 3042 cado
1827 2987 2045 3057 ejicere.

479 3083 749 3149 Quasnam
795 3082 923 3136 dicit
950 3080 1218 3150 principes
1255 3088 1310 3133 et
1340 3088 1626 3148 potestates
1659 3087 1715 3135 et
1755 3078 1938 3134 mundi
1966 3094 2051 3135 re-

478 3186 657 3232 ctores
688 3174 844 3245 hujus
870 3173 1048 3227 saeculi
1079 3171 1416 3226 tenebrarum
1445 3172 1628 3226 barum
1650 3172 1673 3225 ?
1698 3186 2050 3242 quarumnam

478 3265 863 3322 tenebrarum?
892 3262 1147 3333 numquid
1179 3262 1393 3317 noctis?
1419 3261 1757 3332 Nequaquam
1779 3303 1796 3329 ,
1823 3260 1918 3316 sed
1948 3276 2048 3317 ne-

476 3360 703 3430 quititn:
745 3357 969 3412 Eramus
1012 3358 1153 3412 enim
1180 3395 1194 3419 ,
1242 3354 1443 3425 inquit,
1485 3354 1768 3425 aliquando
1811 3352 2049 3408 tenebras

474 3450 692 3521 (Ep/tes.
723 3449 776 3505 5.
806 3448 898 3519 8);
928 3446 1214 3518 nequitiam
1257 3446 1440 3501 dicens
1465 3455 1520 3501 et
1562 3445 1896 3517 pravitatem,
1928 3460 2047 3515 quae

474 3551 558 3598 est
578 3542 630 3595 in
654 3540 754 3595 vita
778 3540 1044 3611 praesenti.
1068 3538 1181 3593 Non
1205 3537 1420 3593 habebit
1438 3538 1579 3593 enim
1603 3538 1825 3593 ulterius
1844 3538 2040 3604 locum,

473 3650 581 3691 non
609 3635 660 3689 in
686 3634 817 3689 calo
838 3675 853 3698 ,
886 3649 990 3687 non
1018 3633 1070 3686 in
1102 3631 1298 3686 szeculo
1326 3630 1523 3685 futuro.

547 3727 774 3782 Mundus
802 3727 854 3779 in
904 3726 1175 3794 Scriptura
1222 3724 1381 3777 malos
1410 3723 1635 3776 homines
1664 3720 1939 3792 aliquando
1969 3721 2042 3775 si-

474 3820 702 3890 gniﬁcat.
738 3847 810 3858 —
833 3817 941 3871 Eos
967 3825 1142 3869 autem
1170 3814 1298 3869 dicit
1324 3815 1501 3868 mutuli
1533 3824 1767 3868 rectores
1790 3854 1805 3879 ,
1840 3829 1944 3867 non
1985 3822 2045 3868 ut

471 3910 563 3980 qui
594 3909 646 3963 in
686 3906 885 3962 mundo
913 3906 1186 3960 obtineant
1214 3905 1573 3967 dominatum,
1605 3905 1698 3959 sed
1744 3904 1885 3974 quod
1926 3920 2041 3958 ma-

476 4000 649 4054 lorum
679 4013 898 4068 operum
927 3997 1033 4049 sint
1057 4011 1247 4051 causae.
1294 3994 1424 4049 Nam
1458 3995 1599 4049 hunc
1625 3996 1879 4049 mundum
1906 3996 2041 4050 solet

470 4091 743 4160 Scriptura
790 4087 1058 4158 appellare
1102 4086 1389 4141 sceleratas
1432 4085 1702 4148 actiones;
1732 4094 1788 4138 ut
1827 4086 2040 4155 quando

471 4180 604 4237 dicit
628 4180 870 4234 Christus
896 4219 911 4241 ,
954 4176 1052 4231 Vos
1083 4194 1181 4230 non
1210 4179 1327 4231 estis
1356 4193 1418 4230 ex
1444 4179 1539 4229 hoc
1562 4177 1767 4241 mundo,
1800 4176 1927 4231 sicut
1947 4194 2038 4248 ego

471 4290 574 4326 non
601 4288 712 4327 sum
741 4288 803 4326 ea:
831 4271 1038 4324 mundo.
1071 4269 1255 4325 Nonne
1302 4280 1453 4325 erant
1482 4285 1544 4324 ex
1593 4269 1831 4323 mundo?
1862 4283 2037 4324 nonne

467 4378 633 4419 carne
659 4371 810 4417 erant
834 4361 1183 4416 circumdati?
1210 4377 1385 4415 nonne
1419 4369 1573 4415 erant
1597 4376 1661 4414 ex
1694 4360 1758 4414 iis
1786 4361 1874 4430 qui
1911 4367 2037 4415 sunt

466 4455 520 4510 in
548 4454 784 4509 mundo?
824 4453 891 4508 Et
934 4469 1157 4508 rursus:
1208 4452 1431 4506 Mundus
1460 4469 1539 4506 me
1580 4453 1684 4506 odit
1710 4468 1727 4507 :
1754 4470 1839 4508 vos
1868 4464 2034 4507 autem

465 4562 568 4600 non
595 4555 754 4615 potest
778 4546 943 4601 odisse
968 4544 1143 4617 (Joan.
1169 4545 1255 4600 17.
1288 4545 1372 4599 14.
1397 4554 1441 4597 et
1469 4545 1523 4599 7.
1547 4544 1601 4615 7)
1621 4562 1636 4610 ;
1659 4545 1825 4599 malas
1850 4560 2034 4601 rursus

465 4638 651 4694 dicens
679 4639 935 4692 actiones.
966 4638 1061 4692 Vel
1100 4638 1353 4691 mundum
1396 4638 1483 4692 hic
1508 4638 1640 4694 dicit
1664 4640 1831 4695 malos
1862 4640 2033 4696 homi-

465 4743 599 4792 nes;
628 4727 896 4782 dremones
921 4729 1060 4781 enim
1107 4729 1159 4781 in
1188 4744 1281 4783 eos
1322 4732 1488 4798 magis
1519 4730 1844 4787 dominatum
1887 4733 2031 4788 obti-

463 4829 612 4875 nent.
641 4818 828 4873 Contra
857 4818 1145 4887 spiritualia
1171 4821 1419 4889 nequitias,
1442 4822 1629 4891 inquit,
1658 4824 1710 4876 in
1730 4826 2028 4880 cwlestibus.

462 4910 739 4980 Principes
763 4909 895 4964 dicit
916 4920 969 4964 ct
997 4918 1324 4980 potestates;
1366 4913 1503 4966 sicut
1529 4915 1687 4969 etiam
1716 4917 1767 4971 in
1797 4917 2018 4972 caelesti-

461 5001 563 5058 bus
611 5011 734 5056 sunt
783 5000 1000 5066 throni,
1031 5001 1456 5071 dominationes,
1487 5008 1842 5078 principatus.
1876 5020 2026 5079 pote-

462 5102 648 5148 states.
678 5093 765 5147 15.
801 5091 1098 5164 Propterea,
1129 5094 1319 5164 inquit,
1346 5099 1558 5168 accipite
1578 5111 1890 5153 armaturam
1904 5100 2022 5166 Dei,

461 5195 520 5240 ut
550 5186 749 5255 possitis
786 5186 1017 5240 resistere
1051 5186 1103 5239 in
1128 5187 1209 5241 die
1238 5189 1372 5242 malo
1392 5230 1408 5253 ,
1436 5200 1485 5244 et
1523 5191 1575 5244 in
1605 5193 1833 5247 omnibus
1861 5196 2027 5264 perfe-

456 5277 527 5331 cti
573 5287 726 5331 stare.
780 5277 927 5332 Diem
972 5279 1168 5332 malum
1211 5280 1339 5335 dicit
1379 5284 1539 5336 vitam
1587 5293 1940 5352 praesentem:
1970 5294 2026 5340 et

460 5369 657 5424 malum
684 5368 934 5423 surculum
966 5368 1067 5423 hoc
1091 5368 1217 5425 dicit
1242 5411 1256 5435 ,
1279 5387 1344 5427 ex
1371 5373 1525 5427 malis
1551 5389 1667 5443 qua:
1696 5374 1746 5427 in
1777 5388 1842 5428 eo
1869 5373 2021 5430 fiunt.

459 5458 516 5514 Id
544 5469 627 5514 est
647 5501 660 5522 ,
689 5475 902 5529 semper
931 5462 1119 5515 armati
1157 5472 1349 5519 estote.
1395 5463 1463 5517 Et
1503 5465 1729 5519 omnibus
1759 5507 1773 5531 ,
1807 5466 1975 5535 inquit
2003 5507 2019 5535 ,

462 5551 734 5618 confectis;
778 5552 879 5607 hoc
917 5562 999 5606 est
1018 5590 1035 5617 ,
1083 5552 1312 5608 devictis
1340 5554 1482 5609 vitiis
1507 5597 1521 5617 ,
1552 5555 1797 5610 absurdis
1825 5572 2023 5612 concu-

456 5640 728 5709 piscentiis
745 5682 761 5708 ,
788 5653 844 5697 et
871 5645 1119 5699 omnibus
1138 5661 1258 5715 qute
1284 5647 1434 5701 nobis
1454 5646 1680 5701 aﬂ'crunt
1698 5648 2020 5705 molestiam.

454 5729 574 5790 Non
603 5731 736 5786 dixit
759 5736 929 5789 solum
961 5735 1137 5792 facere
1158 5778 1172 5800 ,
1196 5737 1287 5792 sed
1320 5737 1601 5808 perficere;
1624 5748 1683 5793 ut
1712 5755 1816 5794 non
1844 5741 2020 5798 solum

445 5821 520 5879 de
547 5824 724 5881 medio
754 5826 936 5883 tollant
960 5862 975 5897 ,
1009 5828 1103 5884 sed
1132 5828 1293 5885 etiam
1319 5838 1461 5886 stent
1482 5841 1762 5903 postquam
1790 5824 2021 5893 sustule-

1229 406 1285 460 S.
1324 402 1598 459 JOANNIS
1634 399 2105 459 CHRYSOSTOMI
2144 402 2461 462 ARCHIEP.
2499 407 3029 470 CONSTANTINOP.

3654 427 3761 482 160

2189 516 2335 571 rint:
2369 534 2488 572 nam
2527 522 2678 576 multi
2708 523 2844 579 hanc
2869 527 3045 596 adepti
3075 530 3348 587 victoriam
3391 551 3574 592 rursus
3594 545 3755 597 ceci-

2182 608 2399 665 derunt.
2433 611 2710 683 Omnibus,
2741 617 2946 687 inquit,
2969 626 3213 693 confectis
3238 642 3256 680 :
3284 643 3388 681 non
3418 628 3518 685 hoc
3538 631 3753 701 quidem

2180 702 2425 758 confecto
2450 745 2465 770 ,
2513 707 2603 762 illo
2657 725 2782 763 vero
2831 728 2934 766 non
2968 732 2982 768 :
3011 726 3153 771 stare
3195 721 3335 774 enim
3381 736 3591 793 oportet
3632 741 3761 797 post

2177 792 2472 887 victoriam.
2496 798 2706 869 Dejecta
2727 805 3268 876 suntaliquando,sed
3295 830 3410 884 qua:
3436 792 3759 887 dejiciuntur

2176 887 2540 944 reviviscunt:
2580 891 2679 945 nisi
2710 896 3014 951 steterimus
3038 940 3053 963 ,
3102 901 3262 957 etiam
3296 921 3413 975 qua:
3442 910 3752 968 ceciderunt

2177 988 2479 1046 resurgunt.
2506 979 2683 1036 Donec
2702 992 2923 1053 stamus,
2946 988 3149 1058 dejecta
3170 1005 3293 1049 sunt
3309 1013 3323 1050 :
3342 996 3511 1055 donec
3526 1017 3631 1057 llOn
3646 1008 3761 1060 cir-

2174 1068 2528 1137 cumagimur,
2546 1071 2636 1127 ille
2652 1089 2753 1128 non
2774 1080 3019 1148 resurgit.
3039 1080 3324 1142 Induamur
3342 1102 3610 1148 armatura
3633 1096 3750 1154 Dei.

2242 1157 2297 1212 4.
2334 1157 2493 1215 Vides
2531 1165 2799 1231 quomodo
2838 1179 3037 1225 metum
3082 1174 3358 1233 ademerit.
3393 1179 3525 1237 Nam
3554 1186 3599 1239 si
3630 1187 3743 1242 fieri

2171 1254 2346 1345 potest
2372 1258 2429 1303 ut
2452 1251 2797 1310 conficiemus
2816 1267 2871 1313 et.
2889 1268 3114 1341 stemus,
3136 1278 3235 1320 cur
3259 1269 3455 1340 refugis
3477 1280 3751 1345 pugnam?

2169 1337 2261 1394 Sta
2294 1340 2472 1439 hostes
2500 1344 2811 1415 conficiens,
2843 1360 2897 1404 et
2926 1337 3117 1409 vicisti.
3149 1357 3215 1412 Et
3243 1375 3315 1416 ne
3350 1337 3585 1430 mireris,
3604 1371 3753 1439 quod

2169 1436 2315 1486 tanta
2354 1430 2423 1488 de
2462 1433 2695 1491 hostium
2724 1439 2928 1497 viribus
2963 1459 3236 1504 recenseat
3262 1468 3278 1508 :
3308 1468 3429 1508 nam
3461 1430 3749 1517 recensere

2168 1520 2313 1577 vires
2342 1522 2700 1596 inimicorum,
2728 1546 2834 1585 non
2867 1543 3065 1590 metum
3091 1537 3246 1595 affert
3264 1550 3319 1596 et
3346 1544 3617 1612 timorem.
3652 1553 3755 1607 sed

2166 1611 2428 1683 ignaviam
2460 1620 2666 1674 excutit
2702 1630 2760 1677 et
2796 1625 3116 1682 socordiam.
3164 1630 3233 1685 Ut
3260 1636 3497 1705 possitis,
3530 1640 3749 1710 inquit,

2165 1706 2393 1761 resistere
2428 1709 2480 1763 in
2519 1710 2602 1764 die
2639 1714 2794 1768 malo.
2839 1718 2883 1771 Α
2917 1726 3159 1789 tempore
3201 1726 3359 1780 etiam
3406 1706 3740 1788 consolatur.

2164 1794 2417 1869 Tempus,
2448 1801 2637 1871 inquit,
2676 1814 2759 1859 est
2789 1806 2948 1864 breve
2978 1827 2991 1863 :
3024 1828 3189 1882 quare
3215 1828 3427 1886 oportet
3448 1832 3596 1879 atare
3633 1844 3647 1879 :
3678 1843 3743 1882 ne

2163 1886 2355 1943 defessi
2385 1890 2500 1945 sitis
2528 1903 2647 1959 post
2673 1897 2896 1953 caedem.
2924 1899 2979 1955 Si
3005 1914 3086 1957 est
3110 1920 3238 1976 ergo
3266 1908 3461 1965 bellum
3487 1954 3501 1976 ,
3528 1916 3574 1968 si
3604 1918 3742 1973 tales

2162 1989 2286 2079 sinit
2311 1983 2474 2049 acies,
2499 1986 2543 2039 si
2575 1986 2874 2059 incorporei
2898 1994 3184 2066 principes,
3204 2002 3247 2055 si
3271 2006 3448 2059 mundi
3472 2018 3737 2079 rectores,

2161 2070 2206 2124 si
2232 2072 2523 2140 spiritualia
2552 2080 2832 2148 nequitiae;
2861 2088 3149 2155 quomodo,
3184 2093 3495 2164 dic,qu:eso,
3525 2070 3740 2158 deliciis

2160 2161 2443 2234 indulges?
2471 2171 2739 2237 quomodo
2764 2189 2823 2228 es
2848 2175 3181 2236 dissolutus?
3208 2161 3738 2253 quomodoinermes

2159 2267 2412 2321 superare
2466 2261 2806 2327 poterimus?
2860 2264 2987 2322 Haec
3029 2276 3386 2345 unusquisque
3431 2281 3535 2335 sibi
3592 2284 3741 2341 dicat
3806 2298 3811 2301 '

2157 2346 2414 2445 quotidie,
2441 2351 2652 2445 quando
2673 2354 2721 2407 ei
2750 2354 3053 2414 dominatur
3078 2362 3174 2429 ira,
3203 2370 3413 2436 quando
3444 2374 3735 2445 cupiditas,

2156 2439 2366 2507 quando
2395 2442 2586 2510 quaerit
2627 2444 2764 2501 lianc
2807 2450 3025 2506 mollem
3054 2455 3215 2510 vitam
3247 2439 3605 2522 lubricam-et
3655 2439 3739 2525 in;

2155 2539 2508 2586 constantem.
2537 2534 2732 2590 Audiat
2757 2538 2969 2595 beatum
3009 2543 3227 2601 Paulum
3270 2550 3557 2621 dicentem,
3610 2558 3746 2614 Non

2153 2630 2228 2674 est
2255 2622 2395 2677 nobis
2425 2624 2712 2681 colluctatio
2741 2630 2977 2704 adversus
3000 2639 3294 2706 sanguinem
3319 2652 3366 2695 et
3392 2660 3618 2715 carnem,
3642 2654 3737 2706 sed

2153 2713 2392 2769 adversus
2430 2718 2705 2785 principes,
2750 2721 2990 2778 adversus
3033 2738 3323 2796 potestates.
3369 2735 3479 2792 Hoc
3529 2713 3735 2799 bellum

2152 2812 2235 2858 est
2264 2805 2445 2860 sensili
2482 2809 2700 2877 gravius
2720 2850 2736 2877 ,
2771 2828 2944 2883 pugna
2974 2817 3359 2878 vehementior.
3389 2826 3571 2899 Cogita
3599 2848 3739 2905 ergo

2150 2905 2405 2964 quantum
2450 2909 2660 2970 tempus
2700 2903 2801 2959 iste
2841 2904 3104 2975 luctatur,
3152 2928 3248 2982 pro
3276 2931 3382 2985 quo
3411 2934 3649 2991 pugnat,

2149 2996 2268 3042 esto
2294 2990 2519 3045 cautior.
2554 2992 2757 3059 Etiam,
2789 2996 3029 3068 inquies;
3064 3002 3159 3057 sed
3186 2990 3510 3075 oportuisset
3535 2990 3736 3082 diabo-

2150 3078 2257 3132 lum
2277 3078 2345 3135 de
2373 3081 2549 3137 medio
2581 3083 2719 3151 tolli,
2746 3094 2800 3141 et
2819 3100 3006 3145 omnes
3033 3091 3165 3147 salvi
3198 3107 3397 3163 essent.
3426 3100 3555 3159 Haec
3580 3078 3736 3176 prm-

2150 3170 2375 3269 tendunt
2412 3172 2626 3243 quidam
2653 3177 2906 3234 socordes
2935 3188 2990 3235 et
3018 3181 3212 3253 ignavi.
3240 3187 3375 3244 Cum
3406 3170 3735 3269 oporteret,

2145 3275 2181 3315 ο
2209 3260 2389 3329 Ιιοιηο,
2424 3272 2476 3318 te
2503 3278 2660 3335 agere
2680 3268 2878 3337 gratias
2901 3271 3060 3340 quod,
3092 3274 3135 3329 si
3156 3276 3307 3346 velis,
3336 3260 3457 3337 eum
3477 3260 3732 3358 superes,

2147 3364 2334 3410 contra
2363 3357 2526 3412 etiam
2552 3373 2858 3426 succenses,
2886 3364 3046 3419 verba
3074 3366 3298 3438 loquens
3324 3374 3602 3444 cujusdam
3630 3357 3733 3440 de?

2145 3445 2277 3500 sidis
2302 3454 2357 3501 et
2381 3450 2703 3505 somnolenti
2745 3453 2947 3508 militis.
2991 3456 3164 3526 Nosti,
3211 3462 3258 3517 si
3300 3465 3452 3534 velis,
3485 3470 3733 3533 rationes

2144 3536 2774 3630 quibusapprehenditur
2798 3559 2812 3595 :
2836 3544 3071 3617 undique
3096 3549 3465 3624 circumspice,
3490 3560 3735 3630 teipsum

2146 3628 2311 3682 muni.
2343 3628 2457 3683 Non
2485 3640 2569 3685 est
2597 3633 2771 3688 solum
2801 3649 2975 3706 pugna
3005 3639 3261 3698 adversus
3286 3628 3591 3717 diabolum,
3623 3654 3729 3710 sed

2144 3720 2303 3774 etiam
2351 3722 2607 3778 adversus
2650 3724 2793 3781 illius
2836 3737 3144 3797 potestates.
3180 3735 3459 3800 Quomodo
3482 3755 3611 3811 ergo
3641 3746 3729 3801 lu-

2143 3809 2403 3865 ctabimur
2430 3826 2552 3867 cum
2580 3815 2851 3871 tenebris?
2886 3818 2942 3873 Si
2971 3819 3062 3875 lux
3090 3821 3211 3877 facti
3240 3824 3519 3883 fuerimus.
3549 3809 3728 3900 iQuo-

2144 3902 2303 3956 modo
2339 3917 2458 3957 cum
2487 3905 2853 3973 spiritualibus
2891 3912 3184 3980 nequitiae?
3210 3914 3264 3970 Si
3296 3917 3415 3973 facti
3458 3920 3729 3983 fuerimus

2141 3993 2287 4049 boni.
2319 3995 2466 4049 Bono
2491 3998 2633 4051 enim
2663 4002 2994 4058 contrarium
3020 4014 3101 4060 est
3132 4009 3362 4078 nequitia
3383 4022 3437 4068 et
3456 4018 3722 4088 pravitas,

2140 4095 2195 4143 et
2223 4086 2309 4141 lux
2340 4088 2554 4158 expellit
2595 4092 2842 4148 tenebras
2870 4111 2884 4149 :
2911 4097 3051 4165 quod
3090 4099 3132 4153 si
3171 4100 3266 4169 ipsi
3297 4119 3506 4176 quoque
3544 4086 3725 4169 simus

2143 4180 2373 4233 tenebrae
2398 4220 2415 4245 ,
2466 4181 2684 4237 omnino
2727 4185 2999 4254 capiemur
3039 4198 3093 4242 et
3130 4194 3517 4259 superabimur.
3563 4201 3720 4267 Quo-

2139 4270 2299 4324 modo
2344 4286 2472 4340 ergo
2519 4272 2663 4342 ipsos
2706 4276 3112 4345 superabimus?
3142 4282 3196 4336 Si
3241 4286 3379 4354 quod
3409 4287 3480 4341 illi
3510 4301 3636 4345 sunt
3683 4308 3717 4349 a

2137 4373 2345 4429 natura,
2377 4364 2550 4420 effecti
2585 4365 2841 4422 fuerimus
2881 4384 2948 4423 ex
2990 4371 3161 4429 libero
3197 4376 3417 4433 arbitrio
3454 4391 3508 4436 et
3545 4386 3716 4441 animi

2136 4455 2398 4522 instituto,
2424 4473 2615 4529 nempe
2654 4469 2803 4514 extra
2834 4450 3056 4518 carnem
3081 4474 3133 4521 et
3156 4470 3485 4539 sanguinem,
3510 4474 3586 4527 sic
3613 4490 3714 4531 eos

2135 4548 2405 4618 capiemus
2430 4558 2485 4604 et
2512 4550 2806 4607 vincemus.
2846 4552 2975 4608 Nam
3005 4559 3255 4626 quoniam
3299 4572 3382 4617 est
3421 4566 3714 4624 verisimile

2134 4640 2280 4710 ipsos
2300 4657 2329 4694 a
2351 4642 2533 4695 multis
2547 4644 2756 4713 agitari,
2777 4644 2855 4700 Ne
2875 4647 3211 4717 existimetis,
3235 4652 3423 4724 inquit,
3440 4656 3579 4722 quod
3604 4659 3707 4727 ipsi

2134 4734 2408 4790 nobiscum
2438 4733 2635 4790 bellum
2662 4749 2852 4806 gerant
2878 4756 2893 4794 :
2925 4741 3015 4811 qui
3043 4742 3093 4796 in
3123 4744 3252 4813 ipsis
3280 4758 3566 4816 operantur
3587 4751 3707 4806 dre-

2132 4841 2319 4881 mones
2340 4837 2481 4892 sunt,
2511 4828 2599 4897 qui
2626 4827 2822 4885 bellum
2848 4843 3041 4901 gerunt
3071 4852 3086 4888 :
3116 4835 3377 4894 adversus
3398 4840 3523 4895 illos
3548 4844 3705 4898 nobis

2130 4927 2213 4971 est
2240 4932 2433 4986 pugna.
2469 4919 2581 4973 Duo
2606 4929 2786 4976 autem
2815 4938 2881 4977 ex
2910 4924 2991 4979 his
3031 4925 3217 4993 efﬁcit,
3249 4938 3307 4983 ut
3347 4932 3433 5001 qui
3471 4942 3526 4987 et
3555 4933 3703 5001 ipsos

2130 5010 2318 5065 reddat
2353 5011 2665 5067 audaciores
2708 5014 2968 5071 adversus
3005 5034 3098 5072 eos
3142 5021 3230 5089 qui
3270 5038 3332 5077 se
3370 5037 3696 5096 oppugnant,

2129 5100 2449 5172 illorumque
2480 5103 2715 5158 animum
2754 5120 2935 5160 contra
2965 5107 3147 5165 hostes
3171 5112 3354 5182 erigat.
3381 5113 3447 5168 Et
3469 5131 3697 5186 quanam

2128 5194 2195 5251 de
2218 5211 2376 5251 causa
2402 5196 2554 5251 nobis
2583 5213 2755 5269 pugna
2783 5200 3039 5257 adversus
3069 5219 3162 5260 eos
3186 5217 3369 5261 exorta
3404 5210 3525 5264 est?
3548 5211 3698 5278 Quo-

2129 5286 2273 5340 niam
2324 5287 2376 5341 in
2435 5287 2578 5343 bello
2628 5292 2827 5344 sociam
2876 5291 3131 5348 habemus
3189 5297 3645 5369 inexpugnabilem
3679 5340 3696 5367 ,

2129 5392 2321 5447 nempe
2358 5378 2582 5448 spiritus
2623 5382 2880 5450 gratiam,
2913 5399 3032 5438 eam
3075 5397 3243 5441 artem
3289 5389 3593 5455 didicimus,
3642 5401 3701 5447 ut

2127 5469 2382 5524 adversus
2408 5470 2650 5527 homines
2670 5489 2776 5527 non
2801 5476 3065 5541 possimus
3093 5477 3301 5545 luctari,
3325 5483 3417 5537 sed
3441 5482 3698 5539 adversus

2126 5560 2418 5619 daemones.
2440 5562 2496 5619 Si
2528 5576 2705 5621 autem
2727 5567 2969 5630 velimus.
2998 5586 3066 5625 ne
3093 5570 3412 5629 luctabimur
3430 5577 3641 5646 quidem
3674 5594 3692 5635 :

2126 5668 2247 5707 nam
2281 5653 2420 5709 lucta
2461 5665 2543 5711 est
2580 5656 2830 5727 quoniam
2872 5660 3135 5717 volumus.
3173 5662 3301 5734 Ejus
3336 5667 3475 5721 enim
3510 5669 3600 5738 qui
3641 5670 3692 5723 in

2129 5744 2283 5801 nobis
2311 5746 2569 5802 inhabitat
2598 5758 2741 5803 tanta
2769 5759 2855 5805 est
2888 5752 3077 5818 virtus,
3108 5765 3165 5809 ut
3187 5756 3325 5811 dicat
3369 5774 3383 5812 :
3426 5758 3557 5814 Ecce
3578 5759 3691 5812 dedi

2125 5836 2260 5894 vobis
2286 5850 2574 5908 potestatem
2604 5841 2833 5897 calcandi
2857 5860 3007 5915 super
3040 5859 3291 5919 serpentes
3316 5860 3364 5905 et
3384 5851 3684 5921 scorpiones,
