3878 6498
171 386 271 447 159

167 508 221 561 δὲ
238 504 333 560 καὶ
352 501 457 574 πρὸ
468 501 655 556 τούτου
674 501 769 556 καί⁸
788 500 923 571 μετὰ
942 500 1096 554 τοῦτο
1109 499 1344 553 δείκνυσι
1361 496 1581 552 δυνατὸν
1595 492 1734 550 εἶναι

974 381 1043 438 ΙΝ
1081 380 1297 439 EPIST.
1337 379 1429 435 AD
1467 373 1708 432 EPHES.
1745 371 1899 431 CAP.
1939 372 2031 429 VI.
2069 373 2302 431 HOMIL.
2330 372 2499 432 XXI].

3307 372 3418 429 160

1839 492 2159 549 πέπτωκενο
2185 495 2291 559 ἓως
2330 496 2397 550 ἂν
2445 494 2519 566 μὴ
2580 478 3027 563 περιφερώμεθα,
3079 489 3283 554 ἐκεῖνος
3310 490 3413 545 οὐκ

164 591 502 647 τδντοιοῦτον
532 590 691 654 ἐλεῖν,
716 588 913 658 μᾶλλον
942 586 1139 649 αὐτοὺς
1180 581 1737 657 ἐπαίρει.Ἥγὰρτῶν
1835 578 2139 635 ἀνίσταται.
2176 580 2553 651 Ἐνδυσώμεθα
2611 579 2710 652 τὴν
2758 578 3065 632 πανοπλίαν
3103 578 3196 631 τοῦ
3251 577 3408 632 Θεοῦ.

166 681 425 734 ἐναντίων
454 679 608 748 ἰσχὺς
635 678 744 745 ὅσῳ
761 675 826 729 ἂν
850 675 1184 745 σαφέστερον
1215 674 1346 744 παρ’
1363 676 1396 745 ἡ
1406 673 1521 744 μῶν
1560 673 1740 740 ἀπαγ-

164 768 425 836 γέλληται
444 764 579 835 πρὸς
604 762 731 822 τοὺς
750 761 1008 827 οἰκείους,
1028 760 1267 830 τοσούτῳ
1296 759 1741 830 σπουδαιοτέρους

165 856 311 907 ποιεῖ
334 853 459 913 τοὺς
494 848 815 921 ἡμετέρους.
849 848 982 900 Ὅτι
1008 849 1122 901 οὐκ
1154 847 1329 900 ἐστιν
1353 845 1517 915 ἡμῖν,
1550 845 1736 915 φησὶν,

164 942 206 1009 ἠ
231 940 394 1006 πάλη
409 938 559 1006 πρὸς
573 931 715 1005 αἷμα
730 933 827 988 καί
842 933 1059 1001 σάρκα,
1077 933 1397 1001 ἀλλὰπρὸς
1413 933 1517 999 τὰς
1528 932 1738 1001 ἀρχὰς,

166 1031 318 1095 πρὸς
368 1026 477 1091 τὰς
531 1022 839 1088 ἐξουσίας,
873 1023 1021 1089 πρὸς
1062 1019 1205 1086 τοὺς
1260 1020 1742 1089 κοσμοκράτορας

163 1116 274 1169 τοῦ
289 1115 548 1179 σκότους
566 1110 672 1165 τοῦ
688 1110 900 1175 αἰῶνος
915 1110 1149 1173 τούτου,
1180 1103 1327 1177 πρὸς
1342 1109 1413 1161 τὰ
1428 1122 1743 1176 πνευματι-

173 1201 254 1255 κὰ
288 1199 399 1266 τὴς
418 1198 712 1265 πονηρίας
742 1196 814 1249 ἐν
849 1194 973 1261 τοῖς
995 1195 1394 1262 ἐπουρανίοις.
1425 1193 1741 1265 Προτρέψας

171 1287 286 1341 ἀπὺ
306 1285 401 1340 τοῦ
422 1285 594 1347 εἴδους
614 1286 711 1351 τῆς
725 1283 924 1353 μάχης,
936 1281 1120 1335 λοιπὸν
1135 1281 1229 1335 καὶ
1248 1281 1356 1335 ἀπὸ
1373 1280 1480 1335 τῶν
1496 1279 1743 1333 ἐπάθλων

171 1374 285 1429 τῶν
308 1373 573 1441 κειμένων
584 1370 776 1433 αὐτοὺς
792 1368 1066 1439 διεγείρει.
1080 1369 1144 1421 Τί
1159 1368 1267 1439 γάρ
1283 1386 1298 1435 ;
1316 1366 1497 1421 Εἰπὼν
1516 1368 1597 1420 ὅτι
1613 1384 1744 1435 σφο-

163 1462 367 1533 δροίοἰ
399 1458 605 1529 ἐχθροὶ,
629 1458 929 1527 ἐπήγαγεν,
958 1456 1043 1511 ὃτι
1074 1456 1169 1510 καὶ
1200 1454 1412 1525 μεγάλα
1437 1457 1585 1526 ἡμᾶς
1608 1456 1744 1509 ἁπο-

166 1549 449 1622 στεροῦσι.
496 1548 672 1611 Ποῖα;
716 1547 803 1598 Ἐν
844 1548 956 1608 τοῖς
991 1546 1334 1614 ἐπουρανίοις
1369 1546 1404 1615 ὴ
1446 1544 1593 1615 μάχη
1626 1546 1743 1598 κεῖ-

164 1654 263 1690 ται
295 1652 310 1667 ·
358 1636 417 1687 οὐ
475 1633 603 1703 περὶ
631 1631 925 1702 χρημάτων
947 1670 963 1694 ,
992 1631 1052 1684 οὐ
1100 1632 1227 1701 περὶ
1256 1631 1431 1700 δόξης,
1466 1632 1579 1685 ἀλλ’
1604 1630 1744 1703 ὑπὲρ

165 1721 611 1794 ἀνδραποδισμοῦ
637 1723 665 1773 ό
689 1718 858 1788 ἀγών.
891 1719 1054 1771 ’Ὥστε
1087 1718 1493 1782 ἀκατάλλακτος
1525 1717 1742 1789 ἡὲχθρα

168 1813 403 1881 γίνεται.
437 1809 774 1880 Σφοδροτέρα
807 1809 841 1878 ἡ
874 1807 1175 1877 φιλονεικία
1205 1808 1298 1861 καί
1326 1808 1359 1877 ἡ
1403 1809 1583 1878 μάχη,
1615 1809 1743 1861 ὅταν

169 1900 321 1972 ὑπὲρ
360 1897 607 1969 μεγάλων
745 1896 819 1947 Τὸ
859 1894 988 1965 γὰρ,
1033 1895 1134 1950 Ἐν
1165 1894 1287 1960 τοῖς
1329 1894 1740 1962 ἐπουρανίοις,

166 1988 298 2040 ἀντὶ
326 1985 437 2050 τοῦ,
473 1984 612 2055 ὑπὲρ
637 1983 746 2035 τῶν
776 1981 1132 2053 ἐπουρανίων,
1160 1982 1329 2035 ἐστίν’
1366 1981 1464 2051 οὐχ
1486 1981 1572 2034 ἵνα
1592 1979 1743 2035 αὐτοί

166 2092 319 2138 τινος
352 2072 557 2142 τύχωσι
583 2072 922 2140 νικήσαντες,
974 2067 1199 2121 ἀλλ’ἵνα
1251 2070 1397 2138 ἡμᾶς
1445 2068 1747 2138 ἀποστερή-

170 2178 343 2215 σωσιν
363 2179 377 2192 ο
411 2159 486 2224 ώς
518 2159 583 2213 ἂν
607 2160 655 2211 εἰ
684 2155 972 2225 ἐλεγεν,Ἡ
999 2154 1238 2225 συνθήκη
1254 2155 1310 2207 ἓν
1336 2172 1441 2209 τινι
1466 2158 1659 2219 κεῖται,
1687 2155 1747 2208 τὸ

167 2251 268 2313 ἐν,
300 2248 453 2316 ὺπέρ
506 2249 643 2311 ἐστι,
697 2245 793 2298 καὶ
843 2245 904 2296 τὸ
948 2243 1049 2307 ἐν,
1080 2242 1180 2297 διά
1231 2243 1397 2297 ἐστιν.
1443 2242 1588 2313 Ὅρα
1632 2243 1749 2306 πῶς

170 2339 329 2409 ἡμᾶς
356 2335 612 2405 διεγείρει
656 2337 689 2402 η
737 2332 965 2402 δύναμις
1010 2328 1105 2384 τοῦ
1159 2330 1386 2403 ἐχθροῦ,
1436 2332 1530 2384 καὶ
1558 2331 1749 2401 νήφειν

170 2429 341 2488 ποιεῖ,
385 2424 447 2477 τό
484 2424 681 2477 εἰδέναι
727 2422 866 2492 ὐπέρ
924 2420 1177 2490 μεγάλων
1219 2420 1349 2473 ὅντα
1368 2418 1458 2472 τὸν
1481 2419 1744 2482 κίνδυνον,

169 2516 276 2569 καὶ
292 2513 433 2584 ὑπὲρ
465 2511 719 2582 μεγάλων
739 2509 837 2580 τὴν
861 2508 1049 2579 νίκην⁸
1080 2507 1174 2561 τοῦ
1201 2507 1310 2579 γὰρ
1346 2507 1574 2577 οὐρανοῦ
1602 2507 1748 2577 ἡμᾶς

169 2601 465 2654 ἐκϐάλλειν
522 2594 829 2659 σπουδάζει.
878 2594 1077 2665 Ἀρχὰς
1131 2594 1283 2657 τίνας
1333 2593 1464 2663 φησί
1520 2593 1611 2645 καὶ
1666 2592 1753 2659 ἐξ-

168 2709 236 2743 ου
245 2691 368 2751 σίας
393 2690 487 2741 καὶ
504 2685 943 2757 κοσμοκράτορας
963 2681 1054 2735 τοῦ
1072 2681 1294 2744 σκότους
1314 2681 1407 2733 τοῦ
1421 2679 1611 2742 αἰῶνος
1626 2682 1749 2747 τούέ

168 2795 311 2843 τους
344 2777 496 2829 ποίου
528 2774 785 2838 σκότους;
814 2767 923 2841 ἆρα
943 2770 1043 2840 τῆς
1058 2768 1281 2833 νυκτός;
1308 2767 1589 2837 Οὐδαμῶς,
1617 2766 1750 2820 ἀλλὰ

171 2865 283 2934 τῆς
320 2861 585 2933 πονηρίας
616 2875 630 2889 ⁸
664 2854 849 2928 Ἦμεν
876 2857 1003 2928 γὰρ,
1034 2856 1189 2924 φησί,
1219 2854 1405 2917 σκότος
1437 2854 1587 2915 ποτὲ,
1610 2853 1751 2905 οὕτω

172 2954 288 3024 τὴν
341 2950 606 3020 πονηρίαν
641 2947 816 3014 λέγων
834 2946 934 3015 τὴν
955 2945 1012 2996 ἐν
1033 2942 1110 3013 τῷ
1136 2940 1361 3013 παρόντι
1393 2942 1511 3012 βίῳ.
1536 2943 1609 2995 Οὐ
1644 2940 1751 3011 γὰρ

170 3042 298 3106 ἐξει
350 3036 660 3108 περαιτέρω
715 3033 919 3104 χώραν,
974 3031 1074 3085 οὐκ
1117 3031 1176 3084 ὲν
1218 3029 1449 3100 οὐρανῷ,
1471 3030 1569 3083 οὐκ
1592 3030 1650 3082 ἐν
1673 3030 1753 3101 τῷ

174 3127 327 3200 μετὰ
363 3124 533 3178 ταῦτα
557 3120 731 3175 αἰῶνι.

249 3246 722 3319 Κοσμοκρὰτορας
770 3242 826 3296 δέ
870 3239 1067 3303 αὐτούς
1104 3254 1266 3311 φησιν
1288 3278 1303 3302 ,
1328 3238 1423 3309 οὐχ
1450 3238 1524 3303 ὡς
1543 3238 1634 3293 τοῦ
1658 3238 1751 3294 κό-

176 3355 326 3411 σμου
358 3332 710 3406 κρατοῦντας,
731 3329 843 3384 ἀλλ’
874 3329 949 3391 ὡς
977 3327 1085 3381 τῶν
1121 3327 1368 3398 πονηρῶν
1398 3327 1571 3397 ἔργων
1594 3328 1754 3391 ὄντας

173 3425 415 3486 αἰτίους.
448 3416 572 3474 Οἷδε
605 3421 713 3488 γὰρ
747 3416 949 3487 κόσμον
969 3412 1153 3468 καλεῖν
1182 3414 1216 3483 ἠ
1249 3413 1435 3485 Γραφὴ
1457 3413 1554 3478 τὰς
1585 3432 1752 3485 πονη-

174 3516 291 3591 ρὰς
333 3509 560 3580 πράξεις
582 3524 598 3538 ο
633 3504 708 3567 ὡς
735 3505 863 3556 ὅταν
914 3501 1046 3591 λέγῃ
1075 3502 1103 3554 ὁ
1127 3499 1397 3591 ξριστός-ι
1437 3499 1625 3591 ΔὙμεῖς
1644 3502 1754 3591 οὐ

173 3586 330 3657 ἐστὲ
361 3600 432 3653 ἐκ
476 3596 583 3650 τοῦ
614 3594 844 3661 κόσμου
886 3590 1121 3652 τούτου,
1143 3586 1343 3653 ὥσπερ
1357 3586 1469 3655 ἐγὼ
1493 3590 1603 3641 οὐκ
1638 3586 1754 3655 εῖμί

175 3692 251 3744 ἐκ
288 3686 399 3741 τοῦ
422 3685 675 3752 κόσμου.
704 3675 853 3749 *Αρα
879 3672 971 3730 οὖν
999 3676 1097 3729 οὐκ
1125 3670 1265 3746 ἦσαν
1292 3676 1355 3727 ἐκ
1382 3673 1474 3726 τοῦ
1501 3677 1705 3745 κόσμου
1736 3691 1751 3741 ;

173 3780 309 3849 οὐχὶ
330 3777 511 3846 σάρκα
534 3771 903 3843 περιέκειντο;
932 3767 994 3819 οὐ
1018 3764 1127 3819 τῶν
1149 3766 1206 3818 ἐν
1234 3763 1422 3834 κόσμῳ
1446 3760 1584 3834 ἦσαν
1607 3782 1623 3831 ;
1646 3765 1756 3817 Καὶ

175 3866 352 3920 πάλιν
379 3878 394 3891 ·
447 3862 504 3913 '0
525 3861 751 3928 κόσμος
770 3853 872 3924 ἐμὲ
887 3850 1087 3922 μισεῖ,
1130 3849 1282 3918 ὑμᾶς
1304 3849 1373 3902 δὲ
1403 3851 1473 3902 οὐ
1508 3849 1754 3904 δύναται

169 3952 389 4030 μισεῖν
413 3966 427 3978 -
457 3946 621 4001 πάλιν
665 3943 765 4030 τὰς
799 3939 1036 4030 πονηρὰς
1064 3935 1320 4030 ’πράξεις
1353 3935 1530 4030 λέγῳῖ
1559 3935 1752 4030 οιδτως.

177 4021 341 4113 ῘΠΟ]
371 4037 444 4089 ’Ἡ
484 4034 686 4102 κόσμον
732 4026 967 4081 ἐνταῦθα
1000 4024 1125 4088 τοὺς
1146 4022 1412 4093 πονηροὺς
1438 4021 1755 4094 ἀνθρώπους

174 4112 334 4198 λέγε.
366 4126 455 4178 ·οἰ
502 4122 610 4191 γάρ
667 4118 916 4188 δαίμονες
959 4114 1157 4182 μᾶλλον
1213 4112 1416 4166 τούτων
1471 4112 1751 4183 κρατοῦσι.

176 4220 343 4290 Πρὸς
381 4217 592 4284 ἀρχὰς,
620 4210 769 4278 πρὸς
797 4208 905 4272 τὰς
939 4204 1224 4269 ἐξουσίας
1249 4242 1265 4267 ,
1305 4202 1454 4271 πρὸς
1480 4203 1554 4257 τὰ
1574 4220 1755 4258 πνευ-

174 4304 427 4379 ματικὰ,
452 4301 608 4371 φησί,
641 4297 747 4365 τῆς
780 4294 1071 4361 πονηρίας
1090 4291 1306 4379 ἐντοῖς
1336 4291 1711 4379 ἐπουρανίοις
1736 4333 1751 4347 ,

194 4394 403 4465 ’Δρχὰς
456 4390 551 4443 καὶ
606 4384 849 4451 ἐξουσίας
882 4382 1034 4451 φησὶ,
1085 4378 1335 4448 καθάπερ
1381 4377 1476 4429 καὶ
1517 4377 1610 4429 ἐπὶ
1646 4377 1755 4430 τῶν

190 4464 531 4550 ἐπουρανίων
552 4474 659 4528 εἰσὶ
686 4472 884 4543 θρόνοι,
914 4467 1248 4538 κυριότητες,
1279 4464 1464 4533 ἀρχαὶ,
1496 4464 1752 4527 ἐξουσίαι.

188 4569 303 4625 Διὰ
325 4565 511 4629 τοῦτο,
536 4561 700 4631 φησὶν
729 4600 744 4623 ,
774 4552 1101 4611 ἀναλάϐετε
1133 4552 1248 4618 τὴν
1279 4550 1624 4604 πανοπλίαν
1649 4551 1755 4605 τοῦ

185 4654 370 4719 Θεοῦ,
396 4653 495 4705 ἵνα
540 4644 841 4714 δυνηθῆτε
872 4637 1226 4706 ἀντιστῆναι
1272 4638 1341 4691 ἐν
1363 4636 1439 4706 τῇ
1460 4639 1650 4706 ἡμέρῃ
1680 4637 1755 4707 τῇ

173 4741 428 4812 πονηρᾷ
451 4784 467 4806 ,
522 4737 620 4792 καί
675 4735 908 4789 ἅπαντα
964 4727 1463 4797 κατεργασάμενοι
1513 4725 1750 4795 στῆναι.

183 4831 447 4903 ,Ἡμέραν
495 4824 753 4894 πονηρὰν,
781 4819 872 4873 τὸν
916 4817 1155 4903 παρόντα
1206 4814 1340 4903 βίον,
1371 4815 1464 4903 καὶ
1500 4815 1670 4868 αἰῶνα
1698 4815 1756 4868 δὲ

483 4912 672 4966 τοῦτον
713 4906 884 4972 καλεῖ,
913 4905 1021 4957 ἀπὸ
1067 4901 1177 4990 τῶν
1208 4902 1265 4952 ἐν
1284 4899 1430 4990 αὐτῷ
1459 4901 1755 4971 γινομένων

416 5002 727 5061 Τουτέστιν,
742 4995 854 5048 Ἀεὶ
877 4988 1179 5054 ὁπλίζεσθε.
1204 4986 1311 5041 Καὶ
1330 4986 1582 5050 ἅπαντα,
1600 4990 1753 5058 φησὶ,

167 5090 724 5163 κατεργασάμενοι·
745 5080 1009 5138 τουτέστι,
1050 5075 1145 5129 καὶ
1172 5074 1319 5143 πάθη
1350 5076 1441 5127 καὶ
1463 5074 1756 5144 ἐπιθυμίας

166 5185 426 5243 ἀτόπους
454 5176 642 5232 καὶτὰ
673 5167 993 5240 ἐνοχλοῦντα
1014 5166 1148 5234 ἡμῖν
1177 5163 1409 5216 ἅπαντα.
1440 5163 1551 5232 Οὐχ
1569 5163 1755 5227 ἁπλῶς

165 5265 529 5343 ἐργάσασθαι
576 5258 745 5322 εἶπεν,
800 5252 937 5343 ἀλλὰ
970 5248 1434 5343 κατεργάσασθαι,
1459 5248 1598 5343 ώστε
1619 5251 1755 5343 -οὐκ

166 5336 400 5414 ἀνελεῖν
427 5352 605 5423 μόνον,
634 5345 768 5401 ἀλλὰ
788 5342 883 5397 καὶ
901 5340 1092 5409 στῆναι
1126 5336 1262 5407 μετὰ
1284 5336 1345 5388 τὸ
1371 5336 1595 5423 ἀνελεῖν.
1617 5338 1752 5391 Πολ-

168 5447 257 5501 λοι
282 5443 402 5512 γὰρ
422 5422 520 5510 τὴν
548 5435 703 5504 νίκην
733 5433 933 5499 ταύτην
961 5426 1315 5512 νικήσαντες,
1348 5422 1509 5512 πάλιν
1538 5422 1751 5479 ἔπεσον.

168 5510 413 5592 adfui,
450 5524 603 5595 φησί,
636 5513 1152 5587 κατεργασάμενοι,
1181 5510 1241 5563 οὐ
1268 5511 1330 5561 τὸ
1368 5510 1464 5579 μὲν
1486 5512 1590 5572 ναὶ,
1622 5511 1682 5563 τὸ
1696 5512 1753 5564 δέ

166 5621 234 5677 οὔ
269 5636 286 5651 .
323 5619 407 5671 δεῖ
449 5614 556 5683 γὰρ
599 5609 695 5662 καὶ
739 5603 878 5676 μετὰ
913 5600 1011 5671 τὴν
1036 5599 1191 5668 νίκην
1216 5598 1474 5658 στάσεως.
1519 5597 1748 5669 Ἐόλήθη

166 5710 322 5764 ποτὲ
346 5746 363 5767 ,
393 5701 533 5758 ἀλλὰ
568 5697 728 5753 πάλιν
750 5689 922 5761 ἁναζῇ
948 5688 1016 5742 τὰ
1047 5686 1348 5756 βαλλόμενα
1368 5698 1381 5711 '
1415 5684 1481 5735 ἂν
1509 5683 1584 5754 μὴ
1609 5685 1747 5737 στῶ-

172 5816 314 5871 μεν,
347 5792 450 5866 ήδη
472 5789 566 5844 καὶ
597 5783 827 5839 πεσόντα
851 5777 1154 5833 ἀνίσταται.
1174 5772 1317 5834 Ἕως
1345 5769 1410 5824 ἂν
1438 5770 1744 5842 στήκωμεν,

1905 678 1971 733 δ’.
2014 678 2178 750 Ὁρᾷς
2207 681 2326 743 πῶς
2357 679 2448 733 τὸν
2483 678 2647 747 φόϐον
2687 678 2887 743 ἐξεῖλεν
2918 696 2933 743 ;
2965 678 3028 732 Εἰ
3051 676 3161 749 γὰρ
3187 676 3420 730 δυνατὸν

1838 766 2281 836 κατεργάσασθαι
2309 768 2402 821 καὶ
2429 769 2639 837 στῆναι,
2662 765 2713 819 τί
2728 765 3056 835 ἁποφεύγεις
3074 765 3173 835 τὴν
3197 766 3405 833 μάχην;

1838 853 2000 922 Στῆθι
2034 855 2531 924 κατεργασάμενος,
2559 854 2653 907 καὶ
2694 853 3003 922 νενίκηκας.
3036 853 3145 906 Καὶ
3173 851 3252 921 μὴ
3279 852 3413 904 θαυ-

1843 940 2019 1010 μάσῃς
2043 939 2407 1010 ὃτῃτοσαῦτα
2460 942 2589 1011 περί⁵
2631 941 2731 1011 τῆς
2765 940 2871 992 τῶν
2895 939 3103 1010 ἐχθρῶν
3128 940 3414 1009 δυνάμεως

1839 1027 2170 1097 διεξέρχεται
2201 1045 2217 1062 ⁸
2250 1029 2310 1083 τὸ
2363 1028 2472 1100 γὰρ
2499 1028 2670 1083 ταῦτα
2716 1028 2969 1094 διεξιέναι
2990 1029 3050 1080 οὐ
3082 1028 3285 1081 δειλίαν
3311 1028 3414 1099 ἐμ-

1842 1115 2095 1169 ποιεῖκαί
2119 1115 2302 1185 φόϐον,
2326 1116 2459 1170 ἀλλὰ
2481 1115 2579 1187 τὴν
2600 1116 2874 1188 ῥαθυμίαν
2895 1116 3264 1169 άποτινάσσει.
3292 1115 3417 1169 Ἵνα

1841 1200 2139 1270 δυνηθῆτε
2170 1243 2185 1267 ,
2240 1204 2438 1279 φησὶν,
2483 1202 2839 1272 ἀντιστῆναι
2879 1205 2950 1257 ἐν
2996 1202 3071 1272 τῇ
3118 1201 3307 1272 ἡμέρᾳ
3341 1199 3426 1270 τῆν

1842 1289 2095 1358 πονηρᾷ.
2124 1290 2234 1345 Καὶ
2290 1290 2399 1346 ἀπὸ
2434 1290 2529 1344 τοῦ
2561 1291 2754 1363 χρόνου
2802 1290 3230 1362 παραμυθεῖται.
3274 1289 3418 1361 Βρα-

1840 1375 1961 1446 χύς,
1995 1378 2179 1447 φησὶν,
2215 1379 2246 1431 ό
2290 1378 2479 1450 καιρός
2510 1394 2524 1407 ·
2555 1377 2697 1431 ὥστε
2728 1377 2834 1449 χρὴ
2899 1377 3121 1430 ἑστάναι
3153 1392 3168 1405 ·
3212 1376 3286 1447 μὴ
3316 1373 3419 1429 κά·-

1845 1479 1983 1533 μητε
2010 1463 2148 1533 μετὰ
2183 1463 2285 1535 τὴν
2333 1464 2568 1535 σφαγήν.
2614 1465 2678 1519 Εἰ
2705 1464 2884 1518 τοίνυν
2905 1464 3137 1534 πόλεμός
3166 1464 3336 1524 ἐστιν,
3367 1460 3425 1513 εί

1841 1550 2088 1604 τοιαῦται
2116 1551 2174 1604 αἰ
2211 1551 2543 1622 παρατάξεις
2566 1551 2724 1615 είσὶν,
2758 1553 2808 1605 εἰ
2829 1549 3112 1621 ἀσώματοι
3134 1551 3191 1603 αί
3220 1550 3413 1620 ἀρχαὶ,

1843 1638 1893 1690 εἰ
1921 1638 2379 1709 κοσμοκράτορες,
2410 1639 2825 1709 εἰπνευματικά
2851 1638 2951 1707 τῆς
2979 1636 3266 1708 πονηρίας,
3295 1634 3422 1699 πῶς

1843 1727 2072 1796 τρυφᾷς,
2110 1725 2234 1778 εἰπέ
2276 1742 2400 1795 μοις
2426 1724 2543 1787 πῶς
2571 1724 2955 1795 διακεχυμένος
2992 1719 3081 1789 ei;
3136 1724 3251 1786 πῶς
3307 1723 3416 1790 ἀφ-

1843 1812 2177 1883 ωπλισμένοι
2194 1811 2575 1883 περιγενέσθαι
2595 1812 2934 1882 δυνησόμεθα
2953 1828 2969 1879 ;
2986 1811 3169 1865 Ταῦτα
3190 1810 3425 1873 ἕκαστος

1844 1898 2022 1969 ἐαυτῷ
2059 1899 2265 1967 λεγέτω
2312 1899 2433 1952 καθ’
2456 1899 2691 1968 ἐκάστην
2749 1899 2960 1969 ἡμέραν
2990 1913 3004 1927 ·
3029 1898 3158 1952 ὅταν
3190 1899 3295 1951 ὐπὸ
3320 1895 3427 1951 τοῦ

1845 1987 2015 2057 θυμοῦ
2033 1987 2324 2058 κρατῆται,
2346 1987 2473 2039 ὃταν
2500 1986 2605 2039 ὐπὸ
2624 1985 2943 2057 ἐπιθυμίας,
2976 1985 3107 2040 ὅταν
3131 1986 3225 2040 τὸν
3246 1985 3417 2056 ὑγρὸν

1842 2077 2029 2130 τοῦτον
2063 2075 2176 2146 βίον
2221 2077 2317 2128 καὶ
2357 2074 2486 2145 εἰκῆ
2522 2067 2775 2146 ἐπιξητῇ.
2818 2073 3086 2128 Ἀκουέτω
3111 2072 3203 2127 τοῦ
3240 2090 3420 2144 μακα-

1846 2164 1961 2237 ρίου
2018 2162 2229 2216 Παύλου
2289 2161 2536 2231 λέγοντος
2557 2178 2572 2193 ·
2614 2163 2740 2216 Οὐκ
2794 2160 2967 2216 ἐστιν
3015 2160 3160 2230 ἡμῖν
3188 2162 3221 2229 ἠ
3254 2159 3419 2228 πάλη

1845 2250 1994 2318 πρὸς
2019 2244 2161 2318 αἷμα
2189 2247 2289 2303 καί
2303 2247 2520 2317 σάρκα,
2550 2248 2713 2303 ἀλλὰ
2730 2246 2878 2317 πρὸς
2903 2248 3011 2315 τὰς
3036 2247 3247 2316 ἀρχὰς,
3270 2247 3423 2315 πρὸς

1845 2337 1953 2404 τὰς
1993 2336 2298 2402 ἐξουσίας.
2324 2334 2719 2405 Χαλεπώτερος
2778 2326 2935 2397 οὗτος
3001 2335 3031 2387 ό
3060 2333 3294 2404 πόλεμος
3325 2332 3424 2386 τοῦ

1846 2422 2127 2496 αἰσθητοῦ,
2172 2421 2502 2494 σφοδροτέρα
2533 2424 2567 2492 ἡ
2602 2421 2773 2493 μάχη.
2813 2420 3096 2493 Ἐννόησον
3120 2420 3244 2475 ὅσον
3265 2412 3422 2483 οὗτος

1847 2511 2066 2565 παλαίει
2120 2510 2331 2580 χρόνον,
2362 2508 2503 2580 ὑπὲρ
2548 2508 2694 2572 τίνος
2758 2506 3057 2573 πυκτεύει,
3118 2508 3213 2560 καὶ
3260 2504 3424 2576 γενοῦ

1849 2597 2076 2653 σεαυτοῦ
2133 2595 2552 2665 ἀσφαλέστερος.
2582 2596 2709 2660 Ναὶ,
2760 2596 2944 2666 φησὶν,
2999 2594 3115 2649 ἀλλ’
3145 2594 3252 2647 ἔδει
3292 2594 3424 2648 ὄντα

1846 2670 2086 2739 διάϐολον
2111 2684 2177 2736 ἐκ
2205 2683 2372 2752 μέσου
2401 2681 2675 2751 γενέσθαι,
2710 2683 2805 2737 καὶ
2832 2682 3031 2747 πάντες
3084 2681 3151 2735 ἂν
3189 2679 3422 2746 ἐσώζον-

1847 2789 1930 2826 το.
1960 2770 2143 2825 Ταῦτά
2172 2786 2318 2833 τινες
2341 2771 2449 2823 τῶν
2485 2767 2744 2841 ῥᾳθύμων
2776 2768 3233 2840 προφασιζόμενοι
3253 2768 3423 2838 φθέγ-

1848 2874 2056 2928 γονται.
2106 2858 2236 2910 Δέον
2287 2873 2347 2909 σε
2379 2855 2741 2926 εὐχαριστεῖν,
2772 2854 3045 2926 ἄνθρωπε,
3070 2856 3151 2908 ὅτι
3179 2853 3424 2909 τοιούτου

1849 2948 2103 3017 περιγίνῃ
2127 2983 2143 3008 ,
2172 2944 2239 2997 ἂν
2266 2943 2457 3015 ἐθέλῃς
2488 2982 2504 3005 ,
2537 2942 2601 2996 ἐκ
2640 2944 2749 2995 τῶν
2803 2942 3059 2996 ἐναντίων
3110 2941 3205 2997 καὶ
3252 2944 3425 3010 ἀγαν-

1850 3035 2057 3096 ακτεῖς,
2082 3030 2290 3102 νωθροῦ
2320 3047 2462 3093 τινος
2484 3030 2577 3084 καὶ
2595 3030 2831 3100 ύπνηλοῦ
2854 3028 3181 3100 στρατιώτου
3195 3018 3442 3099 φθεγγόο’

1854 3136 2016 3191 μενος
2051 3118 2291 3189 ῥήματα.
2338 3113 2499 3180 Οἶδας
2552 3116 2651 3180 τὰς
2690 3116 2880 3179 λαὸὰς,
2904 3116 2969 3170 ἂν
2996 3116 3189 3187 ἐθέλῃς
3228 3133 3243 3146 σ
3265 3132 3423 3187 περι-

1853 3206 2047 3261 σκόπει
2073 3204 2353 3267 πάντοθεν,
2381 3204 2574 3258 σαυτὸν
2609 3202 2832 3274 τείχιζε.
2864 3204 2997 3273 Οὐχί
3024 3203 3159 3273 πρὸς
3189 3203 3284 3255 τὸν
3316 3203 3425 3257 διά-

1851 3294 2005 3348 ϐολόν
2034 3294 2181 3346 ἐστιν
2202 3294 2235 3360 ἡ
2262 3292 2405 3362 μάχη
2435 3295 2614 3363 μόνον,
2637 3291 2771 3345 ἀλλὰ
2801 3292 2894 3345 καὶ
2922 3292 3058 3362 πρὸς
3087 3292 3185 3354 τὰς
3216 3292 3422 3344 ἐκείνου

1851 3380 2131 3452 δυνάμεις.
2175 3380 2298 3444 Πῶς
2347 3376 2440 3433 οὖν
2501 3379 2838 3449 παλαίσομεν
2875 3377 2954 3449 τῷ
3011 3378 3207 3448 σκότῳ,
3239 3378 3372 3447 φησί
3403 3394 3426 3439 ;

1850 3470 1970 3533 Φῶς
2002 3470 2301 3538 γενόμενοι.
2325 3468 2448 3530 Πῶς
2472 3468 2584 3529 τοῖς
2604 3467 2991 3535 πνευματικοῖς
3010 3465 3108 3533 τῆς
3135 3466 3423 3536 πονηρίας;

1864 3557 2081 3626 Ἀγαθοὶ
2116 3557 2414 3626 γενόμενοι.
2457 3555 2668 3624 Ἀγαθῷ
2699 3556 2808 3624 γὰρ
2830 3553 3069 3607 ἐναντίον
3101 3557 3134 3623 ἡ
3166 3553 3422 3623 πονηρία,

1853 3644 1949 3699 καὶ
1997 3644 2109 3712 φῶς
2155 3643 2446 3696 ἀπελαύνει
2499 3644 2688 3704 σκότος
2715 3658 2728 3671 ·
2763 3641 2913 3712 [171]
2945 3640 3011 3694 ἂν
3059 3640 3116 3693 δὲ
3154 3640 3246 3693 καὶ
3270 3642 3425 3694 αὐτοὶ⁹

1852 3729 2006 3803 ὦμεν
2057 3732 2265 3794 σκότος,
2293 3731 2613 3800 ἁλωσόμεθα
2668 3729 2903 3793 πάντως.
2954 3728 3077 3792 Πῶς
3124 3727 3217 3783 οὖν
3244 3728 3423 3782 αὐτῶν

1852 3819 2257 3889 περιεσόμεθα;
2302 3819 2401 3870 Ἂν
2446 3819 2582 3888 ὅπερ
2610 3817 2747 3869 εἰσὶν
2795 3816 2902 3868 ἀπὸ
2932 3814 3148 3885 φύσεως
3202 3816 3421 3881 ἐκεῖνοι,

1851 3906 2010 3962 τοῦτο
2059 3905 2341 3975 γενώμεθα
2396 3905 2506 3959 ἀπὸ
2568 3902 2937 3975 προαιρέσεως
2988 3903 3169 3973 ἡμεῖς,
3220 3902 3421 3972 σαρκὸς

1852 3994 2006 4055 ἐκτὸς
2032 3994 2124 4045 καὶ
2153 3992 2381 4062 αἵματος
2401 4007 2415 4022 ·
2442 3990 2613 4053 οὓτως
2643 3990 2844 4069 αὐτοὺς
2864 3988 3184 4059 αἰρησομεν.
3203 3985 3422 4059 Ἐπειδὴ

1853 4083 1964 4152 γὰρ
2012 4080 2159 4143 είκὺς
2215 4075 2282 4149 ἦν
2334 4080 2528 4141 αὐτοὺς
2579 4078 2686 4131 ὑπὸ
2731 4076 2941 4130 πολλῶν
2966 4075 3302 4141 ἐλαύνεσθαι,
3345 4075 3423 4147 μὴ

1853 4171 2130 4240 νομίσητε,
2153 4170 2336 4239 φησὶν,
2366 4165 2447 4220 ὅτι
2477 4166 2630 4219 αὐτοί
2658 4164 2988 4234 πολεμοῦσιν
3011 4166 3161 4233 ἡμῖν.
3191 4165 3421 4235 Οἰένερ-

1854 4257 2074 4327 γοῦντες
2113 4258 2169 4307 ἐν
2216 4254 2395 4316 αὐτοῖς
2430 4253 2680 4323 δαίμονές
2714 4252 2873 4314 εἰσιν,
2908 4252 2957 4304 οἰ
3013 4248 3377 4320 πολεμοῦντες
3404 4266 3419 4280 ·

1855 4344 1989 4415 πρὸς
2039 4341 2277 4403 ἐκείνους
2326 4341 2458 4409 ἡμῖν
2486 4340 2519 4409 ἡ
2556 4338 2723 4408 μάχη.
2751 4336 2855 4389 Δύο
2896 4336 3079 4411 δέάπὺ
3098 4333 3305 4388 τούτων
3324 4350 3423 4387 κα-

1853 4428 2199 4491 τασκευάζει,
2232 4426 2429 4488 αὐτούς
2485 4442 2543 4478 τε
2602 4423 3040 4497 προθυμοτέρους
3089 4422 3259 4474 ποιῶν
3287 4420 3422 4493 πρὸς

1854 4518 1978 4579 τοὺς
2002 4513 2373 4583 πολεμοῦντας
2405 4513 2587 4575 αὐτοῖς
2606 4524 2653 4575 ει,
2678 4512 2772 4563 καί
2793 4510 2939 4580 ’πρὸς
2963 4508 3205 4571 ἐκείνους
3225 4508 3316 4561 τδν
3337 4509 3424 4561 θυ-

1858 4604 1957 4675 μὸν
1981 4602 2229 4673 ἐγείρων.
2286 4601 2396 4654 Καὶ
2442 4600 2586 4662 τίνος
2607 4599 2790 4651 ἕνεκεν
2813 4596 2949 4668 πρὸς
2977 4595 3193 4657 τούτους
3222 4597 3352 4666 ἡμῖν
3386 4596 3425 4666 ἠ

1859 4690 2005 4762 μάχη
2036 4689 2323 4757 γεγένηται
2346 4706 2359 4753 ;
2395 4686 2612 4757 Ἐπειδὴ
2635 4687 2729 4738 κα)⁵
2756 4683 3046 4753 σύμμαχον
3074 4682 3269 4753 ἔχομεν
3285 4683 3421 4752 ἅμα·

1856 4794 1976 4848 χον,
2009 4774 2101 4827 τοῦ
2148 4774 2461 4844 Πνεύματος
2510 4771 2608 4843 τὴν
2638 4772 2816 4841 χάριν,
2840 4769 3033 4840 τέχνην
3068 4768 3424 4840 ἐδιδάχθημεν

1854 4861 2126 4931 τοιαύτην,
2158 4859 2297 4912 ὥστε
2352 4859 2426 4930 μὴ
2482 4854 2617 4929 πρὸς
2658 4857 2976 4926 ἀνθρώπους
3012 4855 3273 4909 δύνασθαι
3315 4873 3419 4909 πα·

1856 4949 2029 5002 λαίειν
2058 4990 2072 5013 ,
2109 4947 2245 5000 ἀλλὰ
2275 4948 2409 5019 πρὸς
2455 4946 2735 5015 δαίμονας.
2774 4945 2871 4996 “Av
2906 4942 2964 4995 δὲ
2984 4943 3280 5012 ἐθέλωμεν,
3300 4942 3422 4995 οὐδὲ

1857 5036 2211 5104 παλαίσομεν,
2229 5033 2413 5103 ἐπειδὴ
2442 5034 2549 5103 γάρ
2580 5031 2901 5102 βουλόμεθα,
2924 5030 3071 5099 πάλη
3092 5029 3238 5083 ἐστίν
3264 5046 3276 5057 ·
3298 5030 3420 5081 ἐπεὶ

1814 5171 1818 5176 .
1853 5122 2089 5191 τοσαύτη
2135 5124 2168 5192 ἡ
2210 5121 2437 5189 δύναμις
2472 5120 2566 5172 τοῦ
2592 5118 2923 5180 ἐνοικοῦντος
2962 5119 3019 5170 ἐν
3049 5119 3199 5186 ἡμῖν,
3228 5116 3302 5179 ώς
3332 5115 3419 5168 λέ-

1858 5226 1994 5278 γειν’
2037 5209 2186 5264 Ἰδοὺ
2227 5209 2456 5262 δέδωκα
2483 5208 2625 5277 ὑμῖν
2656 5206 2946 5271 ἐξουσίαν
2983 5205 3192 5257 πατεῖν
3220 5202 3421 5257 ἐπάνω

1859 5298 2051 5365 ὄφεων
2077 5297 2173 5350 καί
2189 5297 2509 5364 σκορπίων,
2536 5295 2634 5348 καί
2658 5294 2756 5347 ἐπὶ
2788 5292 2994 5347 πᾶσαν
3021 5291 3134 5358 τὴν
3164 5292 3420 5358 δύναμιν

1856 5385 1962 5438 τοῦ
1993 5384 2229 5453 ἐχθροῦ.
2268 5385 2450 5436 Πᾶσαν
2480 5384 2610 5451 ἡμῖν
2643 5382 2871 5434 δέδωκεν
2913 5379 3160 5443 ἐξουσίαν
3205 5376 3417 5430 καὶτοῦ

1855 5469 2121 5534 παλαίειν,
2152 5470 2246 5523 καὶ
2276 5470 2369 5523 τοῦ
2412 5470 2488 5541 μὴ
2515 5468 2763 5522 παλαίειν
2789 5484 2804 5498 ο
2832 5466 3019 5536 ἐπειδὴ
3046 5466 3102 5518 δὲ
3131 5466 3292 5535 ἡμεῖς
3312 5481 3417 5518 νω-

1914 5737 1940 5765 ﬂ
1963 5726 2112 5793 Marg.
2138 5725 2312 5793 Sayiqu
2352 5724 2721 5793 αὐστηροτέρους
2751 5721 3040 5793 ποιῷνηκαὶ
3058 5720 3139 5770 τὸν
3158 5720 3275 5787 πρὸς
3289 5719 3419 5771 ἐκείε

1853 5803 1958 5844 νους
1988 5783 2129 5851 θυμῖὸν
2153 5783 2311 5840 καλῶν
2333 5789 2441 5844 τοὺς
2469 5783 2786 5846 πολεμοῦντας
2811 5783 2985 5841 αὐτοῖς(
