3974 6550
468 421 567 478 161
1121 419 1181 476 8.
1218 417 1508 477 JOANNIS
1543 414 2040 474 CIIBYSOSTOMI
2077 412 2406 473 ARCl-IIEP.
2443 412 3000 471 CONSTANTINOP.
3614 416 3705 472 162

467 534 583 601 θεῖς
621 537 808 609 ἐσμεν,
836 536 1138 608 παλαίομεν
1169 537 1354 600 αὐτοῖς
1380 555 1393 568 ·
1427 536 1550 589 ἐπεὶ
1595 536 1676 589 ὅτι
1708 535 1922 598 Παῦλος
1951 533 2051 586 οὐκ
2156 550 2246 597 νος
2273 533 2328 586 δὲ
2359 533 2538 587 πάντα
2567 531 2879 604 διαφθείρῃ,
2904 533 3112 593 ἐκεῖνος
3141 531 3399 600 ἥττηται,
3427 527 3525 599 οὐχ
3550 521 3703 594 οὗτος.

467 625 786 691 ἐπάλαισεν,
821 623 1053 678 ἄκουσον
1084 622 1249 676 αὑτοῦ
1281 623 1535 692 λέγοντος
1560 641 1574 654 ·
1606 622 1708 689 Τίς
1746 621 1904 690 ἡμᾶς
1945 637 2056 690 χω-
2157 621 2320 674 Ὥστε
2344 619 2580 691 οὐδαμοῦ
2616 621 2885 690 ἐκράτησε
2915 619 3008 671 τοῦ
3049 617 3290 671 Παύλου.
3333 617 3480 688 Πλὴν
3508 616 3615 670 ἀλλ’
3635 618 3710 687 ἐφ’

462 715 624 780 ρίσει
668 711 788 767 ἀπὸ
822 711 936 780 τῆς
961 709 1203 779 ἀγάπης
1234 709 1343 764 τοῦ
1403 709 1663 779 Χριστοῦ
1692 727 1711 774 ;
1753 709 1982 778 θλῒψις,
2017 707 2056 775 ἢ
2155 710 2312 781 ἡμῶν
2332 709 2612 780 ἀγαπητὸν
2636 709 2697 761 τὸ
2724 709 2818 762 καὶ
2845 707 3105 761 δύνασθαι
3127 705 3404 761 παλαίειν.
3444 705 3712 775 Ῥωμαίοις

469 800 859 866 στενοχωρία,
891 797 929 865 ἦ
963 797 1163 866 λιμὸς,
1190 798 1228 865 ἣ
1273 797 1547 867 διωγμὸς,
1576 797 1616 866 ἣ
1658 798 1980 868 γυμνότης,
2020 795 2058 862 ἢ
2164 798 2262 868 μὲν
2285 798 2345 850 06
2375 796 2533 850 τοῦτο
2555 795 3024 866 ἐπεύχεται,ἀλλά
3040 796 3126 860 τί;
3150 793 3480 861 Συντρίψει
3498 791 3600 844 τὸν
3618 810 3714 846 σα-

469 885 771 951 κίνδυνος,
803 887 842 954 ἣ
893 885 1202 956 μάχαιρα;
1234 887 1344 939 Καὶ
1370 886 1532 940 πάλιν
1583 885 1747 939 ἄκουε
1775 884 1941 938 αὐτοῦ
1977 883 2064 935 λέ-
2158 884 2347 940 τανᾶν
2373 886 2490 940 ὑπὸ
2534 885 2677 950 τοὺς
2706 883 2897 951 πόδας
2945 883 3117 953 ὑμῶν
3147 883 3219 936 ἐν
3250 880 3422 950 τάχει
3441 897 3455 910 ο
3490 880 3585 934 καὶ
3607 881 3714 933 τού-

469 989 657 1040 γοντος
681 989 695 1002 ·
730 971 783 1024 Ὀ
817 972 964 1038 Θεὸς
983 973 1303 1041 συντρίψει
1340 973 1448 1025 τὸν
1469 970 1746 1027 σατανᾶν
1781 972 1898 1026 ὑπὸ
1920 969 2062 1036 τοὺς
2160 989 2272 1034 τοις
2309 971 2481 1036 οὕτως
2514 973 2826 1042 ἐπεύχεται.
2885 971 2968 1036 Τῴ
3005 969 3324 1040 δυναμένῳ
3354 967 3508 1035 ὑπὲρ
3545 967 3719 1021 πάντα

470 1057 661 1124 πόδας
693 1058 860 1128 ὑμῶν
887 1059 958 1113 ὲν
975 1059 1165 1126 τάχει.
1200 1055 1330 1131 Είχε
1353 1059 1463 1132 γάρ
1503 1059 1665 1114 αὑτὸν
1690 1058 2066 1127 ὐποτεταγμέ-
2160 1060 2413 1129 ποιῆσαι
2442 1059 2988 1129 ὑπερεκπερισσοῦ,
3027 1052 3115 1112 ὧν
3143 1057 3474 1125 αἰτούμεθα
3501 1055 3716 1125 ἣ’νοοῦ-

469 1161 561 1198 νον
585 1158 600 1174 ⁶
651 1144 732 1198 διὸ
778 1147 874 1199 καὶ
925 1145 1101 1215 ἐλεγεο
1159 1147 1559 1217 Παραγγέλλω
1583 1162 1682 1201 σοι
1722 1146 1792 1200 ἐν
1823 1147 2065 1214 ὀνόματι
2155 1165 2289 1218 μεν.
2325 1147 2383 1202 Ὀ
2407 1148 2676 1210 παλαίων,
2712 1148 2792 1200 έτι
2831 1147 3152 1217 κατέχεται·
3186 1145 3334 1215 πλὴν
3378 1143 3494 1197 ἀλλ’
3525 1146 3718 1214 ἀγαπη-

470 1232 580 1288 τοῦ
630 1232 855 1301 Κυρίου
901 1234 1098 1301 Ἰησοῦ
1135 1233 1408 1298 ἐξελθεῖν
1434 1234 1537 1289 ἀπ’
1563 1233 1774 1301 αὐτῆς.
1804 1233 1976 1288 Τοῦτο
2007 1233 2066 1286 δὲ
2162 1235 2254 1289 τὸν
2286 1237 2380 1289 καὶ
2408 1237 2470 1290 τὸ
2501 1235 2578 1307 μὴ
2610 1239 2818 1292 πεσεῖν.
2849 1235 2986 1289 Τότε
3016 1237 3050 1306 ἡ
3083 1235 3208 1306 νίκη
3243 1232 3480 1305 λαμπρά
3507 1232 3717 1299 γίνεται,

471 1323 576 1376 οῦκ
602 1321 720 1376 ἐστι
757 1322 1102 1386 παλαίοντος.
1119 1322 1178 1376 '0
1216 1322 1324 1393 γὰρ
1355 1323 1603 1377 παλαίων
1629 1323 1844 1376 οὐδέπω
1881 1321 2065 1393 ἐνίκη-
2163 1327 2292 1380 ὅταν
2337 1325 2640 1396 ἐξέλθωμεν
2694 1323 2962 1380 ἐντεῦθεν.
2993 1319 3140 1387 Οἷον,
3180 1323 3327 1376 ἔστω
3357 1339 3442 1383 τις
3481 1320 3719 1391 ἐπιθυμία

477 1427 596 1476 σεν,
631 1415 662 1466 6
690 1413 754 1465 δὲ’
774 1413 1009 1482 νικήσας
1059 1412 1242 1465 οὐκέτι
1279 1411 1521 1466 παλαίει.
1561 1411 1856 1477 ’Υπέταξεν
1883 1410 2065 1477 αὑτὸν,
2167 1413 2416 1484 πονηρά·
2448 1412 2511 1468 τὸ
2543 1412 2643 1484 μὲν
2683 1411 3005 1484 παράδοξον,
3054 1411 3190 1482 μηδὲ
3216 1408 3473 1479 δέχεσθαι
3506 1407 3720 1476 ταύτην,

481 1500 924 1572 ἐξῃχμαλὼτισε.
952 1501 1062 1553 Καὶ
1087 1501 1294 1572 Πέτρος
1321 1501 1378 1553 δὲ
1400 1501 1500 1553 οὐκ
1529 1501 1756 1554 ἐπάλαιε
1778 1499 1855 1572 τῷ
1890 1499 2070 1552 διαϐό-
2167 1501 2304 1556 ἀλλὰ
2321 1501 2604 1556 σϐεννύναι
2627 1517 2641 1532 ⁸
2665 1503 2714 1555 εί
2741 1500 2797 1554 δὲ
2813 1500 2973 1554 τοῦτο
2987 1499 3049 1552 o6
3079 1498 3333 1563 δυνατὸν,
3367 1497 3474 1557 κᾶν
3503 1496 3721 1549 παλαίωο

474 1588 572 1657 λῳ,
606 1587 724 1642 ἀλλ’
747 1587 786 1640 δι
815 1588 911 1640 τοῦ
945 1587 1204 1640 παλαῖσαι
1236 1588 1442 1658 βέλτιον
1471 1583 1561 1659 ἦν,
1585 1588 1742 1642 τοῦτο
1760 1587 2064 1658 εἰργάζετο.
2170 1607 2268 1661 μεν
2319 1590 2416 1644 καὶ
2452 1589 2744 1653 διαπαντὸς
2785 1589 3128 1659 κατέχωμεν*
3149 1585 3217 1640 ἂν
3241 1585 3568 1644 παλαίοντες
3597 1583 3724 1647 ἐξέλ-

489 1678 582 1731 Ἕν
632 1680 744 1741 τοῖς
774 1679 1006 1740 πιστοῖς,
1031 1677 1090 1730 ἐν
1124 1679 1238 1740 τοῖς
1268 1677 1657 1741 ὑπακούουσιν,
1687 1678 1746 1729 ἐν
1795 1679 1909 1740 τοῖς
1939 1693 2070 1729 κατ-

481 1783 519 1837 η
531 1784 629 1837 χου
640 1766 824 1836 μένοις
843 1767 907 1819 ἐκ
926 1766 1121 1818 πολλοῦ
1138 1765 1236 1820 τοῦ
1256 1783 1324 1820 πε
1335 1767 1539 1836 ριόντος
1558 1765 1825 1837 ἐκράτουν
1839 1763 2002 1818 αὑτοῦ
2017 1777 2066 1818 α.

479 1855 572 1908 Διὸ
621 1853 717 1906 καὶ
752 1853 983 1922 έλεγενὸ
1016 1853 1288 1925 μακάριος
1326 1852 1539 1917 Παῦλος
1569 1869 1584 1883 ο
1628 1853 1712 1906 Οὐ
1736 1851 1848 1921 τὰρ
1881 1849 2070 1906 αὑτοῦ

479 1940 847 2012 τ’ὰνοήματα
894 1940 1254 2012 ἀγνοοῦμεν.
1289 1941 1454 1994 Ὅθεν
1503 1941 1600 1994 καὶ
1633 1939 1867 2010 μάλιστα
1903 1938 2069 1992 αὑτοῦ

483 2029 854 2098 περιεγένετο.
890 2029 999 2082 Καὶ
1053 2011 1217 2082 πάλιν
1269 2029 1436 2084 ἄκουε
1465 2027 1632 2082 αὐτοῦ
1663 2027 1914 2096 λέγοντος
1945 2043 1959 2056 ο
1986 2028 2070 2080 Οὐ

483 2116 858 2187 θαυμαστὸν,
885 2118 936 2170 εὶ
971 2115 1068 2168 καί
1093 2118 1148 2168 οὶ
1169 2114 1440 2168 διάκονοι
1463 2112 1653 2168 αὐτοῦ
1682 2128 2071 2184 μετασχημα-

483 2204 760 2266 τίζονται,
791 2203 874 2268 ὡς
926 2202 1191 2256 διάκονοι
1243 2201 1656 2270 δικαιοσύνης.
1712 2199 1901 2264 Οὕτως
1949 2200 2069 2272 ᾔδει

486 2294 668 2346 πᾶσαν
714 2292 814 2363 τὴν
878 2291 1080 2362 μάχην,
1115 2289 1211 2343 καὶ
1253 2289 1406 2342 οὐδὲν
1446 2289 1608 2343 αὐτὸν
1629 2288 1910 2343 ἐλάνθανε.
1934 2289 2069 2355 Καὶ,

491 2379 567 2434 Τὸ
590 2379 931 2450 μυστήριον
977 2378 1106 2448 γὰρ,
1167 2377 1355 2447 φησὶν,
1404 2375 1520 2446 ἤδη
1584 2377 1907 2447 ἐνεργεῖται
1961 2375 2074 2444 τῆς

485 2469 762 2537 ἀνομίας.
807 2466 968 2520 Ἀλλὰ
1018 2466 1160 2536 πρὸς
1214 2466 1362 2535 ἡμᾶς
1427 2465 1460 2534 η
1522 2464 1669 2535 πάλη
1707 2464 1875 2519 ἐστίν.
1921 2462 2076 2518 Ἐπεὶ

489 2558 658 2611 ἄκουε
716 2554 878 2609 πάλιν
923 2552 1088 2607 αὑτοῦ
1110 2553 1362 2622 λέγοντος
1387 2571 1402 2585 ο
1435 2551 1764 2623 Πέπεισμαι
1803 2551 1893 2606 ὅτι
1937 2552 2077 2606 οὔτε

487 2643 754 2712 ἄγγελοι,
790 2643 930 2697 οὔτε
976 2641 1176 2711 ἀρχαί,
1226 2639 1694 2706 οὔτεὲξουσίαι,
1722 2640 1860 2694 οὔτε
1895 2637 2077 2694 δυνὰο

483 2749 640 2802 μείς,
672 2731 811 2785 οὔτε
837 2729 1136 2783 ἐνεστῶτα
1161 2769 1177 2794 ,
1218 2730 1357 2785 οὔτε
1371 2726 1699 2798 μέλλοντα,
1723 2729 1861 2783 οὔτε
1882 2727 2078 2794 κτίσις

489 2817 662 2888 ἑτέρα
711 2817 1045 2886 δυνήσεται
1075 2817 1234 2887 ἡμᾶς
1279 2819 1527 2887 χωρίσαι
1560 2817 1676 2871 ἀπὸ
1697 2815 1807 2884 τῆς
1839 2803 2078 2884 ἀγάπης

490 2907 598 2961 τοῦ
631 2905 911 2976 Χριστοῦ.
935 2905 1049 2958 Οὐκ
1087 2900 1242 2958 εἶπεν
1268 2905 1478 2969 ἁπλῶς,
1535 2904 1670 2957 Ἀπὸ
1697 2903 1792 2956 τοῦ
1814 2903 2075 2973 Χριστοῦ,

490 2993 628 3059 ἀλλ’,
672 2993 816 3046 Ἀπὸ
849 2990 960 3060 τῆς
994 2991 1233 3061 ἀγάπης
1283 2991 1389 3045 τοῦ
1423 2991 1700 3060 Χριστοῦ.
1729 2989 1922 3043 Πολλοὶ
1969 2990 2078 3061 γάρ

492 3083 632 3134 εἰσιν
663 3081 933 3151 ήνωμένοι
963 3079 1123 3149 δῆθεν
1161 3079 1239 3149 τῷ
1273 3079 1519 3152 Χριστῷ,
1542 3079 1641 3132 οὐκ
1669 3078 1988 3147 ἀγαπῶντες
2020 3079 2078 3133 δὲ

492 3169 678 3224 αὐτόν.
705 3168 780 3220 O6
815 3166 1010 3238 μόνον,
1046 3166 1213 3235 φησὶν
1234 3206 1250 3232 ,
1285 3167 1622 3236 ἀρνήσασθαί
1655 3184 1723 3236 με
1744 3167 1804 3219 06
1846 3167 2076 3231 πείσεις,

493 3256 609 3312 ἀλλ’
643 3255 763 3310 οὐδὲ
791 3251 953 3326 ἦττον
983 3255 1146 3308 αὑτὸν
1173 3254 1473 3324 ἀγαπῆσαι.
1498 3255 1561 3308 Εί
1597 3254 1654 3307 δὲ
1694 3257 1748 3308 αί
1788 3254 1900 3309 ἄνω
1919 3253 2080 3308 δυνά-

498 3363 622 3418 μεις
645 3344 746 3398 οὐκ
802 3343 869 3397 ἂν
920 3342 1080 3396 τοῦτο
1119 3341 1366 3412 ἴσχυσαν,
1401 3339 1551 3414 [172]
1589 3341 1673 3405 τίς
1702 3341 1888 3413 ἕτερος
1918 3341 2082 3398 αὐτὸν

500 3431 834 3504 μετέστησεν
858 3448 874 3498 ;
907 3431 1020 3502 Οὐχ
1040 3429 1116 3493 ὡς
1135 3428 1193 3483 δὲ
1220 3429 1444 3482 ἐκείνων
1469 3428 1880 3500 ἐπιχειρουσῶν,
1906 3428 2083 3485 ταῦτά

498 3539 683 3594 φησιν,
699 3521 836 3576 ἀλλά
854 3520 979 3575 καθ’
995 3518 1274 3574 ὑπόθεσιν.
1298 3519 1389 3572 Διὸ
1408 3519 1503 3571 καὶ
1524 3517 1700 3587 ἐλεγεσ
1723 3518 2077 3589 Πέπεισμαι.

500 3609 711 3664 (ιὺκοῦν
737 3611 840 3663 οὐκ
866 3609 1130 3663 ἐπάλαιεν
1163 3649 1179 3673 ,
1211 3607 1324 3661 ἀλλ’
1362 3607 1514 3677 ὅμως
1541 3607 1785 3677 φοϐεῖται
1801 3606 1965 3662 αὐτοῦ
1983 3607 2082 3670 τὰς

499 3698 860 3769 πανουργίας.
890 3697 1089 3749 Ἄκουε
1117 3695 1227 3766 γάρ
1248 3694 1412 3748 αὐτοῦ
1439 3694 1690 3764 λέγοντος
1717 3710 1730 3724 ο
1761 3694 2080 3765 Φοϐοῦμαι,

497 3785 582 3856 μή
645 3803 771 3851 πως
806 3785 886 3850 ὡς
928 3788 962 3839 ό
999 3783 1131 3852 ὄφις
1169 3783 1338 3838 Εὕαν
1358 3781 1747 3850 ἐξηπάτησεν
1772 3783 1842 3836 ἐν
1869 3778 1946 3851 τῇ
1968 3797 2082 3836 πα-

502 3874 752 3944 νοιῬγίᾳ
804 3871 1013 3935 αὑτοῦ,
1065 3870 1220 3923 οὕτω
1270 3869 1469 3940 φθαρῇ
1525 3870 1598 3930 τὰ
1622 3870 1892 3939 νοήματα
1917 3870 2085 3940 ὑμῶν

502 3961 623 4017 ἀπὸ
656 3958 765 4026 τῆς
781 3959 1124 4027 ἁπλότητος
1146 3955 1255 4025 τῆς
1273 3962 1361 4024 είς
1389 3959 1492 4010 τὸν
1523 3959 1802 4026 Χριστόν.
1824 3957 1954 4022 Ναὶ,
1979 3976 2085 4032 φη-

409 4105 415 4110 ,
508 4048 613 4101 (τίν’
637 4047 772 4101 ἀλλά
791 4047 886 4099 καὶ
907 4046 1049 4118 ὑπὲρ
1068 4046 1262 4099 ἐαυτοῦ
1276 4045 1450 4116 τούτῳ
1470 4045 1548 4118 τῷ
1570 4048 1774 4118 ῥήματι
1799 4052 2082 4122 κέχρηται,

507 4135 679 4203 λέγων
701 4153 714 4165 ·
751 4133 1049 4202 Φοϐοῦμαι
1098 4133 1227 4204 γὰρ,
1249 4132 1334 4202 μή
1369 4148 1496 4199 πως
1544 4134 1759 4204 ἄλλοις
1793 4138 2083 4207 κηρύξας,

507 4222 693 4287 αὐτὸς
750 4222 1038 4292 ἀδόκιμος
1076 4222 1352 4292 γένωμαι.
1406 4223 1534 4288 Πῶς
1559 4220 1653 4279 οὖν
1697 4225 1975 4292 πέπεισαι,
2004 4226 2086 4280 ὅτι

508 4310 686 4373 οὐδείς
713 4327 772 4364 σε
808 4311 1034 4380 χωρίσει
1066 4329 1082 4377 ;

581 4405 646 4465 ε’,
688 4398 856 4470 Ὀρᾷς
884 4399 968 4452 ὅτι
1008 4399 1514 4470 ταπεινοφροσύνης
1555 4400 1616 4454 τὸ
1652 4401 1807 4474 ῥῆμά
1841 4403 1959 4456 ἐστι
1994 4403 2089 4457 καὶ

517 4487 902 4559 μετριότητος
930 4487 1068 4557 Ἤδη
1101 4487 1211 4559 γὰρ
1240 4489 1446 4560 ἐκεῖνος
1465 4488 1601 4560 ᾠκει
1622 4475 1714 4543 τὸν
1734 4491 1983 4562 οὐρανόν·
2007 4491 2088 4544 διὸ

511 4581 610 4632 καὶ
631 4577 836 4644 ἔλεγεν·
864 4576 1056 4630 Οὐδὲν
1087 4576 1191 4646 γὰρ
1215 4577 1454 4647 ἐμαυτῷ
1477 4568 1733 4634 σύνοιδα
1752 4597 1764 4612 ·
1787 4582 1880 4634 καὶ
1903 4582 2084 4649 πάλιν,

520 4665 633 4720 Τὸν
657 4664 881 4735 δρόμον
910 4663 1209 4719 τετέλεκα.
1251 4667 1416 4720 Ὥστε
1459 4667 1558 4721 οὐκ
1587 4670 1667 4731 είς
1695 4669 1869 4723 ταῦτα
1897 4672 2088 4724 ἐνεπό-

514 4752 662 4816 διζεν
695 4752 845 4822 αὐτῷ
876 4755 904 4806 ὁ
930 4751 1198 4816 διάϐολος,
1233 4753 1352 4807 ἀλλ’
1377 4757 1456 4818 εἰς
1481 4756 1550 4808 τά
1574 4757 1681 4809 τῶν
1715 4757 1993 4829 μαθητῶν.
2025 4759 2088 4812 Τί

514 4841 751 4912 δήποτε;
790 4839 1010 4911 Ἐπειδὴ
1039 4840 1247 4895 τούτων
1281 4843 1381 4895 οὐκ
1412 4835 1664 4915 αὐτός’-ἧν
1688 4845 1875 4918 κύριος
1907 4849 2089 4916 μόνον,

517 4928 658 4984 ἀλλὰ
692 4929 787 4983 καὶ
818 4930 852 5000 ἡ
903 4928 1130 4983 ἐκείνων
1164 4930 1505 5001 προαίρεσις.
1573 4932 1723 4987 Ἐκεῖ
1771 4936 1918 4988 ἐστιν
1955 4937 2089 4989 ὅπου

517 5019 775 5090 ἐκράτει·
815 5017 1016 5088 μᾶλλον
1045 5018 1102 5071 δὲ
1149 5018 1269 5072 οὐδὲ
1319 5021 1435 5072 ἐκεῖ
1484 5020 1648 5074 αὐτοῦ
1684 5023 1926 5095 ἐκράτει,
1956 5023 2093 5078 άλλά

411 5157 424 5170 ,
516 5109 620 5178 τῆς
655 5105 927 5178 ῥᾳθυμίας
964 5106 1071 5160 τῶν
1114 5107 1188 5177 μὴ
1220 5107 1620 5178 προσεχόντων.
1652 5112 1713 5164 ΕΞ
1760 5114 1856 5182 μὲν
1889 5112 1996 5182 γὰρ
2023 5112 2092 5165 τὰ

521 5196 655 5266 παρ’
696 5193 862 5247 αὑτοῦ
900 5194 976 5264 μὴ
1007 5193 1270 5265 ἐπλήρου,
1304 5195 1337 5264 ἦ
1368 5194 1458 5247 διὰ
1497 5197 1750 5260 νωθείαν,
1779 5199 1814 5270 ἢ
1859 5199 1926 5251 δι’
1966 5198 2094 5253 ἄλλο

521 5300 577 5336 τι
613 5281 872 5347 τοιοῦτον,
911 5281 1074 5334 αὑτοῦ
1108 5283 1360 5351 ἐκράτει·
1398 5283 1445 5334 εί
1485 5284 1543 5336 δὲ
1585 5284 1748 5348 αὐτὸς
1791 5287 1889 5356 μὲν
1918 5287 2094 5341 πάντα

524 5370 814 5441 ἔπραττεν,
842 5370 1040 5423 ἐκεῖνοι
1066 5369 1122 5422 δὲ
1152 5370 1252 5423 οὑκ
1287 5369 1583 5434 ἐπείθοντο,
1607 5372 1707 5425 οὐκ
1743 5373 1906 5428 αὑτοῦ
1931 5376 2092 5446 ἐκρά-

523 5473 627 5520 τει,
667 5455 802 5508 ἀλλὰ
833 5456 931 5525 τῆς
956 5454 1176 5510 ἐκείνων
1214 5456 1496 5521 ἀπειθείας
1515 5475 1528 5487 ·
1566 5460 1662 5512 καὶ
1701 5460 1763 5512 τὸ
1791 5461 2004 5530 νόσημα
2032 5464 2092 5516 οὐ

524 5542 622 5598 τοῦ
655 5543 842 5614 ἰατροῦ
867 5543 1108 5613 ἐκράτει,
1137 5544 1272 5598 ἀλλὰ
1294 5545 1394 5616 τῆς
1417 5546 1638 5612 ἀταξίας
1659 5548 1753 5600 τοῦ
1776 5549 2092 5619 κάμνοντος.

528 5627 700 5684 Ὅταν
729 5631 837 5703 γάρ
872 5631 1032 5698 αὐτὸς
1065 5633 1164 5706 μὲν
1204 5635 1382 5688 πάντα
1418 5636 1926 5709 παρασκευάσηται,
1964 5641 2098 5695 ἐκεῖ·

778 5791 792 5820 ι

596 5857 618 5902 ί
637 5858 786 5914 Addit
810 5860 900 5926 id.,
922 5865 1001 5913 καὶ
1027 5865 1122 5914 τῶν
1143 5865 1387 5928 δυνάμεων
1411 5868 1504 5915 τῶν
1530 5865 1694 5917 αὐτοῦ.

2168 1677 2383 1747 θωμεν,
2413 1677 2800 1748 νενικήκαμεν.
2827 1676 2900 1729 06
2936 1675 3045 1746 γάρ
3088 1675 3163 1736 ὡς
3187 1675 3287 1727 ἐπὶ
3325 1671 3435 1726 τῶν
3477 1669 3719 1741 ἀθλητῶν,

2167 1764 2309 1820 οὕτω
2347 1766 2442 1820 καὶ
2468 1765 2702 1820 ἐνταῦθα
2721 1781 2736 1795 ·
2778 1766 2897 1819 ἐκεῖ
2929 1765 3028 1835 μὲν
3059 1767 3167 1836 γὰρ
3198 1763 3267 1818 ἂν
3302 1763 3378 1833 μὴ
3409 1760 3722 1831 καταϐάλῃς,

2167 1855 2229 1908 06
2274 1855 2567 1925 νενίκηκας
2586 1872 2600 1885 ·
2633 1853 2870 1909 ἐνταῦθα
2895 1853 2954 1908 δὲ
2980 1853 3048 1908 ἂν
3092 1852 3170 1925 μὴ
3214 1849 3588 1922 καταϐληθῇς,
3607 1850 3724 1901 νενί-

2168 1958 2380 2012 κηκας·
2431 1941 2498 1996 ἂν
2551 1943 2625 2014 μὴ
2675 1941 3047 2014 καταϐληθῇς,
3093 1941 3420 2002 κατέϐαλες.
3475 1937 3720 1998 Είκότως’

2167 2029 2286 2084 ἐκεῖ
2316 2029 2416 2100 μὲν
2464 2030 2575 2101 γὰρ
2618 2030 2920 2102 ἀμφότεροι
2953 2029 3092 2100 ὑπὲρ
3141 2028 3304 2098 νίκης
3367 2023 3722 2088 σπουδάζουσι,

2170 2119 2276 2172 κᾶν
2318 2121 2347 2172 ὁ
2387 2112 2573 2191 ἕτερος
2627 2118 2969 2189 καταϐληθῇ,
3023 2120 3052 2171 ὁ
3101 2117 3292 2189 ἕτερος
3347 2111 3723 2183 στεφανοῦται*

2169 2206 2406 2261 ἐνταῦθα
2432 2207 2490 2261 δὲ
2513 2208 2612 2278 οὐχ
2636 2205 2831 2272 οῦτως,
2857 2205 2975 2261 ἀλλ’
3000 2207 3029 2259 6
3054 2205 3306 2268 διάϐολος
3325 2203 3469 2274 ὑπὲρ
3493 2201 3588 2270 τῆς
3611 2202 3728 2268 ήμε-

2171 2295 2335 2367 τέρας
2366 2296 2536 2368 ἥττης
2579 2295 2888 2359 σπουδάζει.
2934 2296 3105 2349 Ὅταν
3134 2291 3229 2349 οῦν
3271 2292 3436 2348 αὐτὸν
3466 2289 3726 2359 ἀφέλωμαι

2170 2385 2331 2441 τοῦτο
2365 2386 2507 2458 ὑπὲρ
2527 2381 2589 2440 οῦ
2617 2387 2928 2452 σπουδάζει,
2955 2385 3185 2456 ἐνίκησα
3207 2402 3222 2416 ο
3253 2385 3319 2437 06
3345 2382 3456 2454 γὰρ
3489 2381 3623 2434 ὥστε
3646 2394 3729 2431 κα-

2171 2474 2452 2540 ταϐαλεῖν,
2483 2475 2597 2527 ἀλλ’
2625 2473 2767 2528 ὥστε
2803 2473 3241 2538 συγκαταϐαλεῖν
3271 2470 3578 2539 ἐπείγεται.
3610 2465 3726 2535 Ἤδη

2173 2559 2268 2618 οῦν
2301 2563 2612 2634 νενίκηται·
2658 2563 2822 2626 αὐτὸς
2846 2563 2956 2634 γὰρ
2984 2562 3087 2634 ήδη
3132 2559 3422 2631 βέϐληται,
3470 2557 3562 2610 καὶ
3590 2556 3642 2606 ἐν
3673 2555 3731 2622 τῇ

2174 2651 2426 2724 ἀπωλείᾳ
2453 2653 2625 2706 ἐστιν.
2667 2651 2732 2704 Ἠ
2772 2650 2828 2705 δέ
2857 2650 2984 2720 νίκη
3026 2648 3190 2702 αὐτοῦ
3226 2649 3331 2701 οὐκ
3365 2649 3424 2700 ἐν
3450 2643 3526 2712 τῷ
3556 2656 3730 2710 στεφα-

2176 2741 2436 2810 νωθῆναι,
2467 2740 2582 2794 ἀλλ’
2624 2740 2682 2794 ἐν
2713 2737 2794 2809 τῷ
2823 2739 2924 2810 ἐμὲ
2953 2737 3219 2792 ἀπολέσαι
3241 2753 3255 2765 ·
3291 2734 3436 2788 ὥστε
3464 2733 3528 2786 ἂν
3561 2729 3631 2800 μὴ
3651 2744 3732 2780 xa-

2175 2830 2416 2896 ταϐάλω,
2449 2829 2525 2901 μὴ
2561 2827 2890 2898 καταϐληθῶ
2926 2827 3006 2892 δὲ,
3052 2825 3340 2895 νενίκηκα.
3382 2821 3480 2884 Τίς
3519 2815 3606 2872 οῦν
3633 2818 3732 2870 ἐστι

2178 2917 2407 2989 λαμπρά
2439 2918 2597 2988 νίκη;
2630 2917 2704 2970 Τὸ
2733 2918 2800 2969 ἐκ
2835 2913 3156 2986 περιουσίας
3191 2911 3530 2966 καταπατεῖν
3573 2905 3734 2989 αὐτὸν,

2178 2987 2289 3060 οἷον
2397 3005 2607 3068 Παῦλος
2641 3002 2838 3067 ἐποίει,
2878 3001 3030 3055 οὐδὲν
3069 2999 3377 3072 ἡγούμενος
3422 2995 3568 3071 [I75]
3613 2987 3733 3045 εἶναι

2178 3094 2248 3148 τὰ
2265 3094 2511 3165 παρόντα
2532 3093 2852 3163 πράγματα.
2883 3090 3085 3144 Τοῦτον
3117 3091 3213 3141 καὶ
3242 3091 3411 3160 ήμεῖς
3440 3081 3731 3155 μιμώμεθα,

2179 3182 2276 3236 καὶ
2295 3181 2690 3250 σπουδάςωμεν
2723 3180 2988 3251 ἀνώτεροι
3015 3177 3300 3248 γενέσθαι,
3326 3177 3418 3230 καὶ
3451 3169 3738 3244 μηδαμόθεν

2179 3267 2443 3340 παρέχειν
2470 3266 2619 3338 αὐτῷ
2644 3267 2835 3337 λαϐήν.

2261 3373 2324 3428 Ὀ
2361 3372 2590 3436 πλοῦτος
2618 3372 2833 3427 δίδωσιν
2871 3370 3023 3442 αῦτῷ
3049 3370 3246 3443 λαϐὴν,
3295 3371 3368 3424 τὰ
3407 3369 3674 3440 χρήματα,
3706 3362 3738 3431 ἡ

2179 3461 2456 3528 κενοδοξία
2477 3477 2491 3492 °
2527 3463 2622 3517 καὶ
2651 3461 2912 3524 πολλάκις
2943 3461 3042 3532 μὲν
3059 3459 3222 3514 αὑτὸν
3247 3458 3542 3528 ἀνέστησε,
3563 3451 3738 3506 πολλά-

2181 3549 2346 3614 κιςδὲ
2387 3550 2667 3622 ήγρίανεν.
2714 3548 2876 3603 Ἀλλά
2919 3547 3005 3613 τίς
3043 3548 3204 3620 χρεία
3243 3546 3461 3619 πάλης;
3495 3544 3574 3608 τίς
3601 3539 3738 3613 χρεία

2184 3639 2538 3709 συμπλοκῆςς
2584 3639 2642 3692 Ὀ
2666 3637 3116 3709 συμπλεκόμενος
3135 3635 3336 3706 ἄδηλον
3360 3635 3476 3705 ἔχει
3498 3631 3557 3685 τὸ
3585 3628 3734 3689 τέλος,

2181 3726 2414 3798 πότερον
2445 3726 2522 3796 μὴ
2555 3725 2816 3798 ἡττηθείη
2848 3727 2944 3779 καὶ
2986 3723 3147 3788 αὐτὸς
3179 3725 3280 3778 καὶ
3323 3723 3611 3776 ἁλώσεται·
3641 3718 3666 3768 6
3688 3713 3736 3765 δὲ

2183 3817 2539 3880 καταπατῶν,
2570 3816 2736 3886 δήλην
2766 3817 2881 3886 ἔχει
2911 3815 3011 3887 τὴν
3053 3816 3234 3886 νίκην.
3268 3813 3482 3869 Οὐκοῦν
3510 3823 3737 3866 καταπα-

2183 3906 2440 3976 τήσωμεν
2459 3906 2553 3959 τοῦ
2586 3905 2834 3960 διαϐόλου
2866 3905 2965 3976 τὴν
2999 3904 3252 3977 δύναμιν,
3285 3903 3737 3969 καταπατήσωμεν

2182 3995 2283 4059 τὰς
2309 3995 2602 4066 ἁμαρτίας,
2641 3995 2823 4048 πάντα
2853 3993 2997 4063 λέγω
3029 3994 3098 4047 τά
3125 3993 3380 4064 βιωτικὰ,
3414 3991 3598 4062 θυμὸν,
3633 3990 3732 4038 ἐπιο

2186 4085 2410 4156 θυμίαν,
2429 4085 2767 4151 ἀλαζονείαν,
2797 4085 2976 4138 πάντα
3005 4086 3073 4139 τὰ
3103 4085 3254 4154 πάθη
3285 4102 3301 4116 ο
3329 4087 3415 4139 ἵνα
3437 4078 3736 4137 ἀπελθόντες

2186 4177 2324 4238 ἐκεῖ,
2351 4177 2451 4246 τὴν
2479 4174 2748 4240 ἐξουσίαν,
2772 4175 2841 4245 ἣν
2864 4174 3064 4229 ἔδωκεν
3093 4175 3225 4246 ἡμῖν
3248 4175 3278 4226 ὁ
3306 4175 3462 4237 Θεὸς,
3495 4172 3566 4241 μὴ
3598 4168 3735 4235 εὐρε-

2187 4263 2370 4334 θῶμεν
2402 4263 2768 4336 προδιδόντες.
2805 4262 2962 4317 Οῦτω
3006 4262 3115 4333 γὰρ
3161 4263 3258 4316 καί
3297 4264 3410 4316 τῶν
3460 4257 3735 4331 μελλόντων

2187 4350 2605 4422 ἐπιτευξόμεθα.
2656 4351 2720 4404 Εἰ
2775 4350 2831 4404 δὲ
2891 4351 3019 4421 περὶ
3060 4349 3218 4403 τοῦτο
3264 4348 3531 4420 γινόμεθα
3573 4342 3732 4401 κακοὶ,

2186 4442 2270 4506 τίς
2300 4444 2432 4512 ἡμῖν
2462 4441 2759 4512 ἐγχειρίσει
2788 4440 2855 4495 τὰ
2882 4441 3140 4512 μείζονας
3173 4441 3236 4492 El
3265 4440 3378 4512 γάρ
3408 4440 3498 4492 τὸν
3523 4446 3736 4506 προσκε-

2187 4532 2475 4601 κρουκότα,
2509 4531 2599 4585 τὸν
2645 4532 3013 4602 ἠτιμωμένον,
3043 4530 3133 4583 τὸν
3168 4524 3734 4599 καταπεφρονημένον.

2187 4621 2278 4672 τὸν
2310 4619 2413 4672 ὑπὸ
2443 4621 2567 4682 τοὺς
2609 4619 2775 4682 πόδας
2811 4619 3062 4688 κείμενον
3086 4658 3099 4680 ,
3140 4619 3384 4688 πατῆσαι
3427 4618 3526 4671 οὐκ
3559 4610 3733 4683 ἠδυνή-

2189 4707 2387 4778 θημεν,
2424 4705 2543 4769 πῶς
2569 4708 2702 4776 ἡμῖν
2732 4704 2892 4759 δώσει
2915 4707 2985 4760 τὰ
3017 4706 3248 4779 πατρῷα
3277 4709 3305 4760 6
3329 4707 3552 4775 Πατήρ;
3586 4701 3630 4751 εἰ
3654 4692 3732 4748 τοῦ

2189 4797 2360 4860 οῦτως
2422 4796 2864 4867 ὑποτεταγμένου
2943 4797 3005 4850 06
3079 4795 3538 4868 περιεγενόμεθα,
3595 4786 3733 4840 ποίαν

2190 4886 2386 4956 ἕξομεν
2413 4885 2726 4957 παρρησίαν
2754 4887 2833 4948 είς
2852 4885 2954 4956 τὴν
2981 4885 3242 4957 πατρῴαν
3262 4884 3518 4938 εἰσελθεῖν
3543 4875 3732 4932 οἰκίαν;

2190 4975 2325 5027 Εἰπὲ
2357 4974 2468 5045 γάρ
2504 4992 2595 5044 μοι
2629 4990 2645 5005 ’
2676 4973 2730 5026 εἴ
2762 4991 2888 5029 τινα
2916 4975 3031 5028 υἱὸν
3062 4975 3227 5044 ἔχοις,
3270 4976 3477 5036 ἐκεῖνος
3505 4971 3559 5024 δὲ
3592 4963 3734 5032 ἀφεὶς

2189 5063 2316 5125 τοὺς
2357 5062 2836 5133 εὐγνωμονοῦντας
2891 5062 3001 5116 τῶν
3057 5063 3301 5128 οἰκετῶν,
3359 5055 3732 5131 ἀναμιγνύηται

2191 5153 2304 5214 τοῖς
2333 5169 2391 5205 σε
2415 5150 2768 5221 λελυπηκόσι,
2798 5155 2912 5216 τοῖς
2953 5155 3336 5208 ἐκπεπτωκόσι
3363 5155 3461 5224 τῆς
3497 5143 3732 5216 πατρῴας

2190 5240 2388 5304 οἰκίας,
2420 5241 2531 5302 τοῖς
2566 5241 2695 5311 περὶ
2729 5240 2956 5294 κυϐείαν
2989 5241 3406 5312 ήσχολημένοις,
3448 5241 3541 5293 καὶ
3587 5233 3730 5304 μέχρι

2190 5325 2378 5388 τέλους
2407 5325 2566 5378 τοῦτο
2606 5329 2757 5397 ποιῇ,
2798 5328 2920 5397 οῦχὶ
2956 5327 3399 5399 ἀποκληρονόμος
3429 5327 3601 5384 {cx-cat;
3639 5314 3732 5369 Εὖ-

2191 5413 2346 5484 δηλον
2377 5414 2480 5467 ὅτι.
2519 5414 2674 5467 Οῦτω
2716 5415 2811 5468 καὶ
2841 5416 3019 5486 ἡμεῖς,
3051 5414 3117 5469 ἂν
3155 5417 3382 5486 ἀφέντες
3408 5414 3530 5474 τοὺς
3557 5409 3733 5474 εὐηρε·

2195 5502 2461 5572 στηκότας
2507 5504 2602 5555 καὶ
2647 5505 2774 5567 τοὺς
2809 5506 3266 5574 ἐπιτεταγμένους
3306 5508 3432 5575 ἡμῖν
3471 5497 3730 5568 ἀγγέλους,

2194 5592 2658 5663 ἁναστρεειςὼμεθα
2686 5595 2822 5664 μετὰ
2849 5595 2942 5648 τοῦ
2975 5594 3243 5658 διαϐόλου,
3278 5596 3488 5654 πάντως
3512 5581 3732 5647 ἀποκλτΡ

2197 5680 2412 5751 ρονόμοι
2438 5681 2693 5751 ἐσόμεθα.
2733 5683 2893 5736 Ἀλλά
2919 5681 2994 5752 μὴ
3021 5683 3230 5751 γένοιτο
3245 5682 3400 5736 τοῦτο
3428 5677 3623 5750 μηδένα
3643 5683 3734 5722 πα-

2197 5767 2309 5820 θεῖν
2328 5768 2503 5838 ήμῶν,
2532 5769 2668 5822 ἀλλά
2684 5769 2776 5823 τὸν
2800 5771 3034 5842 πόλεμον
3055 5771 3478 5842 άναδεξαμένους
3505 5764 3589 5817 τὸν
3611 5757 3729 5825 πρὸς

2202 5853 2384 5920 αὑτὸν,
2417 5855 2505 5909 καὶ
2543 5859 2871 5929 νικήσαντας
2901 5859 3039 5930 μετὰ
3064 5858 3162 5930 τῆς
3191 5860 3396 5915 ἄνωθεν
3422 5844 3728 5925 συμμαχίας,
