3878 6502
224 442 322 499 161

217 570 267 613 et
293 574 447 628 super
473 574 669 613 onmem
698 566 985 630 potestate»:
1011 558 1199 612 inimici
1228 556 1377 628 (Luc.
1410 555 1497 611 10.
1531 555 1640 623 19).
1664 552 1794 610 0m-

219 666 345 704 nem
378 650 530 705 nobis
571 649 719 705 dedit.
752 658 1107 721 potestatem,
1153 656 1206 702 et
1230 646 1460 702 luctandi
1490 655 1677 700 etnon
1714 645 1797 698 lu-

194 742 398 803 ctandi
444 742 585 797 :scd
630 744 881 812 quoniam
911 757 1010 796 nos
1050 756 1235 795 sumus
1263 740 1395 810 pigri
1440 749 1495 795 et
1535 738 1794 803 hebetes,

216 848 341 886 cum
364 834 441 887 eis
466 834 751 888 luctamur.
776 831 908 887 Nam
930 831 1071 901 quod
1093 832 1291 886 Paulus
1316 846 1422 883 non
1450 829 1521 884 sit
1546 829 1793 893 luctatus,

214 924 343 979 audi
396 940 517 979 eum
566 925 854 991 dicentem,
917 924 1043 991 Quis
1091 940 1183 977 nos
1232 922 1483 992 separabit
1520 938 1552 975 a
1590 922 1799 975 caritate

215 1016 456 1070 Christi?
497 1017 774 1083 tribulatio,
817 1034 883 1070 an
929 1017 1184 1087 angustia,
1233 1034 1301 1069 an
1350 1018 1686 1085 persequutio,
1729 1031 1795 1067 an

214 1109 445 1173 nuditas,
488 1125 555 1161 an
581 1108 891 1177 periculum,
932 1124 998 1161 an
1026 1107 1228 1178 gladius
1253 1109 1270 1175 (
1297 1105 1444 1162 [ἔσιθι.
1477 1107 1529 1161 8.
1560 1107 1629 1161 55
1649 1106 1703 1174 )?
1731 1104 1799 1158 Et

216 1217 406 1255 rursus
430 1201 554 1254 audi
581 1216 700 1254 eum
728 1198 1027 1266 dicentem,
1048 1199 1183 1253 Deus
1212 1208 1430 1253 conteret
1454 1207 1686 1252 satanaut
1704 1196 1797 1250 sub

212 1294 428 1361 pedibus
454 1294 630 1347 vestris
656 1294 753 1347 cito
781 1292 801 1362 (
824 1293 977 1347 Rom.
1008 1292 1095 1347 16.
1127 1291 1253 1362 20).
1286 1290 1435 1345 Illum
1467 1292 1611 1345 enim
1635 1289 1797 1346 babe-

214 1386 304 1438 bat
349 1385 652 1448 subditum;
684 1394 739 1438 et
766 1385 887 1439 ideo
915 1384 1147 1458 dicebat,
1194 1382 1448 1452 Principio
1477 1383 1565 1436 tibi
1607 1384 1660 1436 in
1698 1398 1794 1436 no-

211 1478 352 1545 mine
391 1473 599 1529 Domini
635 1474 761 1529 Jestt
804 1484 859 1529 ut
891 1478 954 1528 ab
980 1492 1038 1529 ea
1073 1490 1221 1529 careas
1250 1472 1389 1542 (Act.
1422 1473 1512 1529 16.
1540 1473 1648 1555 18).
1684 1472 1796 1528 Hoc

211 1578 397 1623 autem
430 1584 535 1622 non
564 1579 646 1622 est
676 1568 945 1623 luctantis.
976 1567 1107 1622 Nam
1136 1568 1225 1638 qui
1256 1568 1483 1622 luctatur
1505 1606 1521 1630 ,
1558 1565 1795 1620 nondum

212 1662 386 1725 vicit;
418 1663 504 1730 qui
534 1669 710 1714 autem
742 1660 902 1724 vicit,
947 1674 1052 1714 non
1091 1660 1325 1714 luctatur
1363 1659 1595 1728 amplius
1626 1675 1639 1711 :
1672 1673 1795 1712 nam

182 1796 185 1799 ι
215 1770 345 1807 eum
393 1752 648 1822 subjecit,
692 1762 745 1807 et
773 1753 1039 1821 captivum
1073 1752 1324 1808 reddidit.
1358 1751 1547 1806 Petrus
1585 1765 1797 1821 quoque

217 1861 333 1899 non
364 1845 662 1900 luctabatur
695 1860 818 1900 cum
844 1844 1094 1907 diabolo,
1140 1843 1236 1899 sed
1271 1843 1412 1914 quod
1452 1852 1568 1899 erat
1604 1842 1797 1898 melius

212 1955 381 2007 quant
414 1938 625 2004 luctari,
648 1938 700 1992 id
721 1937 965 1993 faciebat.
997 1937 1205 1993 Fideles
1225 1936 1395 2002 multi,
1417 1936 1790 2005 obsequentes,

211 2030 585 2085 catechumeni
635 2045 701 2085 ex
747 2045 937 2099 magna
980 2028 1465 2099 superabundantia
1513 2028 1602 2083 illo
1640 2035 1795 2083 erant

210 2126 548 2191 superiores.
582 2124 647 2178 Et
673 2123 793 2177 ideo
822 2123 1034 2178 dicebat
1072 2122 1257 2177 beatus
1284 2122 1496 2185 Paulus,
1523 2120 1644 2175 Non
1662 2121 1795 2183 enim

212 2219 513 2286 ignoramus
555 2217 881 2287 cogitationes
920 2216 1033 2286 ejus
1062 2216 1157 2285 (2.
1198 2217 1318 2272 Cor.
1366 2216 1420 2271 2.
1471 2216 1599 2284 11).
1645 2214 1797 2272 Unde

212 2310 379 2363 etiam
410 2324 531 2378 eum
577 2310 805 2364 maxime
850 2310 1138 2379 superavit.
1184 2309 1251 2363 Et
1290 2323 1477 2364 rursus
1513 2308 1635 2364 audi
1675 2325 1796 2364 eum

211 2400 511 2465 dicentem,
545 2399 666 2454 Non
700 2412 773 2454 est
796 2401 980 2453 mirum
1000 2442 1015 2465 ,
1044 2401 1086 2454 si
1114 2400 1330 2455 ministri
1358 2401 1495 2455 illius
1520 2403 1798 2471 transﬁgu-

212 2502 402 2544 rantur
428 2501 682 2561 tamquam
712 2492 929 2546 ministri
944 2492 1165 2562 justitite
1189 2491 1266 2564 (2.
1295 2492 1415 2547 Cor.
1442 2494 1501 2548 11
1518 2534 1531 2547 .
1558 2494 1647 2564 15)
1683 2513 1695 2548 :
1726 2495 1796 2549 ita

215 2590 448 2637 noverat
484 2598 698 2637 omnem
739 2599 989 2654 pugnam,
1038 2592 1093 2639 et
1133 2583 1266 2638 nihil
1291 2599 1413 2640 eum
1439 2585 1655 2641 latebat.
1694 2587 1796 2650 Et,

219 2672 523 2743 Mysterium
575 2675 744 2739 enim,
801 2675 1005 2745 inquit,
1066 2676 1180 2745 jam
1234 2686 1471 2745 operatur
1522 2676 1800 2747 iniquitatis

217 2766 300 2831 (Ξ.
333 2764 509 2818 Thess.
536 2767 591 2819 2.
622 2767 694 2833 7).
730 2765 835 2821 Sed
864 2766 1124 2822 adversus
1150 2781 1247 2822 nos
1274 2767 1419 2837 ipsos
1436 2777 1523 2823 est
1539 2769 1799 2823 collucta-

220 2858 318 2909 tio.
345 2856 478 2912 Nam
505 2856 625 2911 audi
651 2872 775 2911 eum
804 2872 1001 2912 rursus.
1017 2858 1301 2925 dicentem,
1331 2856 1504 2914 Certus
1524 2876 1635 2914 sum
1664 2861 1800 2928 quod

219 2966 384 3015 neque
408 2950 607 3019 angeli,
639 2966 799 3021 neque
823 2950 1154 3019 principatus,
1184 2966 1344 3021 neque
1382 2959 1679 3019 potestates,
1708 2967 1797 3004 ne-

212 3058 321 3107 que
346 3042 551 3095 virtutes
568 3084 582 3105 ,
619 3058 779 3111 neque
806 3042 1070 3107 instantia,
1098 3057 1255 3111 neque
1291 3045 1486 3111 futura,
1519 3058 1675 3113 neque
1697 3042 1802 3096 alia

210 3145 458 3187 creatura
480 3135 661 3204 poterit
683 3152 776 3190 nos
798 3151 1037 3205 separare
1063 3152 1094 3188 a
1123 3136 1388 3189 dilectione
1414 3134 1602 3190 Christi
1623 3134 1797 3208 (Rom.

213 3228 277 3282 8.
309 3228 400 3283 58.
428 3228 542 3298 59).
574 3227 690 3283 Non
721 3228 892 3292 dixit,
940 3230 979 3283 A
1024 3227 1236 3282 Christo
1256 3270 1272 3295 ,
1321 3228 1437 3291 sed,
1457 3230 1501 3282 Α
1540 3230 1804 3284 dilectione

214 3319 419 3373 Christi
448 3335 467 3372 :
496 3334 615 3372 nam
646 3319 799 3374 multi
839 3330 963 3373 sunt
987 3320 1119 3374 uniti
1142 3320 1359 3375 Christo
1380 3359 1395 3385 ,
1426 3322 1600 3392 ipsum
1626 3331 1802 3377 autem

214 3426 333 3463 min
364 3409 670 3479 diligentes.
698 3408 813 3463 Non
841 3410 1012 3463 solum
1034 3450 1049 3476 ,
1088 3410 1293 3479 inquit,
1322 3424 1429 3466 non
1460 3412 1803 3481 persuadebis

216 3509 284 3553 ut
312 3516 502 3567 negem
524 3541 539 3565 ,
570 3500 663 3554 sed
693 3515 793 3555 nec
817 3510 875 3555 ut
901 3516 1022 3555 eum
1053 3502 1228 3556 minus
1253 3501 1492 3572 diligam.
1528 3502 1585 3558 Si
1624 3512 1803 3557 autem

214 3604 480 3659 superna:
502 3593 724 3646 virtutes
752 3591 854 3646 hoc
880 3607 988 3645 non
1017 3592 1343 3661 potuissent,
1374 3595 1493 3663 quis
1518 3593 1657 3649 alius
1683 3610 1803 3649 cum

220 3686 682 3739 transmutasset!
718 3681 832 3737 Non
867 3683 968 3737 hoc
997 3693 1172 3738 autem
1212 3684 1342 3738 dicit
1382 3698 1447 3739 ac
1486 3685 1531 3739 si
1573 3686 1678 3740 illa;
1709 3686 1809 3742 hoc

219 3777 652 3846 aggrederentur
675 3818 690 3842 ,
724 3776 816 3831 sed
858 3792 956 3846 per
998 3776 1356 3848 bypothcsim.
1385 3777 1453 3832 Et
1483 3778 1602 3832 ideo
1639 3778 1805 3848 dicit,

222 3870 413 3923 Certus
433 3884 565 3932 sum,
598 3883 714 3933 seu,
749 3868 845 3923 Est
874 3867 1000 3921 mihi
1034 3882 1365 3937 persuasum.
1399 3868 1564 3939 Igitur
1589 3884 1692 3923 non
1724 3871 1808 3925 lu-

222 3961 513 4023 ctabatur,
543 3960 637 4015 sed
669 3970 847 4014 tamen
890 3962 1040 4015 timet
1078 3961 1195 4030 ejus
1228 3961 1473 4017 astutias.
1508 3962 1643 4017 Audi
1666 3964 1808 4018 enim

224 4070 354 4106 eum
385 4051 677 4117 dicentem,
724 4051 899 4105 Timeo
940 4053 1073 4105 enim
1115 4068 1197 4117 ne,
1248 4056 1377 4106 sicut
1412 4070 1615 4122 serpens
1651 4053 1813 4109 Evam

226 4144 436 4198 seduxit
465 4144 652 4196 astutia
677 4159 769 4196 sua
789 4184 803 4207 ,
835 4145 908 4195 ita
934 4153 1323 4213 corrumpantur
1349 4160 1524 4199 sensus
1551 4147 1700 4199 vestri
1724 4188 1739 4212 ,
1767 4157 1815 4199 et

228 4237 476 4290 excidant
507 4252 538 4288 a
564 4234 886 4304 simplicitate
910 4250 1022 4304 qute
1060 4245 1133 4288 est
1158 4236 1210 4288 in
1238 4233 1436 4289 Christo
1463 4233 1541 4306 ('2.
1573 4236 1691 4290 Cor.
1720 4238 1809 4292 11.

232 4325 314 4397 5).
347 4326 523 4381 Etiam
544 4367 559 4388 ,
589 4324 717 4379 dicit
747 4342 759 4377 :
792 4333 845 4379 et
874 4340 969 4393 pro
1006 4326 1183 4395 seipso
1210 4326 1377 4379 utitur
1406 4325 1508 4380 hoc
1539 4326 1701 4381 verbo
1730 4326 1814 4381 di-

239 4432 390 4482 cens,
419 4415 593 4470 Timeo
620 4417 753 4469 enim
777 4432 839 4469 ne
860 4418 1006 4485 forte,
1037 4431 1152 4469 cum
1181 4416 1297 4470 aliis
1323 4416 1683 4486 prwdicavero,
1706 4416 1815 4486 ipse

243 4511 480 4580 reprobus
523 4510 707 4579 eﬁiciar
752 4512 827 4577 (l.
872 4508 988 4562 Cor.
1020 4507 1074 4561 9.
1112 4506 1232 4577 27).
1260 4508 1539 4575 Quomodo
1578 4524 1706 4579 ergo
1733 4518 1817 4565 est

244 4603 339 4656 tibi
368 4616 677 4671 persuasum
707 4601 845 4671 quod
876 4616 1033 4654 nemo
1062 4611 1113 4654 te
1143 4601 1449 4669 separabit?

312 4696 368 4750 5.
402 4695 561 4749 Vides
587 4695 726 4765 quod
756 4694 856 4749 hoc
880 4695 1101 4749 verbum
1133 4696 1202 4748 sit
1249 4695 1561 4750 humilitatis
1601 4705 1654 4750 et
1698 4712 1809 4751 mo-

233 4786 449 4843 destiae.
472 4786 567 4840 Ille
594 4788 733 4840 enim
758 4790 866 4853 jam
891 4787 1079 4840 caelum
1104 4785 1401 4849 habitabat;
1434 4796 1489 4840 et
1519 4786 1639 4841 ideo
1668 4787 1815 4841 dice-

232 4879 361 4941 bat,
406 4875 556 4930 Nihil
582 4877 715 4929 enim
740 4876 865 4928 mihi
890 4878 1117 4929 conscius
1156 4892 1269 4928 sum
1299 4876 1376 4943 (1.
1408 4874 1525 4929 Cor.
1553 4878 1606 4930 4.
1640 4877 1694 4945 1)
1720 4894 1734 4941 ;
1763 4887 1817 4931 ct

231 4986 450 5034 rursus,
478 4969 693 5024 Cursum
721 4970 1060 5023 consummavi
1087 4967 1162 5039 (2.
1199 4967 1329 5020 Tim.
1362 4970 1414 5024 4.
1447 4969 1521 5037 7).
1554 4969 1730 5036 Quare
1750 4969 1815 5023 ad

232 5062 358 5117 haec
409 5075 515 5115 non
560 5061 608 5114 ei
654 5061 1088 5129 impedimentum
1119 5060 1373 5114 allerebat
1415 5060 1676 5123 diabolus,
1723 5061 1818 5116 sed

228 5154 307 5208 ad
344 5169 410 5209 ea
436 5168 557 5223 quae
586 5164 741 5209 erant
764 5153 1164 5221 disCipulorum.
1193 5153 1408 5219 Quare?
1433 5154 1689 5220 Quoniam
1713 5170 1817 5207 non

229 5264 335 5302 eos
377 5247 610 5301 habebat
650 5248 701 5300 in
753 5256 1013 5316 potestate
1051 5246 1224 5301 solum
1249 5288 1262 5305 .
1306 5247 1398 5301 sed
1442 5263 1625 5300 eorum
1658 5248 1817 5302 etiam

228 5340 475 5395 liberum
506 5340 803 5393 arbitrium.
834 5339 946 5392 Illic
971 5349 1085 5393 erat
1114 5338 1397 5408 superior;
1435 5338 1542 5392 imo
1567 5354 1693 5392 vero
1722 5355 1819 5394 nec

225 5430 353 5484 illic
396 5428 518 5483 ideo
561 5439 677 5483 erat
713 5428 975 5497 superior,
1019 5429 1113 5482 sed
1157 5444 1218 5482 ex
1251 5428 1491 5482 socordia
1531 5438 1585 5481 et
1614 5430 1817 5498 ignavia

227 5535 434 5576 eorum
466 5520 557 5589 qui
589 5518 1086 5573 non’attendebant.
1115 5519 1247 5573 Nam
1275 5520 1321 5573 si
1352 5520 1401 5573 id
1434 5520 1646 5589 quidem
1676 5521 1816 5590 quod

226 5627 464 5668 suarum
495 5620 610 5668 erat
644 5614 870 5683 partium
896 5628 999 5666 non
1028 5612 1332 5682 implesset,
1366 5623 1457 5668 aut
1483 5600 1699 5685 propter
1728 5630 1816 5672 se-

224 5706 486 5775 gnitiem,
534 5715 627 5760 aut
675 5714 892 5774 propter
938 5704 1137 5776 aliquid
1180 5705 1323 5761 aliud
1372 5706 1667 5777 ejusmodi,
1719 5708 1813 5763 illo

228 5795 433 5850 fuisset
459 5796 703 5863 superior
733 5814 748 5848 :
779 5796 824 5849 si
851 5803 1026 5851 autem
1053 5797 1167 5865 ipse
1198 5796 1412 5867 quidem
1439 5798 1667 5855 iaciebat
1690 5815 1810 5854 om-

228 5886 367 5948 nia;
398 5886 474 5940 illi
505 5894 681 5941 autem
719 5900 824 5941 non
860 5886 1148 5956 parebant,
1181 5902 1289 5945 non
1316 5888 1468 5945 illum
1494 5892 1802 5961 superavit,

1076 443 1141 499 IN
1177 443 1392 498 EPlST.
1431 442 1524 497 AD
1560 440 1798 497 EPﬂES.
1839 440 1996 500 CAP.
2037 444 2124 499 Vl.
2166 446 2396 505 HOMIL.
2436 451 2603 508 XXII.

3374 465 3478 521 162

1902 558 1998 612 sed
2033 573 2219 615 eorum
2260 561 2703 631 inobedientiam;
2743 576 2799 623 et
2821 568 3039 626 morbus
3074 587 3178 629 non
3205 588 3476 645 superavit

1901 648 2202 715 medicum,
2245 652 2340 707 sed
2384 657 2567 724 aegroti
2613 657 3097 728 intemperantiam.
3146 663 3279 720 Cum
3328 669 3470 722 enim

1900 739 2017 811 ipse
2044 744 2255 812 quidem
2283 747 2460 801 omnia
2491 750 2775 817 paraverit,
2816 753 2907 809 ille
2939 764 3114 811 autem
3145 758 3321 813 omnia
3346 776 3471 816 cor-

1902 834 2125 902 ruperit.
2173 835 2263 891 ille
2306 836 2406 891 fuit
2453 850 2753 909 superatus,
2805 859 2912 899 non
2962 844 3068 901 hic.
3116 847 3471 914 Quamobrem

1900 922 2069 978 Paulo
2112 940 2369 997 nusquam
2422 928 2521 1007 l‘uit
2574 932 2839 1001 superior.
2884 934 3149 991 Caeterum
3196 939 3472 995 nobiscum

1899 1012 2037 1069 bene
2077 1018 2249 1085 agitur
2277 1018 2416 1088 quod
2461 1021 2725 1091 possimus
2766 1024 2924 1079 etiam
2968 1025 3175 1083 luctari.
3220 1029 3474 1087 Romanis

1900 1106 2111 1174 quidem
2155 1108 2255 1163 hoc
2301 1107 2428 1165 non’
2446 1124 2613 1182 Optat,
2659 1115 2755 1169 sed
2794 1117 3217 1186 quid?Conteret
3243 1134 3475 1179 satanam

1900 1199 1991 1253 sub
2030 1200 2237 1269 pedibus
2264 1206 2439 1260 vestris
2474 1207 2573 1259 cito
2613 1206 2787 1280 (Rom.
2827 1210 2915 1265 16.
2955 1211 3049 1283 20)
3078 1232 3092 1267 :
3125 1214 3208 1269 his
3236 1232 3365 1271 vero
3392 1219 3469 1273 sic

1899 1302 2080 1361 optat,
2110 1294 2175 1348 Ei
2201 1307 2405 1362 autem,
2437 1300 2521 1368 qui
2548 1310 2722 1369 potens
2757 1312 2829 1355 est
2867 1305 3037 1356 omnia
3067 1307 3235 1375 facere
3258 1324 3471 1378 supera-

1899 1384 2185 1440 bundanter
2231 1405 2382 1459 quam
2422 1394 2637 1459 petimus
2676 1403 2765 1447 aut
2800 1395 3128 1465 intelligimus
3158 1397 3371 1467 (Ep/tes.
3412 1401 3469 1457 5.

1899 1475 2013 1547 20).
2046 1478 2146 1544 Qui
2175 1478 2437 1545 luctatur,
2468 1482 2641 1537 adhuc
2666 1493 2913 1551 tenetur;
2954 1487 3047 1541 sed
3087 1488 3223 1543 bene
3260 1505 3380 1545 cum
3404 1507 3472 1545 eo

1899 1570 2075 1638 agitur
2112 1570 2156 1623 si
2200 1586 2304 1625 non
2334 1572 2605 1629 ceciderit.
2637 1574 2785 1629 Tunc
2814 1579 3068 1645 pra-clara
3107 1590 3185 1634 est
3214 1582 3428 1635 victoria
3452 1624 3467 1645 ,

1899 1660 2112 1729 quando
2138 1660 2260 1717 hinc
2300 1666 2707 1719 excesserimus.
2742 1666 2983 1736 Exempli
3003 1684 3184 1734 causa,
3213 1672 3279 1723 sit
3299 1672 3471 1741 aliqua

1901 1753 2361 1821 concupiscentia;
2391 1755 2704 1812 admirabile
2732 1758 2948 1827 quidem
2990 1771 3074 1814 est
3099 1778 3216 1815 eam
3244 1779 3346 1817 non
3374 1765 3471 1817 ad-

1901 1843 2145 1908 mittere,
2191 1845 2286 1900 sed
2327 1847 2667 1917 exstinguere
2710 1868 2724 1903 :
2770 1850 2815 1904 si
2859 1851 2960 1905 hoc
2989 1863 3165 1907 autem
3211 1856 3321 1908 tieri
3366 1871 3471 1911 nun

1900 1934 2104 2004 possit,
2150 1943 2201 1991 et
2237 1935 2497 1992 luctemur
2527 1948 2581 1993 et
2618 1954 2717 1994 nos
2743 1956 2955 2012 semper
2986 1944 3352 1999 contineamus
3382 1964 3396 2000 :
3424 1948 3471 2001 si

1900 2023 2162 2081 luctantes
2188 2031 2575 2084 excesseritnus
2598 2070 2614 2093 ,
2641 2031 2946 2089 vicerimus.
2976 2033 3090 2088 Non
3121 2036 3262 2090 enim
3299 2038 3371 2092 ita
3414 2052 3474 2091 so

1899 2132 1989 2173 res
2014 2117 2175 2175 habet
2202 2119 2288 2177 hic
2312 2122 2449 2177 sicut
2478 2125 2530 2177 in
2560 2124 2773 2208 athletis
2801 2142 2814 2179 :
2842 2142 2963 2181 nam
2996 2128 3105 2183 illic
3132 2129 3344 2199 quidem
3366 2132 3473 2185 nisi

1899 2208 2162 2281 dejeceris
2183 2253 2200 2277 ,
2230 2228 2335 2268 non
2360 2215 2565 2282 vicisti;
2597 2216 2683 2273 hic
2711 2228 2888 2275 autem
2916 2220 3123 2287 vicisti,
3150 2222 3196 2276 si
3223 2238 3328 2277 non
3357 2223 3474 2277 lue-

1902 2303 1977 2357 ris
2005 2302 2279 2373 dejectus;
2308 2307 2353 2361 si
2382 2322 2489 2363 non
2516 2323 2576 2363 es
2600 2308 2862 2379 dejectus,
2883 2310 3158 2381 dejecisti;
3185 2321 3238 2367 et
3260 2314 3473 2369 merito.

1863 2414 1871 2422 ·
1902 2392 2033 2449 Nam
2064 2395 2172 2450 illic
2201 2396 2413 2467 quidem
2432 2390 2598 2453 ambo
2622 2401 2951 2457 contendunt
2975 2390 3319 2472 devictoria,
3346 2416 3401 2461 et
3427 2408 3473 2461 si

1900 2485 2041 2541 alter
2068 2485 2226 2542 fuerit
2252 2489 2514 2559 dejectus,
2537 2492 2675 2547 alter
2704 2503 2993 2550 coronatur
3017 2515 3031 2551 :
3061 2494 3146 2551 hic
3169 2508 3345 2553 autem
3367 2514 3473 2554 non

1902 2578 2001 2643 sic,
2030 2578 2125 2633 sed
2149 2578 2394 2636 diabolus
2424 2583 2700 2638 contendit
2725 2594 2782 2639 ut
2809 2600 2907 2641 nos
2931 2601 3268 2656 superentur.
3291 2589 3475 2655 Quan-

1903 2668 1974 2724 do
1999 2684 2130 2740 ergo
2173 2669 2226 2726 id
2265 2672 2315 2727 ei
2344 2671 2600 2729 ademere
2622 2674 2690 2729 de
2715 2691 2824 2746 quo
2850 2679 3164 2744 contendit,
3193 2680 3294 2735 vici
3326 2699 3339 2734 :
3369 2697 3478 2738 non

1903 2761 2047 2815 enim
2090 2761 2348 2819 incumbit
2393 2772 2453 2819 ut
2497 2764 2732 2835 dejiciat,
2778 2767 2873 2824 sed
2914 2778 2972 2823 ut
3013 2784 3195 2825 secum
3238 2771 3473 2841 dejiciat.

1906 2853 2023 2908 Jam
2054 2862 2137 2908 est
2161 2870 2289 2926 ergo
2312 2854 2483 2910 victus
2512 2874 2528 2912 :
2556 2858 2669 2927 ipse
2693 2859 2838 2913 enim
2874 2860 2985 2929 jam
3010 2869 3096 2916 est
3121 2860 3363 2932 dejectus
3379 2904 3396 2930 ,
3423 2871 3481 2919 et

1905 2953 1988 2998 est
2015 2944 2067 2998 in
2100 2945 2399 3014 perditione
2423 2956 2479 3003 et
2503 2947 2739 3003 interitu.
2771 2950 2901 3021 Ejus
2922 2962 3099 3007 autem
3126 2954 3349 3009 victoria
3370 2970 3479 3011 non

1904 3045 1988 3089 est
2016 3036 2069 3090 in
2096 3036 2197 3091 hoc
2222 3045 2283 3091 ut
2307 3048 2615 3103 coronetur,
2646 3040 2740 3096 sed
2772 3052 2829 3095 ut
2856 3058 2943 3097 me
2971 3043 3175 3112 perdat.
3206 3046 3478 3111 Quamobo

1904 3142 2020 3182 rem
2049 3130 2093 3183 si
2125 3145 2229 3183 non
2256 3129 2524 3199 dejecero,
2551 3148 2656 3187 non
2686 3132 2841 3187 fuero
2870 3144 3049 3189 autem
3070 3135 3333 3205 dejectus,
3351 3138 3477 3194 vici.

1907 3219 2161 3286 Quaenam
2194 3230 2276 3275 est
2302 3236 2430 3292 ergo
2459 3224 2711 3291 praeclara
2746 3225 3011 3281 victoria?
3042 3228 3121 3282 Ex
3151 3229 3482 3297 superabun-

1908 3311 2088 3366 dantia
2117 3328 2237 3367 eum
2269 3315 2610 3381 conculcare,
2645 3327 2703 3369 ut
2733 3316 2957 3371 iaciebat
2987 3318 3201 3384 Paulus,
3233 3334 3323 3375 res
3348 3336 3483 3390 ιιι-εει

1910 3415 2088 3461 sentes
2119 3406 2247 3461 nihil
2277 3422 2397 3462 esse
2433 3408 2765 3463 existimans.
2794 3409 2900 3465 Nos
2927 3426 3136 3482 quoque
3160 3428 3280 3468 eum
3311 3416 3486 3469 imite-

1911 3514 2052 3564 mur,
2106 3507 2162 3552 et
2202 3499 2434 3554 studium
2476 3515 2737 3568 ponamus
2779 3510 2837 3556 ut
2875 3500 3043 3557 simus
3072 3506 3394 3573 superiores,
3428 3515 3485 3559 et

1910 3592 2106 3645 nullam
2136 3593 2184 3646 ei
2212 3592 2399 3646 demus
2427 3607 2634 3647 ansam.

1982 3681 2186 3736 Divitite
2226 3693 2273 3737 et
2307 3684 2475 3737 inanis
2498 3685 2663 3754 gloria
2691 3700 2868 3739 ansam
2895 3684 3019 3738 dant
3045 3685 3265 3741 diabolo.
3295 3717 3368 3727 —
3397 3688 3486 3743 Di-

1912 3777 2053 3831 vitiae
2084 3776 2214 3830 dant
2240 3777 2290 3832 ei
2315 3792 2520 3843 ansam,
2547 3778 2808 3847 pecunias,
2841 3778 3014 3831 inanis
3041 3778 3231 3847 gloria,
3260 3790 3313 3834 et
3342 3795 3487 3850 sa-pe

1913 3869 2125 3937 quidem
2155 3884 2275 3923 eum
2303 3870 2531 3939 erigunt,
2574 3884 2717 3939 saepe
2757 3877 2935 3924 autem
2976 3869 3145 3923 l'erum
3178 3870 3402 3924 reddunt
3432 3881 3489 3925 ot

1920 3961 2226 4015 immanem.
2259 3960 2363 4016 Sed
2392 3960 2518 4030 quid
2551 3974 2685 4030 opus
2706 3968 2789 4014 est
2816 3960 2989 4014 lucta?
3015 3960 3138 4029 quid
3166 3975 3300 4030 opus
3324 3971 3406 4022 est
3431 3972 3490 4016 ut

1916 4052 2323 4107 concertemns?
2359 4052 2459 4119 Qui
2499 4065 2687 4106 manus
2723 4050 2977 4117 conserit,
3022 4050 3181 4105 ﬁnem
3210 4051 3370 4106 habet
3394 4053 3484 4106 in-

1917 4154 2155 4209 certum,
2198 4159 2323 4197 num
2368 4144 2482 4212 ipse
2530 4142 2688 4198 etiam
2730 4142 3067 4211 superabitur
3108 4151 3163 4198 et
3202 4144 3444 4213 capietur
3470 4160 3490 4199 :

1918 4237 2007 4306 qui
2050 4246 2237 4290 autem:
2266 4235 2577 4301 conculcat,
2618 4244 2818 4289 certam
2856 4243 2911 4289 et
2958 4233 3289 4289 manifestam
3331 4233 3493 4291 habet

1920 4328 2218 4383 victoriam.
2244 4327 2632 4382 Conculcemus
2657 4324 2858 4380 diaboli
2890 4326 3186 4394 potentiam
3208 4365 3225 4393 ,
3266 4326 3489 4381 concul—

1920 4434 2104 4476 cemus
2135 4428 2384 4489 peccata;
2413 4418 2612 4478 omnia,
2656 4417 2893 4486 inquam,
2926 4431 3046 4487 qua:
3070 4416 3137 4471 ad
3165 4416 3303 4471 hanc
3327 4418 3489 4472 vitam

1922 4516 2222 4582 pertinent,
2277 4510 2409 4563 iram
2431 4548 2445 4572 ,
2513 4507 2996 4576 concupiscentiam
3020 4548 3037 4574 ,
3090 4512 3447 4577 arrOgantiam
3470 4546 3488 4572 ,

1925 4616 2112 4656 omnes
2158 4602 2319 4654 animi
2368 4598 2797 4669 perturbationes
2834 4606 2890 4653 et
2917 4598 3043 4651 vitia
3073 4616 3088 4651 :
3120 4607 3172 4651 ut
3214 4613 3335 4653 cum
3365 4599 3491 4655 illuc

1922 4694 2328 4756 excesserimus,
2354 4706 2459 4745 non
2486 4692 2819 4745 inveniamur
2842 4688 3143 4759 prodidisse
3174 4698 3489 4759 potestatem

1921 4801 2079 4858 quam
2122 4784 2277 4839 nobis
2302 4783 2450 4839 dedit
2478 4782 2639 4837 Deus.
2673 4779 2749 4834 lta
2777 4781 2921 4835 enim
2946 4781 3107 4834 etiam
3144 4779 3316 4836 futura
3357 4794 3491 4835 con-

1924 4892 2226 4948 sequemur.
2257 4874 2313 4931 Si
2341 4884 2515 4929 antem
2540 4874 2592 4927 in
2623 4873 2723 4927 hoc
2748 4872 3001 4927 fuerimus
3031 4872 3226 4941 ignavi,
3251 4871 3371 4941 quis
3397 4886 3495 4925 no-

1923 4970 2007 5026 bis
2036 4969 2235 5039 majora
2255 4964 2596 5021 committet?
2617 4962 2673 5018 Si
2699 4964 2839 5017 enim
2869 4978 2990 5017 eum
3016 4962 3107 5031 qui
3136 4960 3374 5025 offendit,
3401 4961 3492 5030 qui

1921 5072 2006 5119 est
2034 5060 2416 5131 ignominiosus
2436 5098 2451 5122 ,
2479 5058 2571 5127 qui
2610 5064 2694 5110 cst
2730 5062 3084 5123 contemptus,
3114 5054 3204 5122 qui
3230 5053 3373 5122 jacet
3394 5052 3494 5108 sub

1922 5155 2169 5227 pedibus,
2210 5167 2315 5207 non
2362 5150 2633 5220 potuimus
2673 5148 3009 5210 conculcare,
3053 5145 3321 5215 quomodo
3348 5144 3495 5198 dabit

1925 5250 2078 5304 nobis
2104 5248 2261 5303 Pater
2282 5260 2370 5300 res
2404 5241 2696 5314 paternas?
2722 5242 2764 5295 si
2792 5256 2914 5295 eum
2938 5238 3029 5308 qui
3053 5247 3134 5292 est
3162 5237 3297 5291 adeo
3318 5236 3493 5306 subje-

1922 5352 2038 5397 ctus
2062 5356 2164 5395 non
2191 5338 2578 5409 superavimus,
2601 5348 2886 5405 quamnam
2911 5330 3225 5385 habebimus
3246 5328 3490 5382 ﬁduciam

1924 5431 2250 5503 ingrediendi
2281 5432 2331 5483 in
2358 5429 2575 5483 domum
2606 5424 2924 5496 paternam?
2959 5423 3113 5486 Nam,
3144 5420 3230 5475 dic
3266 5420 3416 5484 mihi,
3443 5420 3491 5474 si

1922 5526 2121 5581 habeas
2140 5525 2369 5593 aliquem
2403 5522 2587 5585 lilium,
2618 5519 2707 5574 ille
2731 5527 2906 5571 autem
2941 5514 3140 5570 relictis
3169 5511 3377 5573 famulis
3400 5510 3495 5582 qui

1920 5626 2044 5673 sunt
2073 5615 2303 5677 honesti,
2334 5622 2579 5668 versetur
2602 5625 2722 5664 cum
2760 5609 2826 5663 iis
2850 5608 2939 5677 qui
2966 5606 3061 5661 tibi
3084 5605 3297 5658 luerunt
3324 5602 3492 5659 mole-

1920 5711 2011 5777 sti,
2041 5709 2126 5778 qui
2158 5723 2187 5762 e
2215 5707 2376 5761 domo
2398 5704 2538 5773 pulsi
2565 5709 2709 5766 sunt,
2734 5700 2823 5770 qui
2854 5698 2905 5753 itt
2932 5698 3048 5752 alea
3071 5704 3197 5751 sunt
3223 5695 3491 5766 occupati,

1919 5812 1972 5859 et
2008 5803 2107 5856 hoc
2136 5800 2294 5855 faciat
2321 5794 2600 5868 perp‘etuo,
2642 5807 2749 5848 non
2791 5788 3239 5847 exheredabitur?
3281 5788 3493 5858 Perspi-

1924 5908 2081 5949 cuum
2107 5901 2189 5947 est
2205 5932 2219 5957 ,
2245 5903 2367 5945 eum
2391 5900 2511 5946 esse
2535 5881 2991 5943 exberedandum.
3023 5882 3097 5938 lta
3124 5896 3221 5939 nos
3245 5892 3456 5950 quoque
3473 5915 3499 5946 ι
