3974 6554
467 481 576 539 163

468 599 515 652 si
557 594 792 653 dimissis
830 590 1030 664 angelis
1060 589 1150 661 qui
1183 588 1298 645 Deo
1327 589 1662 659 placuerunt,
1689 595 1744 640 et
1778 585 1867 654 qui
1895 583 2050 638 nobis

470 699 597 743 sunt
628 685 879 755 praafecti,
904 696 1179 737 versemur
1205 696 1326 736 cum
1347 679 1583 745 diabolo,
1606 677 1826 732 omnino
1847 676 2051 730 erimus

467 776 787 833 exheredes.
823 774 1019 830 Verum
1063 773 1220 836 absit,
1269 780 1331 826 ut
1367 780 1607 826 nostrum
1634 769 1914 839 quisquam
1949 765 2051 819 huc

474 868 737 939 patiatur;
769 866 863 922 sed
897 866 1037 921 bello
1066 864 1322 919 adversus
1349 863 1522 932 ipsum
1553 868 1800 929 suscepto
1846 866 1901 912 et
1927 871 2049 911 cum

473 974 709 1027 superno
748 958 946 1012 auxilio
976 957 1227 1017 victores,
1260 952 1488 1022 heredes
1526 952 1695 1006 simus
1720 948 1869 1019 regni
1894 948 2053 1003 caelo-

477 1067 621 1106 rum.
652 1051 710 1106 Si
737 1051 857 1121 quis
886 1049 1048 1104 babet
1075 1047 1367 1108 inimicum,
1395 1044 1438 1099 si
1468 1043 1658 1112 injuria
1685 1042 1752 1095 ab
1773 1040 1952 1110 aliquo
1972 1046 2055 1093 est

474 1141 701 1196 affectus
721 1181 735 1204 ,
780 1141 825 1195 si
865 1138 985 1209 quis
1013 1147 1097 1193 est
1124 1136 1409 1197 efferatus.
1439 1149 1652 1189 omnem
1678 1140 2052 1201 congregatam

472 1231 819 1299 asperitatem
840 1237 894 1307 et
920 1226 1175 1283 ferociam
1197 1226 1435 1282 effundat
1459 1225 1512 1279 in
1534 1232 1693 1293 caput
1715 1219 1935 1277 diaboli.
1959 1220 2056 1276 Hic

474 1323 553 1378 ira
582 1338 671 1378 res
691 1332 776 1377 est
795 1322 933 1377 bona
960 1330 1016 1375 et
1041 1320 1293 1384 honesta;
1318 1318 1405 1372 hic
1424 1315 1717 1386 indignatio
1738 1329 1827 1369 res
1850 1320 1931 1369 est
1954 1312 2048 1366 uti.

474 1414 579 1480 lis;
612 1416 697 1468 hic
727 1414 938 1482 injuriae
962 1421 1195 1481 accepta:
1220 1408 1523 1465 recordatio
1552 1417 1606 1462 et
1631 1407 1813 1462 odium
1857 1418 1944 1460 res
1974 1414 2058 1459 est

479 1505 782 1560 laudabilis.
835 1504 984 1558 Sicut
1023 1503 1166 1555 enim
1213 1501 1266 1555 in
1296 1499 1534 1555 externis
1573 1498 1781 1566 injuria:
1825 1503 2059 1564 acceptae

476 1597 747 1655 recordari
772 1605 858 1652 est
884 1596 1103 1659 malum,
1132 1596 1201 1648 ita
1242 1592 1328 1647 hic
1365 1591 1573 1661 injuria:
1611 1599 1844 1659 accepta:
1870 1587 2061 1642 memi-

482 1689 629 1743 nisse
656 1697 741 1742 est
765 1686 983 1741 bonum.
1016 1685 1199 1754 Itaque
1218 1684 1264 1739 si
1289 1682 1452 1737 habes
1477 1681 1604 1735 vitia
1633 1690 1686 1735 et
1709 1679 1970 1743 defectus,
1995 1690 2059 1730 ea

479 1780 570 1834 hic
595 1778 846 1849 depone;
894 1780 940 1832 si
985 1790 1092 1830 non
1119 1782 1273 1845 potes
1297 1789 1361 1828 ea
1388 1773 1682 1842 deponere,
1719 1771 1913 1825 saltem
1937 1784 2060 1823 cum

480 1871 741 1928 membris
766 1871 873 1926 tuis
899 1869 1131 1938 depone.
1179 1865 1449 1921 Percussit
1474 1864 1710 1934 aliquis?
1736 1863 1825 1917 Sis
1850 1860 2061 1930 injuriae

480 1979 513 2018 a
557 1962 772 2017 diabolo
811 1970 1045 2030 acceptae
1093 1974 1321 2022 memor,
1366 1965 1423 2011 et
1467 1970 1756 2025 numquam
1801 1953 2062 2008 adversus

477 2072 603 2112 eum
624 2064 900 2124 susceptas
917 2066 1180 2122 compone
1206 2050 1529 2105 inimicitias.
1555 2050 1624 2101 At
1641 2063 1745 2101 non
1768 2043 2064 2116 percussit?

480 2148 573 2205 Sic
600 2162 810 2219 quoque
835 2146 910 2200 sis
933 2158 1141 2199 memor
1165 2151 1398 2211 accepta:
1424 2139 1662 2210 injurias;
1693 2138 1835 2209 quod
1878 2136 2064 2190 Domi-
2120 2200 2123 2203 _

1222 472 1280 531 S.
1308 468 1586 529 JOANNIS
1623 466 2094 527 CIIRYSOS'Iâ€˜OMI
2132 466 2446 524 ARCHIEP.
2483 466 3011 526 CONSTANTINOP.

3645 472 3736 534 164

2152 596 2281 637 num
2308 593 2454 637 tuum
2481 582 2717 639 alfeeerit
2734 584 3081 651 contumelia,
3102 584 3254 657 quod
3271 586 3582 655 offenderit,
3605 595 3729 662 quod

2154 674 2405 728 fratribus
2433 683 2623 730 noceat
2644 714 2659 736 ,
2689 684 2746 729 et
2772 690 2893 729 cum
2923 676 3003 730 eis
3033 676 3237 731 bellum
3270 688 3449 746 gerat.
3482 679 3568 735 Sis
3606 697 3730 737 sem-

2154 776 2252 832 per
2281 763 2549 832 inimicus,
2582 780 2797 834 semper
2822 766 3064 830 acerbus,
3093 783 3318 836 semper
3341 771 3566 825 immitis
3585 783 3637 827 et
3663 774 3734 829 fe-

2154 869 2264 909 rus.
2305 854 2382 910 Ita
2426 854 2518 911 ille
2558 856 2665 911 erit
2706 855 2940 922 humilis,
2988 858 3067 911 sic
3105 858 3213 912 erit
3260 858 3632 929 despicabilis,
3670 865 3738 930 sic

2153 953 2311 1015 captu
2342 945 2534 1001 facilis.
2562 945 2620 1002 Si
2648 961 2747 1001 nos
2766 947 2935 1003 simus
2960 947 3012 1002 in
3037 963 3160 1003 eum
3193 947 3435 1015 feroces,
3469 952 3559 1006 ille
3580 954 3628 1006 in
3650 971 3737 1011 nos

2155 1051 2262 1091 non
2302 1036 2406 1092 erit
2443 1035 2621 1102 ferus;
2671 1039 2719 1092 si
2766 1052 2866 1092 nos
2893 1039 3061 1093 simus
3086 1040 3394 1094 clementes
3423 1050 3479 1095 et
3503 1042 3737 1115 benigni,

2157 1135 2283 1181 tunc
2322 1126 2411 1182 ille
2439 1127 2536 1182 erit
2571 1127 2717 1182 ferox
2749 1150 2765 1182 :
2798 1143 2904 1182 non
2940 1128 3079 1183 sicut
3106 1145 3237 1200 erga
3290 1130 3493 1186 fratres
3540 1146 3735 1191 nostros

2157 1232 2282 1288 erga
2326 1218 2476 1272 illum
2520 1217 2696 1273 affecti
2723 1219 2911 1274 simus.
2946 1219 3037 1276 Ille
3066 1230 3149 1276 est
3190 1222 3454 1278 inimicus
3493 1234 3547 1279 et
3589 1225 3741 1285 hostis

2157 1309 2281 1362 vita:
2308 1316 2365 1363 et
2389 1308 2596 1374 Salutis,
2626 1318 2681 1363 et
2709 1318 2907 1364 nostra:
2931 1319 2987 1365 et
3012 1325 3143 1366 suae.
3173 1311 3234 1367 Si
3262 1313 3510 1382 seipsum
3543 1331 3644 1371 non
3670 1318 3740 1373 di-

2161 1399 2311 1470 ligit,
2340 1400 2610 1470 quomodo
2652 1400 2846 1469 poterit
2888 1416 2985 1456 nos
3013 1401 3285 1473 diligere?
3312 1404 3603 1461 Struamus
3630 1424 3740 1478 ergo

2173 1492 2367 1557 aciem,
2415 1499 2471 1546 et
2510 1506 2632 1547 eum
2679 1492 2954 1558 feriamus,
2996 1508 3118 1548 cum
3161 1510 3427 1565 magnum
3472 1496 3739 1556 habeamus

2167 1584 2295 1639 belli
2332 1584 2535 1639 socium
2561 1595 2615 1639 et
2638 1584 2935 1654 adjutorem
2963 1586 3250 1642 Dominum
3276 1598 3529 1643 nostrum
3572 1590 3732 1646 Jesum

2160 1673 2433 1730 Christum
2459 1715 2476 1739 ,
2516 1675 2609 1746 qui
2648 1676 2847 1747 poterit
2869 1675 3087 1733 efficere
3126 1686 3188 1732 ut
3216 1677 3451 1734 minime
3491 1681 3741 1751 capiamur

2163 1768 2282 1839 ejus
2323 1768 2559 1838 laqueis,
2601 1776 2657 1823 et
2697 1783 2799 1823 nos
2842 1769 2997 1824 bonis
3025 1769 3572 1841 futurisrdignabitur
3596 1793 3611 1830 :
3636 1790 3740 1843 qua

2165 1859 2320 1913 nobis
2346 1858 2595 1914 omnibus
2638 1857 2797 1914 detur
2833 1860 3087 1931 consequi
3124 1866 3304 1931 gratia
3335 1872 3395 1917 et
3439 1864 3740 1935 benignitate

2169 1950 2375 2005 Domini
2406 1950 2573 2005 nostri
2605 1949 2735 2005 Iesu
2762 1949 2983 2016 Christi,
3011 1953 3097 2006 cui
3127 1968 3253 2007 cum
3288 1953 3453 2008 Patre
3482 1964 3538 2009 et
3563 1955 3739 2024 Spiritu

2168 2052 2353 2096 sancto
2380 2041 2571 2112 gloria,
2606 2041 2887 2111 imperium
2905 2084 2921 2107 ,
2950 2043 3122 2098 honor
3143 2084 3158 2109 ,
3188 2059 3342 2100 nunc
3366 2053 3424 2100 et
3446 2060 3671 2117 semper,
3694 2056 3740 2103 et

2168 2133 2224 2188 in
2248 2134 2443 2188 saecula
2473 2132 2817 2188 saeculorum.
2846 2135 3039 2189 Amen.

483 2269 3734 2298 Îœ

1810 2345 2157 2408 HOMILIA
2201 2345 2443 2408 XXIII.

481 2502 613 2559 CAP.
652 2501 707 2560 6.
748 2519 800 2558 v.
834 2502 923 2557 M.
962 2501 1106 2557 State
1148 2516 1265 2571 ergo
1293 2496 1530 2553 succincti
1552 2493 1747 2550 lumbos
1784 2501 1971 2548 uestros
2008 2490 2063 2544 in

1166 2590 1390 2644 veritate.

556 2689 607 2743 1.
640 2686 771 2743 Cum
805 2685 1101 2742 exercitum
1133 2682 1274 2737 hunc
1299 2681 1601 2736 ordinasset
1622 2719 1639 2744 ,
1667 2686 1723 2733 et
1748 2689 1933 2732 eorum
1962 2687 2059 2729 ex-

483 2779 700 2834 citasset
723 2777 885 2831 animi
910 2774 1236 2830 alacritatem
1262 2773 1281 2844 (
1309 2772 1583 2841 utriusque
1607 2769 1750 2824 enim
1770 2775 1885 2822 erat
1904 2778 2060 2835 opus,

483 2880 541 2925 et
567 2879 627 2923 ut
663 2879 844 2923 essent
870 2866 1141 2931 ordinati,
1184 2872 1328 2919 etut
1360 2864 1683 2917 excitaretur
1717 2872 1903 2914 eorum
1945 2856 2063 2909 ani-

490 2959 651 3029 mus)
675 2977 690 3025 ;
720 2974 842 3014 eum
871 2959 953 3012 eis
978 2957 1216 3011 animum
1240 2954 1535 3011 addidisset
1561 2953 1580 3020 (
1609 2966 1730 3007 nam
1760 2964 1827 3004 eo
1852 2961 2066 3019 quoque

487 3060 607 3109 erat
626 3064 765 3119 opus
785 3050 803 3117 )
825 3090 840 3111 .
872 3048 1127 3116 deinceps
1147 3060 1243 3099 eos
1263 3052 1458 3098 armat.
1488 3042 1627 3097 Nihil
1655 3042 1798 3097 enim
1817 3042 2066 3110 juvarent

488 3156 637 3197 arma
658 3182 673 3206 ,
704 3141 749 3194 si
776 3140 851 3193 illi
880 3138 1027 3208 prius
1055 3152 1161 3191 non
1186 3143 1371 3190 essent
1393 3134 1622 3190 ordinati
1640 3172 1657 3197 ,
1686 3147 1862 3203 neque
1884 3128 2068 3185 militis

488 3236 699 3293 animus
743 3240 888 3288 esset
932 3232 1211 3287 excitatus.
1272 3228 1499 3298 Oportet
1549 3229 1694 3283 enim
1750 3227 1899 3296 prius
1945 3240 2069 3280 eum

490 3340 701 3381 armare
746 3323 1106 3387 intrinsecus,
1153 3330 1209 3376 et
1242 3320 1439 3375 deinde
1475 3320 1834 3375 extrinsecus.
1884 3318 1939 3373 Si
1967 3317 2071 3372 hoc

492 3429 671 3473 autem
716 3416 875 3485 vulgo
920 3413 978 3469 fit
1008 3414 1058 3467 in
1110 3413 1405 3478 militibus,
1455 3411 1623 3465 multo
1670 3409 1839 3480 magis
1888 3413 1941 3463 in
1986 3408 2071 3463 his

494 3508 748 3564 militibus
778 3508 868 3577 qui
895 3506 1095 3561 cadunt
1121 3506 1219 3560 sub
1246 3504 1649 3575 intelligentiam
1676 3518 1692 3569 ;
1721 3504 1829 3557 imo
1861 3518 1989 3557 vero
2016 3502 2069 3556 in

499 3600 585 3654 his
630 3614 696 3653 ne
725 3598 849 3652 licet
888 3596 1101 3668 quidem
1136 3610 1345 3650 armare
1380 3596 1745 3659 extrinsecus,
1774 3594 1867 3649 sed
1894 3595 2075 3649 omnia

499 3692 857 3755 intrinsecus,â€˜
876 3689 1111 3744 animum
1142 3687 1393 3743 excitavit
1419 3697 1474 3742 et
1500 3687 1882 3750 inflammavit,
1910 3686 2077 3741 auda-

496 3784 637 3838 ciam
684 3780 905 3844 indidit,
936 3779 1244 3845 ordinavit;
1271 3776 1487 3834 demum
1511 3786 1701 3833 artnat.
1741 3777 1844 3833 Sed
1871 3778 1992 3833 vide
2020 3784 2079 3831 ut

499 3890 596 3930 eos
639 3873 801 3927 armis
841 3870 1045 3925 induat.
1091 3870 1235 3925 State
1279 3886 1432 3940 ergo,
1464 3870 1655 3940 inquit.
1691 3871 1926 3926 Primum
1954 3870 2077 3923 offi-

499 3966 643 4020 ciutn
681 3979 865 4018 eorum
895 3962 984 4032 qui
1029 3962 1080 4015 in
1111 3961 1352 4015 ordinata
1380 3970 1504 4015 sunt
1526 3961 1642 4016 acie
1666 4001 1681 4024 ,
1711 3970 1795 4015 est
1826 3972 1884 4015 ut
1909 3963 2081 4016 sciant

504 4065 651 4111 recte
690 4065 871 4120 stare;
908 4064 960 4109 et
1007 4068 1075 4108 ex
1122 4069 1188 4108 eo
1234 4054 1399 4108 multa
1444 4054 1743 4108 evenerint.
1791 4054 2079 4122 Propterea

504 4148 670 4202 multa
703 4147 832 4202 dicit
863 4146 932 4202 de
970 4147 1200 4201 statione
1225 4188 1240 4210 ,
1286 4146 1410 4201 alibi
1442 4147 1599 4202 etiam
1639 4147 1823 4203 dicens
1852 4166 1863 4201 :
1900 4148 2077 4214 State,

504 4238 744 4309 vigilate;
773 4246 828 4292 et
851 4253 1071 4302 rursus,
1101 4237 1191 4293 Sic
1217 4247 1345 4291 state
1372 4239 1425 4290 in
1465 4237 1684 4291 Domino
1714 4237 1809 4312 (1.
1840 4238 1958 4294 Cor.
1991 4240 2080 4296 16.

506 4332 657 4405 15)Í¾
710 4341 763 4386 et
805 4346 1023 4397 rursus,
1075 4330 1174 4397 Qui
1216 4346 1270 4383 se
1315 4330 1567 4383 existimat
1608 4342 1777 4393 stare,
1822 4332 1986 4385 videat
2022 4349 2085 4387 ne

508 4421 656 4475 cadat
687 4420 953 4493 (Philipp.
988 4421 1041 4473 4.
1072 4420 1093 4472 1
1123 4418 1144 4489 )
1172 4436 1186 4481 Í¾
1219 4427 1274 4473 et
1317 4434 1539 4484 rursus,
1573 4418 1641 4474 Ut
1679 4422 1878 4490 possitis
1915 4423 2082 4476 omni-

506 4514 601 4568 bus
624 4513 863 4583 confectis
886 4521 1020 4565 stare
1051 4522 1071 4583 á½·
1094 4512 1146 4566 1.
1173 4510 1293 4567 Cor.
1323 4510 1410 4566 10.
1446 4510 1571 4583 12).
1604 4512 1721 4567 ÎÎ¿Î·
1746 4527 1872 4584 ergo
1900 4529 2089 4585 quam-

507 4602 639 4658 libet
679 4603 809 4659 dicit
846 4602 1163 4668 stationem,
1191 4602 1289 4659 sed
1330 4618 1449 4658 eam
1494 4619 1614 4673 quae
1656 4614 1740 4661 est
1764 4614 1908 4661 recte
1936 4606 2086 4661 ordi-

508 4703 675 4763 nata;
704 4702 757 4748 et
790 4693 881 4762 qui
918 4693 995 4748 rei
1025 4693 1272 4748 militaris
1298 4703 1421 4748 sunt
1458 4696 1647 4764 periti,
1675 4695 1852 4751 sciunt
1892 4706 2085 4767 quanta

508 4784 582 4838 sit
615 4782 789 4838 standi
817 4783 1025 4853 peritia.
1058 4783 1189 4839 Nam
1213 4785 1260 4839 si
1286 4785 1339 4840 in
1370 4784 1671 4856 pugilibus,
1698 4797 1754 4841 et
1794 4785 1859 4842 iis
1885 4789 1975 4858 qui
2003 4788 2088 4844 lu-

508 4883 755 4941 ctantur,
788 4876 888 4929 hoc
933 4886 1057 4929 ante
1086 4875 1185 4930 alia
1217 4875 1583 4946 ludimagister
1608 4877 1864 4947 praecipit.
1894 4894 2088 4951 nempe

508 4974 686 5028 stare,
713 4965 879 5020 multo
905 4966 1073 5036 magis
1112 4967 1166 5020 in
1191 4965 1346 5019 bellis
1383 4975 1439 5021 et
1480 4968 1530 5021 in
1561 4969 1724 5023 rebus
1747 4968 2084 5026 militaribus.

512 5056 614 5122 Qui
649 5064 758 5112 stat
795 5066 971 5111 rectus
992 5097 1007 5121 ,
1040 5065 1147 5111 stat
1194 5072 1299 5110 non
1331 5056 1621 5113 dissolutus
1644 5098 1659 5123 ,
1692 5061 1820 5116 nulli
1847 5062 2042 5117 cedens
2070 5080 2085 5115 :
2114 5098 2129 5123 ,Ï„

510 5156 762 5203 accurata
808 5147 1071 5202 rectitude
1115 5150 1354 5203 cernitur
1400 5150 1452 5202 in
1502 5153 1750 5207 statione.
1793 5154 1968 5219 Quare
1995 5146 2113 5223 qui

508 5256 637 5297 vere
675 5248 801 5296 sunt
843 5242 1009 5307 recti,
1041 5242 1074 5296 ii
1102 5251 1242 5297 stant
1271 5264 1284 5299 :
1310 5244 1398 5313 qui
1426 5254 1603 5299 autem
1636 5261 1740 5300 non
1776 5257 1950 5307 stant.
1980 5263 2085 5302 non

510 5333 705 5387 fuerint
735 5332 904 5396 recti,
952 5332 1046 5388 sed
1098 5332 1340 5389 dissoluti
1382 5344 1437 5389 et
1484 5335 1661 5391 eliâ€˜usi.
1711 5335 1825 5390 Non
1866 5345 1972 5391 stat
1997 5340 2087 5407 qtti

509 5422 653 5493 degit
681 5422 733 5477 in
763 5422 967 5476 deliciis
989 5462 1004 5483 ,
1044 5422 1135 5476 sed
1167 5422 1438 5489 declinat;
1470 5424 1594 5479 item
1624 5426 1856 5480 lascivus
1878 5469 1893 5491 ,
1921 5442 2084 5497 pecu-

509 5514 612 5568 nite
656 5512 901 5583 cupidus.
957 5513 1055 5582 Qui
1103 5515 1204 5569 scit
1253 5524 1431 5580 stare,
1482 5531 1549 5571 ex
1592 5516 1779 5571 eadem
1819 5520 2085 5586 statione,

511 5616 778 5676 tamquam
822 5622 889 5661 ex
934 5606 1163 5676 quodam
1202 5608 1585 5676 fundamento,
1634 5625 1979 5686 quaecumque
2018 5613 2087 5668 ad

511 5696 706 5750 luctam
751 5697 1022 5767 pertinent
1070 5698 1284 5753 habebit
1330 5699 1503 5752 facilia
1549 5709 1603 5754 et
1643 5700 1909 5769 expedita.
1941 5701 2087 5757 State

508 5805 651 5859 ergo,
683 5788 880 5859 inquit,
911 5790 1151 5843 succincti
1179 5789 1370 5843 tantbos
1407 5804 1593 5845 vestras
1631 5792 1682 5846 in
1717 5793 1937 5849 ueritate.
1971 5793 2084 5850 Non

507 5880 638 5936 dicit
661 5879 729 5936 de
763 5896 895 5937 zona
924 5881 1110 5938 sensili
1142 5900 1159 5940 :
1189 5897 1310 5937 nam
1337 5883 1515 5938 omnia
1555 5900 1673 5954 qua:
1716 5886 1803 5943 hic
1828 5896 1983 5957 sunt,
2014 5890 2081 5943 ita

2174 2488 2305 2544 dicit
2333 2496 2393 2543 ut
2430 2488 2623 2545 cadant
2657 2491 2758 2546 sub
2787 2491 3210 2563 intelligentiam.
3260 2495 3396 2551 Vide
3422 2507 3597 2552 autem
3622 2512 3737 2568 quo-

2174 2580 2335 2636 modo
2385 2583 2656 2651 procedat.
2722 2583 2960 2640 Primum
3009 2590 3275 2659 succingit
3321 2590 3571 2646 militem.
3616 2590 3737 2659 Quid

2175 2673 2279 2729 hoc
2323 2682 2406 2730 est
2450 2676 2671 2731 autem?
2697 2677 2830 2733 Eum
2868 2679 2958 2748 qui
3003 2680 3320 2739 libidinibus
3359 2684 3557 2740 diffluit
3588 2695 3639 2739 et
3671 2696 3739 2738 est

2175 2763 2499 2831 dissolutus,
2560 2776 2616 2821 et
2655 2766 2803 2823 humi
2847 2782 3100 2841 repentes
3163 2773 3328 2830 habet
3369 2776 3735 2846 cogitationes,

2177 2868 2275 2924 per
2312 2871 2500 2911 zonam
2541 2858 2820 2927 reprimit,
2876 2876 2983 2915 non
3045 2862 3230 2919 sinens
3273 2880 3402 2925 eum
3450 2866 3675 2936 impediri
3711 2880 3737 2918 a

2176 2946 2413 3001 vestibus
2458 2963 2577 3017 quae
2622 2949 2767 3005 tibiis
2806 2951 3176 3021 implicantur,
3229 2957 3329 3012 sed
3371 2957 3643 3013 dimittens
3684 2966 3731 3008 ut

2176 3050 2356 3094 currat
2384 3040 2607 3111 pedibus
2635 3042 2851 3098 solutis.
2899 3044 3047 3099 State
3084 3062 3233 3117 ergo,
3278 3049 3527 3103 succincti
3568 3047 3737 3103 lumbos

2176 3140 2381 3187 uestros.
2423 3131 2659 3187 Lumbos
2686 3142 2864 3189 autem
2899 3134 2987 3191 hic
3010 3135 3139 3192 dicit
3171 3155 3185 3193 :
3218 3154 3348 3195 nam
3375 3141 3510 3196 sicut
3532 3141 3583 3194 in
3608 3140 3739 3193 navi-

2175 3221 2276 3276 bus
2320 3224 2540 3290 carina,
2601 3224 2673 3278 ita
2724 3226 2887 3279 etiam
2934 3227 2987 3281 in
3036 3228 3191 3283 nobis
3239 3231 3547 3301 subjectum
3598 3230 3738 3284 totius

2177 3314 2419 3381 corporis
2444 3314 2610 3370 lumbi
2636 3325 2762 3371 sunt
2791 3333 2805 3370 :
2834 3317 2975 3372 sicut
2999 3319 3145 3374 enim
3174 3319 3584 3377 fundamentum
3611 3330 3735 3384 sunt,

2179 3414 2235 3461 et
2274 3420 2435 3475 super
2462 3407 2605 3476 ipsos
2648 3417 2816 3464 totum
2860 3408 3191 3475 tedificatur,
3242 3423 3301 3466 ut
3336 3413 3520 3467 dicunt
3548 3412 3733 3467 medici.

2179 3497 2427 3554 Nostram
2455 3514 2583 3570 ergo
2609 3502 2933 3573 constringit
2959 3503 3191 3557 animam
3214 3545 3230 3569 ,
3266 3506 3479 3560 lumbos
3506 3506 3739 3573 cingens:

2182 3604 2290 3644 non
2332 3590 2478 3645 enim
2519 3590 2618 3646 hos
2666 3592 2796 3646 dicit
2845 3594 3088 3657 lumbos,
3136 3596 3233 3649 sed
3266 3597 3340 3649 ita
3388 3597 3615 3666 loquitur
3636 3603 3687 3647 ut
3710 3592 3738 3645 ii

2181 3682 2375 3736 cadant
2403 3683 2504 3738 sub
2540 3682 2968 3754 intelligentiam.
3003 3684 3072 3740 Et
3116 3687 3256 3740 sicut
3283 3703 3470 3743 eorum
3494 3702 3608 3757 qua:
3633 3692 3740 3738 sunt

2184 3790 2344 3846 supra
2376 3785 2432 3831 et
2472 3775 2609 3831 infra
2651 3777 2816 3832 lumbi
2860 3787 2985 3833 sunt
3013 3778 3422 3836 fundamentum
3453 3798 3466 3834 :
3496 3781 3563 3834 ita
3600 3777 3739 3833 etiam

2186 3868 2237 3921 in
2284 3867 2477 3922 lumbis
2527 3868 2910 3936 Spiritualibus.
2971 3870 3069 3937 Qui
3113 3886 3242 3940 ergo
3288 3870 3555 3942 defatigati
3598 3874 3738 3932 sunt,

2186 3960 2292 4014 illic
2320 3974 2463 4029 stupe
2491 3960 2641 4028 quasi
2684 3964 2735 4013 in
2766 3960 3112 4016 fundamento
3151 3978 3344 4019 manus
3374 3965 3669 4032 imponunt,
3693 3966 3741 4012 ut

2186 4066 2246 4106 se
2274 4052 2616 4107 sustineant:
2649 4062 2703 4107 et
2748 4069 2882 4107 zona
2934 4054 3055 4110 ideo
3099 4056 3151 4110 in
3196 4056 3357 4112 bellis
3401 4056 3671 4111 adhibetur
3691 4060 3740 4105 ut

2188 4143 2589 4197 fundamentum
2643 4154 2884 4200 nostrum
2929 4149 3204 4203 contineat
3250 4160 3309 4205 et
3351 4150 3590 4219 stringat.
3634 4144 3739 4199 Ideo

2188 4243 2473 4290 currentes
2520 4235 2783 4306 cingimur
2814 4254 2827 4291 :
2858 4254 2990 4292 zona
3036 4238 3202 4293 robur
3251 4252 3492 4297 nostrum
3545 4238 3596 4294 in
3640 4245 3738 4291 tuto

2190 4325 2359 4394 ponit.
2406 4324 2519 4380 Hoc
2559 4341 2723 4395 ergo,
2776 4328 2978 4396 inquit,
3026 4329 3117 4382 fiat
3161 4330 3323 4385 etiam
3374 4333 3428 4386 in
3470 4330 3739 4390 anima,et

2190 4416 2399 4487 quidvis
2437 4416 2691 4473 facientes
2732 4419 2933 4474 erimus
2974 4418 3141 4476 fortes
3178 4436 3241 4476 ac
3286 4424 3445 4479 validi
3475 4441 3490 4479 :
3518 4421 3569 4477 id
3611 4419 3736 4475 enim

2193 4509 2423 4563 maxime
2447 4508 2605 4565 decet
2632 4510 2850 4566 milites.
2878 4511 3050 4566 Etiam
3071 4554 3087 4579 ,
3120 4514 3329 4584 inquies
3346 4558 3363 4582 ,
3386 4514 3480 4571 sed
3507 4518 3598 4569 hos
3622 4512 3740 4565 lum-

2193 4597 2292 4655 bos
2332 4599 2599 4669 cingimus
2644 4600 2761 4657 loro
2808 4603 3053 4658 coriaceo
3081 4622 3096 4669 ;
3125 4619 3221 4660 nos
3267 4617 3446 4661 autem
3491 4600 3737 4676 quonam?

2192 4686 2287 4741 Illo
2305 4728 2323 4753 ,
2356 4688 2498 4759 quod
2528 4698 2612 4744 est
2639 4700 2799 4760 caput
2825 4702 2880 4746 et
2900 4708 3106 4749 summa
3134 4696 3545 4766 cogitationum,
3567 4705 3739 4761 nempe

2190 4782 2413 4837 veritate
2445 4801 2459 4838 :
2490 4782 2751 4837 Succincti
2767 4826 2782 4850 ,
2808 4784 3012 4856 inquit,
3038 4787 3233 4843 lumbos
3252 4801 3450 4845 nostros
3468 4790 3520 4843 in
3539 4786 3736 4841 veritate.

2191 4872 2334 4945 Ergo
2359 4875 2561 4929 nullum
2594 4876 2879 4946 diligamus
2907 4879 3241 4936 mendacium
3273 4900 3290 4936 :
3322 4898 3411 4939 res
3437 4895 3614 4937 omnes
3642 4888 3739 4931 tra-

2191 4976 2399 5021 ctemus
2427 4969 2478 5021 in
2512 4970 2733 5023 veritate
2767 4986 2781 5024 :
2812 4970 2953 5025 alter
2991 4972 3143 5027 alteri
3175 4989 3278 5028 non
3315 4976 3623 5029 mentiamur
3649 4986 3663 5021 :
3691 4974 3737 5021 ei

2192 5058 2237 5112 si
2264 5058 2333 5113 sit
2360 5060 2526 5129 gloria
2554 5100 2569 5124 ,
2601 5060 2743 5129 quod
2774 5077 2959 5115 verum
2991 5072 3074 5117 est
3108 5080 3441 5132 quaaramus;
3470 5063 3585 5120 etsi
3612 5060 3735 5119 vita.

2191 5167 2394 5207 veram.
2424 5154 2478 5208 Si
2509 5153 2611 5208 hoc
2654 5170 2782 5223 ergo
2811 5170 2910 5209 nos
2936 5156 3395 5214 circumvallemus
3416 5201 3432 5224 ,
3470 5160 3512 5212 si
3539 5154 3737 5210 veritate

2192 5245 2560 5315 accingamur,
2611 5247 2788 5301 nullus
2827 5262 2925 5301 nos
2986 5250 3279 5318 superabit.
3318 5252 3415 5318 Qui
3446 5249 3623 5320 qua'rit
3648 5244 3738 5297 doÂ«

2190 5352 2311 5407 gtua
2329 5338 2585 5403 veritatis,
2618 5354 2721 5404 non
2759 5340 2970 5395 decidet
2996 5342 3047 5395 in
3078 5353 3295 5397 terram.
3322 5343 3449 5397 Nam
3476 5339 3605 5411 quod
3632 5348 3736 5405 qmâ€œ

2189 5442 2315 5481 vera
2346 5443 2449 5482 non
2475 5438 2630 5492 sunt,
2679 5431 2785 5484 sint
2811 5447 2876 5485 ex
2918 5441 3056 5487 terra
3082 5474 3096 5495 ,
3128 5434 3251 5487 inde
3281 5436 3448 5504 palam
3476 5442 3586 5493 est.
3611 5421 3737 5496 ÏˆÎ¹Î¿á½·á½·

2189 5521 2396 5575 externi
2434 5536 2622 5576 omnes
2648 5524 2881 5578 serviant
2908 5524 3050 5580 vitiis
3071 5534 3125 5579 et
3150 5525 3425 5581 affectibus
3443 5565 3457 5591 ,
3488 5523 3604 5576 dum
3624 5527 3735 5571 suas

2190 5620 2487 5681 sequuntur
2507 5613 2882 5683 cogitationes.
2909 5616 3265 5683 Quamobrem
3293 5616 3339 5671 si
3364 5614 3537 5685 vigiles
3563 5611 3731 5665 simus.

2191 5706 2242 5761 in
2265 5705 2571 5767 Graecorum
2594 5707 2742 5763 libris
2761 5716 2815 5763 et
2840 5710 3052 5779 scriptis
3073 5710 3315 5766 doctrina
3337 5725 3437 5765 non
3463 5702 3730 5775 egebimus.

2191 5799 2374 5855 Videnâ€™
2420 5816 2579 5872 quam
2606 5811 2733 5857 sunt
2771 5802 2843 5856 illi
2874 5802 3064 5857 molles
3104 5810 3159 5858 et
3197 5802 3461 5867 enervati,
3492 5805 3546 5852 Î¹Î¹Î¹
3568 5791 3648 5865 qui
3671 5786 3732 5841 dÂ°

2189 5891 2301 5947 Deo
2323 5891 2454 5950 nihil
2486 5894 2692 5964 possint
2717 5908 2879 5963 grave
2905 5902 2958 5949 et
2983 5902 3255 5950 austerum
3284 5892 3577 5965 suspicere.
3602 5872 3729 5952 (Î™Ï…Î¿Î¹Î¹
