3878 6502
175 399 286 457 165

176 513 550 588 κληρονόμους
590 510 842 581 γενέσθαι
881 508 983 579 τῆς
1021 506 1295 578 βασιλείας
1338 504 1447 558 τῶν
1486 505 1750 577 οὐρανῶν.

179 602 348 666 Είτις
380 600 575 672 ἐχθρὸν
598 598 735 670 ἔχει,
766 598 821 651 ετ
846 614 934 660 τις
972 596 1065 648 ὑπ’
1093 593 1258 648 αὐτοῦ
1292 592 1565 663 ἠδίκηται,
1594 592 1647 645 εί
1669 608 1754 657 τις

175 688 472 761 ἀγριαίνει,
500 686 677 743 πάντα
705 684 795 738 τὸν
815 681 987 753 θυμὸν
1013 683 1243 745 ἐκεῖνον,
1272 680 1453 732 πᾶσαν
1479 678 1576 749 τὴν
1604 677 1756 749 χαλε-

175 778 390 847 πότητα
423 772 751 841 συναγαγὼν
790 768 1028 825 κενούτω
1057 766 1201 821 κατά
1235 767 1332 838 τῆς
1370 764 1465 819 τοῦ
1505 764 1752 819 διαϐόλου

177 864 445 935 κεφαλῆς.
474 860 741 917 Ἐνταῦθα
781 862 811 914 6
839 859 1008 929 θυμὸς
1050 857 1237 920 καλὸν,
1273 853 1504 910 ἐνταῦθα
1542 856 1576 925 ἠ
1610 853 1754 926 ’ὀργὴ

174 954 472 1024 Χρήσιμον,
495 948 729 1004 ἐνταῦθα
767 949 802 1019 ἡ
842 945 1176 1019 μνησικακία
1205 942 1508 998 ἐπαινετόν.
1542 942 1755 1013 Ὠσπερ
1786 976 1790 979 Α

176 1042 289 1111 γὰρ
321 1038 551 1092 ἐπὶτῶν
568 1036 766 1102 ἔξωθεν
789 1034 949 1088 τοῦτο
980 1033 1042 1087 τὸ
1070 1032 1430 1104 μνησικακεῖν
1456 1028 1644 1094 κακὸν,
1671 1028 1757 1081 οῦ·

172 1145 288 1191 τως
311 1126 551 1183 ἐνταῦθα
578 1125 641 1178 τδ
675 1123 1033 1195 μνησικακεῖν
1070 1118 1297 1189 ἀγαθόν.
1334 1118 1497 1171 Ὥστε
1528 1117 1578 1169 εἰ
1603 1116 1757 1170 έλατο

166 1215 408 1285 τώματα
445 1212 609 1283 ἔχεις,
642 1210 877 1263 ἐνταῦθα
912 1206 1054 1262 αύτά
1091 1204 1473 1271 ἀποσκεύαζε·
1502 1204 1551 1257 εἰ
1582 1202 1640 1256 δὲ
1677 1203 1754 1273 μὴ

164 1303 402 1355 δύνασαι
423 1300 589 1363 αὐτὸς
616 1296 939 1360 ἀποθέσθαι,
979 1294 1084 1349 κᾶν
1116 1293 1256 1364 μετά
1287 1292 1394 1346 τῶν
1438 1290 1619 1362 μελῶν
1646 1291 1754 1344 τῶν

174 1390 308 1444 σῶν.
340 1385 584 1459 Ἐπληξέ
631 1386 691 1439 σέ
732 1401 851 1451 τις;
886 1383 1312 1453 Μνησικάκησον
1370 1378 1448 1449 τῷ
1484 1376 1751 1448 διαϐόλῳ,

168 1481 271 1533 καὶ
298 1477 569 1548 μηδέποτε
592 1471 905 1545 καταλύσῃς
932 1470 1033 1539 τὴν
1053 1468 1253 1539 ἔχθραν
1277 1466 1376 1537 τὴν
1404 1464 1540 1536 πρὸς
1567 1463 1750 1519 αὐτόν.

184 1567 331 1621 Ἀλλ’
350 1566 450 1620 οὐκ
476 1562 711 1634 Saluis;
742 1560 853 1615 Καὶ
881 1557 1026 1613 οὕτω
1055 1554 1407 1629 μνησικάκει,
1435 1554 1517 1607 ὃτι
1542 1551 1635 1605 τὸν
1665 1554 1755 1607 Δι-

173 1654 389 1724 σπότην
417 1650 607 1722 ὕϐρισε
643 1648 734 1701 τὸν
777 1645 890 1710 σὺν,
928 1645 1010 1698 ὅτι
1041 1642 1467 1715 προσέκρουσεν,
1512 1639 1597 1693 ὅτι
1625 1639 1754 1701 τοὺς

166 1740 442 1810 ἀδελφοὺς
471 1736 789 1807 λυμαίνεται
832 1732 925 1787 καὶ
960 1730 1214 1801 πολεμεῖ.
1258 1728 1370 1781 Ἀεὶ
1395 1726 1587 1798 ἐχθρὸς
1636 1724 1750 1789 ἔσο,

166 1830 273 1884 ἀεὶ
295 1826 505 1900 πικρὸς,
536 1824 624 1879 ἀεὶ
656 1821 957 1892 ἀνήμεροςο
988 1816 1131 1872 οὓτω
1155 1815 1408 1879 ταπεινὸς
1426 1814 1579 1867 ἔσται
1608 1813 1751 1866 έκεῖ-

1051 389 1117 445 ΙΝ
1143 387 1363 447 EPIST.
1400 386 1491 442 AD
1535 385 1779 445 EPHES.
1810 387 1963 445 CAP.
2001 389 2090 447 Vl.
2122 390 2355 449 HOMIL.
2394 389 2587 448 XXIII;

3317 393 3419 451 164

1854 525 1965 573 νος,
1993 507 2167 572 οὕτως
2207 507 2697 578 εὐκαταφρόνητος,
2739 502 2913 577 οὕτως
2949 502 3289 577 εὐχείρωτος.
3321 494 3435 561 Ἂν

1851 597 2015 666 ἡμεῖς
2063 594 2438 667 ἀγριαίνωμεν
2477 593 2611 664 πρὸς
2648 591 2832 658 αὐτὸν,
2879 594 3083 656 ἐκεῖνος
3123 593 3223 646 οὐκ
3268 593 3419 648 ἔσται

1852 685 1985 755 ἡμῖν
2015 682 2234 753 ἄγριος’
2275 681 2342 735 ἂν
2372 683 2532 752 ἡμεῖς
2570 677 2720 751 ὦμεν
2748 681 3032 745 ἐπιεικεῖς,
3059 680 3180 734 τότε
3211 682 3419 744 ἐκεῖνος

1852 772 2043 843 ἄγριος
2072 770 2221 824 ἔσται
2240 787 2255 802 ο
2293 770 2390 841 οὐχ
2423 769 2500 833 ὡς
2536 770 2631 822 ἐπὶ
2662 768 2770 821 τῶν
2794 768 3038 838 ἀδελφῶν
3068 768 3175 823 τῶν
3216 768 3413 840 ἡμετέ-

1857 876 1984 930 ρων.
2016 856 2164 930 [174]
2207 856 2429 928 Ἐχθρός
2457 859 2572 910 ἐστι
2612 855 2706 908 καὶ
2735 856 2993 927 πολέμιος
3019 856 3112 909 καὶ
3140 855 3239 927 τῆς
3276 856 3421 926 ζωῆς

1854 947 1947 1000 καὶ
1985 946 2082 1016 τῆς
2112 944 2385 1016 σωτηρίας
2435 944 2533 1015 τῆς
2564 941 2841 1015 ⁴ἡμετέρας
2881 945 2976 998 καὶ
3005 944 3105 1013 τῆς
3137 944 3323 999 αὐτοῦ.
3356 941 3420 997 Εἰ

1853 1033 2046 1089 ἑαυτὸν
2068 1032 2129 1086 ού
2157 1032 2320 1103 φιλεῖ,
2348 1029 2467 1095 πῶς
2501 1031 2647 1101 ἡμᾶς
2675 1030 2900 1101 φιλῆσαι
2943 1030 3265 1100 δυνήσεται;
3307 1031 3421 1084 Πα-

1857 1119 2250 1193 ραταττώμεθα
2287 1117 2463 1173 τοίνυν
2494 1118 2587 1171 καὶ
2635 1116 2921 1188 βάλλωμεν
2966 1117 3149 1183 αὑτὸν,
3207 1118 3421 1189 ἔχοντες

1855 1209 2141 1280 σύμμαχον
2196 1206 2366 1279 μέγαν
2410 1206 2501 1260 τὸν
2553 1205 2758 1274 Κύριον
2816 1205 3021 1276 Ἰησοῦν
3070 1206 3325 1277 Χριστὸν,
3360 1204 3423 1268 6;

1853 1298 2141 1369 δυνήσεται
2164 1296 2259 1351 καὶ
2280 1295 2429 1365 ἡμᾶς
2450 1292 2782 1365 ἀχειρώτους
2809 1294 3033 1361 ποιῆσαι
3062 1295 3185 1357 ταῖς
3212 1292 3422 1347 ἐκείνου

1854 1386 2080 1454 πάγαις,
2110 1383 2335 1438 καὶτῶν
2364 1380 2666 1452 μελλόντων
2686 1379 2915 1447 ἀξιῶσαι
2940 1379 3163 1448 ἀγαθῶν
3182 1396 3195 1409 ·
3227 1373 3302 1433 ὧν
3328 1379 3421 1449 γέ-

1852 1491 1996 1527 νοιτο
2026 1472 2235 1535 πάντας
2269 1472 2417 1542 ἡμᾶς
2442 1471 2735 1539 ἐπιτυχεῖν,
2778 1468 2961 1540 χάριτι
2987 1468 3087 1522 καὶ
3115 1466 3422 1539 φιλανθρω-

1854 1560 1955 1633 πίᾳ
1997 1559 2091 1614 τοῦ
2131 1558 2338 1630 Κυρίου
2372 1555 2530 1627 ἡμῶν
2592 1554 2765 1625 Ἰησοῦ
2815 1553 3073 1627 Χριστοῦ,
3108 1554 3227 1625 μεθ’
3253 1550 3316 1609 οῦ
3343 1554 3423 1626 τῷ

1855 1648 2036 1719 nam
2062 1648 2181 1718 ἅμα
2207 1646 2285 1717 τῷ
2312 1645 2453 1716 ἁγίῳ
2490 1642 2767 1713 Πνεύματι
2802 1642 2952 1709 δόξα,
2997 1642 3217 1713 κράτος,
3262 1643 3421 1714 τιμὴ,

1839 1736 1950 1791 ίνῦν
1974 1734 2068 1789 καὶ
2104 1734 2213 1800 ἀεὶ,
2238 1732 2332 1787 καὶ¹
2352 1734 2433 1795 εἰς
2456 1732 2581 1795 τοὺς
2601 1730 2804 1794 αἰῶνας
2820 1730 2930 1785 τῶν
2955 1728 3186 1786 αἰώνων.
3222 1731 3416 1801 Ἀμήν.

184 2015 3339 2059 _____________________.__._——————___..._.—_.._

1637 2229 1883 2289 ΟΜΙΛΙΔ
1922 2230 2047 2284 Kl".

160 2408 365 2479 Στῆτε
401 2403 516 2464 οὖν
560 2402 1039 2527 περιζωσιέιᾶενὸιι
1058 2400 1174 2470 τὴν
1224 2396 1427 2468 ὀσφὺν
1470 2392 1639 2465 ὑμῶν
1682 2392 1753 2447 ἐν

909 2490 944 2527 η
985 2489 1015 2525 ε
1040 2489 1098 2527 α.

909 2489 1098 2541 ησειᾳ.

249 2591 327 2637 α’.
359 2581 635 2645 Συντάξας
668 2579 731 2631 τὸ
765 2576 1124 2647 στρατόπεδον
1147 2572 1326 2638 τοῦτο,
1359 2570 1453 2625 καὶ
1477 2568 1751 2639 διεγείρας

168 2671 362 2730 αὐτῶν
396 2672 495 2741 τὴν
524 2666 833 2741 προθυμίαν
864 2664 1207 2737 (ἀμφοτέρων
1231 2660 1340 2733 γάρ
1374 2659 1503 2721 ἔδει,
1530 2657 1626 2712 καὶ
1657 2653 1753 2709 τοῦ

168 2757 646 2828 συντεταγμένους
680 2750 841 2818 εἶναι,
877 2752 971 2805 καὶ
1007 2750 1101 2805 τοῦ
1124 2749 1293 2819 θυμὸν
1318 2745 1496 2801 αὐτῶν
1538 2746 1752 2814 διεγερ-

160 2847 384 2918 θῆναι),
440 2846 537 2899 καὶ
592 2839 1017 2912 παραθαρσύνας
1080 2837 1279 2899 αὐτοὺς
1333 2834 1451 2908 (καὶ
1497 2832 1607 2903 γάρ
1660 2830 1754 2918 καὶ

166 2934 371 2988 τούτου
401 2932 553 3001 ἔδει),
603 2929 787 2983 λοιπὸν
832 2926 1030 2989 αὐτοὺς
1072 2925 1167 2978 καὶ
1199 2920 1538 2986 καθοπλίζει.
1587 2917 1754 2971 Οὐδὲν

162 3022 287 3093 γάρ
318 3020 431 3075 τῶν
460 3018 641 3073 ὃπλων
669 3015 881 3086 δφελος,
912 3012 1138 3069 ἐκείνων
1177 3010 1439 3083 πρότερον
1471 3006 1546 3079 μὴ
1577 3005 1753 3093 διατεῖ

157 3091 488 3180 ταγμένων,
540 3104 675 3178 μηδὲ
726 3102 821 3158 τοῦ
864 3100 1039 3173 θυμοῦ
1095 3097 1467 3169 διεγερθέντος
1509 3094 1611 3165 τῆς
1653 3091 1752 3180 τοῦ

158 3179 516 3270 στρατιώτου
550 3194 746 3264 ψυχῆς.
778 3191 870 3243 Δεῖ
912 3189 1021 3261 γάρ
1058 3187 1323 3258 πρότερον
1350 3179 1752 3270 αύτὸνένδοθεν

158 3268 440 3351 ὁπλίζειν,
485 3281 735 3337 καὶδτότε
770 3276 987 3345 ἔξωθεν.
1022 3275 1084 3327 Εἰ
1115 3274 1173 3326 δὲ
1209 3272 1302 3324 ἐπὶ
1338 3270 1449 3323 τῶν
1476 3268 1751 3339 αἰσθητῶν

156 3375 356 3441 τοῦτο,
386 3372 568 3443 πολλῷ
617 3369 819 3442 μᾶλλον
849 3366 942 3419 ἐπὶ
970 3364 1079 3417 τῶν
1112 3362 1317 3433 νοητῶν
1344 3358 1708 3431 ’στρατιωτῶν
1731 3374 1746 3390 ’

160 3464 381 3536 μᾶλλον
404 3461 460 3514 δὲ
488 3460 581 3513 ἐπὶ
612 3456 817 3510 τούτων
852 3452 973 3507 οὐδὲ
1002 3452 1147 3505 ἐστιν
1176 3448 1374 3517 ἔξωθεν
1403 3446 1747 3511 ὁπλίσασθαι,

158 3534 311 3607 ἀλλά
338 3551 523 3604 πάντα
555 3544 786 3600 ἔνδοθεν.
837 3542 1090 3613 Διήγειρε
1142 3538 1235 3591 τὸν
1289 3537 1460 3608 θυμὸν
1508 3536 1601 3588 καὶ
1658 3534 1751 3587 ἀν-

159 3642 410 3701 έκαυσε,
443 3633 751 3707 προσέθηκε
776 3630 834 3684 τὸ
860 3629 1079 3699 θάρσος,
1106 3625 1331 3695 ἔστησεν
1364 3622 1561 3684 αὐτοὺς
1594 3620 1751 3675 £616-

161 3742 358 3790 κτως·
387 3722 573 3778 λοιπὸν
609 3718 946 3781 καθοπλίζει.
996 3713 1137 3767 Ἀλλ’
1166 3713 1267 3783 69a
1315 3710 1432 3773 πῶς
1469 3710 1562 3762 καὶ
1601 3724 1755 3778 περι-

159 3816 357 3883 τίθησι
392 3812 463 3864 τά
490 3808 652 3862 ὅπλα.
695 3803 882 3872 Στῆτε
908 3796 1041 3864 οὖν,
1086 3799 1242 3871 φησί.
1275 3797 1498 3869 Πρῶτον
1528 3795 1636 3849 τῶν
1655 3812 1753 3847 τα-

162 3903 385 3956 κτικῶν
414 3895 571 3961 εἶδος.
606 3896 667 3949 τὸ
698 3894 897 3947 εἰδέναι
937 3889 1160 3944 ἑστάναι
1206 3886 1406 3949 καλῶς,
1456 3885 1553 3938 καὶ
1582 3884 1753 3938 πολλά

138 3978 327 4061 ’παρὰ
359 3987 523 4040 τοῦτο
564 3984 771 4053 γένοιτο
818 3980 903 4033 ἄν.
957 3976 1055 4030 Διά
1095 3974 1253 4028 τοῦτο
1284 3973 1454 4026 πολλὰ
1503 3973 1629 4043 περί
1658 3972 1750 4026 τοῦ

166 4060 369 4147 στῆναι
404 4074 734 4134 διαλέγεται,
771 4068 863 4121 καὶ
887 4064 1113 4137 έτέρωθι
1137 4063 1330 4131 λέγων·
1366 4060 1573 4129 Στῆτε,
1608 4077 1751 4129 γρη-

161 4146 441 4236 γορεῖτε·
483 4161 576 4214 καὶ
608 4157 790 4217 πάλιν,
818 4154 982 4207 Οὕτω
1014 4150 1268 4217 στήκετε
1301 4148 1371 4202 ἐν
1395 4149 1588 4217 Κυρίῳ
1610 4163 1624 4175 ·
1655 4146 1751 4201 καὶ

168 4255 366 4317 πάλιν,
408 4253 471 4304 Ὀ
495 4246 689 4302 δοκῶν⁹
714 4243 981 4307 ἑστάναι,
1008 4239 1285 4305 βλεπέτω
1308 4237 1394 4307 μὴ
1427 4237 1586 4306 πέσῃ
1604 4253 1617 4268 ο
1651 4236 1750 4291 καὶ

167 4341 383 4403 πάλιν,
450 4338 576 4392 Ἵνα
634 4329 936 4399 δυνηθῆτε
987 4328 1185 4383 πάντα
1246 4324 1754 4395 κατεργασάμενοι

168 4425 424 4493 στῆναι.
464 4424 579 4477 Οὐκ
612 4421 721 4493 ἄρα
776 4417 962 4480 ἁπλῶς
1001 4432 1124 4469 τινα
1174 4414 1362 4467 στάσιν
1408 4415 1595 4483 φησὶν,
1630 4410 1749 4465 ἀλλ’

173 4515 477 4570 εῦτακτον’
504 4512 598 4566 καὶ
629 4512 745 4564 ὅσοι
785 4506 1038 4577 πολέμων
1080 4503 1217 4557 εἰσὶν
1261 4502 1537 4574 ἔμπειροι,
1570 4501 1750 4556 ῐσασιν

166 4606 311 4658 ὅσον
342 4600 461 4654 ἐστί
487 4598 546 4653 τὸ
577 4596 779 4651 εἰδέναι
824 4593 1067 4646 ἑστάναι.
1119 4591 1180 4643 Εἰ
1221 4589 1331 4660 γάρ
1367 4588 1461 4643 ἐπὶ
1495 4588 1605 4643 τῶν
1633 4606 1777 4643 πυ-⁸

169 4691 495 4745 κτευόντων
544 4684 640 4738 καὶ
671 4679 1010 4734 παλαιόντων
1039 4676 1198 4730 τοῦτο
1240 4676 1347 4748 πρὸ
1375 4676 1484 4729 τῶν
1515 4676 1689 4730 ἀλλων
1720 4676 1749 4729 6

160 4773 544 4844 παιδοτρίϐης
566 4769 878 4841 παρεγγυᾷ,
904 4766 965 4818 τὸ
988 4764 1233 4829 έστάναι,
1262 4762 1441 4833 πολλῷ
1471 4764 1670 4833 μᾶλλον
1690 4766 1749 4818 έν

152 4868 286 4929 τοῖς
315 4862 576 4931 πολέμοις
602 4860 698 4913 καὶ
725 4860 837 4919 τοῖς
865 4856 1270 4926 στρατιωτικοῖς
1302 4852 1641 4924 πράγμασιν.
1687 4855 1745 4909 '0

152 4953 347 5016 ἑστὼς
376 4950 559 5022 ὀρθὸς,
591 4948 821 5017 ἕστηκεν
851 4944 909 4996 ού
956 4940 1359 5012 διακεχυμένος,
1399 4942 1498 4995 οὐκ
1532 4944 1745 4996 ἐπικλι-

148 5042 400 5112 νόμενός
438 5053 582 5091 τινι·
619 5037 652 5106 ἡ
682 5031 914 5104 ἀκριϐὴς
950 5030 1179 5098 ὀρθότης
1209 5029 1266 5081 ὲν
1301 5032 1365 5099 τῇ
1398 5030 1583 5083 στάσει
1624 5030 1745 5099 φαί-

146 5146 347 5183 νεται.
382 5126 551 5178 Ὥστε
586 5123 636 5176 οἰ
663 5122 830 5183 ὅντως
871 5116 1041 5188 ὀρθοὶ,
1077 5112 1223 5169 οῦτοι
1259 5116 1583 5188 ἑστήκασιν·
1614 5119 1663 5170 οἱ
1689 5118 1747 5171 δὲ

151 5217 242 5287 μὴ
281 5214 545 5277 ἑστῶτες,
589 5211 690 5263 οὐκ
732 5208 798 5261 ἂν
833 5200 1147 5274 εἰενόρθοί,
1192 5202 1325 5256 ἀλλά
1372 5204 1741 5276 διαλελυμένοι

142 5306 261 5359 καὶ
305 5300 712 5371 διακεχυμένοι.
778 5296 835 5349 '0
893 5294 1114 5366 τρυφῶν
1157 5292 1255 5363 οὐχ
1288 5291 1517 5363 ἕστηκεν
1567 5296 1743 5365 ὀρθὸς,

140 5392 309 5447 ἀλλά
329 5388 606 5452 κέκλιται,
632 5387 660 5438 6
684 5384 902 5452 λάγνος,
930 5383 957 5433 6
985 5380 1411 5450 φιλοχρήματος.
1443 5380 1502 5432 '0
1525 5382 1744 5438 ἑστάναι

138 5479 347 5542 εἰδὼς,
410 5478 505 5530 ἀπ’
555 5477 723 5545 αύτῆς
752 5476 850 5541 τῆς
889 5469 1150 5532 στάσεως,
1201 5466 1388 5539 ὥσπερ
1441 5470 1547 5521 ἀπό
1603 5489 1747 5535 τινος

140 5567 430 5640 θεμελίου
462 5565 642 5618 πάντα
678 5560 892 5631 εὐμαρῆ
932 5558 1043 5622 ἕξει
1082 5556 1151 5609 τὰ
1184 5555 1282 5624 τῆς
1325 5556 1523 5625 πάλης.
1561 5557 1747 5626 Στῆτε

138 5658 302 5720 οὖν,
359 5653 519 5723 φησί,
570 5647 1026 5719 περιζωσάμενοι
1072 5644 1186 5711 τὴν
1231 5643 1432 5711 ὀσφὺν
1472 5642 1640 5713 ὑμῶν
1674 5648 1745 5701 ἐν

139 5745 449 5812 ἀληθείᾳ.
493 5741 567 5795 Ού
600 5741 726 5810 περί
752 5735 1015 5808 αἰσθητῆς
1038 5731 1213 5803 ζώνης
1241 5731 1406 5803 φησί·
1434 5732 1607 5786 πάντα
1636 5736 1744 5807 γὰρ

141 5834 219 5886 τὰ
258 5833 329 5884 ὲν
354 5828 440 5901 τῷ
473 5828 660 5899 χωρίῳ
696 5826 869 5895 τούτῳ
903 5821 1108 5894 νοητῶς
1140 5819 1310 5887 λέγει.
1342 5818 1451 5873 Καὶ
1493 5821 1599 5892 ὅρα
1626 5824 1744 5888 πῶς

1854 2389 1960 2461 όδῷ
2000 2388 2152 2462 [175]
2191 2389 2491 2460 προϐαίνει.
2524 2389 2748 2462 Πρῶτον
2780 2387 3117 2453 ἀναζώννυσι
3137 2390 3227 2445 τὸν
3257 2407 3421 2463 στρα-

1853 2476 2074 2549 τιώτην.
2103 2477 2168 2530 Τί
2202 2478 2267 2551 δὴ
2299 2478 2458 2533 τοῦτό
2495 2481 2641 2545 ἐστις
2712 2480 3041 2552 Διαρῤέοντα
3087 2479 3182 2533 καὶ
3238 2480 3421 2534 διακε-

1853 2567 2087 2639 χυμένον
2109 2570 2228 2631 ταῖς
2267 2569 2606 2640 ἐπιθυμίαις,
2641 2568 2733 2623 καὶ
2756 2570 2933 2640 χαμαὶ
2965 2570 3091 2633 τοὺς
3126 2569 3421 2641 λογισμοὺς

1854 2656 2047 2726 ἔχοντα
2090 2657 2424 2727 συρομένους
2455 2656 2770 2710 ἀναστέλλει
2810 2656 2901 2710 διὰ
2944 2658 3044 2727 τῆς
3077 2656 3273 2729 ζώνης,
3316 2658 3419 2713 οὐκ

1855 2745 1960 2799 ἐῶν
1984 2744 2147 2799 αὐτὸν
2174 2746 2561 2817 ἐμποδίζεσθαι
2585 2745 2690 2799 ὑπὸ
2716 2744 2825 2799 τῶν
2853 2746 3083 2815 ἱματίων
3117 2747 3423 2817 συμπλεκο-

1857 2834 2033 2903 μένων
2060 2836 2179 2898 ταῖς
2202 2851 2301 2904 κνη
2311 2836 2482 2905 μῖσιν,
2519 2834 2637 2887 ἀλλ’
2666 2832 2910 2898 εύλύτοις
2936 2836 3050 2899 τοῖς
3083 2837 3242 2889 ποσὶν
3259 2835 3422 2906 ἀφεὶς

1853 2921 2087 2993 τρέχειν.
2137 2920 2328 2990 Στῆτε
2387 2916 2502 2976 οὖν
2547 2919 3052 2990 περιζωσάμενοι,
3106 2924 3258 2993 φησί,
3304 2923 3423 2989 τὴν

1854 3008 2057 3078 ὀσφὺν
2087 3008 2274 3079 ὑμῶν.
2318 3009 2520 3078 Ὀσφὺν
2570 3009 2629 3063 δὲ
2676 3007 2911 3063 ἐνταῦθά
2958 3025 3120 3079 φησιο
3170 3010 3423 3084 καθάπερ

1852 3098 1947 3151 ἐπὶ
1979 3096 2089 3151 τῶν
2117 3097 2263 3167 νηῶν
2297 3097 2331 3167 ἡ
2362 3096 2574 3169 τρόπις,
2610 3096 2753 3150 οὕτω
2785 3094 2881 3150 καλ¹
2918 3098 3004 3165 ἐφ’
3037 3097 3193 3167 ήμῶν
3217 3098 3251 3167 ἡ
3283 3098 3415 3152 ὑπό.

1853 3184 2003 3248 θεσις
2029 3184 2230 3249 παντὸς
2244 3182 2337 3238 τοῦ
2368 3183 2619 3256 σώματος
2638 3185 2674 3256 ἡ
2694 3181 2861 3252 ὀσφύς
2883 3184 3029 3236 ἐστιν
3053 3199 3069 3215 ⁶
3099 3182 3289 3255 ὥσπερ
3311 3184 3420 3256 γὰρ

1852 3271 2103 3344 θεμέλιόν
2144 3273 2282 3338 ἐστι,
2324 3270 2421 3327 καί¹
2468 3271 2556 3325 ἐπ’
2599 3270 2749 3342 αύτῷ
2792 3270 2854 3324 τὸ
2891 3273 3000 3326 πᾶν
3035 3271 3417 3342 οἰκοδομεῖται.

1850 3360 2103 3431 καθάπερ
2167 3358 2369 3432 ἰατρῶν
2422 3360 2608 3423 παῖδές
2660 3376 2811 3429 φασι.
2862 3359 2974 3431 Τὴν
3019 3360 3197 3413 τοίνυν
3240 3360 3419 3432 ψυχὴν

1851 3448 2010 3520 ἡμῶν
2048 3448 2361 3517 συσφίγγει,
2416 3446 2668 3511 ζωννύων
2705 3448 2803 3517 τὴν
2848 3446 3052 3514 ὀσφύνο
3111 3448 3171 3499 οὐ
3211 3448 3320 3522 γάρ
3351 3448 3419 3522 δὴ

1850 3536 2057 3606 ταύτην
2086 3534 2186 3605 τὴν
2228 3533 2397 3605 ὀσφύν
2441 3551 2625 3605 φησιν,
2670 3532 2807 3586 ἀλλὰ
2854 3533 3059 3605 νοητῶς
3086 3534 3415 3603 διαλέγεται.

1854 3624 1965 3676 Καὶ
1992 3621 2182 3693 ῶσπερ
2208 3622 2317 3676 τῶν
2360 3621 2531 3687 κάτω,
2569 3623 2666 3675 καὶ
2696 3620 2805 3675 τῶν
2833 3623 2944 3676 ἀνω
2977 3624 3008 3693 ἡ
3038 3622 3208 3691 ὀσφὺς
3249 3623 3419 3694 θεμέ-

1851 3710 1964 3773 λιός
2001 3711 2171 3773 ἐστιν,
2199 3709 2343 3762 οὕτω
2366 3710 2459 3763 καὶ
2490 3710 2582 3763 ἐπὶ
2602 3709 2702 3779 τῆς
2728 3706 2924 3780 νοητῆς
2949 3709 3166 3779 ὀσφύος.
3194 3711 3255 3763 UE
3287 3710 3417 3779 γοῦν

1851 3797 2113 3862 πολλάκις
2147 3798 2547 3869 ἀποκαμόντες,
2585 3797 2834 3868 καθάπερ
2877 3799 2957 3860 εἰς
3005 3815 3126 3852 τινα
3164 3798 3416 3869 θεμέλιον

1852 3887 1970 3938 ἐκεῖ
2004 3885 2105 3948 τὰς
2148 3888 2338 3954 χεῖρας
2387 3883 2593 3951 θέντες,
2648 3883 2821 3948 οὕτως
2855 3887 3080 3949 ἑαυτοὺς
3123 3887 3418 3941 διαϐαστά-

1851 3973 2001 4038 ζουσι
2026 3988 2041 4003 ’
2071 3972 2220 4042 καὶὴ
2257 3972 2401 4041 ζώνη
2445 3971 2533 4025 διὰ
2577 3971 2735 4025 τοῦτο
2769 3972 2978 4040 γίνεται
3011 3975 3069 4026 ὲν
3100 3976 3215 4036 τοῖς
3256 3974 3417 4028 πολέ-

1853 4078 1995 4132 μοις,
2024 4060 2111 4113 ῖνα
2146 4062 2426 4130 συγκρατῇ
2456 4060 2550 4112 καὶ
2583 4059 2783 4131 συνέχῃ
2818 4059 2909 4112 τὸν
2946 4059 3195 4130 θεμέλιον
3231 4062 3323 4115 τὸν
3356 4062 3417 4115 ὲν

1847 4151 2005 4221 ἡμῖν.
2038 4148 2137 4201 Διά
2173 4147 2333 4201 τοῦτο
2378 4146 2474 4201 καὶ
2510 4147 2795 4218 τρέχοντες
2836 4146 3185 4219 ζωννύμεθα·
3232 4150 3416 4223 ἐκείνη

1848 4235 2205 4305 ἀσφαλίζεται
2228 4236 2291 4289 τὸ
2312 4238 2371 4290 ὲν
2394 4237 2525 4307 ἡμῖν
2562 4235 2800 4307 ἰσχυρόν.
2827 4235 2997 4289 Τοῦτο
3022 4236 3222 4302 τοίνυν,
3255 4238 3412 4308 φησὶ,

1848 4327 1946 4381 καὶ
1982 4327 2076 4380 ἐπὶ
2105 4326 2207 4395 τῆς
2228 4325 2407 4395 ψυχῆς
2443 4325 2700 4393 γινέσθω,
2725 4326 2820 4378 καὶ
2847 4326 2955 4378 πᾶν
2987 4324 3166 4379 ὁτιοῦν
3201 4327 3419 4382 ποιοῦν-

1847 4430 1960 4479 τες,
1994 4413 2206 4499 ἰσχυροί
2228 4414 2485 4484 ἐσόμεθα.
2507 4412 2757 4468 Μάλιστα
2779 4413 2886 4484 γὰρ
2915 4415 3027 4477 τοῖς
3058 4413 3418 4486 στρατιώταις

1847 4501 1910 4555 τὸ
1955 4503 2190 4572 πρᾶγμα
2221 4500 2429 4572 πρέπον
2468 4500 2602 4554 ἔστί.
2653 4500 2782 4564 Ναὶ,
2815 4501 2999 4571 φησιν,
3036 4501 3171 4556 ἀλλά
3210 4502 3417 4575 ταύτην

1847 4588 1948 4659 τὴν
1990 4589 2161 4657 ὀσφὺν
2191 4588 2375 4659 ἱμάντι
2417 4587 2724 4659 δερματίνῳ
2754 4588 3074 4659 ζωννύμεθα
3110 4605 3124 4619 ·
3174 4590 3416 4661 ήμεῖςδὲ

1848 4677 1992 4743 τίνι;
2024 4676 2114 4748 Τῷ
2146 4676 2426 4746 κεφαλαίῳ
2456 4675 2566 4728 τῶν
2587 4675 2863 4746 λογισμῶν
2890 4675 3066 4747 ήμῶν,
3098 4676 3241 4746 λέγω
3265 4678 3324 4732 δὲ
3344 4682 3414 4752 τῇ

1849 4764 2093 4835 ἀληθείᾳ.
2122 4762 2599 4833 Περιεζωσμένοι,
2636 4763 2792 4832 φησὶ,
2834 4762 2952 4831 τὴν
2996 4764 3199 4834 ὀσφὺν
3242 4766 3416 4835 ἡμῶν

1847 4854 1917 4907 ἐν
1935 4852 2205 4920 ἀληθείᾳ.
2231 4850 2440 4904 Οὐκοῦν
2471 4850 2635 4922 μηδὲν
2657 4849 2851 4919 ψεῦδος
2879 4851 3206 4923 ἀγαπῶμεν,
3234 4855 3414 4912 πάντα

1845 4942 1914 4994 τὰ
1938 4941 2239 5011 πράγματα
2280 4938 2555 5009 μετίωμεν
2602 4940 2657 4991 ὲν
2688 4938 2935 5010 ἀληθείᾳ,
2973 4940 3048 5011 μὴ
3090 4940 3414 5012 ψευδώμιθα

1846 5031 1925 5089 εἰς
1948 5028 2243 5099 ἀλλήλους·
2279 5027 2382 5079 κᾶν
2410 5026 2536 5092 δόξα
2565 5022 2621 5098 ᾗ,
2658 5026 2719 5079 τὸ
2752 5026 2950 5097 ἀληθὲς
2989 5027 3240 5099 ζητῶμεν
3262 5045 3277 5061 ·
3310 5031 3414 5084 κάν

1849 5114 1961 5184 βίος
1986 5112 2043 5186 ᾖ,
2066 5115 2157 5167 τὸν
2178 5113 2374 5185 ἀληθῆ.
2406 5115 2502 5166 Ἂν
2524 5114 2695 5183 τούτῳ
2718 5115 2943 5178 ἑαυτοὺς
2963 5116 3409 5188 περιφράξωμεν,

1848 5207 1916 5260 ἂν
1934 5208 1999 5277 τῇ
2018 5203 2243 5274 ἀληθεία
2282 5202 2603 5273 ζωσώμεθα,
2622 5204 2796 5267 οὐδεὶς
2820 5204 2978 5274 ήμῶν
3008 5207 3313 5275 περιέσται.
3350 5206 3411 5260 '0

1846 5295 2022 5365 δόγμα
2044 5294 2296 5365 ἀληθείας
2322 5293 2519 5364 ζητῶν,
2538 5293 2599 5346 ού
2622 5296 3014 5348 καταπεσετται
3045 5296 3126 5358 εἰς
3155 5294 3252 5363 τὴν
3281 5299 3407 5367 γῆν.

1850 5385 1975 5437 Ὀτι
2003 5380 2212 5454 γάρ’τά
2259 5381 2333 5451 μὴ
2361 5380 2532 5451 ἀληθῆ
2568 5380 2675 5434 ἀπὸ
2707 5381 2807 5451 τῆς
2846 5382 2949 5452 γῆς
2980 5382 3117 5446 ἐστι,
3159 5383 3318 5452 δῆλον
3347 5382 3411 5449 ἐξ

1848 5466 1924 5527 ὧν
1962 5474 2076 5533 τοῖς
2113 5469 2307 5523 πάθεσι
2356 5467 2666 5521 δουλεύουσι
2719 5469 2919 5532 πάντες
2961 5470 3011 5522 οἱ
3042 5468 3258 5534 ἔξωθεν,
3294 5472 3409 5536 τοῖς

1846 5560 2065 5621 οἰκείοις
2091 5556 2369 5627 λογισμοῖς
2392 5555 2937 5621 κατακολουθοῦντες.
2978 5556 3069 5609 Διδ
3094 5556 3188 5610 ὲάν
3218 5558 3406 5628 νήφω-

1850 5665 1970 5719 μεν,
2020 5646 2078 5698 ὲν
2132 5646 2245 5707 τοῖς
2271 5644 2378 5697 τῶν
2422 5642 2684 5715 Ἐλλήνων
2734 5643 2912 5711 λόγοις
2963 5643 3023 5696 ού
3059 5642 3407 5712 διδασκαλίας

1844 5734 2165 5807 δεησόμεθα.
2223 5734 2386 5803 Ὀρᾷς
2430 5731 2549 5795 πῶς
2599 5734 2736 5785 εἰσιν
2787 5733 2984 5785 ἐκεῖνοι
3038 5732 3268 5803 μαλοικοί⁵
3312 5735 3406 5788 καὶ

1846 5824 2061 5898 χαῦνοι,
2087 5818 2239 5874 οὐδὲν
2265 5818 2561 5890 αὐστηρὸν,
2600 5818 2752 5874 οὐδὲν
2778 5818 2919 5891 ὑπὲρ
2945 5818 3038 5874 τὸν
3066 5819 3406 5893 ἀνθρώπινον
