3974 6526
527 413 638 474 165

525 526 790 599 λογισμὸν
840 528 970 600 περί
1019 527 1153 584 Θεοῦ
1199 530 1454 596 δέξασθαι
1501 529 1824 600 δυνάμενοι;
1868 527 1928 580 06
1984 525 2096 598 γάρ

526 617 666 669 εἰσιν
698 615 997 686 ἐζωσμένοι
1029 617 1086 668 ἐν
1116 616 1369 690 ἀληθείᾳ.
1407 619 1606 687 Διόπερ
1651 615 1832 669 αὐτῶν
1857 615 1892 684 ἡ
1928 614 2099 683 ὀσφὺς

525 702 835 764 ἐκλέλυται,
861 703 922 754 :6
958 703 1206 756 δεκτικὸν
1243 705 1350 757 τῶν
1380 703 1710 775 γεννητικῶν
1746 701 2098 772 σπερμάτων,

527 789 624 843 καὶ
662 789 770 842 τῶν
819 787 1098 860 λογισμῶν
1150 790 1213 844 τὸ
1263 791 1502 864 ἰσχυρόν.
1547 790 1711 844 υύδέν
1760 785 1852 843 οῦν
1895 788 2100 842 τούτων

527 876 935 947 ἀσθενέστερον.

591 963 665 1034 β’.
695 964 1033 1035 Μανιχαίους
1060 963 1117 1018 66
1141 965 1276 1037 ὁρᾷς
1303 965 1486 1029 πάλιν,
1513 967 1632 1028 πῶς
1657 964 1834 1018 πάντα
1863 963 1971 1016 ἀπὸ
1991 961 2100 1014 τῶν

521 1048 738 1103 οἰκείων
759 1051 1032 1123 λογισμῶν
1053 1053 1291 1123 τολμῶσι
1321 1052 1679 1122 φθέγγεσθαι;
1716 1052 1829 1105 Οὐκ
1853 1049 2098 1120 ἠδύνατο,

525 1139 710 1208 φησὶν,
742 1142 770 1192 6
800 1138 932 1203 Θεὸς
966 1141 1092 1195 ἄνευ
1125 1139 1257 1209 ὖλης
1284 1141 1506 1211 ποιῆσαι
1532 1139 1624 1194 τὸν
1659 1140 1880 1210 κόσμον.
1930 1137 2104 1191 Πόθεν

523 1226 684 1280 τοῦτο
709 1227 865 1298 δῆλον
887 1246 902 1294 ;
933 1228 1183 1298 Χαμόθεν
1203 1228 1372 1281 ταῦτα
1393 1229 1612 1297 λέγουσι
1639 1229 1733 1282 καὶ
1754 1227 1864 1282 ἀπὸ
1883 1227 1985 1297 τῆς
1999 1227 2104 1297 γῆς

525 1317 623 1371 καὶ
663 1316 771 1370 ἀπὸ
812 1317 920 1370 τῶν
964 1319 1094 1390 παρ’
1136 1319 1285 1388 ἡμῖν.
1320 1318 1443 1372 Ὅτι
1484 1320 1788 1390 ἄνθρωπος,
1823 1317 2007 1387 φησὶν,
2040 1317 2102 1369 06

524 1405 748 1461 δύναται
786 1407 988 1476 ἑτέρως
1016 1410 1259 1477 ποιῆσαι.
1292 1407 1462 1460 Πάλιν
1490 1407 1757 1480 Μαρκίων
1785 1407 1885 1478 ὂρα
1914 1405 1964 1459 τί
1995 1423 2103 1476 φηο

528 1509 632 1548 σιν·
657 1495 773 1546 Ούκ
807 1493 1039 1564 ἠδύνατο
1065 1495 1094 1547 6
1117 1494 1247 1558 Θεὸς
1275 1494 1453 1565 σάρκα
1473 1493 1758 1548 ἀναλαϐὼν
1795 1496 1972 1565 μεῖναι
1999 1509 2103 1547 καο

526 1581 712 1653 θαρός.
759 1581 926 1633 Πόθεν
968 1580 1125 1633 τοῦτο
1157 1580 1346 1652 δῆλον;
1382 1580 1504 1634 Ὅτι
1545 1581 1664 1634 οὐδὲ
1717 1582 1766 1633 οἱ
1806 1580 2101 1652 ἄνθρωποι,

526 1669 682 1739 φησί.
719 1668 909 1722 Καίτοι
939 1667 1216 1738 ἅνθρωποι
1249 1669 1520 1725 δύνανται.
1559 1669 1907 1732 Ούαλεντῖνος
1943 1667 2103 1722 πάλιν

528 1759 701 1828 χαμαὶ
731 1757 1062 1827 συρομένους
1089 1756 1227 1826 ἔχων
1255 1761 1380 1822 τοὺς
1400 1759 1711 1829 λογισμοὺς,
1733 1758 1840 1811 ἀπὸ
1871 1757 1972 1827 τῆς
2000 1756 2105 1826 γῆς

527 1845 859 1913 φθέγγεται·
901 1843 1102 1911 ὁμοίως
1142 1844 1233 1897 καὶ
1281 1845 1489 1908 Παῦλος
1527 1847 1555 1898 6
1599 1846 1968 1915 Σαμοσατεὺς,
2010 1842 2105 1897 καὶ

528 1931 679 2005 [176]
707 1933 940 1999 Ἀρειος.
961 1931 1024 1983 Τί
1041 1933 1149 2002 γάρ
1179 1949 1372 2003 φησιν;
1396 1935 1509 1987 Ούκ
1524 1933 1749 2004 ἠδύνατο
1774 1934 1802 1985 6
1833 1931 1964 1995 Θεὸς
1979 1948 2103 2000 γεν-

525 2019 654 2084 νῶν,
681 2019 938 2088 γεννῆσαι
969 2019 1217 2081 ἀπαθῶς.
1242 2020 1410 2074 Πόθεν
1429 2020 1587 2073 τοῦτο
1610 2018 1815 2090 τολμᾷς
1839 2018 2036 2086 λέγειν,
2053 2011 2098 2070 ὦ

530 2107 745 2177 ’Δρειε;
781 2104 914 2157 Ἀπὸ
932 2104 1040 2159 τῶν
1064 2107 1193 2178 παρ’
1220 2107 1372 2177 ἡμῖν.
1402 2108 1564 2177 Ὁρᾷς
1585 2110 1798 2161 πάντων
1824 2107 1998 2176 χαμαὶ
2017 2122 2107 2157 συ-

528 2193 792 2264 ρομένους
809 2193 935 2256 τοὺς
956 2192 1269 2264 λογισμοὺς,
1287 2193 1502 2248 πάντων
1525 2194 1986 2264 κεχαλασμένους,
2005 2192 2107 2263 τῆς

527 2280 633 2350 γῆς
663 2279 953 2344 πνέονταςς
989 2281 1101 2335 Καὶ
1126 2280 1410 2352 δογμάτων
1436 2281 1534 2352 μὲν
1563 2281 1745 2345 ἕνεκα,
1780 2278 1924 2333 οὕτω
1942 2295 1956 2309 ·
1991 2279 2106 2350 βίου

526 2367 584 2421 δὲ
603 2367 783 2431 πάλιν,
809 2369 859 2421 οἰ
890 2367 1097 2439 πόρνοι,
1120 2367 1170 2421 οἱ
1195 2367 1492 2440 χρημάτων
1523 2366 1776 2438 ἐρῶντες,
1791 2368 1842 2420 οἰ
1861 2367 2038 2438 δόξης,
2057 2368 2108 2420 οἱ

527 2457 638 2509 τῶν
677 2456 853 2511 ἄλλων
899 2457 1173 2522 ἀπάντων,
1220 2457 1393 2528 χαμαὶ
1435 2455 1684 2526 σύρονται
1711 2471 1724 2485 '
1760 2457 1861 2511 οὐκ
1896 2457 2109 2527 ἔχουσιν

527 2543 820 2614 ἑστηκυῖαν
849 2543 1016 2615 αὐτὴν
1047 2543 1146 2614 τὴν
1177 2543 1369 2612 ὀσφὺν,
1399 2545 1540 2599 ὥστε
1590 2543 1860 2614 καμόντες
1903 2544 2108 2599 ἐπανα-

528 2628 830 2697 παύεσθαι,
865 2629 979 2698 ἀλλ’
1011 2630 1108 2686 ἐὰν
1141 2632 1428 2702 κάμωσιν,
1473 2631 1534 2685 06
1576 2631 1786 2684 τιθέασι
1818 2632 1917 2702 τὴν
1951 2633 2107 2704 χεῖρα

528 2719 624 2772 καὶ
646 2718 960 2789 ἑστήκασιν,
987 2718 1122 2772 ἀλλὰ
1143 2718 1472 2772 διαλύονται.
1509 2718 1568 2770 '0
1599 2717 1781 2788 μέντοι
1803 2716 2108 2788 ἐξωσμένος

529 2809 597 2878 τῇ
619 2806 866 2879 ἀληθείᾳ,
892 2808 1110 2879 πρῶτον
1132 2808 1231 2879 μὲν
1257 2807 1509 2861 οὐδέποτε
1532 2809 1791 2878 καμεῖται
1816 2825 1831 2838 ·
1858 2807 2106 2878 δεύτερον

529 2893 608 2960 δέ,
651 2894 754 2947 κᾶν
799 2894 972 2966 κάμῃ,
1021 2896 1102 2958 εἰς
1137 2893 1305 2964 αὐτὴν
1349 2893 1798 2948 ἐπαναπαύσεται
1839 2894 1936 2965 τὴν
1969 2895 2122 2966 ἀλή-

530 2978 702 3037 θειαν.
747 2981 812 3032 Τί
849 2981 976 3052 γάρ,
1024 2981 1146 3034 εἰπέ
1175 2997 1300 3052 μοις
1338 2980 1499 3035 πενία
1524 2980 1686 3034 αὑτὸν
1713 2983 1914 3050 καμεῖν
1952 2983 2108 3052 ποιή-

533 3081 649 3132 σεις
713 3066 980 3138 Οὐδαμῶς
1005 3083 1019 3099 ο
1065 3066 1470 3121 ἐπαναπαύεται
1524 3067 1632 3138 γὰρ
1671 3068 1764 3120 ἐπὶ
1805 3068 1897 3122 τὸν
1941 3068 2108 3132 ὅντως

531 3152 782 3220 πλοῦτον,
809 3156 904 3208 καὶ
924 3154 1014 3209 διὰ
1031 3157 1127 3224 τῆς
1148 3153 1337 3218 πενίας
1355 3154 1559 3207 εἵσεται
1583 3155 1684 3225 τὴν
1705 3155 1872 3219 ὅντως
1898 3139 2105 3212 πενίαν.

542 3239 708 3295 Ἀλλά
730 3239 945 3295 δουλεία
975 3242 1191 3312 ποιήσει
1223 3239 1384 3294 αὐτὸν
1411 3241 1607 3310 καμεῖν
1629 3258 1644 3307 ;
1677 3241 1937 3310 Οὐδαμῶς
1957 3255 1974 3271 ⁸
1999 3239 2106 3296 οἶδε

528 3328 639 3400 γάρ
666 3328 762 3400 τὴν
785 3328 952 3392 ὅντως
977 3328 1241 3383 δουλείαν.
1276 3328 1437 3382 Ἀλλά
1453 3328 1641 3394 νόσος;
1677 3328 1815 3381 Ἀλλ’
1842 3330 1963 3384 0666
1981 3330 2107 3383 τοῦ-

528 3432 593 3470 το
613 3432 627 3446 ⁸
645 3419 714 3471 Αἱ
733 3417 962 3486 ὀσφύες
983 3413 1170 3486 ὑμῶν,
1184 3415 1348 3486 φησὶν
1368 3416 1396 3468 6
1409 3415 1661 3488 Χριστὸς,
1685 3416 1964 3470 ἔστωσαν
1977 3417 2110 3477 ἐζω-

529 3502 768 3573 σμέναι,
803 3503 974 3558 καὶοί
992 3503 1210 3573 λύχνοι
1233 3504 1553 3573 καιόμενοι,
1581 3501 1721 3556 ὥστε
1743 3505 1804 3556 τὸ
1826 3504 1942 3573 φῶς
1967 3504 2108 3576 ἔχειν

528 3591 814 3646 ἄσϐεστον.
848 3590 1016 3644 Τοῦτο
1046 3590 1142 3645 καὶ
1175 3592 1225 3643 οἱ
1266 3589 1328 3655 ἐξ
1364 3590 1640 3658 Αἰγύπτου
1677 3591 1911 3656 ἐξιόντες
1936 3595 2110 3646 ποιεῖν

530 3678 906 3745 ἐπετάττοντο,
949 3679 1044 3732 καὶ
1083 3677 1382 3747 ἐζωσμένοι
1424 3678 1485 3731 τὸ
1521 3680 1705 3749 πάσχα
1745 3677 1950 3748 ἢσθιον.
1998 3681 2109 3733 Καὶ

528 3768 672 3828 τίνος
701 3767 904 3831 ἕνεκεν,
928 3767 1113 3838 φησὶν,
1136 3766 1305 3830 οὕτως
1327 3767 1545 3838 ήσθιον;
1578 3767 1765 3820 Βούλει
1795 3768 1986 3837 μαθεῖν
2011 3770 2108 3839 τὴν

531 3853 789 3907 ὑπόθεσιν
821 3853 1042 3907 ἃπασαν
1086 3853 1207 3906 καθ’
1250 3854 1510 3923 ἱστορίαν,
1551 3854 1584 3924 ἢ
1615 3854 1756 3908 κατὰ
1778 3857 2106 3926 ἀναγωγήν;

545 3938 687 4008 Ἐγὼ
711 3940 809 4008 μὲν
845 3936 938 3994 οῦν
966 3939 1252 4010 ἀμφότερα
1275 3940 1386 4011 ἐρῶ
1405 3957 1419 3970 ο
1449 3941 1605 4010 ὑμεῖς
1646 3941 1703 3995 66
1732 3943 2009 4013 κατέχετε.
2029 3945 2106 3997 O6

529 4028 640 4097 γὰρ
684 4026 888 4091 ἁπλῶς,
921 4027 1008 4080 ἴνα
1049 4027 1207 4097 μόνον
1254 4028 1394 4081 εῖπω
1432 4028 1530 4099 τὴν
1561 4027 1736 4095 λύσιν,
1773 4031 2030 4102 ποιοῦμαι
2055 4044 2104 4097 δ,

532 4115 648 4170 ἀλλ’
688 4116 774 4170 ἵνα
810 4117 905 4170 καὶ
935 4115 1094 4187 ἔργον
1135 4118 1193 4170 ἐν
1222 4116 1352 4188 ὑμῖν
1387 4118 1612 4188 γένηται
1637 4119 1706 4172 :6
1733 4119 1980 4192 ἡμέτερα
2007 4123 2104 4194 ῥή-

535 4222 702 4277 ματα.
737 4201 952 4270 Ἦσαν,
983 4206 1168 4277 φησιν,
1193 4204 1509 4276 ἐζωσμένοι
1528 4245 1544 4273 ,
1579 4208 1678 4262 καί
1709 4212 1767 4264 αἱ
1787 4210 2107 4279 ,βακτηρίαι

529 4292 732 4348 αὐτῶν
768 4294 838 4348 ἐν
881 4293 1012 4360 ταῖς
1036 4297 1230 4363 χερσὶ,
1275 4295 1377 4350 καὶ
1417 4295 1490 4350 τὰ
1521 4295 1869 4366 ὑποδήματα
1889 4298 1959 4352 ἐν
1985 4299 2109 4366 τοῖς

503 4389 508 4394 “
530 4381 700 4446 ποσί,
718 4383 818 4436 καί
844 4383 1034 4449 οὕτως
1054 4381 1272 4451 ἤσθιον
1296 4383 1364 4436 τὸ
1377 4382 1604 4452 πάσχα.
1619 4385 1824 4456 Φρικτά
1837 4386 1928 4439 καὶ
1945 4385 2105 4455 φοϐε-

533 4470 603 4537 ρὰ
628 4467 698 4522 τά
723 4471 1016 4540 μυστήρια,
1049 4470 1146 4523 καὶ
1182 4470 1316 4523 πολὺ
1350 4471 1410 4523 τὸ
1437 4471 1599 4541 βάθος
1631 4473 1844 4543 έχοντα.
1873 4473 1938 4528 Εἰ
1967 4474 2024 4527 δὲ
2049 4476 2106 4527 ἐν

530 4559 644 4618 τοῖς
657 4556 846 4620 τύποις
861 4555 1003 4609 οὓτω
1023 4557 1152 4625 φοϐε
1162 4557 1252 4628 96,
1281 4557 1459 4627 πολλῷ
1478 4558 1677 4629 μᾶλλον
1701 4561 1757 4613 ἐν
1773 4562 1838 4631 τῇ
1858 4560 2102 4632 ἀληθείᾳ.

545 4644 636 4708 Ἐξ
667 4644 938 4712 Αἰγύπτου
965 4643 1296 4715 ἐξέρχονται,
1327 4645 1388 4697 :6
1415 4650 1600 4716 πάσχα
1637 4644 1892 4700 ἐσθίουσι.
1933 4647 2107 4719 Πρόσ-

531 4745 648 4800 εχε,
686 4729 747 4783 :6
786 4731 970 4800 σχῆμα
1006 4730 1428 4801 ὁδοιπορούντων
1474 4732 1627 4786 ἐστί·
1662 4732 1722 4786 :6
1757 4733 1865 4806 γάρ
1912 4735 2108 4807 ὑποδή-

535 4834 680 4888 ματα
707 4817 870 4886 ἔχειν,
904 4818 998 4871 καὶ
1029 4817 1255 4888 ῥάϐδους
1291 4821 1349 4872 ἐν
1378 4822 1494 4883 ταῖς
1521 4819 1677 4891 χερσί
1696 4860 1712 4885 ,
1743 4822 1839 4874 καὶ
1869 4823 2108 4887 ἑστῶτας

532 4905 757 4969 ἐσθίειν,
780 4904 930 4958 οὐδὲν
948 4905 1033 4957 ἐτε
1041 4921 1132 4976 ρον
1149 4905 1181 4976 ἧ
1198 4904 1354 4959 τοῦτο
1373 4905 1536 4976 δηλοῖ.
1566 4907 1829 4961 Βούλεσθε
1844 4909 1942 4982 τὴν
1965 4911 2107 4963 ἱστο⁴

537 4993 660 5063 ρίαν
674 4993 902 5047 ἀκοῦσαι
925 4993 1160 5063 πρῶτον,
1187 4993 1220 5064 ἢ
1250 4995 1347 5064 τὴν
1370 4996 1694 5068 ἀναγωγήν;
1726 4997 1836 5068 Τὴν
1865 4999 2105 5071 ἱστορίαν

530 5081 774 5152 ἄμεινον.
791 5082 856 5134 Τί
880 5078 972 5136 οὖν
997 5085 1031 5153 ή
1053 5085 1262 5154 ἱστορία
1289 5083 1566 5154 βούλεται;
1604 5086 1942 5157 Ἀγνώμονες
1966 5083 2106 5160 ἦσαν

531 5170 585 5225 οἰ
632 5169 900 5238 Ἰουδαῖοι,
952 5174 1046 5227 καὶ
1083 5173 1321 5244 συνεχῶς
1379 5173 1472 5227 τοῦ
1512 5173 1647 5228 Θεοῦ
1685 5175 2107 5231 ἐπελανθάνοντο

529 5257 640 5312 Ιτῶν
665 5245 1008 5331 ἑύεργεσιῶν.
1030 5261 1355 5333 Βουλόμενος
1383 5259 1474 5317 οὖν
1497 5265 1590 5316 καὶ
1611 5263 1842 5328 ἄκοντας
1863 5265 1940 5328 εἰς
1970 5266 2107 5336 μνή-

534 5364 644 5419 μην
691 5348 870 5401 αύτῶν
899 5349 1173 5421 ἔρχεσθαι,
1213 5354 1304 5405 τὸν
1335 5355 1534 5422 τρόπον
1575 5353 1677 5423 τῆς
1711 5352 1966 5424 βρώσεως
2009 5353 2102 5407 τοῦ

533 5435 719 5506 πάσχα
751 5436 936 5490 τοῦτον
969 5440 1263 5509 νομοθετεῖ.
1305 5441 1370 5493 Τί
1417 5441 1648 5509 δήποτε;
1676 5442 1796 5494 Ἵνα
1820 5440 1941 5494 καθ’
1973 5442 2105 5495 ἐκα-

533 5537 658 5576 στον
687 5525 874 5594 χρόνον
911 5525 1120 5596 ἔχοντες
1148 5527 1390 5600 ἀνάγκην
1415 5529 1511 5599 τὴν
1547 5527 1866 5598 νομοθεσίαν
1897 5532 2104 5600 τηρεῖν,

536 5612 948 5682 μνημονεύωσιν
980 5614 1292 5684 ἀναγκαίως
1324 5616 1418 5669 καὶ
1465 5614 1560 5669 τοῦ
1589 5615 1786 5678 αὐτοὺς
1811 5615 2104 5686 ἐξαγαγόν-

534 5779 625 5892 ua:
646 5770 884 5825 Danaus:
911 5776 1058 5840 Legas
1079 5773 1248 5827 melius
1265 5777 1345 5825 τὸν
1366 5778 1505 5838 λόγον
1524 5777 1598 5828 vel
1616 5780 1701 5836 τὴν
1722 5779 1920 5835 διάλεξιν
1939 5780 2107 5831 ποιοῦ-

1201 417 1262 473 8.
1296 413 1594 473 JOANNIS
1623 405 2105 469 CHRYSOSTOM‘

2209 407 2480 466 RCﬂlEP.
2519 409 3063 471 CONSTANTINOP.

2198 541 2291 588 :0;
2327 526 2484 581 Θεοῦ.
2528 528 2642 581 Ούκ
2684 529 2791 600 ἄρα
2837 525 2930 582 οὖν
2965 529 3044 600 τῷ
3085 528 3260 600 χρόνῳ
3293 527 3452 598 μόνον
3475 527 3770 596 κατέδησεν

2199 612 2362 666 αὑτοῦ
2384 614 2504 678 ’τάς
2546 615 2864 686 εὐεργεσίας
2897 618 2926 670 6
2957 617 3110 679 Θεὸς,
3145 615 3284 670 ἀλλὰ
3305 614 3400 668 καὶ
3423 614 3505 685 τῷ
3531 617 3772 686 σχήματι

2199 697 2308 752 τῶν
2335 699 2642 755 ἐσθιόντων.
2674 702 2772 756 Διά
2796 702 2956 756 τοῦτο
2977 702 3085 774 γὰρ
3113 701 3414 774 ἐζωσμένοι
3443 703 3544 756 καὶ
3581 703 3774 756 ὑποδε-

2199 786 2410 856 δεμένοι
2433 789 2724 855 ἐσθίουσιν,
2753 790 2841 844 ἵνα
2867 790 3212 862 ἐρωτώμενοι
3243 790 3496 859 λέγωσιν,
3527 791 3615 842 ὅτι
3634 790 3778 859 Πρὸς

2199 875 2506 946 ὁδοιπορίαν
2547 875 2691 949 ἦμεν
2733 880 2961 950 ἕτοιμοι,
2985 881 3080 934 καὶ
3099 881 3182 933 ὃτι
3221 879 3551 950 Ἐμέλλομεν
3577 878 3778 943 ἐξιέναι

2200 965 2266 1017 ἐκ
2285 965 2382 1034 τῆς
2421 966 2697 1035 Αἰγύπτου
2729 971 2821 1022 ἐπί
2841 970 2940 1040 τὴν
2969 970 3072 1040 γῆν
3101 968 3201 1039 τῆς
3227 968 3579 1036 ἐπαγγελίας.
3607 966 3780 1020 Τοῦτο

2205 1051 2306 1123 μὲν
2327 1055 2356 1106 6
2387 1055 2509 1109 καθ’
2533 1057 2774 1128 ἱστορίαν
2802 1059 2973 1122 τύπος
2995 1075 3009 1091 ·
3041 1061 3074 1129 ή
3109 1059 3166 1111 δέ
3190 1057 3441 1128 ἀλήθεια,
3475 1056 3640 1126 αὕτη.
3665 1054 3779 1109 Καί

2201 1141 2362 1210 ἡμεῖς
2394 1144 2644 1215 ἐσθίομεν
2675 1147 2880 1217 πάσχα,
2912 1147 3005 1200 τὸν
3033 1146 3268 1216 Χριστόν
3289 1161 3301 1174 ⁸
3345 1145 3415 1198 Τὸ
3433 1144 3543 1214 γὰρ
3566 1141 3778 1209 πάσχα

2201 1227 2372 1296 ἡμῶν
2392 1229 2569 1298 ἐτύθη
2601 1234 2874 1300 Χριστὸς,
2907 1233 3088 1304 φησίν.
3123 1235 3265 1303 Ἀρα
3285 1234 3380 1286 καὶ
3406 1235 3572 1302 ἡμεῖς
3594 1230 3780 1298 πάσχα

2203 1315 2455 1387 ἐσθίομεν
2480 1321 2614 1372 πολὺ
2645 1321 2740 1374 τοῦ
2761 1322 2988 1392 νομικοῦ
3009 1324 3272 1393 κρεῖττον.
3297 1320 3507 1374 υύκοῦν
3527 1319 3626 1373 καὶ
3647 1318 3782 1370 ὑπο-

2203 1402 2474 1474 δεδεμένοι
2521 1409 2616 1460 καὶ
2639 1407 2937 1478 ἐζωσμένοι
2973 1409 3259 1479 ὀφείλομεν
3293 1407 3513 1461 ἐσθίειν.
3558 1405 3660 1459 Διά
3687 1405 3778 1469 τίς

2207 1487 2325 1544 Ἵνα
2361 1494 2456 1545 καὶ
2483 1495 2642 1564 ἡμεῖς
2681 1496 2886 1565 ἕτοιμοι
2911 1491 3061 1567 ὦμεν
3088 1497 3224 1568 πρὸς
3259 1494 3360 1565 τὴν
3403 1493 3604 1559 ἓξοδονο
3641 1490 3779 1563 πρδς

2207 1576 2354 1650 [1771
2385 1580 2482 1650 τὴν
2507 1581 2754 1636 ἐντεῦθεν
2783 1584 3110 1654 ἀποδημίαν.
3134 1583 3338 1654 Μηδεὶς
3368 1581 3478 1635 τῶν
3501 1581 3566 1633 :6
3594 1579 3782 1648 πάσχα

2203 1664 2359 1718 τοῦτο
2370 1668 2655 1722 ἐσθιόντων
2672 1673 2808 1740 πρὸς
2819 1673 3092 1740 Αἴγυπτον
3107 1670 3368 1741 βλεπέτω,
3386 1668 3522 1722 ἀλλὰ
3538 1669 3679 1738 πρὸς
3692 1665 3781 1718 τὸν

2205 1753 2451 1823 οὐρανὸν,
2488 1757 2624 1827 πρὸς
2649 1757 2748 1829 τὴν
2773 1759 2884 1811 ἄνω
2921 1759 3294 1830 Ἰερουσαλήμ.
3340 1757 3437 1810 Διά
3463 1754 3623 1809 τοῦτο
3645 1753 3780 1816 ἐξω·

2207 1839 2421 1908 σμένος,
2469 1841 2557 1896 διὰ
2594 1843 2751 1898 τοῦτο
2789 1845 3176 1916 ὑποδεδεμένος
3211 1843 3433 1909 ἐσθίεις.
3472 1842 3560 1895 ἵνα
3602 1841 3782 1912 μάθος

2206 1927 2288 1980 ὅτι
2317 1928 2433 1998 ἅμα
2461 1929 2541 2001 τῷ
2580 1931 2848 2002 ἄρξασθαι
2889 1933 3088 1986 ἐσθίειν
3132 1931 3194 1986 :6
3223 1932 3442 2001 πάσχα,
3476 1929 3781 1998 ἀποδημεῖν

2206 2014 2440 2082 σφείλεις
2488 2019 2585 2071 καὶ
2609 2019 2832 2073 ὁδεύειν.
2871 2019 2979 2072 Δύο
3017 2019 3076 2074 66
3108 2018 3427 2073 αἰνίττεται·
3452 2018 3547 2071 καὶ
3586 2015 3646 2068 :6
3673 2014 3783 2067 δεῖν

2213 2101 2416 2166 ἐξιέναι
2437 2104 2545 2158 ἀπὸ
2566 2105 2863 2174 Αἰγύπτου,
2887 2108 2982 2160 καὶ
3015 2107 3075 2160 :6
3109 2107 3388 2178 μένοντας,
3411 2105 3487 2167 ὼς
3516 2105 3596 2166 εἰς
3628 2102 3786 2156 ἀλλο-

2206 2191 2363 2258 τρίαν
2385 2189 2570 2244 λοιπὸν
2593 2191 2800 2261 μένεινο
2830 2192 3017 2263 Ἡμῶν
3039 2195 3167 2264 γὰρ,
3186 2192 3341 2264 φησί,
3359 2191 3427 2246 τὸ
3447 2191 3784 2257 πολίτευμα

2206 2276 2277 2328 ἐν
2293 2277 2590 2346 οὐρανοῖς,
2608 2279 2775 2333 καὶτὸ
2795 2281 2974 2335 πάντα
2988 2283 3077 2334 τὸν
3091 2281 3204 2351 βίον
3215 2280 3303 2333 ἀεὶ
3325 2275 3786 2348 ἐμπαρασκεύους

2207 2358 2366 2428 εῖναι,
2387 2363 2528 2419 ὥστε
2553 2367 2850 2438 κληθέντας
2872 2369 2948 2441 μὴ
2971 2367 3386 2432 ἀναϐάλλεσθαι,
3417 2364 3551 2420 ἀλλὰ
3575 2365 3705 2431 λέγε
3715 2377 3786 2414 ινο

2219 2450 2456 2522 Ἐτοίμη
2483 2455 2522 2523 ἡ
2571 2455 2787 2525 καρδία
2808 2457 2995 2527 ήμῶν.
3041 2456 3201 2511 Ἀλλά
3236 2455 3393 2510 τοῦτο
3423 2454 3525 2527 μὲν
3569 2450 3790 2514 Παῦλος

2210 2540 2437 2610 ἠδύνατο
2474 2542 2673 2613 λέγειν,
2720 2547 2749 2599 6
2785 2546 2952 2617 μηδὲν
2987 2545 3164 2618 ἐαυτῷ
3204 2543 3459 2607 συνειδώς
3483 2559 3500 2574 ·
3525 2540 3640 2610 ἐγὼ
3671 2541 3738 2594 δὲ
3762 2542 3791 2593 6

2208 2628 2404 2682 πολλοῦ
2445 2631 2636 2702 χρόνου
2674 2632 2925 2705 δεόμενος
2968 2636 3048 2698 εἰς
3086 2634 3392 2705 μετάνοιαν,
3435 2631 3497 2684 06
3545 2629 3790 2688 δύναμαι

2207 2715 2401 2771 εἰπεῖν.
2427 2716 2550 2772 Ὅτι
2567 2718 2624 2772 66
2643 2719 2704 2774 :6
2729 2719 2962 2786 ἐζῶσθαι
2985 2719 3364 2793 γρηγορούσης
3386 2717 3589 2790 ψυχῆς,
3616 2717 3790 2770 ἄκουε

2206 2804 2302 2858 τοῦ
2351 2805 2486 2859 Θεοῦ
2544 2807 2792 2876 λέγοντος
2837 2808 2915 2881 τῷ
2949 2809 3144 2880 δικαίῳ
3183 2807 3374 2879 ἐκείνῳ
3413 2823 3428 2837 ⁸
3453 2805 3574 2876 Μὴ,
3619 2805 3792 2859 ἀλλὰ

2208 2889 2386 2952 {illam
2407 2892 2610 2964 ὥσπερ
2637 2895 2794 2965 ἀνὴρ
2822 2897 2936 2966 τὴν
2976 2897 3178 2967 ὀσφύν
3204 2912 3322 2950 σου
3345 2911 3360 2926 ·
3393 2891 3674 2962 ἐρωτήσω
3723 2889 3793 2944 δέ

2206 2995 2302 3044 σε,
2325 2981 2408 3035 σὺ
2432 2980 2501 3034 δέ
2519 3000 2624 3052 μοι
2655 2983 3023 3054 ἀποκρίθητι.
3057 2982 3227 3036 Τοῦτο
3265 2981 3362 3035 καὶ
3399 2980 3534 3051 πρὸς
3571 2979 3792 3040 πάντας

2208 3064 2398 3131 ἁγίους
2431 3068 2584 3136 φησὶ,
2635 3064 2795 3120 τοῦτο
2840 3067 2897 3120 66
2929 3067 3024 3119 καί
3048 3065 3201 3138 πρὸς
3231 3064 3326 3118 τὸν
3355 3063 3612 3118 Μωῦσέα.
3671 3064 3793 3118 Καὶ

2207 3151 2370 3214 αὐτὸς
2401 3152 2459 3206 66
2483 3153 2728 3222 φαίνεται
2751 3151 3056 3226 ἕζωσμένος
3076 3155 3133 3208 ἐν
3153 3153 3231 3226 τῷ
3257 3153 3523 3224 Ἰεζεκιήλ
3544 3169 3560 3184 ·
3583 3151 3794 3222 μᾶλλον

2207 3237 2266 3291 δὲ
2312 3240 2408 3293 καὶ
2447 3242 2497 3293 οἰ
2542 3241 2761 3310 ἄγγελοι
2807 3245 2938 3313 ἡμῖν
2975 3242 3276 3313 ἐζωσμένοι
3322 3239 3640 3311 φαίνονται,
3687 3240 3793 3294 ἆτε

2159 3380 2162 3382 ν
2211 3327 2540 3396 στρατιῶται
2567 3329 2739 3394 ὄντες.
2772 3329 2903 3383 Ἀπὸ
2928 3330 3023 3383 τοῦ
3050 3327 3476 3400 περιζώσασθαι.
3511 3329 3571 3383 :6
3593 3329 3795 3398 στῆναι

2207 3415 2412 3484 γίνεται
2433 3416 2713 3485 γενναίως,
2731 3416 2918 3488 ὥσπερ
2941 3417 3050 3472 ἀπὸ
3065 3416 3156 3470 τοῦ
3172 3419 3381 3488 στῆναι,
3400 3417 3462 3470 :6
3481 3418 3795 3481 ζώσασθαι.

2207 3503 2418 3557 Οὐκοῦν
2435 3505 2529 3558 καὶ
2557 3505 2782 3568 ἑαυτοὺς
2806 3504 3198 3575 περιζὼσωμεν
3217 3521 3242 3555 ι
3263 3506 3356 3557 καὶ
3374 3503 3483 3574 γάρ
3507 3505 3601 3557 καὶ
3621 3505 3796 3575 ἡμεῖς

2207 3591 2409 3656 ἐξιέναι
2449 3591 2753 3663 μέλλομεν,
2805 3593 2900 3645 καὶ
2957 3592 3127 3646 πολλὰ
3169 3591 3375 3663 μεταξὺ
3420 3592 3489 3646 τά
3543 3592 3790 3663 χαλεπά.

2212 3680 2380 3733 ’Ὀταν
2397 3679 2460 3732 :6
2482 3679 2664 3734 πεδίον
2678 3679 2833 3732 τοῦτο
2852 3679 3168 3750 διέλθωμεν,
3186 3681 3214 3732 6
3226 3679 3466 3744 διάϐολος
3481 3681 3795 3752 ἐφέστηκεν

2209 3768 2431 3834 εὐθέως,
2475 3771 2650 3824 πάντα
2700 3769 2868 3822 ποιῶν
2910 3771 3002 3822 καὶ
3031 3769 3443 3841 μηχανώμενος,
3491 3770 3634 3822 ὥστε
3659 3773 3796 3835 τοὺς

2208 3853 2267 3920 ἐξ
2300 3855 2576 3923 Αἰγύπτου
2611 3854 3062 3922 σωθέντας,ῶστε
3093 3857 3220 3919 τοὺς
3246 3857 3345 3926 τὴν
3393 3856 3663 3928 Ἐρυθρὰν
3688 3857 3795 3912 θά-

2208 3942 2412 3996 λασσαν
2455 3941 2764 4008 διαϐάντας,
2807 3943 2933 4008 :06;
2972 3942 3081 3996 ἀπὸ
3109 3942 3219 3996 τῶν
3251 3944 3520 4014 δαιμόνων
3549 3945 3794 4001 καὶτῶν

2211 4033 2420 4103 μυρίων
2448 4031 2674 4102 πληγῶν
2709 4033 2826 4103 ἅμα
2871 4033 3294 4104 ἀπολυομένους,
3339 4033 3558 4099 τούτους
3603 4035 3794 4091 λαϐὼν

2209 4119 2491 4173 ἀπολέσαι.
2547 4118 2708 4184 Ἀλλ’,
2756 4119 2852 4172 66v
2897 4121 3190 4191 νήφωμεν,
3237 4120 3435 4192 ἔχομεν
3478 4123 3573 4176 καὶ
3619 4127 3796 4196 ἡμεῖς

2210 4205 2401 4260 στῦλον
2450 4206 2656 4275 πυρὸς,
2707 4207 2806 4278 τὴν
2845 4205 2938 4261 τοῦ
2976 4207 3291 4278 Πνεύματος
3334 4209 3492 4280 χάριν
3516 4227 3532 4242 ο
3559 4212 3587 4264 6
3620 4214 3793 4278 αὐτὸς

2207 4297 2303 4350 καὶ
2349 4296 2594 4365 φωτίζει,
2615 4297 2712 4350 καὶ
2746 4296 2956 4360 σκιάζει
2989 4312 3002 4324 '
3028 4295 3222 4368 ἔχομεν
3249 4299 3454 4367 μάνναο
3487 4299 3693 4371 μᾶλλον
3730 4303 3790 4356 δὲ

2206 4384 2268 4437 06
2320 4385 2520 4455 μάννα,
2576 4383 2710 4438 ἀλλά
2751 4383 2930 4455 πολλῷ
2978 4385 3140 4439 πλέον
3186 4385 3280 4439 τοῦ
3325 4386 3497 4457 μάννα
3549 4388 3786 4460 ἔχομεν’

2207 4471 2358 4540 πόμα
2400 4471 2785 4540 πνευματικὸν,
2831 4473 2929 4542 οὐχ
2975 4471 3120 4543 ὕδωρ
3163 4474 3269 4528 ἀπὺ
3312 4475 3517 4544 πέτρας
3559 4475 3784 4539 ἔξεισιν.

2212 4557 2451 4628 Ἔχομεν
2490 4560 2583 4612 καὶ
2626 4558 2997 4629 παρεμϐολὴν,
3023 4559 3122 4630 τὴν
3154 4559 3358 4631 ἔρημον
3386 4561 3665 4626 οἰκοῦντες
3691 4565 3788 4617 καὶ

2208 4643 2323 4698 νῦν.
2353 4647 2559 4708 Ὄντως
2591 4645 2720 4715 γὰρ,
2761 4646 2928 4708 ὅντως
2971 4646 3174 4718 ἕρημος
3218 4650 3311 4701 καί
3338 4648 3434 4703 νῦν
3461 4649 3560 4720 τῆς
3579 4650 3789 4722 ἀρετῆς

2205 4733 2240 4802 ἡ
2275 4732 2346 4802 γῆ
2376 4733 2587 4801 γέγονε,
2627 4734 2720 4786 καί
2759 4734 3016 4805 μᾶλλονῆ
3050 4735 3255 4804 ἐκείνη.
3305 4738 3404 4790 Διά
3449 4738 3501 4789 τί
3541 4739 3726 4811 ἐκείνη
3748 4743 3786 4809 ἡ

2208 4819 2412 4890 ἔρημος
2451 4820 2655 4892 φευκτὴ
2699 4815 2800 4890 ἧνς
2841 4817 2928 4891 ἆρ’
2967 4822 3064 4892 ούχ
3098 4824 3177 4876 ὅτι
3222 4823 3514 4894 σκορπίους
3545 4823 3694 4895 εἶχεν
3726 4830 3790 4883 ἐν

2207 4908 2371 4978 ἑαυτῇ
2412 4909 2506 4961 καὶ
2544 4908 2718 4979 ἔχεις;
2753 4910 2810 4962 ἐν
2841 4904 2898 4980 ᾖ,
2925 4912 3108 4980 φησὶν,
3145 4911 3206 4964 06
3241 4911 3452 4982 διῆλθεν
3471 4913 3784 4985 ἄνθρωπος.

2220 4995 2360 5048 Ἀλλ’
2384 4995 2482 5048 οὐκ
2504 4995 2670 5059 ἔστιν,
2695 4996 2794 5048 οὐκ
2820 4997 2966 5050 ἐστιν
2995 4997 3165 5054 οὕτως
3192 5002 3396 5073 ἄφορος
3425 5000 3608 5072 ἐκείνη
3647 5019 3792 5072 καρ-

2207 5084 2345 5149 πῶν,
2369 5084 2444 5148 ὼς
2471 5086 2504 5154 ὴ
2532 5084 2843 5156 ἀνθρωπίνη
2868 5085 3048 5154 φύσις.

2277 5177 2348 5241 γ’.
2369 5171 2483 5224 Νῦν
2505 5173 2659 5225 πόσοι
2686 5168 2955 5243 σκορπίοι,
2985 5173 3148 5226 πόσαι
3173 5175 3355 5244 ἐχειςι)
3373 5176 3512 5230 κατά
3535 5175 3632 5248 τὴν
3653 5177 3790 5248 ἕρη-

2209 5276 2307 5329 μον
2331 5258 2555 5328 ταύτην.
2589 5258 2742 5312 πόσοι
2782 5260 2952 5329 ὄφεις,
3012 5262 3163 5314 πόσοι
3199 5264 3510 5333 γεννήματα
3556 5265 3790 5335 ἐχιδνῶν

2205 5341 2368 5410 οὗτοι,
2409 5345 2502 5409 οὒς
2529 5343 2622 5399 νῦν
2641 5346 2955 5417 διήλθομεν;
2994 5347 3150 5400 Ἀλλά
3183 5348 3257 5417 μὴ
3289 5348 3644 5420 φοϐηθῶμεν·
3680 5351 3790 5421 τῆς

2206 5435 2314 5505 γάρ
2365 5435 2543 5501 ἐξόδου
2580 5431 2783 5504 ταύτης
2834 5437 3145 5505 στρατηγεῖ,
3219 5438 3278 5488 o6
3331 5437 3590 5506 Μωῦσῆς,
3645 5439 3792 5496 ἀλλὰ

2219 5522 2439 5594 Ἰησοῦς.
2464 5522 2588 5586 Πῶς
2613 5519 2705 5576 οὖν
2730 5523 2803 5594 μὴ
2828 5523 2896 5576 τά
2915 5524 3053 5576 αὺτά
3083 5523 3376 5595 πάθωμεν;
3422 5526 3512 5596 Μὴ
3538 5526 3609 5580 :6
3639 5527 3794 5583 αὐτὰ

2203 5613 2511 5683 δράσωμεν,
2534 5613 2627 5666 καὶ
2646 5612 2706 5665 06
2731 5612 3030 5684 πεισόμεθα
3064 5613 3132 5665 :6
3159 5613 3316 5667 αὐτά.
3363 5613 3591 5667 Ἐκεῖνοι
3621 5615 3794 5683 ἐγόγ-

2205 5701 2388 5769 γυζον,
2414 5703 2608 5754 ἐκεῖνοι
2634 5699 2945 5772 ἀγνώμονες
2965 5696 3104 5772 ἦσαν
3129 5717 3142 5730 ·
3175 5702 3250 5772 μὴ
3274 5701 3448 5755 τοίνυν
3468 5701 3642 5756 ταῦτα
3671 5703 3790 5760 πά-

2272 5847 2299 5886 b
2323 5843 2405 5897 Sic
2427 5845 2622 5909 quidam
2641 5859 2758 5895 mss.
2793 5841 2925 5897 Edili
2949 5859 3069 5897 vero
3092 5851 3144 5898 ot
3168 5845 3250 5897 alii
3271 5847 3416 5896 πόσοι
3439 5846 3580 5909 Ξχιις.
