3878 6534
160 457 255 512 163

137 846 279 904 Nihil
309 863 393 907 est
418 868 548 923 ergo
578 854 661 911 his
687 856 1022 917 imbecillius.

204 939 260 993 3.
302 941 510 999 Rursus
559 956 735 1001 autem
784 950 931 1023 vides
973 952 1293 1013 Manichazos
1334 964 1604 1031 quomodo
1645 979 1711 1021 ex

136 1034 364 1100 propriis
390 1036 682 1093 rationibus
701 1041 877 1096 omnia
902 1043 1045 1114 loqui
1063 1049 1330 1106 audeant?
1350 1053 1462 1109 Non
1480 1066 1707 1126 poterat,

134 1120 324 1192 inquit,
361 1124 500 1181 Deus
538 1128 790 1185 mundum
821 1148 1006 1189 creare
1028 1138 1231 1209 absque
1257 1120 1497 1199 materia:
1528 1120 1707 1203 Unde;

132 1228 254 1267 nam
296 1215 399 1270 hoc
422 1220 669 1273 constat?
702 1220 817 1277 haec
846 1222 989 1279 hutni
1023 1242 1298 1287 versantes
1322 1235 1521 1299 dicunt,
1553 1246 1607 1292 et
1635 1254 1703 1294 ex

130 1315 297 1370 terra,
332 1318 492 1378 atque
517 1311 581 1365 iis
606 1328 725 1382 quae
753 1326 877 1369 sunt
901 1320 1038 1387 apud
1073 1336 1188 1375 nos.
1216 1323 1474 1391 Quoniam
1508 1328 1701 1393 homo,

118 1396 405 1466 inquiunt,
440 1416 545 1455 non
587 1413 759 1465 potest
784 1407 941 1462 aliter
981 1409 1172 1468 facere.
1201 1414 1406 1471 Rursus
1428 1418 1546 1475 vide
1574 1423 1701 1491 quid

122 1487 265 1541 dicat
292 1489 524 1546 Marcion
549 1496 693 1551 :Non
718 1507 923 1565 poterat
951 1502 1090 1556 Deus
1113 1516 1379 1575 assumpta
1398 1524 1557 1565 carne
1582 1528 1698 1566 ma-

118 1593 256 1633 nere
292 1582 540 1635 mundus.
570 1583 846 1641 Undenam
887 1589 990 1644 hoc
1034 1597 1568 1665 eonstat?Quoniam
1597 1618 1698 1660 nec
1799 1604 2115 1671 Jerusalem.

119 1667 367 1727 homines
406 1674 620 1744 quidem
671 1691 910 1748 possunt.
953 1685 1112 1756 Atqui
1159 1689 1402 1747 homines
1449 1706 1693 1764 possunt.

119 1759 436 1820 Valentinus
463 1782 646 1823 rursus
668 1773 811 1826 lmmi
834 1788 1110 1845 serpentes
1138 1779 1337 1838 habens
1360 1787 1593 1858 rationes
1614 1829 1629 1855 ,
1661 1803 1694 1846 e
1794 1790 1956 1848 edere
1976 1811 2067 1865 pas

115 1862 266 1907 terra
294 1855 551 1925 loquitur,
581 1860 933 1935 similiterque
963 1868 1157 1926 Paulus
1201 1855 1609 1947 Samosatenus,
1635 1890 1691 1937 et

112 1943 298 1999 Arius.
329 1946 459 2014 Quid
485 1952 627 2004 enim
652 1953 820 2009 dicit?
858 1956 973 2012 Non
1014 1970 1220 2029 poterat
1260 1964 1399 2021 Deus
1426 1943 1690 2038 generans

109 2048 369 2102 generare
395 2038 775 2108 impatibiltter.
810 2045 1084 2105 Undeuatn
1121 2053 1221 2109 hoc
1262 2057 1425 2114 audes
1474 2060 1682 2129 dicere,

110 2144 141 2177 υ
183 2126 318 2182 Arii
370 2129 448 2185 Ex
481 2133 544 2187 iis
571 2140 690 2203 quae
726 2149 851 2194 sunt
890 2143 1027 2211 apud
1072 2161 1189 2201 nos.
1222 2146 1408 2205 Videu’
1450 2155 1685 2211 rationes
1785 2161 1841 2207 et
1870 2163 1975 2211 tota
2005 2126 2110 2218 vita
2136 2180 2164 2220 s

110 2217 344 2272 ninnium
375 2220 519 2276 hutni
549 2229 774 2295 repere?
812 2232 966 2299 plane
999 2234 1259 2294 demissas
1286 2256 1405 2296 esse
1431 2253 1485 2297 et
1520 2261 1681 2301 ener-

107 2316 287 2375 vatas,
339 2321 394 2366 et
436 2324 631 2370 terram
674 2320 997 2388 spirare?Et
1042 2327 1107 2380 ita
1138 2331 1352 2399 quidem
1388 2349 1446 2387 se
1485 2335 1681 2394 habent

102 2400 240 2467 quod
272 2403 464 2459 attinet
487 2407 553 2461 ad
580 2408 845 2478 dogmata.
888 2414 1094 2471 Rursus
1119 2431 1296 2476 autem
1324 2426 1463 2493 quod
1491 2428 1557 2481 ad
1599 2430 1679 2483 vi.

103 2499 225 2555 tam,
251 2492 344 2562 qui
364 2505 490 2549 sunt
516 2507 859 2569 scortatores,
886 2508 1124 2574 pecunia:
1149 2492 1392 2569 amantes
1412 2524 1465 2569 et
1493 2518 1677 2587 gloria:

98 2592 146 2634 et
165 2582 400 2639 aliorum
424 2588 688 2657 omnium,
715 2592 860 2650 humi
877 2608 1068 2666 repunt
1089 2617 1102 2655 :
1122 2617 1225 2657 non
1249 2605 1445 2662 habent
1464 2582 1674 2667 lumbos

98 2675 285 2730 ﬁrmos
305 2687 361 2733 et
385 2689 589 2737 stantes
618 2693 673 2738 ut
715 2685 911 2744 defessi
941 2693 1145 2760 possint
1172 2696 1448 2766 quiescere
1466 2743 1481 2766 ,
1508 2704 1601 2758 sed
1625 2705 1671 2759 si

92 2766 288 2822 fuerint
315 2768 544 2840 defessi,
578 2791 680 2830 nou
711 2778 997 2837 admovent
1020 2801 1230 2841 manum
1263 2805 1362 2845 nec
1387 2802 1547 2861 stant,
1572 2796 1667 2851 sed

93 2860 451 2917 resolvuntur.
474 2863 573 2931 Qui
594 2878 772 2923 autem
796 2881 879 2926 est
901 2876 1205 2933 succinctus
1226 2883 1467 2948 veritate,
1494 2886 1668 2954 primo

89 2948 306 3016 quidem
333 2969 619 3027 numquam
647 2960 749 3014 erit
776 2961 1017 3020 defessus
1047 2971 1323 3026 :secuudo
1360 2948 1540 3030 autem
1561 3017 1579 3043 ,
1618 2979 1664 3035 si

88 3038 243 3094 fuerit
265 3041 530 3113 defessus,
554 3052 855 3120 requiescet
872 3054 923 3108 in
944 3056 1055 3126 ipsa
1078 3062 1318 3118 veritate.
1342 3065 1476 3133 Quid
1495 3070 1660 3140 enim,

85 3131 166 3186 dic
187 3135 354 3199 mihi,
378 3150 730 3208 paupertasne
748 3160 870 3200 eum
891 3146 1237 3221 defatigabit?
1266 3131 1610 3229 Nequaquam

85 3226 376 3293 requiescit
390 3230 530 3284 enim
548 3247 707 3303 super
726 3250 818 3291 eas
835 3254 952 3308 qua:
974 3255 1100 3298 vere
1122 3256 1244 3300 sunt
1258 3247 1476 3315 divitiae,
1497 3262 1548 3306 et
1564 3269 1661 3323 per

82 3328 447 3384 paupertatem
470 3323 606 3378 sciet
632 3342 751 3394 qua:
772 3328 841 3382 sit
866 3345 988 3385 vere
1005 3345 1309 3403 paupertas.
1334 3342 1405 3394 At
1428 3344 1657 3401 servitus

78 3422 191 3460 eum
249 3408 606 3481 defatigabit?
652 3418 865 3474 Minime
898 3423 1043 3477 :scit
1085 3428 1224 3480 enim
1274 3444 1390 3498 qua:
1420 3432 1489 3485 sit
1529 3449 1655 3491 vere

76 3500 325 3553 servitus.
366 3506 437 3556 At
464 3506 718 3562 morbus?
744 3509 846 3565 Sed
892 3528 1062 3584 neque
1088 3516 1189 3573 hoc
1221 3536 1234 3572 :
1262 3520 1443 3577 Lumbi
1468 3529 1650 3595 vestri,

74 3587 235 3659 inquit
277 3592 522 3650 Christus
546 3637 560 3661 ,
600 3599 703 3652 sint
747 3604 1006 3671 succincti,
1055 3617 1101 3660 et
1154 3610 1373 3666 lucerna:
1418 3617 1651 3673 ardentes

73 3679 229 3747 (Luc.
262 3682 355 3737 i2.
385 3686 453 3741 55
475 3687 529 3755 );
575 3689 645 3743 ita
669 3700 726 3744 ut
754 3692 925 3748 lucem
955 3697 1182 3753 habeant
1209 3718 1327 3771 quae
1350 3720 1455 3759 non
1482 3710 1649 3776 possit

68 3775 354 3845 exsangui.
386 3776 500 3832 Hoc
550 3781 711 3835 etiam
757 3797 1077 3857 praeceptum
1113 3789 1209 3845 fuit
1234 3775 1552 3854 exeuntibus
1578 3815 1646 3855 ex

70 3864 334 3937 Egypto,
386 3879 440 3925 et
482 3875 736 3929 succincti
774 3878 971 3946 pascha
1020 3884 1390 3941 comedebant.
1424 3890 1639 3961 Etcur,

69 3954 271 4026 inquies
291 3997 307 4024 ,
330 3960 409 4014 sic
434 3963 824 4020 comedebant?
850 3966 943 4025 Vis
968 3971 1108 4027 scire
1132 3983 1295 4030 totam
1320 3992 1535 4035 causam
1557 3997 1642 4037 se-

67 4051 292 4105 modum
338 4053 648 4122 historiam,
707 4074 775 4113 au
828 4064 1119 4119 secundum
1175 4071 1488 4141 anagogen?
1532 4073 1638 4130 Sed

64 4150 341 4213 utrumque
368 4145 541 4200 dicam
567 4165 581 4201 :
607 4163 701 4204 vos
729 4161 904 4207 autem
929 4155 1173 4212 retinete.
1199 4158 1316 4215 Non
1343 4163 1484 4217 enim
1515 4165 1637 4223 dico

66 4244 118 4286 ut
143 4238 301 4289 verba
359 4238 659 4307 proferam,
689 4244 782 4297 sed
815 4255 869 4299 ut
898 4249 1056 4303 verba
1094 4266 1211 4306 mea
1238 4254 1376 4323 apud
1434 4272 1529 4312 vos
1578 4259 1632 4315 in

60 4340 188 4392 opus
208 4338 420 4380 exeant.
448 4328 633 4397 Erant,
663 4331 853 4403 inquit,
875 4339 1105 4407 accincti,
1134 4352 1182 4395 et
1210 4344 1379 4399 baculi
1411 4359 1552 4403 erant
1579 4352 1632 4405 in

56 4430 234 4467 eorum
256 4419 479 4474 omnibus
502 4460 518 4487 ,
550 4431 599 4475 et
618 4422 776 4479 calcei
803 4427 856 4480 in
881 4429 1113 4498 pedibus,
1143 4442 1188 4486 et
1215 4435 1286 4489 ita
1310 4440 1633 4497 comedebant

54 4507 255 4573 pascha
298 4509 488 4576 (Exod.
536 4514 626 4568 12.
659 4517 779 4587 11
822 4518 1098 4577 Terribilia
1126 4534 1180 4580 et
1210 4532 1479 4585 tremenda
1510 4551 1631 4606 my-

50 4596 245 4660 steria,
278 4616 391 4669 qua:
415 4618 656 4674 magnam
684 4607 879 4665 habent
900 4614 1335 4682 profunditatem.
1368 4624 1423 4677 Si
1449 4596 1626 4683 autem

48 4686 102 4741 in
128 4690 275 4759 typis
297 4704 348 4747 et
373 4693 554 4764 ﬁguris
582 4710 707 4753 sunt
731 4702 864 4759 adeo
884 4708 1162 4777 terribilia,
1191 4713 1359 4767 multo
1384 4720 1549 4788 magis
1574 4722 1625 4774 in

46 4784 293 4839 veritate.
327 4785 543 4843 Exeunt
573 4808 636 4844 ex
664 4792 916 4865 Egypto,
946 4805 1136 4866 pascha
1167 4784 1494 4863 comedunt:
1524 4816 1623 4867 At-

49 4875 201 4929 tende
226 4893 242 4929 :
272 4887 353 4932 est
371 4880 585 4936 habitus
609 4886 864 4942 viatorum
892 4908 905 4944 :
931 4907 1053 4946 nam
1084 4893 1283 4953 habere
1310 4902 1541 4970 ealceos,
1570 4916 1624 4961 et

44 4966 213 5037 virgas
242 4967 298 5023 itt
331 4975 600 5041 manibus,
629 4987 682 5031 et
709 4988 913 5037 stantes
943 4987 1246 5057 comedere,
1299 4994 1430 5051 nihil
1480 4998 1620 5054 aliud

44 5070 191 5123 quam
209 5059 317 5116 hoc
344 5062 633 5134 signiﬁcat.
663 5067 833 5126 Vultis
850 5073 1078 5143 primum
1105 5080 1291 5136 audire
1322 5084 1617 5156 historiam,

44 5163 103 5202 an
131 5156 455 5226 anagogen?
501 5157 681 5215 Satius
711 5171 794 5217 est
843 5165 1138 5223 historiam.
1179 5172 1315 5240 Quid
1359 5191 1489 5248 ergo
1517 5181 1618 5236 sibi

47 5242 146 5295 vult
170 5244 439 5303 historia?
476 5248 939 5313 Obliviscebantur
964 5274 1106 5331 saepe
1129 5264 1298 5321 Judaei
1324 5242 1616 5329 beneficio-

43 5347 145 5388 rum
176 5337 298 5393 Dei.
331 5339 400 5395 Ut
428 5342 588 5411 igitur
610 5344 719 5403 illis
752 5350 835 5404 vel
875 5352 1052 5407 invitis
1083 5354 1271 5412 borum
1303 5366 1613 5421 memoriam

48 5427 328 5493 refricaret,
358 5430 503 5487 hunc
529 5437 843 5493 comedendi
879 5445 1075 5511 pascha
1104 5448 1318 5505 modum
1363 5454 1477 5525 lege
1506 5468 1609 5510 sta-

48 5521 144 5569 tuit.
165 5524 392 5586 Quare?
421 5522 490 5580 Ut
512 5540 631 5579 cum
668 5530 889 5600 singulis
915 5536 1071 5590 annis
1098 5521 1629 5618 cogerentur—legem-

46 5606 170 5663 illam
194 5626 443 5679 servare,
489 5622 790 5675 necessario
840 5623 967 5690 Dei,
1008 5627 1099 5696 qui
1140 5630 1283 5699 ipsos
1333 5636 1609 5707 eduxerat,

45 5703 459 5759 recordarentur.
521 5708 700 5779 itaque
748 5728 853 5767 non
898 5720 1121 5786 tempori
1161 5718 1344 5778 solum
1377 5728 1611 5797 alligavit

47 5791 161 5847 “eos
186 5812 285 5851 sua
320 5799 604 5864 beneficia,
628 5804 721 5859 sed
761 5807 921 5860 etiam
950 5809 1149 5865 habitui
1191 5819 1602 5878 comedentium.

42 5878 313 5955 Preyterca
337 5892 478 5944 enim
498 5909 636 5947 nunc
660 5897 947 5954 comedunt
963 5903 1183 5960 accincti
1202 5917 1251 5961 et
1273 5910 1514 5983 calceati,
1533 5918 1603 5970 uti

361 5987 623 6053 PATBOL.
671 5996 782 6055 Cn.
838 5999 1022 6063 LX”.

1032 468 1101 524 IN
1140 469 1354 529 EPIST.
1395 475 1488 530 AD
1528 476 1762 538 EPHES.
1805 484 1956 543 CAP.
2002 490 2087 549 Vl.
2130 495 2360 555 IIOMIL.
2405 503 2590 564 XXIII.

152 571 432 627 humanam
456 585 673 644 superet
700 579 956 635 rationem
982 582 1005 635 ζ’
1034 599 1139 638 non
1180 598 1303 642 sunt
1331 590 1473 646 enim
1503 595 1717 649 succin-

143 661 214 715 cti
241 662 292 715 in
324 663 566 721 veritate.
598 666 955 733 Quamobrem
984 674 1142 729 soluti
1171 688 1295 732 sunt
1315 695 1501 736 eorum
1530 685 1714 753 lumbi,

141 754 193 808 in
213 757 366 826 queis
385 768 509 814 sunt
526 761 773 832 gignendi
802 766 1001 821 semina
1026 780 1080 824 et
1104 773 1500 832 ratiociniorum
1530 780 1715 837 robur.

3298 530 3401 587 166

1825 601 1870 654 si
1898 616 2169 673 rogentur,
2193 612 2373 673 dicant
2396 637 2409 674 :
2432 621 2654 682 Eramus
2673 632 2841 699 parati
2865 636 2931 691 ad
2960 638 3079 707 iter,
3110 650 3163 700 et
3185 660 3400 709 eramus

1824 696 2013 752 exituri
2035 716 2099 755 ex
2130 702 2432 778 Egyptoin
2463 725 2658 775 terram
2674 696 3065 792 promissionis.
3093 736 3397 802 Secundum

1822 784 2119 897 historiam,
2154 795 2253 853 hoc
2282 803 2497 870 quidem
2524 819 2605 866 est
2637 821 2824 884 typus;
2850 820 2965 879 hac
2978 838 3152 884 autem
3175 836 3393 897 veritas.

1818 874 1925 985 Nos
1965 896 2188 985 quoque
2230 892 2427 959 pascha
2458 874 2821 975 comedi-mus,

1818 965 2024 1026 Pascha
2046 977 2176 1030 enim
2206 991 2435 1040 nostrum
2461 989 2751 1051 immolatus
2784 1013 2856 1056 est
2893 965 3124 1066 Chtfistns
3153 1014 3241 1087 (i.
3268 1018 3391 1076 Cor.

1818 1056 1848 1087 κ
1901 1060 1932 1087 η
1955 1060 1972 1087 \
2039 1064 2205 1087 :__--!-
2264 1071 2302 1087 η

1813 1056 1866 1181 '5.
1901 1060 2011 1181 73:
2038 1064 2230 1137 inquit.
2260 1071 2403 1145 Ergo
2434 1095 2533 1136 nos
2558 1098 2769 1158 quoque
2812 1056 3387 1181 pascit-aucoitt‘edim‘lie,‘

1813 1150 1965 1222 legali
1996 1157 2154 1231 longe
2201 1175 2562 1233 priestautius.
2613 1178 2796 1253 itaque
2836 1198 2890 1243 et
2917 1193 3139 1251 calceati
3180 1212 3234 1257 et
3269 1154 3385 1262 suo:

2709 1242 2721 1253 '
2878 1242 2883 1243 ⁷
2930 1242 3139 1251 ““”“*“““¹¹
3180 1242 3234 1257 ν’
3269 1242 3385 1262 συν-

1777 1242 1970 1300 ,ςοίιιοιὶ
2018 1258 2364 1314 eomedamus
2406 1278 2636 1334 oportet.
2668 1273 2877 1340 Quare?
2923 1282 2989 1338 Ut
3029 1302 3127 1343 nos
3172 1310 3387 1368 quoque

1807 1333 1973 1368 ein-nc
2002 1344 2168 1368 νισι-...2
2202 1348 2264 1368 -.1
2302 1360 2344 1368 ,Α
2366 1352 2396 1368 ο.
2581 1356 2591 1363 -
2694 1364 2705 1368 -

2679 1333 2711 1340 -ν
2932 1333 2988 1338 ’⁷
3029 1333 3126 1343 "vv
3172 1333 3185 1345 ‘
3212 1333 3277 1348 uv
3322 1333 3351 1353 υ

1807 1333 1974 1390 simus
2001 1344 2168 1407 parati
2200 1348 2264 1401 ad
2292 1352 2524 1422 exitum,
2557 1356 2610 1415 et
2641 1364 2706 1418 ad
2738 1333 3216 1441 peregrinationem
3262 1333 3386 1445 hin:

1808 1423 1895 1445 ,Α
1960 1444 1967 1445 ί
2082 1434 2123 1445 -.

2738 1423 2755 1436 ⁸
2866 1423 2915 1441 vi
2932 1423 3215 1437 —-——v-v-I\Jlll
3262 1423 3386 1445 Illll‘o

1804 1423 2055 1487 futuram.
2079 1434 2247 1493 Nemo
2266 1458 2330 1498 ex
2362 1446 2443 1511 iis,
2467 1453 2555 1520 qui
2575 1453 2673 1509 hoc
2698 1462 2895 1528 pascha
2915 1472 3220 1544 comedunt,
3244 1483 3386 1550 aspi-

1804 1515 1905 1550 nia!
1952 1520 2016 1550 Α..
2079 1524 2216 1550 λα’--ι
2243 1540 2273 1550 ιν
2520 1541 2531 1550 ³
2642 1545 2653 1550 ⁵

1802 1515 1908 1635 fiat
1950 1520 2016 1635 ad
2060 1524 2384 1601 Atlgyptum,
2438 1515 2533 1595 sed
2589 1545 2655 1599 ad
2698 1515 3378 1635 Emam},viaws‘iliiéiajll.

2158 1621 2447 1695 Propterea
2478 1638 2762 1708 accinctus,
2802 1661 3083 1718 propterea
3113 1660 3380 1721 calceatus

2091 1721 2146 1763 ut
2173 1711 2348 1773 discas
2380 1724 2521 1789 quod
2562 1711 2905 1807 simulatque
2949 1744 3186 1815 incepisti
3224 1767 3375 1808 com-

2071 1801 2189 1868 clta,
2220 1806 2385 1865 debes
2425 1820 2747 1888 peregrinari
2791 1839 2842 1881 et
2881 1830 2982 1886 iter
3024 1835 3218 1895 facere.
3264 1844 3376 1901 lino

1792 1890 1969 1940 amem
1998 1893 2154 1948 mene
2178 1897 2458 1971 δίεηίηθίην
2488 1921 2538 1963 εί
2565 1927 2815 1980 ⁰ΡοΓ¹θ¹’θ
2835 1928 3012 1992 εὲ¹¹θι1ἰ
3030 1946 3093 1985 ex
3120 1932 3371 2010 ΑΞωΊηυο

1795 1980 1841 2010 ΩΙ
1870 1990 2147 2010 mann-.0..-
2202 2005 2264 2010 ,μ
2285 2008 2290 2010 .
2315 1994 2347 2010 ,ι
2393 1996 2404 2009 ο
2526 2001 2558 2010 ..

2868 1980 2888 1992 κ
3038 1980 3183 1986 ,κ
3261 1980 3347 2005 ν...

1794 1980 1845 2025 et
1870 1990 2148 2040 manentes
2196 1994 2347 2059 quasi
2392 1996 2442 2051 in
2490 2001 2663 2060 aliena
2705 2019 2840 2066 terra
2889 2033 3134 2091 manere;
3178 1980 3372 2088 ἕρεινὲ

2834 2065 2838 2066 ,
2889 2065 3101 2078 --η-..-ιν
3178 2065 3365 2088 ιπυουυ

1788 2065 1939 2133 enim,
1972 2070 2160 2142 inquit,
2192 2090 2503 2143 conversatio
2531 2105 2603 2147 est
2631 2097 2682 2151 in
2707 2102 2844 2157 aclis
2870 2068 3134 2185 (Philipp:
3163 2117 3216 2174 3.
3237 2120 3365 2193 ‘20);

1788 2161 1839 2193 οι
1870 2163 1975 2193 ΙηΙσι
2005 2163 2108 2193 υς...
2137 2180 2283 2193 -.ι-μ-
2326 2191 2347 2193 μ

2166 2183 2350 2240 emper
2373 2193 2493 2234 esse
2534 2198 2766 2256 paratos,
2801 2204 2859 2248 ut
2885 2205 3054 2257 vocati
3079 2183 3187 2262 non
3217 2183 3369 2266 dilfr-

1784 2255 1903 2363 ra\nt
1921 2290 1936 2314 ,
1965 2253 2057 2306 sed
2079 2254 2278 2328 dicant,
2313 2264 2559 2325 Paratum
2580 2289 2653 2330 est
2676 2296 2763 2334 cor
2780 2298 3004 2343 nostrum
3031 2293 3051 2363 (
3066 2295 3213 2353 Psal.
3241 2304 3360 2361 107.

1784 2335 1815 2363 ο
1897 2340 2004 2363 ο-)
2078 2362 2085 2363 ί
2108 2359 2119 2363 _
2269 2358 2280 2363 _
2428 2362 2433 2363 ,

3066 2335 3086 2348 .
3115 2335 3213 2353 η...
3317 2335 3360 2361 ι.

1781 2335 1870 2407 2).
1897 2340 2004 2447 sed
2031 2359 2240 2416 poterat
2266 2358 2373 2413 ha-c
2405 2362 2585 2423 dicere
2614 2370 2829 2443 Paulus,
2859 2383 2947 2450 qui
2974 2335 3073 2441 sibi
3100 2335 3364 2455 niltiletat

1779 2436 2024 2493 conscius
2055 2460 2067 2495 :
2099 2457 2198 2513 ego
2226 2461 2403 2506 autem
2438 2471 2542 2512 non
2590 2478 2805 2533 possunt
2837 2474 3034 2542 dicere,
3073 2485 3162 2552 qui
3192 2490 3360 2545 multo

1780 2528 2016 2552 Qnm-‘n—A
2050 2547 2104 2552 A~
2159 2536 2208 2552 -¹
2268 2541 2279 2552 ⁸
2441 2548 2449 2552 ‘

1780 2528 2019 2626 tempore
2044 2547 2177 2603 Opus
2196 2536 2365 2597 habeo
2386 2548 2450 2600 ad
2480 2528 2865 2622 paenitentiam.
2890 2568 3039 2634 Quod
3066 2528 3243 2633 a'utcm
3269 2598 3358 2640 ae-

2481 2614 2494 2619 _
2794 2614 2865 2622 ---.
2894 2614 3039 2634 κυνι.
3066 2614 3243 2633 uuwm
3269 2614 3356 2640 ειυ-

1775 2614 2009 2676 cinctum
2036 2640 2157 2683 esse
2184 2631 2253 2687 sit
2281 2636 2550 2705 vigilantis
2579 2650 2789 2718 animm,
2820 2661 2940 2714 andi
2978 2663 3140 2721 Deutu
3171 2671 3356 2729 ἀίω-ιι-

2775 2709 2788 2718 ,
2862 2709 2940 2714 η..-
2978 2709 3140 2721 --νι.--σ
3171 2709 3272 2726 ιιιυι
3291 2709 3355 2729 ll"

1776 2711 1882 2761 tem
1914 2709 1989 2766 illi
2009 2712 2156 2783 justo
2186 2739 2199 2775 :
2232 2722 2389 2792 Non;
2415 2735 2505 2786 sed
2534 2744 2787 2809 tamquam
2819 2748 2895 2800 vir
2927 2735 3132 2827 accingi:
3158 2761 3355 2819 lumbos

1777 2805 1885 2827 lianc
1918 2816 1932 2827 ι
1965 2821 2044 2827 ηερ-Α
2078 2825 2093 2827 κ
2143 2823 2152 2827 ‘
2270 2826 2275 2827 ⁷
2340 2821 2349 2827 ⁸

2649 2805 2659 2809 -
2996 2805 3001 2806 ν
3039 2805 3127 2827 "a'
3159 2805 3355 2819 """""'

1774 2805 1885 2852 tuos
1911 2816 1932 2854 :
1956 2821 2046 2873 ego
2066 2823 2232 2867 autem
2260 2826 2309 2872 te
2333 2821 2671 2897 interrogabo,
2722 2845 2774 2889 tu
2812 2854 2926 2896 vero
2947 2847 3071 2901 mihi
3108 2860 3355 2923 responde

1774 2888 1791 2923 ι
1832 2889 1922 2923 Ini.
1952 2896 2019 2923 :0
2066 2901 2096 2923 η
2123 2904 2137 2923 \
2211 2906 2252 2923 Α
2351 2913 2382 2923 ο·
2518 2918 2528 2923 ³

1771 2888 1922 3018 Snlob
1950 2896 2039 2953 58.
2064 2901 2163 2973 δ).
2209 2906 2467 2971 Omnibus
2513 2888 2616 3018 hoc
2656 2888 3351 3018 ’θευεῖιῖρῖέῗέί

2724 2980 2806 2984 η-
2864 2980 3010 3001 _.-.-,
3062 2980 3116 2995 ν.
3163 2980 3242 2999 ...υ
3281 2980 3350 3008 δι.

1772 2980 1888 3051 Ipse
1938 3003 2149 3061 quoque
2195 3013 2415 3070 apparet
2459 3011 2729 3072 accinctus
2782 3023 2836 3076 in
2885 3024 3167 3089 Ezechiele
3198 3054 3214 3090 :
3241 2980 3350 3096 iJmo

1768 3076 1928 3133 etiam
1984 3089 2156 3156 angeli
2208 3107 2467 3163 apparent
2506 3104 2661 3161 nobis
2705 3114 2971 3185 accincti,
3006 3133 3062 3178 ut
3104 3129 3196 3197 qui
3242 3134 3350 3189 sint

1768 3170 1958 3197 nam..-
2020 3177 2090 3197 In“
2310 3187 2322 3197 ·
2539 3194 2551 3197 “

1765 3170 1980 3228 milites.
2016 3177 2090 3231 Ex
2133 3197 2198 3236 eo
2236 3187 2378 3242 enim
2412 3194 2552 3263 quod
2597 3201 2962 3281 accingantnr,
2995 3218 3053 3269 lit
3105 3170 3161 3274 tll.
3203 3234 3359 3291 stent

1765 3270 2019 3291 MM...“
2053 3278 2098 3291 ,.
2152 3272 2184 3291 ,Α
2440 3284 2450 3291 .

1759 3270 2021 3328 generose
2048 3278 2103 3323 et
2150 3272 2393 3346 fortiter;
2438 3284 2506 3337 ita
2554 3302 2619 3343 ex
2664 3307 2729 3347 eo
2753 3270 2912 3367 'quod
2947 3270 3122 3374 stent,
3175 3312 3234 3368 fit
3287 3327 3346 3374 ut

2789 3353 2802 3367 I
2888 3353 2910 3355 “
2959 3353 3122 3374 --νσυιυ
3175 3353 3234 3368 ιιι
3287 3353 3342 3374 III

1759 3353 2120 3423 ﬂeeingm'lur‘
2170 3363 2279 3421 N03
2316 3384 2444 3439 "3°
2492 3379 2832 3451 aCCi"iiamus
2864 3408 2877 3443 :
2906 3396 3097 3454 exituri
3145 3406 3342 3479 quin!)c

1759 3454 1939 3479 Elin-uc
1982 3461 2031 3479 nl
2065 3454 2221 3479 ..υ-Ι...
2257 3458 2358 3479 3η--
2401 3464 2411 3474 ι
2679 3474 2737 3479 ---

1757 3454 1961 3512 sumus,
1982 3461 2034 3503 et
2063 3454 2224 3508 multa
2255 3458 2468 3518 interim
2508 3481 2635 3525 sunt
2658 3474 2915 3538 difficilia.
2942 3454 3176 3552 Quandol
3197 3454 3339 3556 ltitth

1756 3544 2001 3603 campum
2047 3551 2541 3621 pertransierimus,
2574 3565 2752 3621 statim
2804 3569 2999 3630 insistit
3046 3579 3333 3657 diabolus,

1753 3629 1930 3682 omnia
1978 3648 2142 3703 agens
2171 3649 2225 3693 et
2256 3646 2568 3706 tuacbinans
2592 3695 2607 3719 ,
2638 3669 2695 3711 ut
2733 3662 2823 3730 qui
2854 3672 3050 3726 servati
3094 3688 3218 3732 sunt
3265 3629 3334 3738 ex.

1771 3714 1891 3738 Du"
1912 3737 1915 3738 ν
1936 3732 1946 3738 -
2115 3728 2126 3738 ⁸
2371 3736 2393 3738 ⁸

2595 3714 2604 3719 _
2854 3714 3050 3726 __-.....
3094 3714 3218 3732 su...
3265 3714 3334 3738 τι

1751 3714 2006 3803 .Egypto,
2038 3728 2127 3792 qui
2177 3747 2325 3787 mare
2367 3736 2604 3797 Rubrum
2653 3755 2997 3825 transierunt,
3025 3766 3112 3832 qui
3152 3786 3181 3820 a
3219 3770 3334 3825 da:-

1749 3814 1996 3872 mouibtts
2017 3829 2070 3873 et
2090 3836 2119 3874 a
2142 3823 2313 3895 plagis
2335 3830 2807 3897 innumerabilibus
2827 3814 2997 3905 simul
3014 3814 3326 3929 liberantur,

1746 3917 1842 3957 eos
1870 3908 2042 3975 capiat
2082 3922 2137 3965 et
2168 3917 2372 3983 perdat.
2411 3921 2517 3978 Sed
2560 3928 2604 3982 si
2637 3931 2820 4001 vigiles
2849 3938 3035 4009 simus,

1746 4010 1844 4052 nos
1864 4014 2075 4071 quoque
2103 4007 2404 4066 columnam
2431 4015 2585 4086 ignis,
2606 4038 2798 4096 nempe
2813 4007 3043 4100 Spiritus
3059 4007 3323 4109 gratiam

1746 4100 1801 4109 Α..
1814 4087 1840 4109 .l
1854 4105 1872 4109 Δ
1884 4106 1926 4109 υ-
1966 4092 2015 4109 ἠ
2117 4096 2127 4107 ⁸
2210 4107 2217 4109 -
2378 4104 2388 4109 ⁵

1742 4087 1931 4144 eadem
1964 4092 2226 4152 illutnittat
2243 4110 2297 4154 et
2323 4104 2603 4164 adumbrat
2630 4129 2646 4166 :
2679 4087 2935 4177 habemus
2959 4087 3186 4197 ιιιδιῖιιας
3214 4135 3325 4190 imo

1742 4192 1870 4233 vero
1906 4198 2009 4238 non
2037 4202 2227 4243 manna
2250 4233 2265 4258 ,
2311 4196 2406 4252 sed
2435 4201 2577 4268 quod
2600 4216 2682 4259 est
2709 4209 2827 4277 plus
2874 4229 3032 4284 quam
3076 4192 3270 4282 manna
3300 4247 3317 4285 :

1741 4282 1896 4338 potus
1923 4275 2214 4344 spiritualis
2237 4324 2253 4347 ,
2283 4301 2388 4341 non
2419 4305 2553 4362 aqua
2579 4275 2746 4356 exite
2774 4275 2943 4372 petra.
2976 4311 3242 4375 Habemus
3263 4333 3321 4378 et

1736 4373 1947 4430 castra,
1998 4384 2140 4425 nunc
2177 4389 2388 4447 quoque
2415 4381 2688 4445 desertum
2739 4393 3060 4458 habitantes.

1735 4454 1900 4519 enim,
1926 4474 2110 4516 revera
2141 4481 2281 4522 nunc
2300 4486 2511 4544 quoque
2530 4486 2666 4535 terra
2694 4496 2777 4541 est
2799 4503 2827 4541 a
2851 4492 3049 4552 .virtute
3078 4499 3310 4571 deserta,

1732 4554 1787 4656 et
1818 4550 1983 4618 magis
2007 4568 2163 4621 quam
2192 4557 2302 4614 illa.
2344 4561 2450 4620 Cur
2486 4581 2665 4629 autem
2698 4578 3000 4648 fugiendum
3028 4550 3311 4656 erat

1731 4635 2039 4761 deserlttun?
2065 4660 2241 4705 nonne
2262 4654 2382 4721 quia
2413 4656 2641 4718 habebat
2666 4667 2717 4721 in
2746 4635 2807 4726 se
2830 4681 3068 4749 scorpius
3087 4698 3141 4741 ει
3165 4635 3313 4761 vim:

1733 4730 1857 4761 sum?
1912 4749 1941 4761 ..
1975 4749 2076 4761 ......
2143 4738 2304 4761 :-____9.
2508 4760 2511 4761 ,
2650 4757 2682 4761 __

1732 4730 1857 4781 ras?
1888 4729 1942 4784 ltt
1972 4749 2112 4802 quo,
2142 4738 2331 4811 inqttit,
2365 4762 2469 4802 non
2501 4757 2707 4812 transiit
2743 4761 2926 4821 homo.
2954 4729 3067 4828 rSed
3095 4729 3312 4840 nonye‘st

1732 4818 1855 4840 mm,
1911 4822 1924 4840 ,
2056 4837 2064 4840 ,
2249 4836 2258 4840 -

2963 4818 3067 4828 η-..
3096 4818 3202 4835 ..νη
3226 4818 3312 4840 ω..

1731 4818 1855 4873 illttd
1893 4822 2160 4883 desertum
2195 4836 2328 4889 adeo
2354 4843 2535 4897 sterile
2558 4854 2614 4902 et
2648 4865 2755 4906 non
2783 4854 2964 4916 ferens
2992 4865 3223 4936 fructus,
3253 4889 3312 4933 ut

1728 4919 1915 4967 natura
1961 4916 2210 4976 humana.

1798 5003 1851 5059 3.
1881 5004 2033 5062 Nunc
2063 5024 2191 5081 quot
2218 5029 2343 5072 sunt
2365 5027 2595 5095 scorpii,
2625 5044 2756 5101 quot
2781 5036 2979 5109 viperae
3005 5046 3058 5102 in
3086 5050 3307 5113 haedo.

1725 5104 1892 5159 serto,
1910 5112 2040 5167 quot
2064 5117 2339 5175 serpentes
2358 5113 2369 5166 !
2403 5129 2531 5184 quot
2549 5125 2819 5191 genituina
2837 5104 3153 5205 viperarum
3176 5161 3305 5207 sunt

1729 5183 1779 5207 με
2219 5200 2230 5207 .

2422 5183 2429 5184 7
2551 5183 2578 5191 v
2798 5183 2817 5185 η
2862 5183 3152 5205 .-.νν-υ-ΙΙΙΙΙΙ
3176 5183 3303 5207 Mill.

1727 5183 1779 5239 hi
1810 5205 1944 5257 quos
1990 5200 2384 5260 recensuimus!
2424 5208 2528 5264 Sed
2557 5228 2623 5268 ne
2650 5216 2928 5279 timeamus
2960 5244 2975 5282 :
3007 5228 3167 5302 hujus
3184 5242 3303 5295 exi-

1727 5288 1805 5302 n.--
1841 5281 1937 5302 -.-——
1980 5300 1990 5302 -
2034 5296 2045 5302 ‘
2243 5294 2285 5302 ’-

1726 5288 1808 5334 tus
1834 5281 1939 5337 dux
1967 5296 2079 5355 est,
2104 5307 2211 5346 non
2239 5294 2476 5368 Moyses,
2508 5308 2601 5358 sed
2629 5307 2809 5371 Jesus.
2838 5281 3116 5384 Quomodh
3141 5328 3307 5399 igitur

1726 5386 1826 5399 n1...
1854 5375 2031 5399 κηρὶ---
2070 5397 2092 5399 η
2114 5382 2153 5399 Al
2179 5383 2188 5394 ο
2344 5390 2353 5399 .
2380 5391 2390 5399 .
2502 5397 2516 5399 _
2550 5396 2589 5399 __

1725 5386 1827 5426 non
1851 5375 2035 5432 cadent
2068 5382 2219 5437 nobis
2244 5390 2521 5449 accidant?
2545 5396 2622 5453 Ne
2646 5404 2832 5460 eadem
2855 5425 3094 5482 agamus,
3117 5375 3299 5479 etnon

1725 5461 1879 5482 ...ι-Ι..η
2001 5468 2032 5482 -⁶
2234 5474 2309 5482 ““““

2888 5461 3094 5482 0""""’
3119 5461 3173 5474 ν.
3193 5461 3299 5479 ΙΙὶΙΙ.

1720 5461 1905 5518 eadem
1930 5468 2207 5535 patiemur.
2232 5474 2310 5531 llli
2330 5490 2751 5560 tnui-mutabant,
2790 5497 2861 5549 illi
2886 5499 3098 5559 fuerunt
3118 5509 3299 5581 ingra-

1721 5554 1758 5581 οἱ
1780 5569 1792 5581 .
1826 5570 1890 5581 ..η
1939 5558 2031 5581 λη]
2054 5577 2114 5581 --η
2386 5571 2397 5581 .
2424 5573 2432 5581 .
2593 5579 2635 5581 ,_

1721 5554 1792 5605 ti:
1825 5570 1891 5609 ne
1935 5558 2120 5615 eadem
2157 5581 2284 5635 ergo
2312 5571 2464 5626 nobis
2489 5554 2751 5637 accidant:
2779 5585 3059 5654 Quomodo
3083 5554 3299 5660 cet-lide-

1718 5654 1843 5700 runt
1866 5646 1941 5701 illi
1963 5655 2185 5709 omnes?
2208 5657 2367 5715 Nihili
2387 5663 2618 5724 fecerunt
2645 5682 2837 5731 terram
2860 5681 3289 5753 desiderabilem.

1718 5734 1997 5802 Quomodo
2045 5744 2195 5800 nihili
2242 5748 2522 5810 fecerunt?
2564 5764 2709 5831 atqui
2748 5770 3165 5841 admirabantur.
3215 5790 3293 5843 Eo

1717 5831 1855 5897 quod
1886 5835 2075 5891 molles
2104 5846 2405 5909 evaserint,
2459 5860 2512 5904 et
2548 5867 2646 5921 pro
2689 5872 2751 5912 ea
2781 5861 2995 5925 labores
3024 5878 3178 5931 llOlllt.‘

1719 5923 2005 5992 suscipere.
2056 5927 2132 5984 Ne
2161 5946 2287 6003 ergo
2324 5938 2511 5995 cwlum
2553 5932 2705 6003 nihili
2751 5951 3045 6019 faciundis:

2850 6064 2913 6125 Η

1797 1704 2029 1758 comedis
2044 1748 2058 1772 ,

3184 5883 3289 5938 rint

3079 5967 3181 6025 hoc
3205 5985 3290 6028 est
