3974 6500
577 443 687 503 ³16⁵1

586 561 734 616 nihili
766 560 959 615 facere.
996 559 1035 614 E
1062 559 1194 612 eailo
1222 557 1425 611 h-uctus
1454 566 1538 613 est
1558 557 1623 610 ad
1652 571 1751 610 nos
1783 555 1992 610 delatus
2012 594 2026 616 ,
2060 570 2165 607 non

586 670 684 705 uva
722 667 839 722 quae
866 660 1104 719 portatur
1133 648 1184 703 in
1219 649 1491 719 amphoris
1511 690 1525 714 ,
1555 647 1646 701 sed
1690 646 1845 701 arrba
1892 643 2121 714 Spiritus
2151 660 2165 696 :

585 743 707 796 \‘ilm
737 741 956 811 agenda:
987 740 1146 803 ratio,
1176 756 1297 809 qtne
1347 748 1430 794 est
1480 740 1532 793 in
1587 739 1753 803 caelis,
1800 753 1957 806 quam
1987 734 2167 790 docuit

587 833 780 886 Paulus
809 840 862 886 et
893 842 1033 885 totus
1054 831 1417 901 apmtol0rum
1453 831 1670 896 chorus,
1704 829 1999 884 admirandi
2025 829 2167 897 agri-

584 925 733 977 colae.
755 923 871 978 Non
894 923 1097 979 Chaleb
1129 923 1271 977 ﬁlius
1297 923 1573 993 .Iepltonae,
1623 938 1797 990 neque
1838 921 1994 977 Jesus
2030 921 2168 974 titius

585 1016 726 1070 Nave
757 1016 855 1070 hos
883 1015 1002 1070 tulit
1037 1014 1274 1080 fructus;
1306 1015 1400 1070 sed
1445 1014 1634 1079 Jesus,
1672 1014 1838 1069 Filius
1878 1012 2049 1067 Patris
2069 1011 2169 1066 mi-

585 1106 1017 1169 sericordiarum,
1055 1104 1220 1159 Filius
1249 1105 1364 1174 ejus
1390 1106 1475 1173 qui
1509 1114 1589 1159 est
1614 1120 1739 1158 vere
1766 1105 1926 1169 Deus,
1955 1119 2166 1157 omnem

588 1200 707 1254 tulit
750 1201 1020 1262 virtutem,
1048 1214 1234 1252 omnes
1265 1197 1354 1267 qui
1394 1196 1518 1251 inde
1544 1205 1668 1250 sunt
1691 1195 1912 1259 fructus,
1941 1195 2167 1267 hymnos

584 1307 781 1360 nempe
806 1291 871 1345 ad
903 1306 997 1345 nos
1029 1290 1218 1345 detulit
1246 1290 1508 1346 caelestes.
1535 1288 1666 1342 Nam
1690 1304 1807 1358 qua:
1828 1288 1882 1341 in
1914 1288 2059 1341 etelis
2085 1286 2166 1342 di-

588 1396 717 1437 cunt
739 1384 1049 1449 Clterubim,
1075 1398 1135 1437 ea
1165 1398 1259 1435 nos
1281 1398 1492 1452 quoque
1513 1381 1673 1450 jussit
1698 1380 1899 1444 dicere,
1925 1380 2164 1446 Sanctus,

587 1486 808 1539 sanctus,
835 1484 1036 1527 sanctus
1068 1472 1086 1542 (
1107 1472 1272 1525 Marc.
1306 1471 1392 1527 12.
1420 1471 1490 1527 25
1577 1471 1659 1526 Ad
1685 1486 1785 1526 nos
1807 1471 1980 1526 attulit
2004 1471 2165 1525 vitam

587 1567 895 1635 angelorum
929 1582 943 1624 ;
977 1564 1161 1633 Neque
1217 1563 1412 1617 ducunt
1461 1577 1697 1628 uxores,
1749 1577 1923 1631 neque
1965 1562 2169 1616 nubunt

588 1656 792 1726 angeli;
822 1657 921 1710 hoc
958 1670 1169 1726 quoque
1208 1654 1293 1710 hic
1323 1654 1578 1724 plantavit
1620 1654 1820 1708 bonum
1855 1672 1867 1708 :
1896 1654 1973 1708 illi
2004 1669 2165 1723 pecu-

590 1749 705 1802 nias
740 1765 842 1801 non
872 1756 1074 1813 amant,
1107 1762 1277 1816 neque
1304 1747 1440 1811 alia;
1474 1745 1573 1800 hoc
1600 1761 1812 1817 quoque
1848 1746 2001 1801 nobis
2021 1746 2166 1801 inse-

587 1842 693 1896 ruit
720 1858 733 1893 :
765 1841 837 1893 illi
871 1855 976 1894 non
1011 1839 1346 1904 moriuntur;
1393 1837 1494 1892 hoc
1522 1854 1735 1908 quoque
1765 1837 1917 1892 nobis
1946 1836 2167 1907 largitus

585 1944 665 1987 est
692 1931 870 1985 :Mors
904 1948 1008 1984 non
1046 1940 1127 1983 est
1149 1931 1376 2000 amplius
1402 1945 1583 1995 mors,
1615 1930 1710 1984 sed
1739 1944 1979 1985 somnus.
2022 1929 2164 1988 Audi

586 2025 729 2080 enim
754 2026 923 2094 ipsum
963 2023 1226 2078 dicentem
1263 2041 1276 2076 :
1309 2022 1535 2077 Lazarus
1563 2024 1755 2075 amicus
1792 2034 1958 2076 noster
1981 2022 2165 2076 dormit

584 2115 766 2186 (Joan.
800 2117 886 2170 11.
918 2114 1027 2185 ll).
1054 2113 1238 2167 Vidisti
1262 2113 1462 2166 fructus
1484 2128 1728 2181 superna:
1745 2112 2076 2167 Jerusalem?
2099 2112 2166 2168 Et

585 2206 725 2278 quod
749 2215 828 2262 est
858 2204 1242 2265 admirabilius,
1269 2204 1463 2258 bellum
1497 2219 1598 2257 non
1625 2214 1706 2257 est
1734 2203 2005 2258 decretum
2029 2220 2044 2268 ;
2068 2204 2164 2259 sed

585 2298 711 2344 ante
734 2288 1141 2358 promissionem
1166 2287 1319 2340 nobis
1342 2285 1557 2341 donavit
1578 2286 1691 2340 hazc
1713 2288 1914 2340 omnia.
1936 2286 2066 2340 Nam
2091 2288 2164 2342 illi

584 2382 835 2454 quidem,
886 2382 1045 2435 etiam
1101 2396 1220 2433 cum
1262 2380 1529 2435 venissent
1575 2379 1642 2434 ad
1688 2390 1880 2434 terram
1932 2380 2163 2450 promis-

583 2473 771 2537 sionis,
797 2470 1141 2535 laborabant;
1173 2470 1278 2524 imo
1299 2484 1427 2524 vero
1460 2485 1562 2523 non
1597 2470 1945 2525 laborabant:
1969 2486 2090 2525 nam
2118 2471 2164 2526 si

583 2565 695 2620 Deo
723 2576 909 2633 parere
938 2562 1462 2631 voluissent,absque
1488 2562 1651 2615 armis
1682 2571 1734 2617 et
1761 2563 1876 2616 sine
1906 2564 2166 2618 inStructo

582 2659 697 2714 acie
738 2673 931 2713 omnes
975 2659 1244 2729 cepissent
1291 2658 1449 2711 urbes
1477 2675 1491 2711 :
1520 2657 1733 2713 Jericho
1765 2668 1943 2723 certe,
1968 2659 2163 2714 choros

581 2750 890 2805 ducentium
914 2751 1081 2819 magis
1108 2765 1266 2819 quam
1286 2749 1591 2803 bellantium
1616 2749 1871 2806 habentes
1897 2750 2158 2816 habitum,

581 2851 974 2910 expugnarunt.
1006 2840 1113 2893 Nos
1142 2849 1319 2894 autem
1352 2852 1625 2910 postquam
1651 2840 1871 2909 ingressi
1899 2858 2081 2897 sumus
2107 2842 2158 2896 in

576 2943 781 2987 terram
812 2932 1213 3002 promissionis,
1245 2930 1343 2985 hoc
1372 2931 1525 2985 estin
1557 2931 1767 2996 caelum,
1799 2948 1904 2985 non
1932 2932 2156 3003 bellige-

583 3039 784 3083 rantur,
817 3022 909 3075 sed
938 3020 1188 3091 quamdiu
1218 3020 1474 3075 fuerimus
1496 3022 1547 3075 in
1577 3021 1806 3085 deserto,
1840 3023 1941 3077 hoc
1961 3031 2074 3090 est,
2103 3024 2156 3078 in

574 3114 827 3182 prmsenti
852 3114 975 3164 vita.
1010 3111 1273 3181 Ingressus
1303 3112 1434 3164 enim
1463 3113 1515 3164 in
1557 3113 1776 3180 requiem
1799 3130 1962 3180 suam,
1994 3131 2159 3168 cessa-

566 3207 646 3259 srit
672 3221 702 3256 α
730 3205 832 3258 suis
860 3203 1090 3272 operibus
1111 3203 1235 3254 sicut
1261 3200 1401 3255 Deus
1422 3218 1453 3254 a
1482 3204 1698 3273 propriis
1726 3203 1919 3273 (Hebr.
1940 3207 1991 3259 4.
2027 3206 2154 3276 10).

582 3296 665 3350 Ne
690 3313 806 3366 ergo
832 3296 1165 3365 defatigemur
1190 3297 1323 3364 quod
1351 3295 1531 3347 bonum
1565 3306 1635 3349 est
1659 3298 1931 3367 [acientes(
1960 3298 2073 3353 Gal.
2101 3302 2155 3357 6.

579 3388 650 3459 9)
688 3404 705 3441 :
739 3385 954 3458 proprio
984 3386 1123 3439 enim
1158 3397 1395 3455 tempore
1417 3397 1704 3452 metemus,
1734 3390 1778 3442 si
1808 3406 1912 3443 non
1943 3390 2157 3447 deﬁcia-

578 3493 718 3531 mus.
750 3476 911 3531 Vides
940 3476 1206 3547 quomodo
1224 3490 1277 3531 ut
1307 3478 1445 3543 illos,
1471 3479 1549 3533 sic
1576 3495 1672 3533 nos
1689 3496 1896 3550 quoque
1913 3482 2156 3539 duxerit?

580 3570 688 3626 Illic
739 3568 807 3624 de
846 3585 1038 3623 manna
1080 3571 1242 3633 dicit,
1299 3580 1352 3625 et
1397 3571 1463 3626 de
1502 3572 1830 3628 solitudine:
1873 3574 1973 3641 Qui
2020 3578 2155 3631 mut-

570 3674 719 3725 atum,
763 3678 864 3715 non
905 3664 1019 3732 plus
1071 3663 1279 3727 habuit;
1333 3672 1382 3715 et
1432 3664 1519 3733 qui
1568 3681 1786 3734 parum,
1840 3683 1943 3719 non
1989 3668 2155 3723 minus

589 3798 915 3810 ..κα-..ᾠ-

1403 437 1463 492 S.
1500 436 1773 493 JOANNIS
1808 431 2283 490 CHRYSOSTOMI
2320 432 2632 489 ARCHIEP.
2676 433 3194 490 CONSTANTINOP.
3710 441 3780 496 168

2275 552 2294 623 (
2325 550 2489 603 Exod.
2546 550 2631 604 16.
2690 550 2793 614 18;
2825 559 2871 603 et
2918 549 2972 603 2.
3014 550 3133 605 Cor.
3164 552 3217 603 8.
3250 550 3371 619 15).
3398 548 3463 606 Et
3508 552 3647 609 nobis
3678 572 3780 626 quo-

2271 656 2375 709 que
2403 650 2483 694 est
2520 652 2843 710 przeceptum
2870 679 2887 706 ,
2920 655 2986 694 ne
3010 640 3425 696 thesaurizemus
3449 658 3598 712 super
3624 656 3779 703 terram

2271 734 2289 803 (
2319 733 2503 789 Matth.
2550 733 2604 787 6.
2645 734 2711 787 19
2729 734 2770 803 ).

2347 825 2446 891 Qui
2467 825 2801 889 thesaurizat,
2830 824 2983 878 veruti
3019 825 3291 879 immortali
3330 836 3473 895 parat
3519 827 3782 886 alimentum.

2270 918 2447 973 —Sin
2476 927 2653 971 autem
2687 917 3137 981 thesaurizemus,
3182 933 3285 971 non
3311 918 3421 987 jam
3458 923 3717 990 corrumpit
3746 934 3784 978 et

2272 1011 2445 1081 perdit
2495 1012 2692 1065 vermis
2738 1012 2949 1066 sensilis
2991 1011 3126 1065 sicut
3167 1012 3218 1065 in
3252 1012 3586 1076 rnanna,sed
3629 1016 3785 1069 vermis

2270 1104 2381 1173 qui,
2415 1114 2471 1157 ut
2501 1103 2635 1173 ignis
2665 1102 2789 1171 ille,
2825 1114 3054 1158 aeternus
3100 1113 3201 1157 est.
3246 1102 3432 1158 Omnia
3471 1120 3590 1175 ergo
3627 1106 3785 1160 el'licia-

2270 1211 2410 1261 mus,
2451 1209 2517 1248 ne
2547 1196 2712 1249 vermi
2751 1209 2998 1263 paremus
3026 1196 3337 1248 alimentum
3371 1212 3383 1247 :
3417 1211 3531 1248 nam
3566 1196 3651 1261 Qui
3686 1200 3787 1250 mul-

2272 1293 2396 1345 tum,
2422 1283 2608 1353 inquit,
2635 1300 2736 1336 non
2761 1283 2875 1353 plus
2897 1284 3089 1336 habuit.
3121 1283 3230 1338 Hoc
3259 1285 3402 1338 enim
3425 1286 3576 1338 etiam
3602 1286 3645 1338 in
3672 1286 3787 1341 nobis

2272 1373 2329 1428 lit
2356 1374 2594 1444 quotidie
2627 1391 2641 1426 :
2681 1389 2801 1427 nam
2834 1388 3022 1428 omnes
3063 1373 3308 1429 eamdem
3339 1376 3610 1443 implemus
3632 1378 3789 1430 ventris

2271 1481 2574 1520 mensuram
2604 1483 2617 1518 :
2646 1465 2785 1535 quod
2814 1474 2897 1520 est
2920 1476 3098 1519 autem
3140 1481 3607 1535 supervacaneum,
3633 1475 3702 1520 est
3721 1482 3785 1521 ac-

2270 1559 2440 1612 cessio
2486 1559 2766 1613 stultarum
2818 1558 3255 1612 sollicitudinum.
3304 1558 3432 1612 Nam
3480 1559 3609 1624 quod
3646 1570 3785 1628 postea

2270 1659 2386 1704 erat
2456 1651 2708 1713 daturus,
2761 1651 3025 1715 dicendo,
3088 1651 3285 1722 Snﬁicit
3343 1652 3442 1705 diei
3507 1652 3679 1705 malitia
3718 1671 3786 1707 sua

2269 1744 2288 1813 (
2315 1742 2450 1821 Ibid.
2477 1760 2523 1797 υ.
2548 1742 2652 1813 54)
2674 1785 2689 1808 ,
2722 1743 2823 1799 hoc
2864 1744 2975 1813 jam
3021 1744 3267 1813 superius
3310 1744 3516 1807 docuit,
3548 1755 3597 1799 et
3631 1761 3711 1800 nec
3730 1747 3785 1799 sic

2269 1819 2635 1903 susceperunt.
2669 1834 2771 1888 Sed
2799 1850 2899 1889 nos
2922 1849 2989 1888 ne
3015 1834 3182 1889 simus
3200 1834 3579 1903 inexplebiles,
3605 1850 3695 1888 non
3716 1836 3786 1889 iu-

2267 1925 2422 1995 grati,
2463 1941 2530 1978 ne
2567 1926 2711 1979 mdes
2735 1940 3034 1995 quaeramus
3068 1925 3378 1995 splendidas
3406 1944 3421 1982 :
3447 1941 3564 1981 nam
3593 1928 3677 1981 iter
3698 1928 3786 1980 laci.

2269 2030 2411 2080 mus,
2448 2030 2553 2069 non
2580 2013 2905 2069 habitamus.
2933 2015 3291 2080 Quamobrem
3324 2016 3369 2069 si
3397 2016 3514 2085 quis
3538 2016 3785 2085 novitquod

2271 2121 2506 2176 przesens
2536 2107 2638 2159 vita
2661 2107 2725 2159 sit
2759 2106 3000 2175 quasdam
3029 2107 3109 2160 via
3136 2117 3191 2161 et
3214 2106 3490 2170 militia,et
3516 2118 3569 2160 ut
3594 2110 3652 2160 ita
3675 2106 3785 2161 dixe-

2268 2198 2391 2263 rim,
2425 2195 2563 2263 quod
2603 2196 2671 2250 ab
2717 2198 2795 2251 eis
2835 2197 3133 2266 appellatur
3177 2196 3460 2265 fossatum,
3505 2212 3604 2251 non
3629 2206 3786 2265 qua-ret

2266 2287 2540 2358 splendida
2568 2287 2814 2342 aediﬁcia.
2848 2287 2977 2355 Quis
3005 2288 3519 2358 enim,die,qu:eso,
3546 2289 3635 2342 etsi
3668 2287 3806 2341 valde-

2267 2382 2573 2451 opulentus,
2607 2396 2701 2435 sua
2743 2391 2931 2452 sponte
2967 2382 3111 2436 volet
3133 2382 3184 2437 in
3233 2383 3428 2451 [assuto
3448 2383 3581 2453 quod
3606 2382 3788 2447 dicitur,

2269 2474 2548 2545 prasclaras
2574 2473 2763 2527 domos
2786 2474 3091 2529 aediﬁcare?
3121 2474 3292 2529 Nemo
3325 2492 3339 2528 :
3364 2485 3501 2530 esset
3538 2476 3666 2531 enim
3695 2474 3775 2529 ridi

2264 2568 2436 2631 culus,
2480 2576 2535 2622 et
2573 2566 2860 2621 azdiﬁcaret
2908 2567 3157 2632 inimicis,
3187 2578 3240 2621 et
3274 2567 3416 2638 ipsos
3444 2569 3722 2622 attraheret.
3747 2569 3788 2620 Si

2265 2661 2555 2727 sapiamus,
2584 2657 2812 2727 idipsum
2847 2657 3119 2711 faciemus.
3150 2660 3193 2713 A
3222 2659 3416 2714 militia
3445 2668 3498 2713 et
3533 2660 3706 2713 lossato
3728 2658 3788 2711 ni-

2214 2760 2215 2763 ‘
2267 2749 2339 2803 hil
2370 2748 2547 2803 diﬁert
2576 2750 2679 2801 vita
2726 2763 2982 2820 prtescns.
3015 2748 3212 2815 Quare,
3241 2765 3400 2820 rogo,
3428 2752 3597 2804 omnia
3618 2766 3789 2819 agamus

2264 2851 2321 2895 ut
2350 2841 2481 2894 nihil
2510 2840 2594 2894 hic
2623 2840 3042 2894 tltesaurizemus
3070 2857 3084 2893 :
3118 2857 3238 2894 nam
3284 2843 3329 2896 si
3354 2844 3551 2897 venerit
3576 2844 3653 2912 qui
3681 2841 3790 2895 fura-

2264 2941 2383 2999 tur,
2429 2932 2536 2987 cito
2583 2932 2980 3001 emigrabimus.
3046 2932 3259 3004 Vigilare
3286 2975 3301 2999 ,
3353 2936 3552 3004 inquit,
3599 2935 3790 3004 quoniam

2263 3024 2463 3077 nescitis
2506 3039 2605 3093 qua
2656 3025 2782 3076 hora
2834 3026 2919 3094 fur
2955 3025 3115 3077 veniat
3165 3024 3312 3096 (Id.
3353 3024 3443 3079 24.
3485 3026 3551 3079 45
3590 3024 3638 3089 ),
3685 3038 3793 3075 niur-

2264 3123 2369 3170 tettt
2420 3116 2497 3168 sic
2543 3130 2759 3169 vocans.
2823 3114 3137 3184 Priusquam
3183 3131 3318 3184 ergo
3363 3117 3598 3179 venerit,
3643 3114 3785 3169 omnia

2261 3206 2605 3259 antandemus
2654 3205 2707 3259 itt
2756 3206 2980 3274 patriam
3028 3214 3296 3259 nostram.
3330 3206 3425 3260 llic
3459 3217 3624 3260 autent
3661 3204 3795 3257 simus

2262 3298 2521 3363 accincti,
2566 3308 2623 3350 ut
2668 3299 2934 3365 possimus
2983 3312 3238 3365 superare
3300 3299 3537 3351 inimicos
3582 3314 3595 3349 :
3640 3295 3793 3364 quibus

2262 3390 2519 3453 devictis,
2573 3390 2775 3443 utinam
2845 3388 2897 3441 in
2948 3388 3035 3443 die
3082 3403 3409 3443 coronarum
3464 3381 3795 3458 incorruptibili

2261 3483 2433 3553 gloria
2464 3481 2779 3551 dignemur,
2826 3495 2921 3549 per
2949 3481 3172 3550 gratiam
3219 3492 3274 3536 et
3325 3483 3676 3551 benignitatem
3719 3478 3798 3531 Do-

2265 3574 2392 3628 mini
2424 3575 2592 3628 nostri
2613 3573 2740 3628 Jesu
2784 3571 3018 3637 Christi,
3065 3573 3151 3627 cui
3191 3588 3321 3627 cum
3365 3571 3520 3627 Patre
3552 3581 3603 3627 et
3638 3570 3797 3641 Spiritu

2263 3660 2483 3732 saneto,
2515 3675 2618 3721 etc.

3667 3793 3801 3810 ...ι-ο

1919 3875 2267 3937 HOMILIA
2313 3878 2548 3937 XXIV.

578 4014 706 4068 CAP.
741 4014 795 4067 6.
821 4028 874 4065 v.
908 4012 992 4066 H.
1033 4012 1177 4066 State
1214 4027 1331 4082 ergo
1373 4012 1611 4066 succincti
1653 4013 1847 4068 lumbos
1887 4028 2074 4070 vestros
2104 4017 2159 4070 in

652 4108 879 4169 veritate,
910 4115 955 4158 et
980 4105 1142 4156 induti
1166 4104 1323 4157 lorica
1339 4104 1573 4174 justitiaz,
1603 4106 1690 4159 15.
1715 4115 1760 4159 et
1781 4106 1989 4159 calceati
2015 4107 2164 4177 pedes

655 4198 707 4249 in
757 4196 1179 4264 praeparationem
1229 4196 1472 4266 evangelii
1520 4198 1676 4265 pacis,
1709 4196 1795 4251 16.
1842 4197 1896 4250 in
1938 4198 2166 4254 omnibus

657 4297 906 4343 ningues
938 4296 1133 4338 scutum
1161 4286 1300 4354 ﬁdei,
1320 4287 1371 4339 in
1399 4302 1497 4357 quo
1527 4287 1727 4355 possitis
1756 4288 1926 4339 omnia
1948 4288 2046 4341 tela
2075 4304 2164 4341 ne-

654 4382 880 4445 quissimi
909 4382 1055 4450 ignea
1086 4381 1417 4450 exstinguere,
1452 4380 1540 4433 17.
1573 4388 1619 4433 et
1645 4380 1842 4450 galeam
1880 4381 2057 4434 salutis
2080 4398 2165 4434 as-

654 4474 856 4531 sumite,
893 4482 938 4524 et
968 4472 1196 4541 gladium
1224 4472 1455 4540 spiritus,
1487 4472 1622 4540 quod
1652 4483 1721 4525 est
1744 4473 1947 4525 verbum
1974 4470 2092 4527 Dei.

661 4568 714 4616 1.
749 4564 1025 4626 Succiucti,
1058 4562 1246 4631 inquit,
1272 4562 1463 4617 lumbos
1485 4573 1668 4616 vestros
1690 4565 1740 4616 iu
1765 4566 1987 4621 veritate.
2005 4564 2170 4633 Quid-

586 4669 713 4709 nam
753 4654 887 4707 hoc‘t
930 4653 1132 4706 Dictum
1163 4662 1243 4706 est
1276 4653 1326 4705 in
1366 4668 1426 4707 ea
1468 4669 1586 4722 quae
1616 4655 1890 4723 prmeessit
1931 4655 2167 4725 disputa-

589 4747 758 4810 tione,
790 4744 929 4813 quod
957 4752 1200 4812 Oporteat
1218 4759 1335 4798 esse
1364 4747 1687 4814 Compositos
1713 4757 1765 4800 et
1789 4746 2087 4814 expeditos,
2112 4757 2171 4803 ut

591 4835 660 4889 ad
687 4835 1006 4889 currendum
1035 4834 1163 4888 nihil
1184 4835 1251 4888 sit
1270 4834 1653 4904 impedimenti.
1682 4837 1747 4891 Et
1765 4840 1947 4905 induti,
1976 4840 2165 4911 inquit,

592 4927 750 4980 lorica
768 4925 999 4989 justitiw.
1023 4926 1169 4978 Sicut
1193 4925 1354 4979 lorica
1378 4937 1457 4980 est
1475 4928 1888 4994 invulnerabilis,
1917 4930 1984 4985 ita
2008 4932 2167 4987 etiam

589 5017 814 5085 justitia.
844 5015 1109 5069 Justitiam
1138 5026 1314 5072 autem
1348 5017 1433 5072 hic
1460 5018 1589 5074 dicit
1617 5020 1779 5075 vitam
1807 5022 2168 5079 omnimodam

593 5117 647 5161 et
672 5123 791 5176 qua:
817 5107 990 5176 agitur
1014 5122 1079 5161 ex
1105 5108 1318 5162 virtute.
1350 5108 1482 5163 Eum
1505 5111 1595 5179 qui
1622 5122 1704 5165 est
1731 5113 1847 5166 talis
1878 5129 2034 5167 nemo
2057 5130 2171 5167 utn-

592 5216 753 5271 quam
808 5201 1002 5269 poterit
1050 5210 1425 5269 prosternere;
1481 5203 1573 5257 sed
1626 5204 1907 5259 vulnerant
1957 5205 2169 5275 quidem

595 5293 767 5355 multi,
801 5307 956 5345 nemo
978 5302 1154 5345 autem
1177 5292 1427 5359 dissecat,
1459 5310 1561 5347 non
1586 5294 1698 5363 ipse.
1724 5294 1982 5348 diabolus.
2008 5296 2170 5360 Quasi

592 5384 763 5447 dicas,
794 5383 901 5437 Res
922 5382 1093 5451 justas
1121 5391 1336 5451 pectore
1357 5384 1642 5452 complexi.
1668 5385 1741 5438 De
1767 5386 1847 5437 his
1869 5386 1994 5439 dicit
2018 5386 2171 5441 Chri-

597 5485 734 5538 stus,
767 5472 909 5526 Beati
951 5474 1036 5542 qui
1080 5475 1305 5527 esuriant
1333 5483 1381 5527 et
1419 5475 1592 5527 sitiunt
1622 5476 1907 5545 justitiam,
1935 5480 2171 5547 quoniam

599 5567 700 5635 ipsi
752 5566 1115 5619 saturabuntur
1141 5565 1368 5636 (Matth.
1408 5568 1460 5622 5.
1494 5566 1581 5636 6).
1621 5568 1722 5634 Qui
1767 5568 1908 5621 illam
1959 5584 2173 5639 poetorc

599 5658 993 5725 complectitur,
1045 5667 1127 5712 est
1174 5658 1323 5711 l'urtis
1371 5666 1640 5728 tamquam
1690 5659 1851 5713 lorica
1896 5676 1908 5713 :
1958 5662 2047 5729 qui
2091 5671 2173 5716 est

595 5748 876 5815 ejusmodi,
911 5765 1198 5817 numquam
1232 5750 1509 5804 irascetur.
1541 5748 1760 5803 Calceati
1784 5752 1931 5821 pedes
1962 5754 2012 5805 in
2041 5771 2172 5822 pra:-

591 5841 903 5910 porationem
924 5841 1170 5911 evangelii
1191 5841 1347 5909 pacis.
1372 5841 1482 5898 lloc
1507 5842 1701 5897 dictum
1730 5854 1805 5897 cst
1842 5845 2011 5900 minus
2041 5845 2173 5900 dilu-

2263 4018 2403 4072 cide.
2436 4018 2573 4085 Quid
2605 4035 2731 4090 ergo
2761 4022 2885 4076 est?
2914 4021 3143 4077 Pulchra
3176 4023 3338 4078 nobis
3379 4022 3616 4093 imposuit
3642 4018 3803 4074 tibialia

2269 4123 2365 4163 seu
2394 4124 2581 4164 ocreas
2602 4152 2617 4176 ,
2649 4110 2906 4181 evangelii
2953 4115 3425 4182 prmparationem.
3464 4116 3564 4169 Aut
3591 4115 3679 4167 hoc
3700 4123 3804 4179 ergo

2269 4198 2419 4264 dicit,
2444 4210 2502 4254 ut
2532 4201 2639 4255 sint
2668 4203 2835 4269 parati
2864 4203 2929 4256 ad
2957 4205 3320 4273 evangelium,
3351 4217 3402 4260 et
3427 4205 3490 4261 ad
3514 4206 3605 4260 hoc
3630 4212 3805 4258 utantur

2274 4289 2527 4358 pedibus,
2561 4299 2616 4346 et
2646 4293 2692 4347 ei
2731 4293 2869 4347 viam
2899 4305 3202 4364 prasparent
3243 4305 3298 4350 et
3348 4298 3604 4359 muniant;
3633 4301 3735 4356 aut,
3766 4288 3803 4343 si

2272 4380 2372 4435 hoc
2400 4398 2501 4435 non
2535 4385 2624 4450 sit,
2648 4395 2707 4439 ut
2730 4385 2828 4454 ipsi
2859 4387 2968 4439 sint
2989 4393 3153 4455 parati
3179 4388 3243 4441 ad
3273 4391 3495 4447 exitum.
3528 4382 3805 4454 Przepmtio

2270 4487 2398 4542 ergo
2422 4475 2679 4545 evangelii
2711 4474 2840 4530 nihil
2867 4476 3007 4530 aliud
3037 4487 3152 4539 est,
3185 4479 3283 4532 nisi
3320 4486 3421 4533 vita
3452 4479 3655 4548 optima.
3679 4470 3801 4541 Quod

2272 4564 2484 4634 quidem
2512 4565 2721 4620 dicebat
2760 4566 3016 4635 propheta
3037 4608 3051 4629 ,
3105 4567 3536 4637 Prwparationem
3573 4566 3721 4622 cordis
3742 4560 3803 4616 sui

2271 4657 2483 4709 attendit
2511 4659 2649 4710 auris
2679 4666 2766 4710 tua
2792 4656 2962 4731 (Psal.
2994 4660 3080 4715 10.
3111 4661 3197 4714 17.
3222 4678 3325 4717 sec.
3361 4660 3559 4733 llebr.).
3588 4660 3687 4714 lloc
3708 4663 3803 4716 est.

2273 4758 2332 4803 ut
2357 4764 2450 4804 cor
2476 4750 2545 4803 sit
2582 4758 2823 4819 paratunt
2852 4762 2905 4805 et
2946 4752 3285 4809 instructum.
3319 4753 3600 4825 Evangelii,
3632 4747 3800 4816 inquit.

2276 4840 2435 4909 pacis.
2468 4839 2655 4894 Merito
2689 4840 2741 4893 id
2781 4840 2915 4896 dixit
2943 4859 2958 4897 :
2992 4858 3113 4896 nam
3148 4845 3399 4912 quoniant
3430 4843 3547 4898 belli
3573 4851 3622 4896 et
3647 4848 3805 4908 pugnat!

2276 4931 2544 4995 meminit,
2574 4932 2805 4986 ostendit
2833 4948 2952 4987 esse
2992 4934 3336 5004 pugnandum
3363 4934 3611 4990 adversus
3634 4930 3805 4981 diente-

2276 5036 2371 5077 nes
2402 5040 2414 5075 :
2445 5023 2777 5093 evangelium
2808 5024 2951 5078 enim
2994 5035 3077 5079 est
3104 5027 3266 5094 pacis.
3300 5025 3433 5091 Illud
3471 5025 3649 5079 bellum
3687 5012 3805 5070 aliud

2276 5113 2472 5168 bellum
2521 5115 2799 5179 dissolvit,
2852 5132 3042 5185 nempe
3088 5116 3346 5172 adversus
3387 5118 3589 5172 Deum:
3628 5111 3666 5164 si
3704 5120 3803 5162 cum

2276 5203 2485 5258 diabolo
2515 5204 2712 5258 bellum
2743 5207 3004 5275 gerimus,
3043 5222 3225 5275 pacem
3262 5223 3382 5261 cum
3417 5207 3521 5261 Deo
3562 5202 3802 5256 habemus.

2276 5298 2352 5352 Ne
2381 5297 2567 5351 timeas
2609 5313 2764 5367 ergo,
2807 5314 2840 5353 ο
2882 5299 3111 5365 dilecte,
3145 5308 3228 5354 est
3267 5298 3623 5367 evangelium,
3662 5290 3805 5343 hom!s

2278 5404 2468 5458 nempe
2512 5392 2726 5442 nuntius
2759 5407 2771 5442 :
2800 5390 2906 5457 jam
2940 5400 3086 5459 parta
3134 5400 3214 5445 est
3252 5389 3488 5444 victoria.
3521 5386 3583 5439 In
3610 5377 3805 5437 omnibus

2277 5490 2524 5532 sumentes
2549 5492 2741 5533 scutum
2768 5481 2904 5547 ﬁdei.
2933 5480 3113 5534 Fidem
3146 5482 3232 5536 hic
3258 5480 3379 5534 dicit
3399 5521 3414 5542 ,
3447 5494 3547 5532 non
3576 5468 3802 5542 cognitioo

2278 5586 2434 5635 nem;
2469 5586 2576 5625 non
2597 5572 2734 5625 enim
2763 5586 2878 5624 eam
2906 5574 3170 5640 posuisset
3199 5573 3570 5641 posteriorem;
3600 5562 3684 5618 sed
3704 5572 3802 5629 επεν

2281 5662 2405 5716 tiam
2441 5677 2536 5731 per
2562 5676 2719 5731 quam
2750 5662 2897 5731 signa
2931 5662 3084 5717 liunt.
3117 5663 3304 5717 Merito
3331 5670 3502 5714 autem
3543 5655 3685 5710 ﬁdem
3722 5662 3803 5702 n0-

2281 5754 2445 5806 minat
2470 5762 2678 5808 scutum
2706 5770 2720 5807 :
2750 5752 2887 5807 sicut
2914 5755 3055 5808 enim
3083 5764 3289 5809 scutum
3314 5762 3437 5807 ante
3461 5761 3617 5805 totum
3639 5752 3805 5809 corpus

2281 5847 2490 5914 ponitur
2520 5844 2681 5900 veluti
2708 5846 3196 5917 propugnaculum,
3225 5844 3382 5918 quasi
3411 5842 3478 5898 sit
3516 5850 3686 5896 murus
3712 5849 3725 5883 ι
3753 5831 3812 5881 ili
