3974 6538
231 450 340 504 167

228 560 418 631 θωμεν
438 562 623 631 ἡμεῖς.
645 560 768 623 Πῶς
794 559 986 613 ἔπεσον
1001 562 1198 613 ἐκεῖνοι
1228 561 1460 622 πάντες;
1498 556 1809 621 Ἐξουθένη-

228 667 333 701 σαν
364 648 462 718 τὴν
496 653 598 719 γῆν
620 650 720 718 τὴν
741 649 1111 718 ἐπιθυμητήν.
1144 648 1267 710 Πῶς
1296 646 1680 717 ἐξουθένησανς
1712 647 1808 697 καὶ

229 738 342 805 μὴν
392 736 719 806 ἐθαύμαζον.
754 735 843 803 Τῷ
888 734 1308 805 μαλακισθῆναι,
1338 735 1431 785 καὶ
1465 734 1537 803 μὴ
1583 732 1806 802 θελῆσαι

227 824 428 885 πόνους
485 822 627 893 ὑπὲρ
682 823 853 892 αὐτῆς
903 821 1282 885 ἀναδέξασθαι.
1324 820 1414 891 Μὴ
1446 820 1622 872 τοίνυν
1648 820 1807 888 ἡμεῖς

226 909 675 979 ἐξουθενήσωμεν
694 909 784 961 τὸν
813 909 1038 978 οὐρανόν
1055 926 1068 938 ·
1094 908 1250 960 τοῦτο
1272 907 1611 976 ἐξουθένησίς
1639 908 1805 957 ἐστιν.

230 996 382 1069 [178]
413 999 639 1068 Ἠνέχθη
664 998 757 1049 καὶ
777 999 903 1068 παρ’
927 999 1060 1066 ἡμῖν
1086 996 1293 1067 καρπὸς
1311 994 1524 1049 ἀπὸτοῦ
1554 993 1803 1063 οὐρανοῦ,

223 1089 329 1140 οὐκ
342 1090 400 1140 ἐν
414 1087 718 1157 ἀμφορεῦσι
736 1086 971 1157 βασταξό
978 1103 1137 1156 μενος
1151 1085 1363 1156 βότρυς,
1381 1084 1494 1136 ἀλλ’
1511 1085 1536 1135 6
1548 1082 1804 1155 ἀρραϐὼν

223 1176 321 1228 τοῦ
362 1176 703 1246 Πνεῦματος,
743 1177 805 1229 τὸ
837 1176 1136 1243 πολίτευμα
1164 1174 1225 1227 τὸ
1251 1176 1309 1225 ἐν
1334 1175 1447 1235 τοῖς
1474 1172 1739 1241 οὐρανοῖς,
1776 1171 1805 1222 6

223 1263 443 1325 Παῦλος
481 1263 788 1325 ἐπαίδευσε,
834 1263 862 1314 ὃ
899 1264 1007 1325 πᾶς
1050 1261 1160 1314 τῶν
1209 1260 1522 1315 ἀποστόλων
1548 1259 1724 1328 χορὸς,
1753 1260 1803 1311 οἰ

224 1350 524 1419 θαυμάσιοι
565 1351 821 1421 γεωργοίε
868 1351 942 1403 Οὐ
990 1349 1180 1421 Χάληό
1223 1348 1368 1401 ὁτοῦ
1408 1348 1636 1416 Ἰεφονῆ,
1682 1346 1802 1398 οὐδὲ

234 1437 449 1507 Ἰησοῦς
468 1439 495 1489 6
510 1436 604 1490 τοῦ
622 1438 775 1506 Ναυῆ
796 1439 919 1500 τοὺς
936 1438 1183 1504 καρποὺς
1199 1437 1397 1506 ἡνεγκε
1416 1433 1655 1496 τούτους.
1688 1432 1802 1485 ἀλλ’

219 1526 249 1577 6
288 1524 502 1593 Ἰησοῦς
531 1528 559 1578 ὁ
592 1525 686 1576 τοῦ
728 1524 940 1595 Πατρὺς
966 1523 1075 1575 τῶν
1111 1522 1431 1593 οἰκτιρμῶν,
1455 1524 1483 1575 ὁ
1508 1522 1602 1574 τοῦ
1634 1521 1801 1584 ὅντως

218 1613 358 1666 Θεοῦ
386 1612 537 1675 Υἰὸς,
587 1612 784 1682 ἠνεγκε
819 1613 999 1663 πᾶσαν
1030 1609 1126 1680 τὴν
1161 1608 1382 1681 ἀρετὴν,
1421 1610 1628 1669 πάντας
1675 1608 1801 1670 τοὺς

219 1699 435 1751 ἐκεῖθεν
467 1700 709 1769 καρποὺς
735 1699 863 1767 ἡμῖν
896 1699 1248 1765 κατήνεγκεν,
1276 1698 1399 1759 τοὺς
1430 1695 1629 1766 ὕμνους
1656 1694 1800 1762 λέγω

217 1788 346 1849 τοὺς
384 1786 760 1855 ὲπουρανίους.
799 1786 865 1836 ⁴¹Λ
909 1783 1017 1854 γὰρ
1062 1783 1128 1836 τὰ
1174 1783 1452 1853 Χερουϐὶμ
1490 1782 1601 1835 ἄνω
1626 1782 1794 1850 λέγει,

218 1873 394 1926 ταῦτα
440 1874 537 1925 καὶ
591 1873 724 1941 ἡμῖν
772 1870 1074 1941 προσέταξε
1112 1868 1317 1936 λέγειν,
1362 1870 1584 1937 Ἄγιος,
1614 1867 1797 1935 ἅγιος,

218 1961 410 2030 ἅγιος.
441 1962 709 2026 Ἤνεγκεν
730 1959 859 2028 ἡμῖν
881 1957 990 2010 τῶν
1011 1957 1258 2024 ἀγγέλων
1278 1955 1376 2027 τὴν
1401 1955 1672 2007 πολιτείαν
1689 1970 1701 1982 ·
1722 1955 1797 2006 Οὐ

220 2048 518 2117 γαμοῦσιν,
547 2046 668 2099 οὐδὲ
702 2044 1027 2115 γαμίζονται
1056 2046 1104 2098 οἰ
1130 2043 1349 2112 ἄγγελοι
1375 2060 1388 2071 ·
1414 2042 1569 2095 τοῦτο
1595 2043 1689 2094 καί
1710 2042 1797 2093 έν-

218 2135 391 2189 ταῦθα
414 2135 682 2204 ἐφύτευσε
703 2134 765 2186 τὸ
786 2133 947 2187 καλόν
968 2149 984 2164 ο
1006 2132 1302 2204 χρημάτων
1317 2131 1417 2184 οὐκ
1439 2129 1656 2201 ἐρῶσιν,
1677 2119 1797 2182 οὐδέ

218 2223 322 2275 τῶν
341 2222 522 2277 ἄλλων
541 2223 737 2274 ἐκεῖνοι
759 2237 771 2250 ο
797 2221 891 2274 καὶ
910 2220 1067 2272 τοῦτο
1085 2220 1215 2289 ἡμῖν
1231 2218 1652 2288 ἐγκατέσπειρεν
1668 2231 1679 2243 '
1699 2218 1797 2269 οὐκ

217 2310 661 2380 ἀποθνήσκωσιν
704 2309 933 2360 ἐκεῖνοι·
960 2305 1116 2359 τοῦτο
1164 2306 1258 2358 καὶ
1306 2307 1437 2376 ἡμῖν
1471 2305 1792 2376 ἐχαρίσατο’

214 2399 399 2452 οὐκέτι
447 2398 558 2468 γὰρ
597 2397 825 2456 θάνατος
869 2396 899 2447 6
938 2394 1184 2459 θάνατος,
1220 2394 1333 2448 ἀλλ’
1372 2393 1557 2457 ὕπνος.
1600 2396 1799 2447 ’Ἄκουε

210 2487 323 2559 γὰρ
338 2486 508 2541 αὐτοῦ
531 2486 779 2553 λέγοντος
797 2500 810 2513 ·
830 2482 1097 2550 Λάζαρος
1113 2486 1145 2537 ὁ
1164 2483 1343 2552 φίλος
1353 2482 1521 2552 ἡμῶν
1530 2484 1797 2551 κεκοίμη-

210 2592 331 2629 ται.
366 2568 523 2636 Εἶδες
549 2575 675 2636 τοὺς
706 2570 951 2641 καρποὺς
992 2571 1089 2641 τῆς
1120 2572 1232 2625 ἄνω
1270 2568 1648 2641 ’1ερουσαλήμ;
1684 2570 1798 2623 Καὶ

210 2663 274 2715 τὺ
304 2662 373 2733 δὴ
424 2660 882 2731 θαυμαστότερον,
924 2658 1006 2711 ὅτι
1049 2656 1202 2711 οὔπω
1241 2658 1269 2710 6
1302 2657 1534 2727 πόλεμος
1578 2656 1792 2726 ἐκρίθη,

214 2748 360 2803 ἀλλὰ
390 2750 496 2819 πρὸ
521 2750 615 2817 τῆς
639 2745 969 2813 ἐπαγγελίας
998 2746 1176 2799 πάντα
1202 2744 1375 2799 ταῦτα
1405 2746 1536 2815 ἡμῖν
1559 2743 1794 2814 δεδώρη-

212 2855 331 2890 ται.
370 2838 596 2890 Ἐκεῖνοι
628 2836 726 2905 μὲν
749 2834 855 2902 γὰρ
878 2834 970 2887 καὶ
990 2833 1069 2895 εἰς
1096 2834 1195 2902 τὴν
1225 2833 1326 2902 γῆν
1342 2833 1438 2902 τῆς
1462 2831 1792 2899 ἐπαγγελίας

210 2924 497 2987 ἐλθόντες,
549 2925 769 2976 ἐπόνουν
800 2939 812 2954 ⁸
852 2921 1048 2992 μᾶλλον
1082 2920 1137 2973 δὲ
1176 2921 1275 2973 οὐκ
1313 2920 1539 2973 ἐπόνουν
1564 2936 1577 2951 ’
1606 2921 1658 2971 εἰν
1682 2919 1791 2989 γὰρ

208 3011 498 3065 ἐῦούλοντο
526 3010 805 3064 πείθεσθαι
831 3010 909 3079 τῷ
934 3008 1070 3079 Θεῷ,
1098 3007 1268 3078 χωρὶς
1295 3007 1476 3060 ὃπλων
1495 3007 1589 3060 καὶ
1609 3025 1789 3078 παρα-

204 3100 418 3165 τάξεως
448 3099 627 3160 πάσας
651 3097 720 3151 ἂν
745 3091 890 3150 εἷλον
917 3096 1016 3158 τὰς
1036 3095 1220 3157 πόλεις
1243 3110 1256 3125 ·
1280 3094 1377 3166 τὴν
1396 3094 1526 3163 γοῦν
1557 3093 1789 3165 Ὶεριχὼ,

207 3187 547 3257 χορευόντων
571 3186 770 3256 μᾶλλον
799 3185 833 3256 ἢ
856 3183 1234 3253 πολεμούντων
1259 3184 1319 3236 τδ
1340 3185 1523 3255 σχῆμα
1551 3181 1784 3252 ἔχοντες,

207 3272 613 3343 ἐτροπώσαντο.
644 3274 836 3342 Ἡμεῖς
863 3272 920 3325 δέ
938 3272 1000 3325 o6
1020 3270 1363 3340 πολεμοῦμεν
1383 3271 1518 3339 μετὰ
1539 3272 1597 3323 τὸ
1618 3271 1787 3323 εἰσελ-

207 3360 319 3413 θεῖν
349 3364 431 3424 εἰς
447 3362 548 3430 τὴν
568 3360 673 3429 γῆν
700 3358 1052 3428 ἐπαγγελίας,
1077 3359 1375 3422 τουτέστιν,
1403 3358 1483 3420 εἰς
1499 3359 1591 3411 τὸν
1623 3359 1788 3428 οὐρα-

203 3451 314 3511 νον,
348 3449 464 3502 ἀλλ’
489 3450 595 3511 ἓως
623 3449 690 3502 ἂν
708 3440 858 3517 ὦμεν
887 3447 943 3498 ἐν
963 3448 1029 3516 τῇ
1055 3446 1268 3515 ἐρήμῳ,
1300 3444 1596 3510 τουτέστιν,
1627 3447 1683 3497 ἐν
1707 3445 1785 3514 τῷ

206 3541 437 3609 παρόντι
476 3537 597 3607 βίῳ.
639 3536 700 3589 '0
716 3534 1131 3606 Mpﬁlosllhbr
1154 3537 1241 3600 εἰς
1267 3533 1381 3602 τὴν
1405 3534 1785 3587 κατάπαυσιν

203 3628 420 3686 αὐτοῦ,
452 3628 841 3680 κατέπαυσεν
859 3627 975 3680 ἀπὸ
1005 3623 1125 3678 τῶν
1146 3624 1334 3693 ἔργων
1352 3626 1558 3689 αὑτοῦ,
1580 3626 1782 3693 ὥσπερ

201 3716 322 3770 ἀπὸ
368 3713 491 3767 τῶν
526 3714 691 3767 ἰδίων
724 3715 756 3766 ό
796 3713 958 3778 Θεός.
992 3712 1087 3778 Μὴ
1138 3712 1346 3765 τοίνυν
1390 3712 1783 3781 ἀποκάμωιιεν

201 3805 270 3857 τὸ
310 3801 513 3856 καλὸν
549 3801 901 3866 ποιοῦντεςο
935 3797 1112 3869 καιρῷ
1162 3799 1261 3868 γὰρ
1310 3798 1425 3869 ἰδίῳ
1472 3799 1779 3869 θερίσομεν,

1056 448 1121 504 ΙΝ
1161 447 1379 504 EPIST.
1417 448 1507 501 AD
1547 444 1785 501 EPIIES.
1825 443 1975 498 CAP.
2018 444 2099 499 Vl.
2134 443 2364 499 HOMIL.
2409 442 2599 501 XXIV.

3371 446 3472 499 168

1915 555 1987 624 μὴ
2017 557 2353 625 ἐκλυόμενοι.
2382 556 2544 628 Ὁρᾷς
2568 557 2686 621 πῶς
2713 558 2958 628 καθάπερ
2989 556 3229 620 ἐκείνους
3251 557 3481 626 ἢγαγεν,

1908 643 2047 695 οὕτω
2072 647 2163 696 καὶ
2182 647 2363 714 ἡμᾶς;
2406 645 2552 698 Ἐκεῖ
2581 647 2674 697 ἐπὶ
2696 645 2789 698 τοῦ
2810 646 2983 714 μάννα
3002 648 3096 697 καὶ
3118 645 3216 708 τῆς
3243 646 3477 716 ἐρήμου,

1909 734 2092 802 φησὶν,
2122 734 2174 784 Ὁ
2190 735 2255 786 τὸ
2275 735 2454 798 πολὺ,
2476 736 2587 788 οὐκ
2611 735 2965 809 ἐπλεόνασε·
2994 737 3088 788 καὶ
3113 738 3144 788 ὀ
3161 735 3224 787 τὸ
3246 734 3475 803 ὀλίγον,

1907 822 2017 873 οὐκ
2046 823 2450 889 ᾐλαττόνησε.
2482 824 2593 877 Καὶ
2619 825 2782 892 ἡμεῖς
2808 823 2965 875 τοῦτο
2999 822 3477 894 προστετάγμεθα,

1910 908 1984 978 μὴ
2018 910 2370 981 θησαυρίζειν
2408 912 2501 963 ἐπὶ
2531 914 2629 980 τῆς
2662 910 2787 979 γῆς.

1977 998 2076 1049 ’Ἂν
2109 998 2167 1049 δὲ
2203 997 2639 1067 θησαυρίξωμεν,
2690 997 2869 1050 οὐκέτι
2910 996 3124 1065 σκώληξ
3152 999 3181 1049 6
3222 998 3478 1069 αἰσθητὸς

1904 1075 2243 1153 λυμαίνεται,
2273 1086 2524 1156 καθάπερ
2560 1086 2653 1138 ἐπὶ
2674 1085 2768 1138 τοῦ
2812 1084 3008 1154 μάννα,
3040 1084 3153 1136 ἀλλ’
3180 1087 3207 1138 6
3238 1085 3315 1154 τῷ
3341 1085 3478 1156 πυρὶ

1907 1172 2344 1236 συνδιαιωνίζων.
2384 1174 2570 1225 Πάντα
2611 1168 2705 1226 οὖν
2758 1171 3248 1241 κατεργασώμεθα,
3280 1173 3367 1225 ἵνα
3402 1171 3476 1242 μὴ

1901 1260 1979 1330 τῷ
2006 1259 2242 1329 σκώληκι
2271 1259 2472 1330 τροφὴν
2502 1261 2907 1330 εὖτρεπίσωμεν
2928 1276 2940 1287 ·
2984 1260 3036 1310 Ὀ
3068 1261 3129 1312 τὸ
3164 1258 3320 1311 πολὺ
3345 1250 3475 1328 γάρ,

1902 1348 2087 1417 φησὶν,
2112 1350 2222 1401 οὐκ
2254 1347 2611 1400 ἐπλεόνασε.
2646 1347 2753 1399 Καὶ
2774 1347 2931 1399 τοῦτο
2961 1345 3068 1416 γὰρ
3108 1347 3202 1398 καὶ
3237 1346 3319 1413 ἐφ’
3344 1348 3474 1416 ἡμῖν

1900 1436 2104 1501 γίνεται
2155 1438 2239 1503 ἐφ’
2284 1436 2521 1505 ἑκάστης
2556 1452 2568 1464 ·
2595 1434 2794 1496 πάντες
2834 1432 2942 1503 γὰρ
2987 1432 3050 1485 τὸ
3107 1431 3240 1485 αὐτὸ
3278 1434 3477 1503 μέτρον

1902 1522 2216 1593 πληροῦμεν
2245 1524 2343 1591 τῆς
2377 1522 2612 1593 γαστρός
2641 1539 2655 1554 ο
2687 1522 2749 1574 τὸ
2781 1521 2837 1574 δὲ
2877 1519 3153 1592 περιττὸν,
3187 1518 3474 1590 προσθήκη

1900 1611 2194 1680 φροντίδων
2227 1611 2469 1681 ἀνοήτων
2500 1610 2667 1663 ἐστίν.
2713 1609 2890 1680 Ὅπερ
2944 1608 3052 1680 γὰρ
3096 1606 3288 1676 ἔμελλε
3337 1609 3477 1676 μετὰ

1899 1697 2069 1751 ταῦτα
2116 1698 2486 1768 παραδιδόναι,
2538 1698 2734 1766 λέγων,
2778 1695 3047 1764 Ἀρκετόν
3092 1693 3165 1763 τῇ
3206 1683 3397 1763 ἡμέρᾳ
3435 1696 3474 1764 ἠ

1904 1786 2081 1838 κακία
2120 1785 2333 1853 αὐτῆς,
2368 1785 2525 1839 τοῦτο
2552 1785 2755 1840 ἄνωθεν
2776 1784 2877 1853 ἡδη
2904 1782 3209 1841 ἐπαίδευσε,
3230 1784 3325 1835 καὶ
3352 1782 3475 1835 οὐδέ

1902 1875 2072 1939 οὕτως
2097 1875 2368 1943 ἐδέξαντο.
2406 1874 2544 1928 Ἀλλ’
2574 1876 2735 1944 ἡμεῖς
2780 1873 2853 1943 μὴ
2893 1872 3157 1943 ἄπληστοι
3187 1865 3357 1940 ὦμεν,
3397 1871 3473 1940 μὴ

1899 1962 2236 2032 ἀγνώμονες,
2273 1962 2347 2033 μή
2380 1963 2554 2025 οἰκίας
2606 1961 2857 2031 ζητῶμεν
2893 1959 3153 2030 λαμπράς
3179 1976 3192 1990 ο
3214 1956 3474 2027 όδεύομεν

1898 2050 2028 2121 γὰρ,
2072 2051 2171 2103 οὐκ
2202 2049 2479 2120 οἰκοῦμεν.
2526 2050 2687 2102 Ὥστε
2717 2047 2769 2101 εἴ
2799 2065 2882 2110 τις
2914 2043 3054 2100 οἶδεν
3097 2048 3178 2099 ὅτι
3219 2048 3248 2099 6
3280 2043 3473 2116 παρὼν

1900 2139 2013 2209 βίος
2033 2140 2150 2203 ὁδός
2170 2137 2251 2201 τίς
2289 2140 2404 2191 ἐστι
2434 2138 2528 2191 καί
2556 2135 2838 2208 στρατεία,
2870 2136 2964 2187 καὶ
2999 2135 3073 2198 ὡς
3101 2132 3166 2187 ἂν
3206 2132 3348 2186 εἴποι
3388 2149 3474 2195 τις

1897 2228 1956 2281 τὸ
1975 2229 2264 2299 λεγόμενον
2284 2228 2411 2297 παρ’
2430 2227 2613 2290 αὐτοῖς
2634 2224 2979 2295 φωσσάτον,
3002 2223 3061 2276 οὐ
3082 2223 3309 2293 ζητήσει
3325 2222 3473 2274 οἰκο-

1894 2316 2064 2386 δομὰς
2091 2316 2367 2387 λαμπράς.
2426 2316 2523 2378 Τίς
2556 2315 2685 2385 γὰρ,
2721 2312 2842 2367 εἰπέ
2877 2329 2990 2381 μοι,
3021 2312 3126 2365 κᾶν
3158 2310 3362 2379 σφόδρα
3378 2310 3469 2361 εὖ·

1896 2422 2060 2476 πορος
2079 2401 2135 2477 ᾗ,
2159 2406 2444 2475 αἱρήσεται
2467 2404 2559 2455 ἐπὶ
2575 2403 2669 2454 τοῦ
2687 2400 2979 2471 λεγομένου
2991 2398 3472 2469 φωσσάτουοίκο-

1893 2494 2077 2564 δομεῖν
2119 2493 2294 2557 οἰκίας
2341 2492 2626 2563 λαμπράς;
2675 2491 2810 2545 Οὐδὲ
2844 2487 2925 2553 εἷς
2952 2506 2966 2520 ο
2998 2488 3314 2557 κατάγελως
3360 2487 3470 2558 γὰρ

1894 2582 2045 2655 [I79]
2075 2583 2248 2646 ἔσται,
2270 2584 2489 2645 καὶτοῖς
2522 2582 2733 2653 ἐχθροῖς
2756 2580 3123 2650 οἰκοδομήσει,
3146 2579 3243 2632 καί
3269 2578 3470 2648 μᾶλλον

1892 2671 2088 2734 αὐτοὺς
2117 2672 2508 2724 ἐπισπάσεταιο
2531 2670 2669 2723 ὥστε
2697 2669 2791 2722 ἐὰν
2816 2670 3093 2738 νήφωμεν,
3128 2666 3249 2719 οὐδὲ
3284 2667 3465 2736 ἡμεῖς.

1893 2759 2059 2812 Οὐδὲν
2078 2759 2363 2829 στρατείας
2373 2760 2466 2811 καὶ
2491 2757 2773 2826 φωσσάτου
2789 2758 2817 2808 6
2839 2754 3027 2826 παρὼν
3047 2753 3157 2825 βίος
3174 2753 3464 2824 διενήνοχε.

1890 2847 1982 2900 Διὸ
2015 2846 2341 2917 παρακαλῶ,
2386 2845 2566 2898 πάντα
2598 2846 2946 2914 πράττωμεν,
2993 2841 3136 2895 ὥστε
3177 2841 3342 2912 μηδὲν
3377 2844 3465 2894 ἐν-

1890 2936 2064 2991 ταῦθα
2092 2936 2436 3008 θησαυρίζειν
2459 2951 2473 2966 ·
2501 2934 2566 2988 ἂν
2605 2933 2713 3005 γὰρ
2745 2933 2870 3003 ἔλθῃ
2902 2933 2931 2984 6
2959 2932 3224 2994 κλέπτων,
3255 2932 3465 3000 ταχέως

1890 3026 2402 3098 ἁπαναστησόμεθα.
2422 3023 2791 3100 Γρηγορεῖτε,
2815 3025 3002 3094 φησὶν,
3018 3022 3107 3076 ὅτι
3128 3023 3240 3075 οὐκ
3267 3020 3465 3075 οἴδατε

1891 3116 2031 3182 ποίᾳ
2051 3115 2171 3183 ὥρα
2200 3118 2233 3169 ό
2254 3114 2520 3181 κλέπτης
2539 3112 2774 3182 ἔρχεται
2796 3127 2806 3140 ⁸
2830 3111 2921 3165 τὸν
2953 3111 3179 3164 θάνατον
3201 3108 3344 3163 οὕτω
3368 3126 3465 3161 κα-

1888 3205 2017 3260 λῶν.
2062 3206 2198 3275 Πρὶν
2241 3201 2486 3274 ἢτοίνυν
2513 3200 2661 3274 ἔλθῃ,
2709 3201 2888 3255 πάντα
2920 3199 3339 3268 ἁποπέμπωμεν
3384 3198 3463 3260 εἰς

1887 3293 1985 3363 τήν
2026 3291 2258 3362 πατρίδα
2296 3290 2397 3361 τὴν
2437 3289 2734 3359 ἡμετέραν.
2771 3281 2899 3339 Ὧδε
2935 3286 2990 3338 δὲ
3019 3284 3244 3363 εῠζωνοι
3291 3279 3461 3354 ὦμεν,

1890 3362 1975 3429 ἵνα
2001 3375 2316 3444 δυνηθῶμεν
2340 3371 2721 3442 περιγενέσθαι
2749 3370 2856 3422 ⁴τῶν
2883 3368 3091 3439 ἐχθρῶν
3113 3383 3125 3395 ·
3154 3362 3229 3419 ὧν
3250 3367 3462 3435 γένοιτο

1888 3463 2308 3532 περιγεγονότας
2330 3462 2477 3530 ήμᾶς
2506 3458 2646 3512 κατὰ
2686 3459 2783 3523 τὴν
2811 3457 3021 3527 ἡμέραν
3046 3455 3153 3508 τῶν
3182 3454 3461 3523 στεφάνων

1886 3552 1986 3620 τῆς
2019 3549 2295 3619 ἀφθάρτου
2318 3548 2472 3616 δόξης
2496 3546 2807 3614 ἀξιωθῆναι,
2837 3545 3020 3615 χάριτι
3040 3544 3134 3597 καὶ
3156 3541 3346 3611 φιλανθ
3356 3559 3461 3612 ρω-

1888 3642 1989 3711 πία
2036 3638 2132 3691 τοῦ
2187 3637 2389 3707 Κυρίου
2434 3636 2592 3706 ἡμῶν
2635 3634 2807 3704 Ἰησοῦ
2849 3633 3107 3702 Χριστοῦ,
3147 3631 3263 3703 μεθ’
3292 3628 3353 3686 οῦ
3380 3630 3458 3700 τῷ

1889 3729 2062 3798 Πατρί
2091 3726 2206 3797 ἃμα
2237 3725 2315 3795 τῷ
2342 3723 2481 3793 ἁγίῳ
2515 3722 2810 3793 Πνεῦματι,
2837 3722 2931 3774 καὶ
2958 3721 3025 3775 τὰ
3047 3719 3193 3790 ἐξῆς.

219 3939 3427 3973 ww

1634 4089 1873 4140 ΟΜΙΛΙᾹ
1914 4089 2038 4137 ΚΔ⁹.

199 4198 392 4266 Στῆτε
432 4192 551 4251 οὖν
598 4196 1057 4268 περιζωσάμενοι
1101 4199 1217 4269 τὴν
1265 4201 1467 4270 ὀσφὺν
1503 4200 1671 4269 ὑμῶν
1707 4202 1777 4252 ἐν

267 4288 564 4355 ἀληθείᾳ,
618 4285 715 4339 καί
758 4285 1160 4356 ἐνδυσάμενοι
1213 4288 1321 4343 τὸν
1372 4288 1602 4357 θώρακα
1666 4287 1798 4356 τῆς·

268 4374 691 4441 δικαιοσύνης,
730 4372 830 4425 καὶ
862 4367 1313 4443 ὑποδησάμενοι
1334 4373 1474 4441 τοὺς
1498 4376 1687 4441 πόδας
1708 4377 1776 4428 ἐν

270 4461 590 4529 ἑτοιμασίᾳ
641 4460 748 4513 τοῦ
798 4461 1166 4530 Εὑαγγελίου
1202 4460 1313 4529 τῆς
1365 4460 1624 4528 εἰρήνης,
1675 4461 1775 4515 ἐπὶ

270 4549 469 4603 πᾶσιν
498 4548 907 4613 ἀναλαϐόντες
953 4547 1060 4601 τὸν
1093 4548 1309 4616 θυρεὸν
1342 4542 1452 4617 τῆς
1494 4550 1772 4614 πίστεως,

268 4636 337 4688 ἐν
361 4630 411 4704 ᾧ
447 4634 795 4703 δυνήσεσθε
840 4634 1038 4687 πάντα
1068 4635 1141 4687 τὰ
1164 4636 1322 4704 βέλη
1353 4635 1458 4689 τοῦ
1500 4634 1770 4703 Πονηροῡ

272 4724 343 4775 τὰ
374 4722 773 4792 πεπυρωμένα
793 4723 1029 4786 σϐέσαι,
1054 4721 1151 4775 καὶ
1172 4721 1287 4790 τὴν
1305 4724 1771 4791 περικεφαλαίαν

266 4811 377 4864 τοῦ
408 4811 705 4877 σωτνυιίου
735 4808 1019 4875 δέξασθε,
1055 4808 1150 4862 καί
1185 4808 1299 4877 τὴν
1330 4809 1631 4879 μάχαιραν
1665 4808 1770 4863 τοῦ

268 4899 639 4968 ΙΙνεύματος,
673 4897 706 4950 ὅ
738 4898 865 4950 ἐστι
882 4895 1049 4965 ῥῆμα
1082 4895 1252 4950 Θεοῦ.

274 5010 347 5056 α’.
381 5001 869 5071 Περιζωσάμενοι,
909 5002 1062 5070 φησί,
1097 5000 1212 5065 τήν
1258 4999 1456 5067 ὀσφὺν
1499 4999 1662 5068 ὑμῶν
1701 5000 1770 5052 ἐν

198 5091 469 5157 ἀληθείᾳ.
497 5091 561 5142 Τί
582 5107 705 5143 ποτε
731 5089 885 5142 τοῦτό
903 5091 1047 5142 ἐστιν
1069 5107 1083 5156 ;
1104 5090 1330 5159 Εἴρηται
1350 5091 1478 5158 ἡμῖν
1507 5092 1564 5142 ἐν
1581 5092 1645 5160 τῇ
1665 5088 1771 5159 πρὸ

201 5180 405 5249 ταύτης
450 5178 705 5243 διαλέξει,
742 5178 823 5231 ὅτι
871 5179 951 5231 δεῖ
986 5175 1157 5239 οὕτως
1198 5177 1476 5239 εὐσταλεῖς
1504 5173 1661 5244 εἶναι,
1694 5179 1770 5240 ὡς

204 5269 371 5335 μηδὲν
403 5267 658 5338 ἐμπόδιον
689 5262 827 5320 εἶναι
855 5266 989 5337 πρὸς
1021 5264 1081 5318 τὸ
1108 5266 1341 5335 τρέχειν.
1373 5265 1479 5318 Καὶ
1514 5264 1771 5319 ἐνδυσά-

197 5374 386 5424 μενοι,
418 5358 573 5424 φησι,
602 5355 709 5407 τὸν
736 5352 971 5421 θώρακα
1001 5348 1113 5421 τῆς
1145 5353 1556 5419 δικαιοσύνης.
1586 5353 1769 5406 Καθά-

201 5461 303 5513 τ-ερ
330 5446 359 5496 6
390 5441 575 5514 θώραξ
602 5441 841 5511 ἄτρωτός
868 5440 1033 5505 ἐστιν,
1063 5435 1205 5493 οὕτω
1233 5438 1328 5491 καὶ
1368 5441 1401 5508 ἡ
1432 5439 1764 5510 δικαιοσύνη.

200 5530 556 5600 Δικαιοσύνην
586 5528 643 5580 δέ
696 5526 926 5580 ἐνταῦθα
963 5526 1053 5580 τὸν
1106 5526 1334 5579 καθόλου
1379 5526 1473 5579 καί
1516 5527 1770 5597 ἐνάρετόν

200 5637 329 5689 φησι
362 5617 496 5687 βίον.
539 5615 643 5669 Τὸν
679 5614 915 5668 τοιοῦτον
962 5614 1137 5678 οὐδεὶς
1187 5613 1439 5666 οὐδέποτε
1482 5613 1769 5686 δυνήσεται

200 5706 549 5769 καταϐαλεῖν,
572 5703 705 5756 ἀλλὰ
736 5701 1094 5773 τιτρώσκουσι
1136 5701 1235 5770 μὲν
1262 5701 1465 5765 πολλοὶ,
1493 5700 1769 5772 διατέμνει

196 5790 250 5842 δὲ
288 5792 485 5854 οὐδεὶς,
524 5791 624 5843 οὐκ
675 5790 836 5852 αὐτὸς
875 5791 902 5841 ὁ
928 5787 1192 5851 διάϐολος.
1240 5789 1328 5853 Ὠς
1363 5787 1428 5841 ἂν
1478 5788 1621 5840 εἴποι
1662 5807 1767 5855 τις,

200 5878 674 5949 ἐνστερνισάμενοι
705 5878 770 5931 τὰ
809 5876 988 5930 δίκαια
1024 5876 1344 5946 πράγματα.
1398 5875 1533 5948 Περί
1563 5876 1763 5931 τούτων

1887 4199 2052 4268 φησὶν
2075 4200 2102 4253 6
2124 4199 2377 4270 Χριστός*
2405 4199 2692 4267 Μακάριοι
2708 4200 2762 4250 οἱ
2782 4199 3100 4263 πεινῶντες
3121 4197 3218 4249 καὶ
3234 4193 3454 4263 διψῶν-

1878 4304 1976 4353 τες
2008 4287 2125 4354 τὴν
2157 4287 2572 4352 δικαιοσύνην,
2605 4285 2694 4338 ὅτι
2714 4284 2883 4337 αὺτοί
2909 4282 3447 4353 χορτασθήσονται.

1888 4373 1945 4425 'U
1970 4373 2177 4444 ταύτην
2206 4373 2684 4441 ὲνστερνισάμενος
2712 4369 2884 4433 οὕτως
2917 4369 3063 4422 ἐστὶν
3105 4369 3343 4439 ἰσχυρὸς,
3374 4370 3452 4431 ὡς

1877 4460 2059 4532 θώραξ
2081 4476 2096 4491 ο
2128 4463 2156 4514 6
2183 4459 2423 4522 τοιοῦτος
2449 4458 2699 4513 οὐδέποτε
2729 4456 3132 4528 όργισθήσεται.
3159 4455 3268 4509 Καὶ
3297 4458 3448 4509 ὐπο-

1873 4547 2201 4616 δησάμενοι
2235 4546 2374 4612 τοὺς
2426 4545 2617 4609 πόδας
2666 4547 2733 4597 ἐν
2764 4543 3074 4612 ἑτοιμασίᾳ
3110 4542 3215 4596 τοῦ
3252 4546 3447 4613 Ebur-

1874 4636 2074 4704 γελίου
2105 4634 2214 4700 τῆς
2237 4634 2501 4702 εἰρήνης.
2540 4630 2940 4702 Ἀσαφέστερόν
2972 4648 3088 4694 πως
3114 4630 3274 4683 τοῦτο
3295 4631 3447 4701 εἴρη-

1871 4741 1981 4779 ται.
2013 4723 2077 4775 Τί
2103 4718 2196 4777 οὖν
2238 4725 2390 4789 ἐστι;
2427 4722 2614 4786 Καλὰς
2660 4723 2793 4793 ἡμῖν
2844 4719 2943 4783 τὰς
2974 4721 3242 4791 κνημῖδας
3285 4736 3443 4791 περι-

1874 4828 2065 4899 έθηκε,
2084 4829 2182 4899 τὴν
2207 4828 2300 4881 τοῦ
2327 4826 2657 4897 Εὐάγγελίου
2685 4825 3023 4895 ἐτοιμασίαν.
3047 4827 3117 4879 Ἦ
3139 4824 3297 4880 τοῦτο
3313 4826 3444 4895 γοῦν

1876 4933 2066 4985 φησιν,
2093 4914 2232 4968 ὥστε
2257 4915 2504 4986 ἑτοίμους
2535 4910 2675 4968 εἶναι
2703 4914 2837 4985 πρὸς
2868 4913 2929 4966 τὸ
2961 4912 3314 4983 Εὑαγγέλιον,
3347 4916 3443 4966 καὶ

1870 5004 2007 5075 πρὸς
2034 5002 2194 5059 τοῦτο
2214 5007 2325 5068 τοῖς
2349 5004 2476 5057 ποσὶ
2503 5003 2828 5074 κεχρῆσθαι,
2859 5002 2954 5054 καὶ
2980 5002 3441 5071 προπαρασκευά-

1870 5094 1981 5158 ζειν
2007 5092 2169 5147 αὑτοῦ
2215 5094 2332 5148 ὁδὸν
2368 5094 2462 5147 καὶ
2500 5092 2921 5164 προετοιμάζειν
2944 5107 2957 5120 ’
3003 5090 3036 5161 ἢ
3067 5092 3115 5143 εἰ
3150 5091 3224 5161 μὴ
3264 5091 3439 5154 τοῦτο,

1869 5180 1983 5232 ἀλλ’
2010 5179 2150 5234 ὥστε
2199 5180 2397 5244 αὐτοὺς
2427 5180 2680 5248 ἑτοίμους
2727 5175 2864 5231 εἶναι
2908 5178 3044 5250 πρὸς
3089 5177 3188 5248 τὴν
3241 5177 3436 5242 ἔξοδον.

1881 5267 1944 5319 'H
1988 5267 2167 5320 τοίνυν
2219 5267 2512 5337 ἐτοιμασία
2562 5266 2656 5319 τοῦ
2705 5265 3040 5335 Εὐαγγελίου
3071 5266 3170 5319 οὐκ
3218 5265 3345 5318 ἄλλο
3387 5265 3440 5316 τί

1869 5356 2037 5421 ἐστιν,
2062 5355 2228 5427 ἀλλ’ἢ
2256 5354 2366 5424 βίος
2391 5356 2631 5425 ἄριστος.
2659 5355 2833 5425 Ὅπερ
2863 5354 3046 5421 ἔλεγεν
3070 5354 3098 5407 6
3125 5353 3438 5424 Προφήτης,

1875 5440 1993 5508 Τὴν
2016 5442 2365 5511 ἐτοιμασίαν
2402 5441 2511 5510 τῆς
2542 5442 2789 5511 καρδίης
2819 5440 3015 5495 αὐτῶν
3046 5439 3353 5509 προσέσχε
3372 5442 3439 5491 τὸ

1864 5524 1974 5597 οὖς
2002 5545 2140 5596 σου,
2173 5532 2438 5594 τουτέστι,
2466 5531 2525 5583 :6
2554 5530 2998 5600 ἐμπαράσκευον.
3039 5527 3149 5581 Τοῦ
3180 5527 3440 5594 Εὐάγγε-

1864 5618 2025 5680 λίου,
2064 5616 2221 5687 φησί,
2274 5616 2384 5684 τῆς
2437 5616 2717 5684 εἰρήνης’
2764 5615 3009 5676 εἰκότως.
3072 5612 3288 5683 Ἐπειδὴ
3330 5616 3438 5683 γὰρ

1867 5704 2109 5776 πολέμου
2134 5705 2378 5776 ἐμνήσθη
2395 5707 2487 5757 καὶ
2514 5704 2714 5774 μάχης,
2740 5703 3014 5756 δείκνυσιν
3034 5702 3115 5755 ὅτι
3135 5702 3234 5772 τὴν
3257 5702 3438 5771 μάχην

1864 5793 2003 5863 πρὸς
2044 5794 2168 5857 τοὺς
2212 5792 2474 5862 δαίμονας
2523 5790 2668 5860 ἔχειν
2701 5790 2813 5842 δεῖο
2850 5790 2912 5841 τὸ
2943 5790 3052 5861 γάρ
3078 5788 3435 5858 Εὐαγγέλιον,

1867 5879 2088 5951 εἰρήνης
2128 5878 2469 5950 (181)]ἐετίν.
2523 5878 2760 5940 Ἐκεῖνος
2791 5878 2818 5930 6
2854 5876 3086 5948 πόλεμος
3112 5877 3298 5949 ἓτερον
3332 5895 3436 5931 καί·
