3878 6516
571 417 679 473 169

566 538 754 591 ταλύει
786 534 1020 604 πόλεμον
1056 532 1143 585 τὸν
1178 520 1313 603 πρὸς
1340 535 1429 587 τὸν
1475 537 1636 588 Θεόν·
1678 536 1743 589 ἂν
1784 536 1864 607 τῷ
1899 537 2128 607 διαϐόλῳ

566 622 912 695 πολεμῶμεν,
943 619 1293 691 εἰρηνεύομεν
1320 621 1396 691 τῷ
1420 623 1556 694 Θεῷ.
1594 624 1684 693 Μὴ
1715 624 1896 696 δείσῃς
1928 625 2128 691 τοίνυν,

564 711 835 781 ἀγαπητὲ,
872 707 1197 776 Εὐαγγέλιόν
1228 710 1374 763 ἐστιν
1400 726 1412 739 ⁸
1454 712 1554 782 ήδη
1592 714 1623 782 ή
1653 713 1776 782 νίκη
1820 712 2127 783 γεγένηται.

577 799 699 853 Ἐπί
733 796 923 852 πᾶσιν
937 797 1339 863 ἀναλαϐόντες
1367 798 1471 851 τὸν
1486 800 1698 867 θυρεὸν
1717 798 1824 866 τῆς
1849 801 2125 864 πίστεως.

562 888 751 941 Πίστιν
794 882 1049 945 ἐνταῦθα,
1099 885 1157 935 οὐ
1188 884 1288 954 τὴν
1332 885 1534 953 γνῶσίν
1586 904 1772 957 φησιν,
1813 888 1873 939 ού
1909 885 2017 956 γὰρ
2063 885 2128 939 ἂν

559 974 727 1044 αὐτὴν
780 972 1014 1043 ὑστέραν
1059 970 1267 1036 ἔταξεν,
1298 972 1433 1024 ἀλλά
1478 974 1578 1043 τὴν
1625 975 1804 1043 χάριν,
1843 974 1910 1027 δι’
1953 970 2020 1047 ἦς
2059 972 2129 1027 τὰ

560 1064 761 1133 σημεῖα
807 1060 1037 1127 γίνεται.
1100 1060 1208 1112 Καὶ
1258 1060 1484 1122 εἰκότως
1517 1060 1615 1130 τὴν
1655 1061 1840 1113 πίστιν
1872 1061 2126 1130 ὀνομάζει

556 1152 781 1221 θυρεόν
814 1150 1067 1221 καθάπερ
1094 1150 1202 1220 γὰρ
1236 1151 1441 1212 ἐκεῖνος
1477 1150 1845 1219 προϐέϐληται
1872 1151 1965 1204 τοῦ
1994 1168 2128 1204 παν-

552 1240 643 1301 τὸς
667 1240 941 1307 σώματος,
959 1236 1147 1303 ῶσπερ
1166 1238 1341 1306 τεῖχος
1361 1236 1457 1296 ὣν.
1484 1236 1627 1289 οὕτω
1656 1237 1719 1306 δὴ
1742 1240 1882 1308 καὶὴ
1910 1239 2090 1302 πίστις
2105 1253 2121 1268 ⁸

557 1328 732 1380 πάντα
763 1328 871 1395 γὰρ
922 1326 1056 1394 αὐτῇ
1110 1325 1266 1376 εἴκει.
1314 1322 1416 1375 Ἐν
1464 1317 1512 1390 ᾧ
1552 1322 1914 1387 δυνήσεσθε,
1965 1324 2122 1392 φησὶ,

552 1416 750 1469 πάντα
802 1415 876 1468 τὰ
915 1416 1069 1481 βέλη
1124 1414 1228 1467 τοῦ
1279 1413 1551 1480 Πονηροῦ
1608 1414 1678 1466 τὰ
1727 1414 2123 1481 πεπυρωμένα

552 1506 789 1558 σϐέσαι.
827 1504 995 1558 Ούδέν
1027 1504 1135 1573 γὰρ
1163 1502 1387 1554 δύναται
1428 1501 1615 1553 τοῦτον
1652 1501 1741 1553 τὸν
1787 1502 1978 1571 θυρεὸν
2003 1503 2120 1554 δια-

551 1595 736 1664 κόψαι.
770 1595 970 1645 Ἀκουε
1005 1591 1115 1660 γὰρ
1143 1590 1235 1642 τοῦ
1276 1589 1513 1658 Χριστοῦ
1547 1589 1795 1655 λέγοντος
1828 1590 1965 1658 πρὸς
1996 1590 2123 1651 τοὺς

553 1682 799 1752 μαθητάς
827 1695 842 1708 ⁸
909 1679 1048 1731 Ἐὰν
1096 1678 1273 1744 ἔχητε
1299 1678 1523 1737 πίστιν,
1574 1677 1655 1741 ὡς
1686 1681 1908 1729 κόκκον
1952 1678 2122 1729 σινά-

548 1785 725 1834 πεως,
765 1766 949 1835 ἐρεῖτε
997 1763 1077 1830 τῷ
1119 1766 1238 1831 ὄρει
1280 1764 1485 1827 τούτῳ,
1518 1762 1813 1828 Μετάϐηθι
1842 1764 2122 1818 ἐντεῦθεν

547 1856 691 1917 ἐκεῖ,
717 1854 815 1909 καί
838 1853 1255 1923 μεταϐήσεται.
1292 1853 1415 1913 Πῶς
1444 1851 1503 1903 δὲ
1545 1851 1738 1921 ἕξομεν
1771 1851 1867 1922 τὴν
1899 1853 2117 1919 πίστιν;

550 1947 719 1998 Ὅταν
747 1943 931 1995 ἐκεῖνα
975 1938 1433 2009 κατορθώσωμεν.
1466 1938 1601 2008 Βέλη
1645 1940 1702 1991 δὲ
1736 1939 1828 1991 τοῦ
1872 1940 2118 2010 Πονηροῦ

547 2030 795 2093 καὶτοὺς
836 2026 1175 2098 πειρασμούς
1216 2043 1372 2095 φησι,
1411 2026 1505 2078 καὶ
1541 2026 1639 2086 τὰς
1683 2025 1980 2096 ἐπιθυμίας
2020 2028 2120 2092 τὰς

544 2118 803 2180 ἀτόπους.
854 2114 1052 2176 Καλῶς
1088 2114 1142 2165 δέ
1188 2112 1549 2183 προσέθηκεν,
1591 2114 1667 2166 Τὰ
1699 2114 2114 2183 πεπυρωμένα.

544 2204 793 2258 τοιαῦται
820 2202 930 2274 γάρ
970 2203 1107 2255 εἰσιν
1137 2200 1191 2253 αἰ
1221 2199 1530 2270 ἐπιθυμίαι.
1557 2201 1619 2252 Εἰ
1647 2199 1705 2252 δὲ
1736 2201 1985 2271 δαίμοσιν
2013 2204 2115 2256 ἐπ-

545 2292 733 2360 έταξεν
758 2293 793 2363 ή
823 2292 1024 2353 πίστις,
1056 2288 1238 2358 πολλῷ
1269 2288 1471 2358 μᾶλλον
1510 2289 1605 2341 καὶ
1631 2291 1742 2351 τοῖς
1782 2289 1980 2343 πάθεσι
2016 2292 2117 2362 τῆς

543 2381 740 2451 ψυχῆς.
782 2378 892 2433 Καὶ
926 2378 1041 2445 τὴν
1083 2376 1571 2444 περικεφαλαίαν,
1606 2376 1762 2446 φησὶ,
1796 2377 1903 2431 τοῦ
1927 2394 2119 2445 σωτη-

535 2470 677 2537 ρίου
706 2466 963 2530 δέξασθε
983 2483 996 2496 ·
1029 2463 1295 2528 τουτέστι,
1319 2463 1421 2532 τῆς
1444 2463 1717 2533 σωτηρίας
1747 2463 1921 2533 ὑμῶν.
1952 2465 2116 2537 Περι-

542 2559 771 2627 φράττει
804 2555 913 2625 γὰρ
949 2553 1164 2614 αὐτοὺς,
1204 2552 1280 2614 ὡς
1316 2553 1397 2615 είς
1436 2550 1672 2621 πόλεμον
1721 2551 1950 2619 ἐξάγων.
2001 2553 2112 2607 Καὶ

541 2646 656 2713 τὴν
680 2643 983 2714 μάχαιραν
1012 2642 1117 2695 τοῦ
1148 2642 1512 2710 Πνεύματος,
1545 2640 1579 2694 ὅ
1604 2641 1737 2694 ἐστι
1759 2641 1924 2711 ῥῆμα
1942 2642 2109 2697 Θεοῦ.

544 2735 701 2786 Ἤτοι
729 2732 789 2784 τὸ
816 2728 1045 2799 Πνεῦμά
1069 2745 1253 2798 φησιν,
1280 2729 1397 2798 ἦτοι
1432 2730 1490 2781 ἐν
1524 2732 1589 2800 τῇ
1624 2732 1966 2800 πνευματικῇ
2005 2748 2111 2800 μα-

541 2821 731 2890 χαίρᾳ.
762 2818 863 2870 Διά
892 2816 999 2886 γὰρ
1029 2815 1230 2885 ταύτης
1263 2814 1443 2868 πάντα
1484 2816 1762 2885 τέμνεται,
1795 2815 1881 2868 διὰ
1908 2817 2109 2888 ταύτης

541 2907 719 2960 πάντα
752 2905 1033 2967 κόπτεται,
1088 2903 1184 2955 καὶ
1227 2901 1328 2973 τὴν
1383 2903 1622 2973 κεφαλὴν
1675 2903 1769 2955 τοῦ
1817 2902 2110 2974 δράκοντος

540 2993 921 3062 ἀποτέμνομεν
969 2990 1056 3044 διὰ
1096 2988 1322 3060 ταύτης.
1368 2989 1473 3042 Διὰ
1501 2989 1705 3057 πάσης
1756 2993 2109 3060 προσευχῆς

540 3081 638 3135 καί
706 3079 991 3145 δεήσεως,
1051 3078 1220 3147 φησι,
1271 3079 1745 3146 προσευχόμενοι
1803 3078 1873 3131 ἐν
1928 3081 2106 3133 παντὶ

540 3168 743 3238 καιρῷ,
776 3169 847 3222 ἐν
895 3166 1208 3235 πνεύματι,
1266 3165 1367 3218 καί
1417 3167 1506 3232 είς
1533 3165 1679 3219 αὐτὸ
1722 3167 1898 3221 τοῦτο
1929 3168 2108 3237 ἀγρυ-

540 3256 836 3321 πνοῦντες
864 3254 935 3308 έν
982 3254 1148 3322 πάσῃ
1195 3252 1709 3322 προσκαρτερήσει
1759 3256 1857 3307 καὶ
1901 3255 2106 3321 δεησει

539 3345 671 3412 περὶ
706 3343 946 3396 πάντων
972 3340 1091 3394 τῶν
1119 3342 1321 3409 ἁγίων,
1354 3344 1450 3394 καὶ
1485 3342 1635 3408 ὺπέρ
1676 3341 1845 3409 ἐμοῦ,
1879 3343 1980 3395 ἵνα
2002 3360 2105 3411 μοι

538 3433 685 3502 δοοῇ
708 3433 888 3502 λόγος
912 3433 981 3485 ἐν
999 3431 1226 3495 ἀνοίξει
1244 3429 1351 3485 τοῦ
1378 3431 1675 3499 στόματός
1698 3448 1840 3499 μου,
1868 3433 1939 3485 ἐν
1958 3435 2105 3501 παῤ-

543 3523 745 3589 ὀησίᾳ,
774 3520 1060 3590 γνωρίσαι
1089 3518 1155 3571 τὸ
1194 3516 1532 3589 μυστήριον
1561 3520 1667 3573 τοῦ
1706 3521 2101 3589 Εὐαγγελίου,

537 3610 689 3679 ὑπὲρ
710 3605 782 3666 οὗ
811 3608 1117 3677 πρεσϐεύω
1140 3608 1209 3661 ἐν
1243 3608 1482 3671 ἁλύσει,
1520 3608 1620 3661 ἵνα
1651 3608 1721 3660 ἐν
1750 3606 1912 3672 αὐτῷ
1951 3611 2103 3677 παῤ-

527 3697 930 3766 ρησιάσωμαι,
952 3697 1032 3757 ὡς
1057 3694 1153 3748 δεῖ
1169 3711 1244 3765 με
1268 3694 1559 3763 λαλῆσαι.
1578 3695 1845 3764 Καθάπερ
1866 3696 1927 3748 τὸ
1950 3697 2103 3767 ῥῆμα

535 3784 629 3837 τοῦ
663 3784 797 3837 Θεοῦ
824 3783 1000 3838 πάντα
1027 3781 1218 3851 ἰσχύει,
1249 3781 1517 3859 οὕτωκαὶ
1544 3783 1572 3833 ό
1599 3781 1660 3834 τὸ
1683 3780 1929 3851 χάρισμα
1962 3782 2102 3852 ἔχων

536 3874 597 3926 τὸ
628 3871 1010 3943 πνευματικόν.
1038 3870 1169 3923 Ζῶν
1207 3872 1316 3939 γὰρ
1346 3872 1379 3923 ό
1400 3871 1585 3939 λόγος
1610 3868 1713 3922 τοῦ
1741 3870 1911 3933 Θεοῦ,
1944 3870 2097 3939 φησί,

537 3961 636 4014 καί
654 3959 924 4027 ἐνεργὴς,
942 3959 1040 4011 καί
1058 3957 1384 4026 τομώτερος
1406 3957 1560 4025 ὑπὲρ
1582 3956 1789 4011 πᾶσαν
1798 3957 2102 4026 μάχαιραν

537 4048 841 4115 δίστομον.
883 4046 1027 4116 Ὅρα
1071 4044 1127 4096 δέ
1156 4043 1251 4114 τὴν
1282 4043 1497 4097 σύνεσιν
1534 4042 1627 4095 τοῦ
1671 4044 1942 4115 μακαρίου
1975 4045 2099 4097 τού-

534 4151 653 4188 του.
694 4132 1051 4186 Καθώπλισεν
1102 4130 1300 4194 αὐτοὺς
1355 4130 1494 4199 μετὰ
1528 4130 1709 4201 πάσης
1767 4130 2097 4199 ἀσφαλείαςο

537 4222 720 4274 λοιπὸν
750 4220 868 4284 πῶς
915 4219 997 4273 δεῖ
1046 4219 1138 4272 τὸν
1187 4216 1421 4272 Βασιλέα
1467 4218 1673 4282 καλεῖν,
1730 4217 1869 4271 ὥστε
1911 4216 2096 4290 ὀρέξαι

536 4313 712 4380 χεῖρα,
745 4307 1012 4362 διδάσκει·
1037 4306 1140 4360 Διά
1167 4305 1373 4371 πάσης
1410 4303 1779 4373 προσευχῆς,
1811 4306 1964 4375 φησὶ,
1998 4306 2095 4358 καὶ

532 4396 796 4464 δεήσεως
815 4396 1287 4465 προσευχόμενοι
1311 4393 1379 4446 ἐν
1399 4391 1577 4445 παντὶ
1597 4390 1800 4459 καιρῷ,
1825 4392 1895 4445 ἐν
1914 4395 2097 4447 πνεύ-

528 4487 883 4555 pata-"Ean
932 4485 1042 4555 γὰρ
1098 4483 1173 4553 μὴ
1232 4483 1291 4535 ὲν
1351 4480 1622 4551 πνεύματι
1674 4480 2093 4552 προσεύχεσθαι,

530 4575 658 4626 ὅταν
687 4590 769 4637 τις
813 4572 1131 4643 βαττολογῇ.
1174 4570 1287 4624 Καὶ
1341 4572 1426 4635 εἱς
1480 4568 1649 4630 αὐτὸ,
1679 4571 1863 4639 φησὶν,
1911 4571 2093 4639 ἀγρυ-

531 4660 846 4726 πνοῦντες,
882 4658 1150 4720 τουτέστι,
1202 4658 1481 4729 νήφοντες.
1516 4656 1768 4710 Τοιοῦτον
1818 4657 1921 4727 γὰρ
1954 4654 2093 4711 εἶναι

529 4746 634 4819 χρὴ
684 4747 775 4800 τὸν
829 4745 1316 4814 καθωπλισμένον,
1373 4744 1465 4797 τὸν
1525 4744 1676 4814 παρὰ
1726 4744 1817 4797 τὸν
1862 4746 2092 4798 Βασιλέα

531 4833 762 4896 ἑστῶτα,
794 4834 1072 4903 ἄγρυπνον
1109 4831 1205 4883 καὶ
1240 4830 1519 4900 νηφάλιον.
1566 4831 1661 4883 Ἐν
1690 4830 1857 4899 πάσῃ
1906 4848 2093 4900 προσ-

529 4920 883 4989 καρτερήσει
927 4918 1026 4972 καὶ
1054 4916 1261 4984 δεήσει
1289 4916 1422 4985 περὶ
1468 4917 1710 4970 πάντων
1739 4916 1858 4971 τῶν
1885 4920 2088 4987 ἁγίων,

527 5007 625 5061 καὶ
654 5010 806 5074 ὑπὲρ
843 5005 1009 5076 ἐμοῦ,
1057 5006 1159 5058 ἵνα
1206 5022 1309 5073 μοι
1350 5002 1499 5072 δοθῇ
1536 5005 1718 5073 λόγος
1759 5006 1830 5057 ἐν
1865 5007 2088 5070 ἀνοίξει

524 5094 630 5149 τοῦ
662 5094 959 5163 στόματός
1000 5110 1137 5162 μου.
1185 5092 1250 5144 Τί
1291 5091 1487 5159 λέγεις,
1518 5086 1561 5143 ὦ
1592 5092 1831 5161 μακάριε
1876 5093 2086 5161 Παῦλε;

524 5179 632 5235 τῶν
662 5180 918 5251 μαθητῶν
960 5178 1148 5250 χρείαν
1176 5177 1319 5248 έχεις
1354 5179 1511 5243 ;Καὶ
1549 5179 1727 5241 καλῶς
1775 5177 1948 5241 εἶπεν,
1988 5181 2089 5234 Ἐν

522 5268 749 5332 ἀνοίξει
778 5266 885 5320 τοῦ
916 5266 1212 5335 στόματός
1235 5283 1374 5333 μου.
1412 5266 1524 5319 Οὐκ
1553 5266 1660 5337 ἄρα
1684 5267 1915 5335 ἐμελέτα
1945 5267 2086 5341 άπερ

523 5356 729 5422 ἔλεγεν,
761 5354 899 5409 ἀλλά
936 5350 1114 5415 καθὼς
1132 5348 1285 5405 εἶπεν
1318 5356 1346 5406 ὁ
1369 5355 1601 5422 Χριστός
1621 5369 1634 5382 ·
1676 5354 1863 5407 ’Ὅταν
1898 5370 2087 5423 παρα-

519 5442 708 5513 δῶσιν
726 5440 900 5513 ὺμᾶς,
920 5442 1006 5511 μὴ
1028 5440 1430 5510 μεριμνήσητε
1456 5441 1581 5507 πῶς
1608 5441 1644 5511 ἢ
1670 5444 1725 5494 τί
1759 5442 2083 5510 λαλήσειε-

520 5516 836 5599 δοθήσεται
864 5532 976 5600 γὰρ
1026 5530 1169 5601 ὑμῖν
1204 5531 1275 5584 ἐν
1319 5530 1519 5598 ἐκείνῃ
1549 5529 1623 5600 τῇ
1646 5530 1769 5599 ὥρᾳ
1808 5533 1865 5586 τί
1894 5533 2088 5603 λαλή-

518 5636 658 5674 σετε
683 5634 697 5648 °
740 5618 882 5671 οὕτω
914 5618 1093 5672 πάντα
1136 5618 1316 5671 πίστει
1365 5617 1621 5689 ἔπραττε,
1665 5619 1842 5673 πάντα
1880 5620 2081 5691 χάριτι.

496 5698 668 5780 \[I8i]
724 5707 819 5760 Ἑν
856 5708 1186 5776 παῤῥησίᾳ,
1230 5707 1384 5777 φησί,
1424 5708 1711 5778 γνωρίσαι
1746 5711 1813 5763 τὸ
1846 5711 2082 5780 μυστή-

513 5812 647 5859 ριον
672 5793 779 5848 τοῦ
802 5796 1191 5865 Εὐαγγελίου.
1214 5795 1497 5861 Τουτέστι,
1526 5797 1611 5849 ἵνα
1628 5797 2077 5869 ἀπολογήσωμαι,

512 5881 593 5948 ὡς
635 5881 764 5954 χρή.
801 5879 1026 5938 Ἀλυσιν
1066 5881 1392 5954 περίκεισαι,
1441 5885 1532 5939 καὶ
1583 5884 1783 5957 ἐτέρων
1819 5886 2070 5958 χρῄζεις;

1317 422 1372 473 S.
1410 420 1686 475 JOANMS
1720 418 2208 478 CHRYSOSTOMI
2248 424 2565 485 ARCHIEP.
2607 430 3147 493 CONSTANTINOP.

3634 456 3705 510 Πθ

2235 538 2611 642 lifts-(pudt
2651 549 2772 642 ἐπεὶ
2817 551 2913 603 καὶ
2976 553 3194 642 Πέτρος
3228 554 3407 610 ἅλυσιν
3454 567 3701 642 περιέκειτο,

2232 625 2345 678 ἀλλ’
2374 629 2523 698 ὅμως
2554 633 2685 704 εὐχὴ
2713 631 2781 705 ἦν
2831 639 3057 708 ἐκτενὴς
3107 641 3248 712 ὑπὲρ
3294 645 3445 699 αὑτοῦ
3490 625 3702 729 γἰνομένηί

2244 712 2409 813 ῖΥπὲρ
2438 713 2512 771 οὗ
2538 723 2844 787 πρεσϐεύω
2873 724 2943 776 ἐν
2966 727 3202 792 άλύσει,
3232 730 3329 781 ἵνα
3360 732 3425 783 ἐν
3448 712 3701 813 αὖτῷιπαρῗ

2222 800 2624 896 ῥησιάσωμαι,
2660 809 2741 874 ὼς
2775 810 2871 863 δεῖ
2894 830 2972 880 με
2999 814 3291 883 λαλῆσαι.
3327 800 3574 886 Τουτέστι,
3611 800 3705 896 μέιά

2232 890 2562 985 παρρησίας,
2618 897 2756 964 μετὰ
2783 898 3056 966 ἀνδρείας,
3106 903 3244 973 μετά
3290 906 3533 972 συνέσεως
3561 890 3706 985 πολλῆς

2232 974 2318 1027 ἵνα
2366 976 2770 1051 ἀποκρίνωμαι.
2805 985 2938 1039 Ἵνα
2989 987 3057 1039 δὲ
3101 987 3299 1056 είδῆτε
3343 994 3435 1045 καί
3482 998 3621 1065 ὑμεῖς

2228 1064 2357 1115 κατ’
2394 1065 2516 1134 ἐμὲ,
2550 1070 2607 1121 τί
2628 1071 2914 1138 πράσσω,
2961 1074 3158 1129 πάντα
3195 1078 3335 1146 ὑμῖν
3372 1064 3611 1150 γνωρίσει
3634 1094 3707 1143 Tv-

2227 1152 2416 1244 χικός,
2446 1157 2804 1244 όάγαπητὸς
2836 1163 3120 1232 ἀδελφὸς,
3151 1166 3250 1219 καί
3273 1170 3478 1235 πιστὸς
3500 1171 3708 1244 διάκονος

2226 1238 2295 1289 ἐν·
2327 1243 2540 1307 Κυρίῳ.

2424 1329 2622 1399 Επειδὴ
2650 1331 2864 1402 δεσμῶν
2896 1336 3164 1407 ἐμνήσθη,
3187 1339 3376 1409 ἀφίησί
3396 1358 3444 1394 τι
3465 1346 3546 1396 καί
3564 1348 3708 1416 τῷτυ.

2225 1414 2362 1484 χικῷ
2392 1417 2520 1486 παρ’
2554 1419 2747 1472 ἐαυτοῦ
2781 1421 3143 1493 διαλεχθῆναι.
3192 1427 3260 1478 Ἀ
3308 1428 3403 1496 μὲν
3442 1430 3539 1500 γὰρ
3657 1439 3710 1489 δο-

2224 1501 2448 1570 γμάτων
2473 1504 2565 1556 καὶ
2594 1508 3008 1579 παρακλήσεως,
3032 1510 3203 1565 ταῦτα
3227 1513 3315 1566 διά
3339 1514 3437 1582 τῆς
3457 1501 3706 1592 Ἐπιστολῆς

2224 1589 2411 1659 ἐδήλου
2441 1607 2455 1620 °
2487 1591 2523 1644 ἃ.
2546 1592 2602 1645 δὲ
2632 1594 2971 1662 ἀπαγγελίας
2998 1597 3178 1668 ψιλῆς,
3206 1599 3379 1653 ταῦτα
3408 1601 3482 1672 τῷ
3501 1589 3711 1674 κομίζοντι

2223 1676 2321 1745 τὴν
2362 1677 2681 1748 Ἐπιστολὴν
2719 1682 3010 1752 ἐπέτρεπε.
3044 1686 3135 1737 Διὸ
3177 1687 3273 1740 καὶ
3306 1688 3593 1758 ἐπήγαγεν·
3618 1694 3709 1749 'lra

2222 1761 2407 1831 γνῶτε
2427 1766 2500 1817 τὰ
2524 1767 2659 1833 περὶ
2683 1768 2871 1837 ἡμῶν,
2899 1772 3196 1847 τουτέστιν,
3223 1773 3343 1826 ’Ὶνα
3368 1775 3575 1847 μάθητε.
3592 1780 3711 1835 τοῦτο

2222 1851 2317 1904 καὶ
2353 1852 2519 1905 αὐτοῦ
2546 1854 2644 1924 τήν
2670 1856 2890 1925 ἀγάπην
2925 1858 3108 1929 ἐδήλου
3135 1860 3235 1930 τὴν
3276 1862 3413 1932 πρὸς
3446 1865 3632 1928 αὐτοὺς,
3652 1872 3710 1921 καὶ

2220 1938 2318 2009 τὴν
2347 1939 2568 1994 ἐκείνων
2603 1943 2739 2013 πρὸς
2778 1944 2960 2001 αὐτόν.
2994 1948 3101 1999 Ὃν
3137 1948 3400 2017 ἔπεμψα,
3441 1952 3579 2020 φησί,
3610 1958 3711 2022 πρὸς

2218 2024 2376 2095 ὑμᾶς
2410 2030 2497 2094 είς
2540 2031 2685 2083 αὐτὸ
2721 2032 2921 2098 τοῦτο,
2964 2034 3065 2087 ἵνα
3106 2033 3293 2103 γνῶτε
3332 2038 3403 2090 τὰ
3431 2038 3553 2104 περί
3578 2040 3712 2107 ἡμῶν,

2218 2115 2319 2167 καί
2360 2118 2757 2187 παρακαλέσῃ
2803 2122 2911 2187 τὰς
2947 2123 3195 2191 καρδίας
3226 2124 3417 2193 ὑμῶν.
3446 2129 3547 2195 θὺχ
3582 2128 3711 2193 ἁπλῶς

2217 2200 2374 2255 τοῦτό
2412 2220 2597 2272 φησιν,
2627 2204 2762 2259 ἀλλά
2796 2207 3061 2279 πρότερον
3105 2207 3298 2271 εἰπὼν,
3353 2212 3713 2283 Ἐνδυσάμενοι

2216 2288 2315 2341 καί
2370 2289 2865 2361 περιζωσάμενοι,
2901 2295 3038 2367 ὅπερ
3095 2296 3189 2349 τοῦ
3238 2299 3331 2351 ἀεὶ
3378 2300 3628 2370 προσιέναι
3653 2306 3714 2357 καὶ

2215 2374 2570 2441 ἀδιαλείπτως
2594 2379 2711 2431 ἐστὶ
2736 2382 3054 2451 τεκμήριον.
3078 2384 3279 2437 Ἀκουε
3314 2386 3425 2458 γὰρ
3454 2386 3539 2440 τοῦ
3557 2388 3715 2459 ﬁmi}-

2214 2478 2308 2515 του
2332 2463 2605 2533 λέγοντος*
2634 2466 2957 2535 Γενηθήτω
2983 2468 3163 2535 αὐτῷ,
3194 2471 3276 2536 ὡς
3303 2472 3533 2540 ἱμάτιον
3553 2473 3580 2527 ὃ
3604 2491 3717 2541 περι-

2216 2549 2519 2616 ϐάλλεται,
2559 2552 2658 2605 καί
2685 2554 2830 2608 ὡσεί
2867 2553 3014 2623 ζώνη
3053 2555 3133 2623 ἢν
3156 2556 3483 2625 διαπαντὸς
3504 2559 3717 2629 περιζών-

2213 2654 2406 2693 νυται.
2444 2641 2555 2693 Καὶ
2593 2641 2686 2694 τὸν
2734 2642 2867 2696 Θεὸν
2896 2643 2954 2696 δέ
2991 2645 3020 2697 ό
3050 2645 3345 2717 Προφήτης
3391 2648 3519 2717 φησί
3547 2649 3714 2718 θώρακα

2211 2722 2555 2796 δικαιοσύνης
2611 2728 3073 2798 περιϐεϐλῆσθαι,
3120 2730 3210 2784 διὰ
3257 2732 3451 2786 τούτου
3511 2735 3717 2788 παιδεύων

2211 2811 2377 2882 ἡμᾶς,
2409 2814 2490 2866 ὅτι
2522 2813 2631 2880 ἀεὶ,
2661 2815 2757 2867 καὶ
2788 2815 2848 2867 ού
2885 2816 3021 2887 πρὸς
3055 2818 3247 2889 καιρὸν
3276 2819 3487 2890 βραχὺν
3513 2821 3583 2874 δεῖ
3597 2822 3719 2877 ταῦτα

2210 2898 2383 2967 ἔχειν’
2420 2901 2509 2954 ἀεὶ
2535 2901 2645 2973 γὰρ
2679 2901 2917 2972 πολέμου
2954 2906 3129 2974 χρεία.
3178 2908 3286 2960 Καὶ
3337 2908 3491 2971 ἄλλος
3520 2910 3715 2981 ἀλλαχοῦ.

2209 2987 2442 3052 Δίκαιος
2475 2988 2606 3058 γὰρ,
2648 2989 2832 3059 φησὶν,
2879 2990 2958 3056 ὡς
3002 2989 3160 3045 λέων
3204 2993 3475 3049 πέποιθε.
3522 2997 3611 3050 Τὸν
3644 3002 3718 3067 γὰρ

2208 3072 2353 3127 οὕτω
2391 3075 2863 3147 τεθωρακισμένον
2893 3080 2993 3131 οὐκ
3019 3079 3099 3131 ἐνι
3133 3080 3443 3151 φοϐηθῆναι
3470 3086 3559 3154 τὴν
3589 3086 3718 3154 παρὰ·

2206 3164 2380 3229 ταξιν,
2405 3164 2522 3217 ἀλλ’
2550 3166 2630 3228 εἰς
2666 3165 2862 3235 μέσους
2885 3166 3141 3220 ἅλλεσθαι
3163 3170 3292 3231 τοὺς
3328 3172 3620 3243 πολεμίους.
3643 3177 3718 3227 Καὶ

2205 3251 2235 3303 ό
2278 3251 2529 3317 Ἡσαΐας,
2569 3254 2801 3320 Ὠραῑοι,
2832 3257 3018 3326 φησὶν,
3048 3259 3104 3310 οἱ
3126 3258 3312 3325 πόδες
3334 3259 3455 3313 τῶν
3474 3264 3718 3331 abunde-

2206 3337 2465 3409 ζομένων
2510 3344 2779 3411 εἰρήνην.
2823 3346 2918 3407 Τίς
2942 3347 3043 3399 οὐκ
3069 3346 3134 3399 ἂν
3187 3347 3414 3418 δράμοι,
3463 3351 3541 3414 τίς
3564 3353 3647 3404 οὐκ
3673 3352 3719 3403 ἂν

2204 3426 2538 3499 διακονήσειε
2566 3431 2790 3502 τοιούτῳ
2822 3434 3129 3504 πράγματι,
3172 3434 3318 3487 ὥστε
3360 3438 3576 3508 εἰρήνην
3607 3438 3719 3504 εὐαγ-

2204 3514 2512 3581 γελίζεσθαι
2543 3520 2638 3569 καὶ
2671 3518 2893 3589 εἰρήνην
2920 3519 3053 3572 Θεοῦ
3078 3521 3212 3591 πρὸς
3247 3523 3585 3594 ἀνθρώπους,
3609 3526 3721 3597 εἰρή-

2205 3619 2301 3673 νην
2332 3602 2483 3656 ούδέν
2532 3605 2813 3673 καμόντων
2869 3607 3190 3678 ἀνθρώπων,
3226 3610 3370 3664 ἀλλά
3410 3611 3503 3664 τοῦ
3534 3612 3646 3664 Θεοῦ
3678 3612 3720 3664 τὺ

2204 3693 2311 3744 πᾶν
2358 3693 2774 3763 ἐργασαμένου;
2831 3695 2896 3747 Τί
2950 3696 3009 3748 δέ
3054 3696 3202 3750 ἐστιν
3247 3700 3279 3769 ή
3344 3700 3615 3771 ἐτοιμασίιι
3654 3700 3719 3753 τοῦ

2202 3779 2557 3847 Εὐαγγελίου,
2606 3782 2929 3853 ἀκούσωμεν
2970 3784 3218 3839 Ἰωάννου
3270 3786 3541 3857 λέγοντος
3577 3790 3717 3842 Ἑτοι-

2195 3865 2431 3935 μάσατε
2452 3866 2566 3935 τὴν
2589 3868 2734 3922 ὁδὸν
2752 3871 2995 3937 Κυρίου,
3026 3874 3261 3938 εὐθείας
3281 3874 3506 3928 ποιεῖτε
3526 3875 3618 3940 τὰς
3634 3876 3721 3949 τρί-

2202 3956 2341 4021 ϐους
2374 3954 2579 4008 αὐτοῦ.
2624 3955 2787 4010 Ἀλλά
2818 3958 2988 4009 ταῦτα
3013 3959 3111 4029 μὲν
3140 3962 3352 4024 ἐκεῖνος
3382 3963 3471 4016 διὰ
3489 3963 3546 4015 τὸ
3575 3962 3721 4032 βάπτι-

2202 4056 2314 4108 σμα
2338 4056 2352 4069 ·
2385 4042 2506 4094 ἐπεὶ
2531 4041 2588 4093 δὲ
2625 4042 2719 4094 καὶ
2759 4042 2923 4112 ἄλλης
2953 4046 3267 4115 ἐτοιμασίας
3305 4048 3447 4119 μετά
3476 4048 3533 4101 τὺ
3568 4049 3720 4119 βάπτι-

2202 4144 2312 4195 σμα
2339 4126 2434 4189 δεῖ,
2484 4128 2690 4199 ταύτην
2734 4130 3003 4184 δείκνυσιν
3053 4127 3230 4200 οὗτος,
3282 4138 3388 4188 καὶ
3436 4137 3604 4205 λέγει·
3650 4138 3723 4189 Ἔν

2198 4215 2506 4283 ἑτοιμασίᾳ
2537 4216 2643 4270 τοῦ
2666 4218 3033 4286 Εὑαγγελίου
3064 4219 3171 4287 τῆς
3198 4210 3454 4291 εἰρήνης
3476 4240 3492 4255 ·
3532 4225 3719 4277 αἰνιττό-

2201 4317 2360 4369 μενος
2385 4302 2472 4354 διά
2498 4302 2708 4367 τούτου,
2749 4302 2889 4356 ὥστε
2926 4307 3092 4376 μηδὲν
3118 4308 3340 4373 ἀνάξιον
3372 4309 3619 4381 πράττειν
3634 4310 3722 4382 [τῆς

2199 4387 2465 4459 εἰρήνης].
2514 4387 2730 4460 Ἐπειδὴ
2780 4391 2889 4461 γὰρ
2932 4393 3007 4455 ὡς
3046 4396 3113 4446 τὰ
3168 4396 3341 4449 πολλά
3370 4397 3422 4448 οἱ
3474 4398 3618 4460 πόδες
3643 4397 3721 4449 είσὶ

2196 4475 2290 4528 τοῦ
2325 4475 2441 4546 βίου
2476 4476 2762 4546 σύμϐολον,
2796 4478 2883 4532 διά
2911 4480 3068 4534 τοῦτο
3098 4484 3339 4553 συνεχῶς
3368 4486 3637 4556 παραινῶν
3657 4485 3720 4535 kal

2196 4582 2303 4632 γει,
2338 4565 2601 4619 Βλέπετε
2627 4566 2752 4633 πῶς
2789 4569 3040 4637 ἀκριϐῶς
3077 4573 3477 4640 περιπατεῖτε,
3511 4572 3722 4645 περὶτοῦ

2197 4655 2313 4723 βίου
2348 4655 2542 4723 λέγων.
2588 4655 2799 4710 Οὐκοῦν
2831 4659 2997 4725 ἀξίως
3024 4660 3446 4732 πολιτευώμεθα
3471 4663 3563 4716 τοῦ
3592 4664 3721 4729 εὐαγ-

2193 4742 2395 4811 γελίου,
2438 4745 2530 4797 καὶ
2569 4743 2682 4813 βίον
2716 4747 2809 4798 καὶ
2854 4747 3079 4818 πράξεις
3123 4750 3377 4820 καθαρὰς
3416 4750 3720 4805 ἐπιδεικννώ-

2196 4830 2333 4901 μεθα
2377 4832 2465 4885 διὰ
2506 4834 2685 4903 πάσης
2717 4835 2877 4903 ήμῶν
2928 4836 3025 4906 τῆς
3073 4837 3241 4907 ζωῆς.
3276 4839 3491 4910 Είρήνη
3520 4839 3722 4908 Εὺηγγε·

2191 4921 2369 4991 λίσθη,
2410 4922 2528 4975 δότε
2580 4926 2692 4986 τοῖς
2725 4925 3076 4993 Εὐαγγελίοις
3113 4926 3325 4991 τούτοις
3360 4929 3577 4998 ἕτοιμον
3601 4928 3719 4980 ὀδόν·

2190 5011 2265 5073 ὡς
2290 5011 2384 5064 ἐάν
2410 5011 2572 5065 πάλιν
2595 5011 2779 5082 ἐχθροὶ
2812 5012 3061 5083 γένησθε,
3083 5014 3264 5067 οὐκέτι
3292 5017 3448 5068 ἐστὶν
3478 5013 3721 5085 ἐτοιμασία

2178 5086 2287 5169 τῆς
2319 5100 2559 5168 εἰρήνης.
2614 5099 2858 5169 Ἐτοιμοί
2901 5102 3045 5162 ἐστε,
3098 5099 3174 5171 μὴ
3218 5101 3589 5155 ἀναϐάλλεσθε
3619 5100 3722 5169 πρὶς

2190 5186 2429 5257 εἰρήνην.
2457 5184 2719 5257 Καθάπερ
2746 5186 2951 5257 ἕτοιμοι
2975 5187 3224 5255 ἐγένεσθε
3253 5188 3396 5260 πρὸς
3421 5189 3521 5259 τήν
3538 5188 3721 5257 εἰρήνην

2191 5273 2283 5325 καὶ
2311 5273 2407 5342 τὴν
2441 5273 2645 5333 πίστιν,
2680 5271 2823 5325 οὕτω
2860 5273 2955 5325 καὶ
2993 5276 3331 5343 ἐπιμείνατε.
3378 5275 3581 5347 Θυρεός
3609 5277 3723 5325 ἐστιν

2190 5366 2222 5432 ή
2256 5362 2452 5424 πίστις,
2488 5360 2637 5432 [18⁸2]
2674 5361 2885 5430 πρῶτος
2907 5362 3193 5433 δεχόμενος
3226 5364 3324 5427 τὰς
3362 5364 3475 5417 τῶν
3506 5362 3721 5416 ἐναντίων

2189 5450 2512 5521 προσϐολὰς,
2568 5449 2661 5502 καὶ
2693 5452 2760 5500 τά
2797 5448 2937 5502 ὅπλα
2981 5448 3162 5519 τηρῶν
3206 5449 3453 5521 ἄτρωτα.
3512 5450 3628 5504 Ἐὰν
3653 5443 3724 5500 οὖν

2188 5537 2367 5600 πίστις
2400 5535 2532 5606 όρθή
2618 5535 2711 5588 καὶ
2735 5535 2848 5605 βίος
2879 5533 3144 5607 ὀρθὸς,τά
3173 5537 3311 5590 ὅπλα
3340 5538 3561 5608 ἄτρωτα
3583 5536 3721 5606 μένει.

2187 5624 2364 5677 Πολλὰ
2394 5623 2451 5675 δὲ
2486 5625 2613 5693 περί
2642 5624 2877 5687 πίστεως
2903 5625 2996 5676 καὶ
3026 5623 3259 5693 ἀλλαχοῦ
3287 5623 3620 5694 διαλέγεται,
3645 5621 3723 5691 μά-

2184 5713 2340 5765 λιστα
2365 5712 2420 5764 δὲ
2451 5712 2586 5782 πρὸς
2624 5710 2908 5783 Ἐϐραίους
2930 5711 3176 5782 γράφων,
3201 5712 3290 5764 καί
3322 5712 3457 5783 περὶ
3482 5712 3577 5782 τῆς
3604 5706 3723 5762 ἐλπί-

2183 5801 2289 5863 δοξ⁸
2329 5799 2617 5854 Πιστεύετε
2640 5838 2655 5863 υ
2700 5799 2856 5868 φησὶ.
2895 5803 3006 5863 τοῖς
3048 5799 3331 5868 μέλλουσιν
3380 5798 3620 5868 ἀγαθοῖς,
3647 5791 3724 5847 καὶ

2182 5888 2335 5943 οὐδὲν
2384 5885 2590 5940 τούτων
2618 5885 2982 5956 τρωθήσεται-
3032 5884 3122 5941 Ἐν
3158 5886 3267 5957 γὰρ
3305 5886 3429 5949 τοῖς
3463 5882 3725 5951 δεινοξνίν
