  <div class='ocr_page' id='page_1' title='image "/cluster/home/n/w/nwhite01/storage/ocr_20150623/62/hvd.32044019207836/176.png"; bbox 0 0 3878 6502; ppageno 0'>
   <div class='ocr_carea' id='block_1_1' title="bbox 147 495 248 551">
    <p class='ocr_par' dir='ltr' id='par_1_1' title="bbox 147 495 248 551">
     <span class='ocr_line' id='line_1_1' title="bbox 147 495 248 551; baseline 0.01 -1"><span class='ocrx_word' id='word_1_1' title='bbox 147 495 248 551; x_wconf 77' lang='grc'><strong><em>169</em></strong></span> 
     </span>
    </p>
   </div>
   <div class='ocr_carea' id='block_1_2' title="bbox 141 588 1707 671">
    <p class='ocr_par' dir='ltr' id='par_1_2' title="bbox 141 588 1707 671">
     <span class='ocr_line' id='line_1_2' title="bbox 141 588 1707 671; baseline -0.019 -4"><span class='ocrx_word' id='word_1_2' title='bbox 141 614 300 667; x_wconf 81' lang='lat' dir='ltr'><strong><em>etiam</em></strong></span> <span class='ocrx_word' id='word_1_3' title='bbox 329 607 495 671; x_wconf 85' lang='lat' dir='ltr'><strong><em>fides;</em></strong></span> <span class='ocrx_word' id='word_1_4' title='bbox 538 602 714 658; x_wconf 86' lang='lat' dir='ltr'><strong><em>omnia</em></strong></span> <span class='ocrx_word' id='word_1_5' title='bbox 744 601 884 655; x_wconf 86' lang='lat' dir='ltr'><strong><em>enim</em></strong></span> <span class='ocrx_word' id='word_1_6' title='bbox 913 599 961 652; x_wconf 80' lang='lat' dir='ltr'><strong><em>ei</em></strong></span> <span class='ocrx_word' id='word_1_7' title='bbox 986 598 1199 652; x_wconf 86' lang='lat' dir='ltr'><strong><em>cedunt.</em></strong></span> <span class='ocrx_word' id='word_1_8' title='bbox 1232 593 1299 647; x_wconf 90' lang='lat' dir='ltr'><strong><em>In</em></strong></span> <span class='ocrx_word' id='word_1_9' title='bbox 1323 609 1422 661; x_wconf 90' lang='lat' dir='ltr'><strong><em>quo</em></strong></span> <span class='ocrx_word' id='word_1_10' title='bbox 1450 588 1674 661; x_wconf 81' lang='lat' dir='ltr'><strong><em>poteritis</em></strong></span> <span class='ocrx_word' id='word_1_11' title='bbox 1692 625 1707 651; x_wconf 88' lang='lat'><strong><em>,</em></strong></span> 
     </span>
    </p>
   </div>
   <div class='ocr_carea' id='block_1_3' title="bbox 142 678 1715 773">
    <p class='ocr_par' dir='ltr' id='par_1_3' title="bbox 142 678 1715 773">
     <span class='ocr_line' id='line_1_3' title="bbox 142 678 1715 773; baseline -0.017 -14"><span class='ocrx_word' id='word_1_12' title='bbox 142 703 346 773; x_wconf 86' lang='lat' dir='ltr'><strong><em>inquit.</em></strong></span> <span class='ocrx_word' id='word_1_13' title='bbox 385 699 556 754; x_wconf 90' lang='lat' dir='ltr'><strong><em>omnia</em></strong></span> <span class='ocrx_word' id='word_1_14' title='bbox 584 696 680 749; x_wconf 89' lang='lat' dir='ltr'><strong><em>tela</em></strong></span> <span class='ocrx_word' id='word_1_15' title='bbox 708 693 994 763; x_wconf 89' lang='lat' dir='ltr'><strong><em>nequissimi</em></strong></span> <span class='ocrx_word' id='word_1_16' title='bbox 1019 692 1167 762; x_wconf 89' lang='lat' dir='ltr'><strong><em>ignea</em></strong></span> <span class='ocrx_word' id='word_1_17' title='bbox 1202 687 1536 757; x_wconf 74' lang='lat' dir='ltr'><strong><em>exstinguere.</em></strong></span> <span class='ocrx_word' id='word_1_18' title='bbox 1573 678 1715 773; x_wconf 85' lang='lat' dir='ltr'><strong><em>Nihil</em></strong></span> 
     </span>
    </p>
   </div>
   <div class='ocr_carea' id='block_1_4' title="bbox 138 771 1717 863">
    <p class='ocr_par' dir='ltr' id='par_1_4' title="bbox 138 771 1717 863">
     <span class='ocr_line' id='line_1_4' title="bbox 138 771 1717 863; baseline -0.017 -13"><span class='ocrx_word' id='word_1_19' title='bbox 138 771 283 850; x_wconf 76' lang='lat' dir='ltr'><strong><em>enim</em></strong></span> <span class='ocrx_word' id='word_1_20' title='bbox 308 798 485 863; x_wconf 88' lang='lat' dir='ltr'><strong><em>potest</em></strong></span> <span class='ocrx_word' id='word_1_21' title='bbox 508 789 609 843; x_wconf 89' lang='lat' dir='ltr'><strong><em>hoc</em></strong></span> <span class='ocrx_word' id='word_1_22' title='bbox 646 794 853 841; x_wconf 87' lang='lat' dir='ltr'><strong><em>sentum</em></strong></span> <span class='ocrx_word' id='word_1_23' title='bbox 883 781 1204 837; x_wconf 80' lang='lat' dir='ltr'><strong><em>discindere.</em></strong></span> <span class='ocrx_word' id='word_1_24' title='bbox 1233 777 1369 832; x_wconf 78' lang='lat' dir='ltr'><strong><em>Audi</em></strong></span> <span class='ocrx_word' id='word_1_25' title='bbox 1397 774 1539 831; x_wconf 90' lang='lat' dir='ltr'><strong><em>enim</em></strong></span> <span class='ocrx_word' id='word_1_26' title='bbox 1565 771 1717 826; x_wconf 87' lang='lat' dir='ltr'><strong><em>Chri-</em></strong></span> 
     </span>
    </p>
   </div>
   <div class='ocr_carea' id='block_1_5' title="bbox 139 870 1717 949">
    <p class='ocr_par' dir='ltr' id='par_1_5' title="bbox 139 870 1717 949">
     <span class='ocr_line' id='line_1_5' title="bbox 139 870 1717 949; baseline -0.019 -4"><span class='ocrx_word' id='word_1_27' title='bbox 139 898 280 944; x_wconf 82' lang='lat' dir='ltr'><strong><em>stum</em></strong></span> <span class='ocrx_word' id='word_1_28' title='bbox 309 886 580 942; x_wconf 76' lang='lat' dir='ltr'><strong><em>dicentem</em></strong></span> <span class='ocrx_word' id='word_1_29' title='bbox 600 878 877 949; x_wconf 80' lang='lat' dir='ltr'><strong><em>discipulis</em></strong></span> <span class='ocrx_word' id='word_1_30' title='bbox 902 895 915 930; x_wconf 90' lang='lat'><strong>:</strong></span> <span class='ocrx_word' id='word_1_31' title='bbox 948 875 1008 931; x_wconf 89' lang='lat' dir='ltr'><strong><em>Si</em></strong></span> <span class='ocrx_word' id='word_1_32' title='bbox 1030 872 1254 927; x_wconf 72' lang='lat' dir='ltr'><strong><em>habeatis</em></strong></span> <span class='ocrx_word' id='word_1_33' title='bbox 1282 870 1433 939; x_wconf 75' lang='lat' dir='ltr'><strong><em>fidem</em></strong></span> <span class='ocrx_word' id='word_1_34' title='bbox 1463 877 1717 935; x_wconf 89' lang='lat' dir='ltr'><strong><em>tamquam</em></strong></span> 
     </span>
    </p>
   </div>
   <div class='ocr_carea' id='block_1_6' title="bbox 139 954 1714 1052">
    <p class='ocr_par' dir='ltr' id='par_1_6' title="bbox 139 954 1714 1052">
     <span class='ocr_line' id='line_1_6' title="bbox 139 954 1714 1052; baseline -0.018 -17"><span class='ocrx_word' id='word_1_35' title='bbox 139 995 359 1052; x_wconf 81' lang='lat' dir='ltr'><strong><em>granum</em></strong></span> <span class='ocrx_word' id='word_1_36' title='bbox 382 975 612 1045; x_wconf 85' lang='lat' dir='ltr'><strong><em>sinapis,</em></strong></span> <span class='ocrx_word' id='word_1_37' title='bbox 643 970 817 1025; x_wconf 80' lang='lat' dir='ltr'><strong><em>dicetis</em></strong></span> <span class='ocrx_word' id='word_1_38' title='bbox 843 968 958 1021; x_wconf 85' lang='lat' dir='ltr'><strong><em>huic</em></strong></span> <span class='ocrx_word' id='word_1_39' title='bbox 984 965 1143 1019; x_wconf 87' lang='lat' dir='ltr'><strong><em>monti</em></strong></span> <span class='ocrx_word' id='word_1_40' title='bbox 1166 980 1185 1016; x_wconf 91' lang='lat'><strong><em>:</em></strong></span> <span class='ocrx_word' id='word_1_41' title='bbox 1213 961 1397 1016; x_wconf 79' lang='lat' dir='ltr'><strong><em>Transi</em></strong></span> <span class='ocrx_word' id='word_1_42' title='bbox 1427 959 1544 1052; x_wconf 80' lang='lat' dir='ltr'><strong><em>hinc</em></strong></span> <span class='ocrx_word' id='word_1_43' title='bbox 1571 954 1714 1052; x_wconf 73' lang='lat' dir='ltr'><strong><em>illuc,</em></strong></span> 
     </span>
    </p>
   </div>
   <div class='ocr_carea' id='block_1_7' title="bbox 140 1047 1718 1133">
    <p class='ocr_par' dir='ltr' id='par_1_7' title="bbox 140 1047 1718 1133">
     <span class='ocr_line' id='line_1_7' title="bbox 140 1047 1718 1133; baseline -0.02 -2"><span class='ocrx_word' id='word_1_44' title='bbox 140 1047 184 1131; x_wconf 65' lang='grc' dir='ltr'><strong><em>ξε</em></strong></span> <span class='ocrx_word' id='word_1_45' title='bbox 210 1071 443 1127; x_wconf 82' lang='lat' dir='ltr'><strong><em>transibit</em></strong></span> <span class='ocrx_word' id='word_1_46' title='bbox 474 1066 690 1133; x_wconf 77' lang='lat' dir='ltr'><strong><em>(Matth.</em></strong></span> <span class='ocrx_word' id='word_1_47' title='bbox 721 1064 808 1119; x_wconf 75' lang='grc' dir='ltr'><strong>Π.</strong></span> <span class='ocrx_word' id='word_1_48' title='bbox 840 1061 950 1129; x_wconf 71' lang='lat'><strong><em>19).</em></strong></span> <span class='ocrx_word' id='word_1_49' title='bbox 978 1056 1260 1127; x_wconf 80' lang='lat' dir='ltr'><strong><em>Quomodo</em></strong></span> <span class='ocrx_word' id='word_1_50' title='bbox 1292 1066 1469 1108; x_wconf 84' lang='lat' dir='ltr'><strong><em>autem</em></strong></span> <span class='ocrx_word' id='word_1_51' title='bbox 1500 1047 1718 1103; x_wconf 87' lang='lat' dir='ltr'><strong><em>habebi-</em></strong></span> 
     </span>
    </p>
   </div>
   <div class='ocr_carea' id='block_1_8' title="bbox 139 1143 1719 1228">
    <p class='ocr_par' dir='ltr' id='par_1_8' title="bbox 139 1143 1719 1228">
     <span class='ocr_line' id='line_1_8' title="bbox 139 1143 1719 1228; baseline -0.019 -6"><span class='ocrx_word' id='word_1_52' title='bbox 139 1182 260 1222; x_wconf 85' lang='lat' dir='ltr'><strong><em>mus</em></strong></span> <span class='ocrx_word' id='word_1_53' title='bbox 286 1164 443 1218; x_wconf 75' lang='lat' dir='ltr'><strong><em>(idem</em></strong></span> <span class='ocrx_word' id='word_1_54' title='bbox 464 1163 489 1214; x_wconf 70' lang='grc' dir='ltr'><em>ἲ</em></span> <span class='ocrx_word' id='word_1_55' title='bbox 517 1158 740 1228; x_wconf 81' lang='lat' dir='ltr'><strong><em>Quando</em></strong></span> <span class='ocrx_word' id='word_1_56' title='bbox 770 1156 857 1210; x_wconf 87' lang='lat' dir='ltr'><strong><em>illa</em></strong></span> <span class='ocrx_word' id='word_1_57' title='bbox 901 1162 1048 1209; x_wconf 88' lang='lat' dir='ltr'><strong><em>recte</em></strong></span> <span class='ocrx_word' id='word_1_58' title='bbox 1085 1149 1429 1221; x_wconf 80' lang='lat' dir='ltr'><strong><em>gesserimus.</em></strong></span> <span class='ocrx_word' id='word_1_59' title='bbox 1471 1143 1595 1197; x_wconf 89' lang='lat' dir='ltr'><strong><em>Tela</em></strong></span> <span class='ocrx_word' id='word_1_60' title='bbox 1626 1156 1719 1194; x_wconf 89' lang='lat' dir='ltr'><strong><em>au-</em></strong></span> 
     </span>
    </p>
   </div>
   <div class='ocr_carea' id='block_1_9' title="bbox 142 1231 1719 1322">
    <p class='ocr_par' dir='ltr' id='par_1_9' title="bbox 142 1231 1719 1322">
     <span class='ocr_line' id='line_1_9' title="bbox 142 1231 1719 1322; baseline -0.018 -10"><span class='ocrx_word' id='word_1_61' title='bbox 142 1268 249 1312; x_wconf 87' lang='lat' dir='ltr'><strong><em>tem</em></strong></span> <span class='ocrx_word' id='word_1_62' title='bbox 275 1256 393 1322; x_wconf 85' lang='lat' dir='ltr'><strong><em>ejus</em></strong></span> <span class='ocrx_word' id='word_1_63' title='bbox 422 1254 551 1307; x_wconf 85' lang='lat' dir='ltr'><strong><em>dicit</em></strong></span> <span class='ocrx_word' id='word_1_64' title='bbox 595 1247 953 1309; x_wconf 89' lang='lat' dir='ltr'><strong><em>tentationes,</em></strong></span> <span class='ocrx_word' id='word_1_65' title='bbox 995 1240 1358 1308; x_wconf 75' lang='lat' dir='ltr'><strong><em>absurdasqne</em></strong></span> <span class='ocrx_word' id='word_1_66' title='bbox 1394 1244 1448 1290; x_wconf 87' lang='lat' dir='ltr'><strong><em>et</em></strong></span> <span class='ocrx_word' id='word_1_67' title='bbox 1489 1231 1719 1287; x_wconf 80' lang='lat' dir='ltr'><strong><em>nefarias</em></strong></span> 
     </span>
    </p>
   </div>
   <div class='ocr_carea' id='block_1_10' title="bbox 142 1329 1721 1420">
    <p class='ocr_par' dir='ltr' id='par_1_10' title="bbox 142 1329 1721 1420">
     <span class='ocr_line' id='line_1_10' title="bbox 142 1329 1721 1420; baseline -0.02 -14"><span class='ocrx_word' id='word_1_68' title='bbox 142 1349 479 1420; x_wconf 75' lang='lat' dir='ltr'><strong><em>cupiditates.</em></strong></span> <span class='ocrx_word' id='word_1_69' title='bbox 503 1345 670 1399; x_wconf 92' lang='lat' dir='ltr'><strong><em>Recte</em></strong></span> <span class='ocrx_word' id='word_1_70' title='bbox 690 1339 906 1407; x_wconf 84' lang='lat' dir='ltr'><strong><em>adjecit,</em></strong></span> <span class='ocrx_word' id='word_1_71' title='bbox 936 1335 1095 1406; x_wconf 75' lang='lat' dir='ltr'><strong><em>Ignea</em></strong></span> <span class='ocrx_word' id='word_1_72' title='bbox 1119 1350 1136 1387; x_wconf 93' lang='lat'><strong><em>:</em></strong></span> <span class='ocrx_word' id='word_1_73' title='bbox 1167 1333 1300 1385; x_wconf 80' lang='lat' dir='ltr'><strong><em>tales</em></strong></span> <span class='ocrx_word' id='word_1_74' title='bbox 1324 1329 1464 1383; x_wconf 87' lang='lat' dir='ltr'><strong><em>enim</em></strong></span> <span class='ocrx_word' id='word_1_75' title='bbox 1487 1334 1609 1379; x_wconf 88' lang='lat' dir='ltr'><strong><em>sunt</em></strong></span> <span class='ocrx_word' id='word_1_76' title='bbox 1627 1338 1721 1420; x_wconf 77' lang='lat' dir='ltr'><strong><em>eu-</em></strong></span> 
     </span>
    </p>
   </div>
   <div class='ocr_carea' id='block_1_11' title="bbox 140 1416 1721 1513">
    <p class='ocr_par' dir='ltr' id='par_1_11' title="bbox 140 1416 1721 1513">
     <span class='ocr_line' id='line_1_11' title="bbox 140 1416 1721 1513; baseline -0.018 -16"><span class='ocrx_word' id='word_1_77' title='bbox 140 1416 409 1513; x_wconf 83' lang='lat' dir='ltr'><strong><em>piditatcs.</em></strong></span> <span class='ocrx_word' id='word_1_78' title='bbox 439 1437 591 1507; x_wconf 91' lang='lat' dir='ltr'><strong><em>Quod</em></strong></span> <span class='ocrx_word' id='word_1_79' title='bbox 618 1435 660 1490; x_wconf 88' lang='lat' dir='ltr'><strong><em>si</em></strong></span> <span class='ocrx_word' id='word_1_80' title='bbox 693 1434 824 1488; x_wconf 84' lang='lat' dir='ltr'><strong><em>fides</em></strong></span> <span class='ocrx_word' id='word_1_81' title='bbox 851 1427 1132 1500; x_wconf 78' lang='lat' dir='ltr'><strong><em>imperavit</em></strong></span> <span class='ocrx_word' id='word_1_82' title='bbox 1158 1421 1518 1481; x_wconf 80' lang='lat' dir='ltr'><strong><em>dannonibus,</em></strong></span> <span class='ocrx_word' id='word_1_83' title='bbox 1552 1416 1721 1513; x_wconf 83' lang='lat' dir='ltr'><strong><em>multo</em></strong></span> 
     </span>
    </p>
   </div>
   <div class='ocr_carea' id='block_1_12' title="bbox 139 1510 1719 1604">
    <p class='ocr_par' dir='ltr' id='par_1_12' title="bbox 139 1510 1719 1604">
     <span class='ocr_line' id='line_1_12' title="bbox 139 1510 1719 1604; baseline -0.019 -14"><span class='ocrx_word' id='word_1_84' title='bbox 139 1510 310 1604; x_wconf 75' lang='lat' dir='ltr'><strong><em>magis</em></strong></span> <span class='ocrx_word' id='word_1_85' title='bbox 329 1531 490 1586; x_wconf 90' lang='lat' dir='ltr'><strong><em>animi</em></strong></span> <span class='ocrx_word' id='word_1_86' title='bbox 516 1529 676 1582; x_wconf 86' lang='lat' dir='ltr'><strong><em>vitiis.</em></strong></span> <span class='ocrx_word' id='word_1_87' title='bbox 704 1525 767 1580; x_wconf 84' lang='lat' dir='ltr'><strong><em>Et</em></strong></span> <span class='ocrx_word' id='word_1_88' title='bbox 794 1524 1010 1595; x_wconf 81' lang='lat' dir='ltr'><strong><em>galeam,</em></strong></span> <span class='ocrx_word' id='word_1_89' title='bbox 1041 1519 1233 1588; x_wconf 78' lang='lat' dir='ltr'><strong><em>inquit,</em></strong></span> <span class='ocrx_word' id='word_1_90' title='bbox 1260 1515 1439 1571; x_wconf 87' lang='lat' dir='ltr'><strong><em>salutis</em></strong></span> <span class='ocrx_word' id='word_1_91' title='bbox 1462 1510 1719 1573; x_wconf 79' lang='lat' dir='ltr'><strong><em>assumite,</em></strong></span> 
     </span>
    </p>
   </div>
   <div class='ocr_carea' id='block_1_13' title="bbox 137 1605 1724 1693">
    <p class='ocr_par' dir='ltr' id='par_1_13' title="bbox 137 1605 1724 1693">
     <span class='ocr_line' id='line_1_13' title="bbox 137 1605 1724 1693; baseline -0.016 -12"><span class='ocrx_word' id='word_1_92' title='bbox 137 1637 369 1691; x_wconf 66' lang='lat' dir='ltr'><strong><em>vestrae,</em></strong></span> <span class='ocrx_word' id='word_1_93' title='bbox 410 1626 659 1693; x_wconf 87' lang='lat' dir='ltr'><strong><em>inquam,</em></strong></span> <span class='ocrx_word' id='word_1_94' title='bbox 700 1618 910 1672; x_wconf 85' lang='lat' dir='ltr'><strong><em>salutis.</em></strong></span> <span class='ocrx_word' id='word_1_95' title='bbox 956 1616 1066 1669; x_wconf 80' lang='lat' dir='ltr'><strong><em>Eos</em></strong></span> <span class='ocrx_word' id='word_1_96' title='bbox 1090 1614 1228 1667; x_wconf 87' lang='lat' dir='ltr'><strong><em>enim</em></strong></span> <span class='ocrx_word' id='word_1_97' title='bbox 1261 1605 1627 1665; x_wconf 81' lang='lat' dir='ltr'><strong><em>circumvallat</em></strong></span> <span class='ocrx_word' id='word_1_98' title='bbox 1669 1610 1724 1656; x_wconf 91' lang='lat' dir='ltr'><strong><em>et</em></strong></span> 
     </span>
    </p>
   </div>
   <div class='ocr_carea' id='block_1_14' title="bbox 139 1693 1737 1788">
    <p class='ocr_par' dir='ltr' id='par_1_14' title="bbox 139 1693 1737 1788">
     <span class='ocr_line' id='line_1_14' title="bbox 139 1693 1737 1788; baseline -0.019 -14"><span class='ocrx_word' id='word_1_99' title='bbox 139 1718 318 1773; x_wconf 87' lang='lat' dir='ltr'><strong><em>munit</em></strong></span> <span class='ocrx_word' id='word_1_100' title='bbox 344 1718 488 1788; x_wconf 86' lang='lat' dir='ltr'><strong><em>quasi</em></strong></span> <span class='ocrx_word' id='word_1_101' title='bbox 518 1714 775 1768; x_wconf 85' lang='lat' dir='ltr'><strong><em>ducturus</em></strong></span> <span class='ocrx_word' id='word_1_102' title='bbox 801 1708 866 1763; x_wconf 88' lang='lat' dir='ltr'><strong><em>ad</em></strong></span> <span class='ocrx_word' id='word_1_103' title='bbox 900 1722 1151 1776; x_wconf 81' lang='lat' dir='ltr'><strong><em>pugnam.</em></strong></span> <span class='ocrx_word' id='word_1_104' title='bbox 1197 1702 1261 1755; x_wconf 83' lang='lat' dir='ltr'><strong><em>Et</em></strong></span> <span class='ocrx_word' id='word_1_105' title='bbox 1287 1698 1521 1771; x_wconf 82' lang='lat' dir='ltr'><strong><em>gladium</em></strong></span> <span class='ocrx_word' id='word_1_106' title='bbox 1570 1693 1737 1788; x_wconf 46' lang='lat' dir='ltr'><strong><em>spiria</em></strong></span> 
     </span>
    </p>
   </div>
   <div class='ocr_carea' id='block_1_15' title="bbox 138 1782 1721 1878">
    <p class='ocr_par' dir='ltr' id='par_1_15' title="bbox 138 1782 1721 1878">
     <span class='ocr_line' id='line_1_15' title="bbox 138 1782 1721 1878; baseline -0.018 -14"><span class='ocrx_word' id='word_1_107' title='bbox 138 1818 247 1874; x_wconf 81' lang='lat' dir='ltr'><strong><em>tus,</em></strong></span> <span class='ocrx_word' id='word_1_108' title='bbox 277 1782 413 1878; x_wconf 75' lang='lat' dir='ltr'><strong><em>quod</em></strong></span> <span class='ocrx_word' id='word_1_109' title='bbox 436 1816 507 1860; x_wconf 83' lang='lat' dir='ltr'><strong><em>est</em></strong></span> <span class='ocrx_word' id='word_1_110' title='bbox 531 1804 735 1859; x_wconf 83' lang='lat' dir='ltr'><strong><em>verbum</em></strong></span> <span class='ocrx_word' id='word_1_111' title='bbox 768 1800 880 1853; x_wconf 88' lang='lat' dir='ltr'><strong><em>Dei.</em></strong></span> <span class='ocrx_word' id='word_1_112' title='bbox 910 1798 1039 1853; x_wconf 88' lang='lat' dir='ltr'><strong><em>Sive</em></strong></span> <span class='ocrx_word' id='word_1_113' title='bbox 1074 1794 1323 1864; x_wconf 84' lang='lat' dir='ltr'><strong><em>spiritum</em></strong></span> <span class='ocrx_word' id='word_1_114' title='bbox 1352 1788 1498 1845; x_wconf 74' lang='lat' dir='ltr'><strong><em>dicit.</em></strong></span> <span class='ocrx_word' id='word_1_115' title='bbox 1528 1788 1639 1839; x_wconf 88' lang='lat' dir='ltr'><strong><em>sive</em></strong></span> <span class='ocrx_word' id='word_1_116' title='bbox 1670 1782 1721 1836; x_wconf 89' lang='lat' dir='ltr'><strong><em>in</em></strong></span> 
     </span>
    </p>
   </div>
   <div class='ocr_carea' id='block_1_16' title="bbox 137 1878 1724 1970">
    <p class='ocr_par' dir='ltr' id='par_1_16' title="bbox 137 1878 1724 1970">
     <span class='ocr_line' id='line_1_16' title="bbox 137 1878 1724 1970; baseline -0.016 -17"><span class='ocrx_word' id='word_1_117' title='bbox 137 1900 323 1970; x_wconf 87' lang='lat' dir='ltr'><strong><em>gladio</em></strong></span> <span class='ocrx_word' id='word_1_118' title='bbox 348 1895 629 1967; x_wconf 87' lang='lat' dir='ltr'><strong><em>spirituali.</em></strong></span> <span class='ocrx_word' id='word_1_119' title='bbox 661 1894 762 1947; x_wconf 87' lang='lat' dir='ltr'><strong><em>Per</em></strong></span> <span class='ocrx_word' id='word_1_120' title='bbox 794 1904 913 1945; x_wconf 91' lang='lat' dir='ltr'><strong><em>eum</em></strong></span> <span class='ocrx_word' id='word_1_121' title='bbox 943 1888 1084 1941; x_wconf 87' lang='lat' dir='ltr'><strong><em>enim</em></strong></span> <span class='ocrx_word' id='word_1_122' title='bbox 1116 1892 1364 1939; x_wconf 80' lang='lat' dir='ltr'><strong><em>secantur</em></strong></span> <span class='ocrx_word' id='word_1_123' title='bbox 1389 1878 1565 1935; x_wconf 89' lang='lat' dir='ltr'><strong><em>omnia</em></strong></span> <span class='ocrx_word' id='word_1_124' title='bbox 1587 1918 1602 1943; x_wconf 93' lang='lat'><strong><em>,</em></strong></span> <span class='ocrx_word' id='word_1_125' title='bbox 1629 1891 1724 1946; x_wconf 88' lang='lat' dir='ltr'><strong><em>per</em></strong></span> 
     </span>
    </p>
   </div>
   <div class='ocr_carea' id='block_1_17' title="bbox 138 1978 1729 2050">
    <p class='ocr_par' dir='ltr' id='par_1_17' title="bbox 138 1978 1729 2050">
     <span class='ocr_line' id='line_1_17' title="bbox 138 1978 1729 2050; baseline -0.015 -3"><span class='ocrx_word' id='word_1_126' title='bbox 138 2007 263 2047; x_wconf 89' lang='lat' dir='ltr'><strong><em>eum</em></strong></span> <span class='ocrx_word' id='word_1_127' title='bbox 295 1991 474 2044; x_wconf 85' lang='lat' dir='ltr'><strong><em>omnia</em></strong></span> <span class='ocrx_word' id='word_1_128' title='bbox 503 1987 838 2050; x_wconf 89' lang='lat' dir='ltr'><strong><em>scinduntur,</em></strong></span> <span class='ocrx_word' id='word_1_129' title='bbox 863 1993 917 2039; x_wconf 90' lang='lat' dir='ltr'><strong><em>et</em></strong></span> <span class='ocrx_word' id='word_1_130' title='bbox 942 1997 1033 2050; x_wconf 83' lang='lat' dir='ltr'><strong><em>per</em></strong></span> <span class='ocrx_word' id='word_1_131' title='bbox 1060 1995 1180 2034; x_wconf 89' lang='lat' dir='ltr'><strong><em>eum</em></strong></span> <span class='ocrx_word' id='word_1_132' title='bbox 1210 1986 1544 2046; x_wconf 82' lang='lat' dir='ltr'><strong><em>amputamus</em></strong></span> <span class='ocrx_word' id='word_1_133' title='bbox 1567 1978 1729 2040; x_wconf 88' lang='lat' dir='ltr'><strong><em>caput</em></strong></span> 
     </span>
    </p>
   </div>
   <div class='ocr_carea' id='block_1_18' title="bbox 139 2069 1723 2138">
    <p class='ocr_par' dir='ltr' id='par_1_18' title="bbox 139 2069 1723 2138">
     <span class='ocr_line' id='line_1_18' title="bbox 139 2069 1723 2138; baseline -0.013 0"><span class='ocrx_word' id='word_1_134' title='bbox 139 2085 414 2138; x_wconf 80' lang='lat' dir='ltr'><strong><em>draconis.</em></strong></span> <span class='ocrx_word' id='word_1_135' title='bbox 451 2081 536 2137; x_wconf 85' lang='lat' dir='ltr'><strong><em>l8.</em></strong></span> <span class='ocrx_word' id='word_1_136' title='bbox 570 2079 674 2133; x_wconf 88' lang='lat' dir='ltr'><strong><em>Per</em></strong></span> <span class='ocrx_word' id='word_1_137' title='bbox 700 2095 897 2133; x_wconf 87' lang='lat' dir='ltr'><strong><em>omnem</em></strong></span> <span class='ocrx_word' id='word_1_138' title='bbox 926 2075 1201 2129; x_wconf 88' lang='lat' dir='ltr'><strong><em>orationem</em></strong></span> <span class='ocrx_word' id='word_1_139' title='bbox 1228 2080 1273 2125; x_wconf 85' lang='lat' dir='ltr'><strong><em>et</em></strong></span> <span class='ocrx_word' id='word_1_140' title='bbox 1298 2069 1682 2125; x_wconf 81' lang='lat' dir='ltr'><strong><em>obsecrationem</em></strong></span> <span class='ocrx_word' id='word_1_141' title='bbox 1707 2105 1723 2127; x_wconf 94' lang='lat'><strong><em>,</em></strong></span> 
     </span>
    </p>
   </div>
   <div class='ocr_carea' id='block_1_19' title="bbox 140 2155 1727 2246">
    <p class='ocr_par' dir='ltr' id='par_1_19' title="bbox 140 2155 1727 2246">
     <span class='ocr_line' id='line_1_19' title="bbox 140 2155 1727 2246; baseline -0.013 -17"><span class='ocrx_word' id='word_1_142' title='bbox 140 2175 341 2246; x_wconf 88' lang='lat' dir='ltr'><strong><em>inquit,</em></strong></span> <span class='ocrx_word' id='word_1_143' title='bbox 368 2182 571 2227; x_wconf 88' lang='lat' dir='ltr'><strong><em>orantes</em></strong></span> <span class='ocrx_word' id='word_1_144' title='bbox 614 2171 749 2223; x_wconf 87' lang='lat' dir='ltr'><strong><em>omni</em></strong></span> <span class='ocrx_word' id='word_1_145' title='bbox 778 2178 998 2235; x_wconf 84' lang='lat' dir='ltr'><strong><em>tempore</em></strong></span> <span class='ocrx_word' id='word_1_146' title='bbox 1026 2166 1078 2217; x_wconf 89' lang='lat' dir='ltr'><strong><em>in</em></strong></span> <span class='ocrx_word' id='word_1_147' title='bbox 1105 2163 1287 2233; x_wconf 87' lang='lat' dir='ltr'><strong><em>spiritu</em></strong></span> <span class='ocrx_word' id='word_1_148' title='bbox 1307 2202 1322 2225; x_wconf 95' lang='lat'><strong><em>,</em></strong></span> <span class='ocrx_word' id='word_1_149' title='bbox 1352 2169 1401 2214; x_wconf 89' lang='lat' dir='ltr'><strong><em>et</em></strong></span> <span class='ocrx_word' id='word_1_150' title='bbox 1427 2160 1480 2212; x_wconf 92' lang='lat' dir='ltr'><strong><em>in</em></strong></span> <span class='ocrx_word' id='word_1_151' title='bbox 1507 2162 1618 2225; x_wconf 86' lang='lat' dir='ltr'><strong><em>ipso</em></strong></span> <span class='ocrx_word' id='word_1_152' title='bbox 1648 2155 1727 2209; x_wconf 76' lang='lat' dir='ltr'><strong><em>vi—</em></strong></span> 
     </span>
    </p>
   </div>
   <div class='ocr_carea' id='block_1_20' title="bbox 142 2248 1730 2345">
    <p class='ocr_par' dir='ltr' id='par_1_20' title="bbox 142 2248 1730 2345">
     <span class='ocr_line' id='line_1_20' title="bbox 142 2248 1730 2345; baseline -0.012 -26"><span class='ocrx_word' id='word_1_153' title='bbox 142 2269 388 2338; x_wconf 86' lang='lat' dir='ltr'><strong><em>gilantes,</em></strong></span> <span class='ocrx_word' id='word_1_154' title='bbox 419 2263 472 2315; x_wconf 90' lang='lat' dir='ltr'><strong><em>in</em></strong></span> <span class='ocrx_word' id='word_1_155' title='bbox 499 2261 636 2316; x_wconf 88' lang='lat' dir='ltr'><strong><em>omni</em></strong></span> <span class='ocrx_word' id='word_1_156' title='bbox 660 2259 902 2313; x_wconf 84' lang='lat' dir='ltr'><strong><em>instantia</em></strong></span> <span class='ocrx_word' id='word_1_157' title='bbox 932 2266 978 2345; x_wconf 76' lang='lat' dir='ltr'><strong><em>et</em></strong></span> <span class='ocrx_word' id='word_1_158' title='bbox 1009 2254 1352 2310; x_wconf 85' lang='lat' dir='ltr'><strong><em>obsecratione</em></strong></span> <span class='ocrx_word' id='word_1_159' title='bbox 1376 2266 1467 2320; x_wconf 85' lang='lat' dir='ltr'><strong><em>pro</em></strong></span> <span class='ocrx_word' id='word_1_160' title='bbox 1493 2248 1730 2303; x_wconf 80' lang='lat' dir='ltr'><strong><em>omnibus</em></strong></span> 
     </span>
    </p>
   </div>
   <div class='ocr_carea' id='block_1_21' title="bbox 139 2341 1729 2422">
    <p class='ocr_par' dir='ltr' id='par_1_21' title="bbox 139 2341 1729 2422">
     <span class='ocr_line' id='line_1_21' title="bbox 139 2341 1729 2422; baseline -0.014 -8"><span class='ocrx_word' id='word_1_161' title='bbox 139 2358 362 2419; x_wconf 80' lang='lat' dir='ltr'><strong><em>metis;</em></strong></span> <span class='ocrx_word' id='word_1_162' title='bbox 392 2355 481 2411; x_wconf 88' lang='grc'><strong>19.</strong></span> <span class='ocrx_word' id='word_1_163' title='bbox 509 2364 558 2407; x_wconf 89' lang='lat' dir='ltr'><strong><em>et</em></strong></span> <span class='ocrx_word' id='word_1_164' title='bbox 585 2369 677 2422; x_wconf 83' lang='lat' dir='ltr'><strong><em>pro</em></strong></span> <span class='ocrx_word' id='word_1_165' title='bbox 702 2367 798 2413; x_wconf 84' lang='lat' dir='ltr'><strong><em>me,</em></strong></span> <span class='ocrx_word' id='word_1_166' title='bbox 824 2360 878 2402; x_wconf 89' lang='lat' dir='ltr'><strong><em>ut</em></strong></span> <span class='ocrx_word' id='word_1_167' title='bbox 899 2341 1048 2401; x_wconf 80' lang='lat' dir='ltr'><strong><em>detur</em></strong></span> <span class='ocrx_word' id='word_1_168' title='bbox 1070 2347 1193 2400; x_wconf 83' lang='lat' dir='ltr'><strong><em>mihi</em></strong></span> <span class='ocrx_word' id='word_1_169' title='bbox 1214 2360 1377 2398; x_wconf 85' lang='lat' dir='ltr'><strong><em>sermo</em></strong></span> <span class='ocrx_word' id='word_1_170' title='bbox 1397 2343 1450 2395; x_wconf 89' lang='lat' dir='ltr'><strong><em>in</em></strong></span> <span class='ocrx_word' id='word_1_171' title='bbox 1471 2341 1729 2409; x_wconf 87' lang='lat' dir='ltr'><strong><em>apertione</em></strong></span> 
     </span>
    </p>
   </div>
   <div class='ocr_carea' id='block_1_22' title="bbox 139 2431 1726 2516">
    <p class='ocr_par' dir='ltr' id='par_1_22' title="bbox 139 2431 1726 2516">
     <span class='ocr_line' id='line_1_22' title="bbox 139 2431 1726 2516; baseline -0.014 -11"><span class='ocrx_word' id='word_1_172' title='bbox 139 2451 239 2505; x_wconf 89' lang='lat' dir='ltr'><strong><em>oris</em></strong></span> <span class='ocrx_word' id='word_1_173' title='bbox 281 2465 402 2502; x_wconf 83' lang='lat' dir='ltr'><strong><em>cum</em></strong></span> <span class='ocrx_word' id='word_1_174' title='bbox 445 2446 667 2516; x_wconf 80' lang='lat' dir='ltr'><strong><em>fiducia,</em></strong></span> <span class='ocrx_word' id='word_1_175' title='bbox 714 2453 887 2496; x_wconf 89' lang='lat' dir='ltr'><strong><em>notum</em></strong></span> <span class='ocrx_word' id='word_1_176' title='bbox 931 2444 1096 2511; x_wconf 81' lang='lat' dir='ltr'><strong><em>facere</em></strong></span> <span class='ocrx_word' id='word_1_177' title='bbox 1126 2435 1413 2507; x_wconf 78' lang='lat' dir='ltr'><strong><em>mysterium</em></strong></span> <span class='ocrx_word' id='word_1_178' title='bbox 1448 2431 1726 2502; x_wconf 77' lang='lat' dir='ltr'><strong><em>evangelii,</em></strong></span> 
     </span>
    </p>
   </div>
   <div class='ocr_carea' id='block_1_23' title="bbox 139 2524 1729 2613">
    <p class='ocr_par' dir='ltr' id='par_1_23' title="bbox 139 2524 1729 2613">
     <span class='ocr_line' id='line_1_23' title="bbox 139 2524 1729 2613; baseline -0.015 -13"><span class='ocrx_word' id='word_1_179' title='bbox 139 2546 225 2599; x_wconf 83' lang='grc'><strong><em>20.</em></strong></span> <span class='ocrx_word' id='word_1_180' title='bbox 258 2559 359 2613; x_wconf 87' lang='lat' dir='ltr'><strong><em>pro</em></strong></span> <span class='ocrx_word' id='word_1_181' title='bbox 396 2557 495 2608; x_wconf 88' lang='lat' dir='ltr'><strong><em>quo</em></strong></span> <span class='ocrx_word' id='word_1_182' title='bbox 538 2537 786 2607; x_wconf 86' lang='lat' dir='ltr'><strong><em>legatione</em></strong></span> <span class='ocrx_word' id='word_1_183' title='bbox 826 2534 1013 2602; x_wconf 76' lang='lat' dir='ltr'><strong><em>[ungor</em></strong></span> <span class='ocrx_word' id='word_1_184' title='bbox 1038 2532 1091 2583; x_wconf 90' lang='lat' dir='ltr'><strong><em>in</em></strong></span> <span class='ocrx_word' id='word_1_185' title='bbox 1121 2538 1326 2591; x_wconf 86' lang='lat' dir='ltr'><strong><em>catena,</em></strong></span> <span class='ocrx_word' id='word_1_186' title='bbox 1358 2527 1430 2579; x_wconf 88' lang='lat' dir='ltr'><strong><em>ita</em></strong></span> <span class='ocrx_word' id='word_1_187' title='bbox 1460 2535 1511 2579; x_wconf 80' lang='lat' dir='ltr'><strong><em>ut</em></strong></span> <span class='ocrx_word' id='word_1_188' title='bbox 1540 2526 1592 2577; x_wconf 90' lang='lat' dir='ltr'><strong><em>in</em></strong></span> <span class='ocrx_word' id='word_1_189' title='bbox 1617 2524 1729 2591; x_wconf 87' lang='lat' dir='ltr'><strong><em>ipso</em></strong></span> 
     </span>
    </p>
   </div>
   <div class='ocr_carea' id='block_1_24' title="bbox 137 2618 1731 2702">
    <p class='ocr_par' dir='ltr' id='par_1_24' title="bbox 137 2618 1731 2702">
     <span class='ocr_line' id='line_1_24' title="bbox 137 2618 1731 2702; baseline -0.014 -11"><span class='ocrx_word' id='word_1_190' title='bbox 137 2638 363 2691; x_wconf 76' lang='lat' dir='ltr'><strong><em>audeam</em></strong></span> <span class='ocrx_word' id='word_1_191' title='bbox 393 2642 541 2702; x_wconf 85' lang='lat' dir='ltr'><strong><em>prout</em></strong></span> <span class='ocrx_word' id='word_1_192' title='bbox 566 2639 761 2699; x_wconf 79' lang='lat' dir='ltr'><strong><em>Oportet</em></strong></span> <span class='ocrx_word' id='word_1_193' title='bbox 792 2643 870 2679; x_wconf 88' lang='lat' dir='ltr'><strong><em>me</em></strong></span> <span class='ocrx_word' id='word_1_194' title='bbox 898 2625 1056 2693; x_wconf 81' lang='lat' dir='ltr'><strong><em>loqui.</em></strong></span> <span class='ocrx_word' id='word_1_195' title='bbox 1088 2623 1235 2677; x_wconf 83' lang='lat' dir='ltr'><strong><em>Sicut</em></strong></span> <span class='ocrx_word' id='word_1_196' title='bbox 1265 2619 1352 2673; x_wconf 85' lang='lat' dir='ltr'><strong><em>Dei</em></strong></span> <span class='ocrx_word' id='word_1_197' title='bbox 1384 2618 1603 2672; x_wconf 82' lang='lat' dir='ltr'><strong><em>verbum</em></strong></span> <span class='ocrx_word' id='word_1_198' title='bbox 1635 2631 1731 2685; x_wconf 77' lang='lat' dir='ltr'><strong><em>po—</em></strong></span> 
     </span>
    </p>
   </div>
   <div class='ocr_carea' id='block_1_25' title="bbox 142 2708 1727 2788">
    <p class='ocr_par' dir='ltr' id='par_1_25' title="bbox 142 2708 1727 2788">
     <span class='ocr_line' id='line_1_25' title="bbox 142 2708 1727 2788; baseline -0.015 -5"><span class='ocrx_word' id='word_1_199' title='bbox 142 2739 243 2783; x_wconf 83' lang='lat' dir='ltr'><strong><em>test</em></strong></span> <span class='ocrx_word' id='word_1_200' title='bbox 269 2727 486 2788; x_wconf 84' lang='lat' dir='ltr'><strong><em>omnia,</em></strong></span> <span class='ocrx_word' id='word_1_201' title='bbox 525 2725 593 2776; x_wconf 80' lang='lat' dir='ltr'><strong><em>ita</em></strong></span> <span class='ocrx_word' id='word_1_202' title='bbox 620 2722 779 2776; x_wconf 88' lang='lat' dir='ltr'><strong><em>etiam</em></strong></span> <span class='ocrx_word' id='word_1_203' title='bbox 817 2717 906 2788; x_wconf 91' lang='lat' dir='ltr'><strong><em>qui</em></strong></span> <span class='ocrx_word' id='word_1_204' title='bbox 940 2717 1161 2785; x_wconf 79' lang='lat' dir='ltr'><strong><em>gratiam</em></strong></span> <span class='ocrx_word' id='word_1_205' title='bbox 1193 2712 1352 2765; x_wconf 79' lang='lat' dir='ltr'><strong><em>habet</em></strong></span> <span class='ocrx_word' id='word_1_206' title='bbox 1376 2708 1727 2778; x_wconf 85' lang='lat' dir='ltr'><strong><em>spiritualern.</em></strong></span> 
     </span>
    </p>
   </div>
   <div class='ocr_carea' id='block_1_26' title="bbox 148 2803 1733 2881">
    <p class='ocr_par' dir='ltr' id='par_1_26' title="bbox 148 2803 1733 2881">
     <span class='ocr_line' id='line_1_26' title="bbox 148 2803 1733 2881; baseline -0.015 -7"><span class='ocrx_word' id='word_1_207' title='bbox 148 2820 306 2873; x_wconf 73' lang='lat' dir='ltr'><strong><em>Virus</em></strong></span> <span class='ocrx_word' id='word_1_208' title='bbox 335 2827 412 2872; x_wconf 89' lang='lat' dir='ltr'><strong><em>est</em></strong></span> <span class='ocrx_word' id='word_1_209' title='bbox 440 2817 608 2878; x_wconf 86' lang='lat' dir='ltr'><strong><em>enim,</em></strong></span> <span class='ocrx_word' id='word_1_210' title='bbox 642 2812 842 2881; x_wconf 89' lang='lat' dir='ltr'><strong><em>inquit,</em></strong></span> <span class='ocrx_word' id='word_1_211' title='bbox 876 2823 1038 2862; x_wconf 81' lang='lat' dir='ltr'><strong><em>sermo</em></strong></span> <span class='ocrx_word' id='word_1_212' title='bbox 1080 2805 1175 2858; x_wconf 86' lang='lat' dir='ltr'><strong><em>Dei</em></strong></span> <span class='ocrx_word' id='word_1_213' title='bbox 1201 2814 1246 2856; x_wconf 79' lang='lat' dir='ltr'><strong><em>et</em></strong></span> <span class='ocrx_word' id='word_1_214' title='bbox 1276 2803 1474 2872; x_wconf 74' lang='lat' dir='ltr'><strong><em>efﬁcax,</em></strong></span> <span class='ocrx_word' id='word_1_215' title='bbox 1506 2810 1553 2852; x_wconf 89' lang='lat' dir='ltr'><strong><em>et</em></strong></span> <span class='ocrx_word' id='word_1_216' title='bbox 1584 2814 1733 2868; x_wconf 82' lang='lat' dir='ltr'><strong><em>pene-</em></strong></span> 
     </span>
    </p>
   </div>
   <div class='ocr_carea' id='block_1_27' title="bbox 142 2893 1732 2975">
    <p class='ocr_par' dir='ltr' id='par_1_27' title="bbox 142 2893 1732 2975">
     <span class='ocr_line' id='line_1_27' title="bbox 142 2893 1732 2975; baseline -0.013 -9"><span class='ocrx_word' id='word_1_217' title='bbox 142 2912 382 2967; x_wconf 86' lang='lat' dir='ltr'><strong><em>trabilior</em></strong></span> <span class='ocrx_word' id='word_1_218' title='bbox 400 2908 535 2961; x_wconf 81' lang='lat' dir='ltr'><strong><em>muni</em></strong></span> <span class='ocrx_word' id='word_1_219' title='bbox 557 2904 727 2975; x_wconf 89' lang='lat' dir='ltr'><strong><em>gladio</em></strong></span> <span class='ocrx_word' id='word_1_220' title='bbox 745 2900 956 2970; x_wconf 86' lang='lat' dir='ltr'><strong><em>ancipiti</em></strong></span> <span class='ocrx_word' id='word_1_221' title='bbox 984 2897 1167 2968; x_wconf 78' lang='lat' dir='ltr'><strong><em>(Hebr.</em></strong></span> <span class='ocrx_word' id='word_1_222' title='bbox 1191 2897 1244 2950; x_wconf 69' lang='grc'><strong>4.</strong></span> <span class='ocrx_word' id='word_1_223' title='bbox 1272 2893 1383 2961; x_wconf 89' lang='grc'><strong>12).</strong></span> <span class='ocrx_word' id='word_1_224' title='bbox 1403 2893 1536 2948; x_wconf 78' lang='lat' dir='ltr'><strong><em>Vide</em></strong></span> <span class='ocrx_word' id='word_1_225' title='bbox 1555 2901 1732 2947; x_wconf 86' lang='lat' dir='ltr'><strong><em>autem</em></strong></span> 
     </span>
    </p>
   </div>
   <div class='ocr_carea' id='block_1_28' title="bbox 140 2985 1730 3072">
    <p class='ocr_par' dir='ltr' id='par_1_28' title="bbox 140 2985 1730 3072">
     <span class='ocr_line' id='line_1_28' title="bbox 140 2985 1730 3072; baseline -0.016 -11"><span class='ocrx_word' id='word_1_226' title='bbox 140 3007 283 3061; x_wconf 88' lang='lat' dir='ltr'><strong><em>beati</em></strong></span> <span class='ocrx_word' id='word_1_227' title='bbox 317 3003 479 3072; x_wconf 86' lang='lat' dir='ltr'><strong><em>hujus</em></strong></span> <span class='ocrx_word' id='word_1_228' title='bbox 507 2997 863 3070; x_wconf 89' lang='lat' dir='ltr'><strong><em>prudentiam.</em></strong></span> <span class='ocrx_word' id='word_1_229' title='bbox 894 2992 1133 3047; x_wconf 88' lang='lat' dir='ltr'><strong><em>Armavit</em></strong></span> <span class='ocrx_word' id='word_1_230' title='bbox 1161 3004 1256 3044; x_wconf 89' lang='lat' dir='ltr'><strong><em>eos</em></strong></span> <span class='ocrx_word' id='word_1_231' title='bbox 1285 2985 1692 3057; x_wconf 83' lang='lat' dir='ltr'><strong><em>diligentissime</em></strong></span> <span class='ocrx_word' id='word_1_232' title='bbox 1716 3000 1730 3036; x_wconf 89' lang='lat'><strong>:</strong></span> 
     </span>
    </p>
   </div>
   <div class='ocr_carea' id='block_1_29' title="bbox 139 3076 1735 3167">
    <p class='ocr_par' dir='ltr' id='par_1_29' title="bbox 139 3076 1735 3167">
     <span class='ocr_line' id='line_1_29' title="bbox 139 3076 1735 3167; baseline -0.012 -17"><span class='ocrx_word' id='word_1_233' title='bbox 139 3096 418 3167; x_wconf 86' lang='lat' dir='ltr'><strong><em>quomodo</em></strong></span> <span class='ocrx_word' id='word_1_234' title='bbox 442 3101 623 3165; x_wconf 86' lang='lat' dir='ltr'><strong><em>postea</em></strong></span> <span class='ocrx_word' id='word_1_235' title='bbox 654 3096 901 3159; x_wconf 81' lang='lat' dir='ltr'><strong><em>oporteat</em></strong></span> <span class='ocrx_word' id='word_1_236' title='bbox 930 3084 1129 3154; x_wconf 80' lang='lat' dir='ltr'><strong><em>Regem</em></strong></span> <span class='ocrx_word' id='word_1_237' title='bbox 1162 3076 1433 3141; x_wconf 83' lang='lat' dir='ltr'><strong><em>invocare,</em></strong></span> <span class='ocrx_word' id='word_1_238' title='bbox 1464 3089 1519 3132; x_wconf 87' lang='lat' dir='ltr'><strong><em>et</em></strong></span> <span class='ocrx_word' id='word_1_239' title='bbox 1546 3090 1735 3147; x_wconf 87' lang='lat' dir='ltr'><strong><em>rogare</em></strong></span> 
     </span>
    </p>
   </div>
   <div class='ocr_carea' id='block_1_30' title="bbox 140 3170 1731 3254">
    <p class='ocr_par' dir='ltr' id='par_1_30' title="bbox 140 3170 1731 3254">
     <span class='ocr_line' id='line_1_30' title="bbox 140 3170 1731 3254; baseline -0.016 -9"><span class='ocrx_word' id='word_1_240' title='bbox 140 3202 197 3245; x_wconf 92' lang='lat' dir='ltr'><strong><em>ut</em></strong></span> <span class='ocrx_word' id='word_1_241' title='bbox 226 3203 451 3244; x_wconf 89' lang='lat' dir='ltr'><strong><em>manum</em></strong></span> <span class='ocrx_word' id='word_1_242' title='bbox 497 3184 767 3254; x_wconf 79' lang='lat' dir='ltr'><strong><em>porrigat,</em></strong></span> <span class='ocrx_word' id='word_1_243' title='bbox 800 3179 960 3233; x_wconf 89' lang='lat' dir='ltr'><strong><em>docet</em></strong></span> <span class='ocrx_word' id='word_1_244' title='bbox 989 3194 1002 3230; x_wconf 90' lang='lat'><strong>:</strong></span> <span class='ocrx_word' id='word_1_245' title='bbox 1050 3173 1155 3229; x_wconf 89' lang='lat' dir='ltr'><strong><em>Per</em></strong></span> <span class='ocrx_word' id='word_1_246' title='bbox 1194 3189 1390 3226; x_wconf 84' lang='lat' dir='ltr'><strong><em>onmem</em></strong></span> <span class='ocrx_word' id='word_1_247' title='bbox 1420 3170 1731 3235; x_wconf 89' lang='lat' dir='ltr'><strong><em>orationem,</em></strong></span> 
     </span>
    </p>
   </div>
   <div class='ocr_carea' id='block_1_31' title="bbox 144 3260 1735 3350">
    <p class='ocr_par' dir='ltr' id='par_1_31' title="bbox 144 3260 1735 3350">
     <span class='ocr_line' id='line_1_31' title="bbox 144 3260 1735 3350; baseline -0.015 -15"><span class='ocrx_word' id='word_1_248' title='bbox 144 3281 325 3350; x_wconf 86' lang='lat' dir='ltr'><strong><em>inquit</em></strong></span> <span class='ocrx_word' id='word_1_249' title='bbox 344 3320 361 3344; x_wconf 94' lang='lat'><strong><em>,</em></strong></span> <span class='ocrx_word' id='word_1_250' title='bbox 389 3288 433 3333; x_wconf 86' lang='lat' dir='ltr'><strong><em>et</em></strong></span> <span class='ocrx_word' id='word_1_251' title='bbox 466 3274 857 3330; x_wconf 85' lang='lat' dir='ltr'><strong><em>obsecrationem</em></strong></span> <span class='ocrx_word' id='word_1_252' title='bbox 886 3277 1085 3323; x_wconf 75' lang='lat' dir='ltr'><strong><em>orantes</em></strong></span> <span class='ocrx_word' id='word_1_253' title='bbox 1116 3265 1515 3332; x_wconf 85' lang='lat' dir='ltr'><strong><em>omnitempore,</em></strong></span> <span class='ocrx_word' id='word_1_254' title='bbox 1548 3262 1598 3315; x_wconf 90' lang='lat' dir='ltr'><strong><em>in</em></strong></span> <span class='ocrx_word' id='word_1_255' title='bbox 1625 3260 1735 3330; x_wconf 81' lang='lat' dir='ltr'><strong><em>spi-</em></strong></span> 
     </span>
    </p>
   </div>
   <div class='ocr_carea' id='block_1_32' title="bbox 140 3352 1736 3433">
    <p class='ocr_par' dir='ltr' id='par_1_32' title="bbox 140 3352 1736 3433">
     <span class='ocr_line' id='line_1_32' title="bbox 140 3352 1736 3433; baseline -0.014 -6"><span class='ocrx_word' id='word_1_256' title='bbox 140 3374 273 3426; x_wconf 83' lang='lat' dir='ltr'><strong><em>ritu.</em></strong></span> <span class='ocrx_word' id='word_1_257' title='bbox 309 3371 491 3425; x_wconf 85' lang='lat' dir='ltr'><strong><em>Potest</em></strong></span> <span class='ocrx_word' id='word_1_258' title='bbox 515 3367 657 3421; x_wconf 89' lang='lat' dir='ltr'><strong><em>enim</em></strong></span> <span class='ocrx_word' id='word_1_259' title='bbox 704 3363 824 3433; x_wconf 90' lang='lat' dir='ltr'><strong><em>quis</em></strong></span> <span class='ocrx_word' id='word_1_260' title='bbox 859 3362 912 3415; x_wconf 91' lang='lat' dir='ltr'><strong><em>in</em></strong></span> <span class='ocrx_word' id='word_1_261' title='bbox 949 3360 1138 3428; x_wconf 83' lang='lat' dir='ltr'><strong><em>Spiritu</em></strong></span> <span class='ocrx_word' id='word_1_262' title='bbox 1172 3372 1276 3413; x_wconf 90' lang='lat' dir='ltr'><strong><em>non</em></strong></span> <span class='ocrx_word' id='word_1_263' title='bbox 1309 3369 1494 3419; x_wconf 84' lang='lat' dir='ltr'><strong><em>orare,</em></strong></span> <span class='ocrx_word' id='word_1_264' title='bbox 1524 3352 1736 3423; x_wconf 83' lang='lat' dir='ltr'><strong><em>quando</em></strong></span> 
     </span>
    </p>
   </div>
   <div class='ocr_carea' id='block_1_33' title="bbox 140 3443 1738 3520">
    <p class='ocr_par' dir='ltr' id='par_1_33' title="bbox 140 3443 1738 3520">
     <span class='ocr_line' id='line_1_33' title="bbox 140 3443 1738 3520; baseline -0.013 -3"><span class='ocrx_word' id='word_1_265' title='bbox 140 3463 283 3518; x_wconf 88' lang='lat' dir='ltr'><strong><em>futili</em></strong></span> <span class='ocrx_word' id='word_1_266' title='bbox 317 3462 486 3515; x_wconf 87' lang='lat' dir='ltr'><strong><em>utitur</em></strong></span> <span class='ocrx_word' id='word_1_267' title='bbox 504 3458 767 3513; x_wconf 88' lang='lat' dir='ltr'><strong><em>oratione.</em></strong></span> <span class='ocrx_word' id='word_1_268' title='bbox 790 3451 855 3506; x_wconf 87' lang='lat' dir='ltr'><strong><em>Et</em></strong></span> <span class='ocrx_word' id='word_1_269' title='bbox 882 3455 932 3505; x_wconf 88' lang='lat' dir='ltr'><strong><em>in</em></strong></span> <span class='ocrx_word' id='word_1_270' title='bbox 954 3452 1085 3520; x_wconf 86' lang='lat' dir='ltr'><strong><em>ipso,</em></strong></span> <span class='ocrx_word' id='word_1_271' title='bbox 1109 3448 1302 3518; x_wconf 85' lang='lat' dir='ltr'><strong><em>inquit,</em></strong></span> <span class='ocrx_word' id='word_1_272' title='bbox 1330 3446 1610 3515; x_wconf 65' lang='lat' dir='ltr'><strong><em>vigilantes,</em></strong></span> <span class='ocrx_word' id='word_1_273' title='bbox 1636 3443 1738 3498; x_wconf 90' lang='lat' dir='ltr'><strong><em>hoc</em></strong></span> 
     </span>
    </p>
   </div>
   <div class='ocr_carea' id='block_1_34' title="bbox 138 3542 1736 3621">
    <p class='ocr_par' dir='ltr' id='par_1_34' title="bbox 138 3542 1736 3621">
     <span class='ocr_line' id='line_1_34' title="bbox 138 3542 1736 3621; baseline -0.016 -10"><span class='ocrx_word' id='word_1_274' title='bbox 138 3566 258 3621; x_wconf 85' lang='lat' dir='ltr'><strong><em>est,</em></strong></span> <span class='ocrx_word' id='word_1_275' title='bbox 305 3554 493 3609; x_wconf 89' lang='lat' dir='ltr'><strong><em>sobrie</em></strong></span> <span class='ocrx_word' id='word_1_276' title='bbox 533 3548 774 3621; x_wconf 81' lang='lat' dir='ltr'><strong><em>agentes.</em></strong></span> <span class='ocrx_word' id='word_1_277' title='bbox 818 3546 998 3600; x_wconf 89' lang='lat' dir='ltr'><strong><em>Talem</em></strong></span> <span class='ocrx_word' id='word_1_278' title='bbox 1045 3542 1187 3597; x_wconf 84' lang='lat' dir='ltr'><strong><em>enim</em></strong></span> <span class='ocrx_word' id='word_1_279' title='bbox 1214 3549 1430 3610; x_wconf 80' lang='lat' dir='ltr'><strong><em>Oportet</em></strong></span> <span class='ocrx_word' id='word_1_280' title='bbox 1470 3552 1589 3592; x_wconf 90' lang='lat' dir='ltr'><strong><em>esse</em></strong></span> <span class='ocrx_word' id='word_1_281' title='bbox 1614 3550 1736 3589; x_wconf 90' lang='lat' dir='ltr'><strong><em>eum</em></strong></span> 
     </span>
    </p>
   </div>
   <div class='ocr_carea' id='block_1_35' title="bbox 138 3628 1739 3719">
    <p class='ocr_par' dir='ltr' id='par_1_35' title="bbox 138 3628 1739 3719">
     <span class='ocr_line' id='line_1_35' title="bbox 138 3628 1739 3719; baseline -0.013 -17"><span class='ocrx_word' id='word_1_282' title='bbox 138 3649 231 3719; x_wconf 86' lang='lat' dir='ltr'><strong><em>qui</em></strong></span> <span class='ocrx_word' id='word_1_283' title='bbox 260 3657 350 3703; x_wconf 85' lang='lat' dir='ltr'><strong><em>est</em></strong></span> <span class='ocrx_word' id='word_1_284' title='bbox 379 3654 617 3700; x_wconf 88' lang='lat' dir='ltr'><strong><em>armatus</em></strong></span> <span class='ocrx_word' id='word_1_285' title='bbox 637 3683 652 3705; x_wconf 94' lang='lat'><strong><em>,</em></strong></span> <span class='ocrx_word' id='word_1_286' title='bbox 689 3640 779 3711; x_wconf 87' lang='lat' dir='ltr'><strong><em>qui</em></strong></span> <span class='ocrx_word' id='word_1_287' title='bbox 809 3647 915 3693; x_wconf 86' lang='lat' dir='ltr'><strong><em>stat</em></strong></span> <span class='ocrx_word' id='word_1_288' title='bbox 948 3635 1086 3706; x_wconf 89' lang='lat' dir='ltr'><strong><em>apud</em></strong></span> <span class='ocrx_word' id='word_1_289' title='bbox 1117 3635 1314 3705; x_wconf 80' lang='lat' dir='ltr'><strong><em>Regem</em></strong></span> <span class='ocrx_word' id='word_1_290' title='bbox 1337 3675 1352 3698; x_wconf 91' lang='lat'><strong><em>,</em></strong></span> <span class='ocrx_word' id='word_1_291' title='bbox 1384 3644 1578 3697; x_wconf 86' lang='lat' dir='ltr'><strong><em>nempe</em></strong></span> <span class='ocrx_word' id='word_1_292' title='bbox 1608 3628 1739 3697; x_wconf 82' lang='lat' dir='ltr'><strong><em>vigi-</em></strong></span> 
     </span>
    </p>
   </div>
   <div class='ocr_carea' id='block_1_36' title="bbox 138 3720 1740 3797">
    <p class='ocr_par' dir='ltr' id='par_1_36' title="bbox 138 3720 1740 3797">
     <span class='ocr_line' id='line_1_36' title="bbox 138 3720 1740 3797; baseline -0.015 0"><span class='ocrx_word' id='word_1_293' title='bbox 138 3743 351 3797; x_wconf 86' lang='lat' dir='ltr'><strong><em>lantem</em></strong></span> <span class='ocrx_word' id='word_1_294' title='bbox 381 3749 431 3793; x_wconf 90' lang='lat' dir='ltr'><strong><em>et</em></strong></span> <span class='ocrx_word' id='word_1_295' title='bbox 463 3736 724 3790; x_wconf 89' lang='lat' dir='ltr'><strong><em>sobrium.</em></strong></span> <span class='ocrx_word' id='word_1_296' title='bbox 769 3730 835 3786; x_wconf 82' lang='lat' dir='ltr'><strong><em>In</em></strong></span> <span class='ocrx_word' id='word_1_297' title='bbox 868 3729 1005 3785; x_wconf 90' lang='lat' dir='ltr'><strong><em>omni</em></strong></span> <span class='ocrx_word' id='word_1_298' title='bbox 1032 3726 1273 3782; x_wconf 85' lang='lat' dir='ltr'><strong><em>instantia</em></strong></span> <span class='ocrx_word' id='word_1_299' title='bbox 1312 3733 1359 3777; x_wconf 86' lang='lat' dir='ltr'><strong><em>et</em></strong></span> <span class='ocrx_word' id='word_1_300' title='bbox 1401 3720 1740 3776; x_wconf 87' lang='lat' dir='ltr'><strong><em>obsecratione</em></strong></span> 
     </span>
    </p>
   </div>
   <div class='ocr_carea' id='block_1_37' title="bbox 139 3811 1742 3903">
    <p class='ocr_par' dir='ltr' id='par_1_37' title="bbox 139 3811 1742 3903">
     <span class='ocr_line' id='line_1_37' title="bbox 139 3811 1742 3903; baseline -0.016 -15"><span class='ocrx_word' id='word_1_301' title='bbox 139 3850 236 3903; x_wconf 81' lang='lat' dir='ltr'><strong><em>pro</em></strong></span> <span class='ocrx_word' id='word_1_302' title='bbox 268 3831 509 3887; x_wconf 86' lang='lat' dir='ltr'><strong><em>omnibus</em></strong></span> <span class='ocrx_word' id='word_1_303' title='bbox 536 3826 723 3881; x_wconf 87' lang='lat' dir='ltr'><strong><em>sanctis</em></strong></span> <span class='ocrx_word' id='word_1_304' title='bbox 748 3833 795 3879; x_wconf 91' lang='lat' dir='ltr'><strong><em>et</em></strong></span> <span class='ocrx_word' id='word_1_305' title='bbox 827 3839 918 3893; x_wconf 86' lang='lat' dir='ltr'><strong><em>pro</em></strong></span> <span class='ocrx_word' id='word_1_306' title='bbox 942 3837 1055 3886; x_wconf 90' lang='lat' dir='ltr'><strong><em>me,</em></strong></span> <span class='ocrx_word' id='word_1_307' title='bbox 1085 3826 1140 3872; x_wconf 91' lang='lat' dir='ltr'><strong><em>ut</em></strong></span> <span class='ocrx_word' id='word_1_308' title='bbox 1174 3817 1324 3871; x_wconf 87' lang='lat' dir='ltr'><strong><em>detur</em></strong></span> <span class='ocrx_word' id='word_1_309' title='bbox 1342 3814 1467 3868; x_wconf 78' lang='lat' dir='ltr'><strong><em>milii</em></strong></span> <span class='ocrx_word' id='word_1_310' title='bbox 1494 3827 1657 3867; x_wconf 87' lang='lat' dir='ltr'><strong><em>sermo</em></strong></span> <span class='ocrx_word' id='word_1_311' title='bbox 1685 3811 1742 3864; x_wconf 86' lang='lat' dir='ltr'><strong><em>in</em></strong></span> 
     </span>
    </p>
   </div>
   <div class='ocr_carea' id='block_1_38' title="bbox 136 3905 1738 3996">
    <p class='ocr_par' dir='ltr' id='par_1_38' title="bbox 136 3905 1738 3996">
     <span class='ocr_line' id='line_1_38' title="bbox 136 3905 1738 3996; baseline -0.014 -16"><span class='ocrx_word' id='word_1_312' title='bbox 136 3925 417 3996; x_wconf 81' lang='lat' dir='ltr'><strong><em>apertione</em></strong></span> <span class='ocrx_word' id='word_1_313' title='bbox 450 3924 553 3975; x_wconf 86' lang='lat' dir='ltr'><strong><em>oris</em></strong></span> <span class='ocrx_word' id='word_1_314' title='bbox 582 3920 696 3972; x_wconf 87' lang='lat' dir='ltr'><strong><em>mei.</em></strong></span> <span class='ocrx_word' id='word_1_315' title='bbox 731 3915 866 3985; x_wconf 85' lang='lat' dir='ltr'><strong><em>Quid</em></strong></span> <span class='ocrx_word' id='word_1_316' title='bbox 911 3913 1077 3979; x_wconf 92' lang='lat' dir='ltr'><strong><em>dicis,</em></strong></span> <span class='ocrx_word' id='word_1_317' title='bbox 1115 3925 1149 3964; x_wconf 92' lang='lat' dir='ltr'><strong><em>o</em></strong></span> <span class='ocrx_word' id='word_1_318' title='bbox 1176 3908 1330 3963; x_wconf 85' lang='lat' dir='ltr'><strong><em>beate</em></strong></span> <span class='ocrx_word' id='word_1_319' title='bbox 1374 3905 1576 3961; x_wconf 88' lang='lat' dir='ltr'><strong><em>Paule?</em></strong></span> <span class='ocrx_word' id='word_1_320' title='bbox 1605 3918 1738 3973; x_wconf 87' lang='lat' dir='ltr'><strong><em>opus</em></strong></span> 
     </span>
    </p>
   </div>
   <div class='ocr_carea' id='block_1_39' title="bbox 140 3999 1739 4086">
    <p class='ocr_par' dir='ltr' id='par_1_39' title="bbox 140 3999 1739 4086">
     <span class='ocr_line' id='line_1_39' title="bbox 140 3999 1739 4086; baseline -0.015 -12"><span class='ocrx_word' id='word_1_321' title='bbox 140 4021 318 4076; x_wconf 82' lang='lat' dir='ltr'><strong><em>habes</em></strong></span> <span class='ocrx_word' id='word_1_322' title='bbox 340 4013 660 4086; x_wconf 85' lang='lat' dir='ltr'><strong><em>discipulis?</em></strong></span> <span class='ocrx_word' id='word_1_323' title='bbox 681 4013 849 4066; x_wconf 83' lang='lat' dir='ltr'><strong><em>Recte</em></strong></span> <span class='ocrx_word' id='word_1_324' title='bbox 877 4016 1052 4063; x_wconf 88' lang='lat' dir='ltr'><strong><em>autem</em></strong></span> <span class='ocrx_word' id='word_1_325' title='bbox 1080 4005 1233 4065; x_wconf 82' lang='lat' dir='ltr'><strong><em>dixit.</em></strong></span> <span class='ocrx_word' id='word_1_326' title='bbox 1263 4002 1328 4056; x_wconf 88' lang='lat' dir='ltr'><strong><em>lu</em></strong></span> <span class='ocrx_word' id='word_1_327' title='bbox 1354 4001 1614 4072; x_wconf 82' lang='lat' dir='ltr'><strong><em>apertione</em></strong></span> <span class='ocrx_word' id='word_1_328' title='bbox 1637 3999 1739 4052; x_wconf 91' lang='lat' dir='ltr'><strong><em>oris</em></strong></span> 
     </span>
    </p>
   </div>
   <div class='ocr_carea' id='block_1_40' title="bbox 140 4091 1743 4178">
    <p class='ocr_par' dir='ltr' id='par_1_40' title="bbox 140 4091 1743 4178">
     <span class='ocr_line' id='line_1_40' title="bbox 140 4091 1743 4178; baseline -0.017 -8"><span class='ocrx_word' id='word_1_329' title='bbox 140 4113 265 4169; x_wconf 77' lang='lat' dir='ltr'><strong><em>mei.</em></strong></span> <span class='ocrx_word' id='word_1_330' title='bbox 296 4110 419 4166; x_wconf 81' lang='lat' dir='ltr'><strong><em>Non</em></strong></span> <span class='ocrx_word' id='word_1_331' title='bbox 448 4121 578 4178; x_wconf 86' lang='lat' dir='ltr'><strong><em>ergo</em></strong></span> <span class='ocrx_word' id='word_1_332' title='bbox 623 4102 979 4160; x_wconf 86' lang='lat' dir='ltr'><strong><em>meditabatur</em></strong></span> <span class='ocrx_word' id='word_1_333' title='bbox 1019 4113 1139 4166; x_wconf 70' lang='lat' dir='ltr'><strong><em>qum.</em></strong></span> <span class='ocrx_word' id='word_1_334' title='bbox 1184 4094 1415 4158; x_wconf 90' lang='lat' dir='ltr'><strong><em>dicebat,</em></strong></span> <span class='ocrx_word' id='word_1_335' title='bbox 1464 4091 1555 4147; x_wconf 85' lang='lat' dir='ltr'><strong><em>sed</em></strong></span> <span class='ocrx_word' id='word_1_336' title='bbox 1604 4091 1743 4145; x_wconf 90' lang='lat' dir='ltr'><strong><em>sicut</em></strong></span> 
     </span>
    </p>
   </div>
   <div class='ocr_carea' id='block_1_41' title="bbox 140 4182 1741 4263">
    <p class='ocr_par' dir='ltr' id='par_1_41' title="bbox 140 4182 1741 4263">
     <span class='ocr_line' id='line_1_41' title="bbox 140 4182 1741 4263; baseline -0.016 -3"><span class='ocrx_word' id='word_1_337' title='bbox 140 4204 286 4260; x_wconf 89' lang='lat' dir='ltr'><strong><em>dixit</em></strong></span> <span class='ocrx_word' id='word_1_338' title='bbox 311 4201 584 4261; x_wconf 83' lang='lat' dir='ltr'><strong><em>Christus,</em></strong></span> <span class='ocrx_word' id='word_1_339' title='bbox 618 4195 835 4263; x_wconf 81' lang='lat' dir='ltr'><strong><em>Quando</em></strong></span> <span class='ocrx_word' id='word_1_340' title='bbox 860 4209 943 4247; x_wconf 92' lang='lat' dir='ltr'><strong><em>vos</em></strong></span> <span class='ocrx_word' id='word_1_341' title='bbox 974 4189 1293 4253; x_wconf 87' lang='lat' dir='ltr'><strong><em>tradiderint,</em></strong></span> <span class='ocrx_word' id='word_1_342' title='bbox 1326 4203 1386 4239; x_wconf 89' lang='lat' dir='ltr'><strong><em>ne</em></strong></span> <span class='ocrx_word' id='word_1_343' title='bbox 1405 4183 1610 4239; x_wconf 83' lang='lat' dir='ltr'><strong><em>solliciti</em></strong></span> <span class='ocrx_word' id='word_1_344' title='bbox 1635 4182 1741 4239; x_wconf 89' lang='lat' dir='ltr'><strong><em>sitis</em></strong></span> 
     </span>
    </p>
   </div>
   <div class='ocr_carea' id='block_1_42' title="bbox 141 4276 1743 4369">
    <p class='ocr_par' dir='ltr' id='par_1_42' title="bbox 141 4276 1743 4369">
     <span class='ocr_line' id='line_1_42' title="bbox 141 4276 1743 4369; baseline -0.014 -18"><span class='ocrx_word' id='word_1_345' title='bbox 141 4295 410 4369; x_wconf 73' lang='lat' dir='ltr'><strong><em>quomodo</em></strong></span> <span class='ocrx_word' id='word_1_346' title='bbox 432 4302 521 4346; x_wconf 81' lang='lat' dir='ltr'><strong><em>aut</em></strong></span> <span class='ocrx_word' id='word_1_347' title='bbox 547 4290 670 4364; x_wconf 88' lang='lat' dir='ltr'><strong><em>quid</em></strong></span> <span class='ocrx_word' id='word_1_348' title='bbox 699 4285 973 4359; x_wconf 83' lang='lat' dir='ltr'><strong><em>loquamini</em></strong></span> <span class='ocrx_word' id='word_1_349' title='bbox 998 4299 1017 4338; x_wconf 92' lang='lat'><strong><em>:</em></strong></span> <span class='ocrx_word' id='word_1_350' title='bbox 1042 4284 1245 4336; x_wconf 88' lang='lat' dir='ltr'><strong><em>dabitur</em></strong></span> <span class='ocrx_word' id='word_1_351' title='bbox 1265 4281 1397 4336; x_wconf 88' lang='lat' dir='ltr'><strong><em>enim</em></strong></span> <span class='ocrx_word' id='word_1_352' title='bbox 1416 4280 1554 4369; x_wconf 86' lang='lat' dir='ltr'><strong><em>vobis</em></strong></span> <span class='ocrx_word' id='word_1_353' title='bbox 1575 4278 1626 4330; x_wconf 90' lang='lat' dir='ltr'><strong><em>in</em></strong></span> <span class='ocrx_word' id='word_1_354' title='bbox 1649 4276 1743 4369; x_wconf 77' lang='lat' dir='ltr'><strong><em>illa</em></strong></span> 
     </span>
    </p>
   </div>
   <div class='ocr_carea' id='block_1_43' title="bbox 147 4365 1745 4455">
    <p class='ocr_par' dir='ltr' id='par_1_43' title="bbox 147 4365 1745 4455">
     <span class='ocr_line' id='line_1_43' title="bbox 147 4365 1745 4455; baseline -0.014 -13"><span class='ocrx_word' id='word_1_355' title='bbox 147 4365 287 4444; x_wconf 71' lang='lat' dir='ltr'><strong><em>liora</em></strong></span> <span class='ocrx_word' id='word_1_356' title='bbox 314 4387 433 4455; x_wconf 77' lang='lat' dir='ltr'><strong><em>quid</em></strong></span> <span class='ocrx_word' id='word_1_357' title='bbox 464 4380 740 4452; x_wconf 84' lang='lat' dir='ltr'><strong><em>loquamini</em></strong></span> <span class='ocrx_word' id='word_1_358' title='bbox 778 4376 1005 4444; x_wconf 80' lang='lat' dir='ltr'><strong><em>(Matth.</em></strong></span> <span class='ocrx_word' id='word_1_359' title='bbox 1039 4374 1129 4429; x_wconf 90' lang='grc'><strong>10.</strong></span> <span class='ocrx_word' id='word_1_360' title='bbox 1159 4370 1257 4441; x_wconf 81' lang='grc'><strong>19)</strong></span> <span class='ocrx_word' id='word_1_361' title='bbox 1286 4388 1299 4424; x_wconf 91' lang='lat'><strong>:</strong></span> <span class='ocrx_word' id='word_1_362' title='bbox 1330 4372 1396 4423; x_wconf 89' lang='lat' dir='ltr'><strong><em>ita</em></strong></span> <span class='ocrx_word' id='word_1_363' title='bbox 1430 4368 1533 4422; x_wconf 89' lang='lat' dir='ltr'><strong><em>lide</em></strong></span> <span class='ocrx_word' id='word_1_364' title='bbox 1555 4365 1745 4436; x_wconf 88' lang='lat' dir='ltr'><strong><em>agebat</em></strong></span> 
     </span>
    </p>
   </div>
   <div class='ocr_carea' id='block_1_44' title="bbox 150 4462 1742 4543">
    <p class='ocr_par' dir='ltr' id='par_1_44' title="bbox 150 4462 1742 4543">
     <span class='ocr_line' id='line_1_44' title="bbox 150 4462 1742 4543; baseline -0.015 -8"><span class='ocrx_word' id='word_1_365' title='bbox 150 4480 381 4543; x_wconf 82' lang='lat' dir='ltr'><strong><em>omnia,</em></strong></span> <span class='ocrx_word' id='word_1_366' title='bbox 409 4477 581 4531; x_wconf 87' lang='lat' dir='ltr'><strong><em>omnia</em></strong></span> <span class='ocrx_word' id='word_1_367' title='bbox 612 4490 706 4543; x_wconf 88' lang='lat' dir='ltr'><strong><em>per</em></strong></span> <span class='ocrx_word' id='word_1_368' title='bbox 732 4471 975 4543; x_wconf 81' lang='lat' dir='ltr'><strong><em>gratiam.</em></strong></span> <span class='ocrx_word' id='word_1_369' title='bbox 1011 4467 1137 4521; x_wconf 82' lang='lat' dir='ltr'><strong><em>Cum</em></strong></span> <span class='ocrx_word' id='word_1_370' title='bbox 1164 4465 1353 4534; x_wconf 80' lang='lat' dir='ltr'><strong><em>ﬁducia</em></strong></span> <span class='ocrx_word' id='word_1_371' title='bbox 1372 4504 1386 4527; x_wconf 90' lang='lat'><strong><em>,</em></strong></span> <span class='ocrx_word' id='word_1_372' title='bbox 1417 4462 1618 4531; x_wconf 90' lang='lat' dir='ltr'><strong><em>inquit,</em></strong></span> <span class='ocrx_word' id='word_1_373' title='bbox 1647 4474 1742 4512; x_wconf 84' lang='lat' dir='ltr'><strong><em>no-</em></strong></span> 
     </span>
    </p>
   </div>
   <div class='ocr_carea' id='block_1_45' title="bbox 151 4551 1745 4641">
    <p class='ocr_par' dir='ltr' id='par_1_45' title="bbox 151 4551 1745 4641">
     <span class='ocr_line' id='line_1_45' title="bbox 151 4551 1745 4641; baseline -0.014 -14"><span class='ocrx_word' id='word_1_374' title='bbox 151 4585 271 4627; x_wconf 78' lang='lat' dir='ltr'><strong><em>tum</em></strong></span> <span class='ocrx_word' id='word_1_375' title='bbox 300 4574 468 4641; x_wconf 79' lang='lat' dir='ltr'><strong><em>facere</em></strong></span> <span class='ocrx_word' id='word_1_376' title='bbox 493 4566 783 4638; x_wconf 82' lang='lat' dir='ltr'><strong><em>mysterium</em></strong></span> <span class='ocrx_word' id='word_1_377' title='bbox 813 4560 1075 4631; x_wconf 86' lang='lat' dir='ltr'><strong><em>evangelii.</em></strong></span> <span class='ocrx_word' id='word_1_378' title='bbox 1115 4557 1226 4612; x_wconf 85' lang='lat' dir='ltr'><strong><em>Hoc</em></strong></span> <span class='ocrx_word' id='word_1_379' title='bbox 1254 4566 1335 4610; x_wconf 86' lang='lat' dir='ltr'><strong><em>est</em></strong></span> <span class='ocrx_word' id='word_1_380' title='bbox 1355 4596 1369 4617; x_wconf 91' lang='lat'><strong><em>,</em></strong></span> <span class='ocrx_word' id='word_1_381' title='bbox 1404 4560 1460 4606; x_wconf 89' lang='lat' dir='ltr'><strong><em>ut</em></strong></span> <span class='ocrx_word' id='word_1_382' title='bbox 1504 4551 1745 4621; x_wconf 85' lang='lat' dir='ltr'><strong><em>apposite</em></strong></span> 
     </span>
    </p>
   </div>
   <div class='ocr_carea' id='block_1_46' title="bbox 144 4642 1745 4721">
    <p class='ocr_par' dir='ltr' id='par_1_46' title="bbox 144 4642 1745 4721">
     <span class='ocr_line' id='line_1_46' title="bbox 144 4642 1745 4721; baseline -0.016 -1"><span class='ocrx_word' id='word_1_383' title='bbox 144 4682 244 4721; x_wconf 86' lang='lat' dir='ltr'><strong><em>me</em></strong></span> <span class='ocrx_word' id='word_1_384' title='bbox 276 4662 584 4719; x_wconf 75' lang='lat' dir='ltr'><strong><em>defendam.</em></strong></span> <span class='ocrx_word' id='word_1_385' title='bbox 613 4654 987 4713; x_wconf 76' lang='lat' dir='ltr'><strong><em>Circumdatus</em></strong></span> <span class='ocrx_word' id='word_1_386' title='bbox 1018 4666 1077 4707; x_wconf 90' lang='lat' dir='ltr'><strong><em>es</em></strong></span> <span class='ocrx_word' id='word_1_387' title='bbox 1102 4648 1306 4705; x_wconf 79' lang='lat' dir='ltr'><strong><em>catenis</em></strong></span> <span class='ocrx_word' id='word_1_388' title='bbox 1327 4687 1342 4713; x_wconf 93' lang='lat'><strong><em>,</em></strong></span> <span class='ocrx_word' id='word_1_389' title='bbox 1374 4653 1430 4701; x_wconf 93' lang='lat' dir='ltr'><strong><em>et</em></strong></span> <span class='ocrx_word' id='word_1_390' title='bbox 1459 4645 1576 4699; x_wconf 89' lang='lat' dir='ltr'><strong><em>aliis</em></strong></span> <span class='ocrx_word' id='word_1_391' title='bbox 1604 4642 1745 4697; x_wconf 86' lang='lat' dir='ltr'><strong><em>indi-</em></strong></span> 
     </span>
    </p>
   </div>
   <div class='ocr_carea' id='block_1_47' title="bbox 138 4739 1747 4829">
    <p class='ocr_par' dir='ltr' id='par_1_47' title="bbox 138 4739 1747 4829">
     <span class='ocr_line' id='line_1_47' title="bbox 138 4739 1747 4829; baseline -0.016 -16"><span class='ocrx_word' id='word_1_392' title='bbox 138 4774 242 4829; x_wconf 90' lang='lat' dir='ltr'><strong><em>ges</em></strong></span> <span class='ocrx_word' id='word_1_393' title='bbox 260 4758 287 4811; x_wconf 69' lang='lat'><strong><em>3</em></strong></span> <span class='ocrx_word' id='word_1_394' title='bbox 315 4756 514 4818; x_wconf 82' lang='lat' dir='ltr'><strong><em>Etiam,</em></strong></span> <span class='ocrx_word' id='word_1_395' title='bbox 547 4750 755 4822; x_wconf 89' lang='lat' dir='ltr'><strong><em>inquit:</em></strong></span> <span class='ocrx_word' id='word_1_396' title='bbox 782 4762 905 4803; x_wconf 89' lang='lat' dir='ltr'><strong><em>nam</em></strong></span> <span class='ocrx_word' id='word_1_397' title='bbox 932 4746 1122 4801; x_wconf 89' lang='lat' dir='ltr'><strong><em>Petrus</em></strong></span> <span class='ocrx_word' id='word_1_398' title='bbox 1146 4755 1355 4813; x_wconf 86' lang='lat' dir='ltr'><strong><em>quoque</em></strong></span> <span class='ocrx_word' id='word_1_399' title='bbox 1378 4746 1494 4795; x_wconf 88' lang='lat' dir='ltr'><strong><em>erat</em></strong></span> <span class='ocrx_word' id='word_1_400' title='bbox 1517 4739 1747 4792; x_wconf 88' lang='lat' dir='ltr'><strong><em>circnm-</em></strong></span> 
     </span>
    </p>
   </div>
   <div class='ocr_carea' id='block_1_48' title="bbox 139 4829 1799 4913">
    <p class='ocr_par' dir='ltr' id='par_1_48' title="bbox 139 4829 1799 4913">
     <span class='ocr_line' id='line_1_48' title="bbox 139 4829 1799 4913; baseline -0.016 -6"><span class='ocrx_word' id='word_1_401' title='bbox 139 4853 315 4907; x_wconf 83' lang='lat' dir='ltr'><strong><em>datns</em></strong></span> <span class='ocrx_word' id='word_1_402' title='bbox 348 4857 572 4910; x_wconf 88' lang='lat' dir='ltr'><strong><em>catena;</em></strong></span> <span class='ocrx_word' id='word_1_403' title='bbox 618 4843 714 4898; x_wconf 87' lang='lat' dir='ltr'><strong><em>sed</em></strong></span> <span class='ocrx_word' id='word_1_404' title='bbox 757 4850 933 4896; x_wconf 84' lang='lat' dir='ltr'><strong><em>tamen</em></strong></span> <span class='ocrx_word' id='word_1_405' title='bbox 981 4838 1153 4892; x_wconf 88' lang='lat' dir='ltr'><strong><em>oratio</em></strong></span> <span class='ocrx_word' id='word_1_406' title='bbox 1197 4836 1312 4889; x_wconf 91' lang='lat' dir='ltr'><strong><em>sine</em></strong></span> <span class='ocrx_word' id='word_1_407' title='bbox 1354 4829 1748 4888; x_wconf 88' lang='lat' dir='ltr'><strong><em>intermissione</em></strong></span> <span class='ocrx_word' id='word_1_408' title='bbox 1798 4910 1799 4913; x_wconf 9' lang='grc' dir='ltr'><strong>η</strong></span> 
     </span>
    </p>
   </div>
   <div class='ocr_carea' id='block_1_49' title="bbox 141 4921 1746 5010">
    <p class='ocr_par' dir='ltr' id='par_1_49' title="bbox 141 4921 1746 5010">
     <span class='ocr_line' id='line_1_49' title="bbox 141 4921 1746 5010; baseline -0.018 -11"><span class='ocrx_word' id='word_1_409' title='bbox 141 4946 321 4999; x_wconf 82' lang='lat' dir='ltr'><strong><em>fiebat</em></strong></span> <span class='ocrx_word' id='word_1_410' title='bbox 353 4939 494 5010; x_wconf 82' lang='lat' dir='ltr'><strong><em>(Act.</em></strong></span> <span class='ocrx_word' id='word_1_411' title='bbox 518 4936 608 4992; x_wconf 85' lang='grc'><strong><em>12.</em></strong></span> <span class='ocrx_word' id='word_1_412' title='bbox 636 4936 718 5007; x_wconf 88' lang='lat'><strong><em>5).</em></strong></span> <span class='ocrx_word' id='word_1_413' title='bbox 741 4932 849 4987; x_wconf 88' lang='lat' dir='ltr'><strong><em>Pro</em></strong></span> <span class='ocrx_word' id='word_1_414' title='bbox 868 4947 967 5001; x_wconf 89' lang='lat' dir='ltr'><strong><em>quo</em></strong></span> <span class='ocrx_word' id='word_1_415' title='bbox 994 4928 1243 5000; x_wconf 84' lang='lat' dir='ltr'><strong><em>legatione</em></strong></span> <span class='ocrx_word' id='word_1_416' title='bbox 1268 4929 1454 4997; x_wconf 74' lang='lat' dir='ltr'><strong><em>[ungor</em></strong></span> <span class='ocrx_word' id='word_1_417' title='bbox 1477 4921 1532 4974; x_wconf 89' lang='lat' dir='ltr'><strong><em>in</em></strong></span> <span class='ocrx_word' id='word_1_418' title='bbox 1548 4930 1746 4984; x_wconf 88' lang='lat' dir='ltr'><strong><em>catena,</em></strong></span> 
     </span>
    </p>
   </div>
   <div class='ocr_carea' id='block_1_50' title="bbox 137 5012 1746 5099">
    <p class='ocr_par' dir='ltr' id='par_1_50' title="bbox 137 5012 1746 5099">
     <span class='ocr_line' id='line_1_50' title="bbox 137 5012 1746 5099; baseline -0.017 -9"><span class='ocrx_word' id='word_1_419' title='bbox 137 5038 218 5090; x_wconf 89' lang='lat' dir='ltr'><strong><em>ita</em></strong></span> <span class='ocrx_word' id='word_1_420' title='bbox 242 5043 306 5089; x_wconf 73' lang='lat' dir='ltr'><strong><em>ut</em></strong></span> <span class='ocrx_word' id='word_1_421' title='bbox 333 5033 397 5086; x_wconf 77' lang='lat' dir='ltr'><strong><em>in</em></strong></span> <span class='ocrx_word' id='word_1_422' title='bbox 423 5031 537 5099; x_wconf 82' lang='lat' dir='ltr'><strong><em>ipso</em></strong></span> <span class='ocrx_word' id='word_1_423' title='bbox 565 5026 782 5081; x_wconf 86' lang='lat' dir='ltr'><strong><em>audeam</em></strong></span> <span class='ocrx_word' id='word_1_424' title='bbox 806 5031 955 5094; x_wconf 83' lang='lat' dir='ltr'><strong><em>prout</em></strong></span> <span class='ocrx_word' id='word_1_425' title='bbox 979 5026 1176 5089; x_wconf 87' lang='lat' dir='ltr'><strong><em>oportet</em></strong></span> <span class='ocrx_word' id='word_1_426' title='bbox 1202 5033 1281 5070; x_wconf 85' lang='lat' dir='ltr'><strong><em>me</em></strong></span> <span class='ocrx_word' id='word_1_427' title='bbox 1308 5014 1462 5083; x_wconf 86' lang='lat' dir='ltr'><strong><em>loqui.</em></strong></span> <span class='ocrx_word' id='word_1_428' title='bbox 1490 5012 1601 5065; x_wconf 84' lang='lat' dir='ltr'><strong><em>Hoc</em></strong></span> <span class='ocrx_word' id='word_1_429' title='bbox 1630 5021 1746 5075; x_wconf 91' lang='lat' dir='ltr'><strong><em>est,</em></strong></span> 
     </span>
    </p>
   </div>
   <div class='ocr_carea' id='block_1_51' title="bbox 140 5105 1752 5182">
    <p class='ocr_par' dir='ltr' id='par_1_51' title="bbox 140 5105 1752 5182">
     <span class='ocr_line' id='line_1_51' title="bbox 140 5105 1752 5182; baseline -0.017 1"><span class='ocrx_word' id='word_1_430' title='bbox 140 5138 202 5182; x_wconf 88' lang='lat' dir='ltr'><strong><em>ut</em></strong></span> <span class='ocrx_word' id='word_1_431' title='bbox 231 5141 375 5182; x_wconf 83' lang='lat' dir='ltr'><strong><em>cum</em></strong></span> <span class='ocrx_word' id='word_1_432' title='bbox 404 5121 597 5178; x_wconf 77' lang='lat' dir='ltr'><strong><em>ﬁducia</em></strong></span> <span class='ocrx_word' id='word_1_433' title='bbox 624 5129 679 5174; x_wconf 92' lang='lat' dir='ltr'><strong><em>et</em></strong></span> <span class='ocrx_word' id='word_1_434' title='bbox 702 5115 914 5173; x_wconf 85' lang='lat' dir='ltr'><strong><em>dicendi</em></strong></span> <span class='ocrx_word' id='word_1_435' title='bbox 936 5115 1200 5175; x_wconf 86' lang='lat' dir='ltr'><strong><em>libertate,</em></strong></span> <span class='ocrx_word' id='word_1_436' title='bbox 1219 5124 1339 5165; x_wconf 91' lang='lat' dir='ltr'><strong><em>cum</em></strong></span> <span class='ocrx_word' id='word_1_437' title='bbox 1366 5107 1528 5161; x_wconf 90' lang='lat' dir='ltr'><strong><em>animi</em></strong></span> <span class='ocrx_word' id='word_1_438' title='bbox 1554 5105 1752 5159; x_wconf 87' lang='lat' dir='ltr'><strong><em>virtute</em></strong></span> 
     </span>
    </p>
   </div>
   <div class='ocr_carea' id='block_1_52' title="bbox 140 5199 1752 5284">
    <p class='ocr_par' dir='ltr' id='par_1_52' title="bbox 140 5199 1752 5284">
     <span class='ocr_line' id='line_1_52' title="bbox 140 5199 1752 5284; baseline -0.017 -8"><span class='ocrx_word' id='word_1_439' title='bbox 140 5231 198 5276; x_wconf 88' lang='lat' dir='ltr'><strong><em>et</em></strong></span> <span class='ocrx_word' id='word_1_440' title='bbox 223 5234 365 5275; x_wconf 88' lang='lat' dir='ltr'><strong><em>cum</em></strong></span> <span class='ocrx_word' id='word_1_441' title='bbox 393 5216 560 5271; x_wconf 88' lang='lat' dir='ltr'><strong><em>multa</em></strong></span> <span class='ocrx_word' id='word_1_442' title='bbox 590 5211 870 5284; x_wconf 88' lang='lat' dir='ltr'><strong><em>prudentia</em></strong></span> <span class='ocrx_word' id='word_1_443' title='bbox 896 5204 1269 5279; x_wconf 86' lang='lat' dir='ltr'><strong><em>respondeam.</em></strong></span> <span class='ocrx_word' id='word_1_444' title='bbox 1298 5201 1390 5255; x_wconf 81' lang='grc'><strong><em>21.</em></strong></span> <span class='ocrx_word' id='word_1_445' title='bbox 1426 5199 1492 5254; x_wconf 86' lang='lat' dir='ltr'><strong><em>Ut</em></strong></span> <span class='ocrx_word' id='word_1_446' title='bbox 1517 5208 1683 5252; x_wconf 90' lang='lat' dir='ltr'><strong><em>autem</em></strong></span> <span class='ocrx_word' id='word_1_447' title='bbox 1705 5205 1752 5250; x_wconf 83' lang='lat' dir='ltr'><strong><em>et</em></strong></span> 
     </span>
    </p>
   </div>
   <div class='ocr_carea' id='block_1_53' title="bbox 139 5288 1754 5374">
    <p class='ocr_par' dir='ltr' id='par_1_53' title="bbox 139 5288 1754 5374">
     <span class='ocr_line' id='line_1_53' title="bbox 139 5288 1754 5374; baseline -0.015 -8"><span class='ocrx_word' id='word_1_448' title='bbox 139 5329 231 5366; x_wconf 71' lang='lat' dir='ltr'><strong><em>vos</em></strong></span> <span class='ocrx_word' id='word_1_449' title='bbox 261 5307 454 5364; x_wconf 81' lang='lat' dir='ltr'><strong><em>sciatis</em></strong></span> <span class='ocrx_word' id='word_1_450' title='bbox 480 5321 595 5374; x_wconf 73' lang='lat' dir='ltr'><strong><em>qua:</em></strong></span> <span class='ocrx_word' id='word_1_451' title='bbox 620 5304 753 5357; x_wconf 90' lang='lat' dir='ltr'><strong><em>circa</em></strong></span> <span class='ocrx_word' id='word_1_452' title='bbox 783 5318 861 5353; x_wconf 87' lang='lat' dir='ltr'><strong><em>me</em></strong></span> <span class='ocrx_word' id='word_1_453' title='bbox 889 5307 1024 5361; x_wconf 89' lang='lat' dir='ltr'><strong><em>sunt,</em></strong></span> <span class='ocrx_word' id='word_1_454' title='bbox 1056 5294 1179 5364; x_wconf 85' lang='lat' dir='ltr'><strong><em>quid</em></strong></span> <span class='ocrx_word' id='word_1_455' title='bbox 1207 5308 1391 5363; x_wconf 91' lang='lat' dir='ltr'><strong><em>agam,</em></strong></span> <span class='ocrx_word' id='word_1_456' title='bbox 1423 5289 1592 5344; x_wconf 90' lang='lat' dir='ltr'><strong><em>omnia</em></strong></span> <span class='ocrx_word' id='word_1_457' title='bbox 1610 5288 1754 5341; x_wconf 84' lang='lat' dir='ltr'><strong><em>vobis</em></strong></span> 
     </span>
    </p>
   </div>
   <div class='ocr_carea' id='block_1_54' title="bbox 140 5380 1756 5471">
    <p class='ocr_par' dir='ltr' id='par_1_54' title="bbox 140 5380 1756 5471">
     <span class='ocr_line' id='line_1_54' title="bbox 140 5380 1756 5471; baseline -0.015 -14"><span class='ocrx_word' id='word_1_458' title='bbox 140 5414 269 5457; x_wconf 72' lang='lat' dir='ltr'><strong><em>nota</em></strong></span> <span class='ocrx_word' id='word_1_459' title='bbox 299 5399 464 5471; x_wconf 73' lang='lat' dir='ltr'><strong><em>faciet</em></strong></span> <span class='ocrx_word' id='word_1_460' title='bbox 490 5395 762 5468; x_wconf 87' lang='lat' dir='ltr'><strong><em>Tychicus,</em></strong></span> <span class='ocrx_word' id='word_1_461' title='bbox 786 5391 1075 5446; x_wconf 87' lang='lat' dir='ltr'><strong><em>carissimus</em></strong></span> <span class='ocrx_word' id='word_1_462' title='bbox 1097 5387 1256 5457; x_wconf 75' lang='lat' dir='ltr'><strong><em>frater</em></strong></span> <span class='ocrx_word' id='word_1_463' title='bbox 1276 5393 1321 5436; x_wconf 88' lang='lat' dir='ltr'><strong><em>et</em></strong></span> <span class='ocrx_word' id='word_1_464' title='bbox 1343 5381 1508 5451; x_wconf 82' lang='lat' dir='ltr'><strong><em>ﬁdelis</em></strong></span> <span class='ocrx_word' id='word_1_465' title='bbox 1529 5380 1756 5433; x_wconf 84' lang='lat' dir='ltr'><strong><em>minister</em></strong></span> 
     </span>
    </p>
   </div>
   <div class='ocr_carea' id='block_1_55' title="bbox 138 5491 494 5549">
    <p class='ocr_par' dir='ltr' id='par_1_55' title="bbox 138 5491 494 5549">
     <span class='ocr_line' id='line_1_55' title="bbox 138 5491 494 5549; baseline -0.022 0"><span class='ocrx_word' id='word_1_466' title='bbox 138 5497 193 5549; x_wconf 84' lang='lat' dir='ltr'><strong><em>in</em></strong></span> <span class='ocrx_word' id='word_1_467' title='bbox 228 5491 494 5546; x_wconf 88' lang='lat' dir='ltr'><strong><em>Domino.</em></strong></span> 
     </span>
    </p>
   </div>
   <div class='ocr_carea' id='block_1_56' title="bbox 212 5561 1761 5649">
    <p class='ocr_par' dir='ltr' id='par_1_56' title="bbox 212 5561 1761 5649">
     <span class='ocr_line' id='line_1_56' title="bbox 212 5561 1761 5649; baseline -0.016 -9"><span class='ocrx_word' id='word_1_468' title='bbox 212 5586 277 5640; x_wconf 79' lang='grc'><strong><em>2.</em></strong></span> <span class='ocrx_word' id='word_1_469' title='bbox 332 5580 611 5649; x_wconf 83' lang='lat' dir='ltr'><strong><em>Quoniam</em></strong></span> <span class='ocrx_word' id='word_1_470' title='bbox 651 5585 829 5629; x_wconf 84' lang='lat' dir='ltr'><strong><em>autem</em></strong></span> <span class='ocrx_word' id='word_1_471' title='bbox 866 5570 1106 5627; x_wconf 88' lang='lat' dir='ltr'><strong><em>meminit</em></strong></span> <span class='ocrx_word' id='word_1_472' title='bbox 1143 5566 1509 5627; x_wconf 85' lang='lat' dir='ltr'><strong><em>vinculorum,</em></strong></span> <span class='ocrx_word' id='word_1_473' title='bbox 1557 5561 1761 5617; x_wconf 88' lang='lat' dir='ltr'><strong><em>dimisit</em></strong></span> 
     </span>
    </p>
   </div>
   <div class='ocr_carea' id='block_1_57' title="bbox 142 5654 1761 5740">
    <p class='ocr_par' dir='ltr' id='par_1_57' title="bbox 142 5654 1761 5740">
     <span class='ocr_line' id='line_1_57' title="bbox 142 5654 1761 5740; baseline -0.018 -6"><span class='ocrx_word' id='word_1_474' title='bbox 142 5678 323 5734; x_wconf 85' lang='lat' dir='ltr'><strong><em>etiam</em></strong></span> <span class='ocrx_word' id='word_1_475' title='bbox 360 5669 569 5739; x_wconf 82' lang='lat' dir='ltr'><strong><em>aliquid</em></strong></span> <span class='ocrx_word' id='word_1_476' title='bbox 611 5667 843 5740; x_wconf 79' lang='lat' dir='ltr'><strong><em>&#39;l‘yehico</em></strong></span> <span class='ocrx_word' id='word_1_477' title='bbox 888 5661 1028 5734; x_wconf 86' lang='lat' dir='ltr'><strong><em>quod</em></strong></span> <span class='ocrx_word' id='word_1_478' title='bbox 1072 5660 1138 5715; x_wconf 89' lang='lat' dir='ltr'><strong><em>de</em></strong></span> <span class='ocrx_word' id='word_1_479' title='bbox 1166 5675 1223 5714; x_wconf 86' lang='lat' dir='ltr'><strong><em>se</em></strong></span> <span class='ocrx_word' id='word_1_480' title='bbox 1262 5658 1424 5712; x_wconf 85' lang='lat' dir='ltr'><strong><em>dicat.</em></strong></span> <span class='ocrx_word' id='word_1_481' title='bbox 1468 5654 1599 5710; x_wconf 86' lang='lat' dir='ltr'><strong><em>Nam</em></strong></span> <span class='ocrx_word' id='word_1_482' title='bbox 1641 5667 1761 5723; x_wconf 72' lang='lat' dir='ltr'><strong><em>qua:</em></strong></span> 
     </span>
    </p>
   </div>
   <div class='ocr_carea' id='block_1_58' title="bbox 148 5750 1760 5838">
    <p class='ocr_par' dir='ltr' id='par_1_58' title="bbox 148 5750 1760 5838">
     <span class='ocr_line' id='line_1_58' title="bbox 148 5750 1760 5838; baseline -0.014 -14"><span class='ocrx_word' id='word_1_483' title='bbox 148 5768 520 5838; x_wconf 61' lang='lat' dir='ltr'><strong><em>pertint-bant</em></strong></span> <span class='ocrx_word' id='word_1_484' title='bbox 543 5763 755 5832; x_wconf 87' lang='lat' dir='ltr'><strong><em>quidem</em></strong></span> <span class='ocrx_word' id='word_1_485' title='bbox 783 5759 848 5813; x_wconf 91' lang='lat' dir='ltr'><strong><em>ad</em></strong></span> <span class='ocrx_word' id='word_1_486' title='bbox 878 5759 1120 5827; x_wconf 85' lang='lat' dir='ltr'><strong><em>dogmata</em></strong></span> <span class='ocrx_word' id='word_1_487' title='bbox 1144 5764 1198 5809; x_wconf 88' lang='lat' dir='ltr'><strong><em>et</em></strong></span> <span class='ocrx_word' id='word_1_488' title='bbox 1218 5752 1282 5806; x_wconf 88' lang='lat' dir='ltr'><strong><em>ad</em></strong></span> <span class='ocrx_word' id='word_1_489' title='bbox 1307 5750 1760 5814; x_wconf 79' lang='lat' dir='ltr'><strong><em>exhortationem,</em></strong></span> 
     </span>
    </p>
   </div>
   <div class='ocr_carea' id='block_1_59' title="bbox 145 5842 1759 5924">
    <p class='ocr_par' dir='ltr' id='par_1_59' title="bbox 145 5842 1759 5924">
     <span class='ocr_line' id='line_1_59' title="bbox 145 5842 1759 5924; baseline -0.016 -5"><span class='ocrx_word' id='word_1_490' title='bbox 145 5879 210 5917; x_wconf 78' lang='lat' dir='ltr'><strong><em>ea</em></strong></span> <span class='ocrx_word' id='word_1_491' title='bbox 247 5857 575 5917; x_wconf 82' lang='lat' dir='ltr'><strong><em>declarabat</em></strong></span> <span class='ocrx_word' id='word_1_492' title='bbox 621 5868 718 5924; x_wconf 84' lang='lat' dir='ltr'><strong><em>per</em></strong></span> <span class='ocrx_word' id='word_1_493' title='bbox 756 5849 1031 5920; x_wconf 86' lang='lat' dir='ltr'><strong><em>epistolam</em></strong></span> <span class='ocrx_word' id='word_1_494' title='bbox 1063 5863 1077 5902; x_wconf 88' lang='lat'>:</span> <span class='ocrx_word' id='word_1_495' title='bbox 1109 5861 1227 5916; x_wconf 72' lang='lat' dir='ltr'><strong><em>qua:</em></strong></span> <span class='ocrx_word' id='word_1_496' title='bbox 1262 5855 1441 5898; x_wconf 88' lang='lat' dir='ltr'><strong><em>autem</em></strong></span> <span class='ocrx_word' id='word_1_497' title='bbox 1484 5842 1551 5895; x_wconf 90' lang='lat' dir='ltr'><strong><em>ad</em></strong></span> <span class='ocrx_word' id='word_1_498' title='bbox 1592 5842 1759 5894; x_wconf 90' lang='lat' dir='ltr'><strong><em>solam</em></strong></span> 
     </span>
    </p>
   </div>
   <div class='ocr_carea' id='block_1_60' title="bbox 148 5932 1759 6013">
    <p class='ocr_par' dir='ltr' id='par_1_60' title="bbox 148 5932 1759 6013">
     <span class='ocr_line' id='line_1_60' title="bbox 148 5932 1759 6013; baseline -0.012 -5"><span class='ocrx_word' id='word_1_499' title='bbox 148 5949 677 6013; x_wconf 81' lang='lat' dir='ltr'><strong><em>denuntiationem,</em></strong></span> <span class='ocrx_word' id='word_1_500' title='bbox 718 5960 777 5998; x_wconf 87' lang='lat' dir='ltr'><strong><em>ea</em></strong></span> <span class='ocrx_word' id='word_1_501' title='bbox 816 5939 1148 6010; x_wconf 84' lang='lat' dir='ltr'><strong><em>relinquebat</em></strong></span> <span class='ocrx_word' id='word_1_502' title='bbox 1177 5934 1486 6001; x_wconf 82' lang='lat' dir='ltr'><strong><em>tabellario;</em></strong></span> <span class='ocrx_word' id='word_1_503' title='bbox 1537 5932 1759 6001; x_wconf 85' lang='lat' dir='ltr'><strong><em>ideoque</em></strong></span> 
     </span>
    </p>
   </div>
   <div class='ocr_carea' id='block_1_61' title="bbox 988 456 2549 538">
    <p class='ocr_par' dir='ltr' id='par_1_61' title="bbox 988 456 2549 538">
     <span class='ocr_line' id='line_1_61' title="bbox 988 456 2549 538; baseline -0.005 0"><span class='ocrx_word' id='word_1_504' title='bbox 988 482 1053 538; x_wconf 78' lang='lat' dir='ltr'><strong><em>IN</em></strong></span> <span class='ocrx_word' id='word_1_505' title='bbox 1094 478 1310 537; x_wconf 81' lang='lat' dir='ltr'><strong><em>EPIST.</em></strong></span> <span class='ocrx_word' id='word_1_506' title='bbox 1353 477 1444 533; x_wconf 84' lang='lat' dir='ltr'><strong>AD</strong></span> <span class='ocrx_word' id='word_1_507' title='bbox 1483 472 1723 530; x_wconf 73' lang='lat' dir='ltr'><strong><em>senss.</em></strong></span> <span class='ocrx_word' id='word_1_508' title='bbox 1763 456 1912 527; x_wconf 67' lang='lat' dir='ltr'><strong><em>Car.</em></strong></span> <span class='ocrx_word' id='word_1_509' title='bbox 1958 470 2045 526; x_wconf 81' lang='lat' dir='ltr'><strong><em>vr.</em></strong></span> <span class='ocrx_word' id='word_1_510' title='bbox 2086 472 2314 529; x_wconf 60' lang='lat' dir='ltr'><strong><em>nonus.</em></strong></span> <span class='ocrx_word' id='word_1_511' title='bbox 2359 474 2549 531; x_wconf 69' lang='lat' dir='ltr'><strong><em>xxxv.</em></strong></span> 
     </span>
    </p>
   </div>
   <div class='ocr_carea' id='block_1_62' title="bbox 3288 474 3398 533">
    <p class='ocr_par' dir='ltr' id='par_1_62' title="bbox 3288 474 3398 533">
     <span class='ocr_line' id='line_1_62' title="bbox 3288 474 3398 533; baseline -0.018 0"><span class='ocrx_word' id='word_1_512' title='bbox 3288 474 3398 533; x_wconf 80' lang='grc' dir='ltr'><strong><em>1.Ἰο</em></strong></span> 
     </span>
    </p>
   </div>
   <div class='ocr_carea' id='block_1_63' title="bbox 1823 584 3398 659">
    <p class='ocr_par' dir='ltr' id='par_1_63' title="bbox 1823 584 3398 659">
     <span class='ocr_line' id='line_1_63' title="bbox 1823 584 3398 659; baseline 0.004 -19"><span class='ocrx_word' id='word_1_513' title='bbox 1823 584 2114 655; x_wconf 88' lang='lat' dir='ltr'><strong><em>subjungit,</em></strong></span> <span class='ocrx_word' id='word_1_514' title='bbox 2153 585 2220 643; x_wconf 87' lang='lat' dir='ltr'><strong><em>Ut</em></strong></span> <span class='ocrx_word' id='word_1_515' title='bbox 2244 588 2434 651; x_wconf 84' lang='lat' dir='ltr'><strong><em>sciatis,</em></strong></span> <span class='ocrx_word' id='word_1_516' title='bbox 2469 588 2659 658; x_wconf 86' lang='lat' dir='ltr'><strong><em>inquit,</em></strong></span> <span class='ocrx_word' id='word_1_517' title='bbox 2688 605 2801 658; x_wconf 78' lang='lat' dir='ltr'><strong><em>qua:</em></strong></span> <span class='ocrx_word' id='word_1_518' title='bbox 2829 589 2963 641; x_wconf 85' lang='lat' dir='ltr'><strong><em>circa</em></strong></span> <span class='ocrx_word' id='word_1_519' title='bbox 3000 606 3090 643; x_wconf 80' lang='lat' dir='ltr'><strong><em>nos</em></strong></span> <span class='ocrx_word' id='word_1_520' title='bbox 3118 602 3269 659; x_wconf 59' lang='lat' dir='ltr'><strong><em>sunt,</em></strong></span> <span class='ocrx_word' id='word_1_521' title='bbox 3296 596 3398 647; x_wconf 81' lang='lat' dir='ltr'><strong><em>hoc</em></strong></span> 
     </span>
    </p>
   </div>
   <div class='ocr_carea' id='block_1_64' title="bbox 1822 678 3402 750">
    <p class='ocr_par' dir='ltr' id='par_1_64' title="bbox 1822 678 3402 750">
     <span class='ocr_line' id='line_1_64' title="bbox 1822 678 3402 750; baseline 0.006 -21"><span class='ocrx_word' id='word_1_522' title='bbox 1822 684 1935 741; x_wconf 90' lang='lat' dir='ltr'><strong><em>est,</em></strong></span> <span class='ocrx_word' id='word_1_523' title='bbox 1968 689 2023 730; x_wconf 91' lang='lat' dir='ltr'><strong><em>ut</em></strong></span> <span class='ocrx_word' id='word_1_524' title='bbox 2053 678 2291 733; x_wconf 83' lang='lat' dir='ltr'><strong><em>discatis.</em></strong></span> <span class='ocrx_word' id='word_1_525' title='bbox 2323 680 2434 734; x_wconf 87' lang='lat' dir='ltr'><strong><em>Hoc</em></strong></span> <span class='ocrx_word' id='word_1_526' title='bbox 2468 689 2521 734; x_wconf 88' lang='lat' dir='ltr'><strong><em>et</em></strong></span> <span class='ocrx_word' id='word_1_527' title='bbox 2549 680 2665 750; x_wconf 87' lang='lat' dir='ltr'><strong><em>ejus</em></strong></span> <span class='ocrx_word' id='word_1_528' title='bbox 2705 683 2756 735; x_wconf 90' lang='lat' dir='ltr'><strong><em>in</em></strong></span> <span class='ocrx_word' id='word_1_529' title='bbox 2791 683 2934 750; x_wconf 87' lang='lat' dir='ltr'><strong><em>ipsos</em></strong></span> <span class='ocrx_word' id='word_1_530' title='bbox 2972 686 3281 737; x_wconf 70' lang='lat' dir='ltr'><strong><em>OSlt‘lHll&#39;lllll</em></strong></span> <span class='ocrx_word' id='word_1_531' title='bbox 3316 686 3402 739; x_wconf 86' lang='lat' dir='ltr'><strong><em>di-</em></strong></span> 
     </span>
    </p>
   </div>
   <div class='ocr_carea' id='block_1_65' title="bbox 1824 768 3403 844">
    <p class='ocr_par' dir='ltr' id='par_1_65' title="bbox 1824 768 3403 844">
     <span class='ocr_line' id='line_1_65' title="bbox 1824 768 3403 844; baseline 0.006 -21"><span class='ocrx_word' id='word_1_532' title='bbox 1824 768 2126 833; x_wconf 85' lang='lat' dir='ltr'><strong><em>lectionem,</em></strong></span> <span class='ocrx_word' id='word_1_533' title='bbox 2153 778 2207 825; x_wconf 88' lang='lat' dir='ltr'><strong><em>ct</em></strong></span> <span class='ocrx_word' id='word_1_534' title='bbox 2233 772 2442 826; x_wconf 90' lang='lat' dir='ltr'><strong><em>illorum</em></strong></span> <span class='ocrx_word' id='word_1_535' title='bbox 2469 773 2518 826; x_wconf 91' lang='lat' dir='ltr'><strong><em>in</em></strong></span> <span class='ocrx_word' id='word_1_536' title='bbox 2552 773 2745 843; x_wconf 88' lang='lat' dir='ltr'><strong><em>ipsum.</em></strong></span> <span class='ocrx_word' id='word_1_537' title='bbox 2775 774 2865 829; x_wconf 87' lang='grc'><strong><em>22.</em></strong></span> <span class='ocrx_word' id='word_1_538' title='bbox 2901 776 3060 844; x_wconf 82' lang='lat' dir='ltr'><strong><em>Quem</em></strong></span> <span class='ocrx_word' id='word_1_539' title='bbox 3087 779 3202 832; x_wconf 89' lang='lat' dir='ltr'><strong><em>misi</em></strong></span> <span class='ocrx_word' id='word_1_540' title='bbox 3225 780 3293 832; x_wconf 89' lang='lat' dir='ltr'><strong><em>ad</em></strong></span> <span class='ocrx_word' id='word_1_541' title='bbox 3318 797 3403 833; x_wconf 81' lang='lat' dir='ltr'><strong><em>vos</em></strong></span> 
     </span>
    </p>
   </div>
   <div class='ocr_carea' id='block_1_66' title="bbox 1822 861 3405 937">
    <p class='ocr_par' dir='ltr' id='par_1_66' title="bbox 1822 861 3405 937">
     <span class='ocr_line' id='line_1_66' title="bbox 1822 861 3405 937; baseline 0.008 -23"><span class='ocrx_word' id='word_1_542' title='bbox 1822 861 1875 914; x_wconf 89' lang='lat' dir='ltr'><strong><em>in</em></strong></span> <span class='ocrx_word' id='word_1_543' title='bbox 1906 864 2000 916; x_wconf 85' lang='lat' dir='ltr'><strong><em>hoc</em></strong></span> <span class='ocrx_word' id='word_1_544' title='bbox 2022 864 2207 930; x_wconf 85' lang='lat' dir='ltr'><strong><em>ipsum,</em></strong></span> <span class='ocrx_word' id='word_1_545' title='bbox 2242 875 2295 917; x_wconf 86' lang='lat' dir='ltr'><strong><em>ut</em></strong></span> <span class='ocrx_word' id='word_1_546' title='bbox 2318 869 2630 936; x_wconf 85' lang='lat' dir='ltr'><strong><em>cognoscatis</em></strong></span> <span class='ocrx_word' id='word_1_547' title='bbox 2651 885 2764 937; x_wconf 73' lang='lat' dir='ltr'><strong><em>qua:</em></strong></span> <span class='ocrx_word' id='word_1_548' title='bbox 2783 871 2916 925; x_wconf 87' lang='lat' dir='ltr'><strong><em>circa</em></strong></span> <span class='ocrx_word' id='word_1_549' title='bbox 2942 889 3032 926; x_wconf 88' lang='lat' dir='ltr'><strong><em>nos</em></strong></span> <span class='ocrx_word' id='word_1_550' title='bbox 3052 883 3190 935; x_wconf 86' lang='lat' dir='ltr'><strong><em>sunt,</em></strong></span> <span class='ocrx_word' id='word_1_551' title='bbox 3218 886 3263 926; x_wconf 90' lang='lat' dir='ltr'><strong><em>et</em></strong></span> <span class='ocrx_word' id='word_1_552' title='bbox 3287 892 3405 927; x_wconf 82' lang='lat' dir='ltr'><strong><em>con-</em></strong></span> 
     </span>
    </p>
   </div>
   <div class='ocr_carea' id='block_1_67' title="bbox 1823 955 3405 1026">
    <p class='ocr_par' dir='ltr' id='par_1_67' title="bbox 1823 955 3405 1026">
     <span class='ocr_line' id='line_1_67' title="bbox 1823 955 3405 1026; baseline 0.008 -19"><span class='ocrx_word' id='word_1_553' title='bbox 1823 955 2011 1009; x_wconf 83' lang='lat' dir='ltr'><strong><em>soletur</em></strong></span> <span class='ocrx_word' id='word_1_554' title='bbox 2030 958 2185 1010; x_wconf 83' lang='lat' dir='ltr'><strong><em>corda</em></strong></span> <span class='ocrx_word' id='word_1_555' title='bbox 2207 967 2392 1013; x_wconf 87' lang='lat' dir='ltr'><strong><em>vestra.</em></strong></span> <span class='ocrx_word' id='word_1_556' title='bbox 2416 959 2523 1014; x_wconf 80' lang='lat' dir='ltr'><strong><em>Nec</em></strong></span> <span class='ocrx_word' id='word_1_557' title='bbox 2550 959 2655 1015; x_wconf 87' lang='lat' dir='ltr'><strong><em>hoc</em></strong></span> <span class='ocrx_word' id='word_1_558' title='bbox 2675 962 2791 1016; x_wconf 89' lang='lat' dir='ltr'><strong><em>sine</em></strong></span> <span class='ocrx_word' id='word_1_559' title='bbox 2812 978 2969 1018; x_wconf 86' lang='lat' dir='ltr'><strong><em>causa</em></strong></span> <span class='ocrx_word' id='word_1_560' title='bbox 2995 966 3142 1026; x_wconf 85' lang='lat' dir='ltr'><strong><em>dicit,</em></strong></span> <span class='ocrx_word' id='word_1_561' title='bbox 3168 967 3261 1020; x_wconf 87' lang='lat' dir='ltr'><strong><em>sed</em></strong></span> <span class='ocrx_word' id='word_1_562' title='bbox 3284 982 3405 1020; x_wconf 81' lang='lat' dir='ltr'><strong><em>cum</em></strong></span> 
     </span>
    </p>
   </div>
   <div class='ocr_carea' id='block_1_68' title="bbox 1825 1046 3409 1128">
    <p class='ocr_par' dir='ltr' id='par_1_68' title="bbox 1825 1046 3409 1128">
     <span class='ocr_line' id='line_1_68' title="bbox 1825 1046 3409 1128; baseline 0.008 -29"><span class='ocrx_word' id='word_1_563' title='bbox 1825 1046 1974 1116; x_wconf 89' lang='lat' dir='ltr'><strong><em>prius</em></strong></span> <span class='ocrx_word' id='word_1_564' title='bbox 2019 1049 2283 1115; x_wconf 75' lang='lat' dir='ltr'><strong><em>dixisset,</em></strong></span> <span class='ocrx_word' id='word_1_565' title='bbox 2309 1049 2488 1104; x_wconf 87' lang='lat' dir='ltr'><strong><em>Induti</em></strong></span> <span class='ocrx_word' id='word_1_566' title='bbox 2516 1062 2562 1105; x_wconf 89' lang='lat' dir='ltr'><strong><em>et</em></strong></span> <span class='ocrx_word' id='word_1_567' title='bbox 2590 1056 2865 1119; x_wconf 87' lang='lat' dir='ltr'><strong><em>succincti,</em></strong></span> <span class='ocrx_word' id='word_1_568' title='bbox 2906 1057 3049 1125; x_wconf 88' lang='lat' dir='ltr'><strong><em>quod</em></strong></span> <span class='ocrx_word' id='word_1_569' title='bbox 3080 1059 3293 1128; x_wconf 85' lang='lat' dir='ltr'><strong><em>quidem</em></strong></span> <span class='ocrx_word' id='word_1_570' title='bbox 3325 1072 3409 1112; x_wconf 74' lang='lat' dir='ltr'><strong><em>est</em></strong></span> 
     </span>
    </p>
   </div>
   <div class='ocr_carea' id='block_1_69' title="bbox 1826 1137 3406 1212">
    <p class='ocr_par' dir='ltr' id='par_1_69' title="bbox 1826 1137 3406 1212">
     <span class='ocr_line' id='line_1_69' title="bbox 1826 1137 3406 1212; baseline 0.009 -22"><span class='ocrx_word' id='word_1_571' title='bbox 1826 1137 2078 1192; x_wconf 90' lang='lat' dir='ltr'><strong><em>indicium</em></strong></span> <span class='ocrx_word' id='word_1_572' title='bbox 2102 1182 2117 1203; x_wconf 90' lang='lat'><strong><em>,</em></strong></span> <span class='ocrx_word' id='word_1_573' title='bbox 2150 1140 2291 1209; x_wconf 90' lang='lat' dir='ltr'><strong><em>quod</em></strong></span> <span class='ocrx_word' id='word_1_574' title='bbox 2332 1155 2544 1211; x_wconf 87' lang='lat' dir='ltr'><strong><em>semper</em></strong></span> <span class='ocrx_word' id='word_1_575' title='bbox 2589 1144 2958 1212; x_wconf 84' lang='lat' dir='ltr'><strong><em>progrediatur</em></strong></span> <span class='ocrx_word' id='word_1_576' title='bbox 2993 1156 3047 1200; x_wconf 86' lang='lat' dir='ltr'><strong><em>et</em></strong></span> <span class='ocrx_word' id='word_1_577' title='bbox 3090 1149 3207 1203; x_wconf 83' lang='lat' dir='ltr'><strong><em>sine</em></strong></span> <span class='ocrx_word' id='word_1_578' title='bbox 3239 1151 3406 1204; x_wconf 87' lang='lat' dir='ltr'><strong><em>inter-</em></strong></span> 
     </span>
    </p>
   </div>
   <div class='ocr_carea' id='block_1_70' title="bbox 1827 1231 3409 1306">
    <p class='ocr_par' dir='ltr' id='par_1_70' title="bbox 1827 1231 3409 1306">
     <span class='ocr_line' id='line_1_70' title="bbox 1827 1231 3409 1306; baseline 0.009 -22"><span class='ocrx_word' id='word_1_579' title='bbox 1827 1231 2100 1287; x_wconf 88' lang='lat' dir='ltr'><strong><em>missione.</em></strong></span> <span class='ocrx_word' id='word_1_580' title='bbox 2153 1235 2287 1290; x_wconf 82' lang='lat' dir='ltr'><strong><em>Audi</em></strong></span> <span class='ocrx_word' id='word_1_581' title='bbox 2330 1238 2475 1291; x_wconf 90' lang='lat' dir='ltr'><strong><em>enim</em></strong></span> <span class='ocrx_word' id='word_1_582' title='bbox 2515 1238 2827 1306; x_wconf 84' lang='lat' dir='ltr'><strong><em>prophetam</em></strong></span> <span class='ocrx_word' id='word_1_583' title='bbox 2870 1240 3180 1297; x_wconf 87' lang='lat' dir='ltr'><strong><em>dicentem:</em></strong></span> <span class='ocrx_word' id='word_1_584' title='bbox 3214 1243 3341 1297; x_wconf 82' lang='lat' dir='ltr'><strong><em>Fiat</em></strong></span> <span class='ocrx_word' id='word_1_585' title='bbox 3363 1248 3409 1298; x_wconf 85' lang='lat' dir='ltr'><strong><em>ei</em></strong></span> 
     </span>
    </p>
   </div>
   <div class='ocr_carea' id='block_1_71' title="bbox 1826 1324 3409 1407">
    <p class='ocr_par' dir='ltr' id='par_1_71' title="bbox 1826 1324 3409 1407">
     <span class='ocr_line' id='line_1_71' title="bbox 1826 1324 3409 1407; baseline 0.009 -30"><span class='ocrx_word' id='word_1_586' title='bbox 1826 1324 1957 1378; x_wconf 84' lang='lat' dir='ltr'><strong><em>sicut</em></strong></span> <span class='ocrx_word' id='word_1_587' title='bbox 1984 1328 2329 1381; x_wconf 84' lang='lat' dir='ltr'><strong><em>vestimentum</em></strong></span> <span class='ocrx_word' id='word_1_588' title='bbox 2359 1347 2458 1399; x_wconf 89' lang='lat' dir='ltr'><strong><em>quo</em></strong></span> <span class='ocrx_word' id='word_1_589' title='bbox 2487 1331 2735 1395; x_wconf 80' lang='lat' dir='ltr'><strong><em>induitur,</em></strong></span> <span class='ocrx_word' id='word_1_590' title='bbox 2770 1343 2816 1386; x_wconf 90' lang='lat' dir='ltr'><strong><em>et</em></strong></span> <span class='ocrx_word' id='word_1_591' title='bbox 2841 1334 2971 1387; x_wconf 89' lang='lat' dir='ltr'><strong><em>sicut</em></strong></span> <span class='ocrx_word' id='word_1_592' title='bbox 2996 1352 3125 1388; x_wconf 81' lang='lat' dir='ltr'><strong><em>zona</em></strong></span> <span class='ocrx_word' id='word_1_593' title='bbox 3153 1354 3251 1406; x_wconf 89' lang='lat' dir='ltr'><strong><em>qua</em></strong></span> <span class='ocrx_word' id='word_1_594' title='bbox 3291 1356 3409 1407; x_wconf 80' lang='lat' dir='ltr'><strong><em>per-</em></strong></span> 
     </span>
    </p>
   </div>
   <div class='ocr_carea' id='block_1_72' title="bbox 1828 1418 3411 1497">
    <p class='ocr_par' dir='ltr' id='par_1_72' title="bbox 1828 1418 3411 1497">
     <span class='ocr_line' id='line_1_72' title="bbox 1828 1418 3411 1497; baseline 0.01 -30"><span class='ocrx_word' id='word_1_595' title='bbox 1828 1425 1978 1484; x_wconf 81' lang='lat' dir='ltr'><strong><em>petuo</em></strong></span> <span class='ocrx_word' id='word_1_596' title='bbox 2010 1418 2335 1489; x_wconf 70' lang='lat' dir='ltr'><strong><em>praxingitur</em></strong></span> <span class='ocrx_word' id='word_1_597' title='bbox 2374 1420 2544 1490; x_wconf 89' lang='lat' dir='ltr'><strong><em>(Psal.</em></strong></span> <span class='ocrx_word' id='word_1_598' title='bbox 2580 1424 2703 1477; x_wconf 82' lang='grc'><strong>108.</strong></span> <span class='ocrx_word' id='word_1_599' title='bbox 2736 1424 2849 1493; x_wconf 85' lang='grc'><strong>19).</strong></span> <span class='ocrx_word' id='word_1_600' title='bbox 2896 1424 3160 1494; x_wconf 86' lang='lat' dir='ltr'><strong><em>PrOpheta</em></strong></span> <span class='ocrx_word' id='word_1_601' title='bbox 3199 1443 3411 1497; x_wconf 59' lang='lat' dir='ltr'><strong><em>«(neque</em></strong></span> 
     </span>
    </p>
   </div>
   <div class='ocr_carea' id='block_1_73' title="bbox 1828 1505 3410 1586">
    <p class='ocr_par' dir='ltr' id='par_1_73' title="bbox 1828 1505 3410 1586">
     <span class='ocr_line' id='line_1_73' title="bbox 1828 1505 3410 1586; baseline 0.009 -27"><span class='ocrx_word' id='word_1_602' title='bbox 1828 1505 1958 1560; x_wconf 90' lang='lat' dir='ltr'><strong><em>dicit</em></strong></span> <span class='ocrx_word' id='word_1_603' title='bbox 1996 1508 2157 1561; x_wconf 83' lang='lat' dir='ltr'><strong><em>Deum</em></strong></span> <span class='ocrx_word' id='word_1_604' title='bbox 2205 1509 2447 1565; x_wconf 90' lang='lat' dir='ltr'><strong><em>indutum</em></strong></span> <span class='ocrx_word' id='word_1_605' title='bbox 2494 1526 2614 1567; x_wconf 84' lang='lat' dir='ltr'><strong><em>esse</em></strong></span> <span class='ocrx_word' id='word_1_606' title='bbox 2645 1512 2861 1568; x_wconf 86' lang='lat' dir='ltr'><strong><em>thorace</em></strong></span> <span class='ocrx_word' id='word_1_607' title='bbox 2898 1515 3153 1583; x_wconf 70' lang='lat' dir='ltr'><strong><em>justitite,</em></strong></span> <span class='ocrx_word' id='word_1_608' title='bbox 3183 1531 3279 1586; x_wconf 85' lang='lat' dir='ltr'><strong><em>per</em></strong></span> <span class='ocrx_word' id='word_1_609' title='bbox 3310 1518 3410 1575; x_wconf 86' lang='lat' dir='ltr'><strong><em>hoc</em></strong></span> 
     </span>
    </p>
   </div>
   <div class='ocr_carea' id='block_1_74' title="bbox 1829 1587 3411 1677">
    <p class='ocr_par' dir='ltr' id='par_1_74' title="bbox 1829 1587 3411 1677">
     <span class='ocr_line' id='line_1_74' title="bbox 1829 1587 3411 1677; baseline 0.01 -28"><span class='ocrx_word' id='word_1_610' title='bbox 1829 1612 1927 1652; x_wconf 90' lang='lat' dir='ltr'><strong><em>nos</em></strong></span> <span class='ocrx_word' id='word_1_611' title='bbox 1956 1599 2224 1664; x_wconf 84' lang='lat' dir='ltr'><strong><em>erudiens,</em></strong></span> <span class='ocrx_word' id='word_1_612' title='bbox 2255 1602 2395 1671; x_wconf 87' lang='lat' dir='ltr'><strong><em>quod</em></strong></span> <span class='ocrx_word' id='word_1_613' title='bbox 2418 1608 2649 1672; x_wconf 80' lang='lat' dir='ltr'><strong><em>semper,</em></strong></span> <span class='ocrx_word' id='word_1_614' title='bbox 2666 1606 2846 1660; x_wconf 87' lang='lat' dir='ltr'><strong><em>nonad</em></strong></span> <span class='ocrx_word' id='word_1_615' title='bbox 2871 1606 3036 1661; x_wconf 89' lang='lat' dir='ltr'><strong><em>breve</em></strong></span> <span class='ocrx_word' id='word_1_616' title='bbox 3058 1587 3411 1677; x_wconf 78' lang='lat' dir='ltr'><strong><em>tempus.ba:c</em></strong></span> 
     </span>
    </p>
   </div>
   <div class='ocr_carea' id='block_1_75' title="bbox 1830 1686 3421 1769">
    <p class='ocr_par' dir='ltr' id='par_1_75' title="bbox 1830 1686 3421 1769">
     <span class='ocr_line' id='line_1_75' title="bbox 1830 1686 3421 1769; baseline 0.009 -28"><span class='ocrx_word' id='word_1_617' title='bbox 1830 1686 2030 1744; x_wconf 84' lang='lat' dir='ltr'><strong><em>habere</em></strong></span> <span class='ocrx_word' id='word_1_618' title='bbox 2058 1703 2337 1759; x_wconf 83' lang='lat' dir='ltr'><strong><em>oporteat;</em></strong></span> <span class='ocrx_word' id='word_1_619' title='bbox 2383 1712 2595 1765; x_wconf 71' lang='lat' dir='ltr'><strong><em>semper</em></strong></span> <span class='ocrx_word' id='word_1_620' title='bbox 2642 1698 2783 1749; x_wconf 85' lang='lat' dir='ltr'><strong><em>enim</em></strong></span> <span class='ocrx_word' id='word_1_621' title='bbox 2832 1698 2971 1751; x_wconf 85' lang='lat' dir='ltr'><strong><em>bello</em></strong></span> <span class='ocrx_word' id='word_1_622' title='bbox 3021 1711 3102 1753; x_wconf 88' lang='lat' dir='ltr'><strong><em>est</em></strong></span> <span class='ocrx_word' id='word_1_623' title='bbox 3144 1717 3297 1769; x_wconf 88' lang='lat' dir='ltr'><strong><em>opus.</em></strong></span> <span class='ocrx_word' id='word_1_624' title='bbox 3348 1703 3421 1756; x_wconf 25' lang='lat' dir='ltr'><strong><em>Et.</em></strong></span> 
     </span>
    </p>
   </div>
   <div class='ocr_carea' id='block_1_76' title="bbox 1828 1779 3410 1864">
    <p class='ocr_par' dir='ltr' id='par_1_76' title="bbox 1828 1779 3410 1864">
     <span class='ocr_line' id='line_1_76' title="bbox 1828 1779 3410 1864; baseline 0.01 -33"><span class='ocrx_word' id='word_1_625' title='bbox 1828 1779 1964 1834; x_wconf 84' lang='lat' dir='ltr'><strong><em>alius</em></strong></span> <span class='ocrx_word' id='word_1_626' title='bbox 1988 1782 2134 1849; x_wconf 87' lang='lat' dir='ltr'><strong><em>alibi,</em></strong></span> <span class='ocrx_word' id='word_1_627' title='bbox 2164 1782 2346 1837; x_wconf 78' lang='lat' dir='ltr'><strong><em>Justus</em></strong></span> <span class='ocrx_word' id='word_1_628' title='bbox 2371 1786 2500 1839; x_wconf 83' lang='lat' dir='ltr'><strong><em>enim</em></strong></span> <span class='ocrx_word' id='word_1_629' title='bbox 2521 1827 2536 1852; x_wconf 93' lang='lat'><strong><em>,</em></strong></span> <span class='ocrx_word' id='word_1_630' title='bbox 2567 1787 2768 1856; x_wconf 81' lang='lat' dir='ltr'><strong><em>inquit,</em></strong></span> <span class='ocrx_word' id='word_1_631' title='bbox 2804 1791 3014 1857; x_wconf 87' lang='lat' dir='ltr'><strong><em>con/idit</em></strong></span> <span class='ocrx_word' id='word_1_632' title='bbox 3042 1801 3094 1843; x_wconf 88' lang='lat' dir='ltr'><strong><em>ut</em></strong></span> <span class='ocrx_word' id='word_1_633' title='bbox 3124 1793 3200 1845; x_wconf 82' lang='lat' dir='ltr'><strong><em>leo</em></strong></span> <span class='ocrx_word' id='word_1_634' title='bbox 3229 1791 3410 1864; x_wconf 86' lang='lat' dir='ltr'><strong><em>(Prov.</em></strong></span> 
     </span>
    </p>
   </div>
   <div class='ocr_carea' id='block_1_77' title="bbox 1829 1870 3415 1954">
    <p class='ocr_par' dir='ltr' id='par_1_77' title="bbox 1829 1870 3415 1954">
     <span class='ocr_line' id='line_1_77' title="bbox 1829 1870 3415 1954; baseline 0.01 -31"><span class='ocrx_word' id='word_1_635' title='bbox 1829 1870 1918 1925; x_wconf 88' lang='grc'><strong>28.</strong></span> <span class='ocrx_word' id='word_1_636' title='bbox 1946 1870 2023 1942; x_wconf 87' lang='grc'><strong><em>1).</em></strong></span> <span class='ocrx_word' id='word_1_637' title='bbox 2058 1873 2189 1927; x_wconf 84' lang='lat' dir='ltr'><strong><em>Nam</em></strong></span> <span class='ocrx_word' id='word_1_638' title='bbox 2218 1881 2307 1943; x_wconf 86' lang='lat' dir='ltr'><strong><em>qui</em></strong></span> <span class='ocrx_word' id='word_1_639' title='bbox 2335 1885 2417 1930; x_wconf 88' lang='lat' dir='ltr'><strong><em>est</em></strong></span> <span class='ocrx_word' id='word_1_640' title='bbox 2454 1879 2531 1932; x_wconf 88' lang='lat' dir='ltr'><strong><em>sic</em></strong></span> <span class='ocrx_word' id='word_1_641' title='bbox 2562 1879 2720 1931; x_wconf 87' lang='lat' dir='ltr'><strong><em>lorica</em></strong></span> <span class='ocrx_word' id='word_1_642' title='bbox 2752 1880 2965 1933; x_wconf 85' lang='lat' dir='ltr'><strong><em>indutus</em></strong></span> <span class='ocrx_word' id='word_1_643' title='bbox 2986 1924 3000 1945; x_wconf 89' lang='lat'><strong><em>,</em></strong></span> <span class='ocrx_word' id='word_1_644' title='bbox 3038 1883 3147 1936; x_wconf 85' lang='lat' dir='ltr'><strong><em>lieri</em></strong></span> <span class='ocrx_word' id='word_1_645' title='bbox 3178 1900 3282 1937; x_wconf 92' lang='lat' dir='ltr'><strong><em>non</em></strong></span> <span class='ocrx_word' id='word_1_646' title='bbox 3316 1900 3415 1954; x_wconf 85' lang='lat' dir='ltr'><strong><em>po-</em></strong></span> 
     </span>
    </p>
   </div>
   <div class='ocr_carea' id='block_1_78' title="bbox 1831 1965 3417 2033">
    <p class='ocr_par' dir='ltr' id='par_1_78' title="bbox 1831 1965 3417 2033">
     <span class='ocr_line' id='line_1_78' title="bbox 1831 1965 3417 2033; baseline 0.01 -16"><span class='ocrx_word' id='word_1_647' title='bbox 1831 1972 1936 2017; x_wconf 88' lang='lat' dir='ltr'><strong><em>test</em></strong></span> <span class='ocrx_word' id='word_1_648' title='bbox 1957 1973 2013 2017; x_wconf 91' lang='lat' dir='ltr'><strong><em>ut</em></strong></span> <span class='ocrx_word' id='word_1_649' title='bbox 2036 1965 2344 2020; x_wconf 88' lang='lat' dir='ltr'><strong><em>instructam</em></strong></span> <span class='ocrx_word' id='word_1_650' title='bbox 2374 1968 2559 2023; x_wconf 86' lang='lat' dir='ltr'><strong><em>timeat</em></strong></span> <span class='ocrx_word' id='word_1_651' title='bbox 2586 1972 2776 2033; x_wconf 87' lang='lat' dir='ltr'><strong><em>aciem,</em></strong></span> <span class='ocrx_word' id='word_1_652' title='bbox 2807 1971 2899 2025; x_wconf 89' lang='lat' dir='ltr'><strong><em>sed</em></strong></span> <span class='ocrx_word' id='word_1_653' title='bbox 2924 1972 2972 2024; x_wconf 90' lang='lat' dir='ltr'><strong><em>in</em></strong></span> <span class='ocrx_word' id='word_1_654' title='bbox 2998 1974 3205 2028; x_wconf 82' lang='lat' dir='ltr'><strong><em>medios</em></strong></span> <span class='ocrx_word' id='word_1_655' title='bbox 3236 1976 3417 2032; x_wconf 77' lang='lat' dir='ltr'><strong><em>hostes</em></strong></span> 
     </span>
    </p>
   </div>
   <div class='ocr_carea' id='block_1_79' title="bbox 1830 2057 3416 2139">
    <p class='ocr_par' dir='ltr' id='par_1_79' title="bbox 1830 2057 3416 2139">
     <span class='ocr_line' id='line_1_79' title="bbox 1830 2057 3416 2139; baseline 0.009 -29"><span class='ocrx_word' id='word_1_656' title='bbox 1830 2068 1911 2111; x_wconf 89' lang='lat' dir='ltr'><strong><em>est</em></strong></span> <span class='ocrx_word' id='word_1_657' title='bbox 1938 2057 1987 2111; x_wconf 88' lang='lat' dir='ltr'><strong><em>ci</em></strong></span> <span class='ocrx_word' id='word_1_658' title='bbox 2018 2057 2381 2114; x_wconf 88' lang='lat' dir='ltr'><strong><em>insiliendum.</em></strong></span> <span class='ocrx_word' id='word_1_659' title='bbox 2417 2061 2483 2115; x_wconf 86' lang='lat' dir='ltr'><strong><em>Et</em></strong></span> <span class='ocrx_word' id='word_1_660' title='bbox 2515 2062 2710 2117; x_wconf 89' lang='lat' dir='ltr'><strong><em>Isaias:</em></strong></span> <span class='ocrx_word' id='word_1_661' title='bbox 2751 2064 3001 2130; x_wconf 81' lang='lat' dir='ltr'><strong><em>Speciosi,</em></strong></span> <span class='ocrx_word' id='word_1_662' title='bbox 3039 2066 3229 2136; x_wconf 89' lang='lat' dir='ltr'><strong><em>inquit,</em></strong></span> <span class='ocrx_word' id='word_1_663' title='bbox 3264 2072 3416 2139; x_wconf 84' lang='lat' dir='ltr'><strong><em>pedes</em></strong></span> 
     </span>
    </p>
   </div>
   <div class='ocr_carea' id='block_1_80' title="bbox 1830 2151 3411 2230">
    <p class='ocr_par' dir='ltr' id='par_1_80' title="bbox 1830 2151 3411 2230">
     <span class='ocr_line' id='line_1_80' title="bbox 1830 2151 3411 2230; baseline 0.008 -30"><span class='ocrx_word' id='word_1_664' title='bbox 1830 2163 2004 2220; x_wconf 85' lang='lat' dir='ltr'><strong><em>eorum</em></strong></span> <span class='ocrx_word' id='word_1_665' title='bbox 2035 2151 2120 2217; x_wconf 89' lang='lat' dir='ltr'><strong><em>qui</em></strong></span> <span class='ocrx_word' id='word_1_666' title='bbox 2148 2168 2320 2220; x_wconf 87' lang='lat' dir='ltr'><strong><em>pacem</em></strong></span> <span class='ocrx_word' id='word_1_667' title='bbox 2355 2156 2658 2209; x_wconf 85' lang='lat' dir='ltr'><strong><em>annuntiant</em></strong></span> <span class='ocrx_word' id='word_1_668' title='bbox 2700 2154 2850 2228; x_wconf 85' lang='lat' dir='ltr'><strong><em>(Isai.</em></strong></span> <span class='ocrx_word' id='word_1_669' title='bbox 2883 2157 2972 2212; x_wconf 76' lang='grc'><strong>52.</strong></span> <span class='ocrx_word' id='word_1_670' title='bbox 3006 2159 3081 2230; x_wconf 83' lang='grc'><strong>7).</strong></span> <span class='ocrx_word' id='word_1_671' title='bbox 3126 2162 3256 2226; x_wconf 82' lang='lat' dir='ltr'><strong><em>Quis</em></strong></span> <span class='ocrx_word' id='word_1_672' title='bbox 3301 2178 3411 2214; x_wconf 89' lang='lat' dir='ltr'><strong><em>non</em></strong></span> 
     </span>
    </p>
   </div>
   <div class='ocr_carea' id='block_1_81' title="bbox 1832 2244 3419 2325">
    <p class='ocr_par' dir='ltr' id='par_1_81' title="bbox 1832 2244 3419 2325">
     <span class='ocr_line' id='line_1_81' title="bbox 1832 2244 3419 2325; baseline 0.01 -30"><span class='ocrx_word' id='word_1_673' title='bbox 1832 2244 2160 2309; x_wconf 89' lang='lat' dir='ltr'><strong><em>cucurrerit,</em></strong></span> <span class='ocrx_word' id='word_1_674' title='bbox 2194 2246 2311 2315; x_wconf 91' lang='lat' dir='ltr'><strong><em>quis</em></strong></span> <span class='ocrx_word' id='word_1_675' title='bbox 2343 2247 2467 2301; x_wconf 90' lang='lat' dir='ltr'><strong><em>huic</em></strong></span> <span class='ocrx_word' id='word_1_676' title='bbox 2504 2249 2581 2303; x_wconf 90' lang='lat' dir='ltr'><strong><em>rei</em></strong></span> <span class='ocrx_word' id='word_1_677' title='bbox 2627 2266 2732 2303; x_wconf 89' lang='lat' dir='ltr'><strong><em>non</em></strong></span> <span class='ocrx_word' id='word_1_678' title='bbox 2764 2252 3039 2317; x_wconf 85' lang='lat' dir='ltr'><strong><em>servierit,</em></strong></span> <span class='ocrx_word' id='word_1_679' title='bbox 3068 2255 3280 2323; x_wconf 90' lang='lat' dir='ltr'><strong><em>quando</em></strong></span> <span class='ocrx_word' id='word_1_680' title='bbox 3317 2272 3419 2325; x_wconf 89' lang='lat' dir='ltr'><strong><em>pax</em></strong></span> 
     </span>
    </p>
   </div>
   <div class='ocr_carea' id='block_1_82' title="bbox 1831 2338 3412 2418">
    <p class='ocr_par' dir='ltr' id='par_1_82' title="bbox 1831 2338 3412 2418">
     <span class='ocr_line' id='line_1_82' title="bbox 1831 2338 3412 2418; baseline 0.009 -28"><span class='ocrx_word' id='word_1_681' title='bbox 1831 2338 2211 2403; x_wconf 87' lang='lat' dir='ltr'><strong><em>annnntiatur;</em></strong></span> <span class='ocrx_word' id='word_1_682' title='bbox 2243 2356 2369 2410; x_wconf 84' lang='lat' dir='ltr'><strong><em>pax,</em></strong></span> <span class='ocrx_word' id='word_1_683' title='bbox 2403 2342 2642 2413; x_wconf 89' lang='lat' dir='ltr'><strong><em>inquam,</em></strong></span> <span class='ocrx_word' id='word_1_684' title='bbox 2668 2345 2757 2398; x_wconf 90' lang='lat' dir='ltr'><strong><em>Dei</em></strong></span> <span class='ocrx_word' id='word_1_685' title='bbox 2780 2361 2899 2399; x_wconf 87' lang='lat' dir='ltr'><strong><em>cum</em></strong></span> <span class='ocrx_word' id='word_1_686' title='bbox 2929 2346 3255 2413; x_wconf 86' lang='lat' dir='ltr'><strong><em>hominibus,</em></strong></span> <span class='ocrx_word' id='word_1_687' title='bbox 3292 2369 3412 2418; x_wconf 76' lang='lat' dir='ltr'><strong><em>pax,</em></strong></span> 
     </span>
    </p>
   </div>
   <div class='ocr_carea' id='block_1_83' title="bbox 1833 2431 3417 2503">
    <p class='ocr_par' dir='ltr' id='par_1_83' title="bbox 1833 2431 3417 2503">
     <span class='ocr_line' id='line_1_83' title="bbox 1833 2431 3417 2503; baseline 0.009 -22"><span class='ocrx_word' id='word_1_688' title='bbox 1833 2443 1956 2483; x_wconf 87' lang='lat' dir='ltr'><strong><em>cum</em></strong></span> <span class='ocrx_word' id='word_1_689' title='bbox 1987 2431 2232 2485; x_wconf 90' lang='lat' dir='ltr'><strong><em>homines</em></strong></span> <span class='ocrx_word' id='word_1_690' title='bbox 2265 2434 2482 2489; x_wconf 92' lang='lat' dir='ltr'><strong><em>minime</em></strong></span> <span class='ocrx_word' id='word_1_691' title='bbox 2518 2435 2918 2503; x_wconf 88' lang='lat' dir='ltr'><strong><em>laboraverint,</em></strong></span> <span class='ocrx_word' id='word_1_692' title='bbox 2948 2439 3040 2493; x_wconf 89' lang='lat' dir='ltr'><strong><em>sed</em></strong></span> <span class='ocrx_word' id='word_1_693' title='bbox 3078 2441 3216 2494; x_wconf 87' lang='lat' dir='ltr'><strong><em>Deus</em></strong></span> <span class='ocrx_word' id='word_1_694' title='bbox 3248 2451 3417 2496; x_wconf 88' lang='lat' dir='ltr'><strong><em>tonnn</em></strong></span> 
     </span>
    </p>
   </div>
   <div class='ocr_carea' id='block_1_84' title="bbox 1833 2517 3420 2599">
    <p class='ocr_par' dir='ltr' id='par_1_84' title="bbox 1833 2517 3420 2599">
     <span class='ocr_line' id='line_1_84' title="bbox 1833 2517 3420 2599; baseline 0.009 -26"><span class='ocrx_word' id='word_1_695' title='bbox 1833 2517 2060 2575; x_wconf 80' lang='lat' dir='ltr'><strong><em>fecerit?</em></strong></span> <span class='ocrx_word' id='word_1_696' title='bbox 2089 2522 2225 2590; x_wconf 86' lang='lat' dir='ltr'><strong><em>Quid</em></strong></span> <span class='ocrx_word' id='word_1_697' title='bbox 2253 2524 2322 2577; x_wconf 92' lang='lat' dir='ltr'><strong><em>sit</em></strong></span> <span class='ocrx_word' id='word_1_698' title='bbox 2347 2535 2527 2580; x_wconf 87' lang='lat' dir='ltr'><strong><em>autem</em></strong></span> <span class='ocrx_word' id='word_1_699' title='bbox 2552 2529 2874 2597; x_wconf 80' lang='lat' dir='ltr'><strong><em>praeparatio</em></strong></span> <span class='ocrx_word' id='word_1_700' title='bbox 2902 2531 3201 2599; x_wconf 85' lang='lat' dir='ltr'><strong><em>evangelii,</em></strong></span> <span class='ocrx_word' id='word_1_701' title='bbox 3231 2533 3420 2587; x_wconf 88' lang='lat' dir='ltr'><strong><em>audia—</em></strong></span> 
     </span>
    </p>
   </div>
   <div class='ocr_carea' id='block_1_85' title="bbox 1834 2610 3421 2682">
    <p class='ocr_par' dir='ltr' id='par_1_85' title="bbox 1834 2610 3421 2682">
     <span class='ocr_line' id='line_1_85' title="bbox 1834 2610 3421 2682; baseline 0.007 -17"><span class='ocrx_word' id='word_1_702' title='bbox 1834 2626 1954 2665; x_wconf 89' lang='lat' dir='ltr'><strong><em>tnus</em></strong></span> <span class='ocrx_word' id='word_1_703' title='bbox 1974 2610 2233 2667; x_wconf 84' lang='lat' dir='ltr'><strong><em>Joannem</em></strong></span> <span class='ocrx_word' id='word_1_704' title='bbox 2267 2614 2574 2680; x_wconf 79' lang='lat' dir='ltr'><strong><em>dicentem,</em></strong></span> <span class='ocrx_word' id='word_1_705' title='bbox 2612 2616 2800 2671; x_wconf 86' lang='lat' dir='ltr'><strong><em>Parate</em></strong></span> <span class='ocrx_word' id='word_1_706' title='bbox 2833 2621 2964 2671; x_wconf 88' lang='lat' dir='ltr'><strong><em>viam</em></strong></span> <span class='ocrx_word' id='word_1_707' title='bbox 2994 2619 3200 2674; x_wconf 85' lang='lat' dir='ltr'><strong><em>Domini</em></strong></span> <span class='ocrx_word' id='word_1_708' title='bbox 3220 2663 3235 2682; x_wconf 89' lang='lat'><strong><em>,</em></strong></span> <span class='ocrx_word' id='word_1_709' title='bbox 3260 2632 3421 2677; x_wconf 86' lang='lat' dir='ltr'><strong><em>rectas</em></strong></span> 
     </span>
    </p>
   </div>
   <div class='ocr_carea' id='block_1_86' title="bbox 1835 2706 3422 2780">
    <p class='ocr_par' dir='ltr' id='par_1_86' title="bbox 1835 2706 3422 2780">
     <span class='ocr_line' id='line_1_86' title="bbox 1835 2706 3422 2780; baseline 0.008 -23"><span class='ocrx_word' id='word_1_710' title='bbox 1835 2706 1987 2774; x_wconf 83' lang='lat' dir='ltr'><strong><em>facite</em></strong></span> <span class='ocrx_word' id='word_1_711' title='bbox 2006 2708 2208 2760; x_wconf 89' lang='lat' dir='ltr'><strong><em>semitas</em></strong></span> <span class='ocrx_word' id='word_1_712' title='bbox 2233 2709 2342 2776; x_wconf 83' lang='lat' dir='ltr'><strong><em>ejus</em></strong></span> <span class='ocrx_word' id='word_1_713' title='bbox 2367 2710 2384 2778; x_wconf 94' lang='lat'><strong><em>(</em></strong></span> <span class='ocrx_word' id='word_1_714' title='bbox 2394 2709 2575 2762; x_wconf 75' lang='lat' dir='ltr'><strong><em>Matth.</em></strong></span> <span class='ocrx_word' id='word_1_715' title='bbox 2600 2711 2653 2765; x_wconf 80' lang='grc'><strong>5.</strong></span> <span class='ocrx_word' id='word_1_716' title='bbox 2680 2710 2759 2780; x_wconf 82' lang='lat'><strong><em>5).</em></strong></span> <span class='ocrx_word' id='word_1_717' title='bbox 2788 2710 2985 2766; x_wconf 84' lang='lat' dir='ltr'><strong><em>Verum</em></strong></span> <span class='ocrx_word' id='word_1_718' title='bbox 3009 2712 3124 2766; x_wconf 53' lang='lat' dir='ltr'><strong><em>huic</em></strong></span> <span class='ocrx_word' id='word_1_719' title='bbox 3147 2714 3422 2769; x_wconf 80' lang='lat' dir='ltr'><strong><em>dumtaxat</em></strong></span> 
     </span>
    </p>
   </div>
   <div class='ocr_carea' id='block_1_87' title="bbox 1836 2797 3423 2875">
    <p class='ocr_par' dir='ltr' id='par_1_87' title="bbox 1836 2797 3423 2875">
     <span class='ocr_line' id='line_1_87' title="bbox 1836 2797 3423 2875; baseline 0.007 -26"><span class='ocrx_word' id='word_1_720' title='bbox 1836 2806 2055 2866; x_wconf 90' lang='lat' dir='ltr'><strong><em>propter</em></strong></span> <span class='ocrx_word' id='word_1_721' title='bbox 2076 2797 2336 2867; x_wconf 87' lang='lat' dir='ltr'><strong><em>baptisma</em></strong></span> <span class='ocrx_word' id='word_1_722' title='bbox 2361 2800 2514 2855; x_wconf 86' lang='lat' dir='ltr'><strong><em>dixit.</em></strong></span> <span class='ocrx_word' id='word_1_723' title='bbox 2537 2801 2800 2868; x_wconf 86' lang='lat' dir='ltr'><strong><em>Quoniam</em></strong></span> <span class='ocrx_word' id='word_1_724' title='bbox 2829 2819 2959 2857; x_wconf 89' lang='lat' dir='ltr'><strong><em>vero</em></strong></span> <span class='ocrx_word' id='word_1_725' title='bbox 2978 2804 3078 2857; x_wconf 84' lang='lat' dir='ltr'><strong><em>alia</em></strong></span> <span class='ocrx_word' id='word_1_726' title='bbox 3103 2806 3260 2860; x_wconf 85' lang='lat' dir='ltr'><strong><em>etiam</em></strong></span> <span class='ocrx_word' id='word_1_727' title='bbox 3286 2822 3423 2875; x_wconf 74' lang='lat' dir='ltr'><strong><em>prm-</em></strong></span> 
     </span>
    </p>
   </div>
   <div class='ocr_carea' id='block_1_88' title="bbox 1837 2880 3461 2964">
    <p class='ocr_par' dir='ltr' id='par_1_88' title="bbox 1837 2880 3461 2964">
     <span class='ocr_line' id='line_1_88' title="bbox 1837 2880 3461 2964; baseline 0.01 -24"><span class='ocrx_word' id='word_1_728' title='bbox 1837 2891 2115 2958; x_wconf 89' lang='lat' dir='ltr'><strong><em>paratione</em></strong></span> <span class='ocrx_word' id='word_1_729' title='bbox 2143 2907 2277 2962; x_wconf 85' lang='lat' dir='ltr'><strong><em>opus</em></strong></span> <span class='ocrx_word' id='word_1_730' title='bbox 2304 2904 2384 2947; x_wconf 89' lang='lat' dir='ltr'><strong><em>est</em></strong></span> <span class='ocrx_word' id='word_1_731' title='bbox 2412 2903 2532 2963; x_wconf 87' lang='lat' dir='ltr'><strong><em>post</em></strong></span> <span class='ocrx_word' id='word_1_732' title='bbox 2575 2896 2836 2964; x_wconf 85' lang='lat' dir='ltr'><strong><em>baptisma</em></strong></span> <span class='ocrx_word' id='word_1_733' title='bbox 2857 2938 2869 2959; x_wconf 91' lang='lat'><strong><em>,</em></strong></span> <span class='ocrx_word' id='word_1_734' title='bbox 2903 2897 3041 2952; x_wconf 88' lang='lat' dir='ltr'><strong><em>hanc</em></strong></span> <span class='ocrx_word' id='word_1_735' title='bbox 3080 2900 3314 2953; x_wconf 77' lang='lat' dir='ltr'><strong><em>ostendit</em></strong></span> <span class='ocrx_word' id='word_1_736' title='bbox 3342 2901 3425 2955; x_wconf 86' lang='lat' dir='ltr'><strong><em>di-</em></strong></span> <span class='ocrx_word' id='word_1_737' title='bbox 3456 2880 3461 2883; x_wconf 36' lang='grc'><em>’</em></span> 
     </span>
    </p>
   </div>
   <div class='ocr_carea' id='block_1_89' title="bbox 1838 2982 3423 3058">
    <p class='ocr_par' dir='ltr' id='par_1_89' title="bbox 1838 2982 3423 3058">
     <span class='ocr_line' id='line_1_89' title="bbox 1838 2982 3423 3058; baseline 0.005 -20"><span class='ocrx_word' id='word_1_738' title='bbox 1838 2997 1988 3047; x_wconf 90' lang='lat' dir='ltr'><strong><em>cens,</em></strong></span> <span class='ocrx_word' id='word_1_739' title='bbox 2020 2982 2084 3038; x_wconf 87' lang='lat' dir='ltr'><strong><em>In</em></strong></span> <span class='ocrx_word' id='word_1_740' title='bbox 2116 2988 2489 3055; x_wconf 77' lang='lat' dir='ltr'><strong><em>prce-paratione</em></strong></span> <span class='ocrx_word' id='word_1_741' title='bbox 2514 2990 2759 3056; x_wconf 85' lang='lat' dir='ltr'><strong><em>evangelii</em></strong></span> <span class='ocrx_word' id='word_1_742' title='bbox 2784 2989 2947 3058; x_wconf 86' lang='lat' dir='ltr'><strong><em>pacis,</em></strong></span> <span class='ocrx_word' id='word_1_743' title='bbox 2982 2990 3207 3044; x_wconf 87' lang='lat' dir='ltr'><strong><em>innucns</em></strong></span> <span class='ocrx_word' id='word_1_744' title='bbox 3236 2992 3423 3046; x_wconf 76' lang='lat' dir='ltr'><strong><em>videli-</em></strong></span> 
     </span>
    </p>
   </div>
   <div class='ocr_carea' id='block_1_90' title="bbox 1838 3076 3426 3151">
    <p class='ocr_par' dir='ltr' id='par_1_90' title="bbox 1838 3076 3426 3151">
     <span class='ocr_line' id='line_1_90' title="bbox 1838 3076 3426 3151; baseline 0.007 -23"><span class='ocrx_word' id='word_1_745' title='bbox 1838 3083 1944 3141; x_wconf 90' lang='lat' dir='ltr'><strong><em>cet,</em></strong></span> <span class='ocrx_word' id='word_1_746' title='bbox 1970 3084 2028 3129; x_wconf 90' lang='lat' dir='ltr'><strong><em>ut</em></strong></span> <span class='ocrx_word' id='word_1_747' title='bbox 2053 3076 2186 3131; x_wconf 88' lang='lat' dir='ltr'><strong><em>nihil</em></strong></span> <span class='ocrx_word' id='word_1_748' title='bbox 2207 3093 2427 3147; x_wconf 86' lang='lat' dir='ltr'><strong><em>agamus</em></strong></span> <span class='ocrx_word' id='word_1_749' title='bbox 2457 3095 2589 3150; x_wconf 87' lang='lat' dir='ltr'><strong><em>pace</em></strong></span> <span class='ocrx_word' id='word_1_750' title='bbox 2618 3081 2913 3150; x_wconf 86' lang='lat' dir='ltr'><strong><em>indignum.</em></strong></span> <span class='ocrx_word' id='word_1_751' title='bbox 2940 3081 3073 3137; x_wconf 85' lang='lat' dir='ltr'><strong><em>Nam</em></strong></span> <span class='ocrx_word' id='word_1_752' title='bbox 3096 3085 3344 3151; x_wconf 87' lang='lat' dir='ltr'><strong><em>quoniam</em></strong></span> <span class='ocrx_word' id='word_1_753' title='bbox 3369 3097 3426 3140; x_wconf 91' lang='lat' dir='ltr'><strong><em>ut</em></strong></span> 
     </span>
    </p>
   </div>
   <div class='ocr_carea' id='block_1_91' title="bbox 1839 3166 3425 3245">
    <p class='ocr_par' dir='ltr' id='par_1_91' title="bbox 1839 3166 3425 3245">
     <span class='ocr_line' id='line_1_91' title="bbox 1839 3166 3425 3245; baseline 0.008 -27"><span class='ocrx_word' id='word_1_754' title='bbox 1839 3166 2126 3236; x_wconf 89' lang='lat' dir='ltr'><strong><em>plurimum</em></strong></span> <span class='ocrx_word' id='word_1_755' title='bbox 2152 3169 2316 3237; x_wconf 86' lang='lat' dir='ltr'><strong><em>pedes</em></strong></span> <span class='ocrx_word' id='word_1_756' title='bbox 2338 3181 2460 3223; x_wconf 89' lang='lat' dir='ltr'><strong><em>sunt</em></strong></span> <span class='ocrx_word' id='word_1_757' title='bbox 2486 3172 2606 3225; x_wconf 72' lang='lat' dir='ltr'><strong><em>vita:</em></strong></span> <span class='ocrx_word' id='word_1_758' title='bbox 2630 3171 2954 3240; x_wconf 78' lang='lat' dir='ltr'><strong><em>symbolum,</em></strong></span> <span class='ocrx_word' id='word_1_759' title='bbox 2982 3182 3259 3243; x_wconf 89' lang='lat' dir='ltr'><strong><em>propterea</em></strong></span> <span class='ocrx_word' id='word_1_760' title='bbox 3283 3190 3425 3245; x_wconf 69' lang='lat' dir='ltr'><strong><em>saepe</em></strong></span> 
     </span>
    </p>
   </div>
   <div class='ocr_carea' id='block_1_92' title="bbox 1839 3258 3427 3331">
    <p class='ocr_par' dir='ltr' id='par_1_92' title="bbox 1839 3258 3427 3331">
     <span class='ocr_line' id='line_1_92' title="bbox 1839 3258 3427 3331; baseline 0.007 -19"><span class='ocrx_word' id='word_1_761' title='bbox 1839 3258 2136 3315; x_wconf 89' lang='lat' dir='ltr'><strong><em>admonens</em></strong></span> <span class='ocrx_word' id='word_1_762' title='bbox 2188 3262 2355 3327; x_wconf 88' lang='lat' dir='ltr'><strong><em>dicit,</em></strong></span> <span class='ocrx_word' id='word_1_763' title='bbox 2420 3262 2593 3317; x_wconf 83' lang='lat' dir='ltr'><strong><em>Videte</em></strong></span> <span class='ocrx_word' id='word_1_764' title='bbox 2645 3267 2900 3331; x_wconf 89' lang='lat' dir='ltr'><strong><em>quomodo</em></strong></span> <span class='ocrx_word' id='word_1_765' title='bbox 2951 3276 3123 3321; x_wconf 79' lang='lat' dir='ltr'><strong><em>exacte</em></strong></span> <span class='ocrx_word' id='word_1_766' title='bbox 3164 3270 3427 3323; x_wconf 85' lang='lat' dir='ltr'><strong><em>ambuletis</em></strong></span> 
     </span>
    </p>
   </div>
   <div class='ocr_carea' id='block_1_93' title="bbox 1840 3351 3429 3429">
    <p class='ocr_par' dir='ltr' id='par_1_93' title="bbox 1840 3351 3429 3429">
     <span class='ocr_line' id='line_1_93' title="bbox 1840 3351 3429 3429; baseline 0.008 -25"><span class='ocrx_word' id='word_1_767' title='bbox 1840 3351 2076 3421; x_wconf 79' lang='lat' dir='ltr'><strong><em>(Ephes.</em></strong></span> <span class='ocrx_word' id='word_1_768' title='bbox 2109 3353 2164 3408; x_wconf 85' lang='lat'><strong><em>5.</em></strong></span> <span class='ocrx_word' id='word_1_769' title='bbox 2198 3352 2322 3424; x_wconf 68' lang='lat'><strong><em>45),</em></strong></span> <span class='ocrx_word' id='word_1_770' title='bbox 2353 3354 2421 3409; x_wconf 78' lang='lat' dir='ltr'><strong><em>de</em></strong></span> <span class='ocrx_word' id='word_1_771' title='bbox 2449 3356 2555 3408; x_wconf 89' lang='lat' dir='ltr'><strong><em>vita</em></strong></span> <span class='ocrx_word' id='word_1_772' title='bbox 2599 3355 2844 3425; x_wconf 84' lang='lat' dir='ltr'><strong><em>loquens.</em></strong></span> <span class='ocrx_word' id='word_1_773' title='bbox 2893 3357 3073 3428; x_wconf 89' lang='lat' dir='ltr'><strong><em>Itaque</em></strong></span> <span class='ocrx_word' id='word_1_774' title='bbox 3114 3374 3333 3429; x_wconf 88' lang='lat' dir='ltr'><strong><em>agamus</em></strong></span> <span class='ocrx_word' id='word_1_775' title='bbox 3373 3371 3429 3417; x_wconf 84' lang='lat' dir='ltr'><strong><em>et</em></strong></span> 
     </span>
    </p>
   </div>
   <div class='ocr_carea' id='block_1_94' title="bbox 1841 3444 3465 3519">
    <p class='ocr_par' dir='ltr' id='par_1_94' title="bbox 1841 3444 3465 3519">
     <span class='ocr_line' id='line_1_94' title="bbox 1841 3444 3465 3519; baseline 0.004 -21"><span class='ocrx_word' id='word_1_776' title='bbox 1841 3444 2186 3500; x_wconf 90' lang='lat' dir='ltr'><strong><em>ostendamus</em></strong></span> <span class='ocrx_word' id='word_1_777' title='bbox 2216 3461 2334 3514; x_wconf 68' lang='lat' dir='ltr'><strong><em>quae</em></strong></span> <span class='ocrx_word' id='word_1_778' title='bbox 2360 3455 2485 3499; x_wconf 91' lang='lat' dir='ltr'><strong><em>sunt</em></strong></span> <span class='ocrx_word' id='word_1_779' title='bbox 2514 3447 2671 3516; x_wconf 88' lang='lat' dir='ltr'><strong><em>digna</em></strong></span> <span class='ocrx_word' id='word_1_780' title='bbox 2694 3448 2992 3517; x_wconf 84' lang='lat' dir='ltr'><strong><em>evangelio,</em></strong></span> <span class='ocrx_word' id='word_1_781' title='bbox 3019 3465 3215 3519; x_wconf 87' lang='lat' dir='ltr'><strong><em>nempe</em></strong></span> <span class='ocrx_word' id='word_1_782' title='bbox 3239 3453 3423 3516; x_wconf 87' lang='lat' dir='ltr'><strong><em>vitam,</em></strong></span> <span class='ocrx_word' id='word_1_783' title='bbox 3464 3514 3465 3517; x_wconf 25' lang='grc' dir='ltr'><strong>η</strong></span> 
     </span>
    </p>
   </div>
   <div class='ocr_carea' id='block_1_95' title="bbox 1840 3536 3425 3606">
    <p class='ocr_par' dir='ltr' id='par_1_95' title="bbox 1840 3536 3425 3606">
     <span class='ocr_line' id='line_1_95' title="bbox 1840 3536 3425 3606; baseline 0.004 -16"><span class='ocrx_word' id='word_1_784' title='bbox 1840 3546 1895 3591; x_wconf 90' lang='lat' dir='ltr'><strong><em>et</em></strong></span> <span class='ocrx_word' id='word_1_785' title='bbox 1922 3536 2149 3590; x_wconf 90' lang='lat' dir='ltr'><strong><em>mundas</em></strong></span> <span class='ocrx_word' id='word_1_786' title='bbox 2174 3537 2415 3591; x_wconf 86' lang='lat' dir='ltr'><strong><em>actiones</em></strong></span> <span class='ocrx_word' id='word_1_787' title='bbox 2452 3553 2549 3606; x_wconf 90' lang='lat' dir='ltr'><strong><em>per</em></strong></span> <span class='ocrx_word' id='word_1_788' title='bbox 2577 3546 2743 3593; x_wconf 89' lang='lat' dir='ltr'><strong><em>totam</em></strong></span> <span class='ocrx_word' id='word_1_789' title='bbox 2770 3540 2932 3593; x_wconf 88' lang='lat' dir='ltr'><strong><em>vitam</em></strong></span> <span class='ocrx_word' id='word_1_790' title='bbox 2959 3550 3221 3596; x_wconf 90' lang='lat' dir='ltr'><strong><em>nostram.</em></strong></span> <span class='ocrx_word' id='word_1_791' title='bbox 3252 3544 3425 3596; x_wconf 73' lang='lat' dir='ltr'><strong><em>Evan-</em></strong></span> 
     </span>
    </p>
   </div>
   <div class='ocr_carea' id='block_1_96' title="bbox 1839 3629 3427 3702">
    <p class='ocr_par' dir='ltr' id='par_1_96' title="bbox 1839 3629 3427 3702">
     <span class='ocr_line' id='line_1_96' title="bbox 1839 3629 3427 3702; baseline 0.003 -18"><span class='ocrx_word' id='word_1_792' title='bbox 1839 3629 1982 3698; x_wconf 82' lang='lat' dir='ltr'><strong><em>gelio</em></strong></span> <span class='ocrx_word' id='word_1_793' title='bbox 2011 3644 2109 3699; x_wconf 86' lang='lat' dir='ltr'><strong><em>pax</em></strong></span> <span class='ocrx_word' id='word_1_794' title='bbox 2133 3631 2719 3699; x_wconf 76' lang='lat' dir='ltr'><strong><em>estannnntiata,.date</em></strong></span> <span class='ocrx_word' id='word_1_795' title='bbox 2740 3633 2877 3685; x_wconf 81' lang='lat' dir='ltr'><strong><em>viam</em></strong></span> <span class='ocrx_word' id='word_1_796' title='bbox 2907 3644 3144 3702; x_wconf 86' lang='lat' dir='ltr'><strong><em>paratam</em></strong></span> <span class='ocrx_word' id='word_1_797' title='bbox 3169 3635 3249 3688; x_wconf 92' lang='lat' dir='ltr'><strong><em>his</em></strong></span> <span class='ocrx_word' id='word_1_798' title='bbox 3272 3635 3427 3690; x_wconf 90' lang='lat' dir='ltr'><strong><em>bouis</em></strong></span> 
     </span>
    </p>
   </div>
   <div class='ocr_carea' id='block_1_97' title="bbox 1842 3722 3430 3792">
    <p class='ocr_par' dir='ltr' id='par_1_97' title="bbox 1842 3722 3430 3792">
     <span class='ocr_line' id='line_1_97' title="bbox 1842 3722 3430 3792; baseline 0.005 -17"><span class='ocrx_word' id='word_1_799' title='bbox 1842 3722 2045 3776; x_wconf 91' lang='lat' dir='ltr'><strong><em>nuntiis</em></strong></span> <span class='ocrx_word' id='word_1_800' title='bbox 2070 3740 2083 3778; x_wconf 92' lang='lat'>:</span> <span class='ocrx_word' id='word_1_801' title='bbox 2119 3722 2259 3792; x_wconf 90' lang='lat' dir='ltr'><strong><em>quod</em></strong></span> <span class='ocrx_word' id='word_1_802' title='bbox 2288 3722 2334 3777; x_wconf 89' lang='lat' dir='ltr'><strong><em>si</em></strong></span> <span class='ocrx_word' id='word_1_803' title='bbox 2362 3737 2548 3777; x_wconf 91' lang='lat' dir='ltr'><strong><em>rursus</em></strong></span> <span class='ocrx_word' id='word_1_804' title='bbox 2575 3723 2700 3778; x_wconf 87' lang='lat' dir='ltr'><strong><em>facti</em></strong></span> <span class='ocrx_word' id='word_1_805' title='bbox 2728 3725 2936 3779; x_wconf 84' lang='lat' dir='ltr'><strong><em>fueritis</em></strong></span> <span class='ocrx_word' id='word_1_806' title='bbox 2961 3726 3181 3789; x_wconf 88' lang='lat' dir='ltr'><strong><em>inimici,</em></strong></span> <span class='ocrx_word' id='word_1_807' title='bbox 3216 3742 3319 3781; x_wconf 91' lang='lat' dir='ltr'><strong><em>non</em></strong></span> <span class='ocrx_word' id='word_1_808' title='bbox 3344 3736 3430 3783; x_wconf 87' lang='lat' dir='ltr'><strong><em>est</em></strong></span> 
     </span>
    </p>
   </div>
   <div class='ocr_carea' id='block_1_98' title="bbox 1840 3814 3429 3887">
    <p class='ocr_par' dir='ltr' id='par_1_98' title="bbox 1840 3814 3429 3887">
     <span class='ocr_line' id='line_1_98' title="bbox 1840 3814 3429 3887; baseline 0.004 -19"><span class='ocrx_word' id='word_1_809' title='bbox 1840 3814 2072 3884; x_wconf 91' lang='lat' dir='ltr'><strong><em>amplius</em></strong></span> <span class='ocrx_word' id='word_1_810' title='bbox 2102 3815 2246 3885; x_wconf 89' lang='lat' dir='ltr'><strong><em>pacis</em></strong></span> <span class='ocrx_word' id='word_1_811' title='bbox 2266 3815 2605 3885; x_wconf 68' lang='lat' dir='ltr'><strong><em>praeparatio.</em></strong></span> <span class='ocrx_word' id='word_1_812' title='bbox 2630 3815 2757 3873; x_wconf 93' lang='lat' dir='ltr'><strong><em>Sitis</em></strong></span> <span class='ocrx_word' id='word_1_813' title='bbox 2784 3818 2977 3887; x_wconf 88' lang='lat' dir='ltr'><strong><em>parati,</em></strong></span> <span class='ocrx_word' id='word_1_814' title='bbox 3002 3828 3054 3873; x_wconf 87' lang='lat' dir='ltr'><strong><em>et</em></strong></span> <span class='ocrx_word' id='word_1_815' title='bbox 3082 3835 3148 3872; x_wconf 90' lang='lat' dir='ltr'><strong><em>ne</em></strong></span> <span class='ocrx_word' id='word_1_816' title='bbox 3169 3818 3429 3876; x_wconf 80' lang='lat' dir='ltr'><strong><em>dill‘eratis</em></strong></span> 
     </span>
    </p>
   </div>
   <div class='ocr_carea' id='block_1_99' title="bbox 1842 3908 3430 3981">
    <p class='ocr_par' dir='ltr' id='par_1_99' title="bbox 1842 3908 3430 3981">
     <span class='ocr_line' id='line_1_99' title="bbox 1842 3908 3430 3981; baseline 0.006 -19"><span class='ocrx_word' id='word_1_817' title='bbox 1842 3909 2101 3965; x_wconf 89' lang='lat' dir='ltr'><strong><em>accedere</em></strong></span> <span class='ocrx_word' id='word_1_818' title='bbox 2128 3908 2194 3964; x_wconf 91' lang='lat' dir='ltr'><strong><em>ad</em></strong></span> <span class='ocrx_word' id='word_1_819' title='bbox 2223 3925 2432 3980; x_wconf 89' lang='lat' dir='ltr'><strong><em>pacem.</em></strong></span> <span class='ocrx_word' id='word_1_820' title='bbox 2466 3909 2617 3966; x_wconf 89' lang='lat' dir='ltr'><strong><em>Sicut</em></strong></span> <span class='ocrx_word' id='word_1_821' title='bbox 2646 3915 2815 3981; x_wconf 84' lang='lat' dir='ltr'><strong><em>parati</em></strong></span> <span class='ocrx_word' id='word_1_822' title='bbox 2846 3911 3022 3967; x_wconf 84' lang='lat' dir='ltr'><strong><em>fuistis</em></strong></span> <span class='ocrx_word' id='word_1_823' title='bbox 3051 3914 3115 3968; x_wconf 88' lang='lat' dir='ltr'><strong><em>ad</em></strong></span> <span class='ocrx_word' id='word_1_824' title='bbox 3160 3931 3342 3981; x_wconf 88' lang='lat' dir='ltr'><strong><em>pacem</em></strong></span> <span class='ocrx_word' id='word_1_825' title='bbox 3374 3926 3430 3973; x_wconf 87' lang='lat' dir='ltr'><strong><em>et</em></strong></span> 
     </span>
    </p>
   </div>
   <div class='ocr_carea' id='block_1_100' title="bbox 1843 4000 3430 4077">
    <p class='ocr_par' dir='ltr' id='par_1_100' title="bbox 1843 4000 3430 4077">
     <span class='ocr_line' id='line_1_100' title="bbox 1843 4000 3430 4077; baseline 0.006 -23"><span class='ocrx_word' id='word_1_826' title='bbox 1843 4000 2024 4065; x_wconf 74' lang='lat' dir='ltr'><strong><em>fidem,</em></strong></span> <span class='ocrx_word' id='word_1_827' title='bbox 2071 4003 2142 4055; x_wconf 89' lang='lat' dir='ltr'><strong><em>ita</em></strong></span> <span class='ocrx_word' id='word_1_828' title='bbox 2174 4002 2333 4056; x_wconf 87' lang='lat' dir='ltr'><strong><em>etiam</em></strong></span> <span class='ocrx_word' id='word_1_829' title='bbox 2379 4012 2709 4072; x_wconf 84' lang='lat' dir='ltr'><strong><em>permanete.</em></strong></span> <span class='ocrx_word' id='word_1_830' title='bbox 2745 4004 2964 4059; x_wconf 90' lang='lat' dir='ltr'><strong><em>Scutum</em></strong></span> <span class='ocrx_word' id='word_1_831' title='bbox 2993 4014 3075 4060; x_wconf 87' lang='lat' dir='ltr'><strong><em>est</em></strong></span> <span class='ocrx_word' id='word_1_832' title='bbox 3105 4005 3258 4073; x_wconf 85' lang='lat' dir='ltr'><strong><em>lides,</em></strong></span> <span class='ocrx_word' id='word_1_833' title='bbox 3285 4009 3430 4077; x_wconf 86' lang='lat' dir='ltr'><strong><em>quod</em></strong></span> 
     </span>
    </p>
   </div>
   <div class='ocr_carea' id='block_1_101' title="bbox 1843 4093 3511 4163">
    <p class='ocr_par' dir='ltr' id='par_1_101' title="bbox 1843 4093 3511 4163">
     <span class='ocr_line' id='line_1_101' title="bbox 1843 4093 3511 4163; baseline 0.004 -17"><span class='ocrx_word' id='word_1_834' title='bbox 1843 4093 2076 4163; x_wconf 88' lang='lat' dir='ltr'><strong><em>primum</em></strong></span> <span class='ocrx_word' id='word_1_835' title='bbox 2106 4093 2304 4162; x_wconf 81' lang='lat' dir='ltr'><strong><em>excipit</em></strong></span> <span class='ocrx_word' id='word_1_836' title='bbox 2336 4093 2565 4147; x_wconf 90' lang='lat' dir='ltr'><strong><em>insultus</em></strong></span> <span class='ocrx_word' id='word_1_837' title='bbox 2596 4093 2961 4161; x_wconf 88' lang='lat' dir='ltr'><strong><em>inimicorum,</em></strong></span> <span class='ocrx_word' id='word_1_838' title='bbox 2993 4103 3049 4150; x_wconf 89' lang='lat' dir='ltr'><strong><em>et</em></strong></span> <span class='ocrx_word' id='word_1_839' title='bbox 3076 4110 3224 4152; x_wconf 89' lang='lat' dir='ltr'><strong><em>arma</em></strong></span> <span class='ocrx_word' id='word_1_840' title='bbox 3252 4106 3432 4152; x_wconf 89' lang='lat' dir='ltr'><strong><em>servat</em></strong></span> <span class='ocrx_word' id='word_1_841' title='bbox 3498 4098 3511 4107; x_wconf 89' lang='grc'><strong>’</strong></span> 
     </span>
    </p>
   </div>
   <div class='ocr_carea' id='block_1_102' title="bbox 1846 4183 3431 4255">
    <p class='ocr_par' dir='ltr' id='par_1_102' title="bbox 1846 4183 3431 4255">
     <span class='ocr_line' id='line_1_102' title="bbox 1846 4183 3431 4255; baseline 0.002 -17"><span class='ocrx_word' id='word_1_842' title='bbox 1846 4185 2032 4239; x_wconf 72' lang='lat' dir='ltr'><strong><em>illzesa.</em></strong></span> <span class='ocrx_word' id='word_1_843' title='bbox 2062 4184 2118 4239; x_wconf 90' lang='lat' dir='ltr'><strong><em>Si</em></strong></span> <span class='ocrx_word' id='word_1_844' title='bbox 2147 4199 2275 4255; x_wconf 87' lang='lat' dir='ltr'><strong><em>ergo</em></strong></span> <span class='ocrx_word' id='word_1_845' title='bbox 2306 4183 2440 4239; x_wconf 83' lang='lat' dir='ltr'><strong><em>ﬁdes</em></strong></span> <span class='ocrx_word' id='word_1_846' title='bbox 2483 4187 2552 4239; x_wconf 86' lang='lat' dir='ltr'><strong><em>sit</em></strong></span> <span class='ocrx_word' id='word_1_847' title='bbox 2582 4195 2725 4240; x_wconf 89' lang='lat' dir='ltr'><strong><em>recta</em></strong></span> <span class='ocrx_word' id='word_1_848' title='bbox 2756 4194 2811 4240; x_wconf 91' lang='lat' dir='ltr'><strong><em>et</em></strong></span> <span class='ocrx_word' id='word_1_849' title='bbox 2839 4187 2943 4239; x_wconf 89' lang='lat' dir='ltr'><strong><em>vita</em></strong></span> <span class='ocrx_word' id='word_1_850' title='bbox 2974 4196 3150 4251; x_wconf 90' lang='lat' dir='ltr'><strong><em>recta,</em></strong></span> <span class='ocrx_word' id='word_1_851' title='bbox 3185 4203 3331 4241; x_wconf 90' lang='lat' dir='ltr'><strong><em>arma</em></strong></span> <span class='ocrx_word' id='word_1_852' title='bbox 3365 4189 3431 4242; x_wconf 86' lang='lat' dir='ltr'><strong><em>il-</em></strong></span> 
     </span>
    </p>
   </div>
   <div class='ocr_carea' id='block_1_103' title="bbox 1845 4276 3429 4347">
    <p class='ocr_par' dir='ltr' id='par_1_103' title="bbox 1845 4276 3429 4347">
     <span class='ocr_line' id='line_1_103' title="bbox 1845 4276 3429 4347; baseline 0.003 -16"><span class='ocrx_word' id='word_1_853' title='bbox 1845 4278 1970 4331; x_wconf 73' lang='lat' dir='ltr'><strong><em>lzesa</em></strong></span> <span class='ocrx_word' id='word_1_854' title='bbox 2019 4287 2255 4333; x_wconf 88' lang='lat' dir='ltr'><strong><em>manent.</em></strong></span> <span class='ocrx_word' id='word_1_855' title='bbox 2297 4276 2475 4332; x_wconf 85' lang='lat' dir='ltr'><strong><em>Multis</em></strong></span> <span class='ocrx_word' id='word_1_856' title='bbox 2514 4288 2691 4333; x_wconf 89' lang='lat' dir='ltr'><strong><em>autem</em></strong></span> <span class='ocrx_word' id='word_1_857' title='bbox 2735 4278 2859 4335; x_wconf 90' lang='lat' dir='ltr'><strong><em>alibi</em></strong></span> <span class='ocrx_word' id='word_1_858' title='bbox 2908 4279 2977 4334; x_wconf 89' lang='lat' dir='ltr'><strong><em>de</em></strong></span> <span class='ocrx_word' id='word_1_859' title='bbox 3023 4279 3127 4334; x_wconf 87' lang='lat' dir='ltr'><strong><em>lide</em></strong></span> <span class='ocrx_word' id='word_1_860' title='bbox 3172 4281 3429 4347; x_wconf 88' lang='lat' dir='ltr'><strong><em>disserit,</em></strong></span> 
     </span>
    </p>
   </div>
   <div class='ocr_carea' id='block_1_104' title="bbox 1847 4367 3427 4441">
    <p class='ocr_par' dir='ltr' id='par_1_104' title="bbox 1847 4367 3427 4441">
     <span class='ocr_line' id='line_1_104' title="bbox 1847 4367 3427 4441; baseline 0.003 -19"><span class='ocrx_word' id='word_1_861' title='bbox 1847 4370 2080 4423; x_wconf 76' lang='lat' dir='ltr'><strong><em>maxime</em></strong></span> <span class='ocrx_word' id='word_1_862' title='bbox 2122 4368 2364 4422; x_wconf 85' lang='lat' dir='ltr'><strong><em>scribens</em></strong></span> <span class='ocrx_word' id='word_1_863' title='bbox 2403 4367 2469 4422; x_wconf 91' lang='lat' dir='ltr'><strong><em>ad</em></strong></span> <span class='ocrx_word' id='word_1_864' title='bbox 2515 4368 2773 4423; x_wconf 83' lang='lat' dir='ltr'><strong><em>Hebraeos</em></strong></span> <span class='ocrx_word' id='word_1_865' title='bbox 2802 4367 2954 4438; x_wconf 83' lang='lat' dir='ltr'><strong><em>(Cap;</em></strong></span> <span class='ocrx_word' id='word_1_866' title='bbox 2986 4370 3101 4440; x_wconf 87' lang='grc'><strong>11),</strong></span> <span class='ocrx_word' id='word_1_867' title='bbox 3134 4380 3188 4425; x_wconf 89' lang='lat' dir='ltr'><strong><em>et</em></strong></span> <span class='ocrx_word' id='word_1_868' title='bbox 3214 4371 3280 4426; x_wconf 89' lang='lat' dir='ltr'><strong><em>de</em></strong></span> <span class='ocrx_word' id='word_1_869' title='bbox 3311 4387 3427 4441; x_wconf 89' lang='lat' dir='ltr'><strong><em>spe.</em></strong></span> 
     </span>
    </p>
   </div>
   <div class='ocr_carea' id='block_1_105' title="bbox 1845 4459 3433 4529">
    <p class='ocr_par' dir='ltr' id='par_1_105' title="bbox 1845 4459 3433 4529">
     <span class='ocr_line' id='line_1_105' title="bbox 1845 4459 3433 4529; baseline -0.001 -14"><span class='ocrx_word' id='word_1_870' title='bbox 1845 4461 2082 4527; x_wconf 86' lang='lat' dir='ltr'><strong><em>Credite,</em></strong></span> <span class='ocrx_word' id='word_1_871' title='bbox 2115 4460 2307 4529; x_wconf 88' lang='lat' dir='ltr'><strong><em>inquit,</em></strong></span> <span class='ocrx_word' id='word_1_872' title='bbox 2338 4459 2493 4513; x_wconf 87' lang='lat' dir='ltr'><strong><em>bonis</em></strong></span> <span class='ocrx_word' id='word_1_873' title='bbox 2524 4460 2737 4525; x_wconf 83' lang='lat' dir='ltr'><strong><em>futuris,</em></strong></span> <span class='ocrx_word' id='word_1_874' title='bbox 2768 4468 2822 4515; x_wconf 87' lang='lat' dir='ltr'><strong><em>et</em></strong></span> <span class='ocrx_word' id='word_1_875' title='bbox 2845 4460 2979 4515; x_wconf 91' lang='lat' dir='ltr'><strong><em>nihil</em></strong></span> <span class='ocrx_word' id='word_1_876' title='bbox 3011 4462 3198 4517; x_wconf 90' lang='lat' dir='ltr'><strong><em>horum</em></strong></span> <span class='ocrx_word' id='word_1_877' title='bbox 3226 4465 3433 4518; x_wconf 83' lang='lat' dir='ltr'><strong><em>saucia-</em></strong></span> 
     </span>
    </p>
   </div>
   <div class='ocr_carea' id='block_1_106' title="bbox 1848 4549 3435 4622">
    <p class='ocr_par' dir='ltr' id='par_1_106' title="bbox 1848 4549 3435 4622">
     <span class='ocr_line' id='line_1_106' title="bbox 1848 4549 3435 4622; baseline -0.001 -16"><span class='ocrx_word' id='word_1_878' title='bbox 1848 4551 2009 4606; x_wconf 89' lang='lat' dir='ltr'><strong><em>bitur.</em></strong></span> <span class='ocrx_word' id='word_1_879' title='bbox 2042 4550 2170 4604; x_wconf 83' lang='lat' dir='ltr'><strong><em>Nam</em></strong></span> <span class='ocrx_word' id='word_1_880' title='bbox 2200 4550 2252 4604; x_wconf 90' lang='lat' dir='ltr'><strong><em>in</em></strong></span> <span class='ocrx_word' id='word_1_881' title='bbox 2281 4549 2520 4605; x_wconf 88' lang='lat' dir='ltr'><strong><em>adversis</em></strong></span> <span class='ocrx_word' id='word_1_882' title='bbox 2546 4559 2601 4605; x_wconf 89' lang='lat' dir='ltr'><strong><em>et</em></strong></span> <span class='ocrx_word' id='word_1_883' title='bbox 2625 4552 2677 4604; x_wconf 92' lang='lat' dir='ltr'><strong><em>in</em></strong></span> <span class='ocrx_word' id='word_1_884' title='bbox 2698 4551 2970 4611; x_wconf 86' lang='lat' dir='ltr'><strong><em>laboribus</em></strong></span> <span class='ocrx_word' id='word_1_885' title='bbox 2998 4568 3146 4622; x_wconf 88' lang='lat' dir='ltr'><strong><em>spem</em></strong></span> <span class='ocrx_word' id='word_1_886' title='bbox 3175 4554 3435 4621; x_wconf 83' lang='lat' dir='ltr'><strong><em>objicieos</em></strong></span> 
     </span>
    </p>
   </div>
   <div class='ocr_carea' id='block_1_107' title="bbox 1849 4644 3434 4709">
    <p class='ocr_par' dir='ltr' id='par_1_107' title="bbox 1849 4644 3434 4709">
     <span class='ocr_line' id='line_1_107' title="bbox 1849 4644 3434 4709; baseline 0.003 -10"><span class='ocrx_word' id='word_1_887' title='bbox 1849 4654 1905 4699; x_wconf 87' lang='lat' dir='ltr'><strong><em>et</em></strong></span> <span class='ocrx_word' id='word_1_888' title='bbox 1934 4644 2126 4709; x_wconf 83' lang='lat' dir='ltr'><strong><em>ﬁdem,</em></strong></span> <span class='ocrx_word' id='word_1_889' title='bbox 2160 4644 2245 4697; x_wconf 88' lang='lat' dir='ltr'><strong><em>illa</em></strong></span> <span class='ocrx_word' id='word_1_890' title='bbox 2287 4644 2529 4698; x_wconf 80' lang='lat' dir='ltr'><strong><em>servabis</em></strong></span> <span class='ocrx_word' id='word_1_891' title='bbox 2570 4644 2753 4698; x_wconf 65' lang='lat' dir='ltr'><strong><em>illaesa.</em></strong></span> <span class='ocrx_word' id='word_1_892' title='bbox 2790 4646 2868 4699; x_wconf 86' lang='lat' dir='ltr'><strong><em>Ad</em></strong></span> <span class='ocrx_word' id='word_1_893' title='bbox 2904 4646 3065 4699; x_wconf 84' lang='lat' dir='ltr'><strong><em>Deum</em></strong></span> <span class='ocrx_word' id='word_1_894' title='bbox 3106 4648 3247 4701; x_wconf 90' lang='lat' dir='ltr'><strong><em>enim</em></strong></span> <span class='ocrx_word' id='word_1_895' title='bbox 3277 4662 3434 4703; x_wconf 85' lang='lat' dir='ltr'><strong><em>acce-</em></strong></span> 
     </span>
    </p>
   </div>
   <div class='ocr_carea' id='block_1_108' title="bbox 1849 4734 3431 4807">
    <p class='ocr_par' dir='ltr' id='par_1_108' title="bbox 1849 4734 3431 4807">
     <span class='ocr_line' id='line_1_108' title="bbox 1849 4734 3431 4807; baseline 0.003 -18"><span class='ocrx_word' id='word_1_896' title='bbox 1849 4734 2065 4790; x_wconf 87' lang='lat' dir='ltr'><strong><em>dentem</em></strong></span> <span class='ocrx_word' id='word_1_897' title='bbox 2094 4743 2309 4805; x_wconf 87' lang='lat' dir='ltr'><strong><em>oportet</em></strong></span> <span class='ocrx_word' id='word_1_898' title='bbox 2344 4734 2566 4789; x_wconf 85' lang='lat' dir='ltr'><strong><em>credere</em></strong></span> <span class='ocrx_word' id='word_1_899' title='bbox 2604 4735 2745 4805; x_wconf 88' lang='lat' dir='ltr'><strong><em>quod</em></strong></span> <span class='ocrx_word' id='word_1_900' title='bbox 2770 4736 2889 4800; x_wconf 64' lang='lat' dir='ltr'><strong><em>sit,</em></strong></span> <span class='ocrx_word' id='word_1_901' title='bbox 2935 4745 2989 4790; x_wconf 87' lang='lat' dir='ltr'><strong><em>et</em></strong></span> <span class='ocrx_word' id='word_1_902' title='bbox 3035 4737 3099 4792; x_wconf 92' lang='lat' dir='ltr'><strong><em>iis</em></strong></span> <span class='ocrx_word' id='word_1_903' title='bbox 3139 4739 3226 4807; x_wconf 88' lang='lat' dir='ltr'><strong><em>qui</em></strong></span> <span class='ocrx_word' id='word_1_904' title='bbox 3258 4738 3431 4807; x_wconf 88' lang='lat' dir='ltr'><strong><em>ipsum</em></strong></span> 
     </span>
    </p>
   </div>
   <div class='ocr_carea' id='block_1_109' title="bbox 1851 4825 3436 4900">
    <p class='ocr_par' dir='ltr' id='par_1_109' title="bbox 1851 4825 3436 4900">
     <span class='ocr_line' id='line_1_109' title="bbox 1851 4825 3436 4900; baseline 0.004 -20"><span class='ocrx_word' id='word_1_905' title='bbox 1851 4834 2099 4897; x_wconf 63' lang='lat' dir='ltr'><strong><em>quierunt</em></strong></span> <span class='ocrx_word' id='word_1_906' title='bbox 2135 4825 2194 4880; x_wconf 90' lang='lat' dir='ltr'><strong><em>lit</em></strong></span> <span class='ocrx_word' id='word_1_907' title='bbox 2237 4837 2627 4881; x_wconf 88' lang='lat' dir='ltr'><strong><em>remunerator.</em></strong></span> <span class='ocrx_word' id='word_1_908' title='bbox 2676 4826 2835 4881; x_wconf 88' lang='lat' dir='ltr'><strong><em>Fides</em></strong></span> <span class='ocrx_word' id='word_1_909' title='bbox 2878 4838 2962 4882; x_wconf 89' lang='lat' dir='ltr'><strong><em>est</em></strong></span> <span class='ocrx_word' id='word_1_910' title='bbox 3008 4842 3214 4883; x_wconf 89' lang='lat' dir='ltr'><strong><em>scutum</em></strong></span> <span class='ocrx_word' id='word_1_911' title='bbox 3248 4840 3436 4900; x_wconf 86' lang='lat' dir='ltr'><strong><em>tegens</em></strong></span> 
     </span>
    </p>
   </div>
   <div class='ocr_carea' id='block_1_110' title="bbox 1854 4918 3435 4989">
    <p class='ocr_par' dir='ltr' id='par_1_110' title="bbox 1854 4918 3435 4989">
     <span class='ocr_line' id='line_1_110' title="bbox 1854 4918 3435 4989; baseline 0.003 -16"><span class='ocrx_word' id='word_1_912' title='bbox 1854 4934 1948 4974; x_wconf 92' lang='lat' dir='ltr'><strong><em>eos</em></strong></span> <span class='ocrx_word' id='word_1_913' title='bbox 1967 4919 2059 4989; x_wconf 90' lang='lat' dir='ltr'><strong><em>qui</em></strong></span> <span class='ocrx_word' id='word_1_914' title='bbox 2084 4920 2202 4973; x_wconf 89' lang='lat' dir='ltr'><strong><em>sine</em></strong></span> <span class='ocrx_word' id='word_1_915' title='bbox 2222 4918 2431 4972; x_wconf 89' lang='lat' dir='ltr'><strong><em>curiosa</em></strong></span> <span class='ocrx_word' id='word_1_916' title='bbox 2458 4918 2842 4987; x_wconf 86' lang='lat' dir='ltr'><strong><em>perquisitione</em></strong></span> <span class='ocrx_word' id='word_1_917' title='bbox 2862 4918 3117 4983; x_wconf 85' lang='lat' dir='ltr'><strong><em>credunt;</em></strong></span> <span class='ocrx_word' id='word_1_918' title='bbox 3148 4921 3231 4976; x_wconf 91' lang='lat' dir='ltr'><strong><em>sin</em></strong></span> <span class='ocrx_word' id='word_1_919' title='bbox 3255 4933 3435 4977; x_wconf 88' lang='lat' dir='ltr'><strong><em>autem</em></strong></span> 
     </span>
    </p>
   </div>
   <div class='ocr_carea' id='block_1_111' title="bbox 1854 5010 3437 5081">
    <p class='ocr_par' dir='ltr' id='par_1_111' title="bbox 1854 5010 3437 5081">
     <span class='ocr_line' id='line_1_111' title="bbox 1854 5010 3437 5081; baseline 0.002 -15"><span class='ocrx_word' id='word_1_920' title='bbox 1854 5011 1964 5067; x_wconf 88' lang='lat' dir='ltr'><strong><em>sint</em></strong></span> <span class='ocrx_word' id='word_1_921' title='bbox 2000 5010 2327 5080; x_wconf 87' lang='lat' dir='ltr'><strong><em>sophismata</em></strong></span> <span class='ocrx_word' id='word_1_922' title='bbox 2359 5020 2414 5064; x_wconf 88' lang='lat' dir='ltr'><strong><em>et</em></strong></span> <span class='ocrx_word' id='word_1_923' title='bbox 2455 5012 2690 5064; x_wconf 87' lang='lat' dir='ltr'><strong><em>rationes</em></strong></span> <span class='ocrx_word' id='word_1_924' title='bbox 2728 5021 2784 5065; x_wconf 89' lang='lat' dir='ltr'><strong><em>et</em></strong></span> <span class='ocrx_word' id='word_1_925' title='bbox 2812 5012 3260 5081; x_wconf 74' lang='lat' dir='ltr'><strong><em>reprehensiones</em></strong></span> <span class='ocrx_word' id='word_1_926' title='bbox 3280 5052 3297 5079; x_wconf 89' lang='lat'><strong><em>,</em></strong></span> <span class='ocrx_word' id='word_1_927' title='bbox 3328 5030 3437 5069; x_wconf 89' lang='lat' dir='ltr'><strong><em>non</em></strong></span> 
     </span>
    </p>
   </div>
   <div class='ocr_carea' id='block_1_112' title="bbox 1858 5102 3440 5172">
    <p class='ocr_par' dir='ltr' id='par_1_112' title="bbox 1858 5102 3440 5172">
     <span class='ocr_line' id='line_1_112' title="bbox 1858 5102 3440 5172; baseline 0.001 -14"><span class='ocrx_word' id='word_1_928' title='bbox 1858 5111 1940 5158; x_wconf 88' lang='lat' dir='ltr'><strong><em>est</em></strong></span> <span class='ocrx_word' id='word_1_929' title='bbox 1970 5113 2177 5157; x_wconf 91' lang='lat' dir='ltr'><strong><em>scutum</em></strong></span> <span class='ocrx_word' id='word_1_930' title='bbox 2199 5143 2213 5165; x_wconf 91' lang='lat'><strong><em>,</em></strong></span> <span class='ocrx_word' id='word_1_931' title='bbox 2245 5103 2338 5157; x_wconf 88' lang='lat' dir='ltr'><strong><em>sed</em></strong></span> <span class='ocrx_word' id='word_1_932' title='bbox 2380 5118 2478 5156; x_wconf 91' lang='lat' dir='ltr'><strong><em>nos</em></strong></span> <span class='ocrx_word' id='word_1_933' title='bbox 2507 5102 2745 5172; x_wconf 88' lang='lat' dir='ltr'><strong><em>impedit.</em></strong></span> <span class='ocrx_word' id='word_1_934' title='bbox 2777 5102 2923 5159; x_wconf 85' lang='lat' dir='ltr'><strong><em>Talis</em></strong></span> <span class='ocrx_word' id='word_1_935' title='bbox 2951 5105 3020 5159; x_wconf 88' lang='lat' dir='ltr'><strong><em>sit</em></strong></span> <span class='ocrx_word' id='word_1_936' title='bbox 3048 5105 3182 5159; x_wconf 83' lang='lat' dir='ltr'><strong><em>ﬁdes</em></strong></span> <span class='ocrx_word' id='word_1_937' title='bbox 3221 5117 3278 5160; x_wconf 90' lang='lat' dir='ltr'><strong><em>ut</em></strong></span> <span class='ocrx_word' id='word_1_938' title='bbox 3316 5108 3440 5160; x_wconf 87' lang='lat' dir='ltr'><strong><em>uni-</em></strong></span> 
     </span>
    </p>
   </div>
   <div class='ocr_carea' id='block_1_113' title="bbox 1858 5196 3442 5268">
    <p class='ocr_par' dir='ltr' id='par_1_113' title="bbox 1858 5196 3442 5268">
     <span class='ocr_line' id='line_1_113' title="bbox 1858 5196 3442 5268; baseline 0.004 -20"><span class='ocrx_word' id='word_1_939' title='bbox 1858 5212 2072 5250; x_wconf 89' lang='lat' dir='ltr'><strong><em>versum</em></strong></span> <span class='ocrx_word' id='word_1_940' title='bbox 2103 5206 2353 5265; x_wconf 89' lang='lat' dir='ltr'><strong><em>contegat</em></strong></span> <span class='ocrx_word' id='word_1_941' title='bbox 2381 5208 2433 5250; x_wconf 90' lang='lat' dir='ltr'><strong><em>et</em></strong></span> <span class='ocrx_word' id='word_1_942' title='bbox 2461 5197 2762 5251; x_wconf 89' lang='lat' dir='ltr'><strong><em>obumbret.</em></strong></span> <span class='ocrx_word' id='word_1_943' title='bbox 2791 5196 2868 5252; x_wconf 86' lang='lat' dir='ltr'><strong><em>Ne</em></strong></span> <span class='ocrx_word' id='word_1_944' title='bbox 2889 5199 2959 5251; x_wconf 90' lang='lat' dir='ltr'><strong><em>sit</em></strong></span> <span class='ocrx_word' id='word_1_945' title='bbox 2988 5214 3115 5268; x_wconf 87' lang='lat' dir='ltr'><strong><em>ergo</em></strong></span> <span class='ocrx_word' id='word_1_946' title='bbox 3143 5200 3317 5253; x_wconf 69' lang='lat' dir='ltr'><strong><em>brevis</em></strong></span> <span class='ocrx_word' id='word_1_947' title='bbox 3337 5240 3353 5266; x_wconf 95' lang='lat'><strong><em>,</em></strong></span> <span class='ocrx_word' id='word_1_948' title='bbox 3382 5211 3442 5254; x_wconf 87' lang='lat' dir='ltr'><strong><em>ut</em></strong></span> 
     </span>
    </p>
   </div>
   <div class='ocr_carea' id='block_1_114' title="bbox 1861 5287 3441 5358">
    <p class='ocr_par' dir='ltr' id='par_1_114' title="bbox 1861 5287 3441 5358">
     <span class='ocr_line' id='line_1_114' title="bbox 1861 5287 3441 5358; baseline 0.003 -16"><span class='ocrx_word' id='word_1_949' title='bbox 1861 5289 2033 5343; x_wconf 88' lang='lat' dir='ltr'><strong><em>nudos</em></strong></span> <span class='ocrx_word' id='word_1_950' title='bbox 2059 5289 2197 5343; x_wconf 90' lang='lat' dir='ltr'><strong><em>sinat</em></strong></span> <span class='ocrx_word' id='word_1_951' title='bbox 2226 5289 2387 5357; x_wconf 87' lang='lat' dir='ltr'><strong><em>pedes</em></strong></span> <span class='ocrx_word' id='word_1_952' title='bbox 2406 5329 2420 5353; x_wconf 92' lang='lat'><strong><em>,</em></strong></span> <span class='ocrx_word' id='word_1_953' title='bbox 2451 5300 2542 5341; x_wconf 87' lang='lat' dir='ltr'><strong><em>ant</em></strong></span> <span class='ocrx_word' id='word_1_954' title='bbox 2572 5287 2771 5358; x_wconf 90' lang='lat' dir='ltr'><strong><em>aliquid</em></strong></span> <span class='ocrx_word' id='word_1_955' title='bbox 2802 5288 2946 5342; x_wconf 90' lang='lat' dir='ltr'><strong><em>aliud</em></strong></span> <span class='ocrx_word' id='word_1_956' title='bbox 2970 5330 2984 5351; x_wconf 86' lang='lat'><strong><em>,</em></strong></span> <span class='ocrx_word' id='word_1_957' title='bbox 3013 5289 3109 5343; x_wconf 88' lang='lat' dir='ltr'><strong><em>sed</em></strong></span> <span class='ocrx_word' id='word_1_958' title='bbox 3136 5292 3204 5343; x_wconf 88' lang='lat' dir='ltr'><strong><em>sit</em></strong></span> <span class='ocrx_word' id='word_1_959' title='bbox 3232 5302 3441 5346; x_wconf 90' lang='lat' dir='ltr'><strong><em>scutum</em></strong></span> 
     </span>
    </p>
   </div>
   <div class='ocr_carea' id='block_1_115' title="bbox 1856 5377 3448 5451">
    <p class='ocr_par' dir='ltr' id='par_1_115' title="bbox 1856 5377 3448 5451">
     <span class='ocr_line' id='line_1_115' title="bbox 1856 5377 3448 5451; baseline 0.002 -17"><span class='ocrx_word' id='word_1_960' title='bbox 1856 5382 2052 5451; x_wconf 87' lang='lat' dir='ltr'><strong><em>justam</em></strong></span> <span class='ocrx_word' id='word_1_961' title='bbox 2078 5380 2280 5435; x_wconf 88' lang='lat' dir='ltr'><strong><em>habens</em></strong></span> <span class='ocrx_word' id='word_1_962' title='bbox 2304 5380 2691 5451; x_wconf 84' lang='lat' dir='ltr'><strong><em>symmetriam.</em></strong></span> <span class='ocrx_word' id='word_1_963' title='bbox 2724 5377 2905 5450; x_wconf 87' lang='lat' dir='ltr'><strong><em>Ignea.</em></strong></span> <span class='ocrx_word' id='word_1_964' title='bbox 2938 5379 3073 5434; x_wconf 89' lang='lat' dir='ltr'><strong><em>Sunt</em></strong></span> <span class='ocrx_word' id='word_1_965' title='bbox 3098 5381 3238 5435; x_wconf 88' lang='lat' dir='ltr'><strong><em>enim</em></strong></span> <span class='ocrx_word' id='word_1_966' title='bbox 3265 5382 3448 5437; x_wconf 65' lang='lat' dir='ltr'><strong><em>inultas</em></strong></span> 
     </span>
    </p>
   </div>
   <div class='ocr_carea' id='block_1_116' title="bbox 1860 5469 3445 5545">
    <p class='ocr_par' dir='ltr' id='par_1_116' title="bbox 1860 5469 3445 5545">
     <span class='ocr_line' id='line_1_116' title="bbox 1860 5469 3445 5545; baseline -0.001 -19"><span class='ocrx_word' id='word_1_967' title='bbox 1860 5472 2278 5540; x_wconf 88' lang='lat' dir='ltr'><strong><em>disceptationes</em></strong></span> <span class='ocrx_word' id='word_1_968' title='bbox 2305 5470 2537 5523; x_wconf 89' lang='lat' dir='ltr'><strong><em>animam</em></strong></span> <span class='ocrx_word' id='word_1_969' title='bbox 2567 5479 2815 5530; x_wconf 89' lang='lat' dir='ltr'><strong><em>urentes,</em></strong></span> <span class='ocrx_word' id='word_1_970' title='bbox 2844 5469 3023 5523; x_wconf 78' lang='lat' dir='ltr'><strong><em>multa:</em></strong></span> <span class='ocrx_word' id='word_1_971' title='bbox 3054 5470 3445 5545; x_wconf 68' lang='lat' dir='ltr'><strong><em>dubitationes,</em></strong></span> 
     </span>
    </p>
   </div>
   <div class='ocr_carea' id='block_1_117' title="bbox 1864 5561 3450 5634">
    <p class='ocr_par' dir='ltr' id='par_1_117' title="bbox 1864 5561 3450 5634">
     <span class='ocr_line' id='line_1_117' title="bbox 1864 5561 3450 5634; baseline 0.001 -15"><span class='ocrx_word' id='word_1_972' title='bbox 1864 5565 2046 5619; x_wconf 73' lang='lat' dir='ltr'><strong><em>amita:</em></strong></span> <span class='ocrx_word' id='word_1_973' title='bbox 2088 5564 2411 5634; x_wconf 52' lang='lat' dir='ltr'><strong><em>quasstiones</em></strong></span> <span class='ocrx_word' id='word_1_974' title='bbox 2455 5561 2898 5631; x_wconf 79' lang='lat' dir='ltr'><strong><em>inexplicabiles;</em></strong></span> <span class='ocrx_word' id='word_1_975' title='bbox 2950 5561 3045 5614; x_wconf 86' lang='lat' dir='ltr'><strong><em>sed</em></strong></span> <span class='ocrx_word' id='word_1_976' title='bbox 3086 5578 3269 5617; x_wconf 86' lang='lat' dir='ltr'><strong><em>revera</em></strong></span> <span class='ocrx_word' id='word_1_977' title='bbox 3320 5564 3450 5620; x_wconf 83' lang='lat' dir='ltr'><strong><em>fides</em></strong></span> 
     </span>
    </p>
   </div>
   <div class='ocr_carea' id='block_1_118' title="bbox 1865 5653 3448 5712">
    <p class='ocr_par' dir='ltr' id='par_1_118' title="bbox 1865 5653 3448 5712">
     <span class='ocr_line' id='line_1_118' title="bbox 1865 5653 3448 5712; baseline 0 0"><span class='ocrx_word' id='word_1_978' title='bbox 1865 5658 1992 5712; x_wconf 80' lang='lat' dir='ltr'><strong><em>facit</em></strong></span> <span class='ocrx_word' id='word_1_979' title='bbox 2054 5665 2112 5711; x_wconf 88' lang='lat' dir='ltr'><strong><em>ut</em></strong></span> <span class='ocrx_word' id='word_1_980' title='bbox 2171 5655 2351 5710; x_wconf 90' lang='lat' dir='ltr'><strong><em>omnia</em></strong></span> <span class='ocrx_word' id='word_1_981' title='bbox 2407 5665 2640 5709; x_wconf 85' lang='lat' dir='ltr'><strong><em>cessent.</em></strong></span> <span class='ocrx_word' id='word_1_982' title='bbox 2689 5653 2849 5706; x_wconf 84' lang='lat' dir='ltr'><strong><em>Multa</em></strong></span> <span class='ocrx_word' id='word_1_983' title='bbox 2914 5653 3152 5707; x_wconf 90' lang='lat' dir='ltr'><strong><em>immittit</em></strong></span> <span class='ocrx_word' id='word_1_984' title='bbox 3205 5655 3448 5712; x_wconf 86' lang='lat' dir='ltr'><strong><em>diabolus</em></strong></span> 
     </span>
    </p>
   </div>
   <div class='ocr_carea' id='block_1_119' title="bbox 1867 5744 3493 5818">
    <p class='ocr_par' dir='ltr' id='par_1_119' title="bbox 1867 5744 3493 5818">
     <span class='ocr_line' id='line_1_119' title="bbox 1867 5744 3493 5818; baseline 0 -15"><span class='ocrx_word' id='word_1_985' title='bbox 1867 5761 2104 5803; x_wconf 89' lang='lat' dir='ltr'><strong><em>nostram</em></strong></span> <span class='ocrx_word' id='word_1_986' title='bbox 2123 5748 2459 5801; x_wconf 84' lang='lat' dir='ltr'><strong><em>inﬂammans</em></strong></span> <span class='ocrx_word' id='word_1_987' title='bbox 2476 5747 2728 5807; x_wconf 90' lang='lat' dir='ltr'><strong><em>animam,</em></strong></span> <span class='ocrx_word' id='word_1_988' title='bbox 2743 5744 3079 5799; x_wconf 90' lang='lat' dir='ltr'><strong><em>etaddnccns</em></strong></span> <span class='ocrx_word' id='word_1_989' title='bbox 3096 5746 3160 5799; x_wconf 92' lang='lat' dir='ltr'><strong><em>ad</em></strong></span> <span class='ocrx_word' id='word_1_990' title='bbox 3184 5748 3454 5818; x_wconf 85' lang='lat' dir='ltr'><strong><em>ambigui-</em></strong></span> <span class='ocrx_word' id='word_1_991' title='bbox 3485 5770 3493 5787; x_wconf 87' lang='grc'>·</span> 
     </span>
    </p>
   </div>
   <div class='ocr_carea' id='block_1_120' title="bbox 1870 5836 3450 5909">
    <p class='ocr_par' dir='ltr' id='par_1_120' title="bbox 1870 5836 3450 5909">
     <span class='ocr_line' id='line_1_120' title="bbox 1870 5836 3450 5909; baseline -0.002 -14"><span class='ocrx_word' id='word_1_992' title='bbox 1870 5852 2033 5896; x_wconf 88' lang='lat' dir='ltr'><strong><em>tatem</em></strong></span> <span class='ocrx_word' id='word_1_993' title='bbox 2057 5882 2070 5903; x_wconf 91' lang='lat'><strong><em>,</em></strong></span> <span class='ocrx_word' id='word_1_994' title='bbox 2103 5851 2159 5892; x_wconf 91' lang='lat' dir='ltr'><strong><em>ut</em></strong></span> <span class='ocrx_word' id='word_1_995' title='bbox 2181 5839 2393 5909; x_wconf 89' lang='lat' dir='ltr'><strong><em>quando</em></strong></span> <span class='ocrx_word' id='word_1_996' title='bbox 2415 5839 2596 5892; x_wconf 88' lang='lat' dir='ltr'><strong><em>dicunt</em></strong></span> <span class='ocrx_word' id='word_1_997' title='bbox 2627 5836 2826 5906; x_wconf 87' lang='lat' dir='ltr'><strong><em>aliqui,</em></strong></span> <span class='ocrx_word' id='word_1_998' title='bbox 2853 5836 3118 5907; x_wconf 88' lang='lat' dir='ltr'><strong><em>Numquid</em></strong></span> <span class='ocrx_word' id='word_1_999' title='bbox 3158 5849 3242 5893; x_wconf 84' lang='lat' dir='ltr'><strong><em>est</em></strong></span> <span class='ocrx_word' id='word_1_1000' title='bbox 3270 5856 3450 5895; x_wconf 86' lang='lat' dir='ltr'><strong><em>resur-</em></strong></span> 
     </span>
    </p>
   </div>
   <div class='ocr_carea' id='block_1_121' title="bbox 1873 5926 3457 6001">
    <p class='ocr_par' dir='ltr' id='par_1_121' title="bbox 1873 5926 3457 6001">
     <span class='ocr_line' id='line_1_121' title="bbox 1873 5926 3457 6001; baseline 0 -14"><span class='ocrx_word' id='word_1_1001' title='bbox 1873 5930 2079 5987; x_wconf 86' lang='lat' dir='ltr'><strong><em>rectio?</em></strong></span> <span class='ocrx_word' id='word_1_1002' title='bbox 2107 5928 2359 6001; x_wconf 88' lang='lat' dir='ltr'><strong><em>numquid</em></strong></span> <span class='ocrx_word' id='word_1_1003' title='bbox 2383 5940 2463 5984; x_wconf 72' lang='grc' dir='ltr'><strong><em>ρει</em></strong></span> <span class='ocrx_word' id='word_1_1004' title='bbox 2487 5926 2783 5998; x_wconf 79' lang='lat' dir='ltr'><strong><em>judicium?</em></strong></span> <span class='ocrx_word' id='word_1_1005' title='bbox 2821 5929 3073 5997; x_wconf 87' lang='lat' dir='ltr'><strong><em>numquid</em></strong></span> <span class='ocrx_word' id='word_1_1006' title='bbox 3098 5941 3179 5987; x_wconf 89' lang='lat' dir='ltr'><strong><em>est</em></strong></span> <span class='ocrx_word' id='word_1_1007' title='bbox 3208 5950 3457 5988; x_wconf 80' lang='lat' dir='ltr'><strong><em>remune-</em></strong></span> 
     </span>
    </p>
   </div>
  </div>
