3974 6570
449 485 541 551 Ui
1160 482 1217 539 S.
1253 476 1528 537 JOANNIS
1562 475 2029 536 CHRYSOSTOMI
2064 472 2377 534 ARCHIEP.
2416 472 2941 531 CONSTANTINOP.
3224 549 3241 567 .
3632 482 3726 535 in

447 602 624 656 ratio?
651 600 744 657 sed
773 601 816 654 si
847 607 1052 654 scutum
1081 594 1206 651 ﬁdei
1233 594 1463 662 habeas,
1491 596 1798 663 exstingues
1820 592 2017 648 diaboli

447 695 551 747 tela
576 694 627 745 in
656 692 777 745 lide.
810 688 1002 751 Invasit
1023 695 1075 742 te
1097 685 1326 740 absurda
1353 685 1637 755 cupiditas,
1673 686 1921 739 incensus
1942 691 2025 739 est

447 784 588 837 intus
626 781 760 850 ignis
790 780 1047 836 malarum
1074 776 1494 848 cogitationum?
1522 776 1742 845 Oppone
1770 775 1819 830 ei
1863 774 2020 839 iidem

444 875 739 926 futurorum
785 871 1078 932 bonorum,
1122 878 1176 923 et
1217 884 1282 923 ne
1319 867 1595 936 apparebit
1625 866 1876 936 quidem,
1924 864 2021 920 sed

447 965 657 1034 peribit.
694 962 877 1015 Omnia
902 959 999 1014 tela
1024 976 1042 1015 :
1069 976 1171 1017 non
1200 959 1312 1013 haec
1336 960 1548 1029 quidem
1579 959 1899 1027 exstinguet,
1933 956 2021 1010 illa

441 1072 571 1111 vero
617 1070 744 1111 non.
794 1054 931 1117 Audi
976 1054 1199 1116 Paulum
1239 1053 1550 1111 dicentem:
1597 1052 1843 1111 Existimo
1886 1051 2020 1111 enim

439 1147 576 1216 quod
601 1164 702 1200 non
746 1156 862 1201 sunt
902 1144 1165 1214 condigna:
1200 1145 1459 1216 passiones
1497 1144 1649 1213 ltujus
1692 1142 1928 1212 temporis
1952 1143 2020 1195 ad

444 1244 666 1309 futuram
689 1238 924 1310 gloriam,
949 1253 1061 1307 qua:
1076 1235 1373 1289 revelabitur
1396 1237 1447 1287 in
1471 1235 1610 1292 nobis
1632 1233 1806 1303 (Rom.
1826 1233 1880 1289 8.
1904 1233 2017 1302 18).

509 1329 831 1385 Tentationes
866 1340 912 1383 et
953 1345 1192 1383 (erumna:
1219 1327 1466 1398 quomodo
1502 1326 1910 1397 repellendw.—-
1932 1325 2019 1377 Vi-

437 1423 536 1479 des
562 1440 721 1494 quam
753 1424 915 1478 multa
952 1423 1055 1477 tela
1086 1433 1211 1475 tunc
1236 1420 1594 1475 exstittxcrint
1619 1417 1792 1488 justi?
1823 1418 2015 1472 Annon

439 1516 685 1570 videntur
716 1515 809 1569 tibi
834 1514 935 1568 tela
959 1528 1079 1568 esse
1109 1514 1269 1583 ignita
1291 1554 1307 1577 ,
1340 1511 1481 1582 quod
1510 1512 1720 1565 interno
1742 1510 1862 1580 igne
1892 1523 2017 1563 ure-

439 1618 588 1661 retur
630 1606 927 1676 patriarcha
977 1606 1143 1665 lilium
1178 1603 1455 1659 offerens?
1484 1602 1591 1657 Alii
1630 1617 1842 1672 quoque
1886 1601 2015 1671 justi

436 1699 613 1751 omnia
638 1698 754 1766 ejus
777 1697 876 1752 tela
899 1696 1288 1753 exstinxerunt.
1313 1692 1439 1750 Sive
1460 1709 1587 1763 ergo
1611 1693 1808 1749 bellum
1828 1699 2019 1763 gerant

435 1792 810 1859 cogitationes,
842 1805 959 1843 eam
985 1802 1337 1859 Opponamus,
1367 1788 1479 1845 sive
1508 1785 1752 1840 libidines
1778 1795 1835 1840 et
1853 1784 2011 1854 cupi-

435 1881 650 1943 ditates.
678 1896 738 1934 ea
772 1887 1004 1943 utamur,
1038 1878 1153 1933 sive
1196 1876 1407 1934 labores
1435 1886 1491 1932 et
1515 1891 1767 1936 azrnmnre
1796 1915 1813 1939 ,
1857 1873 1911 1931 in
1949 1887 2012 1928 ea

433 1972 912 2042 conquiescemus:
945 1986 1008 2033 ea
1054 1971 1243 2027 merito
1271 1978 1354 2027 est
1384 1985 1502 2043 qure
1541 1976 1825 2029 conservat
1864 1982 2011 2022 arma

433 2066 612 2117 militia
647 2083 659 2118 :
692 2065 734 2120 si
765 2079 883 2118 eam
916 2078 1024 2117 non
1053 2061 1346 2119 habeamus
1366 2102 1381 2125 ,
1411 2062 1498 2116 illa
1526 2060 1633 2115 cito
1660 2060 2011 2127 perlorabun-

434 2167 521 2209 tur
549 2163 604 2209 et
634 2153 917 2218 luédcntur.
946 2152 1014 2216 In
1040 2153 1291 2220 omnibus,
1327 2152 1516 2220 inquit,
1547 2161 1797 2205 sumentes
1817 2160 2014 2211 scutum

435 2248 575 2315 fidei.
605 2247 741 2313 Quid
764 2256 868 2311 est,
899 2244 963 2299 In
987 2245 1264 2299 omnibus?
1296 2244 1361 2298 Et
1392 2243 1441 2297 in
1471 2245 1715 2309 veritate,
1745 2244 1933 2314 inquit,
1959 2252 2015 2297 et

434 2345 487 2395 in
512 2340 717 2409 justitia
743 2381 759 2408 ,
802 2348 856 2394 et
903 2340 954 2393 in
996 2339 1386 2414 prmparatione
1413 2336 1694 2407 evangelii.
1743 2337 1854 2395 lloc
1882 2346 1961 2391 est
1995 2377 2010 2401 ,

434 2433 612 2487 omnia
648 2432 761 2486 haec
807 2447 943 2501 opus
988 2431 1074 2493 illa
1122 2428 1340 2483 habent.
1373 2429 1659 2498 Propterea
1701 2428 2012 2497 subjunxit,

434 2526 502 2580 Et
529 2526 727 2598 galeam
754 2525 933 2584 salutis
962 2523 1221 2586 assumite.
1258 2520 1370 2577 Hoc
1400 2531 1483 2575 est
1503 2562 1517 2585 ,
1548 2520 1649 2579 Per
1677 2536 1794 2574 eam
1821 2519 1888 2575 de
1911 2534 2011 2573 cm-

433 2631 551 2673 tero
579 2618 822 2692 poteritis
851 2632 972 2675 esse
1003 2616 1119 2678 tuti,
1153 2626 1207 2670 et
1245 2628 1405 2669 omne
1436 2612 1727 2683 periculum
1758 2611 2009 2681 eﬂ‘ugere.

432 2712 581 2777 Sicut
612 2711 753 2765 enim
784 2710 931 2779 galea
958 2751 972 2772 ,
1003 2716 1190 2765 exacte
1215 2716 1372 2776 caput
1397 2704 1629 2775 undique
1657 2712 1838 2775 tegens
1863 2745 1877 2768 ,
1906 2718 2011 2761 non

432 2806 561 2858 sinit
586 2813 641 2856 ut
682 2800 879 2872 aliquid
906 2816 1069 2873 grave
1099 2798 1357 2873 patiatur,
1389 2795 1484 2851 sed
1512 2797 1563 2850 id
1589 2804 1875 2850 conservat
1900 2812 1913 2848 :
1940 2794 2009 2849 ita

432 2898 592 2950 etiam
627 2895 757 2948 ﬁdes
800 2903 883 2947 est
926 2907 1022 2961 pro
1049 2900 1201 2946 scuto
1232 2931 1246 2954 ,
1277 2900 1333 2945 et
1375 2904 1471 2961 pro
1521 2889 1667 2959 galea
1718 2888 1924 2947 salutis.
1956 2888 2011 2943 Si

433 2989 577 3049 enim
608 2987 723 3059 ejus
752 2986 851 3040 tela
874 2983 1309 3047 cxstinxcrimus,
1339 2983 1446 3036 cito
1473 2982 1633 3035 etiam
1661 2982 2012 3049 suscipiemus

435 3085 669 3135 rationes
699 3095 816 3149 quae
841 3084 1196 3141 conservant,
1220 3090 1339 3141 qua:
1367 3090 1471 3128 non
1504 3074 1682 3128 sinant
1712 3083 1765 3126 ut
1792 3073 2013 3127 facultas

433 3188 553 3240 quae
584 3180 728 3228 tenet
762 3168 1112 3240 principatum
1155 3165 1352 3235 aliquid
1385 3166 1649 3234 patiatur.
1694 3163 1821 3217 Nam
1854 3165 1897 3220 si
1931 3164 2011 3217 lue

434 3261 716 3317 contraria:
741 3259 979 3313 rationes
1008 3256 1416 3325 exstinguantur
1446 3273 1459 3309 :
1488 3255 1594 3310 cito
1614 3271 1735 3325 quae
1763 3271 1867 3308 non
1889 3265 2013 3309 sunt

435 3352 569 3406 tales
592 3393 606 3415 ,
639 3350 731 3405 sed
762 3366 857 3404 nos
887 3356 1143 3410 servant,
1176 3356 1232 3401 et
1259 3345 1495 3403 efﬁciunt
1525 3356 1581 3400 nt
1627 3348 1817 3401 bonam
1861 3362 2011 3415 spem

436 3445 727 3498 habeamus
748 3485 760 3506 ,
795 3445 846 3507 in
878 3441 1031 3501 nobis
1060 3448 1347 3494 nascentur
1370 3456 1384 3505 ;
1409 3450 1458 3494 et
1487 3440 1624 3501 sicut
1650 3440 1797 3510 galea
1839 3440 1893 3494 in
1919 3456 2011 3495 ca-

434 3538 562 3607 pite,
592 3537 803 3590 inerunt
841 3534 891 3589 in
930 3532 1180 3594 facultate
1210 3547 1330 3605 qua:
1359 3531 1410 3587 in
1444 3532 1598 3593 nobis
1624 3532 1830 3588 obtinet
1862 3533 2010 3603 prin-

434 3631 687 3697 cipatum.

504 3725 556 3780 '5.
600 3723 705 3778 Nec
732 3722 833 3785 hoc
865 3721 1074 3789 Solum,
1106 3718 1201 3775 sed
1233 3719 1392 3775 etiam
1418 3717 1650 3788 gladium
1678 3719 2006 3786 accipiemus

435 3819 686 3887 Spiritus,
718 3827 773 3869 ut
800 3815 853 3869 in
881 3824 1155 3885 posterum
1182 3827 1288 3867 non
1316 3812 1491 3867 solum
1515 3812 1613 3866 tuti
1641 3812 1808 3869 simus
1836 3828 1865 3866 a
1893 3814 2014 3868 telis

432 3926 552 3980 qua!
583 3910 881 3971 mittuntur,
912 3907 1007 3961 sed
1032 3921 1093 3960 ea
1116 3906 1276 3960 etiam
1300 3906 1474 3975 ipsum
1507 3904 2010 3971 feriantdiabolum.

433 4002 627 4055 Anima
654 3998 796 4053 enim
825 4013 944 4067 qua:
964 4012 1071 4051 non
1093 3995 1380 4066 deSperat,
1412 4011 1583 4066 neque
1613 3997 1716 4051 tela
1740 3997 1899 4067 ignita
1926 4012 2014 4052 ac-

433 4091 583 4161 cipit,
612 4105 736 4144 cum
775 4103 961 4158 magna
1004 4087 1165 4142 animi
1214 4087 1488 4142 alacritate
1543 4087 1706 4142 stabit
1758 4087 2014 4142 adversus

432 4182 711 4239 inimicum
733 4222 749 4246 ,
783 4179 1074 4250 perlringet
1106 4180 1206 4232 hoc
1234 4177 1411 4247 gladio
1440 4177 1555 4247 ejus
1582 4177 1854 4237 thoracem
1875 4218 1890 4243 ,
1922 4194 2014 4248 per

433 4290 592 4345 quem
620 4271 883 4341 confregit
909 4280 964 4327 et
987 4270 1102 4340 ejus
1131 4270 1358 4339 cogitata
1403 4270 1607 4340 redegit
1649 4270 1700 4324 in
1736 4272 2014 4340 captivita-

435 4378 544 4421 tem
572 4365 767 4420 Paulus
791 4405 808 4432 ,
840 4363 1234 4433 draconemquc
1255 4361 1567 4417 conscindet
1590 4402 1603 4426 ,
1631 4374 1685 4418 et
1712 4363 1828 4432 ejus
1856 4374 2015 4434 caput

434 4454 763 4525 amputabit.
798 4453 953 4519 Quod
997 4462 1075 4507 est
1109 4452 1324 4511 verbum
1359 4453 1475 4507 Dei.
1506 4456 1614 4509 Aut
1638 4454 1853 4529 jussum
1893 4455 2015 4525 ejus

433 4546 526 4601 hic
553 4547 685 4601 dicit
720 4546 1095 4611 verbtnn,~aut
1126 4553 1479 4615 prtcceptum,
1510 4547 1655 4616 quod
1688 4547 1919 4617 apostoli
1958 4549 2013 4613 in

432 4639 651 4693 nomine
679 4637 804 4690 Jesu
835 4635 1033 4690 Christi
1074 4637 1268 4704 ubique
1300 4637 1556 4691 miracula
1585 4638 1805 4695 edentes
1834 4640 2011 4711 profe-

431 4728 644 4784 rebant.
675 4726 902 4781 Tantum
938 4740 1037 4779 nos
1065 4726 1117 4780 in
1148 4726 1395 4781 omnibus
1420 4728 1800 4797 observemus,
1832 4740 1892 4785 ut
1918 4732 2011 4788 Dei

434 4828 701 4889 prmcepta
728 4817 1091 4873 custodiamus
1118 4836 1131 4870 :
1166 4818 1212 4872 si
1236 4818 1381 4875 enim
1410 4820 1496 4874 illa
1522 4821 1796 4887 faciamus,
1828 4838 1923 4893 per
1948 4840 2011 4882 ca

435 4912 504 4966 de
532 4908 709 4963 medio
754 4909 1001 4963 tollemus
1028 4916 1085 4962 et
1129 4908 1435 4964 occidemus
1482 4911 1653 4981 ipsum
1682 4912 1967 4975 draconem
1994 4956 2010 4983 ,

433 5009 736 5055 tortuosum
778 5010 1109 5068 serpentem.
1155 4998 1251 5055 Hic
1293 5000 1420 5054 mihi
1453 5002 1571 5057 vide
1600 5002 1747 5058 Pauli
1777 5005 2010 5074 pruden-

436 5094 588 5147 tiam.
618 5091 753 5159 Quia
779 5090 923 5146 enim
958 5089 1113 5154 dixit,
1144 5088 1383 5169 Poteritis
1407 5092 1505 5146 tela
1529 5092 1719 5148 diaboli
1746 5096 1893 5167 ignea
1920 5114 2009 5152 ea:-

435 5186 729 5256 stinguere;
758 5199 825 5239 ne
850 5183 993 5252 ipsos
1023 5182 1247 5248 inﬂaret,
1276 5185 1507 5239 ostendit
1528 5201 1621 5241 eos
1644 5190 1873 5241 maxime
1897 5206 2011 5243 oni-

435 5280 582 5333 nium
610 5277 676 5333 ad
706 5276 809 5332 hoc
838 5277 950 5332 Deo
975 5290 1109 5346 Opus
1132 5276 1350 5332 habere.
1376 5278 1513 5344 Quid
1539 5279 1679 5339 enim
1712 5281 1884 5336 dicit?
1908 5282 2011 5337 Per

432 5387 630 5425 omnem
657 5370 933 5423 orationem
955 5377 1001 5421 et
1023 5366 1433 5423 obsecrationem.
1468 5371 1544 5424 Ac
1563 5370 1607 5424 si
1629 5370 1851 5437 diceret,
1886 5372 2010 5429 Haec

432 5473 608 5527 erunt,
642 5471 696 5515 et
721 5470 887 5514 totum
917 5469 1064 5515 recte
1088 5460 1285 5531 geretis
1316 5470 1554 5516 orantes.
1588 5461 1884 5533 Numquam
1911 5481 2007 5521 au-

429 5562 538 5607 tem
568 5553 831 5609 accedens
859 5568 957 5625 pro
985 5562 1035 5608 te
1062 5553 1177 5609 solo
1204 5569 1352 5624 roga,
1383 5564 1438 5609 et
1465 5554 1543 5609 sic
1574 5554 1743 5610 Deum
1786 5556 2008 5613 habebis

429 5646 737 5715 propitium.
778 5644 875 5699 Per
903 5661 1122 5711 omnem,
1154 5644 1358 5714 inquit,
1391 5646 1670 5699 orationem
1695 5658 1743 5699 et
1772 5646 2007 5700 obsecra-

428 5739 613 5793 tionem
636 5747 836 5793 orantes
876 5739 927 5792 in
954 5738 1089 5791 omni
1117 5747 1338 5807 tempore
1378 5739 1431 5792 in
1460 5738 1639 5807 spiritu
1662 5780 1676 5803 ,
1719 5749 1764 5793 et
1810 5740 1880 5793 ad
1914 5741 2007 5796 hoc

434 5829 604 5899 ipsum
631 5829 891 5900 vigilantes
918 5830 971 5883 in
1000 5830 1135 5884 omni
1160 5810 1402 5883 instantia
1420 5872 1435 5897 ,
1466 5838 1511 5883 et
1540 5832 1877 5887 obsecratione
1912 5850 2005 5904 pro

429 5917 662 5990 munibus
683 5921 889 5979 sanctis.
920 5918 1000 5981 Ne
1024 5919 1158 5981 mihi
1182 5918 1407 5979 deﬁnias
1437 5929 1676 5994 tempora
1703 5921 1807 5982 dici
1840 5943 1851 5979 :
1876 5924 2002 5985 audi

2132 590 2273 645 enim
2299 589 2424 660 quid
2446 590 2606 650 dicat.
2630 590 2697 644 In
2720 594 2859 645 omni
2885 601 3104 662 tempore
3131 595 3366 651 accede.
3401 597 3536 651 Sine
3560 600 3720 657 inter-

2129 683 2421 745 missione,
2456 682 2662 752 inquit,
2695 694 2928 738 orantes.
2982 684 3098 741 Non
3140 687 3411 742 audivisti
3463 693 3727 760 quomodo

2130 772 2216 826 illa
2245 771 2400 826 vidua
2442 774 2712 842 superarit
2751 775 3106 829 assiduitate?
3136 793 3248 830 non
3281 778 3547 833 audivisti
3596 785 3724 837 ami-

2128 878 2249 918 cum
2276 864 2418 917 illum
2451 866 2621 918 media
2649 878 2806 919 nocte
2827 882 2919 920 sua
2949 870 3361 935 perseverantia
3394 871 3647 940 impetrat
3661 876 3723 929 is-

2127 955 2227 1008 se?
2256 971 2359 1008 non
2383 957 2629 1010 audivisti
2656 958 2723 1011 de
2752 958 3182 1027 Syrophmnissa,
3215 963 3512 1031 quomodo
3547 982 3719 1034 perpe-

2128 1054 2215 1099 tua
2264 1060 2359 1100 sua
2414 1047 2843 1116 interpellatione
2897 1052 3174 1106 Dominum
3239 1057 3617 1110 evocaverit?
3663 1060 3721 1113 lli

2125 1148 2313 1190 omnes
2346 1136 2695 1206 impetrarunt
2720 1155 2815 1193 sna
2844 1140 3175 1197 assiduitate.
3208 1142 3448 1198 Orontes
3472 1186 3491 1209 ,
3522 1146 3716 1216 inquit,

2124 1224 2178 1278 in
2208 1226 2344 1281 omni
2373 1238 2598 1295 tempore
2625 1229 2677 1282 in
2705 1230 2905 1297 spiritu.
2938 1231 3051 1292 Hoc
3075 1243 3175 1298 est,
3208 1250 3342 1303 qua:
3369 1250 3441 1290 ex
3468 1236 3581 1290 Deo
3606 1248 3720 1304 sntit

2123 1331 2442 1385 quaeramus.
2475 1318 2602 1373 nihil
2633 1320 2975 1387 mundanum,
3010 1324 3141 1378 nihil
3172 1325 3331 1395 quod
3365 1326 3437 1380 ad
3478 1326 3616 1383 hanc
3640 1332 3713 1384 vi-

2126 1418 2230 1470 tam
2262 1412 2544 1478 pertineat.
2575 1411 2693 1466 Non
2721 1413 2896 1468 solum
2922 1430 3073 1485 ergo,
3104 1416 3329 1487 inquit,
3376 1433 3523 1489 Opus
3558 1432 3641 1475 est
3668 1432 3719 1479 ut

2121 1512 2334 1555 oremus
2364 1504 2481 1557 sine
2505 1502 2902 1560 intermissione
2926 1547 2941 1569 ,
2974 1507 3068 1560 sed
3099 1509 3268 1563 etiam
3298 1516 3363 1565 ut
3396 1511 3713 1581 vigilantes;

2122 1586 2191 1641 Et
2217 1592 2284 1653 ad
2310 1591 2402 1644 hoc
2432 1593 2599 1659 ipsum
2626 1633 2642 1659 ,
2691 1594 2882 1665 inquit,
2934 1596 3222 1666 vigilantes.
3257 1599 3399 1655 Sive
3451 1603 3539 1655 hic
3587 1603 3717 1659 dicat

2122 1685 2573 1751 pernoctationes,
2597 1686 2710 1742 sive
2732 1688 2890 1742 etiam
2909 1690 3099 1743 anima:
3118 1691 3510 1755 sobrietatem,
3532 1705 3714 1751 utrum.

2119 1786 2223 1840 que
2248 1773 2491 1829 admitto.
2524 1774 2681 1830 Vides
2702 1778 2970 1846 quomodo
2992 1779 3239 1850 vigilaret
3269 1783 3366 1837 illa
3394 1783 3711 1851 Chattamca,

2120 1873 2175 1919 et
2203 1865 2427 1923 Domino
2461 1881 2568 1923 non
2606 1868 3003 1937 respondente,
3032 1856 3126 1926 sed
3162 1874 3338 1927 etiam
3380 1875 3710 1946 repellente,

2119 1967 2174 2011 et
2220 1972 2337 2012 eam
2380 1974 2568 2015 canem
2605 1960 2925 2030 appellante,
2957 1963 3044 2017 illa
3078 1963 3332 2033 diceret,
3369 1965 3568 2035 Etiam,
3617 1968 3713 2022 Do~

2119 2049 2252 2101 mine
2284 2065 2303 2102 :
2332 2066 2450 2103 nam
2489 2062 2536 2105 et
2580 2052 2753 2105 catelli
2799 2055 3064 2108 comedunt
3101 2073 3164 2109 ea:
3194 2059 3351 2111 micis
3380 2074 3503 2128 qua:
3536 2061 3711 2118 cadunt

2118 2159 2181 2197 ea:
2224 2161 2395 2199 mensa
2438 2147 2755 2203 dominorum
2802 2165 3011 2205 suorum
3058 2151 3278 2219 (Matt/3.
3326 2153 3421 2208 15.
3458 2153 3555 2224 20)
3582 2174 3595 2209 :
3623 2172 3711 2213 nec

2117 2236 2319 2305 destitit
2345 2248 2630 2308 antequam
2662 2252 2945 2311 assequuta
2979 2244 3077 2297 fuit
3105 2248 3485 2314 petitionem?
3516 2260 3571 2305 et
3597 2266 3710 2321 quo-

2116 2329 2278 2384 modo
2307 2330 2462 2385 vidua
2494 2331 2579 2384 illa
2611 2332 2898 2399 clamavit,
2949 2346 3002 2389 et
3048 2337 3251 2392 tamdiu
3305 2344 3706 2409 perseveravit,

2116 2424 2288 2479 donec
2319 2426 2519 2494 pudore
2549 2426 2789 2482 aﬂ‘ecerit
2821 2429 3112 2499 principem
3140 2472 3156 2497 ,
3184 2434 3281 2502 qui
3333 2450 3521 2503 neque
3552 2436 3706 2491 Deum

2118 2518 2380 2582 timebat,
2424 2534 2595 2589 neque
2644 2519 2914 2578 hominem
2964 2522 3299 2578 verebatur?
3333 2534 3392 2579 et
3441 2528 3705 2596 quomodo

2117 2611 2319 2669 amicus
2348 2611 2665 2680 intempesta
2694 2622 2849 2666 nocte
2875 2615 3238 2681 perseveravit
3266 2657 3283 2680 ,
3314 2617 3499 2673 donec
3530 2620 3707 2674 eﬂ'ece-

2116 2706 2187 2761 rit
2212 2715 2269 2761 ut
2298 2707 2579 2777 vigilaret,
2608 2722 2702 2760 sua
2731 2707 3039 2762 assiduitate
3086 2709 3309 2765 incusso
3359 2712 3435 2765 illi
3471 2712 3704 2782 pudore?

2119 2795 2232 2852 Hoc
2259 2807 2339 2853 est
2371 2798 2610 2868 vigilare.
2646 2798 2736 2852 Vis
2777 2798 2984 2853 discere
3023 2800 3256 2870 vigiliam
3288 2804 3492 2857 anima:
3520 2805 3543 2857 ?
3583 2805 3704 2859 vade

2116 2890 2181 2943 ad
2210 2891 2439 2951 Annam,
2465 2900 2519 2945 et
2543 2890 2664 2945 audi
2689 2891 2849 2945 verba
2873 2890 2989 2959 ejus
3014 2910 3026 2945 :
3052 2892 3279 2961 Adonei,
3306 2893 3434 2950 Eloi
3485 2896 3702 2953 Sabaoth

2121 2980 2197 3049 (1.
2228 2979 2356 3051 Reg.
2390 2981 2441 3034 1.
2477 2982 2587 3050 11).
2620 2981 2731 3036 ltno
2763 2997 2891 3036 vero
2917 2982 3038 3036 audi
3080 2999 3198 3053 qua:
3251 2985 3349 3039 illa
3382 2987 3550 3043 verba
3578 3004 3700 3058 pra:-

2118 3082 2413 3136 ccsserunt.
2443 3073 2824 3138 Surrexerunt,
2856 3074 3044 3145 inquit,
3075 3091 3268 3132 omnes
3295 3094 3329 3133 a
3363 3096 3552 3135 mensa
3578 3100 3593 3136 :
3619 3083 3699 3136 illa

2118 3178 2245 3217 vero
2271 3178 2375 3217 non
2405 3162 2469 3216 ad
2496 3178 2742 3217 somnum
2765 3172 2850 3220 est
2877 3180 3136 3221 conversa
3162 3207 3178 3231 ,
3209 3184 3323 3222 non
3353 3169 3423 3224 ad
3450 3172 3696 3239 quietem.

2123 3253 2271 3316 Unde
2302 3254 2429 3307 mihi
2458 3254 2668 3309 videtur
2693 3255 2853 3310 etiam
2884 3256 2936 3309 in
2963 3271 3143 3315 mensa
3176 3258 3397 3315 sedisse
3423 3261 3576 3324 levis.
3608 3277 3698 3316 nec

2118 3346 2240 3400 ullis
2264 3346 2396 3402 cibis
2422 3358 2666 3416 gravata,
2695 3348 2894 3419 alioqui
2923 3365 3030 3405 non
3072 3358 3176 3405 tam
3217 3353 3429 3408 multas
3447 3354 3701 3409 emisisset

2119 3439 2401 3510 lacrymas.
2425 3438 2557 3493 Nam
2579 3440 2623 3493 si
2647 3454 2763 3505 nos,
2787 3455 2907 3497 cum
2931 3455 3113 3497 sumus
3129 3442 3328 3512 jejuni,
3354 3446 3445 3499 vix
3469 3461 3696 3511 oramus,

2118 3533 2227 3587 imo
2278 3547 2407 3587 vero
2449 3548 2523 3591 ne
2558 3533 2638 3587 sic
2681 3533 2898 3603 quidem
2949 3549 3200 3605 umquam
3241 3550 3516 3593 oramus:
3543 3538 3699 3593 multo

2118 3623 2288 3695 magis
2320 3625 2408 3679 illa
2446 3634 2566 3694 post
2594 3641 2834 3681 mensam
2878 3642 2984 3681 non
3024 3637 3258 3695 orasset,
3312 3630 3418 3686 nisi
3454 3630 3612 3685 etiam
3648 3632 3695 3683 in

2116 3732 2302 3772 mensa
2342 3716 2529 3772 fuisset
2557 3719 2749 3773 similis
2770 3718 3162 3788 jejunantibus.
3194 3721 3309 3778 Nos
3336 3724 3484 3778 viros
3508 3722 3697 3793 pudore

2117 3809 2390 3863 sullundat
2416 3810 2531 3865 haec
2552 3811 2780 3874 mulier;
2812 3826 2909 3866 nos
2935 3812 3131 3881 pudeat
3150 3814 3242 3883 qui
3263 3830 3367 3883 pro
3393 3830 3559 3886 regno
3578 3830 3695 3884 snp-

2118 3899 2378 3969 plicamus
2403 3912 2459 3955 et
2486 3903 2800 3969 oscitamus,
2832 3903 2974 3972 quod
2996 3918 3059 3957 ea
3087 3914 3204 3959 oret
3239 3921 3343 3975 pro
3370 3906 3480 3963 ﬁlio
3506 3915 3561 3963 et
3586 3905 3698 3961 fun-

2118 3990 2212 4045 dat
2237 3992 2517 4063 lacrymas.
2550 3991 2614 4045 Et
2635 3994 2786 4058 stetit,
2817 3993 3006 4064 inquit,
3034 4011 3201 4053 coram
3225 3995 3477 4065 Domino,
3505 4007 3558 4054 et
3578 3995 3694 4068 quid

2120 4083 2290 4138 dicit?
2316 4083 2516 4135 Adonai
2548 4082 2781 4145 Domine,
2813 4082 2934 4138 Eloi
2963 4085 3193 4139 sabaotlt.
3228 4088 3285 4147 Id
3318 4099 3401 4143 est
3430 4100 3624 4153 autent,
3651 4088 3691 4143 si

2121 4174 2509 4244 interpreteris,
2542 4174 2765 4230 Domine
2790 4176 2931 4231 Deus
2954 4176 3203 4233 virtutum
3225 4192 3326 4234 seu
3349 4182 3691 4239 exercituum.

2120 4266 2375 4337 Linguam
2424 4267 2823 4336 praecurrebam
2866 4268 3161 4341 lacrymze;
3208 4272 3296 4327 his
3347 4273 3596 4343 sperabat
3630 4286 3687 4325 se

2120 4360 2287 4415 Deum
2309 4374 2429 4417 esse
2452 4360 2728 4417 flexuram.
2750 4360 2851 4416 Ubi
2871 4373 2993 4417 sunt
3014 4364 3281 4434 lacrymaz,
3310 4368 3531 4422 ontniuo
3544 4365 3692 4421 etiam

2121 4450 2234 4505 illic
2262 4461 2343 4505 est
2367 4451 2586 4508 afﬂictio
2612 4469 2626 4506 :
2651 4452 2739 4508 ubi
2765 4461 2942 4509 autem
2970 4465 3053 4509 est
3080 4456 3325 4521 alllictio,
3358 4458 3470 4512 illic
3491 4468 3692 4526 quoque

2120 4552 2203 4598 cst
2233 4543 2394 4598 multa
2424 4544 2760 4615 philosophia
2787 4556 2841 4601 et
2869 4549 3113 4603 attentio.
3153 4550 3214 4605 Si
3238 4552 3477 4615 audiens,
3506 4549 3685 4617 inquit,

2121 4639 2365 4697 exaudias
2389 4641 2667 4695 orationem
2692 4641 2892 4696 ancilla:
2921 4653 3039 4707 tute,
3065 4652 3115 4697 et
3143 4643 3345 4700 dederis
3372 4645 3496 4698 mihi
3514 4642 3686 4713 ﬁlium,

2120 4730 2250 4785 dabo
2279 4732 2449 4797 ipsum
2497 4730 2717 4786 Domino
2748 4742 2851 4786 toto
2895 4744 3142 4804 tempore.
3190 4736 3307 4791 Non
3336 4736 3505 4801 dixit,
3543 4736 3689 4787 Anno

2120 4838 2248 4884 uno,
2275 4832 2367 4877 aut
2396 4823 2603 4879 duobus
2629 4867 2643 4888 ,
2685 4824 2826 4879 sicut
2866 4840 3000 4892 nos;
3034 4840 3136 4882 nec
3165 4828 3338 4896 dixit,
3386 4828 3443 4883 Si
3484 4822 3683 4881 dederis

2119 4916 2251 4971 mihi
2280 4917 2449 4970 lilium
2474 4957 2489 4978 ,
2518 4916 2588 4970 do
2616 4917 2905 4987 pecunias;
2935 4918 3061 4981 sed.
3091 4918 3270 4988 Ipsum
3300 4920 3500 4975 donum
3529 4913 3682 4970 reddo

2119 5009 2407 5080 integrum,
2445 5009 2857 5078 primogenitum
2878 5051 2893 5073 ,
2923 5010 3183 5064 orationis
3211 5010 3402 5065 tilium.
3432 5008 3555 5064 Haec
3581 5004 3677 5057 ﬁlia

2119 5108 2235 5155 erat
2282 5098 2532 5153 Abraluc.
2588 5098 2681 5154 llle
2724 5108 2902 5155 autem
2950 5111 3164 5171 rogatus
3196 5117 3317 5155 eum
3345 5099 3529 5161 dedit;
3573 5094 3675 5164 ipsa

2118 5206 2247 5249 vero
2267 5190 2413 5251 dedit
2433 5189 2592 5245 etiam
2613 5199 2736 5245 ante
2758 5191 3088 5260 petitionem.
3111 5192 3216 5249 Sed
3244 5192 3369 5246 hinc
3387 5192 3541 5246 etiam
3565 5183 3676 5242 vide

2120 5282 2237 5351 ejus
2261 5282 2531 5350 pietatem.
2569 5279 2679 5334 νοω
2701 5282 2831 5351 ejus,
2857 5280 3047 5350 inquit,
3071 5299 3173 5337 non
3196 5282 3528 5344 audiebatur;
3553 5276 3676 5330 lalua

2118 5384 2285 5427 autem
2318 5374 2425 5442 ejus
2450 5373 2793 5426 movebantur.
2824 5372 2914 5427 Sic
2942 5372 3149 5428 accedit
3177 5374 3243 5428 ad
3272 5374 3434 5428 Deum
3460 5368 3545 5439 qui
3570 5364 3671 5416 vult

2121 5467 2408 5536 impetrare
2431 5506 2444 5527 ,
2474 5481 2578 5518 non
2608 5465 2787 5518 mollis
2812 5474 2867 5518 et
2907 5464 3129 5535 ignavus
3155 5506 3172 5534 ,
3203 5481 3375 5537 neque
3422 5462 3669 5516 oscitans.

2120 5572 2221 5612 nec
2246 5554 2568 5618 dissolutus,
2603 5570 2775 5625 neque
2816 5570 2875 5610 se
2903 5555 3097 5612 fricans
3123 5598 3138 5623 ,
3168 5574 3340 5629 neque
3382 5564 3586 5623 torpens
3612 5558 3664 5599 ac

2119 5647 2416 5719 negligens.
2470 5647 2663 5700 Annon
2714 5646 2856 5700 enim
2905 5656 3113 5715 poterat
3159 5647 3288 5703 dare
3342 5648 3479 5702 Deus
3519 5639 3667 5696 etiam

2118 5739 2321 5808 absque
2342 5737 2627 5792 oratione?
2654 5751 2722 5791 an
2750 5736 3025 5792 nesciebat
3047 5738 3206 5794 etiam
3230 5748 3356 5795 ante
3379 5734 3663 5808 petitionem

2118 5830 2359 5885 mulieris
2379 5827 2742 5885 desiderium?
2770 5827 2866 5883 sed
2892 5827 2935 5883 si
2960 5828 3193 5886 dedisset
3214 5840 3336 5885 ante
3357 5823 3667 5900 petitionem.

2118 5938 2225 5983 non
2256 5922 2591 5994 apparuisset
2618 5920 2859 5980 mulieris
2888 5922 3051 5979 animi
3073 5924 3342 5994 alacritas,
3380 5934 3479 5975 non
3506 5910 3674 5968 luisset
