3878 6506
182 390 279 445 ΠΙ

167 507 282 569 τοῖς
307 504 489 567 πόνοις
505 502 605 574 τὴν
620 504 810 561 ἐλπίδα
834 504 1269 576 προϐαλλόμενος
1292 506 1387 561 καὶ
1412 506 1510 578 τὴν
1533 505 1733 569 πίστιν,

166 593 580 664 ἀτρωταέκεῖνα
589 591 744 662 διατη
753 594 881 662 ρήσε
891 610 955 655 ις.
981 594 1162 647 ιιιστε
1170 592 1307 647 ὗσαι
1324 593 1421 647 δεῖ
1432 593 1537 647 τὸν
1550 607 1739 661 προσ-

1058 390 1126 445 IN
1161 391 1382 451 EPIST.
1412 392 1504 447 AD
1539 390 1785 448 EPHES.
1826 392 1981 448 CAP.
2014 392 2100 447 Vl.
2132 394 2363 450 HOMIL.
2404 395 2594 450 XXIV.

3306 402 3439 458 Πει-Δ

1850 506 2016 561 Θεοῦ.
2064 507 2245 577 Ῥἧμα
2291 509 2426 562 Θεοῦ
2475 510 2594 580 ἦτοι
2640 508 2702 562 τὸ
2749 510 3075 581 πρόσταγμά
3119 528 3287 581 φησιν
3326 515 3414 569 ἐν-

1842 593 2034 660 ταῦθα,
2075 596 2107 664 ἢ
2140 597 2200 648 τὸ
2229 596 2504 666 κέλευσμα
2527 614 2542 628 ο
2572 598 2709 668 ὅπερ
2742 598 2837 652 καὶ
2876 599 2924 650 οί
2957 599 3240 653 ἀπόστολοι
3276 600 3414 657 θαυο

164 684 496 762 ερχόμενον
524 680 604 747 τῷ
635 679 775 745 Θεῷ,
804 682 893 735 ὅτι
922 681 1079 747 ἔστι,
1118 682 1220 739 καί
1246 683 1371 747 τοῖς
1389 682 1742 750 ἐκζητοῦσιν
1844 681 2274 751 ματουργοῦντες
2305 683 2581 754 πανταχοῦ
2611 687 2669 739 ἐν
2695 684 2774 756 τῷ
2802 685 3027 756 ὀνόματι
3067 688 3242 759 Ἰησοῦ
3268 691 3407 761 Χρι-

163 768 356 823 αὑτὸν
364 767 817 837 μισθαποδότης
835 768 1083 837 γίνεται.
1127 768 1189 822 Ἡ
1206 770 1383 833 πίστις
1405 769 1595 840 θυρεός
1622 770 1739 822 ἐστι
1841 767 1967 821 στοῦ
1998 769 2204 837 ἔλεγον.
2240 771 2416 825 Μόνον
2444 773 2538 825 καὶ
2576 773 2735 842 ἡμεῖς
2768 774 2827 825 ἐν
2858 775 2991 827 πᾶσι
3030 775 3101 828 τὰ
3134 778 3413 846 προστάγ-

167 858 388 911 σκέπων
421 858 547 920 τοὺς
582 858 928 927 ἀπεριέργως
956 857 1309 921 πιστεύοντας
1328 874 1342 889 ·
1375 858 1471 909 ἐὰν
1501 856 1557 910 δέ
1586 856 1737 926 σοφία

168 963 353 1016 σματα
428 946 526 1000 καὶ
558 945 808 1016 λογισμοὶ
836 947 932 999 καὶ⁹
971 938 1214 1008 εὐθῦναι,
1248 946 1348 999 οὐκ
1380 945 1461 999 ἔτι
1493 945 1614 997 ἐστὶ
1641 944 1736 998 θυ-

166 1034 313 1104 ρεὸς,
350 1033 486 1088 ἀλλά
519 1032 836 1103 συμποδίζει
862 1035 1029 1105 ἡμᾶς.
1051 1033 1287 1104 Τοιαύτη
1311 1033 1450 1087 ἔστω
1479 1034 1513 1103 ή
1534 1031 1734 1099 πίστις,

162 1117 307 1171 ῶστε
340 1118 741 1189 συγκαλύπτειν
760 1119 855 1173 καὶ
873 1121 1187 1185 συσκιάζειν
1209 1120 1270 1174 τὸ
1291 1121 1421 1175 πᾶν.
1445 1120 1537 1189 Μὴ
1558 1120 1737 1173 τοίνυν

163 1204 309 1260 ἔστω
354 1207 605 1278 βραχεῖα,
630 1206 771 1261 ὥστε
801 1209 1041 1278 γυμνοὺς
1072 1208 1199 1272 τοὺς
1244 1207 1433 1273 πόδας,
1460 1207 1497 1277 ἢ
1522 1207 1648 1262 ἄλλο
1682 1224 1737 1260 τι

165 1300 334 1371 μέρος
370 1300 489 1370 ἐᾷν,
514 1299 630 1353 ἀλλ’
654 1298 791 1353 ἔστω
814 1299 1128 1370 σύμμετρος
1155 1298 1184 1350 ὁ
1213 1299 1423 1370 θυρεός.
1457 1302 1735 1365 H81:va-

156 1386 332 1458 μένα.
372 1386 567 1440 Πολλοὶ
592 1386 701 1457 γὰρ
743 1387 1085 1458 διαλογισμοὶ
1117 1387 1213 1458 τὴν
1253 1386 1432 1457 ψυχὴν
1467 1385 1732 1452 καίοντες,

161 1476 360 1528 πολλαὶ⁵
381 1475 628 1545 ἀπορίαι,
652 1474 844 1528 πολλαὶ
869 1475 1194 1546 ἀμηχανίαι,
1212 1475 1349 1528 ἀλλά
1371 1474 1548 1527 πάντα
1565 1474 1735 1537 ὅντως

159 1564 196 1633 ή
226 1564 411 1626 πίστις
442 1562 735 1616 ἀναπαύει.
771 1561 948 1615 Πολλά
975 1563 1183 1633 ἐνίησιν
1211 1563 1240 1614 ό
1275 1561 1735 1630 διάϐολος,ἐμπυ-

156 1651 333 1725 ρίζων
359 1651 514 1723 ήμῶν
531 1651 631 1722 τὴν
654 1650 855 1723 ψυχὴν,
879 1651 973 1703 καὶ
999 1652 1079 1715 εἰς
1103 1650 1433 1722 ἀμφιϐολίαν
1457 1650 1627 1718 ἄγων,
1655 1648 1730 1713 ώς

152 1739 677 1809 ὅτανλὲγωσίτινες·
694 1736 842 1811 Ἀρα
870 1739 1168 1803 ἀνάστασις
1190 1741 1367 1805 έστιν;
1389 1735 1498 1810 ἆρα
1517 1737 1729 1810 κρίσις;

153 1824 277 1898 ἄρα
308 1827 688 1894 ὰνταπόδοσιςς
734 1827 872 1880 Ἀλλ’
902 1827 997 1881 ἐὰν
1026 1827 1117 1881 τὸν
1150 1827 1341 1897 θυρεὸν
1368 1829 1467 1897 τῆς
1492 1825 1730 1888 πίστεως

151 1914 328 1988 ἔχῃς,
372 1914 583 1977 σϐέσεις
624 1916 683 1968 ἐν
716 1915 855 1986 αὐτῇ
888 1914 958 1967 τα
992 1914 1119 1985 βέλη
1153 1913 1247 1967 τοῦ
1281 1913 1550 1967 διαϐόλου.
1594 1912 1725 1965 Ἑπ-

149 2002 325 2073 ῆλθεν
346 2003 545 2068 ἄτοπός
564 2020 650 2067 τις
681 2004 738 2056 ἐν
768 2003 851 2055 σοὶ
879 2001 1165 2072 ἐπιθυμία,
1192 2001 1404 2073 ἀνήφθη
1434 2000 1546 2071 πῦρ
1581 1999 1730 2053 ἔνδον

151 2092 418 2162 πονηρῶν
446 2089 724 2162 λογισμῶν
749 2106 765 2156 ;
805 2088 1087 2160 Προϐαλοῦ
1118 2090 1217 2159 τὴν
1245 2088 1428 2141 πίστιν
1456 2088 1566 2140 τῶν
1596 2086 1728 2156 μελ-

150 2179 358 2232 λόντων
387 2178 635 2247 ἀγαθῶν,
672 2177 767 2230 καὶ
796 2176 917 2230 οὐδὲ
952 2179 1223 2246 φανεῖται,
1267 2174 1384 2229 ἀλλ’
1423 2174 1726 2229 ἀπολεῖται.

152 2267 363 2323 Πάντα
390 2269 468 2321 τὰ
503 2267 661 2335 ,βέλη
684 2284 699 2300 ·
738 2266 800 2319 ού
837 2264 908 2319 τά
938 2266 1035 2335 μὲν
1072 2266 1181 2332 ναὶ,
1210 2264 1279 2317 τὰ
1324 2264 1380 2317 δὲ
1409 2262 1490 2317 οῦ.
1531 2264 1730 2317 Ἄκουε

150 2354 252 2409 τοῦ
273 2354 497 2409 Παύλου
528 2354 777 2424 λέγοντος
800 2367 813 2380 '
838 2351 1151 2423 Λογίζομαι
1173 2354 1302 2421 γὰρ,
1342 2351 1431 2405 ὅτι
1451 2354 1559 2405 οὐκ
1590 2350 1733 2415 ἄξια

146 2446 223 2497 τὰ
244 2444 570 2513 παθήματα
586 2444 690 2499 τοῦ
705 2444 822 2498 νῦν
845 2443 1054 2511 καιροῦ
1075 2444 1224 2511 πρὸς
1244 2442 1360 2511 τὴν
1375 2441 1733 2513 μέλλουσαν

149 2532 353 2596 δόξαν
381 2532 883 2601 ἀποκαλυφθῆναι
904 2535 989 2599 εὶς
1015 2532 1191 2601 ἡμᾶς.

234 2616 405 2687 Ὁρᾷς
440 2617 581 2669 πόσα
626 2616 754 2687 βέλη
794 2616 914 2668 τότε
948 2616 1178 2668 ἔσϐεσαν
1220 2615 1269 2668 οἱ
1293 2613 1525 2679 δίκαιοι;
1564 2612 1635 2665 Ἣ
1667 2613 1731 2666 ού

143 2704 301 2758 δοκεῖ
347 2720 431 2757 σοι
460 2703 610 2774 βέλος
653 2700 794 2756 εῖναι
837 2703 1232 2774 πεπυρωμένον
1263 2702 1325 2755 τὸ
1354 2701 1605 2756 καίεσθαι
1639 2700 1730 2755 τὸν

144 2792 505 2863 πατριάρχην
524 2790 598 2860 τῷ
621 2790 767 2843 ἔνδον
789 2809 860 2843 πυ
868 2790 922 2862 ρί
941 2791 1032 2845 τὸν
1054 2792 1171 2845 υἱὸν
1194 2791 1598 2863 προσφέροντα;
1620 2790 1733 2844 Καὶ

146 2878 304 2935 ἄλλοι
333 2880 392 2931 δὲ
439 2879 635 2931 δίκαιοι
680 2878 856 2932 πάντα
894 2878 1058 2931 αὑτοῦ
1098 2878 1168 2931 τά
1207 2878 1336 2949 βέλη
1371 2878 1728 2932 κατέσϐεσαν.

152 2969 261 3021 Ἀν
287 2984 351 3020 τε
397 2964 489 3020 οὖν
527 2967 777 3037 λογισμοὶ
806 2966 1322 3037 ἐπιστρατεύωνται,
1364 2965 1567 3037 ταύτην
1594 2983 1730 3035 προ-

144 3056 473 3127 ϐαλώμεθα,
498 3056 564 3110 ἄν
593 3074 653 3110 τε
686 3057 974 3127 ἐπιθυμίαι
1002 3056 1216 3121 ἄτοποι,
1241 3054 1415 3126 ταύτῃ
1446 3055 1728 3125 χρώμεθα,

143 3144 213 3199 ἄν
248 3161 309 3197 τε
338 3144 491 3197 πόνοι
526 3145 623 3198 καὶ
654 3145 1049 3216 ταλαιπωρίαι,
1078 3144 1171 3197 ἐπὶ
1200 3143 1403 3215 ταύτην
1429 3142 1728 3197 ἀναπαυώ-

150 3234 301 3303 μεθα
323 3251 338 3264 ·
371 3233 585 3285 πάντων
628 3231 737 3285 τῶν
776 3232 954 3286 ὅπλων
996 3230 1134 3302 αὕτη
1172 3232 1289 3284 ἐστὶ
1327 3230 1726 3302 φυλακτήριον·
1762 3243 1765 3248 ’

144 3320 220 3373 ἂν
254 3320 332 3391 μὴ
368 3319 565 3390 ταύτην
595 3318 827 3390 ἔχωμεν,
863 3320 1091 3373 κάκεῖνα
1125 3319 1334 3389 ταχέως
1362 3318 1729 3389 τρωθήσεται.
1775 3340 1780 3344 ·

157 3408 297 3460 Ἐπὶ
322 3405 492 3472 πᾶσι,
512 3407 697 3478 φησὶν,
724 3406 1131 3472 ἀναλαϐόντες
1150 3406 1257 3460 τόν
1271 3405 1486 3475 θυρεὸν
1506 3404 1617 3475 τῆς
1634 3406 1732 3459 πί-

142 3510 371 3561 στεως.
399 3495 464 3546 Τί
493 3497 667 3560 ἐστιν,
704 3493 835 3548 Ἐπί
856 3491 1007 3549 πᾶσι
1025 3510 1044 3558 ;
1064 3494 1171 3547 Καὶ
1195 3494 1253 3548 ἐν
1271 3496 1340 3564 τῇ
1363 3492 1604 3565 ἀληθείᾳ,
1634 3492 1729 3546 καὶ

138 3584 207 3636 ἐν
231 3585 301 3653 τῇ
320 3581 659 3654 δικαιοσύνῃ,
677 3582 771 3636 καὶ
788 3583 846 3635 ἐν
863 3584 932 3653 τῇ
948 3580 1235 3653 ἑτοιμασίᾳ
1256 3579 1351 3635 τοῦ
1370 3578 1726 3648 Εύαγγελίου.

138 3669 437 3735 Τουτέστι,
487 3668 691 3741 ταύτης
737 3668 916 3722 πάντα
956 3667 1129 3722 ταῦτα
1166 3666 1378 3739 χρῄζει.
1421 3666 1521 3720 Διά
1569 3664 1729 3718 τοῦτο

136 3759 427 3827 ἐπήγαγε⁸
453 3757 562 3811 Καὶ
585 3756 696 3824 τὴν
710 3755 1182 3825 περικεφαλαίαν
1194 3754 1301 3809 τοῦ
1318 3754 1613 3822 σωτηρίου
1634 3753 1731 3807 δέ·-

137 3846 377 3912 ξασθε,
409 3846 707 3909 τουτέστιν,
741 3846 799 3899 ἐν
831 3844 1101 3916 ἀσφαλείᾳ
1128 3843 1316 3896 λοιπὸν
1352 3841 1603 3911 γενέσθαι
1640 3842 1731 3897 διὰ

135 3932 359 4002 ταύτης
406 3931 735 4003 δυνήσεσθε,
782 3932 875 3987 καὶ
927 3931 1102 3985 πάντα
1145 3929 1388 3984 κίνδυνον
1446 3931 1724 3999 ἐκφυγεῖν.

137 4017 425 4088 Καθάπερ
458 4018 568 4090 γὰρ
594 4020 628 4089 ή
659 4018 1057 4089 περικεφαλαία
1077 4016 1340 4071 πάντοθεν
1365 4017 1607 4088 ἀκριϐῶς
1632 4035 1727 4071 κα-

137 4108 432 4161 λύπτουσα
462 4107 563 4179 τήν
592 4108 849 4178 κεφαλὴν,
882 4108 982 4161 οὐκ
1018 4106 1207 4176 ἀφίησί
1236 4124 1289 4161 τι
1315 4106 1485 4161 δεινὸν
1512 4107 1725 4173 παθεῖν,

137 4196 290 4250 ἀλλὰ
319 4195 520 4260 σώζει·
550 4195 692 4249 οὕτω
714 4198 807 4249 καὶ
834 4196 869 4266 ή
901 4196 1085 4257 πίστις
1117 4194 1241 4250 ἀντὶ
1273 4193 1469 4265 θυρεοῦ
1495 4194 1725 4263 γίνεται,

141 4285 249 4337 καὶ
275 4285 401 4338 ἀντί¹
422 4284 855 4354 περικεφαλαίας
882 4282 1174 4355 σωτηρίου.
1206 4283 1302 4336 Ἂν
1329 4283 1610 4353 σϐέσωμεν
1632 4283 1728 4337 αύ-

138 4371 251 4425 τοῦ
290 4372 361 4425 τά
412 4372 560 4443 βέλη.
595 4372 801 4443 ταχέως
833 4372 1083 4435 καὶτοὺς
1122 4370 1393 4435 σώζοντας
1432 4370 1727 4442 λογισμοὺς

145 4456 429 4527 δεξόμεθα
443 4460 568 4522 τοὺς
590 4459 651 4511 τὸ
676 4458 999 4531 ἡγεμονικὸν
1019 4458 1176 4529 ήμῶν
1202 4458 1303 4511 ούκ
1316 4458 1519 4521 ἐῶντάς
1546 4476 1599 4512 τι
1624 4475 1731 4512 πα-

146 4545 301 4597 θεῖν.
342 4544 466 4598 Ἐἀν
486 4546 592 4618 γὰρ
614 4539 760 4600 οῦτοι
785 4544 1143 4600 σϐεννύωνται
1164 4547 1214 4597 οἱ
1232 4545 1488 4615 ’λογισμοὶ
1510 4546 1559 4598 οί
1576 4547 1728 4599 ἐναν-

139 4633 283 4697 τίοι,
303 4633 509 4701 ταχέως
533 4634 583 4687 οί
618 4633 693 4705 μὴ
720 4633 971 4698 τοιοῦτοι,
1001 4630 1137 4687 ἀλλά
1167 4630 1431 4696 σώζοντες
1460 4634 1605 4703 ἡμᾶς
1633 4634 1729 4686 καὶ

132 4720 439 4785 εὐέλπιδας
474 4720 847 4785 ποιοῦντες,ἐν
868 4723 1001 4791 ἡμῖν
1029 4720 1402 4793 τεχθήσονται,
1435 4721 1529 4774 καὶ
1558 4721 1727 4775 καθά-

128 4825 253 4878 περ
293 4808 698 4878 περικεφαλαία
744 4810 809 4879 τῇ
849 4808 1079 4880 κεφαλῇ,
1109 4808 1189 4878 τῷ
1218 4809 1529 4880 ἡγεμονικῷ
1570 4796 1726 4879 ήμῶν

126 4896 515 4964 ἐγκείσονται.

210 4989 291 5050 γ’.
318 4980 478 5054 [185]
498 4984 605 5035 Καὶ
622 4983 681 5035 ού
698 4983 856 5035 τοῦτο
881 4984 1061 5053 μόνον,
1081 4983 1214 5037 ἀλλά
1229 4984 1321 5038 καὶ
1335 4986 1431 5057 τὴν
1453 4988 1726 5059 μάχαιραν

124 5069 419 5141 δεξόμεθα
446 5070 543 5123 τοῦ
578 5070 911 5142 Πνεύματος,
944 5070 1084 5124 ὥστε
1118 5071 1315 5142 μηκέτι
1337 5074 1725 5142 ἀσφαλίζεσθαι

128 5160 356 5227 μόνον*
391 5158 461 5210 τά
492 5158 838 5228 πεμπόμενα,
872 5158 1009 5212 ἀλλὰ
1048 5160 1140 5213 καὶ
1172 5159 1333 5212 αὐτὸν
1354 5160 1605 5231 πλήττειν
1635 5164 1725 5217 τὸν

124 5246 420 5300 διάϐολον.
460 5246 624 5316 Ψυχὴ
680 5248 785 5317 γὰρ
841 5248 914 5317 μὴ
953 5246 1265 5314 ἀπογνοῦσα
1312 5249 1531 5318 ἑαυτῆς,
1593 5252 1726 5321 μηδὲ

124 5333 415 5404 δεχομένη
464 5332 535 5387 τὰ
591 5336 965 5405 πεπυρωμένα
1003 5335 1154 5404 βέλη,
1208 5337 1345 5404 μετά
1396 5336 1593 5406 πολλῆς
1627 5342 1727 5409 τῆς

123 5421 465 5491 προθυμίας
488 5422 744 5491 στήσεται
769 5421 911 5476 κατά
933 5422 1026 5475 τοῦ
1048 5422 1298 5493 Ἐχθροῦ,
1316 5424 1605 5495 ἀναῤῥήξει
1629 5427 1728 5480 αύ-

119 5512 224 5563 τοῦ
256 5509 366 5562 τὸν
398 5508 625 5579 θώρακα
665 5512 731 5579 τῇ
766 5508 1005 5580 μαχαίρᾳ
1039 5508 1231 5581 ταύτην
1271 5510 1337 5564 δι’
1365 5508 1433 5582 ἧς
1464 5514 1729 5585 ἀνέρῥηξε

122 5600 224 5652 καὶ
258 5598 348 5651 τὰ
381 5597 632 5666 νοήματα
676 5596 841 5650 αὑτοῦ
868 5596 1259 5668 ᾐχμαλώτευσε
1298 5598 1541 5664 Παῦλοςο
1590 5603 1726 5655 ἀπο-

120 5692 297 5760 τεμεῖ
338 5687 438 5739 καὶ
471 5688 845 5758 καρατομήσει
876 5688 969 5741 τὸν
991 5688 1275 5760 δράκοντα.
1304 5689 1377 5743 Ὅ
1405 5690 1535 5744 ἐστι
1561 5690 1729 5760 ῥῆμα

186 5833 216 5863 ⁸
243 5831 323 5881 Su
332 5830 608 5892 pp‘cndum
631 5832 695 5887 εἰς
719 5830 796 5880 vel
817 5830 946 5893 πρός.

1841 874 1989 926 ματα
2018 858 2113 910 τοῦ
2147 858 2282 911 Θεοῦ
2306 859 2652 930 διατηρῶμεν
2672 878 2686 892 ·
2718 860 2815 914 ἐὰν
2842 862 2949 932 γὰρ
2979 863 3220 935 ποιῶμεν
3246 865 3411 932 αὐτὰ,

1837 945 1926 999 διά
1951 946 2158 1000 τούτων
2202 948 2365 1003 αὑτὸν
2394 948 2690 1019 ἀνελοῦμεν
2716 951 2811 1004 καὶ
2838 952 3135 1023 κτενοῦμεν
3158 954 3250 1007 τὸν
3282 955 3413 1025 δρά-

1835 1050 2020 1097 κοντα,
2050 1036 2145 1088 τὸν
2176 1036 2297 1105 ὅφιν
2326 1037 2416 1089 τὸν
2443 1037 2673 1093 σκολιόν.
2706 1039 2815 1092 Καὶ
2845 1041 3038 1094 σκόπει
3070 1059 3160 1111 μοι
3196 1042 3421 1097 σύνεσινε

1836 1121 2070 1176 ἐνταῦθα
2095 1123 2188 1177 τοῦ
2227 1124 2460 1181 Παύλου.
2510 1126 2728 1196 Ἐπειδὴ
2759 1127 2868 1197 γάρ
2887 1124 3029 1194 εἶπε,
3059 1130 3411 1197 Δυνήσεσθε

1835 1209 1907 1263 τὰ
1920 1211 2081 1277 ,βέλη
2104 1210 2210 1265 τοῦ
2232 1211 2514 1268 διαϐόλου
2539 1213 2615 1267 τὰ
2639 1215 3034 1284 πεπυρωμένα
3058 1215 3293 1282 σϐέσαι,
3322 1218 3411 1272 ἴνα

1837 1296 1919 1368 μὴ
1951 1298 2150 1362 αὐτοὺς
2194 1301 2433 1370 φυσήσῃ,
2464 1299 2700 1353 δείκνυσι
2746 1302 2981 1371 μάλιστα
3026 1302 3244 1355 πάντων
3272 1304 3411 1374 πρὸς

1834 1383 1999 1438 τοῦτο
2022 1385 2123 1440 τοῦ
2152 1385 2288 1440 Θεοῦ
2314 1386 2620 1457 δεομένους.
2652 1390 2716 1441 Τί
2744 1388 2853 1459 γάρ
2879 1406 3013 1458 φησι
3038 1405 3053 1454 ;
3083 1390 3184 1443 Διὰ
3204 1391 3411 1457 πάσης

1831 1472 2183 1542 προσευχῆς
2205 1474 2303 1527 καί
2333 1473 2615 1541 δεήσεως.
2642 1475 2788 1529 Ὠσεὶ
2818 1476 3005 1544 ἔλεγεν
3022 1475 3205 1529 Ταῦτα
3235 1477 3408 1541 ἐσται,

1832 1561 1928 1615 καί¹
1947 1560 2324 1631 κατορθώσετε
2354 1562 2414 1616 τὸ
2436 1564 2543 1616 πᾶν
2570 1564 2998 1634 προσευχόμενοι
3018 1580 3032 1594 ’
3064 1565 3333 1635 μηδέποτε
3351 1566 3410 1620 δὲ

1832 1646 2096 1716 προσιὼν,
2142 1648 2285 1719 ὑπὲρ
2320 1649 2518 1702 σαυτοῦ
2568 1650 2731 1719 μόνου
2778 1651 2955 1715 ἀξίου,
2990 1652 3086 1705 καὶ
3127 1651 3272 1706 οὕτω
3316 1654 3417 1706 τὸν

1832 1735 1964 1789 Θεὸν
1992 1737 2148 1790 ῖλεων
2173 1736 2337 1801 ἕξεις.
2365 1737 2471 1791 Διὰ
2488 1737 2712 1804 πάσης,
2745 1740 2901 1809 φησὶ,
2929 1740 3280 1809 προσευχῆς
3307 1743 3408 1795 καί

1832 1822 2095 1890 δεήσεως
2118 1825 2588 1895 προσευχόμενοι
2612 1825 2682 1879 ἐν
2701 1826 2880 1879 παντί
2903 1825 3106 1895 καιρῷ,
3140 1828 3211 1880 ἐν
3229 1829 3415 1883 πνεύ-

1827 1927 1987 1981 ματι,
2024 1911 2126 1965 καὶ
2149 1914 2239 1978 εὶς
2274 1912 2421 1966 αὐτὸ
2449 1912 2625 1967 τοῦτο
2661 1914 3112 1981 άπρυπνοῦντες
3150 1915 3221 1968 ἐν
3247 1915 3415 1985 πάσῃ

1831 1998 2367 2068 προσκαρτερήσει,
2407 1999 2508 2054 καὶ
2555 1999 2762 2069 δεήσει
2805 2002 2939 2069 περὶ
2991 2002 3238 2057 πάντων
3288 2002 3409 2056 τῶν

1831 2087 2037 2156 ἁγίων.
2070 2088 2161 2157 Μή
2189 2106 2277 2158 μοι
2296 2090 2521 2163 καιροὺς
2542 2089 2691 2159 ὃριζε
2717 2090 2815 2159 τῆς
2838 2090 3050 2160 ἡμέρας
3070 2105 3082 2118 ³
3105 2091 3268 2145 ἄκουε
3297 2090 3420 2161 γὰρ.

1830 2175 1883 2227 τί
1912 2191 2107 2247 φησιν’
2152 2177 2255 2231 Ἐν
2280 2178 2461 2231 παντὶ
2492 2175 2675 2245 καιρῷ
2708 2178 2949 2248 πρόσιθι.
3001 2178 3405 2244 Ἀδιαλείπτως,

1832 2263 1986 2333 φησὶ,
2017 2264 2470 2335 προσευχόμενοι.
2514 2265 2628 2318 Ούκ
2659 2264 2898 2335 ἤκουσας
2930 2266 3029 2335 τῆς
3053 2266 3228 2335 χήρας
3260 2265 3423 2318 ἐκεί-ι.

1830 2368 1950 2420 νης,
1984 2350 2099 2415 πῶς
2140 2354 2207 2423 τῇ
2246 2351 2569 2424 προσεδρείᾳ
2614 2353 2991 2423 περιεγένετο;
3035 2354 3135 2406 ούκ
3167 2354 3417 2423 ήκουσας

1829 2436 1924 2491 τοῦ
1956 2438 2110 2506 φίλου
2143 2438 2351 2492 ἐκείνου
2389 2439 2483 2493 τοῦ
2512 2440 2692 2509 μέσων
2715 2439 2924 2493 νυκτῶν
2954 2442 3016 2511 τῇ
3037 2441 3251 2512 εὐτονίᾳ
3279 2440 3406 2495 δυσ-

1829 2527 2182 2597 ωπήσαντος;
2215 2527 2316 2580 οὐκ
2357 2527 2598 2598 ἤκουσας
2634 2528 2762 2598 περὶ
2808 2529 2909 2598 τῆς
2955 2528 3413 2601 Συροφοινίσσης,

1830 2613 1949 2678 πῶς
1971 2617 2039 2685 τῇ
2075 2614 2326 2686 συνεχείᾳ
2352 2615 2451 2683 τῆς
2481 2614 2772 2679 ἐντεύξεως
2795 2615 2886 2668 τὸν
2913 2617 3190 2687 Δεσπότην
3215 2616 3411 2682 ἐξεκα-

1829 2700 2051 2765 λέσατο;
2083 2694 2243 2756 Οὗτοι
2275 2702 2473 2766 πάντες
2503 2706 2569 2773 τῇ
2597 2703 2922 2774 προσεδρείᾳ
2949 2704 3173 2775 ήνυσαν.
3210 2708 3427 2773 Προσ-“

1828 2790 2163 2857 ευχόμενοι,
2201 2790 2385 2860 φησὶν,
2413 2790 2483 2843 ἐν
2504 2790 2684 2843 παντὶ
2726 2790 2909 2859 καιρῷ
2961 2791 3033 2844 ἐν
3085 2794 3398 2861 πνεύματι.

1830 2876 2111 2941 Τουτέστι,
2133 2876 2215 2929 Τὰ
2255 2876 2399 2930 κατά
2431 2875 2564 2930 Θεὸν
2602 2876 2873 2948 ζητῶμεν,
2908 2878 3075 2949 μηδὲν
3110 2880 3400 2951 κοσμικόν,

1832 2964 1997 3035 μηδὲν
2024 2963 2291 3034 βιωτικόν.
2324 2964 2398 3017 Οὐ
2436 2962 2616 3017 τοίνυν
2647 2963 2741 3017 τοῦ
2782 2963 3140 3029 ἀδιαλείπτως
3172 2966 3405 3035 προσεύ-

1829 3052 2021 3123 χεσθαι
2068 3053 2227 3124 χρεία
2275 3054 2469 3124 μόνον,
2504 3052 2641 3106 ἀλλὰ
2688 3053 2781 3106 καὶ
2820 3054 3226 3123 ἀγρυπνοῦντας
3251 3072 3265 3086 ·
3295 3056 3403 3110 Καὶ

1827 3144 1915 3208 είς
1952 3140 2098 3195 αὐτὸ
2120 3183 2134 3205 ,
2171 3140 2370 3211 φησὶν,
2404 3140 2871 3210 ἀγρυπνοῦντες.
2909 3143 3032 3195 Εῖτε
3077 3144 3404 3213 παννυχίδας

1828 3228 2061 3282 ἐνταῦθα
2090 3228 2260 3293 λέγει,
2290 3228 2400 3281 εἴτε
2429 3229 2527 3299 τὴν
2560 3227 2721 3297 νῆψιν
2752 3228 2854 3298 τῆς
2885 3229 3082 3301 ψυχῆς,
3119 3232 3405 3304 ἀμφότερα

1827 3317 2073 3389 δέχομαι.
2129 3317 2292 3387 Ὁρᾷς
2334 3314 2453 3379 πῶς
2482 3316 2751 3388 ὴγρύπνει
2781 3316 2963 3388 ἐκείνη
3011 3320 3043 3388 ἡ
3094 3320 3401 3384 Χαναναία,

1827 3406 1908 3458 ὅτι
1934 3405 2027 3457 καὶ
2041 3402 2136 3457 τοῦ
2166 3402 2371 3473 Κυρίου
2403 3401 2478 3475 μή
2493 3404 2947 3475 ἀποκρινομένου,
2976 3405 3112 3459 ἀλλὰ
3142 3407 3238 3461 καὶ
3268 3408 3404 3462 ἀπο-

1830 3492 2111 3562 σειομένου
2133 3530 2147 3553 ,
2192 3491 2285 3545 καὶ
2326 3490 2582 3563 κυνάριον
2623 3491 2795 3561 αὐτὴν
2826 3490 3187 3557 καλέσαντος,
3216 3495 3401 3566 ἐκείνη

1826 3579 2003 3647 ἔλεγε,
2034 3579 2164 3643 Ναὶ,
2193 3580 2391 3647 Κύριε,
2418 3578 2519 3632 καί
2545 3577 2618 3632 τὰ
2647 3577 2902 3647 κυνάρια
2932 3579 3119 3633 ἐσθίει
3139 3580 3259 3636 ἀπὸ
3282 3582 3405 3637 τῶν

1826 3667 2051 3736 ψιχίων
2071 3664 2190 3719 τῶν
2206 3666 2545 3720 πιπτόντων
2562 3666 2681 3720 ἀπὸ
2701 3663 2810 3733 τῆς
2831 3666 3126 3735 τραπέζης
3144 3666 3265 3721 τῶν
3291 3686 3399 3723 xv-

1820 3754 1972 3822 ρίων
2017 3750 2247 3807 αὐτῶν·
2293 3754 2387 3806 καὶ
2419 3753 2520 3805 οὐκ
2563 3753 2855 3823 ἀφίστατο,
2897 3754 3003 3816 ἕως
3034 3755 3263 3826 ἐπέτυχε
3302 3759 3402 3828 τῆς

1827 3840 2129 3910 αἱτήσεως;
2159 3839 2277 3904 πῶς
2312 3839 2371 3892 δέ
2398 3840 2432 3911 ή
2468 3840 2612 3911 χήρα
2642 3840 2821 3911 ἐκείνη
2857 3840 3076 3912 ἔκραζε,
3110 3844 3203 3896 καὶ
3235 3844 3408 3915 μέχρι·

1826 3925 2079 3981 τοσούτου
2106 3926 2412 3996 ἐπέμεινεν,
2437 3926 2543 3991 ἓως
2569 3928 2691 3981 ὅτου
2720 3930 2811 3980 τὸν
2845 3930 3109 3998 ἄρχοντα,
3139 3930 3234 3983 τὸν
3260 3933 3396 4003 μήτε

1827 4011 1919 4065 τὸν
1958 4010 2091 4063 Θεὸν
2144 4009 2517 4079 φοϐούμενον,
2568 4011 2705 4081 μήτε
2744 4011 3026 4082 ἄνθρωπον
3081 4014 3399 4085 αἰδούμενον

1827 4099 2066 4171 ἠδυνήθη
2100 4100 2447 4170 δυσωπῆσαις
2480 4100 2598 4163 πῶς
2628 4100 2685 4152 δὲ
2721 4101 2750 4152 ό
2782 4100 2935 4167 φίλος
2968 4105 3232 4172 ἐπέμενεν
3260 4104 3400 4175 ἀωρὶ

1827 4187 1935 4241 τῶν
1966 4188 2175 4242 νυκτῶν
2211 4189 2569 4259 παραμένων,
2599 4189 2703 4252 ἕως
2736 4190 2858 4243 ὅτου
2907 4191 3201 4262 ἐγερθῆναι
3253 4210 3399 4261 παρ-

1835 4278 2100 4332 εσκεύασε
2119 4318 2135 4341 ,
2158 4278 2484 4348 δυσωπήσας
2509 4280 2716 4332 ἐκεῖνον
2749 4282 2812 4350 τῇ
2841 4281 3197 4353 προσεδρείᾳ;
3230 4282 3399 4337 Τοῦτό

1829 4369 1977 4420 ἐστιν
2018 4368 2336 4438 ἀγρυπνεῖν.
2388 4365 2572 4419 Βούλει
2618 4366 2809 4437 μαθεῖν
2836 4368 3146 4439 ἀγρυπνίαν
3181 4370 3404 4441 ψυχῆςς-

1828 4454 1983 4510 ἄπιθι
2008 4456 2144 4527 πρὸς
2164 4456 2263 4526 τὴν
2290 4456 2509 4519 Ἀνναν,
2542 4456 2770 4508 ἄκουσον
2793 4458 2972 4511 αὐτῶν
2997 4459 3105 4513 τῶν
3131 4461 3397 4530 ῥημάτων

1827 4539 1995 4608 αὐτῆς
2018 4555 2032 4569 ο
2075 4538 2344 4602 Ἀδωναῒ,
2394 4540 2561 4593 Ἑλωῒ
2577 4539 2837 4595 Σαϐαὼθ.
2864 4542 3076 4595 Μᾶλλον
3108 4543 3165 4596 δέ
3190 4545 3261 4597 τὰ
3291 4545 3401 4617 πρὸ

1826 4622 1934 4675 τῶν
1974 4624 2233 4693 ῥημάτων
2269 4623 2520 4677 ἄκουσον.
2578 4625 2942 4693 Ἀνέστησαν,
2986 4630 3140 4698 φησὶ,
3192 4630 3397 4696 πάντες

1827 4709 1936 4763 ἀπὸ
1964 4709 2061 4777 τῆς
2085 4709 2386 4780 τραπέζης,
2419 4712 2513 4763 καὶ
2542 4711 2723 4782 ἐκείνη
2753 4712 2954 4777 εὐθέως
2985 4713 3135 4787 [184]
3168 4717 3227 4769 ού
3259 4718 3399 4788 πρὸς

1828 4798 1993 4851 ὖπνον
2017 4797 2293 4868 ἐτρέπετο,
2322 4798 2383 4850 ού
2411 4798 2550 4869 πρὸς
2578 4799 2905 4855 ἀνάπαυσιν.
2933 4802 3096 4855 Ὅθεν
3133 4822 3223 4873 μοι
3249 4805 3401 4858 δοκεῖ

1828 4882 1921 4934 καὶ
1964 4882 2056 4934 ἐπὶ
2100 4882 2197 4951 τῆς
2235 4882 2512 4953 τραπέζης
2544 4883 2851 4955 καθημένη,
2887 4885 3063 4956 κούφη
3109 4905 3195 4951 τις
3233 4886 3395 4953 εῖναι,

1826 4968 1919 5021 καὶ
1955 4968 2029 5039 μὴ
2060 4968 2391 5038 βεϐαρῆσθαι
2427 4970 2613 5031 σιτίοις
2638 4972 2780 5023 τισίν
2799 4990 2813 5004 θ
2844 4974 2906 5026 ού
2934 4973 3044 5046 γὰρ
3071 4974 3145 5027 ἂν
3158 4972 3398 5029 τοσαῦτα

1825 5051 1974 5119 ἠφίει
2003 5050 2233 5122 δάκρυα.
2266 5051 2331 5105 EE
2364 5052 2472 5123 γὰρ
2517 5056 2680 5123 ἡμεῖς
2713 5056 2932 5126 νήστεις
2967 5057 3122 5120 ὄντες
3152 5060 3245 5111 καὶ
3274 5058 3397 5112 ἀσι-

1825 5156 1928 5205 τοι,
1959 5140 2111 5210 μόλις
2144 5141 2317 5204 οὓτως
2362 5143 2652 5213 εὐχόμεθα,
2698 5147 2898 5215 μᾶλλον
2931 5147 2987 5201 δὲ
3013 5147 3267 5200 οὐδέποτε
3301 5148 3397 5201 οὖ-

1826 5240 1932 5285 τως
1961 5223 2253 5293 εὐχόμεθα,
2277 5224 2457 5296 πολλῷ
2492 5227 2693 5296 μᾶλλον
2721 5229 2903 5299 ἐκείνη
2938 5229 3077 5299 μετά
3113 5228 3404 5299 τράπεζαν
3468 5233 3488 5240 ”

1826 5310 1925 5362 οὐκ
1950 5309 2013 5362 ἂν
2043 5310 2215 5375 οὕτως
2241 5311 2475 5381 ηὔξατο,
2503 5316 2553 5366 εἰ
2592 5315 2666 5385 μὴ
2697 5318 2789 5369 καὶ
2823 5320 2879 5370 ὲν
2902 5320 2969 5387 τῇ
3005 5318 3254 5387 τραπέζῃ
3284 5318 3399 5379 τοῖς

1828 5398 2035 5460 ἁσίτοις
2065 5398 2251 5469 ἐῴκει.
2280 5401 2667 5472 Αίσχυνθῶμεν
2697 5404 2745 5456 οί
2784 5404 2973 5474 ἄνδρες
3009 5404 3107 5474 τὴν
3139 5405 3392 5472 γυναῖκα,

1828 5484 2204 5555 αἰσχυνθῶμεν
2256 5489 2305 5540 οί
2357 5490 2497 5559 ὑπὲρ
2564 5489 2843 5557 βασιλείας
2903 5491 3236 5554 ἱκετεύοντες
3300 5491 3396 5547 καὶ

1828 5570 2179 5642 χασμώμενοι
2196 5574 2295 5643 τὴν
2317 5575 2454 5645 ὑπὲρ
2480 5576 2688 5631 παιδίου
2712 5577 2973 5648 δεομένην
3005 5578 3099 5631 καὶ
3124 5578 3397 5649 δακρύου-

1830 5676 1949 5712 σαν.
1980 5660 2089 5713 Kal
2123 5660 2400 5727 κατέστη,
2431 5663 2615 5730 φησὶν,
2650 5662 2905 5716 ἐνώπιον
2940 5666 3183 5732 Κυρίου,
3220 5667 3317 5721 καὶ
3344 5664 3402 5721 τί

1830 5762 2028 5813 φησιν;
2086 5746 2333 5804 Ἀδωναῖ
2364 5750 2575 5816 Κύριε,
2618 5751 2785 5802 Ἐ’λωῖ
2830 5752 3090 5807 Σαϐαὼθ.
3134 5754 3302 5808 Τοῦτο
3342 5754 3403 5810 δὲ

1834 5830 2266 5901 έρμηνευόμενόν
2313 5832 2459 5895 ἐστι,
2498 5831 2668 5903 Κύριε
2709 5835 2735 5886 ὁ
2783 5832 2914 5897 Θεὸς
2948 5835 3056 5890 τῶν
3093 5836 3403 5907 δυνάμεων..
3458 5872 3461 5873 ν
