3878 6568
452 431 580 491 ,1ῗό

462 551 769 623 Προέτρεχε
812 547 913 617 τῆς
953 543 1198 615 γλώττης
1250 543 1322 598 τά
1370 544 1620 617 δάκρυα·
1657 544 1869 609 τούτοις
1919 546 2038 598 έπι-

454 641 737 711 κάμπτειν
762 637 853 692 τδν
896 635 1028 689 Θεὸν
1062 632 1309 705 ἧλπιξεν.
1344 633 1515 687 Ἔνθα
1541 633 1776 705 δάκρυα,
1819 637 2039 693 πάντως

460 728 583 783 In!
610 726 705 781 καὶ
737 723 913 792 θλίψις
936 738 951 754 ⁸
995 721 1124 775 ἔνθα
1166 720 1364 788 θλίψις,
1402 721 1498 775 καὶ
1540 720 1827 791 φιλοσοφία
1866 718 2038 790 πολλὴ

456 817 556 871 καὶ
577 812 840 887 προσοχή.
887 811 1028 865 Ἐὰν
1057 810 1295 865 ἀκούων
1327 809 1686 877 εὶσακούσῃ,
1734 808 1889 879 φησὶ,
1929 805 2039 875 τῆς

456 898 806 971 προσευχῆς
839 898 949 966 τῆς
992 896 1224 964 δούλης
1258 912 1396 960 σου,
1432 898 1532 951 καί
1579 894 1701 963 δῷς
1736 912 1837 965 μοι
1870 896 2034 957 υἱὸν,

456 990 630 1044 δώσω
650 988 845 1045 αὐτὸν
869 985 1049 1041 δοτὸν
1073 983 1155 1050 τῷ
1183 984 1377 1052 Κυρίῳ
1410 983 1607 1038 πάντα
1644 984 1753 1037 τὸν
1787 983 2032 1052 χρόνον.

454 1079 571 1133 οὐκ
591 1073 765 1141 εἷπεν,
787 1075 1037 1131 ἐνιαυτὸν
1054 1073 1216 1145 μόνον
1238 1073 1401 1145 ἧδύο,
1419 1073 1670 1143 καθάπερ
1691 1072 1854 1143 ἡμεῖς
1873 1085 1888 1102 ο
1911 1069 2035 1124 οῦδὲ

463 1160 643 1230 εἶπεν,
673 1163 806 1221 Ἐὰν
822 1163 930 1234 δῷς
963 1179 1053 1233 μοι
1084 1161 1318 1225 παιδίον,
1347 1159 1542 1230 δίδωμι
1573 1160 1831 1231 χρήματα
1854 1171 1869 1186 ⁸
1893 1155 2034 1221 ἀλλ’,

473 1253 807 1325 ὀλόκληρον
833 1251 967 1307 αὐτὸ
1000 1251 1062 1305 τὸ
1084 1250 1257 1323 δῶρον
1277 1248 1611 1319 άντιδίδωμι,
1629 1247 1724 1301 τὸν
1754 1245 2031 1317 πρωτότο-

453 1360 572 1408 κον,
618 1341 712 1396 τὸν
769 1343 872 1412 τῆς
919 1339 1088 1409 εὐχῆς
1133 1337 1270 1393 υἰόν.
1326 1334 1473 1409 Αὕτη
1523 1334 1774 1407 θυγάτηρ
1822 1331 1893 1407 ἦν
1935 1332 2032 1387 τοῦ

466 1431 737 1502 Ἁϐραάμ.
773 1429 1009 1490 Ἐκεῖνος
1033 1424 1300 1497 αἰτηθεὶς,
1324 1424 1543 1478 ἔδωκενυ
1563 1421 1702 1495 αὕτη
1732 1424 1789 1476 δὲ
1814 1421 1910 1477 καὶ
1925 1420 2033 1492 πρὸ

450 1518 555 1589 τῆς
581 1518 849 1585 αἰτήσεως
871 1514 1104 1568 δίδωσιν.
1146 1511 1289 1568 Ἀλλ’
1312 1513 1416 1581 ὃρα
1449 1512 1544 1564 καὶ
1580 1509 1830 1566 ἐντεῦθεν
1857 1508 2035 1576 αὐτῆς

450 1607 552 1679 τὴν
575 1606 883 1661 εὐλάϐειαν.
908 1602 1081 1671 Φωνὴ
1103 1601 1517 1672 αὺτῆς.φησὶν,
1536 1600 1932 1669 οὑκήκούετο,
1958 1599 2033 1652 τὰ

449 1694 522 1749 δὲ
540 1696 715 1765 χείλη
730 1690 923 1759 αὐτῆς
941 1689 1215 1745 ἐκινεῖτο.
1239 1688 1427 1752 Οὕτως
1446 1691 1474 1743 ὁ
1495 1688 1816 1759 βουλόμενος
1834 1685 2030 1741 ἀνύσαι

450 1781 815 1853 προσέρχεται
835 1778 915 1849 τῷ
939 1778 1082 1850 Θεῷ,
1112 1778 1174 1830 ού
1196 1776 1631 1849 μαλακιζόμενος
1653 1774 1775 1829 οὐδὲ
1804 1772 2031 1845 χασμώ-

452 1886 615 1946 μενος
634 1870 757 1923 οὐδὲ
788 1866 1145 1939 ἐκλελυμένος
1173 1866 1295 1919 οὐδὲ
1316 1864 1593 1936 κνώμενος
1617 1864 1737 1919 οὐδὲ
1766 1862 2027 1934 άκηδιῶν.

447 1960 543 2032 Μὴ
574 1959 684 2031 γάρ
712 1959 815 2012 οὐκ
838 1957 1074 2028 ἠδύνατο
1097 1958 1126 2009 δ
1145 1954 1279 2019 Θεὸς
1302 1954 1398 2009 καὶ
1429 1971 1597 2025 χωρις
1625 1953 1789 2024 εὐχῆς
1815 1952 2027 2017 δοῦναις

450 2050 530 2121 μὴ
568 2047 681 2117 γὰρ
706 2046 807 2100 οὐκ
836 2044 955 2117 ᾔδει
998 2045 1094 2100 καὶ
1128 2042 1238 2115 πρὸ
1275 2043 1373 2113 τῆς
1406 2044 1673 2113 αἰτήσεως
1703 2041 1803 2112 τὴν
1844 2040 2032 2094 ἐπιθυ-

452 2135 583 2206 μίαν
601 2136 701 2205 τῆς
726 2131 1017 2203 γυναικός;
1051 2129 1166 2184 ἀλλ’
1190 2130 1238 2184 εἰ
1270 2128 1438 2183 ἔδωκε
1472 2128 1579 2200 πρὸ
1610 2127 1712 2199 τῆς
1740 2128 2029 2198 αἰτήσεως,

446 2223 550 2278 οὐκ
577 2221 645 2277 ἂν
671 2221 844 2292 ἐφάνη
861 2220 961 2287 τῆς
986 2217 1245 2286 γυναικὸς
1269 2219 1303 2288 ἡ
1328 2215 1630 2288 προθυμία,
1660 2214 1762 2267 οὐκ
1786 2213 1853 2267 ἂν
1874 2214 2032 2282 γέγο-

446 2328 540 2367 νεν
568 2312 603 2383 ἡ
634 2310 802 2383 ἀρετὴ
832 2308 1003 2379 αὐτῆς
1042 2307 1179 2377 δήλη
1201 2344 1217 2371 ,
1244 2306 1345 2359 οὐκ
1376 2303 1443 2359 ἂν
1472 2302 1727 2357 τοσοῦτον
1759 2304 2031 2371 ἐκτήσατο

451 2399 664 2473 μισθόν.
690 2398 852 2452 Ὥστε
880 2397 914 2467 ή
947 2394 1205 2464 ἀναϐολὴ,
1237 2393 1359 2464 οὐχὶ
1387 2391 1582 2462 φθόνου
1600 2391 1750 2445 έστὶν
1780 2389 1905 2445 οὐδὲ
1931 2389 2032 2462 βα-

448 2487 678 2551 σκανίας
697 2526 713 2553 ,
746 2483 884 2539 ἀλλὰ
915 2481 1266 2553 κηδεμονίας.

478 2612 483 2689 ί
517 2626 584 2682 δ’.
618 2626 786 2680 Ὅταν
817 2618 911 2678 οῦν
932 2621 1174 2694 ἀκούσῃς
1200 2619 1302 2691 τῆς
1320 2619 1543 2693 Γραφῆς
1574 2618 1841 2691 λεγούσης
1858 2661 1875 2686 ,
1900 2620 2031 2674 Ὅτι

444 2715 770 2779 ἀπέκλεισε
797 2712 869 2766 τὰ
883 2710 1015 2781 περί
1036 2710 1151 2778 τὴν
1162 2708 1398 2779 μήτραν
1417 2705 1630 2778 αὐτῆς,
1655 2707 1754 2763 καὶ
1777 2708 1868 2762 ὅτι
1882 2724 2031 2778 παρ-

444 2800 685 2881 ώργιζεν
729 2799 927 2867 αὐτὴν
970 2799 1009 2867 ἠ
1053 2795 1369 2863 ἀντίζηλος
1396 2793 1609 2865 αὐτῆς,
1664 2794 1917 2868 ἐννόησον
1946 2796 2030 2850 ὅτι

444 2894 547 2961 τὴν
578 2887 898 2962 φιλοσοφίαν
928 2884 1099 2952 δεῖξαι
1133 2882 1378 2954 βούλεται
1410 2883 1510 2953 τῆς
1530 2884 1807 2952 γυναικός.
1830 2884 2031 2938 Σκόπει

445 2977 589 3046 γάρ’
623 2971 749 3047 Εἶχε
782 2974 872 3025 τὸν
906 2970 1074 3042 ἄνδρα
1113 2968 1542 3040 δεδουλωμένον·
1575 2969 1728 3039 ἔλεγε
1760 2971 1868 3041 γὰρ
1892 2971 2031 3041 πρὸς

444 3064 618 3134 αὐτήν
639 3079 652 3093 ο
679 3056 803 3116 Οὐκ
833 3059 1053 3129 ἀγαθός
1078 3073 1177 3111 σοι
1197 3056 1313 3126 ἐγὼ
1333 3056 1487 3125 ὑπὲρ
1505 3056 1654 3111 δέκα
1682 3055 1859 3111 τέκνα
1878 3074 1897 3122 ;
1921 3058 2030 3112 Καὶ

446 3146 807 3219 παρώργιζεν
852 3145 1083 3213 αὐτὴν,
1120 3144 1317 3216 φησὶν,
1366 3143 1406 3213 ἠ
1444 3141 1768 3211 ἀντίζηλος
1792 3142 1986 3213 αὐτῆς
2011 3161 2027 3178 ·

444 3237 746 3298 τουτέστιν,
779 3230 1078 3296 ὠνείδιζεν,
1116 3230 1379 3302 ὲφήλλετο
1404 3244 1418 3259 ·
1452 3230 1548 3283 καὶ
1577 3229 1832 3284 οὐδέποτε
1862 3231 2030 3302 αὐτὴν

428 3325 718 3396 ἠμύνατο,
747 3321 868 3377 οὐδὲ
895 3320 1202 3391 κατηύξατο
1232 3319 1427 3390 αὐτῆς,
1451 3318 1571 3371 οὐδὲ
1591 3313 1747 3373 εἶπεν
1767 3336 1780 3350 ·
1812 3318 2028 3391 Ἐπειδὴ

445 3410 694 3475 ὀνειδίζει
715 3409 861 3482 μοι
885 3406 1193 3479 ἀντίζηλος,
1221 3404 1511 3477 ὲκδίκησόν
1542 3423 1631 3477 με.
1655 3402 1816 3478 Εἷχεν
1842 3409 2028 3479 ἐκείνη

446 3501 662 3563 παιδία,
688 3498 805 3555 ἀλλ’
834 3495 986 3570 εἶχεν
1015 3497 1156 3567 αὕτη
1186 3497 1284 3570 τὴν
1312 3495 1536 3568 ἀγάπην
1571 3497 1671 3569 τὴν
1713 3497 1808 3550 τοῦ
1836 3498 2029 3569 ἀνδρὸς

443 3589 790 3664 ἀντίρροπον.
841 3586 1031 3658 Τούτῳ
1072 3585 1204 3655 γοῦν
1236 3585 1407 3653 αὐτὴν
1455 3586 1551 3638 καὶ
1598 3585 2029 3657 παρεμυθήσατο

444 3682 650 3751 λέγων’
681 3681 806 3734 οὐκ
850 3678 1075 3748 ἀγαθός
1121 3694 1221 3732 σοι
1263 3676 1379 3747 ἐγὼ
1422 3677 1576 3747 ὑπὲρ
1614 3676 1764 3731 δέκα
1807 3677 2029 3743 τέχνας

457 3770 619 3824 ’Δλλά
654 3768 816 3824 πάλιν
863 3767 1065 3838 ῐδωμεν
1092 3766 1195 3837 τῆς
1239 3768 1498 3835 γυναικὸς
1541 3766 1640 3838 τὴν
1685 3767 2025 3838 φιλοσοφίαν.

443 3858 553 3915 Καὶ
581 3856 904 3926 ἐλογίσατο
922 3853 1138 3921 αὐτὴν,
1160 3855 1346 3924 φησιν,
1386 3854 1538 3908 Ἠλεὶ
1555 3856 1644 3921 είς
1654 3857 2023 3924 μεθύουσαν.

457 3945 595 4000 Ἀλλ’
616 3946 719 4015 ὂρα
738 3944 835 3997 καί⁵
860 3943 996 4015 πρὸς
1024 3941 1189 3996 αὐτὸν
1211 3942 1265 3995 τί
1291 3958 1423 4015 φησι
1443 3958 1457 3973 ο
1488 3942 1585 4011 Μὴ
1608 3944 1729 4009 δῷς
1749 3943 1864 4013 τὴν
1889 3945 2029 4000 δού-

442 4036 556 4102 λην
606 4050 725 4089 σου
764 4034 853 4097 εἰς
898 4028 1195 4099 θυγατέρα
1240 4030 1469 4100 λύμης,
1501 4029 1591 4084 ὅτι
1634 4031 1705 4085 ἐκ
1754 4034 2028 4101 πλήθους

443 4119 813 4188 ἀδολεσχίας
824 4135 946 4188 μου
967 4114 1261 4185 ἐκτέτηκα
1278 4116 1391 4183 ἕως
1410 4117 1517 4171 τοῦ
1542 4118 1678 4173 νῦν.
1704 4118 1874 4173 Τοῦτο
1895 4119 2028 4191 άλη-

444 4207 555 4273 θῶς
591 4207 820 4279 καρδίας
853 4203 1344 4276 συντετριμμένης,
1382 4203 1535 4278 [185]
1564 4206 1694 4261 ὅταν
1735 4206 1873 4278 πρὸς
1899 4210 2025 4273 τοὺς

444 4298 769 4372 ὑϐρίζοντας
802 4294 877 4368 μὴ
903 4295 1345 4367 χαλεπαίνωμεν,
1382 4296 1511 4349 ὅταν
1552 4296 1627 4365 μὴ
1660 4295 2024 4367 δυσχεραίνω-

446 4403 569 4459 μιν,
602 4387 733 4440 ὅταν
764 4380 1187 4454 άπολογώμεθα.
1229 4382 1396 4437 Οὐδὲν
1438 4380 1583 4436 οὕτω
1615 4386 1763 4437 ποιεῖ
1798 4384 2025 4457 καρδίαν

443 4474 753 4547 φιλόσοφον,
792 4471 868 4536 ὡς
910 4470 1125 4541 θλῖψις’
1158 4470 1311 4525 οὐδὲν
1343 4469 1487 4523 οὕτω
1533 4473 1766 4541 πρᾶγμα
1796 4472 1916 4543 ήδὺ,
1947 4472 2023 4537 ὡς

443 4562 637 4626 πένθος
663 4561 725 4614 τὸ
750 4560 892 4614 κατά
929 4558 1083 4613 Θεόν.
1122 4557 1218 4612 Ἐκ
1251 4558 1546 4627 πλήθους,
1584 4560 1772 4628 φησὶν,
1812 4559 2025 4615 ἀδολε-

441 4651 627 4721 σχίας
658 4666 778 4719 μου
816 4648 1109 4714 ἐκτέτηκα
1134 4646 1248 4712 ἕως
1271 4646 1376 4702 τοῦ
1412 4647 1547 4701 νῦν.
1592 4647 1809 4720 Ταύτην
1845 4648 2025 4720 μιμώ-

446 4738 588 4806 μεθα
617 4735 876 4797 ἅπαντες.
919 4733 1175 4789 Ἀκούετε
1207 4734 1330 4788 ὅσαι
1368 4737 1601 4805 στεῖραι,
1633 4735 1861 4791 ἀκούετε
1900 4738 2022 4791 ὅσαι

442 4824 652 4887 παίδων
680 4824 864 4894 ἐρᾶτε,
884 4822 1114 4875 ἀκούετε
1147 4821 1241 4875 καὶ
1266 4820 1458 4892 ἄνδρες
1487 4821 1581 4874 καὶ
1606 4824 1860 4889 γυναῖκες
1878 4839 1892 4853 ο
1925 4824 2022 4878 καὶ

442 4913 554 4984 γὰρ
592 4911 689 4965 καὶ
723 4909 919 4981 ἀνδρες
952 4906 1341 4962 συνεϐάλλοντο
1371 4906 1650 4971 πολλάκις.
1683 4910 1881 4964 Ἀκουε
1913 4911 2021 4984 γὰρ

439 5001 540 5071 τῆς
568 4998 789 5071 Γραφῆς
812 4994 1076 5066 λεγούσης
1098 5012 1113 5028 ·
1146 4993 1255 5049 Καὶ
1284 4993 1473 5047 ἐδεῖτο
1506 4994 1711 5051 Ἰσαὰκ
1745 4997 2023 5052 Ῥεϐέκκα

440 5088 554 5159 τῆς
582 5085 865 5158 γυναικὸς
892 5083 1081 5138 αὐτοῦ
1100 5123 1116 5147 ,
1156 5081 1247 5136 ὅτι
1273 5082 1483 5152 στεῖρα
1512 5079 1613 5154 ἦν.
1648 5085 1876 5154 Μεγάλα
1913 5087 2023 5159 γὰρ

438 5177 663 5233 δύναται
696 5175 730 5245 ὴ
750 5172 905 5245 εὐχή.
948 5172 1052 5225 Ἐν
1080 5169 1271 5239 πάσῃ,
1303 5172 1460 5239 φησὶ,
1503 5174 2022 5243 προσκαρτερήσει

440 5264 542 5319 καί
579 5262 789 5331 δεήσει
839 5259 976 5328 περὶ
1022 5257 1266 5315 πάντων
1312 5258 1432 5314 τῶν
1464 5260 1682 5328 ἀτίων.
1734 5262 1833 5315 καί
1869 5263 2022 5331 ὑπὲρ

438 5355 619 5423 ἐμοῦ,
645 5352 837 5409 ἑαυτὸν
873 5350 1099 5420 ἔσχατον
1134 5347 1327 5410 τιθείς.
1367 5349 1433 5402 Τί
1478 5352 1674 5414 ποιεῖς,
1702 5345 1749 5404 ὦ
1782 5354 2020 5421 μακάριε

438 5441 643 5502 Παῦλε,
677 5435 1122 5507 ιαυτδννέσχατον
1154 5434 1355 5503 τιθεί;;
1388 5436 1516 5497 Ναὶ,
1550 5440 1735 5509 φησὶν,
1768 5440 1903 5495 Ἵνα
1919 5458 2019 5509 μοι

436 5528 585 5597 δοθῇ
614 5529 798 5597 λόγος
817 5525 890 5579 ἐν
916 5522 1146 5588 ἀνοίξει
1167 5522 1275 5577 τοῦ
1302 5525 1599 5593 στόματός
1615 5544 1757 5595 μου,
1784 5527 1856 5581 ἐν
1878 5530 2021 5596 παῤ-

435 5616 620 5682 ρησία
662 5612 949 5684 γνωρίσαι
999 5609 1068 5664 τὸ
1090 5608 1430 5679 μυστήριον
1457 5612 1567 5666 τοῦ
1609 5615 1980 5684 Εὐαγγελίου
2000 5656 2016 5681 ,

436 5703 593 5771 ὑπὲρ
651 5699 723 5758 οὗ
766 5701 1077 5769 πρεσϐεύω
1112 5700 1183 5754 ἐν
1215 5700 1455 5755 ἁλύσει.
1509 5703 1621 5757 Ποῦ
1660 5705 2014 5777 πρεσϐεύεις;

438 5792 584 5862 Πρὸς
611 5788 954 5861 ἀνθρώπους,
983 5789 1137 5859 φησί.
1164 5789 1339 5843 Βαϐαὶ
1368 5792 1467 5862 τῆς
1493 5792 1901 5863 φιλανθρωπίας
1924 5794 2014 5847 τοῦ

436 5880 603 5940 θεοῦῐ
649 5878 897 5952 "Ea-.390:
932 5878 1327 5953 πρεσϐεύοντας
1357 5881 1421 5934 ἐκ
1459 5882 1568 5936 τῶν
1596 5883 1840 5957 οὐρανῶν
1874 5886 2012 5956 ὑπὲρ

1197 427 1257 483 S.
1294 425 1580 483 JOANNIS
1611 423 2027 482 CHRYSOSTO

2146 425 2465 486 ARCHIEP.
2508 430 3061 490 CONSTANTINOP.

2144 546 2348 610 αὐτοῦ,
2379 547 2523 619 ὑπὲρ
2565 550 2813 621 εἰρήνης,
2862 551 2955 604 καὶ
2999 548 3257 612 λαϐόντες
3291 549 3486 620 ἔδησαν
3528 551 3727 614 αὐτοὺς

2143 635 2193 687 οἰ
2228 634 2527 706 ἄνθρωποι,
2566 637 2664 691 καὶ
2691 638 2812 692 οὐδὲ
2849 639 2941 691 τὸν
2974 639 3152 692 κοινὸν
3185 638 3347 709 νόμον
3380 638 3725 709 ᾐδέσθησαν,

2141 720 2226 774 δτι
2269 722 2299 775 6
2345 723 2664 793 πρεσϐεύων
2694 726 2952 781 οὐδέποτε
3001 727 3202 797 πάσχει
3240 743 3291 779 τι
3332 727 3525 780 κακόν.
3588 727 3728 779 Ἀλλ’

2141 808 2293 879 ὅμως
2321 810 2433 879 ἐγὼ
2465 812 2755 883 πρεσϐεύω
2782 815 2840 867 ὲν
2875 814 3080 868 ἁλύσει.
3122 815 3187 867 Ἦ
3232 814 3421 876 ἅλυσις
3452 814 3729 869 ἐπίκειται

2139 894 2239 966 τὴν
2258 898 2572 970 παρρησίαν
2591 900 3040 972 ὲπιστομίζουσα,
3066 899 3229 971 ἀλλ’ἢ
3260 900 3393 972 εὐχὴ
3420 902 3455 972 η
3479 901 3728 971 ὑμετέρα

2141 982 2348 1052 ἀνοίγει
2383 1002 2482 1055 μου
2517 984 2577 1038 τὸ
2614 986 2806 1057 στόμα,
2833 988 2920 1041 ἵνα
2952 990 3010 1041 ὲν
3037 987 3184 1059 αὐτῷ
3214 989 3691 1059 παρρησιάσωμαι
3711 1029 3725 1051 ,

2136 1070 2217 1133 ὼς
2263 1071 2344 1125 δεῖ
2377 1088 2445 1142 με
2472 1072 2738 1144 λαλῆσαι’
2766 1076 3075 1137 τουτέστιν,
3108 1077 3225 1128 Ἵνα
3266 1076 3448 1130 πάντα
3474 1074 3511 1128 ἂ
3556 1076 3729 1146 ιπέμρ

2140 1159 2282 1229 φθην
2312 1161 2516 1227 εἰπεῖν,
2548 1161 2705 1215 εἴπω.
2740 1162 2877 1218 Ἵνα
2917 1162 2987 1216 δὲ
3032 1160 3228 1229 εἰδῆτε
3288 1164 3387 1217 καὶ
3448 1161 3627 1232 ὑμεῖς
3663 1165 3729 1217 τὰ

2136 1248 2269 1301 κατ’
2290 1248 2417 1317 ἐμὲ,
2444 1249 2503 1323 τί
2530 1250 2810 1318 πράσσω,
2834 1250 3030 1305 πάντα
3062 1250 3204 1321 ὑμῖν
3241 1251 3529 1323 γνωρίσει
3559 1254 3726 1321 Τυχι-

2136 1336 2247 1402 κὸς
2298 1339 2331 1390 ὁ
2372 1337 2681 1407 ἀγαπητὸς
2729 1338 2991 1410 ἀδελφὸς
3036 1340 3134 1393 καὶ
3185 1339 3406 1405 πιστὸς
3449 1337 3726 1405 διάκονος

2136 1423 2209 1476 ἐν
2237 1424 2452 1494 Κυρίῳ.
2495 1424 2558 1480 ΕΙ
2599 1425 2791 1490 πιστὸς
2810 1465 2825 1490 ,
2863 1427 3017 1481 οὐδὲν
3049 1427 3346 1498 ψεύσεται,
3373 1426 3523 1480 ἀλλά
3554 1427 3727 1481 πάντα

2136 1510 2449 1581 ἀληθεύσει.
2491 1513 2603 1565 Ὃν
2644 1513 2889 1583 ἔπεμψα
2927 1516 3077 1583 πρὸς
3118 1514 3274 1583 ὑμᾶς
3315 1514 3468 1568 αὐτὸ
3518 1515 3723 1581 τοῦτο,

2136 1601 2238 1654 ινα
2285 1600 2473 1669 γνῶτε
2509 1602 2585 1655 τὰ
2622 1604 2759 1672 περὶ
2808 1604 3007 1673 ἡμῶν.
3041 1605 3149 1658 καί
3171 1603 3582 1673 παρακαλέσῃ
3629 1605 3727 1669 τὰς

2136 1688 2388 1757 καρδίας
2412 1689 2603 1759 ὑμῶν.
2629 1692 2825 1759 Βαϐαῖ,
2855 1692 2996 1764 πόση
3022 1693 3055 1763 ή
3087 1693 3309 1762 άγάπηί
3345 1692 3469 1746 Ἵνα
3503 1690 3587 1762 μὴ
3616 1692 3722 1762 ἐξῇ,

2137 1777 2299 1846 φησί,
2336 1780 2453 1841 τοῖς
2487 1777 2831 1849 βουλομένοις
2873 1781 3058 1834 πτοεῖν
3093 1780 3239 1851 ὑμᾶς
3263 1798 3278 1812 ε
3310 1779 3464 1843 εἰκὸς
3493 1780 3610 1849 γὰρ
3642 1781 3704 1832 αὑ

2146 1865 2265 1929 ,οὺς
2312 1866 2371 1918 ὲν
2410 1864 2601 1929 δεινοῖς
2644 1862 2784 1920 εἰναι
2809 1884 2824 1898 ⁸
2867 1866 2928 1921 τὸ
2975 1866 3115 1938 γὰρ,
3160 1868 3591 1935 Παρακαλέσει
3628 1869 3723 1935 τὰς

2137 1952 2382 2021 καρδίας
2412 1952 2599 2032 ὑμῶν,
2619 1952 2778 2007 τοῦτο
2803 1954 3121 2010 αἰνίττεται.
3156 1955 3275 2010 Ἵνα
3301 1954 3377 2027 μὴ
3397 1956 3543 2026 ἀφῇ,
3574 1956 3720 2025 φησὶ,

2140 2045 2489 2096 καταπεσεῖν.
2514 2042 2739 2110 Είρήνη
2763 2042 2887 2109 τοῖς
2908 2041 3195 2113 ἀδελφοῖς
3216 2045 3313 2098 καὶ
3342 2043 3559 2113 ἀγάπη
3584 2046 3724 2111 μετά

2135 2128 2398 2195 πίστεως
2445 2129 2565 2183 ἀπὸ
2619 2130 2766 2185 Θεοῦ
2822 2130 3053 2199 Πατρός
3092 2132 3189 2185 καί
3234 2132 3463 2199 Κυρίου
3526 2130 3723 2197 Ἰησοῦ

2134 2217 2419 2285 Χριστοῦ.
2478 2217 2803 2289 Ἐπεύχεται
2858 2218 3042 2281 αὐτοῖς
3088 2220 3313 2291 εἰρήνην
3363 2222 3466 2274 καὶ
3509 2221 3723 2289 ἀγάπην

2139 2305 2279 2375 μετὰ
2306 2306 2567 2370 πίστεως.
2602 2306 2799 2369 Καλῶς
2834 2301 2956 2359 εἰπε
2975 2321 2990 2336 ο
3022 2305 3270 2376 βούλεται
3298 2308 3409 2378 γάρ
3438 2308 3517 2378 μὴ
3542 2307 3723 2372 ἁπλῶς

2135 2390 2282 2463 ἔχειν
2317 2391 2409 2447 τὸν
2449 2393 2549 2464 τῆς
2580 2393 2801 2464 ἀγάπης
2843 2393 3023 2461 λόγον,
3059 2394 3154 2447 καὶ
3184 2398 3301 2452 τοῖς
3345 2395 3723 2466 ὲτεροπίστοις

2137 2480 2367 2545 ἑαυτοὺς
2383 2481 2768 2552 άναμιγνύναι.
2800 2483 2871 2535 Ἢ
2895 2480 3070 2545 τοῦτο,
3092 2480 3124 2553 ἢ
3150 2482 3327 2535 ἐκεῖνό
3358 2500 3559 2552 φησιν,
3592 2483 3721 2536 ὥστε

2134 2568 2232 2622 καὶ
2260 2568 2443 2622 πίστιν
2474 2569 2672 2631 αὐτοὺς
2702 2568 2866 2640 ἔχειν,
2899 2568 3040 2622 ὥστε
3074 2568 3297 2642 θαρρεῖν
3327 2570 3425 2623 καὶ
3456 2573 3595 2641 περὶ
3620 2569 3721 2623 τῶν

2139 2656 2460 2729 μελλόντων.
2503 2658 2568 2711 Ἠ
2599 2658 2792 2729 εἰρήνη
2822 2657 2959 2727 πρὸς
2986 2657 3077 2710 τὸν
3108 2656 3260 2723 Θεὸν,
3301 2658 3399 2710 καὶ
3439 2659 3477 2729 ή
3509 2658 3719 2727 ἀγάπη.

2148 2743 2275 2798 Ἐὰν
2319 2745 2429 2817 γάρ
2457 2745 2648 2818 εἰρήνη
2696 2740 2753 2817 ᾖ,
2800 2744 2897 2798 καὶ
2924 2744 3114 2816 ἀγάπη
3159 2744 3310 2799 ἔσται
3336 2762 3354 2779 ο
3390 2745 3462 2799 ἂν
3499 2746 3719 2814 ἀγάπη,

2135 2831 2230 2885 καὶ
2257 2832 2447 2904 εἰρήνη
2480 2832 2653 2885 ἔσται.
2684 2832 2845 2887 Μετὰ
2877 2832 3157 2898 πίστεως.
3198 2832 3366 2885 Ούδὲν
3393 2833 3510 2903 γὰρ
3536 2832 3720 2900 6:96am;

2134 2920 2356 2990 ἀγάπης
2376 2959 2392 2983 ,
2421 2920 2658 2983 πίστεως
2686 2920 2853 2991 χωρίς
2874 2935 2889 2951 ⁸
2931 2920 3129 2990 μᾶλλον
3160 2920 3216 2973 δὲ
3259 2920 3374 2974 ούδ’
3408 2921 3480 2974 ἂν
3516 2922 3719 2988 γένοιτο

2133 3007 2321 3078 ἀγάπη
2352 3007 2574 3078 ἑτέρως.
2606 3007 2715 3062 Καὶ
2748 3006 2921 3076 χάρις
2950 3008 3103 3076 μετὰ
3141 3007 3389 3062 πάντων
3416 3007 3540 3061 τῶν
3582 3010 3718 3078 dra-

2134 3094 2383 3149 πώντων
2430 3094 2536 3148 τὸν
2567 3096 2787 3163 Κύριον
2831 3090 3003 3164 ἡμῶν
3063 3095 3309 3163 Ἰησοῦν
3354 3096 3625 3163 Χριστὸν
3656 3096 3719 3149 ἐν

2133 3184 2458 3253 ἀφθαρσίᾳ.
2521 3182 2729 3251 Ἀμήν.
2792 3182 3059 3237 Ἐνταῦθα
3103 3183 3296 3245 διεῖλε,
3338 3184 3442 3253 τὴν
3495 3184 3717 3253 εἰρήνην

2134 3274 2253 3327 κατ’
2296 3272 2435 3327 ἰδίαν
2485 3271 2629 3337 θεὶς,
2678 3273 2772 3327 καὶ
2818 3271 2917 3343 τήν
2979 3273 3162 3344 χάριν.
3226 3272 3331 3329 Ἐν
3375 3272 3715 3341 ἀφθαρσίᾳ,

2134 3360 2329 3431 φησὶν,
2368 3360 2563 3429 Ἀμήν.
2616 3358 2683 3413 Τί
2727 3359 2897 3421 ἐστιν,
2942 3359 3040 3412 Ἐν
3085 3358 3426 3428 ἀφθαρσίας
3469 3358 3635 3411 Ἤτοι
3665 3360 3717 3411 ἐν

2133 3450 2488 3519 κοσμιότητι,
2536 3448 2571 3521 ἦ
2622 3446 2760 3518 ὑπὲρ
2812 3446 2922 3499 τῶν
2977 3445 3306 3516 ἀφθάρτων·
3365 3439 3481 3498 οἷον
3536 3445 3619 3517 μὴ
3664 3447 3716 3497 ὲν

2134 3536 2370 3609 πλούτῳ,
2412 3535 2549 3606 μηδὲ
2576 3538 2635 3589 ὲν
2673 3535 2820 3611 δόξῃ,
2852 3533 2968 3588 ἀλλ’
2999 3537 3058 3589 ὲν
3085 3534 3317 3596 ἐκείνοις
3342 3536 3460 3597 τοῖς
3502 3533 3716 3603 ἀφθάρο

2131 3630 2265 3687 τοις.
2296 3622 2445 3695 1186]
2482 3623 2577 3689 Τὸ,
2611 3624 2702 3687 ἐν,
2731 3622 2827 3677 διά
2865 3624 3003 3676 ἐστι.
3037 3622 3136 3675 Διὰ
3168 3622 3504 3693 ἀφθαρσίας,
3543 3622 3714 3691 φησί·

2131 3712 2399 3777 τουτέστι,
2424 3711 2493 3767 δι’
2516 3712 2739 3785 ἀρετῆς.
2768 3712 2925 3765 Πᾶσα
2950 3709 3058 3782 γὰρ
3094 3710 3337 3780 ἀμαρτία
3378 3709 3596 3783 φθορά·
3627 3710 3716 3763 καὶ

2132 3800 2387 3873 καθάπερ
2412 3800 2512 3872 τὴν
2533 3798 2804 3872 παρθένον
2826 3796 3144 3870 φθείρεσθαι
3164 3796 3420 3867 λέγομεν,
3444 3797 3595 3851 οὕτω
3624 3798 3714 3849 καὶ

2131 3887 2229 3959 τὴν
2248 3887 2449 3959 ψυχήν.
2474 3887 2576 3939 Διά
2599 3885 2758 3939 τοῦτο
2784 3886 2997 3949 Παῦλος
3022 3885 3174 3953 ἔλεγε
3200 3899 3215 3913 ⁸
3244 3884 3341 3954 Μή
3368 3902 3500 3951 πως
3516 3883 3715 3954 φθαρῇ

2130 3974 2203 4028 τὰ
2230 3974 2500 4044 νοήματα
2529 3972 2731 4044 ὑμῶν·
2761 3974 2857 4028 καὶ
2888 3973 3053 4027 πάλιν
3094 3972 3352 4044 ἀλλαχοῦ,
3399 3974 3502 4027 Ἐν
3526 3971 3601 4042 τῇ
3631 3972 3713 4026 δι-

2130 4062 2433 4129 δασκαλίᾳ
2458 4060 2873 4131 ἀδιαφθορίαν,
2902 4060 3056 4132 φησί.

2199 4212 2259 4261 ε’.
2292 4204 2358 4258 Τί
2384 4204 2512 4274 γὰρ,
2544 4204 2666 4260 εἰπέ
2694 4221 2807 4277 μοι,
2827 4203 3003 4276 φθορά
3016 4203 3303 4275 σώματος;
3325 4202 3448 4274 οὐχὶ
3466 4201 3708 4265 διάλυσις

2128 4294 2226 4349 τοῦ
2257 4294 2479 4358 παντὸς,
2511 4296 2610 4349 καὶ
2655 4293 2755 4365 τῆς
2801 4292 3105 4359 συνθέσεως
3147 4292 3360 4364 αύτῆς;
3394 4291 3574 4346 Τοῦτο
3618 4293 3707 4347 καὶ

2129 4384 2223 4438 ἐπὶ
2255 4383 2355 4454 τῆς
2392 4382 2574 4454 ψυχῆς
2629 4382 2864 4451 γίνεται,
2893 4381 2996 4451 τῆς
3033 4380 3306 4453 ἁμαρτίας
3333 4380 3703 4448 είσελθούσης.

2128 4472 2341 4535 Κάλλος
2400 4471 2509 4541 γάρ
2541 4470 2721 4541 ψυχῆς
2750 4469 3095 4542 σωφροσύνη,
3122 4471 3441 4539 δικαιοσύνη
3476 4487 3493 4497 ·
3530 4469 3706 4537 ὑγίεια

2126 4562 2307 4633 ψυχῆς
2334 4559 2576 4631 ἀνδρεία,
2611 4560 2895 4631 φρόνησις.
2931 4560 3000 4613 '0
3028 4576 3089 4613 τε
3118 4560 3228 4631 γάρ
3255 4560 3489 4632 αἰσχρὸς
3525 4559 3703 4612 δυσει-

2126 4649 2244 4720 δὴς,
2278 4649 2307 4701 6
2327 4665 2387 4702 τε
2427 4646 2778 4717 πλεονέκτης,
2808 4646 2838 4700 6
2864 4662 2923 4699 τε
2971 4648 3085 4710 τοῖς
3105 4647 3359 4717 πονηροῖς
3385 4646 3701 4714 πράγμασιν

2128 4735 2318 4791 ἑαυτὸν
2375 4735 2617 4797 ἐκδιδοὺς
2641 4775 2657 4799 ,
2690 4736 2719 4788 6
2750 4752 2808 4788 τε
2830 4733 3024 4798 δειλὸς.
3060 4734 3318 4805 ἄνανδρος
3356 4734 3452 4787 καὶ
3472 4732 3701 4801 ἀσθενὴς

2128 4824 2411 4897 καχεκτεῖ.
2447 4823 2571 4875 Ὀτι
2612 4821 2670 4877 δὲ
2728 4824 2787 4875 αἰ
2818 4822 3087 4894 ἁμαρτίαι
3122 4821 3327 4892 φθοράν
3347 4820 3696 4893 ἐργάζονται,

2127 4911 2381 4967 ἐντεῦθεν
2399 4909 2561 4979 δῆλον
2579 4924 2594 4939 ο
2628 4909 2725 4963 καὶ
2754 4909 2865 4979 γὰρ
2894 4910 3151 4980 αἰσχροὺς
3172 4908 3387 4963 ποιοῦσι
3421 4910 3519 4961 καὶ
3545 4907 3698 4961 ἀσθε-

2127 5003 2261 5067 νεῖς,
2291 4997 2389 5053 καὶ
2410 4997 2640 5066 κάμνειν
2666 4996 3164 5068 παρασκευάζουσι.
3181 4997 3459 5068 Φθαρῆναι
3482 4996 3592 5066 γάρ
3606 4995 3695 5064 τὴν

2126 5087 2400 5160 παρθένον
2440 5085 2537 5138 καὶ
2571 5083 2660 5138 διὰ
2685 5084 2845 5139 τοῦτο
2874 5085 3082 5157 κυρίως
3110 5083 3361 5155 λέγομεν,
3396 5084 3499 5154 οὐχ
3518 5084 3603 5137 ὅτι
3637 5081 3695 5135 τὺ

2127 5178 2289 5249 σῶμα
2321 5174 2603 5249 φθείρεται
2635 5174 2797 5249 μόνον
2827 5213 2842 5238 ,
2868 5173 3007 5227 ἀλλά
3042 5173 3131 5227 διά
3173 5173 3273 5243 τὴν
3308 5173 3656 5244 παρανομίαν
3675 5186 3691 5202 ·

2124 5266 2186 5320 τὸ
2205 5265 2314 5337 γάρ
2336 5265 2620 5337 γινόμενον
2639 5263 2786 5336 μῖξίς
2815 5263 2986 5315 ἐστιν*
3010 5262 3060 5316 εί
3085 5262 3141 5315 δὲ
3162 5260 3323 5314 τοῦτο
3351 5260 3419 5331 ἦν
3440 5262 3475 5331 ή
3501 5260 3689 5331 φθορὰ,

2123 5350 2192 5425 ἦν
2222 5355 2289 5408 ἂν
2339 5354 2435 5410 καὶ
2481 5354 2658 5424 γάμος
2706 5351 2904 5423 φθορά.
2935 5351 3098 5404 Ὥστε
3126 5351 3223 5422 οὐχ
3255 5351 3289 5420 ή
3318 5349 3466 5419 μῖξις
3493 5348 3682 5419 φθορά,

2124 5443 2243 5501 ἀλλ’
2277 5445 2311 5515 ή
2367 5444 2616 5515 ἁμαρτία
2640 5459 2655 5473 ·
2694 5442 2899 5514 ¹ᾔσχυνε
2940 5442 3051 5510 γάρ
3076 5442 3270 5512 αὐτήν.
3294 5441 3495 5493 Σκόπει
3523 5440 3580 5493 δὲ
3606 5440 3691 5491 καὶ

2125 5532 2298 5595 ἄλλως
2328 5548 2341 5562 ⁸
2376 5530 2551 5603 φθορά
2570 5530 2748 5593 οἰκίας
2771 5529 2826 5583 τί
2856 5528 3070 5596 γένοιτο
3092 5529 3182 5592 ἂν,
3210 5528 3243 5598 ἢ
3273 5528 3521 5590 διάλυσις
3548 5544 3563 5586 ;
3590 5525 3691 5579 Καὶ
3728 5526 3739 5535 ’

2125 5619 2400 5690 πανταχοῦ
2434 5621 2468 5691 ὴ
2498 5619 2677 5692 φθορά
2702 5616 2977 5689 μεταϐολή
3002 5617 3085 5679 τίς
3111 5617 3262 5669 ἐστιν
3281 5616 3376 5669 ἐπὶ
3403 5615 3463 5668 τὸ
3494 5618 3687 5686 χεῖρον,

2129 5710 2213 5777 ἐφ’
2240 5708 2435 5781 ἑτέραν
2471 5706 2586 5770 ἕξιν
2648 5706 2741 5760 καὶ
2781 5704 3087 5774 ἀφανισμὸν
3117 5703 3212 5757 τοῦ
3250 5705 3520 5774 προτέρου
3556 5719 3689 5771 γινο-

2128 5796 2287 5867 μένη.
2341 5794 2541 5848 Ἄκουε
2588 5792 2697 5862 γὰρ
2750 5793 2848 5861 τῆς
2909 5791 3129 5862 Γραφῆς
3177 5790 3445 5860 λεγούσης
3476 5806 3493 5821 ⁵
3549 5794 3685 5844 Κατ·

2127 5884 2362 5953 ἐφθειρε
2397 5880 2564 5939 πᾶσα
2610 5878 2768 5948 σὰρξ
2800 5880 2909 5947 τὴν
2946 5879 3089 5934 ὀδόν
3116 5876 3307 5948 αὐτῆς
3340 5895 3351 5908 ·
3386 5880 3479 5934 καὶ
3510 5877 3681 5942 πάλιν,
