3974 6518
258 450 355 505 173

244 559 526 617 ntauifests
552 560 666 630 ejus
693 562 858 616 virtus
905 601 919 626 ,
949 577 1053 616 non
1081 571 1280 617 lautam
1309 564 1634 633 acquisiisset
1663 578 1801 616 mer—

242 657 451 711 cedem.
493 657 848 724 Quamobrem
895 657 1078 714 dilatio
1116 674 1222 713 non
1255 669 1372 714 erat
1413 660 1624 714 invidia!
1650 700 1667 726 ,
1706 659 1802 713 sed

237 763 386 802 cura:
418 762 480 801 ac
508 746 872 817 providentius.

308 840 362 892 4.
401 839 476 893 De
518 842 668 892 Anna
706 849 864 894 matre
898 839 1172 895 Samuelis.
1195 871 1267 881 —
1290 841 1512 909 Quando
1551 857 1677 910 ergo
1704 857 1802 896 au-

236 927 404 982 dieris
432 928 758 998 Scripturam
787 930 1049 984 dicentem
1072 969 1086 993 ,
1122 930 1267 996 Quod
1291 932 1542 986 conclusit
1563 933 1670 996 eius
1696 933 1804 986 vul-

236 1035 369 1078 vam,
417 1029 462 1072 et
499 1020 632 1088 quod
669 1021 831 1088 ipsam
872 1021 940 1072 ad
981 1021 1113 1074 iram
1140 1021 1438 1092 provocabat
1466 1023 1573 1086 eius
1596 1022 1800 1084 tantula,

237 1110 411 1175 cogita
443 1109 612 1177 ipsum
641 1109 924 1165 ostendere
953 1110 1091 1166 velle
1117 1111 1354 1166 mulieris
1383 1111 1797 1182 philosophiam.

234 1198 532 1253 Considera
581 1200 724 1255 enim
775 1218 790 1256 :
840 1201 1068 1256 habebat
1120 1203 1366 1256 maritum
1428 1202 1800 1258 inservientem

234 1291 330 1345 sibi
367 1309 383 1344 :
414 1291 547 1346 dixit
588 1292 729 1346 enim
761 1291 827 1345 ad
871 1307 1017 1356 eam,
1068 1290 1187 1346 Non
1230 1309 1319 1362 ego
1348 1293 1436 1347 tibi
1478 1310 1589 1346 sum
1627 1294 1804 1346 melior
1843 1363 1846 1366 ι

233 1399 384 1457 quam
414 1383 581 1436 decem
606 1383 702 1450 ﬁlii
727 1383 752 1436 Ρ
785 1382 847 1436 Et
876 1384 1057 1454 ipsam,
1094 1383 1278 1453 inquit,
1313 1384 1381 1437 ad
1403 1386 1530 1438 iram
1561 1400 1801 1454 proroca-

232 1479 312 1530 bat
346 1479 463 1548 ejus
498 1477 681 1531 azmula
711 1493 730 1542 ;
757 1477 858 1532 hoc
885 1487 984 1541 est,
1016 1478 1222 1547 probris
1263 1478 1546 1542 afficiebat,
1575 1479 1796 1532 insulta-

233 1570 318 1624 bat
351 1589 367 1624 :
407 1581 459 1624 et
480 1586 596 1624 eam
625 1586 910 1640 numquam
943 1584 1024 1626 est
1054 1570 1183 1636 ulta,
1211 1571 1472 1640 nequeilli
1499 1580 1581 1625 est
1607 1570 1798 1639 impre-

231 1671 366 1724 cata,
408 1677 577 1730 neque
602 1662 756 1726 dixit,
781 1661 1036 1729 Quoniam
1068 1677 1151 1716 me
1180 1662 1389 1730 probris
1410 1660 1794 1725 afﬁcitmmula,

230 1765 312 1805 me
363 1751 596 1803 vindica.
645 1751 882 1806 llabebat
928 1751 1014 1804 illa
1066 1749 1368 1816 tilios;sed
1419 1749 1533 1804 ιιωο
1572 1749 1800 1804 habebat

231 1840 407 1895 mariti
449 1841 788 1896 dilectionem
831 1857 895 1896 ex
935 1857 1089 1912 :equo
1127 1842 1174 1896 ei
1223 1841 1655 1911 respondentem.
1686 1840 1797 1895 Hoc

228 1947 355 2001 ergo
377 1932 549 2001 ipsam
573 1933 878 1988 consolatus
900 1943 982 1988 est
1008 1933 1209 1998 dicens,
1241 1933 1360 1987 Non
1382 1934 1469 1986 tibi
1489 1949 1601 1986 sum
1619 1932 1796 1986 melior

227 2042 374 2093 quant
409 2026 580 2077 decem
609 2027 749 2093 ﬁlii?
775 2026 877 2080 Sed
913 2039 1094 2080 rursus
1122 2025 1394 2080 videamus
1423 2026 1659 2081 mulieris
1687 2025 1796 2094 phi-

232 2117 550 2186 Iosephiatu.
589 2115 658 2170 Et
701 2119 1014 2184 existimavit,
1059 2119 1247 2188 inquit,
1285 2117 1400 2172 Heli
1437 2135 1546 2172 eam
1585 2118 1790 2171 ebriam.

227 2207 326 2262 Sed
374 2207 496 2263 vide
525 2208 651 2278 quid
695 2209 805 2277 ipsa
838 2210 885 2263 ei
922 2210 1080 2274 dicat,
1115 2209 1198 2263 Ne
1223 2219 1439 2278 reputes,
1482 2210 1672 2278 inquit,
1703 2226 1795 2262 an-

228 2300 398 2354 cillam
429 2310 568 2352 tuam
594 2301 754 2368 ﬁliam
783 2303 1097 2372 perditionis,
1126 2303 1364 2372 quoniam
1389 2318 1451 2355 ex
1472 2301 1793 2355 multitudine

226 2391 566 2444 meditationis
595 2407 718 2446 mete
761 2393 1030 2461 liquefacta
1070 2409 1180 2446 sum
1211 2394 1306 2446 huc
1349 2410 1522 2458 usque.
1557 2393 1669 2448 Hoc
1711 2403 1793 2449 est

227 2496 351 2538 vere
376 2481 592 2537 contriti
614 2482 810 2548 cordis,
839 2483 1050 2553 quando
1075 2499 1179 2539 non
1206 2500 1388 2538 sumus
1407 2486 1580 2554 asperi
1612 2486 1664 2539 in
1695 2500 1790 2541 eos

224 2574 316 2642 qui
342 2588 438 2629 nos
465 2575 801 2629 contumeliis
830 2573 1090 2639 afﬁciunt,
1124 2575 1334 2645 quando
1362 2590 1465 2630 non
1494 2591 1633 2646 :egre
1661 2576 1790 2632 feri-

232 2681 372 2731 tuus,
387 2665 596 2735 quando
611 2681 711 2720 nos
735 2680 1070 2722 excusamus.
1091 2667 1229 2722 Nihil
1247 2683 1396 2738 reque
1413 2668 1536 2722 facit
1560 2669 1788 2722 animam

236 2755 564 2826 philosophia
605 2757 878 2828 prmditam
916 2769 1075 2829 atque
1116 2759 1332 2814 afflictio
1365 2777 1378 2811 :
1410 2759 1550 2814 nulla
1595 2775 1681 2815 res
1710 2768 1792 2815 est

229 2865 386 2918 :rque
405 2849 651 2918 jucunda,
681 2860 838 2920 atque
863 2850 1034 2905 luctus
1059 2851 1148 2921 qui
1175 2850 1463 2906 secundum
1495 2851 1656 2906 Deum
1688 2859 1787 2906 est.

228 2939 318 2993 Ιιέ
361 2942 672 2996 multitudine
717 2943 1052 2997 meditationis
1096 2960 1236 3008 mete,
1284 2944 1472 3014 inquit,
1523 2946 1792 3016 liquefacta

224 3048 337 3085 sum
369 3032 468 3085 Ituc
491 3049 660 3101 usque.
693 3033 838 3087 Hanc
868 3048 1053 3088 omnes
1092 3033 1377 3088 imitemur.
1416 3035 1608 3089 Audite
1636 3045 1791 3105 quot-

220 3135 350 3193 quot
375 3125 506 3179 estis
524 3125 753 3188 steriles,
777 3134 830 3180 et
847 3126 1022 3180 audite
1043 3141 1389 3197 quaecumque
1418 3128 1606 3184 amatis
1629 3128 1785 3194 filios,

223 3216 406 3271 audite
446 3226 501 3273 et
545 3218 646 3273 viri
685 3227 738 3273 et
778 3219 1026 3273 mulieres
1059 3236 1072 3272 :
1106 3235 1225 3272 nam
1253 3219 1350 3273 viri
1397 3235 1608 3289 quoque
1646 3236 1789 3290 Step6

226 3310 585 3364 contulerunt.
629 3310 765 3364 Audi
806 3309 1133 3378 Scripturam
1176 3310 1438 3366 dicentem
1473 3329 1485 3366 :
1526 3312 1593 3366 Et
1630 3316 1790 3368 oravit

220 3399 371 3454 lsaa:
421 3417 514 3468 pro
558 3416 714 3454 uxore
753 3418 847 3454 sua
887 3401 1140 3466 Rebecca,
1184 3403 1422 3470 quoniam
1461 3411 1566 3455 erat
1604 3405 1788 3458 sterilis

220 3494 388 3562 (Gen.
417 3493 509 3548 25.
541 3493 605 3548 2|
634 3495 672 3562 ).
705 3492 918 3563 Magnas
957 3493 1097 3548 enim
1142 3507 1230 3548 res
1274 3502 1448 3562 potest
1483 3496 1673 3548 oratio.
1723 3494 1788 3549 In

217 3587 378 3650 omni,
427 3585 620 3656 inquit,
663 3585 923 3647 instantia,
970 3594 1017 3638 et
1056 3583 1390 3639 obsecratione
1428 3602 1519 3654 pro
1561 3586 1788 3640 omnibus

214 3680 429 3741 sanctis,
461 3688 510 3733 et
541 3694 633 3746 pro
663 3693 738 3731 me
765 3694 784 3741 ;
829 3678 1058 3748 seipsum
1101 3691 1305 3747 ponens
1344 3677 1605 3732 ultimum.
1649 3678 1784 3746 Quid

218 3769 366 3831 facis.
402 3784 435 3824 ο
462 3769 615 3824 heate
645 3768 822 3831 Paule,
857 3769 1082 3838 teipsum
1106 3769 1256 3838 ponis
1277 3769 1519 3824 ultimum
1543 3770 1566 3823 ?
1589 3770 1783 3836 Etiam,

217 3859 414 3929 inquit,
449 3857 517 3914 Ut
541 3860 689 3914 detur
713 3860 836 3912 milii
855 3876 1016 3913 sermo
1039 3859 1093 3914 in
1120 3861 1376 3930 apertione
1401 3861 1502 3916 oris
1530 3863 1644 3928 mei,
1672 3880 1784 3916 cum

216 3952 413 4018 ﬁducia
449 3960 621 4004 notum
654 3953 820 4020 facere
855 3951 1140 4022 mysterium
1167 3953 1423 4023 evangelii,
1458 3971 1549 4023 pro
1575 3971 1671 4024 quo
1706 3955 1782 4009 le-

212 4043 424 4111 gatione
461 4041 646 4112 {ungor
699 4042 752 4095 in
786 4051 978 4095 catena.
1023 4041 1123 4098 Ubi
1172 4040 1409 4112 fungeris
1470 4043 1782 4114 legatione?

215 4133 366 4201 Apud
399 4131 663 4196 homines,
694 4130 881 4202 inquit.
905 4131 1078 4201 Papae,
1104 4141 1298 4202 quanta
1325 4133 1414 4189 Dei
1442 4134 1738 4204 benignitas
1765 4138 1779 4192 !

215 4224 361 4278 misit
401 4237 435 4278 e
471 4222 616 4276 aclis
643 4223 733 4292 qui
765 4237 860 4292 pro
886 4223 999 4293 ipso
1027 4221 1369 4293 fungerentur
1396 4225 1658 4295 legatione
1687 4241 1782 4296 pro

217 4329 343 4382 [tace
372 4331 390 4367 :
430 4323 485 4368 et
514 4329 608 4368 eos
632 4322 816 4382 captos
841 4313 1121 4368 vinxerunt
1151 4313 1412 4380 homines,
1441 4325 1495 4371 et
1520 4332 1586 4371 ne
1612 4317 1781 4386 legem

213 4405 436 4474 quidem
469 4403 729 4474 publicam
760 4412 879 4459 sunt
904 4405 1135 4469 reveriti,
1160 4405 1298 4473 quod
1329 4405 1377 4460 ei
1406 4407 1495 4475 qui
1522 4406 1784 4476 legatione

216 4497 458 4568 fungitur
483 4495 614 4551 nihil
656 4513 902 4567 umquam
933 4496 1020 4551 ﬂat
1062 4498 1206 4552 mali.
1240 4497 1344 4552 Sed
1374 4508 1546 4553 tamen
1574 4515 1672 4569 ego
1704 4511 1783 4554 te-

213 4589 435 4658 gatione
477 4589 666 4658 iungor
691 4588 741 4643 in
779 4599 984 4644 catena.
1016 4588 1178 4660 Urget
1203 4599 1389 4645 catena
1418 4605 1479 4646 os
1504 4592 1784 4648 obstruens

213 4681 469 4750 loquendi
506 4681 769 4746 libertati,
798 4680 890 4735 sed
927 4692 1115 4736 vestrm
1152 4698 1332 4751 preces
1370 4697 1430 4736 os
1456 4699 1628 4738 meum
1659 4699 1785 4754 ape-

213 4775 374 4837 riunt,
417 4783 476 4827 ut
504 4773 553 4826 in
585 4787 648 4826 eo
677 4772 842 4826 libere
869 4771 1061 4834 dicam,
1091 4782 1149 4826 ut
1174 4788 1257 4827 me
1286 4782 1495 4843 Oportet
1524 4774 1700 4844 loqui;
1731 4776 1782 4830 id

209 4875 310 4928 est,
342 4865 422 4922 Ut
444 4880 504 4920 ea
531 4864 705 4918 omnia
735 4863 904 4919 dicam
936 4863 1000 4918 ad
1029 4880 1146 4933 qua:
1171 4864 1388 4918 dicenda
1419 4881 1533 4919 smn
1565 4868 1778 4922 missus.

215 4956 283 5011 Ut
312 4967 489 5010 autent
517 4964 562 5008 et
591 4971 676 5010 vos
699 4956 887 5020 sciatis,
914 4971 1026 5026 qua:
1050 4956 1182 5008 circa
1210 4972 1290 5009 me
1311 4948 1444 5023 sunt,
1469 4957 1589 5026 quid
1613 4975 1780 5028 agam,

209 5049 385 5101 omnia
430 5047 563 5101 vobis
602 5056 720 5100 nota
760 5046 907 5113 faciet
935 5044 1182 5115 Tyclticus
1205 5047 1492 5100 carissimus
1521 5051 1696 5117 frater,
1737 5058 1786 5102 et

214 5141 382 5204 fidelis
411 5139 635 5192 minister
654 5139 706 5191 in
731 5136 966 5191 Domino.
995 5137 1046 5192 Si
1075 5146 1156 5192 est
1181 5138 1367 5200 fidelis,
1398 5138 1524 5191 nihil
1558 5139 1782 5194 mentie-

214 5242 318 5294 tur,
353 5229 453 5284 ςεά
485 5229 662 5282 omnia
693 5245 815 5282 vera
844 5229 1001 5282 dicet.
1039 5229 1196 5294 Quem
1236 5230 1349 5281 misi
1382 5229 1448 5281 ad
1476 5245 1560 5282 vos
1597 5231 1649 5282 in
1692 5230 1785 5283 hoc

213 5321 406 5385 ipsum,
429 5331 483 5370 ut
507 5319 839 5390 cognoscatis,
863 5333 976 5388 qua:
999 5319 1131 5370 circa
1157 5335 1246 5370 nos
1272 5329 1406 5381 sunt,
1435 5330 1480 5371 et
1502 5321 1784 5373 consoletur

214 5411 372 5462 corda
403 5420 588 5463 uestra.
626 5409 799 5478 Papae,
832 5418 1024 5477 quanta
1058 5411 1247 5464 caritas
1281 5411 1293 5463 !
1323 5409 1396 5463 Ne
1419 5411 1574 5465 liceat
1600 5411 1783 5466 volen-

215 5504 356 5555 tibus
403 5519 496 5555 vos
537 5512 774 5564 terrere;
807 5511 888 5555 est
922 5501 1063 5555 enim
1106 5501 1378 5556 virisimile
1405 5517 1499 5557 eos
1531 5501 1692 5558 fuisse
1729 5504 1780 5558 in

214 5596 378 5646 rebus
415 5593 654 5647 adversis
678 5601 733 5646 et
762 5593 999 5647 molestiis
1032 5610 1043 5643 :
1074 5592 1200 5646 illud
1227 5593 1367 5647 enim
1388 5635 1402 5657 ,
1433 5594 1785 5648 Consolabitur

213 5687 375 5737 corda
407 5695 600 5745 vestra.
643 5683 744 5738 hoc
787 5685 1100 5739 subindicat.
1140 5684 1215 5739 Ne
1245 5684 1414 5748 sinat,
1450 5686 1648 5754 inquit,
1689 5702 1784 5741 vos

210 5779 398 5842 dojiei.
424 5778 514 5832 23.
551 5776 665 5830 Pax
688 5777 926 5847 fratribus
947 5787 991 5830 et
1017 5778 1202 5831 caritas
1227 5794 1338 5830 cum
1364 5779 1464 5846 ﬁde
1490 5796 1520 5831 a
1551 5778 1656 5832 Deo
1684 5779 1784 5832 Pa—

212 5877 284 5920 trc
307 5881 362 5923 et
397 5867 608 5922 Domino
637 5867 756 5923 .lcsu
785 5869 999 5923 Cltt'isto.
1031 5868 1187 5939 Optat
1213 5869 1289 5924 eis
1318 5885 1532 5940 pacem,
1562 5879 1615 5926 et
1643 5871 1778 5925 cati

1090 450 1156 507 IN
1193 451 1403 508 EPIST.
1445 453 1534 506 AD
1573 451 1812 508 EPHES.
1853 452 2005 507 CAP.
2047 453 2133 508 Vl.
2174 455 2400 512 HOMIL.
2442 458 2632 517 XXIV.

3287 440 3293 448 '
3373 460 3474 519 m

1913 571 2071 618 tatem
2102 582 2221 620 cum
2253 567 2373 622 fide.
2407 570 2570 625 llecte
2604 571 2774 636 dixit;
2808 575 2917 628 vult
2947 577 3086 629 enim
3116 591 3208 629 eos
3237 592 3340 630 non
3383 589 3462 632 ut-

1907 666 2134 723 Cmnque
2163 656 2357 712 habere
2387 661 2644 714 rationem
2676 664 2926 729 caritatis,
2959 681 3058 720 nec
3087 682 3146 720 se
3173 667 3472 726 admiscere

1907 758 2026 797 cum
2067 745 2133 799 iis
2173 748 2263 816 qui
2301 761 2424 802 sunt
2460 750 2686 805 diversm
2730 754 2871 808 fidei.
2919 756 3024 810 Aut
3067 757 3186 821 hoc,
3220 770 3310 812 aut
3341 759 3467 814 illud

1907 836 2053 900 dicit,
2076 847 2130 891 ut
2152 849 2206 894 et
2226 839 2325 908 ipsi
2353 842 2508 896 fidem
2532 844 2774 908 habeant,
2799 857 2848 900 et
2873 847 2942 903 de
2969 848 3155 903 futuris
3176 851 3465 908 confidant.

1907 924 2014 978 Pas
2045 943 2167 996 erga
2198 929 2359 983 Deum
2387 940 2440 984 et
2459 934 2668 987 Caritas.
2699 934 2828 988 Nam
2855 937 2903 989 si
2931 938 3000 991 sit
3027 954 3146 1007 pax,
3176 941 3280 994 erit
3307 942 3466 995 etiam

1905 1017 2099 1072 caritas
2128 1036 2140 1068 :
2169 1020 2212 1073 si
2255 1021 2482 1088 caritas,
2519 1025 2621 1078 erit
2655 1025 2813 1079 etiam
2859 1042 2978 1096 pax.
3025 1029 3148 1083 Cum
3178 1033 3296 1099 ﬁde.
3326 1032 3467 1088 Nihil

1907 1107 2048 1162 cnim
2081 1110 2293 1178 prodest
2321 1114 2513 1168 caritas
2538 1116 2739 1184 absque
2766 1116 2866 1170 fide
2890 1132 2904 1174 :
2931 1117 3038 1172 ituo
3069 1135 3197 1174 vero
3225 1137 3289 1176 ne
3314 1123 3469 1178 aliter

1903 1198 2116 1278 quidem
2147 1199 2306 1255 fuerit
2330 1205 2540 1258 caritas.
2569 1205 2658 1259 24.
2697 1203 2767 1258 Et
2791 1207 2955 1275 gratia
2983 1224 3093 1264 cum
3129 1211 3355 1266 omnibus
3382 1213 3467 1280 qui

1906 1286 2122 1358 diligunt
2155 1289 2426 1345 Dominum
2453 1304 2679 1348 nostrum
2713 1294 2889 1349 Jesum
2924 1295 3178 1351 Christum
3213 1301 3267 1354 in
3301 1303 3467 1356 incor-

1901 1381 2151 1450 ruptione.
2191 1383 2367 1438 Amen.
2414 1385 2510 1440 llic
2548 1386 2744 1453 divisit,
2777 1403 3016 1444 seorsum
3049 1392 3216 1460 posita
3259 1409 3385 1461 pace
3412 1403 3466 1449 et

1900 1471 2085 1540 gratia.
2136 1472 2201 1527 In
2237 1475 2628 1545 incorruptione,
2673 1479 2861 1546 inquit,
2893 1480 3070 1534 Amen.
3103 1482 3241 1548 Quid
3267 1493 3368 1548 est,
3397 1483 3464 1537 In

1900 1565 2274 1636 incorruptione
2295 1571 2321 1622 .9
2349 1571 2455 1623 Aut
2485 1571 2536 1624 in
2567 1573 2843 1626 honestate
2865 1582 2920 1627 et
2955 1574 3319 1629 moderatione
3339 1617 3352 1638 ,
3375 1589 3466 1630 aut

1900 1670 1996 1724 pro
2027 1657 2088 1711 iis
2119 1659 2168 1710 in
2208 1674 2342 1728 quos
2380 1676 2484 1714 non
2523 1661 2666 1716 cadit
2694 1665 3005 1732 corruptio;
3043 1680 3234 1734 nempe
3264 1682 3368 1719 non
3409 1668 3461 1720 in

1898 1746 2118 1812 divitiis,
2150 1764 2254 1802 non
2293 1751 2344 1804 in
2383 1752 2572 1821 gloria,
2610 1753 2701 1807 sed
2734 1755 2783 1807 in
2815 1755 2919 1808 illis
2948 1756 2997 1809 in
3031 1772 3149 1826 qtae
3186 1772 3288 1811 non
3319 1759 3462 1811 cadit

1896 1839 2186 1908 corruptio.
2221 1840 2368 1903 Illud,
2391 1843 2463 1905 in,
2496 1842 2636 1898 idem
2662 1853 2744 1899 est
2768 1845 2925 1914 quod,
2960 1863 3066 1914 per.
3097 1848 3197 1902 Per
3219 1849 3460 1902 incorru-

1896 1930 2128 1997 ptionem
2147 1970 2162 1995 ,
2199 1930 2406 2000 inquit;
2448 1933 2548 1987 hoc
2573 1944 2672 1996 est,
2703 1950 2797 2003 per
2823 1937 3088 1991 virtutem.
3119 1938 3286 1992 Omne
3316 1941 3458 1994 enim

1896 2021 2080 2074 vitium
2109 2031 2191 2076 est
2217 2025 2506 2092 corruptio,
2533 2034 2587 2078 et
2621 2027 2756 2080 sicut
2793 2028 3050 2097 virginem
3077 2033 3340 2100 corrumpi
3369 2031 3456 2085 di-

1894 2113 2085 2180 cimus,
2127 2115 2197 2168 ita
2223 2115 2381 2169 etiam
2410 2116 2662 2171 animam.
2693 2118 2975 2186 Propterea
3003 2120 3212 2174 dicebat
3242 2122 3456 2186 Paulus,

1897 2201 1978 2257 Ne
2001 2215 2386 2274 corrumpantur
2410 2223 2586 2261 sensus
2613 2210 2761 2262 vestri
2788 2209 2858 2279 (2.
2875 2210 2991 2264 Cor.
3019 2211 3105 2265 ll.
3128 2212 3182 2280 5)
3209 2229 3222 2275 ;
3251 2223 3302 2264 et
3335 2229 3456 2265 rur-

1893 2309 2011 2348 sum
2055 2295 2200 2361 alibi,
2247 2295 2316 2350 In
2352 2297 2578 2351 doctrina
2613 2299 3036 2370 incorruptionem
3075 2301 3246 2372 (Tim.
3275 2301 3328 2355 2.
3363 2302 3454 2374 7),

1891 2385 2084 2456 inquit.

1963 2478 2015 2532 5.
2057 2478 2192 2545 Quid
2233 2487 2316 2534 est
2342 2481 2514 2544 enim,
2547 2481 2632 2536 dic
2670 2481 2797 2534 mihi
2823 2523 2839 2548 ,
2867 2482 3140 2551 corruptio
3169 2483 3454 2551 corporis?

1891 2584 2068 2623 annon
2096 2569 2375 2625 dissolutio
2401 2572 2594 2636 totius,
2627 2581 2681 2626 et
2702 2571 2815 2640 ejus
2852 2573 3254 2640 compositionis
3282 2575 3304 2626 ?
3342 2574 3453 2628 Hoc

1889 2662 2048 2715 etiam
2081 2660 2139 2714 fit
2164 2661 2430 2724 inanima,
2463 2662 2514 2716 in
2545 2644 2660 2716 eam
2684 2661 2920 2730 ingresso
2951 2675 3183 2732 peccato.
3215 2664 3454 2718 Pulchri-

1891 2751 2019 2806 tudo
2059 2753 2200 2807 enim
2231 2752 2422 2807 anima:
2458 2762 2539 2808 est
2567 2755 2933 2823 temperantia,
2979 2755 3220 2822 justitia;
3253 2757 3451 2810 sanitas

1891 2851 2082 2900 anima:
2123 2856 2204 2900 est
2235 2843 2517 2912 fortitudo,
2555 2845 2851 2915 prudentia.
2891 2846 3022 2900 Nam
3053 2846 3142 2914 qui
3177 2855 3258 2900 est
3284 2847 3450 2916 turpis

1891 2945 1946 2990 et
1971 2936 2305 3000 inhonestus,
2336 2944 2418 2990 est
2439 2934 2716 3001 deformis,
2745 2946 2799 2990 ct
2825 2937 3015 3005 quiest
3039 2951 3248 2999 avarus,
3277 2946 3332 2990 et
3359 2937 3452 3005 qui

1890 3042 1949 3083 se
1975 3028 2120 3083 dedit
2149 3028 2307 3082 rebus
2342 3028 2496 3083 malis
2514 3069 2531 3096 ,
2574 3036 2627 3082 et
2653 3029 2741 3097 qui
2782 3040 2862 3083 est
2889 3027 3120 3092 timidus,
3154 3029 3372 3098 ignavus
3399 3038 3452 3083 et

1890 3119 2203 3182 imbecillus,
2254 3127 2337 3174 est
2382 3119 2534 3173 malae
2582 3117 2922 3172 habitudinis.
2973 3118 3124 3186 Quod
3163 3133 3287 3173 vero
3327 3135 3450 3188 pec-

1889 3220 2004 3266 cata
2029 3221 2316 3279 operentur
2341 3211 2894 3280 corruptionem,hinc
2908 3211 3077 3279 palam
3107 3219 3189 3264 est
3212 3228 3224 3263 :
3255 3210 3452 3264 faciunt

1890 3302 2034 3357 enim
2061 3310 2243 3370 turpes
2282 3311 2335 3356 et
2361 3301 2674 3366 imbecillos,
2705 3311 2761 3356 et
2784 3301 3018 3356 efficiunt
3047 3313 3102 3355 ut
3129 3302 3371 3357 laborent
3397 3313 3451 3356 et

1889 3392 2258 3461 defetigentur.
2289 3391 2601 3460 Corruptam
2641 3392 2782 3446 enim
2819 3406 2938 3446 esse
2967 3391 3254 3461 virginem,
3288 3392 3447 3447 etiam

1889 3483 2011 3537 ideo
2048 3484 2256 3552 proprie
2286 3481 2527 3547 dicimus,
2563 3497 2668 3536 non
2697 3483 2838 3552 quod
2865 3494 3232 3552 corrumpatur
3256 3498 3450 3552 corpus

1889 3573 2078 3636 solum,
2106 3573 2196 3626 sed
2237 3583 2452 3642 propter
2489 3572 2816 3642 iniquitatem
2843 3591 2856 3626 :
2886 3589 3006 3626 nam
3037 3573 3086 3628 id
3111 3573 3249 3644 quod
3281 3574 3339 3628 fit
3365 3583 3449 3628 est

1887 3664 2059 3720 Cuilus
2084 3681 2096 3727 ;
2126 3664 2168 3717 si
2212 3664 2312 3718 hoc
2350 3672 2527 3717 autem
2571 3673 2713 3718 esset
2755 3665 3060 3733 corruptio,
3096 3673 3236 3719 esset
3284 3665 3443 3718 etiam

1889 3754 2279 3808 matrimonium
2316 3754 2604 3823 corruptio.
2638 3753 2753 3809 Non
2793 3754 2982 3820 coitus,
3026 3755 3118 3810 sed
3166 3765 3440 3824 peccatum

1888 3857 1969 3901 est
2005 3847 2309 3914 corruptio:
2343 3847 2514 3916 ipsum
2540 3846 2680 3902 enim
2723 3846 2983 3902 dedecore
3020 3847 3213 3903 affecit.
3243 3847 3443 3903 Domus

1885 3950 2060 3995 autem
2101 3941 2226 4010 quid
2269 3939 2428 3995 fuerit
2475 3939 2776 4008 corruptio,
2821 3955 2978 4010 quam
3019 3941 3342 3996 dissolutio?
3383 3940 3450 3996 Et

1885 4033 2082 4104 ubique
2127 4033 2397 4103 corruptio
2440 4041 2534 4089 est
2561 4033 2802 4104 quaedam
2851 4033 2903 4087 in
2940 4033 3171 4088 deterius
3202 4035 3444 4099 mutatio,

1885 4143 2002 4198 qua:
2034 4127 2088 4180 fit
2116 4128 2167 4181 in
2190 4127 2350 4182 alium
2375 4126 2630 4193 habitum,
2658 4136 2711 4182 et
2733 4126 2799 4180 ad
2821 4127 3140 4182 deletionem
3168 4125 3282 4195 ejus
3305 4128 3446 4196 quod

1883 4228 2001 4276 erat
2027 4219 2192 4290 prius.
2217 4219 2354 4274 Audi
2380 4219 2520 4274 enim
2547 4219 2873 4289 Scripturam
2900 4220 3182 4287 dicentem,
3210 4222 3447 4292 Corrupit

1886 4311 2047 4364 omnis
2074 4327 2191 4363 caro
2226 4312 2358 4364 viam
2398 4327 2539 4363 suam
2586 4309 2747 4379 (Gen.
2773 4309 2827 4365 6.
2857 4311 2960 4382 12)
2985 4329 2999 4376 ;
3042 4321 3096 4368 et
3123 4329 3306 4368 rursus
3328 4356 3344 4378 ,
3377 4314 3446 4368 In

1886 4405 2205 4467 corruptione
2233 4402 2536 4455 intolerabili
2563 4419 2582 4466 ;
2605 4411 2660 4456 et
2696 4416 2896 4465 rursus,
2942 4401 3184 4458 Homines
3222 4406 3446 4475 corrupti
3486 4419 3497 4429 '

1885 4506 2046 4545 mente
2068 4495 2142 4562 ('2.
2173 4490 2303 4544 Tim.
2332 4492 2384 4545 5.
2412 4491 2487 4560 8).
2514 4491 2866 4559 Corruptibile
2883 4503 3445 4562 estcorpusnostrmu,

1885 4585 1980 4641 sed
2009 4586 2183 4638 anima
2213 4584 2646 4653 incorruptibilis.
2683 4584 2760 4639 Ne
2785 4585 2962 4654 itaque
2997 4586 3162 4655 ipsam
3205 4603 3445 4642 corrum-

1885 4693 2112 4747 pamus:
2150 4677 2249 4730 hoc
2284 4676 2409 4732 fecit
2451 4677 2594 4746 prius
2632 4688 2941 4747 peccatum;
2985 4681 3123 4749 quod
3169 4682 3226 4735 fit
3265 4691 3442 4736 autem

1887 4778 2005 4838 post
2031 4768 2296 4822 lavacrum
2316 4809 2330 4833 ,
2361 4776 2534 4838 potest
2558 4770 2713 4823 etiam
2739 4769 2969 4823 animam
2999 4785 3362 4840 corrumpere,
3392 4780 3448 4826 et

1885 4859 2097 4914 eflicere
2119 4867 2174 4911 ut
2199 4857 2348 4913 facile
2371 4860 2486 4927 capi
2515 4861 2685 4926 possit
2712 4876 2740 4912 a
2771 4875 2959 4915 verme
2983 4862 3262 4917 immortali
3294 4881 3306 4913 τ
3335 4879 3444 4918 non

1885 4949 2025 5004 enim
2045 4947 2323 5016 attigisset,
2349 4947 2450 5002 nisi
2464 4950 2856 5018 corruptibilem
2883 4950 3169 5007 invenisset
3187 4954 3438 5008 animam.

1885 5039 2234 5094 Adamantem
2272 5055 2374 5092 non
2406 5038 2614 5108 attingit
2638 5041 2854 5103 vermis,
2878 5050 2933 5096 et
2963 5041 3006 5096 si
3035 5043 3285 5111 attigerit,
3314 5044 3443 5098 nihil

1885 5131 2063 5186 efficit.
2088 5131 2162 5186 Ne
2189 5147 2502 5200 corrumpas
2523 5131 2754 5185 animam
2784 5150 2797 5185 :
2823 5148 2941 5185 nam
2973 5133 3111 5202 quod
3141 5135 3443 5203 corrumpi-

1887 5235 1992 5289 tur,
2019 5225 2228 5293 plenum
2253 5233 2334 5278 est
2355 5224 2560 5278 faetore.
2595 5223 2730 5277 Audi
2759 5224 2899 5278 enim
2927 5224 3232 5293 prophetam
3261 5225 3443 5279 dicen~

1887 5326 2012 5378 tem,
2041 5315 2356 5368 Putruerunt
2381 5325 2426 5368 et
2451 5323 2701 5382 corrupta:
2719 5325 2838 5392 sunt
2860 5315 3114 5368 cicatrices
3133 5332 3297 5368 mereo
3316 5317 3446 5384 {acie

1885 5407 2182 5476 insipientite
2210 5422 2332 5460 mete
2359 5407 2377 5477 (
2403 5406 2542 5460 Psal.
2575 5407 2660 5461 57.
2689 5406 2720 5460 6
2747 5407 2785 5474 ).
2826 5406 2939 5474 Ipsa
2969 5417 3145 5460 autem
3174 5412 3444 5477 corruptio

1885 5499 2066 5552 induet
2103 5499 2588 5567 incorruptionem;
2623 5498 2736 5551 haec
2771 5512 2900 5551 vero
2943 5514 3046 5551 non
3089 5498 3268 5551 itidetu
3312 5516 3324 5550 :
3355 5499 3442 5554 tibi

1884 5601 1966 5646 est
1992 5593 2130 5645 enim
2159 5591 2503 5659 incorruptio,
2538 5606 2638 5646 non
2665 5599 2747 5645 est
2770 5593 3061 5661 corruptio.
3086 5591 3440 5659 Quamobrem

1883 5686 2153 5751 corruptio
2177 5694 2258 5738 est
2286 5684 2716 5752 incorruptibilis,
2761 5682 2918 5738 linem
2959 5697 3064 5738 non
3112 5684 3329 5748 habens,
3361 5693 3446 5738 est

1886 5791 2030 5829 tnors
2053 5774 2361 5828 immortalis
2383 5790 2396 5836 ;
2421 5774 2556 5842 quod
2579 5773 2789 5842 quidem
2812 5775 3044 5828 futurum
3067 5784 3179 5829 erat
3195 5775 3238 5828 si
3254 5789 3447 5843 corpus

1886 5870 2166 5924 mansisset
2192 5868 2508 5923 inuuortale.
2523 5867 2902 5936 Quamobrem,
2923 5869 2968 5924 ai
2985 5867 3110 5924 illuc
3131 5866 3447 5924 csivcrimus
