3974 6574
512 489 613 548 I75

506 604 766 659 habentes
816 601 1257 673 corruptionem,
1313 601 1630 656 habebimus
1676 599 2079 667 corruptionem

507 697 988 767 iucorruptibilem,
1014 698 1175 752 tinem
1205 711 1310 751 non
1342 696 1645 752 habentem.
1676 695 1767 752 Uri
1794 696 1933 749 enim
1968 702 2022 748 ct
2049 708 2082 747 a

508 806 685 846 venue
710 801 967 859 perpetuo
1000 788 1264 855 consumi,
1293 799 1375 845 est
1394 789 1689 859 corruptio,
1714 789 1764 842 iu
1792 802 1949 858 quam
1971 801 2080 839 non

504 882 647 936 cadit
677 882 1005 951 iucorruptio
1037 899 1049 932 :
1073 879 1215 951 quod
1244 890 1361 936 erat
1386 890 1440 935 et
1467 881 1519 934 in
1544 879 1699 935 beato
1718 878 1818 933 Job
1847 880 1864 946 (
1894 876 1993 931 Job
2022 876 2079 930 7.

506 973 560 1027 5.
592 973 644 1025 in
674 970 877 1041 Graeco)
912 989 926 1026 :
953 971 1399 1040 corrumpebatur
1426 971 1591 1035 enim,
1621 979 1674 1024 et
1710 984 1813 1023 non
1847 968 2075 1038 peribat,

501 1076 558 1120 et
585 1067 698 1120 hate
725 1083 820 1131 per
841 1066 1061 1119 multum
1085 1065 1341 1134 temporis
1364 1081 1379 1127 ;
1407 1063 1500 1118 sed
1529 1078 1742 1131 semper
1768 1078 2080 1132 corrumpe-

504 1157 591 1211 bat
633 1166 789 1210 terrae
835 1155 1055 1223 glebas,
1107 1155 1309 1209 saniem
1345 1155 1593 1209 eradens.
1623 1154 1752 1208 Tale
1794 1154 1917 1223 quid
1951 1161 2076 1207 tumc

502 1248 735 1316 patietur
763 1248 959 1304 anima.
992 1262 1109 1300 eam
1140 1244 1659 1301 circumsistentibus
1696 1254 1750 1299 et
1772 1244 2076 1301 arrodeuti-

502 1342 601 1395 bus
625 1339 915 1406 vermibus,
950 1356 1055 1393 non
1087 1340 1220 1393 duos
1246 1352 1435 1405 annos,
1465 1353 1562 1392 nec
1595 1347 1721 1401 tres,
1746 1352 1843 1392 nec
1868 1337 2073 1399 decem,

499 1448 601 1488 nec
631 1442 867 1495 centum,
902 1446 1002 1486 nec
1039 1430 1219 1485 decies
1248 1429 1414 1492 mille,
1444 1427 1537 1483 sed
1578 1428 1668 1498 qui
1699 1443 1983 1496 numquam
2011 1427 2076 1481 (i-

499 1524 759 1579 nieutur:
798 1521 989 1576 Vermis
1029 1522 1204 1586 enim,
1250 1520 1454 1591 inquit,
1487 1535 1657 1573 eorum
1700 1536 1800 1572 non
1838 1519 2077 1572 morietur

498 1616 692 1687 (Marc.
713 1614 768 1671 9.
786 1616 901 1685 45).
918 1615 1222 1670 Timeamus
1240 1628 1390 1684 ergo,
1414 1628 1563 1683 rogo,
1589 1613 1866 1666 timeamus
1891 1610 2073 1677 verba,

498 1724 565 1763 ne
604 1707 656 1761 in
697 1723 785 1763 res
838 1705 981 1776 ipsas
1023 1704 1337 1759 incidamus.
1375 1703 1607 1758 Avaritia
1656 1713 1739 1757 est
1779 1699 2070 1770 corruptio,

495 1800 765 1866 corruptio
809 1796 1047 1852 omnium
1085 1796 1416 1867 gravissima,
1462 1794 1719 1849 inducens
1750 1793 1815 1847 ad
1847 1793 2076 1848 idolola-

497 1887 651 1943 triam
679 1905 695 1943 :
717 1887 978 1959 fugiamus
1000 1886 1423 1956 corruptionem,
1442 1885 1697 1956 eligamus
1720 1885 2076 1954 incorruptio-

496 1994 640 2033 nem.
673 1978 828 2033 Huuc
855 1978 1069 2048 quidem
1098 1987 1188 2031 aut
1219 1977 1367 2031 illum
1393 1992 1488 2046 per
1508 1976 1785 2031 avaritiam
1816 1976 2074 2032 fraudain

496 2078 551 2123 et
579 2069 725 2138 plura
757 2067 1085 2139 acquisivisti
1115 2068 1288 2135 ?Qu:e
1321 2083 1414 2136 per
1434 2068 1710 2121 avaritiam
1740 2076 1864 2123 sunt
1888 2069 2073 2136 acqui-

494 2160 594 2214 sita
622 2170 1062 2230 corrumpuutur,
1095 2167 1275 2213 manet
1300 2169 1476 2213 autem
1517 2159 1757 2224 avaritia,
1802 2160 2073 2230 corruptio

493 2267 653 2306 causa
691 2251 1149 2320 incorruptionis:
1194 2252 1385 2305 transit
1428 2250 1643 2321 quidem
1686 2251 1932 2322 voluptas
1968 2268 2071 2323 qua

493 2340 719 2409 frueris,
768 2352 947 2398 manet
987 2352 1167 2398 autem
1216 2352 1489 2412 peccatum
1530 2343 1581 2396 in
1622 2344 1762 2414 quod
1794 2359 1898 2399 non
1930 2344 2074 2401 cadit

493 2435 786 2504 corruptio.
817 2434 990 2490 Grave
1014 2445 1096 2489 est
1119 2436 1314 2489 malum
1344 2450 1448 2489 non
1482 2435 1531 2489 iu
1556 2437 1805 2505 prtesenti
1827 2439 1933 2492 vita
1955 2455 2072 2493 om-

493 2527 578 2579 nia
614 2541 812 2581 exucre
840 2542 855 2579 :
889 2541 1075 2595 magna
1102 2535 1184 2581 est
1209 2526 1485 2582 calamitas
1515 2527 1640 2583 hinc
1682 2529 1942 2585 excedere
1972 2531 2071 2585 ba-

494 2621 679 2676 bentes
718 2636 906 2691 magna
949 2631 1288 2689 peccatorum
1334 2636 1499 2676 onera
1528 2639 1542 2675 :
1577 2636 1698 2676 nam
1730 2621 1795 2676 In
1827 2624 2027 2695 inferno
2050 2667 2066 2691 ,

494 2711 682 2778 inquit,
722 2713 835 2780 quis
871 2711 1188 2780 conﬁtebitur
1214 2712 1301 2766 tibi
1324 2712 1493 2784 (Psal.
1518 2713 1569 2768 6.
1597 2713 1698 2785 6)?
1728 2715 1837 2770 Illic
1866 2725 1949 2770 est
1981 2718 2071 2784 ju-

494 2802 715 2867 dicium,
750 2803 1071 2871 paenitentia:
1110 2805 1216 2871 jam
1263 2819 1368 2858 non
1410 2815 1493 2859 cst
1542 2814 1770 2875 tempus.
1804 2806 2069 2872 Quantum

491 2893 653 2948 (lebat
680 2894 830 2949 dives
854 2897 877 2935 ν
903 2906 956 2948 ot
987 2894 1116 2947 nihil
1146 2893 1340 2949 eﬂ'ecit.
1406 2889 1574 2963 Quam
1620 2898 1787 2951 multa
1817 2899 2069 2955 dixerunt

1234 480 1298 536 S.
1331 479 1617 537 JOANNIS
1650 479 2132 538 CHRYSOSTOMI
2168 480 2485 539 ARCIIIEP.
2526 479 3068 538 CONSTANTINOP.

3665 482 3799 539 176

2185 596 2273 665 qui
2300 588 2566 651 Christum
2593 613 2699 653 non
2725 600 2997 655 aluerunt!
3044 602 3137 657 sed
3189 612 3363 657 tamen
3393 603 3608 658 abducti
3636 614 3793 659 sum

2184 688 2238 740 in
2267 688 2439 756 ignem
2467 698 2746 745 aeternum.
2774 691 2942 758 Quam
2968 694 3132 747 multa
3168 693 3419 749 dixerunt
3444 698 3531 765 qui
3559 696 3795 766 iniqui-

2186 787 2343 833 tatem
2382 778 2640 842 fecerunl,
2670 780 2905 849 Domine,
2943 800 3045 838 non
3068 785 3121 838 in
3148 787 3348 839 nomine
3375 798 3462 840 tuo
3482 788 3791 856 propheta-

2182 871 2360 937 vimus,
2375 882 2420 925 et
2440 872 2491 925 in
2504 874 2702 927 nomine
2717 883 2803 928 tuo
2818 875 3066 930 dientonia
3082 876 3316 946 eiecimus
3335 877 3545 951 (Matth.
3564 880 3620 935 7.
3637 880 3791 945 22)?

2182 971 2238 1017 et
2269 973 2445 1018 tamen
2481 980 2586 1019 non
2612 977 2728 1020 sunt
2757 968 2973 1037 cogniti.
3015 968 3202 1023 Omnia
3233 971 3345 1023 lure
3372 972 3587 1041 quidem
3634 983 3787 1025 tunc

2183 1055 2337 1122 ﬁunt,
2365 1057 2459 1111 sed
2488 1057 2619 1111 nihil
2637 1058 2825 1127 juvant
2853 1060 2954 1114 nisi
2978 1076 3119 1115 nunc
3143 1060 3276 1115 facta
3303 1062 3514 1116 fuerint.
3544 1062 3789 1117 Timea-

2180 1164 2301 1203 mus
2327 1164 2455 1219 ergo
2494 1165 2560 1205 ne
2586 1152 2722 1207 forte
2754 1163 2878 1207 tunc
2904 1152 3168 1219 dicamus,
3208 1152 3445 1221 Domine,
3477 1159 3688 1226 quando
3721 1167 3784 1209 te

2180 1237 2395 1293 vidimus
2419 1242 2745 1306 esurientem,
2783 1254 2829 1297 et
2868 1259 2968 1297 non
3010 1244 3229 1300 aluimus
3277 1245 3453 1313 (Ibid.
3486 1248 3577 1302 25.
3612 1250 3681 1302 37
3708 1250 3782 1317 μ

2179 1328 2329 1385 Nunc
2368 1332 2540 1401 ipsum
2582 1335 2896 1399 nutriamus,
2938 1350 3043 1389 non
3091 1351 3219 1403 uno,
3262 1345 3357 1391 aut
3395 1338 3627 1398 duobus.
3666 1348 3780 1394 ωε

2182 1422 2348 1477 tribus
2376 1423 2561 1480 diebus
2592 1444 2607 1479 :
2637 1425 2981 1498 Eleemosgnw
3017 1430 3188 1490 enim,
3222 1428 3425 1498 inquit,
3457 1440 3503 1483 et
3540 1432 3673 1497 ﬁdes
3716 1441 3781 1486 te

2178 1532 2279 1570 non
2300 1517 2529 1572 deserant
2555 1518 2734 1591 (Prov.
2757 1521 2809 1575 3.
2830 1522 2905 1590 3).
2929 1520 3041 1575 Non
3063 1521 3216 1585 dixit,
3240 1522 3343 1577 Fac
3365 1524 3552 1589 semel,
3580 1540 3774 1593 neque

2179 1608 2261 1663 bis
2296 1627 2309 1664 :
2341 1625 2461 1664 nam
2506 1611 2738 1682 virgines
2780 1612 3044 1668 habebant
3087 1616 3285 1678 oleum,
3327 1616 3420 1670 sed
3451 1634 3557 1671 non
3600 1618 3770 1672 suﬂi-

2178 1700 2344 1755 ciens.
2378 1703 2731 1768 Quamobrem
2761 1704 2918 1760 nobis
2948 1706 3117 1760 multo
3142 1723 3276 1778 opus
3301 1719 3383 1763 est
3411 1710 3552 1774 oleo,
3578 1720 3637 1765 et
3664 1727 3771 1766 nos

2180 1802 2445 1865 tamquam
2492 1795 2799 1866 frugiferam
2850 1799 3024 1853 oleam
3075 1810 3283 1869 oportet
3326 1817 3447 1858 csse
3495 1804 3549 1858 in
3592 1804 3768 1860 domo

2182 1883 2297 1939 Dei.
2328 1885 2631 1955 Cogitemus
2659 1904 2788 1959 ergo
2835 1905 2992 1960 quam
3036 1891 3230 1946 multas
3262 1904 3601 1963 peccatorum
3638 1911 3770 1952 sar-

2178 1974 2327 2030 cinas
2357 1976 2518 2031 habet
2562 1981 2928 2051 unusquisque
2961 1995 3225 2051 nostrum,
3266 1985 3630 2057 faciamusque
3662 1988 3767 2043 be-

2179 2067 2451 2137 niguitatis
2479 2083 2532 2124 et
2560 2071 2859 2128 clementia:
2888 2089 3072 2143 opera,
3104 2092 3221 2147 quae
3249 2078 3327 2133 eis
3359 2080 3410 2134 in
3448 2082 3766 2151 :cquilibrio

2178 2162 2555 2229 respondeant,
2586 2163 2694 2219 imo
2722 2181 2850 2220 vero
2875 2166 3035 2221 etiam
3064 2168 3218 2240 longe
3248 2171 3417 2239 plura,
3444 2182 3497 2226 ut
3529 2189 3638 2228 non
3665 2188 3766 2228 $0-

2178 2251 2285 2307 Ium
2328 2254 2732 2327 exstinguautur
2773 2272 3027 2329 peccata,
3071 2261 3164 2317 sed
3197 2263 3356 2317 etiam
3384 2264 3451 2319 ad
3488 2264 3764 2335 justitiam

2177 2348 2332 2401 nobis
2359 2358 2671 2418 reputcutur
2698 2367 2860 2421 opera
2881 2353 3121 2422 justitiae.
3148 2354 3279 2409 Nam
3310 2356 3353 2410 si
3386 2372 3491 2411 non
3512 2357 3624 2413 sint
3647 2370 3764 2416 tam

2156 2441 2339 2493 multa
2373 2441 2509 2495 bona
2532 2482 2544 2504 ,
2581 2452 2637 2496 ut
2666 2451 2721 2498 et
2760 2442 2983 2500 crimina
3012 2462 3289 2511 cxuamus,
3335 2461 3389 2503 et
3425 2466 3491 2504 ex
3536 2452 3603 2507 iis
3631 2470 3764 2522 qua:

2175 2546 2299 2589 sum
2326 2537 2505 2590 relicta
2533 2538 2688 2593 nobis
2710 2538 3035 2609 imputeutur
3057 2542 3123 2597 ad
3144 2542 3427 2613 justitiam,
3470 2561 3628 2601 nemo
3658 2562 3765 2601 nos

2176 2627 2374 2683 eximet
2402 2646 2431 2683 a
2468 2632 2730 2701 supplicio
2763 2648 2777 2686 :
2810 2633 2951 2703 quod
2991 2636 3145 2689 nobis
3174 2637 3419 2691 onmibus
3442 2639 3599 2692 detur
3618 2639 3764 2693 effu-

2175 2735 2319 2790 gere,
2345 2724 2510 2791 gratia
2537 2734 2591 2778 et
2612 2725 2936 2796 benignitate
2964 2728 3169 2782 Domini
3194 2730 3359 2784 nostri
3379 2730 3504 2786 Jcsu
3525 2732 3762 2802 Christi,

2133 2889 2143 2899 .
2175 2815 2258 2867 cui
2288 2830 2405 2868 cum
2440 2816 2595 2873 Patre
2621 2828 2674 2872 ct
2703 2818 2905 2889 Spiritu
2934 2831 3141 2884 sancto.
3168 2833 3271 2880 etc.
