3974 6508
240 436 355 495 1Ἱῖ)

246 556 364 612 Ἐν
424 552 769 623 καταφθορᾷ
825 554 1260 624 ἁνυπομονήτῳ
1286 573 1302 587 ο
1342 558 1436 610 καὶ
1471 556 1653 620 πάλιν,
1682 558 1813 611 Ἀν-

1108 448 1175 504 IN
1205 447 1415 504 EPIST.
1456 444 1548 501 AD
1578 443 1818 502 EPHES.
1857 445 2009 501 CAP.
2048 448 2135 504 Vl.
2175 448 2405 511 HOMIL.
2445 453 2631 516 XXIV.

3374 448 3481 507 ηδ

1912 559 2136 629 φθοράν,
2191 560 2441 631 ἑλώμεθα
2490 563 2589 635 τὴν
2643 560 2972 634 ἀφθαρσίαν.
3012 560 3481 632 Ἐπλεονέκτησας

236 650 469 713 θρωποι
529 642 993 711 κατεφθαρμένοι
1030 643 1136 696 τὸν
1197 645 1369 699 νοῦν.
1397 645 1636 717 Φθαρτόν
1684 646 1816 715 ἡμῖν
1909 646 2004 700 τὸν
2059 646 2241 714 δεῖνας
2274 649 2355 702 Τὰ
2403 649 2504 719 μὲν
2554 650 3019 719 πλεονεκτηθέντα
3041 649 3345 720 φθείρεται,
3368 651 3401 721 ἡ
3424 651 3482 706 δὲ

233 734 303 787 τὸ
328 732 496 801 σῶμά
531 733 701 793 ἐστιν,
746 730 861 784 ἀλλ’
892 730 1166 802 ἄφθαρτος
1201 734 1236 804 ἡ
1292 734 1463 805 ψυχή.
1505 736 1597 806 Μὴ
1632 735 1697 806 δὴ
1723 732 1814 789 οὖν

234 824 341 874 καὶ
406 819 577 888 αὐτὴν
655 818 965 889 φθείρωμεν
997 833 1014 848 ⁸
1076 820 1236 873 τοῦτο
1298 823 1332 892 ή
1391 821 1636 894 ἁμαρτία
1705 823 1820 894 είρ-

238 910 457 977 γάσατο
524 910 557 978 ἠ
609 908 849 978 προτέρα
884 923 899 937 ⁸
952 906 987 978 ἡ
1027 908 1085 961 δὲ
1144 909 1281 979 μετὰ
1332 909 1393 963 τὸ
1448 909 1670 980 λουτρὸν
1722 912 1817 964 καὶ

234 998 340 1065 τὴν
399 994 578 1065 ψυχὴν
629 995 845 1064 φθεῖραι
904 994 1144 1059 δύναται,
1197 997 1290 1049 καὶ
1336 997 1603 1051 εὐάλωτον
1662 999 1819 1069 ποιῆ-

239 1102 337 1137 σαι
385 1083 468 1153 τῷ
505 1082 745 1152 σκώληκι
784 1083 862 1154 τῷ
890 1083 1143 1154 ἀθανάτῳ
1167 1101 1183 1116 ⁸
1223 1084 1283 1137 οὐ
1317 1084 1425 1154 γὰρ
1454 1086 1520 1139 ἂν
1547 1085 1742 1156 ἥψατο,
1769 1089 1818 1141 εί

241 1173 319 1243 μὴ
377 1171 631 1242 φθαρτὴν
680 1165 806 1240 εὗρε
853 1170 1053 1242 ψυχήν.
1096 1172 1426 1241 Ἀδάμαντος
1476 1173 1692 1243 σκώληξ
1722 1175 1819 1245 οὐχ

234 1256 482 1312 ἅπτεται
517 1272 532 1285 ⁸
587 1258 692 1312 κᾶν
736 1258 977 1328 ἅψηται,
1030 1258 1180 1311 οὐδὲν
1235 1261 1547 1330 εἰργάσατο.
1613 1262 1704 1332 Μὴ
1755 1261 1819 1333 δὴ

242 1344 479 1417 φθείρῃς
516 1345 613 1415 τὴν
665 1344 843 1417 ψυχήν
872 1363 885 1378 ⁸
926 1345 987 1398 τὸ
1023 1347 1128 1419 γὰρ
1164 1346 1518 1417 φθειρόμενον
1559 1348 1821 1414 δυσωδίας

241 1433 371 1485 ἐστὶ
432 1432 648 1503 μεστόν.
678 1434 877 1486 Ἀκουε
929 1433 1039 1505 γαρ
1073 1434 1166 1487 τοῦ
1201 1436 1485 1506 Προφὴτου
1520 1434 1771 1504 λέγοντος
1800 1454 1815 1468 ⁸

238 1519 647 1588 Προσώζὲοναν
678 1519 777 1572 καί
812 1518 1141 1589 ἐσάπησαν
1166 1524 1221 1575 οί
1239 1520 1531 1591 μώλωπές
1554 1540 1674 1592 μου
1700 1524 1823 1578 ἀπὸ

239 1607 579 1675 προσώπου
644 1606 757 1675 τῆς
808 1609 1163 1677 ἀφροσύνης
1200 1627 1339 1677 μου.
1395 1610 1534 1663 Ἀλλ’
1595 1610 1731 1683 αὕτη
1786 1614 1821 1682 ή

243 1698 430 1767 φθορὰ
470 1696 750 1750 ἐνδύσεται
802 1697 1108 1768 ἀφθαρσίαν
1131 1739 1143 1759 ,
1169 1699 1350 1769 ἐκείνη
1377 1699 1433 1752 δὲ
1457 1700 1660 1754 οὑκέτυ
1694 1700 1823 1757 ἔνθα

246 1784 358 1855 γὰρ
390 1784 689 1853 ἀφθαρσία,
722 1783 897 1854 φθορὰ
945 1786 1046 1839 οὐκ
1099 1785 1267 1842 ἐστιν.
1296 1788 1458 1840 Ὥστε
1505 1788 1682 1859 φθορά
1712 1790 1819 1860 ἀφ-

244 1872 454 1941 θαρτός
508 1873 646 1935 ἐστι,
695 1872 849 1935 τέλος
885 1872 985 1926 οὐκ
1016 1874 1231 1943 ἔχουσα,
1267 1874 1495 1939 θάνατος
1534 1877 1819 1943 ἀθάνατος.

247 1964 433 2031 Ὅπερ
453 1961 645 2031 ἔμελλε
673 1961 939 2029 γίνεσθαι,
964 1963 1012 2015 εί
1029 1962 1090 2016 τὸ
1115 1962 1273 2033 σῶμα
1291 1964 1506 2034 ἔμεινεν
1528 1965 1819 2021 ἀθάνατον.

243 2048 441 2112 Οὕτως
470 2040 473 2041 ν
498 2047 564 2102 ἂν
604 2049 808 2119 φθοράν
830 2049 1042 2120 ἔχοντες
1072 2051 1395 2122 ἀπέλθωμεν
1433 2054 1572 2119 ἐκεῖ,
1605 2054 1821 2126 ἀφθαρ-

242 2154 337 2189 τον
396 2138 492 2190 καὶ
537 2136 890 2208 ἀτελεύτητον
937 2137 1131 2207 ἕξομεν
1180 2140 1279 2208 τὴν
1321 2139 1549 2213 φθοράν.
1582 2142 1657 2195 Τὸ
1715 2141 1821 2215 γὰρ

246 2224 507 2279 καίεσθαι
530 2225 626 2277 καὶ
659 2223 900 2294 σκώληκι
930 2225 1215 2289 διαπαντὸς
1240 2227 1604 2293 δαπανᾶσθαι,
1647 2228 1825 2299 φθορά

247 2314 403 2365 ἐστιν
426 2312 705 2382 ἄφθαρτος
736 2326 752 2341 ⁸
780 2308 893 2366 οἷον
920 2309 987 2384 ἦν
1016 2314 1114 2368 καὶ
1139 2315 1232 2367 ἐπὶ
1252 2316 1345 2369 τοῦ
1373 2317 1643 2389 μακαρίου
1677 2317 1822 2371 Ἰώ6⁸

248 2400 560 2471 ἐφθείρετο,
596 2400 693 2453 καὶ
745 2400 846 2452 οὐκ
909 2400 1215 2467 ἀπώλλυτο,
1266 2406 1361 2458 καὶ
1417 2404 1591 2458 ταῦτα
1632 2406 1824 2478 χρόνου

248 2487 453 2542 πολλοῦ
516 2486 922 2557 προϐεϐηκότος
949 2506 966 2521 ⁸
1016 2488 1131 2543 ἀλλ’
1174 2490 1262 2543 ἀεὶ
1310 2489 1473 2561 ἔτηκε
1506 2505 1534 2533 α
1574 2492 1827 2563 βώλακας

251 2579 361 2646 γῆς
400 2576 509 2629 ἀπὺ
564 2576 761 2647 ίχῶρος
794 2576 949 2643 ξέων.
972 2578 1225 2632 Τοιοῦτόν
1250 2597 1302 2633 τι
1332 2582 1365 2651 ἡ
1410 2581 1556 2653 ψυχὴ
1584 2583 1829 2637 πείσεται

257 2665 405 2727 τότε,
432 2663 540 2716 τῶν
575 2663 873 2734 σκωλήκων
894 2664 1030 2736 αὐτῇ
1061 2665 1443 2735 περιεστώτων
1476 2669 1570 2722 καὶ
1598 2670 1829 2741 διατρω-

261 2754 470 2821 γόντων
498 2795 513 2818 ,
547 2753 645 2807 οὐκ
677 2752 831 2825 [187]
851 2754 944 2807 ἐπὶ
974 2755 1067 2809 δύο
1115 2755 1291 2811 ἐτεσιν
1314 2796 1332 2822 ,
1363 2759 1485 2812 οὐδὲ
1514 2760 1609 2813 ὲπὶ
1631 2764 1829 2832 τρισὶν,

260 2841 388 2894 οὐδὲ
439 2842 536 2894 ἐπὶ
582 2840 734 2906 δέκα,
759 2842 882 2894 οὐδὲ
939 2843 1035 2896 ἐπὶ
1073 2844 1290 2911 ἑκατὸν,
1321 2846 1445 2900 οὐδὲ
1476 2849 1569 2901 ἐπὶ
1594 2848 1829 2920 μυρίοις,

260 2928 382 2981 ἀλλ’
422 2927 517 2981 ἐπὶ
557 2928 932 2999 ἁτελευτήτοις
962 2946 978 2960 ⁸
1018 2931 1076 2984 '0
1104 2930 1214 3001 γὰρ
1246 2932 1498 3002 σκώληξ
1533 2935 1733 2989 αὐτῶν
1759 2938 1832 2991 οὺ

258 3014 633 3082 τελευτήσει,
682 3015 837 3086 φησί.
888 3015 1219 3089 Φοδηθῶμεν
1252 3019 1435 3075 τοίνυν
1455 3061 1470 3085 ,
1503 3020 1831 3092 παρακαλῶ,

252 3102 523 3172 δείσωμεν
536 3102 605 3155 τὰ
631 3101 871 3172 ῥήματα,
892 3103 979 3156 ἕνα
1007 3104 1083 3175 μὴ
1100 3106 1486 3177 περιπέσωμεν
1505 3111 1617 3174 τοῖς
1641 3110 1828 3180 πράγ-

257 3205 416 3260 μασι.
448 3189 631 3260 Φθορὰ
657 3191 692 3261 ἡ
725 3189 1006 3255 πλεονεξία
1060 3193 1198 3259 ἐστὶ,
1237 3194 1414 3267 φθορά
1437 3196 1627 3250 πασῶν
1672 3199 1834 3269 χαλε-

256 3278 505 3349 πωτέρα,
536 3279 618 3341 είς
680 3277 1118 3351 είδωλολατρείαν
1171 3282 1397 3350 ἄγουσα.
1427 3284 1692 3356 Φύγωμεν
1732 3285 1833 3359 τὴν

318 3447 346 3474 ⁸
360 3446 415 3495 In
436 3444 589 3497 editis
608 3449 737 3498 male
756 3449 1017 3512 legebatur
1035 3451 1206 3512 ἔστηκε
1224 3466 1313 3512 pro
1336 3454 1475 3512 ἔτηκε
1498 3474 1511 3503 :
1539 3454 1675 3504 locus
1696 3455 1829 3506 enim

250 3510 555 3579 desumptus
581 3517 659 3579 εει
681 3526 742 3579 ει
770 3510 894 3579 lit—3m
912 3512 1005 3579 ξοδ
1039 3510 1272 3564 editionis
1296 3510 1497 3579 τῶνα,
1522 3516 1604 3565 ubi
1637 3517 1828 3579 legitur

256 3583 371 3644 (ag:
391 3578 476 3629 Vn,
512 3586 554 3644 νς.
581 3571 782 3644 5,-τήκω
814 3575 867 3622 δὲ
898 3576 1126 3644 βώλακας
1158 3581 1245 3637 γῆς
1286 3577 1382 3627 ἀπὸ
1405 3571 1578 3643 ίχῶρος
1596 3571 1734 3640 ξύωί,
1777 3578 1831 3631 in

256 3635 405 3682 ωίω
430 3638 603 3689 nostro
629 3636 761 3698 ξέων,
785 3635 916 3699 quod
934 3635 1144 3699 idipsum
1165 3635 1260 3689 εει.

1914 733 2199 798 πλεονεξία
2230 735 2403 805 μένει,
2429 736 2604 807 φθορὰ
2625 735 2933 806 ἀφθαρσίας
2976 737 3233 800 ὑπόθεσις
3262 739 3484 808 γινομέ-

1912 838 2015 893 νη*
2050 825 2082 893 ή
2134 824 2235 893 μὲν
2278 826 2576 888 ἀπόλαυσις
2620 826 2983 896 παρέρχεται,
3017 826 3293 898 ἄφθαρτος
3350 827 3409 880 δὲ
3448 828 3482 897 ἡ

1915 910 2156 981 ἁμαρτία
2194 912 2365 981 μένει.
2407 913 2589 965 Δεινὸν
2632 914 2802 967 κακὸν
2832 913 2905 983 μὴ
2948 915 3004 965 ὲν
3034 912 3109 984 τῷ
3136 914 3363 983 παρόντι
3384 914 3484 985 βίῳ

1915 994 2131 1047 ἅπαντα
2147 995 2517 1050 ἀποδύσασθαι
2533 1012 2547 1024 ⁸
2577 997 2788 1068 μεγάλη
2811 996 3064 1067 συμφορὰ
3087 996 3281 1068 φορτία
3304 998 3486 1069 ἀμαρ-

1917 1082 2178 1151 τηματων
2241 1084 2462 1157 ἔχοντας
2526 1084 2777 1136 ἀπελθεῖν
2856 1084 2991 1137 ἐκεῖ.
3047 1085 3150 1137 Ἐν
3217 1086 3327 1155 γὰρ
3408 1084 3490 1149 τῷ

1917 1169 2032 1237 ᾅδῃ
2065 1211 2080 1235 ,
2116 1170 2270 1240 φησὶ,
2313 1172 2406 1237 τίς
2439 1170 2953 1240 ἐξομολογήσεται
2990 1186 3090 1224 σοι
3121 1187 3141 1235 ;
3194 1172 3489 1245 Κριτήριον

1920 1259 2070 1310 ἐστιν
2109 1260 2243 1322 ἐκεῖ,
2281 1260 2569 1329 μετανοίας
2615 1260 2800 1311 λοιπὸν
2837 1259 3021 1312 οὐκέτι
3070 1259 3282 1328 καιρός.
3335 1260 3489 1313 Πόσα

1919 1342 2238 1415 ἀπωδύρατο
2272 1346 2299 1397 ὁ
2323 1344 2575 1408 πλούσιος
2612 1345 2733 1398 τότε
2762 1345 2777 1398 ι
2819 1344 3099 1415 ἀλλ’ὄμως
3132 1344 3489 1417 οὐδὲνήνυσε.

1920 1430 2067 1483 Πόσα
2088 1426 2241 1485 εἶπον
2266 1433 2313 1485 οἱ
2343 1433 2417 1503 μὴ
2450 1432 2749 1503 θρέψαντες
2774 1432 2865 1488 τὸν
2886 1434 3121 1502 Χριστόν
3148 1433 3161 1486 ι
3197 1432 3312 1486 ἀλλ’
3343 1432 3493 1503 ὅμως

1924 1515 2254 1587 ἀπήχθησαν
2287 1521 2369 1578 είς
2398 1519 2459 1572 τὸ
2501 1518 2611 1591 πῦρ
2641 1520 2702 1573 τὸ
2727 1519 2965 1574 αἰώνιον.
2996 1520 3144 1572 Πόσα
3169 1521 3219 1573 οἱ
3250 1518 3348 1591 τὴν
3370 1521 3495 1573 ἀνο-

1926 1604 2057 1673 μίαν
2106 1606 2475 1677 ἐργασάμενοι
2523 1607 2644 1660 τότε
2688 1604 2859 1669 εἷπον,
2911 1606 3107 1673 Κύριε,
3144 1609 3258 1659 οὐκ
3312 1605 3382 1658 ἐν
3413 1603 3497 1669 τῷ

1923 1692 2171 1761 ὀνόματί
2190 1708 2308 1745 σου
2340 1694 2891 1763 προεφητεύσαμεν,
2928 1693 3025 1747 καί
3051 1694 3120 1746 ἐν
3147 1691 3227 1757 τῷ
3255 1691 3499 1761 ὀνόματί

1919 1798 2038 1835 σου
2084 1781 2362 1852 δαιμόνια
2403 1782 2815 1854 ἐξεϐάλομεν]
2855 1782 2970 1836 ἀλλ’
2999 1784 3148 1853 ὅμως
3186 1783 3288 1837 οὐκ
3326 1784 3499 1851 ἐγνω-

1921 1870 2203 1943 ρίσθησαν,
2264 1873 2448 1926 Πάντα
2502 1874 2621 1926 τότε
2685 1874 2785 1943 μὲν
2827 1874 3035 1942 γίνεται
3096 1871 3271 1926 ταῦτα
3304 1887 3319 1900 ⁸
3348 1872 3501 1925 οὐδε·

1923 1959 2019 2029 μία
2078 1959 2135 2013 δὲ
2195 1959 2401 2032 ὄνησις,
2438 1961 2531 2015 ἐὰν
2590 1960 2663 2032 μὴ
2726 1960 2821 2014 νῦν
2872 1961 3116 2032 γένηται.
3170 1960 3501 2030 Φοδηθῶμεν

1925 2043 2044 2113 οὖν,
2088 2048 2165 2119 μή
2198 2064 2329 2102 ποτε
2361 2050 2605 2119 εἴπωμεν
2632 2049 2755 2102 τότε
2786 2064 2802 2080 ⁸
2854 2049 3053 2117 Κύριε,
3077 2049 3223 2102 πότε
3246 2062 3319 2101 σε
3343 2047 3500 2101 εἶδον⁸

1919 2142 2034 2208 μεν
2080 2136 2401 2203 πεινῶντα,
2432 2139 2531 2192 καί
2580 2141 2692 2193 οὐκ
2748 2136 3123 2208 ἐθρέψαμεν;
3180 2137 3291 2192 Νῦν
3333 2138 3499 2193 αὑτὸν

1923 2225 2236 2297 θρέψωμεν,
2276 2226 2350 2297 μὴ
2410 2227 2537 2296 μίαν
2588 2227 2825 2297 ἡμέραν,
2861 2227 2996 2297 μηδὲ
3032 2224 3309 2295 δευτέραν,
3364 2225 3498 2296 μηδὲ

1921 2313 2118 2385 τρίτην
2147 2329 2167 2345 ⁸
2211 2314 2641 2381 Ἐλετυιοσύναι
2668 2314 2809 2384 γὰρ,
2838 2312 2993 2382 φησὶ,
3026 2312 3122 2365 καὶ
3151 2312 3387 2376 πίστεις
3410 2312 3498 2381 μὴ

1925 2398 2337 2454 ἐκλιπέτωσάν
2364 2417 2458 2454 σε.
2488 2401 2601 2453 Οὐκ
2636 2396 2786 2454 εἶπεν
2808 2440 2825 2466 ,
2853 2400 3038 2464 Ἀπαξ
3081 2402 3305 2471 ποίησον
3329 2438 3344 2462 ,
3372 2398 3493 2453 οὐδὲ

1927 2488 2181 2560 δεύτερον
2217 2506 2232 2521 ⁸
2268 2490 2392 2543 ἐπεὶ
2423 2492 2480 2544 αἱ
2516 2489 2774 2561 παρθένοι
2827 2490 3007 2543 ἔλαιον
3048 2484 3233 2558 εἶχον,
3284 2488 3399 2541 ἀλλ’
3436 2488 3499 2541 οὐ

1925 2577 2169 2648 διαρκές.
2210 2576 2375 2630 Ὥστε
2411 2576 2607 2630 πολλοῦ
2654 2579 2787 2648 ἡμῖν
2823 2578 2905 2632 δεῖ
2946 2576 3040 2630 τοῦ
3072 2576 3275 2641 ἐλαίου,
3304 2575 3399 2629 καὶ
3423 2574 3503 2637 ὡς

1929 2665 2117 2718 ἐλαίαν
2167 2666 2318 2735 ἡμᾶς
2361 2659 2498 2717 εἶναι
2543 2664 2898 2735 κατάκαρπον
2933 2664 3014 2717 δεῖ
3040 2664 3098 2716 ὲν
3134 2662 3213 2734 τῷ
3241 2662 3375 2733 οἴκῳ
3405 2661 3501 2715 τοῦ

1929 2752 2088 2807 Θεοῦ.
2137 2754 2509 2823 Ἐννοήσωμεν
2536 2749 2629 2806 οὖν
2655 2753 2755 2806 ὅσα
2786 2754 2818 2823 ἡ
2829 2752 2945 2821 μῶν
2967 2752 3195 2816 ἕκαστος
3224 2750 3338 2822 ἔχει
3369 2766 3504 2821 φορ-

1930 2843 2023 2895 τία
2061 2841 2495 2913 ἁμαρτημάτων,
2524 2843 2619 2895 καὶ
2650 2841 3011 2914 ἀντιρρόπους
3056 2842 3373 2912 ποιήσωμεν
3401 2841 3504 2904 τὰς

1932 2927 2368 2999 φιλανθρωπίας,
2402 2929 2602 2999 μᾶλλον
2629 2929 2686 2982 δὲ
2720 2930 2813 2982 καὶ
2853 2927 3034 2999 πολλῷ
3060 2927 3296 2991 πλείους,
3323 2929 3407 2981 ἵνα
3426 2928 3503 2999 μὴ

1939 3017 2099 3086 μόνον
2125 3014 2425 3069 σϐεσθῶσιν
2444 3017 2500 3068 αί
2527 3015 2817 3087 ἀμαρτίαι,
2847 3014 2961 3069 ἀλλ’
2982 3015 3067 3068 ἵνα
3087 3013 3183 3069 καὶ
3201 3016 3282 3077 είς
3301 3014 3503 3067 δικαιο-

1936 3104 2102 3175 σύνην
2146 3106 2277 3174 ἡμῖν
2300 3104 2303 3107 ⁷
2324 3104 2646 3174 λογισθῶσιν
2691 3106 2749 3159 αί
2776 3104 3131 3159 δικαιοσύναι.
3164 3105 3259 3157 Ἂν
3282 3103 3392 3175 γὰρ
3427 3103 3502 3174 μὴ

1931 3190 2173 3244 τοσαῦτα
2298 3190 2368 3245 τά
2403 3192 2603 3261 ἀγαθὰ,
2630 3192 2709 3257 ὡς
2733 3191 2827 3247 καὶ
2864 3192 2935 3246 τὰ
2967 3192 3286 3263 ἐγκλήματα
3306 3190 3507 3245 ἀποδύ-

1935 3278 2153 3343 σασθαι,
2182 3265 2278 3331 καὶ
2322 3280 2387 3333 ὲκ
2444 3278 2552 3333 τῶν
2600 3279 3016 3350 ὑποληφθέντων
3046 3282 3126 3345 είς
3157 3279 3505 3349 δικαιοσύνην

1933 3367 2066 3438 ἡμῖν
2104 3365 2443 3436 λογισθῆναι,
2466 3367 2641 3431 οὐδεὶς
2662 3369 2809 3439 ἡμᾶς
2841 3367 3185 3439 ἐξαιρήσεται
3214 3367 3314 3439 τῆς
3342 3366 3505 3421 κολά-

1935 3471 2073 3517 σεως
2105 3468 2123 3484 ⁸
2146 3448 2215 3525 ἦς
2233 3453 2444 3523 γένοιτο
2478 3454 2689 3519 πάντας
2719 3456 2865 3525 ἡμᾶς
2884 3453 3284 3526 ἀπαλλαγῆναι,
3315 3454 3501 3525 χάριτι

1933 3540 2028 3596 καὶ
2040 3540 2414 3613 φιλανθρωπίᾳ
2428 3540 2517 3594 τοῦ
2533 3542 2736 3614 Κυρίου
2750 3543 2783 3613 ή
2791 3542 2905 3613 μῶν
2920 3540 3092 3612 Ἰησοῦ
3106 3541 3363 3613 Χριστοῦ,
3383 3539 3504 3612 μεθ’

1932 3625 1992 3686 οὗ
2013 3629 2090 3703 τῷ
2113 3629 2288 3703 Πατρὶ
2308 3629 2424 3702 ἅμα
2448 3630 2525 3703 τῷ
2550 3630 2690 3702 ἁγίῳ
2718 3629 2994 3703 Πνεύματι
3018 3670 3035 3700 ,
3061 3630 3158 3685 καὶ
3186 3629 3255 3684 τά
3283 3630 3432 3699 ἑξῆς.
