3878 6538
565 437 662 493 179

560 553 683 607 dom
731 551 1095 615 defensionis,
1141 564 1204 606 ac
1256 551 1585 607 liberationis
1628 560 1870 622 tempore
1912 548 2134 606 minime

559 644 795 699 adfuisse
823 644 1158 697 Timotheum
1190 652 1401 697 constat
1427 661 1441 696 ε
1470 643 1641 713 inquit
1667 642 1842 708 enim,
1874 642 1941 697 In
1970 643 2135 711 prima

560 755 669 791 utea
695 736 980 805 defensione
1006 751 1151 789 nemo
1180 736 1303 788 mihi
1333 736 1516 806 adfuit.
1546 735 1707 805 quue
1736 735 1970 790 ostendit
1998 733 2132 789 scri-

560 829 689 883 bens
724 829 800 881 sic
825 843 838 879 :
868 842 974 880 non
1012 827 1154 880 enim
1186 826 1259 880 illi
1293 841 1389 896 per
1418 827 1598 881 literas
1625 825 1958 890 nuntiasset,
1989 825 2132 895 quod

558 928 740 972 notum
768 918 863 987 ipsi
892 932 1011 973 esse
1035 917 1214 972 sciret.
1239 917 1355 984 Quo
1377 926 1553 972 autem
1580 927 1819 987 tempore
1845 918 1981 972 hanc
2000 918 2136 972 scri-

560 1011 712 1065 bebat
734 1010 1036 1079 epistolam,
1059 1009 1372 1065 Timotheus
1399 1025 1501 1064 una
1523 1024 1701 1064 secum
1724 1009 1908 1064 aderat
1932 1025 1946 1063 :
1973 1008 2131 1078 idque

558 1103 736 1158 verbis
782 1103 897 1157 istis
942 1101 1217 1169 ostendit:
1247 1101 1410 1169 Spero
1448 1110 1616 1155 autem
1658 1101 1712 1154 in
1751 1100 1964 1154 Domino
2004 1100 2130 1154 Jesu

560 1192 872 1248 Timotheum
907 1210 985 1246 me
1021 1194 1120 1247 cito
1161 1194 1351 1247 mittere
1388 1192 1456 1245 ad
1493 1207 1616 1256 vos;
1644 1201 1697 1245 et
1726 1205 1945 1253 rursus,
1978 1191 2131 1244 Hunc

556 1288 711 1355 igitur
734 1303 879 1355 spero
910 1302 987 1338 me
1014 1286 1112 1337 cito
1138 1286 1333 1338 mittere
1356 1284 1423 1336 ad
1451 1300 1551 1346 vos,
1582 1298 1700 1337 mox
1724 1293 1773 1336 ut
1799 1283 1988 1347 videro,
2018 1299 2130 1348 qua:

556 1378 689 1429 circa
732 1394 808 1430 me
836 1386 947 1430 sunt
973 1377 991 1447 (
1028 1376 1254 1445 Philipp.
1283 1376 1336 1428 ‘2.
1373 1375 1457 1430 l9.
1489 1374 1559 1429 25
1582 1375 1627 1442 ).
1659 1375 1699 1428 Ε
1729 1375 1953 1429 vinculis
1983 1377 2127 1432 enim

554 1466 805 1521 dimissus
834 1477 949 1532 est;
984 1477 1143 1535 atque
1173 1466 1223 1519 in
1256 1481 1338 1530 ea,
1373 1476 1649 1535 postquam
1678 1464 1746 1519 ad
1777 1465 1920 1535 ipsos
1945 1465 2125 1520 venis-

554 1568 632 1612 set
659 1600 674 1623 ,
708 1573 894 1612 rursus
934 1559 1229 1626 conjectus.
1275 1556 1425 1624 Quod
1470 1559 1610 1612 enim
1654 1558 1859 1626 inquit,
1895 1556 2003 1612 Sed
2035 1558 2127 1611 etsi

550 1650 786 1703 imntolor
824 1667 980 1719 supra
1018 1650 1324 1718 sacri/icium
1346 1691 1361 1716 ,
1395 1659 1440 1701 et
1478 1650 1763 1717 obsequium
1799 1650 1920 1718 ﬁdei
1952 1661 2125 1704 vestra:

550 1741 571 1812 (
603 1740 731 1794 Ibid.
757 1757 804 1794 υ.
840 1742 904 1795 i7
933 1743 982 1811 );
1013 1756 1116 1795 non
1167 1741 1235 1795 ita
1276 1741 1433 1804 dicit,
1464 1740 1613 1809 quasi
1646 1756 1784 1795 nunc
1810 1740 1998 1805 ﬁeret;
2026 1741 2122 1797 sed

548 1835 807 1900 Quoniam
849 1834 893 1888 si
931 1835 981 1888 id
1018 1834 1265 1897 eveniat,
1306 1842 1361 1887 et
1398 1834 1841 1904 quandocumque
1874 1836 2119 1903 eveniat,

547 1924 774 1993 gaudeo,
801 1924 991 1994 inquit,
1014 1925 1257 1978 revelans
1280 1924 1397 1977 illos
1421 1939 1671 1991 mos-rore,
1690 1940 1845 1994 quem
1868 1940 1933 1979 ex
1955 1925 2121 1995 ipsius

548 2017 773 2070 vinculis
797 2024 1155 2086 cunceperant
1182 2034 1196 2071 :
1225 2032 1364 2071 nunc
1388 2018 1529 2071 enim
1558 2032 1663 2070 non
1694 2018 1919 2071 mortem
1947 2018 2121 2073 obitu-

545 2124 662 2163 rum
697 2109 859 2164 fuisse
880 2151 894 2173 ,
926 2125 993 2163 ex
1036 2110 1142 2163 illis
1171 2109 1347 2164 verbis
1390 2110 1724 2179 perspicuum
1756 2122 1875 2165 est:
1905 2110 2118 2181 Conﬁdo

546 2210 711 2253 autem
738 2200 792 2253 in
818 2200 1057 2266 Domino,
1088 2200 1327 2270 quoniam
1352 2207 1399 2254 et
1425 2200 1532 2268 ipse
1555 2202 1750 2255 veniam
1774 2202 1842 2255 ad
1866 2219 1952 2257 vos
1978 2202 2074 2257 cito
2095 2220 2118 2269 ;

541 2302 594 2344 ct
625 2306 809 2345 rursus
828 2333 843 2356 ,
885 2290 948 2345 Et
984 2292 1078 2345 hoc
1104 2291 1362 2359 conﬁdens
1386 2293 1489 2345 scio
1514 2293 1634 2362 quia
1658 2293 1865 2347 manebo
1887 2335 1903 2357 ,
1931 2303 1979 2347 et
1996 2311 2120 2357 per-

541 2384 750 2438 manebo
775 2384 1003 2437 omnibus
1028 2385 1164 2437 vobis
1187 2383 1442 2455 (Philipp.
1469 2384 1525 2438 2.
1551 2384 1641 2438 24.
1671 2396 1717 2438 et
1743 2387 1791 2440 1.
1817 2385 1931 2455 25).
1959 2386 2118 2442 Mise-

537 2485 659 2530 rant
697 2488 873 2530 autem
900 2476 965 2529 ad
993 2491 1116 2531 eum
1146 2476 1513 2546 Philippenses
1543 2478 1960 2548 Epaphroditum
1982 2521 1996 2546 ,
2024 2482 2113 2551 qui

539 2567 791 2636 pecunias
830 2566 895 2619 ad
940 2567 1110 2635 ipsum
1155 2566 1404 2632 all'erret,
1449 2578 1502 2622 et
1540 2584 1645 2637 quo
1684 2566 1803 2623 loco
1833 2584 1919 2623 res
1949 2572 2113 2640 ipsius

536 2669 715 2714 essent
756 2668 1101 2729 cognosceret
1144 2676 1157 2712 :
1204 2675 1324 2713 nam
1386 2669 1723 2728 peramanter
1766 2663 1940 2717 aﬂ'ecti
1984 2679 2108 2735 erga

536 2753 680 2806 illum
711 2762 880 2808 erant.
920 2752 1071 2820 Quod
1100 2754 1243 2807 enim
1270 2753 1338 2807 ab
1363 2753 1468 2807 illis
1496 2754 1689 2808 missus
1717 2755 2110 2825 Epaphroditus

537 2842 728 2907 fuerit,
755 2844 874 2898 andi
907 2845 1075 2912 ipsum
1105 2844 1364 2899 dicentem
1394 2864 1406 2899 :
1437 2844 1609 2899 llabco
1640 2856 1806 2900 autem
1831 2851 2031 2914 omnia,
2066 2860 2112 2905 et

535 2934 735 2986 abundo
759 2974 772 2993 ,
813 2935 1033 3002 repletus
1072 2951 1182 2987 sum
1207 2974 1222 2999 ,
1267 2937 1483 3003 acceptis
1523 2936 1583 2988 ab
1623 2936 1971 3008 Epaphrodito
1998 2958 2111 3011 quae

535 3025 740 3076 misistis
764 3023 1034 3095 (Philipp.
1065 3026 1118 3079 4.
1152 3025 1275 3095 l8).
1309 3025 1389 3079 0b
1418 3026 1552 3081 hanc
1582 3028 1739 3097 igitur
1763 3045 1975 3085 causam
2007 3033 2108 3086 mi-

534 3128 735 3183 serant,
767 3128 822 3170 ut
849 3126 903 3172 et
927 3118 1075 3171 illum
1105 3120 1529 3185 consolarentur,
1556 3131 1611 3175 et
1639 3137 1724 3176 res
1752 3123 1889 3177 illius
1914 3140 2108 3195 cogno-

534 3215 765 3262 scerent.
792 3206 923 3261 Nam
951 3209 1091 3277 quod
1119 3218 1173 3264 et
1197 3209 1298 3264 hoc
1320 3212 1581 3281 cognituri
1612 3215 1882 3281 miserint,
1908 3216 1958 3270 in
1993 3221 2110 3289 ipso

533 3299 711 3351 statim
742 3298 983 3368 epistola:
1013 3299 1165 3354 initio
1191 3300 1442 3367 ostendit,
1472 3302 1539 3358 de
1563 3319 1661 3358 suo
1686 3314 1824 3359 statu
1846 3308 2103 3373 scribens,

532 3409 593 3443 ae
632 3391 816 3445 dicens
848 3410 861 3446 :
899 3392 1045 3446 Scire
1084 3402 1250 3447 autem
1278 3410 1363 3448 vos
1399 3395 1511 3448 volo
1534 3437 1550 3461 ,
1577 3398 1696 3465 quia
1728 3415 1839 3465 qua:
1864 3401 1999 3454 circa
2030 3420 2109 3457 me

531 3495 673 3547 sunt,
710 3485 867 3554 magis
893 3484 960 3538 ad
984 3489 1261 3556 profectum
1289 3497 1527 3541 venerunt
1553 3489 1796 3559 evangelii
1821 3492 1838 3563 (
1864 3491 2103 3564 Philipp.

532 3578 584 3631 1.
615 3575 680 3630 12
703 3577 746 3645 );
774 3586 829 3630 et
871 3592 1055 3630 rursus
1079 3618 1094 3644 ,
1139 3575 1303 3647 Spero
1336 3589 1501 3632 autent
1539 3579 1851 3636 Timotheum
1891 3601 1970 3639 me
2007 3587 2105 3640 cito

528 3668 724 3721 mittere
752 3667 818 3721 ad
846 3685 953 3732 vos,
981 3678 1038 3721 ut
1066 3678 1112 3722 et
1140 3685 1231 3740 ego
1262 3669 1390 3724 bono
1416 3672 1585 3725 animo
1613 3673 1728 3737 sim,
1756 3678 1966 3746 cognitis
1992 3695 2105 3745 quia

528 3760 661 3811 circa
686 3774 771 3812 vos
801 3768 913 3813 sunt
938 3758 1212 3829 (Philipp.
1241 3760 1296 3813 2.
1327 3761 1395 3817 19
1419 3763 1458 3829 ).
1496 3762 1562 3817 Ut
1587 3774 1634 3816 et
1658 3781 1750 3834 ego
1772 3807 1786 3829 ,
1826 3768 2108 3837 perspicue

531 3850 631 3903 hoc
655 3849 917 3919 signiﬁcat
940 3867 954 3903 :
980 3860 1040 3904 ut
1064 3851 1510 3919 quemadmodum
1538 3869 1654 3920 vos,
1682 3872 1788 3925 quo
1814 3859 1963 3913 vobis
1989 3862 2105 3914 ani-

528 3958 675 3996 mum
701 3942 1007 4011 expleretis,
1037 3944 1259 3997 misistis
1285 3945 1350 3999 ad
1382 3961 1497 4000 mea
1523 3951 1889 4017 cognoscenda
1917 3970 1928 4004 :
1957 3952 2023 4006 ita
2050 3963 2104 4009 et

529 4049 628 4102 ego
652 4074 667 4096 ,
703 4031 767 4086 Ut
796 4034 923 4085 bono
951 4033 1121 4085 animo
1146 4034 1242 4087 sint
1266 4076 1280 4099 ,
1307 4037 1518 4106 cognitis
1547 4054 1660 4105 quw
1688 4040 1820 4093 circa
1848 4058 1934 4096 vos
1963 4057 2099 4098 sunt.

529 4125 789 4190 Quoniam
828 4124 985 4194 igitur
1008 4138 1127 4179 cum
1164 4125 1320 4196 longo
1342 4127 1450 4194 jam
1482 4128 1759 4185 intervallo
1785 4148 1889 4186 non
1922 4135 2097 4189 misis-

530 4227 669 4279 sent,
699 4216 791 4271 sed
825 4226 949 4271 tunc
979 4217 1233 4272 miserant
1258 4219 1330 4288 (id
1358 4220 1500 4274 enim
1531 4222 1726 4276 indicat
1754 4225 1854 4280 illis
1882 4227 2057 4282 verbis
2082 4272 2097 4296 ,

529 4307 779 4373 Quoniam
814 4308 1016 4361 tandem
1053 4309 1327 4379 aliquando
1364 4313 1661 4380 reﬂoruislis
1699 4332 1792 4382 pro
1814 4334 1891 4370 me
1918 4321 2101 4373 sentire

527 4399 783 4472 [Philipp.
812 4401 866 4456 4.
897 4400 1007 4473 12])
1031 4419 1046 4468 ;
1078 4403 1466 4474 audiebantque
1492 4415 1617 4461 tunc
1648 4408 1815 4477 ipsum
1844 4411 1893 4463 in
1918 4413 2099 4467 vincu-

528 4495 591 4547 lis
628 4509 747 4547 esse
776 4493 931 4565 (nam
959 4494 1003 4548 si
1032 4494 1099 4549 de
1128 4493 1474 4565 Epaphroditi
1506 4500 1639 4553 mala
1671 4502 1970 4558 valetudine
1999 4521 2096 4559 au-

525 4584 752 4645 dierant,
773 4585 1002 4639 hominis
1016 4599 1121 4638 non
1143 4585 1296 4641 valde
1312 4588 1465 4652 clari,
1481 4589 1651 4658 qualis
1671 4591 1885 4661 quidem
1906 4594 2097 4651 Paulus

527 4682 642 4728 crat
665 4716 679 4737 ,
719 4675 884 4730 multo
913 4677 1078 4747 magis
1106 4677 1173 4731 de
1200 4678 1431 4746 Paulo);
1460 4690 1513 4735 et
1541 4694 1950 4740 consentaneum
1982 4700 2098 4744 erat

530 4767 674 4836 ipsos
697 4767 994 4835 perturbari
1015 4783 1029 4832 ;
1048 4768 1248 4824 idcirco
1266 4771 1316 4824 in
1339 4772 1576 4839 epistolae
1595 4779 1852 4843 prooemio
1878 4780 2094 4835 multam

531 4856 733 4911 inducit
773 4859 1189 4914 consolationem
1231 4877 1326 4930 pro
1355 4862 1484 4931 ipsis
1509 4864 1617 4917 suis
1646 4867 1887 4932 vinculis,
1917 4879 2098 4926 osteno

527 4949 657 5002 deus
687 4957 889 5003 tantum
919 4950 1107 5005 abesse
1133 4992 1146 5013 ,
1177 4958 1233 5005 ut
1265 4952 1385 5007 inde
1412 4955 1702 5022 perturbari
1732 4970 2008 5027 oporteat,
2041 4973 2098 5017 ut

526 5040 862 5109 gaudendum
895 5041 1066 5109 potius
1095 5042 1182 5096 sit.
1217 5042 1416 5098 Deinde
1444 5046 1720 5100 consilium
1752 5051 1852 5104 illis
1880 5052 2007 5117 dat,
2040 5064 2098 5107 ut

527 5132 687 5186 etiam
713 5132 1049 5187 concordiam
1078 5142 1239 5202 atque
1265 5133 1612 5191 humilitatem
1636 5140 1834 5207 colant,
1864 5142 1967 5197 hoc
1992 5144 2097 5199 illis

527 5224 848 5277 tutissimum
875 5238 995 5277 esse
1019 5224 1318 5292 pnesidinm
1344 5225 1563 5292 docens,
1586 5238 1744 5299 atque
1771 5231 1868 5285 hac
1894 5233 2095 5290 ratione

527 5315 682 5368 facile
721 5314 842 5369 illos
877 5315 1105 5371 inimicis
1140 5317 1249 5371 suis
1288 5319 1590 5387 superiores
1626 5320 1737 5375 ﬁeri
1777 5338 1953 5390 posse.
1980 5325 2093 5380 Non

530 5408 669 5460 enim
692 5405 995 5463 doctoribus
1016 5410 1208 5463 vestris
1233 5410 1513 5464 molestum
1535 5421 1616 5466 est
1638 5413 1687 5466 in
1714 5415 1932 5470 vinculis
1953 5433 2091 5484 esse,

528 5497 620 5548 sed
645 5497 930 5567 discipulos
953 5498 1089 5552 inter
1107 5514 1165 5554 se
1187 5500 1405 5555 minime
1425 5502 1715 5558 concordes
1736 5504 1934 5561 videre.
1962 5507 2093 5563 illud

527 5589 669 5643 enim
698 5590 777 5643 vel
805 5590 868 5643 ad
897 5590 1292 5659 provehendum
1316 5593 1644 5664 evangelium
1670 5596 1823 5659 facit;
1852 5596 1953 5652 hoc
1972 5615 2096 5654 vero

526 5684 593 5733 Id
619 5678 1040 5737 disturbandnm.

602 5772 656 5821 2.
684 5770 947 5837 Quomodo
975 5774 1168 5829 Paulus
1184 5776 1236 5828 in
1263 5776 1476 5845 epistola
1492 5793 1582 5830 sua
1610 5778 1860 5845 procedat.
1889 5780 2095 5847 Philip-

528 5862 759 5929 pensittm
790 5862 981 5917 laudes.
1014 5894 1083 5907 —
1113 5868 1243 5921 (Lino
1277 5867 1434 5939 igitur
1482 5869 1599 5923 illos
1636 5870 1701 5926 ad
1748 5873 2087 5929 concordiam

1224 435 1282 493 8.
1320 432 1595 492 JOANNIS
1629 428 2106 491 CHRYSOSTOMI
2140 429 2453 490 ARCHIEP.
2494 432 3020 493 CONSTANTINOP.
3652 453 3719 512 ιω

2240 558 2386 603 esset
2434 549 2779 616 cohortatus,
2831 551 3171 605 concordiam
3218 566 3342 608 vero
3389 554 3449 608 at.
3493 558 3717 625 humilitate

2235 636 2498 705 proﬁcisci
2540 638 2844 721 docuisset,
2899 650 3059 710 atque
3107 642 3362 698 adversus
3408 646 3623 718 Judzcos,
3659 663 3717 726 qui

2235 726 2695 786 Christianismum
2748 730 3142 801 prmtendentes
3163 776 3176 799 ,
3205 736 3443 791 omnibus
3484 743 3626 799 modis
3657 750 3719 803 do-

2234 822 2395 891 gmati
2422 822 2747 889 ofﬁciebant,
2768 825 3007 879 invectus
3032 836 3367 892 esset,canes
3393 844 3478 883 eos
3503 848 3657 892 vocans
3678 856 3719 896 ac

2235 914 2402 969 malos
2439 917 2745 985 operarios,
2796 925 2955 987 atque
3006 919 3072 972 ab
3117 918 3221 974 illis
3266 920 3604 980 abstinendum
3637 946 3719 990 esse

2232 1004 2515 1069 suasisset,
2543 1013 2598 1061 et
2626 1006 2813 1075 quibus
2858 1008 3017 1062 rebus
3071 1009 3386 1064 studendum
3429 1027 3556 1069 esset
3590 1019 3719 1077 admo-

2232 1093 2464 1159 nuisset,
2511 1096 2781 1171 multaque
2825 1098 3171 1153 disseruisset
3232 1100 3298 1154 de
3348 1102 3499 1158 rebus
3520 1106 3574 1159 ad
3597 1125 3718 1168 mores

2233 1184 2654 1252 pertinentibus,
2703 1200 2905 1257 eosque
2956 1192 3345 1258 composuisset
3389 1207 3448 1246 ac
3498 1210 3715 1259 reue-isset

2229 1275 2408 1330 verbis
2438 1278 2540 1331 illis
2565 1319 2580 1343 ,
2613 1277 2861 1333 Dominus
2891 1297 3046 1350 prope
3071 1291 3145 1335 est
3180 1281 3436 1351 (Philipp.
3458 1285 3506 1338 4.
3532 1288 3578 1354 5)
3606 1308 3615 1341 :
3639 1302 3712 1347 tum

2230 1383 2358 1421 vero
2383 1384 2442 1420 ea
2465 1410 2479 1431 ,
2512 1384 2630 1438 qua:
2662 1370 2831 1439 ipsum
2862 1370 3107 1437 decebat,
3142 1372 3418 1441 prudentia
3441 1391 3594 1431 rerum
3607 1385 3716 1438 etiam

2228 1460 2292 1512 ad
2320 1474 2377 1513 se
2401 1460 2682 1514 missarum
2728 1463 3057 1518 me’ntionem
3086 1464 3237 1529 facit,
3270 1464 3427 1537 atque
3450 1469 3511 1521 ita
3540 1487 3715 1542 magnam

2227 1550 2381 1604 aliert
2424 1552 2865 1608 consolationem.
2913 1554 3094 1611 Facile
3139 1566 3318 1612 autem
3369 1560 3713 1623 animadterlere

2228 1642 2353 1696 licet
2377 1641 2598 1697 Paulum
2628 1644 2677 1698 in
2710 1645 2993 1700 scribendo
3018 1646 3115 1702 bos
3143 1650 3472 1718 p0tissimum
3502 1653 3713 1715 honoriﬁce

2227 1742 2471 1800 tractare,
2503 1751 2599 1791 nec
2621 1737 2890 1807 quidpiam
2918 1728 3138 1809 usquam
3168 1741 3494 1811 interjicere,
3516 1749 3631 1815 quod
3654 1752 3712 1805 ub-

2219 1827 2468 1897 jurgandi
2514 1828 2616 1882 vim
2662 1828 2879 1883 habeat.
2929 1830 3042 1885 Hoc
3094 1847 3224 1886 vero
3274 1849 3514 1904 magnum
3561 1839 3709 1896 ίιιιιτυιη

2222 1918 2432 1974 virtutis
2478 1932 2849 1990 argumentum
2901 1932 3018 1989 est,
3072 1924 3273 1979 nullam
3328 1926 3532 1984 dedisse
3574 1932 3711 1990 doctrin

2222 2009 2558 2065 occasionem
2586 2011 2922 2082 obiurgandi,
2951 2016 3237 2087 omniaque
3261 2017 3329 2073 ad
3357 2033 3450 2074 eos
3476 2036 3566 2074 non
3592 2040 3712 2094 repre-

2222 2102 2524 2169 hensionis,
2559 2104 2653 2159 sed
2680 2106 2943 2161 suasionis
2966 2107 3126 2163 modo
3150 2124 3272 2166 esse
3301 2111 3514 2183 scripta.
3544 2114 3710 2183 Verum,

2220 2202 2280 2249 ut
2306 2210 2447 2249 nunc
2469 2196 2632 2250 etiam
2663 2208 2894 2267 repetam
2922 2199 3063 2269 quod
3090 2201 3241 2256 initio
3256 2201 3515 2270 dicebam,
3539 2224 3713 2278 magnam

2219 2285 2334 2343 haec
2344 2288 2529 2343 civitas
2544 2290 2609 2343 ad
2632 2288 2788 2344 ﬁdem
2806 2292 3109 2348 ostenderat
3125 2298 3715 2370 propensionem,quando.
3796 2306 3797 2309 ‘

2217 2378 2428 2447 quidem
2452 2389 2633 2434 custos
2665 2381 2777 2450 ipse
2790 2384 3019 2437 carceris
3042 2384 3217 2455 (quam
3237 2402 3367 2441 vero
3392 2388 3618 2458 ejusmodi
3637 2411 3712 2448 mu-

2216 2472 2361 2525 neris
2377 2471 2763 2527 administratio
2792 2490 2978 2544 magna
3008 2491 3128 2531 cum
3153 2478 3490 2547 improbitate
3508 2484 3715 2552 conjunua

2214 2576 2335 2618 esse
2354 2564 2544 2630 soleat,
2574 2580 2677 2619 non
2693 2565 2968 2637 ignoratis)
2986 2583 3090 2623 uno
3106 2572 3283 2625 statim
3300 2572 3511 2642 signoet
3532 2579 3712 2639 accurrit,

2213 2665 2269 2710 et
2314 2655 2605 2724 baptizatus
2646 2666 2730 2712 est
2769 2674 2891 2713 cum
2935 2669 3042 2714 tota
3072 2659 3268 2717 familia
3313 2680 3428 2719 sua.
3459 2670 3529 2721 Ac
3565 2669 3714 2738 signum

2213 2745 2425 2815 quidem
2445 2788 2459 2812 ,
2492 2746 2632 2815 quod
2664 2746 2859 2802 factum
2888 2760 2990 2811 est.
3023 2749 3136 2819 ipse
3174 2753 3326 2808 solus
3355 2755 3521 2820 vidit,
3546 2756 3711 2812 fructum

2211 2852 2341 2891 vero
2386 2837 2452 2890 ad
2482 2837 2686 2892 lucrum
2733 2854 2838 2893 non
2896 2842 3041 2895 solus
3086 2845 3365 2913 percepit,
3393 2847 3484 2901 sed
3527 2864 3611 2903 una
3632 2864 3711 2903 cum

2212 2928 2438 2982 nmliere
2485 2940 2645 2998 atque
2686 2930 2933 2986 universa
2984 2932 3165 2987 domo.
3188 2934 3298 2991 Sed
3343 2946 3399 2991 et
3440 2941 3713 3009 magistratus

2212 3020 2378 3091 ipsos,
2418 3023 2503 3090 qui
2553 3024 2771 3077 Paulum
2816 3025 3132 3081 verberibus
3178 3027 3505 3097 affecerunt,
3550 3035 3711 3087 tumultu
3796 3102 3797 3107 η

2212 3114 2386 3184 petius
2415 3124 2469 3169 et
2493 3112 2692 3185 impetu
2721 3116 2949 3186 quodam
2971 3160 2986 3184 ,
3018 3135 3175 3189 quam
3218 3122 3550 3191 improbitate
3589 3126 3627 3179 id
3663 3128 3712 3179 lc-

2210 3205 2350 3260 cisse
2379 3220 2443 3260 ex
2470 3220 2535 3260 eo
2564 3207 2892 3277 intelligitur,
2924 3210 3067 3279 quod
3088 3212 3194 3264 cito
3222 3213 3374 3267 illum
3401 3213 3577 3267 dimitti
3598 3216 3712 3282 jusse-

2210 3306 2372 3361 runt,
2414 3308 2575 3368 atque
2621 3301 2671 3353 in
2719 3310 2861 3355 metu
2894 3313 3077 3371 postea
3124 3305 3359 3358 fuerunt.
3393 3305 3708 3359 Testimonium

2208 3398 2385 3444 autem
2417 3390 2522 3445 illis
2550 3390 2639 3445 dat
2686 3408 2791 3445 non
2824 3394 2995 3447 solum
3028 3394 3151 3448 ﬁdei
3195 3405 3247 3449 et
3289 3397 3620 3465 periculorum
3649 3415 3708 3449 nr»

2208 3479 2352 3534 mine
2376 3519 2393 3546 ,
2418 3480 2511 3534 sed
2542 3481 2704 3535 etiam
2734 3482 3132 3548 beneﬁcentiae,
3183 3486 3271 3539 ubi
3316 3487 3512 3555 inquit,
3550 3484 3712 3553 Quodd

2205 3572 2259 3624 in
2288 3571 2537 3641 principio
2564 3573 2828 3643 evangelii,
2859 3583 2905 3627 et
2934 3576 3083 3627 semel
3108 3585 3153 3628 et
3180 3576 3252 3630 bis
3282 3578 3337 3629 in
3367 3594 3506 3633 usum
3532 3580 3630 3630 mihi
3646 3579 3710 3627 illl-

2204 3662 2339 3715 sistis
2361 3703 2376 3728 ,
2404 3663 2601 3715 nemine
2628 3664 2732 3717 alio
2776 3664 2830 3717 id
2877 3676 3147 3734 pra’stante
3173 3682 3191 3720 :
3220 3683 3346 3721 nam
3371 3709 3386 3734 ,
3422 3667 3572 3721 Nulla
3595 3669 3707 3725 mihi.

2207 3753 2412 3823 inquit,
2444 3753 2677 3809 Ecclesia
2726 3758 3107 3810 communicavit
3146 3759 3197 3811 in
3244 3761 3445 3813 ratione
3469 3761 3564 3813 dati
3587 3770 3625 3815 tt
3655 3777 3711 3811 σε·
3796 3788 3797 3823 ;

2203 3848 2333 3915 cepti
2377 3846 2550 3916 (Ibid.
2576 3849 2882 3919 11.15.16).
2945 3850 3093 3917 Quod
3161 3852 3205 3905 si
3270 3852 3551 3923 aliquando
3596 3852 3711 3906 inter-

2205 3940 2467 4004 miserint,
2501 3941 2841 3996 occasioncm
2874 3944 3071 4011 potius,
3100 3959 3255 4013 quam
3287 3945 3601 3999 voluntatem
3622 3944 3711 4015 ipsis

2205 4032 2436 4088 defuisse
2467 4033 2582 4087 istis
2624 4034 2802 4088 verbis
2828 4035 3062 4090 ostendit
3090 4055 3102 4089 :
3134 4036 3248 4091 Non
3273 4038 3419 4108 quod
3447 4054 3544 4093 non
3576 4037 3629 4092 de
3650 4052 3709 4090 me
3796 4070 3797 4099 ἡ

2205 4124 2341 4179 bene
2368 4124 2658 4190 sentiretis,
2685 4126 2890 4195 inquit,
2922 4125 3014 4181 sed
3048 4128 3295 4196 occupati
3332 4130 3512 4184 eratis.
3544 4129 3590 4183 ld
3614 4142 3707 4179 vero

2203 4231 2453 4285 magnum
2495 4230 2621 4286 erga
2665 4216 2807 4286 ipsos
2846 4218 3045 4271 amoris
3091 4219 3365 4274 stimulum
3421 4224 3522 4288 pne
3545 4236 3592 4273 se
3624 4219 3706 4272 ten.

2201 4308 2351 4376 Quod
2385 4307 2528 4363 enim
2576 4309 2923 4364 vehementer
2968 4326 3061 4365 eos
3104 4311 3388 4377 dilexerit,
3438 4312 3554 4369 hinc
3593 4313 3706 4366 etiam

2205 4398 2540 4453 manifestum
2571 4417 2586 4454 :
2620 4399 2884 4453 Neminem
2910 4401 3042 4453 enim
3064 4402 3239 4467 habeo,
3271 4403 3461 4472 inquit,
3494 4414 3583 4456 tant
3615 4417 3707 4453 tina-

2203 4494 2386 4545 nintent
2408 4534 2422 4557 ,
2453 4493 2539 4563 qui
2564 4493 2759 4546 sincera
2786 4491 3052 4558 affectione
3093 4510 3185 4564 pro
3228 4495 3365 4549 vobis
3394 4496 3619 4549 sollicitus
3636 4493 3708 4550 sit:

2204 4596 2257 4639 et
2289 4600 2494 4650 rursus,
2527 4584 2609 4638 Ex
2635 4601 2692 4637 eo
2721 4585 2856 4655 quod
2884 4585 3091 4639 habeam
3117 4603 3203 4640 vos
3225 4587 3274 4640 in
3307 4588 3460 4643 corde
3478 4589 3526 4641 in
3554 4584 3709 4639 vinculis

2201 4680 2321 4731 meis
2342 4675 2499 4745 (Ibid.
2527 4676 2581 4730 2.
2608 4675 2697 4731 20.
2728 4688 2773 4731 et
2801 4678 2842 4730 l.
2872 4677 2950 4746 7).

2273 4771 2326 4823 5.
2352 4764 2495 4822 Bona
2524 4786 2677 4838 opera
2699 4771 3139 4826 commendantur.
3165 4800 3234 4812 --
3261 4771 3388 4828 "me
3418 4773 3563 4842 igitur
3576 4778 3621 4823 et
3642 4783 3708 4821 nos

2203 4862 2577 4931 intelligentes,
2602 4876 2664 4916 ac
2684 4872 2759 4915 tot
2790 4862 3045 4917 habentes
3073 4864 3311 4917 caritatis
3331 4863 3574 4917 formulas
3594 4869 3708 4927 atque

2202 4951 2546 5023 exemplaria,
2580 4955 2908 5023 przebeamus
2938 4969 3035 5009 nos
3061 4955 3205 5024 ipsos
3233 4954 3425 5025 dignos
3466 4948 3707 5023 hujnsmodi

2202 5044 2482 5115 exemplis,
2503 5045 2731 5115 prompti
2760 5060 2821 5098 ac
2850 5045 3017 5114 parati
3045 5058 3141 5114 pro
3165 5045 3380 5099 Christo
3411 5039 3705 5114 pati.Ett-nim

2204 5139 2306 5195 hoc
2334 5147 2574 5209 tempore
2600 5153 2708 5193 non
2738 5146 2858 5205 est,
2890 5139 2977 5209 qui
3009 5138 3340 5194 Christianos
3387 5140 3645 5194 inscctetur
3672 5140 3706 5184 et

2201 5238 2378 5285 vexet.
2408 5230 2573 5300 Ergo,
2607 5231 2693 5286 ubi
2722 5230 2852 5285 nihil
2879 5230 3051 5297 aliud,
3080 5230 3267 5287 saltem
3300 5233 3560 5287 efficacem
3583 5237 3627 5283 et
3646 5240 3705 5277 τε·

2202 5323 2505 5378 hcmentem
2545 5324 2755 5378 illorum
2805 5323 3204 5379 beneficentiam
3244 5326 3537 5387 imitemur,
3579 5330 3706 5387 neque

2203 5415 2290 5470 ubi
2318 5414 2483 5470 semel
2514 5424 2671 5485 atque
2700 5414 2890 5470 iterum
2917 5415 3244 5481 dederimus,
3273 5419 3416 5471 omni
3441 5415 3598 5471 ofﬁcio
3622 5424 3707 5481 per-

2204 5508 2412 5563 functos
2465 5522 2562 5562 nos
2590 5507 2912 5563 arbitremur
2945 5527 2958 5563 :
2987 5511 3182 5564 etenim
3221 5526 3316 5581 per
3361 5525 3560 5566 omnem
3586 5507 3705 5558 vitam

2203 5600 2253 5654 id
2302 5598 2597 5654 faciendum
2641 5608 2722 5653 est
2750 5618 2763 5654 :
2794 5616 2899 5654 non
2947 5601 3089 5655 enim
3136 5603 3335 5667 semel,
3364 5601 3454 5655 sed
3502 5604 3705 5670 perpetuo

2202 5691 2415 5760 placere
2444 5700 2674 5760 oportet.
2704 5690 2835 5745 Nam
2859 5693 2946 5762 qui
2976 5694 3183 5759 currit,
3211 5695 3257 5749 si
3285 5693 3465 5750 decem
3490 5687 3706 5747 circuitio'

2202 5783 2377 5845 nibus,
2405 5798 2535 5852 quas
2555 5782 2722 5837 Graeci
2755 5793 2945 5839 vocant
2967 5789 3203 5852 διαύλους,
3223 5788 3330 5855 jam
3353 5785 3517 5846 factis.
3546 5788 3707 5853 postre-

2204 5889 2344 5929 mam
2366 5874 2590 5941 omittat,
2618 5884 2788 5931 totum
2817 5876 3047 5948 perdidit
3071 5894 3084 5933 :
3109 5878 3179 5934 ita
3208 5887 3259 5933 et
3282 5892 3376 5934 nos
3398 5879 3441 5934 si
3458 5877 3519 5932 ab
3541 5876 3706 5940 incepti
