3878 6502
141 413 243 472 I79

135 487 230 587 τοῦ
246 526 508 600 Τιμόθεος
524 520 595 596 ἦν
616 541 633 558 ·
664 525 758 580 και
776 525 926 596 δηλοῖ
945 525 1002 594 ἐξ
1029 521 1103 581 ὧν
1126 545 1290 601 φησιν
1307 545 1324 560 -
1364 528 1611 588 Ἐλπίζω
1626 527 1695 582 δὲ

133 620 207 675 ἐν
242 617 434 686 Κιιρίῳ
475 615 676 682 Ἰησοῦ
711 615 988 684 Τιμόθεον
1014 616 1239 685 ταχέως
1262 617 1491 687 πέμψαι
1520 617 1698 687 ὐμῖνο
1743 692 1752 700 β

135 710 231 763 καὶ
286 706 480 768 πάλιν,
536 705 781 784 Τοῦτον,
795 703 913 775 μὲν
951 704 1169 766 ἐλπίζω
1204 707 1426 774 εὐθέως
1473 707 1704 776 πέμψαι

136 797 298 866 ὑμῖν,
325 795 470 849 ὅταν
488 793 678 849 ἀπίδω
698 794 771 848 τὰ
796 793 930 862 περὶ
960 793 1087 863 ἐμὲ,
1123 794 1193 859 ἐξ
1221 792 1433 864 αὐτῆς.
1478 796 1701 868 Ἀφείθη

135 885 246 956 γάρ
269 884 376 938 άπὸ
399 882 510 936 τῶν
542 883 778 953 δεσμῶν,
814 882 910 936 καὶ
944 882 1104 936 πάλιν
1127 883 1280 953 ἐδέθη
1317 883 1454 952 μετὰ
1478 882 1539 934 τὸ
1569 881 1705 952 πρὸς

137 976 335 1040 αὐτοὺς
356 975 548 1030 ἐλθεῖν.
573 976 636 1028 Ὃ
663 974 719 1027 δὲ
741 973 888 1042 λέγει
911 987 961 1039 ι,
983 975 1103 1028 Ὅτι
1127 975 1226 1029 καί
1255 973 1587 1044 σπένδομαι
1606 974 1707 1027 ἐπὶ

134 1069 214 1138 τῇ
249 1068 453 1133 θυσίᾳ,
506 1064 605 1119 καί
658 1066 996 1134 λειτουργίᾳ
1051 1063 1160 1132 τῆς
1206 1066 1463 1131 πίστεως
1505 1062 1704 1134 ὑμῶν’

139 1158 243 1227 οὐχ
287 1156 363 1218 ώς
417 1153 518 1226 ἡδη
565 1153 754 1208 τούτου
791 1155 1116 1226 γενομένου·
1151 1153 1288 1218 ἀλλ’,
1315 1155 1396 1208 ὅτι
1439 1154 1549 1208 Καὶ
1579 1155 1709 1208 ὅταν

136 1247 296 1300 τοῦτο
320 1246 525 1316 συμϐῇ,
555 1245 745 1316 χαίρω,
771 1247 925 1316 φησὶ.
949 1244 1232 1299 διανιστῶν
1258 1245 1455 1308 αὐτοὺς
1483 1243 1591 1298 ἀπὸ
1610 1245 1709 1314 τῆς

137 1337 379 1406 ἀθυμίας
409 1336 508 1406 τῆς
548 1336 640 1388 ἐπὶ
684 1339 794 1398 τοῖς
831 1335 1046 1406 δεσμοῖς
1070 1351 1086 1368 ο
1124 1337 1205 1390 ὅτι
1249 1336 1360 1408 γὰρ
1389 1336 1489 1390 οὐκ
1515 1334 1708 1406 ἔμελλε

136 1429 262 1480 τότε
291 1426 698 1491 ἀποθανεῖσθαι,
727 1427 885 1491 δῆλον
925 1426 982 1492 ἐξ
1020 1422 1094 1482 ὧν
1124 1444 1310 1499 φησιν,
1335 1429 1416 1482 ὅτι
1460 1425 1710 1488 Ἐλπίζω

137 1518 214 1572 δὲ
247 1519 319 1572 ἐν
364 1519 576 1586 Κιιρίῳ,
624 1518 714 1572 ὅτι
751 1518 848 1571 καὶ
894 1521 1074 1586 αὐτὸς
1113 1519 1336 1588 ταχέως
1382 1521 1710 1588 ἐλεύσομαι

139 1611 298 1677 πρὸς
327 1611 480 1680 ὑμᾶς
499 1627 514 1642 ο
550 1611 643 1663 καὶ
667 1610 873 1669 πάλιν,·
885 1611 993 1664 Καὶ
1021 1610 1199 1664 τοῦτο
1227 1611 1525 1676 πεποιθὼς
1554 1607 1707 1674 οἶδα,

139 1701 241 1754 ὅτι
275 1701 449 1770 μένω,
489 1702 587 1754 καί
631 1699 1072 1771 συμπαραμενῶ
1112 1702 1302 1758 πᾶσιν
1330 1701 1490 1771 ὑμῖν.
1526 1697 1709 1754 Ἦσαν

140 1790 208 1844 δὲ
230 1791 534 1860 πέμψαντες
555 1791 692 1861 πρὸς
715 1790 876 1844 αὐτὸν
897 1792 945 1844 οἰ
959 1791 1304 1863 Φιλιππήσιοι
1322 1790 1413 1843 τὸν
1442 1788 1712 1859 Ἐπαφρό-

141 1881 319 1944 διτον,
337 1882 586 1952 χρήματα
607 1883 896 1936 άποίσοντα
914 1882 1080 1954 αὐτῷ,
1095 1883 1190 1938 καί⁵
1213 1883 1488 1954 εἰσόμενον
1506 1883 1574 1937 τὰ
1589 1882 1708 1935 κατ’

139 1969 335 2024 αὐτόν’
346 1969 602 2024 διέκειντο
619 1971 725 2043 γὰρ
747 1971 948 2042 σφόδρα
970 1972 1095 2043 περί
1109 1971 1270 2025 αὐτὸν
1289 1970 1642 2042 άγαπητικῶς
1657 1970 1708 2025 δ.

142 2062 275 2115 Ὅτι
313 2062 422 2131 γὰρ
448 2061 720 2133 ἔπεμψαν.
752 2063 913 2118 ἄκουε
944 2063 1107 2117 αὐτοῦ
1153 2064 1431 2132 λέγοντοςο
1484 2062 1712 2132 Ἀπέχω

144 2153 378 2216 πάντα,
411 2153 512 2207 καί
537 2155 903 2222 περισσεύω,
936 2155 1343 2224 πεπλήρωμαι,
1385 2154 1714 2222 δεξάμενος

147 2243 310 2311 παρὰ
333 2243 762 2313 Ἐπαφροδίτου
782 2243 854 2297 td
872 2246 1008 2313 παρ’
1029 2243 1217 2312 ὑμῶν.
1250 2245 1340 2300 Ἐν
1375 2243 1558 2315 ταυτῷ
1583 2241 1714 2313 γοῦν

145 2333 402 2405 ἔπεμψαν
445 2336 542 2389 καὶ
589 2336 1082 2408 παρακαλέσοντες,
1113 2338 1210 2391 καὶ
1251 2335 1542 2407 εἰσόμενοι.
1589 2336 1715 2388 Ὅτι

141 2426 258 2497 γὰρ
286 2427 383 2481 καί
402 2427 656 2499 ἔπεμψαν
682 2428 951 2499 εἰσόμενοι
973 2429 1042 2484 τά
1071 2431 1193 2484 κατ’
1231 2429 1414 2494 αὐτὸν,
1441 2429 1594 2501 δηλοῖ
1621 2426 1716 2481 εὐ-

143 2517 284 2580 θέως
314 2519 372 2570 ἐν
398 2521 463 2588 τῇ
489 2520 628 2590 ἀρχῇ
657 2519 754 2590 τῆς
776 2519 1098 2591 Ἐπιστολῆς
1124 2520 1244 2573 κατ’
1265 2519 1426 2574 αὐτὸν
1459 2518 1710 2589 γράφων,

140 2609 244 2661 καὶ
269 2607 448 2676 λέγων
478 2624 493 2639 ·
522 2609 854 2664 Γινώσκειν
881 2610 951 2664 δὲ
983 2611 1140 2679 ὑμᾶς
1170 2611 1486 2680 βούλομαι,
1524 2609 1614 2662 ὅτι
1645 2608 1718 2664 τὰ

140 2701 276 2755 κατ’
315 2701 424 2770 ἐμὲ
473 2701 712 2771 μᾶλλον
742 2705 830 2770 εἰς
864 2703 1183 2773 προκοπὴν
1214 2702 1324 2758 τοῦ
1348 2702 1717 2773 Εὐαγγελίου

137 2791 415 2856 ἐλήλυθε
459 2809 476 2826 ο
519 2794 614 2846 καὶ
650 2794 829 2858 πάλιν,
883 2794 1130 2856 Ἐλπίζω
1173 2795 1451 2864 Τιμόθεον
1493 2792 1720 2864 ταχέως

139 2882 380 2952 πέμψαι
429 2885 590 2954 ὑμῖν,
641 2887 742 2939 ἵνα
783 2885 944 2954 κάγὼ
979 2886 1228 2956 εὐψυχῶ
1264 2886 1448 2956 γνοὺς
1476 2887 1550 2940 τὰ
1583 2883 1718 2956 περὶ

139 2973 339 3041 ὑμῶν.
369 2977 464 3040 Τὸ,
496 2977 627 3031 Ἵνα
656 2976 835 3046 κάγὼ,
865 2977 1148 3048 δηλοῦντός
1173 2979 1337 3042 ἐστιν,
1380 2979 1462 3032 ὃτι
1506 2977 1718 3048 Ὠσπερ

144 3068 314 3136 ὑμεῖς
343 3068 482 3140 ὑπὲρ
511 3068 709 3139 πολλῆς
738 3069 1108 3141 πληροφορίας
1137 3070 1417 3141 ἐπέμψατε
1445 3069 1718 3141 εἰσόμενοι

138 3160 215 3212 τὰ
244 3159 371 3212 κατ’
393 3161 508 3230 ἐμὲ,
529 3159 670 3214 οὕτω
692 3161 784 3213 καὶ
801 3159 947 3233 [191]
972 3160 1101 3230 ἐγὼ,
1123 3161 1248 3216 Ἵνα
1265 3161 1512 3230 εὐψυχῶ
1533 3160 1719 3231 γνοὺς

141 3251 222 3304 td
248 3253 387 3320 περί
417 3239 603 3322 ὑμῶν.
643 3253 796 3306 Ἐπεὶ
820 3249 911 3306 οὖν
938 3253 1032 3306 καὶ
1059 3254 1226 3307 πολὺν
1249 3254 1437 3327 χρόνον
1470 3249 1610 3325 ἦσαν
1639 3253 1717 3324 μὴ

145 3343 490 3413 πέμψαντες,
523 3344 660 3398 ἀλλὰ
681 3343 803 3397 τότε
838 3343 1014 3414 (τοῦτο
1046 3345 1154 3416 γὰρ
1185 3344 1336 3416 δηλοῖ
1373 3345 1462 3399 διὰ
1501 3344 1594 3398 τοῦ
1635 3346 1718 3396 εἰ-

138 3440 274 3492 πεῖν
297 3453 314 3466 ⁸
351 3437 498 3505 Ἤδη
537 3437 680 3490 ποτὲ
717 3437 1038 3492 ἀνεθάλετε
1087 3438 1154 3492 τὸ
1209 3437 1361 3505 ὑπὲρ
1399 3436 1544 3506 ἐμοῦ
1576 3453 1718 3505 φρο-

137 3527 299 3600 νεῖν)
321 3547 338 3561 ο
364 3531 456 3582 καί
487 3531 607 3583 τότε
637 3531 832 3600 ἡκουον
857 3529 1015 3582 αὐτὸν
1039 3531 1097 3582 ἐν
1118 3530 1332 3598 δεσμοῖς
1353 3525 1492 3581 εἶναι
1518 3527 1587 3598 (εἰ
1608 3528 1716 3599 γάρ

137 3623 280 3693 περὶ
320 3622 710 3692 Ἐπαφροδίτου
743 3622 1001 3692 ἥκουσαν,
1031 3622 1112 3674 ὅτι
1143 3619 1438 3690 ἠσθένησεν
1461 3658 1476 3682 ,
1501 3619 1600 3671 οὐκ
1630 3619 1720 3671 δν-

135 3731 238 3778 τος
277 3715 491 3785 σφόδρα
538 3715 832 3786 ἐπισήμου,
877 3714 953 3779 ὡς
998 3712 1229 3778 Παῦλος,
1282 3711 1462 3782 πολλῷ
1520 3710 1718 3783 μᾶλλον

137 3809 278 3880 περὶ
301 3807 543 3879 Παύλου)
569 3825 586 3841 ο
610 3808 703 3862 καὶ
721 3807 867 3868 εἰκὸς
889 3803 956 3878 ἦν
978 3807 1174 3870 αὐτοὺς
1211 3803 1552 3877 θορυϐεῖσθαι
1585 3819 1601 3834 ·
1629 3802 1719 3856 διὰ

135 3900 309 3954 τοῦτο
327 3900 392 3952 ἐν
412 3902 524 3962 τοῖς
550 3899 852 3970 προοιμίοις
867 3899 965 3970 τῆς
980 3896 1298 3966 Ἐπιστολῆς
1324 3894 1522 3966 πολλὴν
1549 3911 1719 3965 προσ-

135 3992 272 4059 άγει
318 3991 658 4060 παράκλησιν
697 3990 836 4060 ὑπὲρ
864 3989 973 4043 τῶν
1009 3988 1244 4059 δεσμῶν,
1281 3987 1494 4051 δεικνὺς
1530 3987 1612 4040 ὅτι
1654 3985 1718 4039 οὐ

138 4085 318 4153 μόνον
369 4084 430 4136 οὐ
463 4083 568 4155 χρὴ
610 4081 973 4154 θορυϐεῖσθαι,
1017 4079 1153 4136 ἀλλὰ
1191 4080 1284 4134 καὶ
1324 4079 1554 4151 χαίρειν.
1587 4074 1719 4132 Εἶτα

136 4177 241 4230 καὶ
269 4175 406 4247 περί
427 4175 677 4246 ὁμονοίας
698 4173 1053 4246 συμϐουλεύει
1076 4173 1170 4228 καὶ
1197 4170 1718 4242 ταπεινοφροσύνης,

137 4267 360 4338 ταύτην
389 4261 530 4320 εἶναι
569 4265 866 4336 ἀσφάλειαν
911 4265 1094 4328 αὐτοῖς
1129 4263 1394 4317 διδάσκων
1433 4260 1716 4332 μεγίστην,

138 4360 246 4413 καὶ
272 4359 419 4412 οὕτω
439 4358 549 4411 τῶν
587 4357 797 4428 ἐχθρῶν
835 4356 1030 4420 αὐτοὺς
1055 4354 1288 4416 εὐκόλως
1313 4353 1574 4406 δύνασθαι
1610 4368 1712 4404 πε-

147 4450 489 4520 ριγενέσθαι.
518 4450 592 4504 Οὐ
621 4450 731 4521 γὰρ
756 4449 817 4502 τὸ
859 4447 1172 4519 δεσμεῖσθαι
1217 4445 1456 4517 λυπηρὸν
1498 4446 1609 4508 τοῖς
1646 4443 1726 4496 δι-

143 4543 446 4607 δασκάλοις
471 4543 645 4615 ὐμῶν,
674 4541 810 4596 άλλά
832 4541 892 4595 τὸ
929 4540 1003 4611 μὴ
1029 4540 1273 4610 ὁμονοεῖν
1300 4537 1427 4601 τούς
1450 4534 1719 4607 μαθητάς.

140 4635 333 4690 Τοῦτο
355 4636 452 4706 μὲν
481 4635 589 4706 γάρ
616 4635 711 4687 καὶ
747 4632 988 4686 ἐπίδοσιν
1017 4629 1094 4700 τῷ
1134 4627 1454 4699 Εὐαγγελίῳ
1483 4626 1718 4692 δίδωσιν,

132 4730 333 4782 έκεῖνο
372 4729 429 4780 δὲ
449 4727 673 4797 διασπᾷ.

210 4821 288 4892 β’.
326 4819 671 4892 Παραινέσας
702 4818 882 4871 τοίνυν
913 4818 1094 4880 αὐτοῖς
1122 4817 1383 4887 ὁμονοεῖν,
1417 4815 1513 4869 καὶ
1544 4813 1723 4880 δείξας

127 4914 219 4967 ὅτι
240 4913 366 4967 ἀπὸ
385 4909 924 4981 ταπεινοφροσύνηςὴ
945 4910 1163 4979 ὁμόνοια
1178 4906 1404 4974 γίνεται,
1422 4907 1516 4959 καὶ
1529 4905 1726 4960 διατει-

129 5006 390 5076 νάμενος
419 5001 556 5072 πρὸς
584 5001 709 5063 τοὺς
738 4998 1014 5070 πανταχοῦ
1038 4998 1112 5068 τῷ
1137 4999 1366 5068 δόγματι
1394 4995 1726 5067 λυμαινομέ-

128 5113 270 5159 νους
312 5093 608 5156 Ἰουδαίους
635 5093 984 5165 προσχήματι
1005 5087 1452 5160 Χριστιανισμοῦ,
1477 5088 1641 5152 κύνας
1665 5105 1725 5140 τε

128 5189 353 5252 αὐτοὺς
391 5185 624 5248 καλέσας
648 5187 742 5238 καὶ
767 5185 970 5247 κακοὺς
994 5184 1248 5255 ἐργάτας,
1275 5183 1367 5235 καί
1394 5180 1727 5250 παραινέσας

125 5279 455 5351 ἐπέχεσθαι
491 5277 690 5338 αὐτῶν,
713 5279 806 5330 καὶ
830 5277 1024 5338 πείσας
1050 5275 1159 5328 τίσι
1184 5274 1264 5327 δεῖ
1295 5272 1601 5345 προσέχειν,
1631 5272 1726 5324 καὶ

126 5375 272 5448 περὶ
293 5372 519 5446 ἠθικῶν
552 5369 718 5422 πολλὰ
747 5368 1065 5438 διαλεχθεὶς,
1093 5366 1187 5420 καὶ
1216 5363 1483 5436 ῥυθμίσας
1511 5363 1724 5428 αὐτοὺς,

195 5655 226 5684 ⁸
265 5646 472 5702 (ἷοὶεέἰη
517 5652 569 5696 et
588 5659 737 5705 marg.
762 5642 930 5698 Savil.,
957 5643 996 5705 εἰ
1015 5641 1065 5689 δὲ
1081 5641 1201 5705 λέγει
1226 5653 1320 5687 non
1343 5637 1488 5705 male.

1163 415 1229 472 ιΝ
1269 415 1488 472 EPIST.
1507 411 1594 468 AD
1621 408 1907 469 PHILIPP.
1944 413 2328 472 PR/EFATIO.

3261 413 3366 468 ιεο

1809 529 1904 584 καὶ
1923 523 2366 601 ἀνακτησάμενᾶς
2388 527 2476 582 διά
2504 526 2597 582 τοῦ
2624 528 2824 594 εἰπεῖν,
2854 525 2911 580 '0
2925 524 3141 596 Κύριος
3159 525 3337 598 ἐγγὺς
3353 566 3372 591 ,

1809 619 2079 690 μέμνηται
2109 621 2244 690 μετὰ
2273 620 2370 690 τῆς
2401 619 2787 691 προσηκούσης
2806 617 2954 690 αὐτῷ
2982 617 3251 681 συνέσεως
3273 620 3372 672 καὶ

1806 712 1914 766 τῶν
1946 711 2322 782 πεμφθέντων,
2364 713 2458 765 καὶ
2485 710 2630 766 οὓτω
2662 711 2861 784 πολλὴν
2899 711 3002 783 τὴν
3028 711 3376 783 παράκλησιν

1811 804 2094 875 προσάγει.
2123 803 2376 857 Φαίνεται
2405 803 2462 856 δὲ
2495 802 2634 873 μετὰ
2675 803 2878 874 πολλῆς
2917 803 3102 865 αὐτοῖς
3143 803 3378 873 μάλιστα

1809 894 2034 966 γράφων
2064 893 2251 964 τιμῆς,
2299 895 2391 947 καὶ
2443 895 2593 947 οὐδὲν
2623 895 2942 965 προτίθησιν
2985 894 3378 965 ἐπιπληκτικὸν

1810 983 2068 1054 οὐδαμοῦ,
2105 985 2241 1056 ὅπερ
2263 980 2331 1056 ἦν
2359 985 2654 1056 τεκμήριον
2689 987 2784 1056 τῆς
2831 987 3028 1057 ἀρετῆς
3071 987 3270 1047 αὐτῶν,
3316 985 3400 1037 ἰδ’

1814 1072 2083 1144 μηδεμίαν
2103 1073 2285 1127 δοῦναι
2310 1073 2388 1144 τῷ
2409 1074 2711 1144 διδασκάλῳ
2739 1074 2909 1146 λαϐὴν
2927 1065 2956 1138 ,Α
2981 1076 3116 1146 μηδέ
3142 1079 3200 1129 ἐν
3222 1073 3379 1138 τάξει

1811 1166 2200 1236 ἐπιτιμήσεως,
2229 1165 2341 1218 ἀλλ’
2370 1168 2428 1219 ἐν
2453 1166 2600 1230 τάξει
2633 1167 3003 1237 παραινέσεως
3037 1168 3210 1222 πάντα
3245 1167 3382 1237 πρὸς

1811 1253 2003 1316 αὐτοὺς
2033 1254 2439 1308 ἐπεσταλκέναι.
2479 1254 2654 1326 Ὅπερ
2693 1256 2749 1308 δὲ
2781 1255 2916 1324 έφην
2957 1256 3051 1308 καὶ
3092 1257 3150 1322 ἐξ
3180 1259 3375 1326 ἀρχῆς,

1809 1346 1966 1400 τοῦτο
1987 1348 2078 1400 καὶ
2103 1336 2197 1401 νύν
2224 1347 2356 1418 ἐρῶ,
2398 1347 2481 1400 ὅτι
2505 1349 2540 1418 ἡ
2569 1347 2719 1412 πόλις
2767 1347 2902 1418 αὐτη
2947 1347 3144 1418 πολλὴν
3173 1348 3380 1400 ἐπεδεί-

1814 1437 1938 1502 ξατο
1960 1441 2039 1502 εἰς
2057 1439 2153 1510 τὴν
2176 1439 2354 1492 πίστιν
2383 1440 2809 1511 ἐπιτηδειότητα,
2839 1439 2968 1508 εἴγε
2993 1441 3021 1492 ὁ
3040 1437 3382 1510 δεσμοφύλαξ

1815 1531 1950 1600 (ἴστε
1983 1530 2060 1594 δὲ,
2102 1532 2184 1585 ὅτι
2224 1532 2402 1602 πάσης
2439 1531 2499 1585 τὸ
2538 1533 2770 1602 πρᾶγμα
2806 1531 3001 1594 κακίας
3034 1531 3246 1601 μεστὸν)
3286 1531 3380 1584 εὐ-

1814 1619 1948 1684 θέως
1978 1623 2086 1674 ὐπὸ
2115 1623 2233 1686 ἐνὸς
2267 1625 2493 1694 σημείου
2517 1624 2612 1676 καὶ
2643 1623 3010 1694 προσέδραμε,
3033 1623 3126 1676 καὶ
3154 1622 3382 1675 ἐϐαπτίς

1813 1709 1912 1778 σθη
1947 1711 2086 1780 μετὰ
2116 1712 2208 1764 τοῦ
2246 1713 2394 1765 οἴκου
2437 1711 2601 1765 αὐτοῦ
2651 1714 2869 1776 παντός.
2899 1714 2974 1765 Τὸ
3010 1713 3108 1783 μὲν
3139 1712 3248 1784 γάρ
3289 1729 3386 1782 γε-

1811 1803 1965 1870 γονὸς
1993 1807 2214 1874 σημεῖον
2253 1804 2359 1857 εἶδε
2398 1805 2554 1874 μόνος
2587 1805 2748 1868 αὐτός
2767 1820 2780 1832 ·
2807 1805 2868 1858 τὸ
2896 1804 2952 1858 δέ
2985 1805 3173 1875 κέρδος
3201 1805 3262 1859 οὐ
3287 1805 3382 1876 μό-

1813 1910 1902 1956 νος
1945 1894 2322 1964 ἐκαρπώσατο,
2369 1895 2504 1948 άλλά
2549 1898 2642 1950 καί
2683 1896 2822 1967 μετὰ
2858 1898 2957 1968 τῆς
2996 1895 3254 1966 γυναικὸς
3285 1897 3383 1952 καὶ

1811 1987 1907 2041 τοῦ
1929 1989 2078 2041 οἰκου
2110 1989 2330 2053 παντός.
2372 1990 2530 2044 Ἀλλά
2569 1991 2664 2044 καὶ
2699 1991 2851 2044 αὐτοὶ
2897 1992 2947 2044 οἰ
2994 1991 3288 2061 στρατηγοὶ
3331 1989 3382 2044 οἰ

1817 2079 2175 2151 μαστίξαντες
2231 2081 2394 2135 αὐτὸν
2436 2082 2784 2151 εὑρίσκονται
2845 2081 2954 2136 ἀπὸ
3027 2081 3382 2152 συναρπαγῆς

1818 2171 2038 2243 μᾶλλον,
2065 2173 2157 2227 καὶ
2188 2173 2250 2227 οὐ
2289 2175 2550 2246 πονηρίαν
2591 2175 2752 2228 τοῦτο
2790 2175 3166 2246 πεποιηκότες.
3208 2173 3287 2244 τῷ
3317 2190 3380 2226 τε

1813 2262 2014 2327 εὐθέως
2042 2262 2259 2336 πέμψαι
2283 2265 2379 2318 καὶ
2397 2266 2616 2334 ἀφεῖναι
2645 2264 2827 2328 αὐτὸν,
2853 2264 2948 2316 καί⁸
2966 2262 3046 2333 τῷ
3073 2262 3378 2333 φοϐηθῆναι

1814 2353 2058 2426 ὕστερον.
2107 2356 2392 2428 Μαρτυρεῖ
2431 2356 2488 2409 δέ
2524 2356 2705 2420 αὐτοῖς
2748 2356 2848 2408 οὐκ
2881 2357 2940 2408 ἐν
2985 2354 3164 2407 πίστει
3195 2355 3380 2425 μόνον,

1814 2444 1932 2498 οὐδέ
1964 2445 2023 2498 ἐν
2050 2444 2336 2509 κινδύνοις,
2363 2445 2498 2498 ἀλλὰ
2522 2445 2615 2499 καὶ
2641 2447 2698 2498 ἐν
2727 2443 2961 2516 εὐποιία,
2992 2442 3060 2496 δι’
3085 2435 3160 2496 ὧν
3190 2458 3378 2513 φησιν,

1817 2536 1898 2590 ὅτι
1935 2536 2046 2590 Καὶ
2093 2536 2164 2591 ὲν
2203 2537 2364 2607 ἀρχῇ
2389 2537 2496 2592 τοῦ
2532 2537 2884 2607 εὐαγγελίου
2924 2537 3022 2589 καί
3065 2533 3227 2598 ἅπαξ
3275 2531 3378 2588 καὶ

1817 2627 1911 2695 δίς
1939 2630 2024 2696 εἰς
2046 2627 2160 2697 τὴν
2184 2630 2394 2698 χρείαν
2413 2646 2530 2699 μου
2557 2626 2882 2698 ἐπέμψατε,
2909 2626 3158 2692 οὐδενὸς
3177 2623 3382 2692 ἑτέρου

1817 2719 1993 2774 τοῦτο
2025 2721 2440 2787 πεποιηκότος.
2471 2719 2728 2790 Οὐδεμία
2743 2719 2850 2789 γάρ
2873 2707 3022 2789 [192]
3039 2733 3160 2784 μοι,
3190 2715 3381 2786 φησιν,

1829 2810 2156 2878 Ἐκκλησία
2193 2810 2599 2879 ἐκοινώνησεν
2646 2813 2734 2876 εἰς
2769 2812 2958 2880 λόγον
2993 2808 3218 2872 δόσεως
3277 2805 3378 2859 καί

1816 2900 2080 2970 λήψεωςο
2117 2900 2216 2973 τὴν
2264 2900 2499 2971 ἔλλειψιν
2532 2902 2591 2954 δέ
2633 2901 2892 2972 ἀκαιρίας
2917 2898 3057 2954 εἰναι
3089 2898 3308 2969 μᾶλλον,
3339 2895 3379 2967 ἡ

1818 2993 2186 3064 προαιρέσεως
2217 2993 2454 3045 δείκνυσι
2481 2992 2674 3061 λέγων⁸
2706 2992 2819 3061 Οὐχ
2843 2975 2927 3045 ὅτι
2955 2991 3057 3043 οὐκ
3081 2989 3382 3060 ἐφρονεῖτε,

1818 3086 2001 3156 φησιν,
2051 3084 2190 3155 ὐπέρ
2240 3083 2394 3154 ἐμοῦ,
2443 3082 2756 3154 ἠκαιρεῖσθε
2804 3082 2886 3136 δέ.
2930 3079 3100 3134 Τοῦτο
3147 3079 3204 3132 δὲ
3245 3076 3384 3132 πολύ

1817 3176 1952 3246 πρὸς
1985 3173 2176 3236 αὐτοὺς
2197 3172 2411 3243 φίλτρον
2433 3171 2579 3243 ἔχειν
2606 3172 2880 3242 ἐμφαίνει.
2915 3172 3038 3224 Ὀτι
3071 3171 3180 3240 γὰρ
3207 3168 3384 3238 ἐφίλει

1819 3266 2024 3336 σφόδρα
2061 3265 2275 3326 αὐτοὺς,
2320 3262 2474 3336 δῆλον
2512 3280 2526 3294 ·
2575 3263 2803 3317 Οὐδένα
2846 3261 2955 3332 τὰρ
3002 3263 3138 3330 ἔχω,
3194 3259 3382 3331 φησὶν,

1818 3358 2138 3426 ἰσόψυχον,
2169 3355 2335 3420 ὅστις
2365 3355 2629 3424 γνησίως
2661 3357 2733 3409 td
2760 3355 2893 3423 περὶ
2919 3352 3086 3423 ὑμῶν
3099 3349 3382 3422 μεριμνή-

1818 3464 1949 3503 σειο
2008 3449 2102 3501 καὶ
2148 3448 2343 3513 πάλιν,
2391 3450 2493 3503 Διὰ
2529 3447 2594 3501 τὸ
2626 3447 2791 3516 ἔχειν
2823 3462 2900 3516 με
2944 3446 3014 3499 ὲν
3042 3443 3115 3513 τῇ
3163 3443 3383 3512 καρδίᾳ

1815 3539 1990 3612 ὑμᾶς,
2030 3540 2100 3592 ἐν
2131 3557 2193 3593 τε
2221 3539 2343 3606 τοῖς
2371 3539 2618 3608 δεσμοῖς
2641 3556 2784 3607 μου.

1886 3639 1955 3701 γ’.
1977 3630 2160 3684 Ταῦτα
2175 3627 2265 3685 οὖν
2280 3631 2476 3694 εἰδότες
2497 3632 2592 3684 καὶ
2607 3631 2786 3701 ἡμεῖς,
2804 3627 2899 3680 καὶ
2915 3624 3202 3688 τοσούτους
3227 3623 3378 3695 ἔχον*

1816 3741 1908 3788 τες
1943 3723 2144 3786 τύπους
2177 3722 2415 3792 ἀγάπης,
2447 3721 2672 3783 ἐαυτοὺς
2709 3717 3036 3790 παρέχωμεν
3065 3715 3248 3781 ἀξίους
3268 3715 3379 3768 τῶν

1818 3816 2072 3871 τοιούτων
2105 3815 2532 3885 ὑποδειγμάτων,
2570 3815 2698 3884 περὶ
2725 3814 2786 3866 τὸ
2813 3813 3044 3882 πάσχειν
3069 3811 3206 3882 ὑπὲρ
3239 3810 3375 3880 Χρι-

1821 3906 1948 3961 στοῦ
1985 3887 2191 3977 ἕτοιμοι
2217 3906 2507 3975 γινόμενοι.
2545 3904 2706 3956 Ἀλλά
2751 3903 2845 3956 νῦν
2875 3903 2975 3955 οὐκ
3018 3902 3162 3954 ἐστιν
3195 3901 3223 3953 ὁ
3250 3899 3378 3953 διω-

1818 3998 1976 4070 γμός.
2013 3997 2220 4051 Οὐκοῦν
2257 3995 2360 4049 κᾶν
2411 3996 2576 4067 μηδὲν
2621 3995 2828 4066 ἕτερον,
2875 3990 3168 4063 μιμώμεθα
3201 3989 3380 4045 αὐτῶν

1818 4091 1916 4161 τὴν
1937 4088 2178 4142 εὐποιίαν
2209 4088 2307 4160 τὴν
2347 4086 2483 4158 μετὰ
2520 4085 2898 4156 σφοδρότητος,
2933 4083 3086 4154 μηδὲ,
3113 4082 3206 4135 ἐὰν
3235 4080 3386 4146 ἅπαξ

1819 4180 1998 4254 δῶμεν
2018 4181 2111 4234 καί⁵
2131 4178 2401 4251 δεύτερον,
2430 4179 2490 4231 τὸ
2514 4179 2622 4230 πᾶν
2647 4176 2908 4249 ἡγώμεθα
2932 4174 3350 4245 πεπληρωκέναι
3366 4188 3379 4202 ⁶

1820 4272 1910 4326 διὰ
1945 4273 2143 4333 παντὸς
2169 4270 2276 4342 γάρ
2317 4269 2410 4323 τοῦ
2438 4269 2552 4340 βίου
2582 4268 2740 4322 τοῦτο
2768 4269 2875 4339 χρὴ
2911 4270 3082 4322 ποιεῖν
3105 4282 3122 4295 ο
3163 4267 3225 4319 οὐ
3274 4265 3386 4335 γὰρ

1823 4363 1969 4431 ἅπαξ
1991 4365 2302 4434 εὐαρεστεῖν
2327 4362 2428 4423 δεῖ,
2459 4360 2594 4414 ἀλλὰ
2619 4359 2901 4431 διηνεκῶς.
2931 4360 3042 4412 Καὶ
3072 4357 3179 4427 γάρ
3212 4359 3240 4410 ὁ
3261 4356 3385 4428 τρέ-

1823 4472 1952 4525 χων,
1981 4454 2076 4507 ἐάν
2097 4453 2225 4506 δέκα
2248 4451 2492 4515 διαύλους
2516 4463 2538 4491 ο
2579 4450 2822 4521 δραμὼν,
2854 4450 2945 4503 τὸν
2987 4449 3211 4521 ὕστερον
3245 4450 3382 4520 ἁφῇ,

1821 4545 1881 4598 τὸ
1911 4545 2026 4621 πᾶν,
2042 4543 2289 4596 ἀπώλεσε
2305 4558 2319 4572 ’
2345 4543 2439 4595 καὶ
2463 4544 2640 4613 ἡμεῖς,
2673 4543 2767 4595 ἐὰν
2795 4540 3091 4612 ἀρξάμενοι
3111 4539 3220 4592 τῶν
3241 4541 3384 4607 ἀγα-

1823 4636 1933 4690 θῶν
1976 4635 2173 4708 ἔργων,
2219 4633 2442 4705 ὕστερον
2479 4633 2814 4700 ἐκλυθῶμεν,
2869 4631 2930 4685 τὺ
2963 4632 3069 4685 πᾶν
3101 4630 3385 4684 ἀπωλέσα-

1826 4746 1945 4800 μεν,
1985 4727 2046 4780 τὸ
2093 4728 2201 4780 πᾶν
2237 4727 2636 4798 διεφθείραμεν.
2690 4726 2887 4777 ’Δκουε
2930 4726 3030 4793 τῆς
3073 4723 3388 4792 ἐπωφελοῦς

1824 4817 2194 4890 παραινέσεως
2233 4817 2499 4886 λεγούσης
2532 4833 2546 4846 ο
2605 4815 3064 4885 Ἔλεημοσύναι,
3099 4815 3252 4882 φησὶ,
3287 4811 3385 4865 καὶ

1825 4909 2060 4974 πίστεις
2098 4907 2184 4977 μὴ
2233 4903 2675 4961 ἐκλειπέτωσάν
2720 4920 2814 4958 σε.
2847 4905 2959 4956 Οὐκ
2988 4898 3158 4966 εἶπεν,
3203 4899 3385 4964 ’Ἃπαξ

1827 5002 2068 5072 ποίησον,
2103 4999 2223 5054 οὐδὲ
2270 4998 2534 5069 δεύτερον,
2573 4997 2691 5050 οὐδὲ
2736 4996 2938 5070 τρίτον,
2975 4996 3098 5049 οὐδέ
3138 4995 3380 5057 δέκατον,

1825 5097 1942 5152 οὐδὲ
1963 5094 2251 5148 ἑκατοστὸν
2268 5092 2318 5156 δ,
2343 5091 2476 5146 ἀλλὰ
2497 5090 2804 5153 διαπαντὸς.
2823 5092 2877 5142 Μ
2883 5089 2919 5156 ἡ
2941 5085 3386 5141 ἐκλειπέτωσάν

1825 5206 1917 5251 σε.
1949 5186 2099 5258 φησί.
2138 5185 2246 5239 Καὶ
2291 5185 2390 5238 οὐκ
2437 5178 2578 5246 εἶπε,
2614 5181 2704 5252 Μὴ
2751 5181 2911 5243 αὐτὸς
2957 5178 3380 5247 ἐγκαταλείπῃς,

1825 5280 1982 5344 ἀλλὰ,
2031 5274 2218 5333 Αὗταί
2268 5292 2341 5330 σε
2373 5274 2457 5344 μὴ
2498 5272 2994 5342 ἑγκαταλείπωσι·
3043 5268 3253 5331 δεικνὺς
3301 5267 3383 5318 ὅτι

1825 5372 1985 5442 ἡμεῖς
2007 5368 2186 5422 αὐτῶν
2209 5365 2460 5437 δεόμεθα,
2482 5365 2580 5435 οὐχ
2603 5355 2762 5417 αὗται
2792 5359 2966 5432 ἡμῶν,
2996 5359 3089 5411 καὶ
3115 5358 3381 5410 διδάσκων

1891 5573 1912 5600 ⁸
1936 5571 2135 5619 Coislin.
2159 5572 2212 5616 et
2233 5581 2384 5627 marg.
2420 5565 2578 5627 Savil._
2593 5558 2972 5627 δέκα-διαύλους,
2998 5561 3144 5627 alqu_e
3168 5559 3234 5601 Ita
3255 5553 3386 5627 riguit

1829 5613 2184 5692 Νοὶιέίἷυξί-ᾁιιῖ
2198 5613 2678 5692 ἰοίίὶλιγιίῐῖξιρτυιςιιἰριιρ
2717 5617 2886 5668 Latina
2914 5613 3076 5666 vocem
3107 5616 3230 5663 hanc
3254 5613 3388 5662 Ora:-

201 5716 234 5756 δ
1307 5703 1410 5764 περὶ
1455 5699 1594 5747 αὐτὸν
1615 5699 1713 5810 «iga;

201 5779 376 5810 -.-ἦν
422 5773 473 5810 In
501 5768 946 5810 ndit-&vamnx&xc
992 5766 1152 5810 deest.
1193 5763 1290 5810 Sed
1327 5766 1396 5810 ita
1421 5764 1607 5810 lezerat
1676 5772 1713 5810 0‘

1830 5707 1932 5744 cam
1955 5686 2176 5742 iuseniit.
2209 5690 2334 5739 Editl
2359 5686 2472 5737 δέκα
2491 5686 2716 5756 δολίχογς.

1890 5752 1917 5792 ά
1939 5753 2138 5804 Coislin.
2159 5758 2212 5800 et
2231 5751 2551 5810 marg..Savil.
2578 5760 2716 5802 ποιηο

128 5763 394 5840 surdum.
421 5773 473 5840 !n
501 5768 622 5840 edi}.
643 5763 947 5840 ἀγατι-ηὲιδξῷς
992 5763 1154 5815 deest;
1193 5763 1290 5815 sed
1327 5763 1396 5815 ita
1421 5764 1607 5824 legerat

127 5832 325 5900 biiius,
342 5832 434 5900 qui
458 5833 610 5883 vertit
629 5832 946 5895 peramanter.

1676 5772 1732 5810 ο-

1890 5734 2551 5813 ἷιίὗῖἑιίὖῖἐιῖιῖὲῖεζῗδᾷνιι.
2578 5734 2793 5802 ποίησον.
2821 5740 2890 5790 οὐ
2914 5740 3012 5800 δὶς,
3027 5738 3082 5786 οὐ
3102 5737 3216 5802 τρὶς.
3235 5736 3292 5786 οὐ
3311 5734 3389 5786 δό-

1841 5833 2003 5876 κατον,
2034 5815 2123 5876 οὐχ
2136 5812 2319 5863 ἑκατόν.
