3974 6574
456 444 551 501 θ81

451 562 535 619 δτι
572 562 753 618 πάντα
783 562 1045 635 πράττειν
1070 563 1380 635 ὀφείλομεν,
1414 541 1556 619 ὥστε
1587 565 1757 630 αὐτάς
1777 563 2030 636 κατέχειν

452 657 586 727 παρ’
628 657 860 719 ἐαυτοῖς.
897 658 1167 725 Ἐφαψαι
1204 657 1273 711 δὲ
1305 659 1516 725 αὐτὰς,
1561 659 1749 729 φησὶν,
1795 657 1896 711 ἐπὶ
1939 654 2033 721 σῷ

452 747 752 816 τραχήλῳ.
791 748 1000 817 Ὥσπερ
1037 748 1145 817 γάρ
1178 749 1247 802 τά
1288 750 1398 801 τῶν
1430 750 1680 820 εὐπόρων
1716 748 1904 803 παιδία
1936 746 2033 799 κό-

461 852 600 908 σμον
626 837 738 905 ἔχει
772 838 1007 907 χρυσοῦν
1038 839 1166 911 περὶ
1201 839 1295 892 τὸν
1334 840 1624 911 τράχηλον,
1652 840 1747 893 καὶ
1778 838 2034 892 οὐδέποτε

453 928 616 982 αὐτὸν
640 929 976 993 ἀποτίθεται,
1014 931 1091 995 ώς
1111 933 1210 1002 τῆς
1235 931 1512 999 ευγενείας
1533 931 1732 1002 δεῖγμα
1758 930 1992 1001 φέροντα
2016 945 2032 960 ·

449 1015 595 1069 οὕτω
614 1020 707 1071 καὶ
734 1020 834 1088 τὴν
864 1019 1236 1091 ἐλεημοσύνην
1259 1023 1348 1075 ἀεὶ
1380 1022 1462 1076 δεῖ
1501 1023 1711 1084 ἑαυτοῖς
1745 1039 1812 1073 πε
1824 1019 2029 1091 ριτιθέ-

451 1126 565 1173 ναι,
596 1109 914 1174 δεικνύντας
944 1112 1027 1166 ὅτι
1078 1113 1173 1167 τοῦ
1211 1113 1560 1185 οίκτίρμονός
1606 1114 1775 1182 ἐσμεν
1819 1110 2032 1177 παῖδες,

450 1199 548 1254 τοῦ
562 1199 656 1254 τὸν
682 1202 834 1273 ἥλιον
865 1203 1248 1269 ἀνατέλλοντος
1304 1206 1399 1258 ἐπὶ
1447 1205 1719 1275 πονηροὺς
1752 1204 1847 1257 καὶ
1894 1203 2032 1269 ἀγα-

455 1291 604 1357 θοὺς.
651 1294 792 1348 Ἀλλ’
820 1296 882 1349 οὐ
924 1296 1273 1350 πιστεύουσιν
1312 1298 1361 1349 οί
1404 1296 1623 1350 ἄπιστοι
1648 1313 1662 1360 ;
1691 1293 1910 1364 ,Οὐκοῦν
1946 1292 2038 1347 διὰ

454 1385 661 1440 τούτων
696 1387 1100 1454 πιστεύσουσιν,
1128 1389 1223 1443 ἐὰν
1245 1391 1407 1460 ἡμεῖς
1438 1386 1801 1459 ἐργαζώμεθα
1835 1384 2033 1440 ταῦτα.

470 1478 596 1533 Ἐάν
621 1478 731 1550 γάρ
776 1479 976 1544 ἴδωσιν,
1016 1481 1100 1534 ὅτι
1134 1482 1343 1544 πάντας
1375 1480 1657 1552 ἐλεοῦμεν,
1692 1480 1788 1533 καὶ
1832 1480 2040 1531 ἐκεῖνον

458 1573 879 1645 ἐπιγραφόμεθα
922 1573 1262 1639 διδάσκαλον,
1316 1572 1555 1626 εἴσονται
1602 1572 1685 1624 ὃτι
1736 1571 1896 1623 αὑτὸν
1944 1586 2040 1639 μι-

462 1664 722 1736 μούμενοι
767 1664 924 1718 τοῦτο
966 1663 1299 1735 πράττομεν.
1348 1663 1458 1716 Καὶ
1496 1661 1655 1717 τοῦτο
1701 1662 1799 1731 οὐχ
1854 1659 2041 1722 ἁπλῶς

459 1757 635 1811 ποιεῖν
650 1756 751 1821 δεῖ,
770 1755 905 1811 ἀλλά
929 1757 1068 1827 μετά
1090 1756 1366 1828 προσοχῆς
1388 1755 1482 1809 καὶ
1502 1754 1825 1824 ἀσφαλείας.
1859 1753 2040 1824 Ἐλεη·

464 1847 670 1919 μοσύνη
719 1849 856 1921 γὰρ,
902 1851 1066 1921 φησὶ,
1118 1849 1211 1903 καὶ
1255 1849 1438 1913 πίστις
1475 1848 1617 1901 ἔστω
1668 1865 1749 1901 σοι
1807 1847 2039 1917 ἀληθής.

461 1939 658 2004 Καλῶς
687 1935 860 2008 εἶπεν,
889 1941 1095 2012 ἀληθής
1119 1958 1133 1973 ·
1164 1941 1224 1994 ού
1263 1942 1372 2011 γὰρ
1402 1941 1462 2006 ἐξ
1484 1941 1739 2013 ἁρπαγῆς
1771 1938 2042 2010 βούλεται,

461 2032 580 2086 οὐδὲ
615 2033 726 2086 ἀπὸ
759 2034 1000 2102 κλοπῆς·
1052 2032 1212 2088 τοῦτο
1243 2033 1354 2105 γάρ
1401 2034 1501 2087 οὐκ
1544 2034 1658 2086 ἐστι
1691 2030 1894 2099 πίστις,
1943 2031 2045 2085 οὐκ

463 2120 611 2175 ἐστιν
648 2122 853 2195 ἀληθὴς
895 2125 1256 2197 ἐλεημοσύνη.
1304 2124 1416 2179 Καὶ
1452 2125 1561 2195 γάρ
1606 2124 1697 2178 τὸν
1743 2123 2046 2179 κλέπτοντα

461 2213 754 2284 ψεύδεσθαι
784 2217 1019 2288 ἀνάγκη,
1045 2217 1139 2271 καὶ
1169 2218 1446 2288 ἐπιορκεῖν
1476 2218 1558 2270 δεῖ
1587 2232 1601 2246 ⁸
1638 2216 1703 2269 σὺ
1733 2216 1791 2270 δὲ
1837 2217 1912 2287 μὴ
1951 2216 2047 2269 οῦ-

461 2321 593 2369 τως,
632 2306 768 2361 ἀλλᾶ
802 2309 939 2378 μετά
977 2307 1081 2379 τῆς
1111 2308 1481 2381 ἐλεημοσύνης
1517 2309 1700 2362 πίστιν
1728 2308 1841 2380 ἔχε,
1889 2307 2044 2378 φησί.

465 2397 829 2469 Περιθώμεθα
854 2398 1044 2453 τοῦτον
1074 2398 1226 2473 [195]
1252 2400 1343 2455 τὸν
1374 2400 1577 2472 κόσμον
1602 2416 1615 2431 ·
1657 2401 1932 2472 μανιάκην
1954 2401 2044 2472 ἐρ-

463 2490 768 2562 γασώμεθα
788 2493 854 2562 τῇ
878 2492 1025 2564 ψυχῇ
1059 2492 1316 2563 χρυσοῦν,
1350 2492 1449 2563 τὴν
1477 2490 1850 2563 ἐλεημοσύνην
1878 2478 2067 2559 λέγω,

464 2583 571 2647 ἓως
600 2583 666 2638 ἂν
692 2583 877 2639 ἐνθάδε
900 2578 1072 2655 ὦμεν.
1108 2586 1234 2640 Ἐὰν
1266 2586 1375 2658 γάρ
1401 2585 1646 2658 παρέλθῃ
1674 2588 1707 2655 ἡ
1740 2586 1930 2656 ἡλικία
1949 2585 2048 2639 αῦ-

464 2691 557 2747 τη,
584 2676 765 2730 οὐκέτι
791 2678 927 2747 αύτῇ
951 2677 1287 2749 χρησόμεθα.
1322 2678 1481 2743 Πῶς-;
1515 2679 1628 2731 Ούκ
1650 2677 1787 2732 είσὶν
1814 2680 1933 2731 ἐκεῖ
1958 2678 2051 2731 πέ-

466 2781 647 2835 νητες,
681 2766 783 2819 ούκ
805 2765 952 2819 ἐστιν
978 2767 1095 2819 ἐκεῖ
1122 2767 1400 2838 χρήματα,
1442 2767 1540 2819 οὐκ
1571 2766 1718 2820 ἐστιν
1746 2768 1863 2819 ἐκεῖ
1900 2784 2050 2821 πτω-

468 2856 590 2926 χεία
611 2873 626 2887 ·
652 2856 757 2920 ἐως
784 2857 951 2927 ἐσμὲν
980 2857 1188 2920 παῖδες,
1226 2858 1301 2928 μὴ
1329 2857 1796 2928 ἀποστερήσωμεν
1824 2859 2051 2923 ἑαυτοὺς

465 2946 562 3001 τοῦ
594 2948 802 3019 κόσμου
831 2946 1043 3010 τούτου.
1083 2947 1355 3018 Καθάπερ
1399 2947 1508 3020 γὰρ
1544 2949 1637 3003 ἐπὶ
1673 2948 1784 3004 τῶν
1821 2951 2048 3018 παίδων,

469 3042 566 3093 ἐὰν
594 3039 786 3110 ἄνδρες
830 3040 1119 3109 γένωνται,
1172 3044 1538 3112 περιαιρεῖται
1592 3040 1785 3109 ταῦτα,
1833 3044 1927 3096 καὶ
1962 3045 2050 3112 ἐφ’

468 3130 655 3201 ἕτερον
683 3132 905 3200 ἄγονται
942 3132 1147 3203 κόσμον
1165 3149 1181 3164 ·
1221 3133 1362 3187 οὕτω
1390 3136 1483 3188 καὶ
1517 3134 1603 3205 ἐφ’
1630 3135 1790 3207 ἡμῶν
1818 3152 1833 3167 ·
1867 3135 2053 3190 ούκέτι

468 3226 505 3295 ἡ
529 3225 618 3279 διὰ
646 3225 946 3295 χρημάτων
988 3224 1326 3298 ἐλεημοσύνη
1372 3229 1490 3281 ἐκεῖ
1516 3227 1691 3296 ἔσται,
1728 3228 1844 3283 ἀλλ’
1889 3230 2055 3301 ἐτέρα

469 3332 557 3379 τις
580 3316 714 3370 πολὺ
748 3316 968 3387 μείζων.
1002 3316 1166 3370 Ὥστε
1190 3319 1395 3388 ταύτης
1437 3321 1663 3385 ἑαυτοὺς
1693 3322 1768 3393 μὴ
1817 3323 2052 3375 ἀποστε-

472 3411 748 3481 ρήσωμεν,
800 3411 1120 3482 ποιήσωμεν
1169 3411 1342 3484 καλὴν
1384 3413 1671 3483 φαίνεσθαι
1712 3415 1811 3481 τὴν
1851 3414 2049 3487 ψυχήν.

471 3501 631 3571 Μέγα
651 3502 988 3574 ἐλεημοσύνη
1020 3502 1184 3556 καλὸν
1208 3505 1303 3558 καὶ
1322 3504 1522 3576 τίμιον,
1550 3506 1720 3577 δῶρόν
1745 3508 1861 3560 ἐστι
1885 3509 2050 3579 μέγα,

475 3594 673 3666 μᾶλλον
701 3595 755 3648 δὲ
788 3595 931 3666 μέγα
958 3594 1232 3667 ἀγαθότης
1270 3612 1285 3627 ·
1322 3598 1418 3651 ἐὰν
1464 3596 1725 3669 μάθωμεν
1755 3600 2053 3671 χρημάτων

473 3690 855 3758 καταφρονεῖν,
894 3687 989 3741 καὶ
1025 3687 1189 3760 ἕτερα
1222 3687 1600 3761 μαθησόμεθα.
1638 3690 1781 3762 Ὅρα
1817 3693 1924 3762 γὰρ
1966 3693 2055 3746 ἐν·

472 3778 663 3833 τεῦθεν
692 3782 832 3832 πόσα
854 3780 1098 3834 τίκτεται
1132 3782 1313 3851 ἀγαθά
1345 3798 1359 3812 ·
1396 3785 1424 3836 ὁ
1446 3782 1623 3847 διδοὺς
1654 3784 2052 3856 ἐλεημοσύνην,

473 3868 549 3931 ὡς
574 3870 679 3940 χρὴ
712 3870 932 3933 διδόναι,
968 3870 1230 3941 μανθάνει
1278 3872 1389 3926 τῶν
1432 3873 1733 3943 χρημάτων
1773 3892 2055 3946 καταφρο-

475 3962 616 4013 νεῖν·
645 3962 675 4011 ό
702 3960 888 4029 μαθὼν
919 3962 1219 4031 χρημάτων
1247 3966 1626 4032 καταφρονεῖν,
1661 3966 1762 4035 τὴν
1792 3965 1948 4035 ῥίζαν
1970 3964 2058 4030 ἐξ·

479 4051 642 4120 ἔκοψε
672 4052 781 4105 τῶν
811 4051 1019 4106 κακῶν.
1060 4053 1226 4106 Ὥστε
1272 4053 1381 4123 οὐκ,
1409 4050 1469 4107 εὖ
1501 4058 1647 4107 ποιεῖ
1682 4056 1904 4126 μᾶλλον,
1932 4056 1964 4127 ἢ
1995 4053 2055 4112 εὗ

479 4146 699 4216 πάσχει,
734 4145 793 4198 ού
831 4144 909 4215 τῷ
935 4144 1159 4217 ὀφειλὴν
1182 4145 1275 4199 καὶ
1302 4145 1535 4218 ἀμοιϐὴν
1562 4147 1775 4201 κεῖσθαι
1803 4148 1962 4218 μόνον
1988 4151 2056 4220 τῇ

479 4236 602 4306 ἐλεη
613 4230 841 4309 μοσύνῃ,
867 4236 1006 4289 ἀλλὰ
1034 4237 1128 4289 καλ⁵
1159 4236 1236 4309 τῷ
1261 4237 1357 4308 τὴν
1391 4237 1568 4309 ψυχὴν
1594 4239 1883 4308 φιλόσοφον
1913 4239 2057 4310 γίνε-

481 4328 625 4393 σθαι,
658 4329 753 4383 καί⁵
785 4328 997 4401 ὑψηλὴν
1026 4330 1122 4382 καὶ
1153 4329 1435 4389 πλουσίαν.
1479 4331 1536 4385 '0
1560 4331 1738 4394 διδοὺς
1763 4331 2057 4403 ἐλεημοσύο

479 4437 579 4489 νην
608 4421 918 4478 παιδεύεται
941 4422 1016 4495 μὴ
1036 4422 1334 4495 θαυμάζειν
1354 4426 1457 4498 χρή
1467 4442 1633 4496 ματα.
1664 4424 1796 4497 μηδὲ
1816 4428 2015 4498 χρυσόν

1702 4657 2058 4668 σ--ι-

1129 448 1190 504 8.
1229 446 1521 505 JOANNIS
1553 441 2047 505 CHRYSOSTOMI
2084 442 2400 502 ARCHIEP.
2440 438 2994 498 CONSTANTINOP.

3641 390 3747 500 ιο

2132 561 2292 616 τοῦτο
2319 562 2376 616 δὲ
2403 560 2711 624 παιδευθεὶς
2737 561 2835 632 τὴν
2862 560 3118 626 διάνοιαν,
3156 558 3355 631 ἀρχὴν
3386 554 3566 612 ἔλαϐε
3599 560 3750 629 μεγί-

2135 671 2268 725 στην
2291 653 2495 707 ἀνιέναι
2522 652 2657 724 πρὸς
2679 652 2769 705 τὸν
2801 651 3049 722 οὐρανὸν,
3080 651 3172 704 καὶ
3204 652 3414 722 μάχης
3450 650 3553 703 καὶ
3577 648 3750 721 ἒριδος

2133 741 2230 792 καὶ
2261 739 2456 808 φθόνου
2485 740 2580 793 καὶ⁵
2620 740 2858 810 ἀθυμίας
2892 740 3094 811 μυρίας
3123 738 3367 809 ἐξέκοψε
3406 738 3745 811 προφάσεις.

2138 834 2281 885 ἰστε
2305 832 2436 904 γὰρ,
2468 834 2580 886 ίστε
2610 834 2703 886 καὶ
2733 834 2911 904 ὑμεῖς,
2952 833 3033 887 ὅτι
3058 834 3238 888 πάντα
3270 833 3353 886 τὰ
3386 833 3551 888 κακά
3577 835 3667 890 διὰ
3684 836 3750 891 τά

2133 926 2413 995 χρήματα,
2444 925 2538 978 καὶ
2571 926 2753 997 μυρίοι
2784 926 3010 997 πόλεμοι
3039 925 3128 980 διὰ
3153 925 3221 979 τὰ
3254 927 3574 999 χρήματα.
3611 928 3673 983 Ὀ
3693 928 3748 984 δέ

2135 1017 2339 1070 τούτων
2380 1017 2565 1087 μαθὼν
2601 1020 2983 1088 καταφρονεῖν,
3026 1016 3085 1070 ἐν
3128 1018 3359 1089 γαλήνῃ
3400 1018 3749 1090 κατέστησεν

2136 1110 2348 1170 ἐαυτὸν,
2376 1110 2559 1163 ούκὲτι
2591 1110 2791 1181 ζημίαν
2809 1110 3033 1164 δέδοικε.
3060 1109 3233 1164 Τοῦτο
3264 1111 3390 1181 γὰρ
3422 1109 3748 1167 ἐπαίδευσεν

2138 1203 2301 1257 αὒτδν
2330 1204 2363 1275 ἡ
2390 1203 2725 1274 ἐλεημοσύνη
2747 1219 2760 1231 ·
2797 1203 2982 1257 οὐκέτι
3014 1202 3284 1273 ἐπιθυμεῖ
3318 1202 3444 1255 τῶν
3466 1202 3580 1267 ⁵τοῦ
3615 1204 3747 1271 πλη-

2142 1293 2255 1347 σίον
2276 1309 2292 1325 ·
2318 1294 2434 1356 πῶς
2454 1293 2580 1365 γὰρ,
2608 1295 2636 1346 ὁ
2659 1292 2730 1346 τὰ
2753 1292 2918 1346 αὐτοῦ
2948 1291 3379 1363 ἀποκτώμενος,
3416 1292 3518 1344 καὶ
3541 1291 3746 1361 διδούςς

2139 1385 2320 1439 οὐκέτι
2348 1386 2633 1456 βασκαίνει
2662 1384 2739 1455 τῷ
2768 1384 3088 1438 πλουτοῦντι
3122 1400 3138 1416 ·
3168 1383 3297 1447 πῶς
3330 1383 3478 1453 γὰρ,
3512 1386 3541 1436 ό
3572 1383 3749 1453 βουλό-

2144 1496 2305 1550 μενος
2341 1477 2594 1548 γενέσθαι
2641 1478 2847 1548 πένης;
2888 1477 3235 1546 διακαθαίρει
3278 1475 3466 1530 αὑτοῦ
3505 1475 3569 1527 τὸ
3602 1475 3750 1546 ὄμμα

2140 1571 2241 1640 τῆς
2259 1570 2457 1640 ψυχῆς.
2493 1570 2599 1623 Καὶ
2623 1568 2795 1623 ταῦτα
2832 1570 2930 1639 μὲν
2954 1568 3189 1639 ἐνταῦθα
3222 1584 3235 1596 ’
3262 1566 3343 1621 τὰ
3369 1566 3434 1620 δὲ
3472 1567 3597 1620 ἐκεῖ
3634 1567 3747 1621 οὐδὲ

2142 1662 2288 1716 ἐστιν
2331 1663 2526 1725 εἰπεῖν,
2584 1663 2728 1716 ὅσων
2772 1661 3107 1726 ἐπιτεύξεται
3150 1659 3419 1729 ἀγαθῶν.
3474 1659 3554 1713 Ού
3607 1660 3749 1728 μενεῖ

2144 1755 2250 1822 ἔξω
2272 1755 2411 1826 μετά
2435 1754 2543 1809 τῶν
2571 1754 2771 1827 μωρῶν
2801 1754 3104 1827 παρθένων,
3129 1753 3271 1808 ἀλλά
3307 1751 3463 1823 μετά
3492 1750 3605 1806 τῶν
3625 1768 3746 1823 φροα

2148 1847 2322 1919 νίμων
2356 1847 2739 1913 εἰσελεύσεται,
2790 1848 2928 1918 μετά
2968 1847 3063 1901 τοῦ
3093 1846 3364 1919 νυμφίου,
3397 1845 3507 1909 τὰς
3538 1844 3748 1915 λαμπάρ

2148 1939 2246 2004 δας
2278 1941 2415 2011 ἔχων
2446 1941 2703 2013 λαμπράς
2720 1958 2734 1971 ·
2758 1940 2852 1997 καὶ
2877 1940 2987 1995 τῶν
3012 1942 3071 1994 ἐν
3090 1940 3376 2012 παρθενίᾳ
3395 1940 3743 2009 ταλαιπωρη-

2150 2032 2365 2099 θεισῶν,
2393 2035 2422 2086 ό
2451 2034 2589 2105 μηδὲ
2610 2034 2945 2107 γευσάμενος
2981 2034 3090 2088 τῶν
3129 2034 3322 2088 πόνων
3354 2032 3616 2097 ἐκείνων,
3648 2029 3747 2085 ἀπὺ

2148 2121 2353 2194 ταύτης
2389 2122 2541 2177 ἔσται
2572 2122 2816 2194 βελτίων.
2861 2122 3109 2195 Τοσαύτη
3151 2125 3186 2194 ἡ
3219 2123 3333 2194 τῆς
3370 2121 3743 2194 ἐλεημοσύνης

2155 2214 2307 2284 ἰσχύς
2336 2230 2353 2246 ·
2406 2214 2543 2284 μετά
2590 2214 2793 2285 πολλῆς
2833 2216 3044 2284 είσάγει
3102 2215 3203 2285 τῆς
3249 2214 3592 2287 παρρησίας
3630 2214 3747 2276 τοὺς

2149 2306 2322 2374 αὐτῆς
2346 2306 2665 2377 τροφίμους.
2692 2307 2963 2378 ηΓνωρίμη
2995 2306 3103 2377 γάρ
3150 2309 3270 2359 ἐστι
3304 2309 3427 2367 τοῖς
3459 2306 3519 2357 ἐν
3554 2303 3634 2374 τῷ
3659 2303 3745 2357 ού⁴

2157 2398 2302 2469 ρανῷ
2335 2397 2628 2469 πυλωροῖς,
2660 2400 2771 2462 τοῖς
2804 2399 2903 2462 τάς
2933 2397 3103 2470 θύρας
3147 2397 3463 2468 κατέχουσι
3494 2394 3593 2447 τοῦ
3619 2409 3744 2464 νυμο

2153 2490 2329 2562 φῶνος
2357 2508 2372 2524 ·
2414 2493 2476 2545 ού
2509 2492 2669 2562 μόνον
2697 2492 2757 2545 δὲ
2788 2491 3061 2564 γνωρίμη,
3093 2490 3232 2545 ἁλλά
3262 2491 3369 2544 καὶ
3417 2490 3695 2559 αἰδέσιμος
3724 2499 3742 2517 ⁸

2154 2585 2250 2639 καὶ
2269 2584 2362 2648 οὒς
2396 2585 2461 2638 ἂν
2495 2583 2701 2655 ἐπιγνῷ
2729 2584 3094 2655 τετιμηκότας
3125 2583 3331 2654 αὐτὴν,
3365 2581 3514 2653 μετά
3547 2579 3739 2648 πολλῆς

2155 2676 2358 2741 εἰσάξει
2408 2678 2507 2745 τῆς
2548 2676 2884 2747 παρρησίας,
2941 2675 3035 2729 καὶ
3073 2674 3249 2736 οὐδεὶς
3304 2674 3559 2745 ἀντερεῖ,
3616 2670 3741 2726 ἀλλὰ

2156 2754 2359 2833 πάντες
2401 2767 2801 2840 ὑποχωροῦσιν.
2836 2769 2898 2821 Εἰ
2931 2767 3039 2839 γὰρ
3080 2768 3171 2820 τὸν
3209 2767 3357 2821 Θεὸν
3388 2767 3473 2830 είς
3523 2765 3623 2835 τὴν
3648 2763 3743 2832 γῆν

2156 2862 2440 2932 κατήγαγε
2487 2862 2583 2914 καὶ
2624 2859 2840 2914 ἔπεισεν
2888 2859 3175 2931 ἄνθρωπον
3225 2858 3518 2927 γενέσθαι,
3573 2852 3742 2923 πολλῷ

2159 2951 2360 3024 μᾶλλον
2387 2951 2673 3023 ἄνθρωπον
2709 2952 2789 3015 είς
2816 2951 2909 3005 τὸν
2930 2950 3157 3021 οὐρανὸν
3183 2951 3502 3019 ἀναγαγεῖν
3527 2948 3736 3017 δυνήσει

2155 3062 2267 3100 ται.
2294 3045 2521 3116 Μεγάλη
2542 3044 2650 3113 γὰρ
2678 3044 2848 3115 αὐτῆς
2879 3041 3031 3115 [194]
3077 3044 3111 3113 ἡ
3168 3042 3353 3114 ἰσχύς.
3404 3042 3473 3095 Εἰ
3512 3034 3606 3094 οὖν
3642 3035 3742 3092 ἀπὸ

2153 3138 2336 3202 ἐλέους
2364 3138 2458 3192 καὶ
2488 3135 2898 3208 φιλανθρωπίας
2944 3136 2973 3189 6
3015 3135 3148 3198 Θεὸς
3177 3134 3481 3207 ἄνθρωπος
3510 3131 3735 3200 ἐγένετο,

2153 3231 2248 3285 καὶ
2276 3230 2492 3284 ἔπεισεν
2541 3229 2707 3283 αὐτὸν
2754 3228 2939 3283 δοῦλον
2974 3227 3253 3297 γενέσθαι,
3311 3225 3505 3296 πολλῷ
3547 3223 3736 3295 μᾶλλον

2152 3324 2278 3387 τοὺς
2306 3322 2525 3385 δούλους
2555 3324 2636 3387 είς
2665 3322 2765 3394 τὴν
2796 3321 2975 3377 οἰκίαν
3001 3322 3205 3387 εἰσάξει
3232 3320 3336 3393 τὴν
3368 3320 3566 3375 αὑτοῦ.
3606 3312 3733 3370 Ταύυ

2153 3434 2252 3487 την
2277 3416 2672 3486 ἀγαπήσωμεν,
2696 3414 2903 3484 ταύτην
2931 3414 3273 3485 στέρξωμεν,
3329 3413 3409 3484 μὴ
3445 3412 3576 3483 μίαν
3601 3406 3730 3481 ἠμέ-

2160 3524 2256 3579 ραν
2282 3507 2417 3579 μηδὲ
2436 3507 2717 3579 δευτέραν,
2744 3505 2881 3559 ἀλλά
2911 3506 3000 3560 διὰ
3029 3505 3233 3568 παντὸς
3261 3503 3366 3559 τοῦ
3397 3505 3612 3576 χρόνου,
3656 3500 3734 3552 ἵνα

2154 3601 2302 3672 ἡμᾶς
2330 3599 2536 3671 ἐπιγνῷ
2566 3616 2581 3630 ·
2614 3599 2681 3654 ἂν
2713 3599 2852 3672 αὑτὴ
2892 3600 3039 3672 ἡμᾶς
3084 3599 3317 3669 ἐπιγνῷ,
3355 3600 3454 3652 καὶ
3483 3600 3513 3651 6
3542 3594 3735 3665 Κύριος

2156 3692 2519 3763 ἐπιγνώσεται
2544 3709 2557 3723 ο
2591 3691 2657 3747 ἂν
2677 3692 2814 3764 αὐτὴ
2844 3693 3114 3765 ἀγνοήσῃ,
3141 3692 3234 3745 καὶ
3254 3692 3287 3745 ό
3314 3690 3524 3761 Κύριος
3547 3685 3728 3755 ἀγνοήο

2164 3800 2270 3849 σει,
2294 3785 2389 3838 καὶ
2412 3784 2559 3855 ἐρεῖ·
2583 3782 2697 3837 Οὐκ
2722 3778 2839 3836 οἶδα
2868 3782 3033 3854 ὑμᾶς.
3066 3782 3228 3837 Ἀλλά
3259 3783 3341 3853 μὴ
3370 3781 3585 3850 γένοιτο
3610 3773 3733 3829 τιιύ⁴

2155 3892 2255 3945 της
2302 3873 2535 3929 ἀκοῦσαι
2571 3874 2722 3945 ἡμᾶς
2763 3876 2863 3942 τῆς
2894 3872 3099 3944 φωνῆς,
3146 3872 3288 3926 ἀλλά
3326 3872 3431 3942 τῆς
3471 3866 3733 3940 μακαρίας

2157 3963 2371 4035 ἐκείνης
2398 3980 2412 3995 ·
2452 3965 2651 4030 Δεῦτε,
2693 3966 2748 4019 οἱ
2776 3965 3169 4032 εὐλογημένοι
3202 3963 3317 4019 τοῦ
3355 3962 3584 4031 Πατρός
3599 3972 3729 4028 μου,

2095 4120 2099 4124 ι
2157 4056 2654 4125 κληρονομήσατε
2704 4054 2820 4124 τὴν
2859 4054 3314 4125 ἡτοιμασμένην
3373 4053 3520 4125 ὑμῖν
3560 4052 3728 4117 ,βασις

2157 4148 2331 4202 λείαν
2361 4148 2480 4203 ἀπὸ
2509 4148 2849 4217 καταϐολῆς
2882 4149 3114 4219 κόσμου
3147 4166 3161 4181 ·
3191 4143 3259 4221 ἦς
3293 4149 3511 4219 γένοιτο
3539 4144 3731 4203 πάντων⁴

2159 4242 2308 4312 ἡμᾶς
2337 4242 2633 4312 ἐπιτυχεῖν,
2661 4241 2847 4314 χάριτι
2869 4242 2964 4297 καὶ
2993 4242 3402 4315 φιλανθρωπίᾳ,
3437 4244 3496 4295 ἐν
3524 4232 3727 4316 Χριστῷ

2173 4333 2348 4405 Ἰησοῦ
2383 4332 2461 4406 τῷ
2490 4335 2678 4407 Κυρίῳ
2724 4336 2903 4408 ἡμῶν,
2944 4336 3065 4408 μεθ’
3108 4330 3169 4392 οὗ
3198 4335 3277 4408 τῷ
3325 4334 3529 4408 Πατρῖ,
3551 4329 3638 4386 καὶ
3665 4325 3727 4379 τὰ

2161 4427 2306 4499 ἑξῆς.
2576 4462 2577 4465 η

1956 4891 2208 4947 ΟΜΙΔῙΛ
2246 4890 2325 4948 A'.

491 5046 733 5117 HabJoc
778 5046 878 5117 καί
926 5045 1233 5117 Τιμόθεος,
1283 5045 1489 5103 δοῦλοι
1535 5048 1739 5117 Ἰησοῦ
1788 5048 2068 5117 Χριστοῦ,

2167 5048 2317 5114 στοῦ,
2341 5049 2435 5103 καὶ
2472 5048 2547 5121 μὴ
2571 5047 2756 5113 ἅπλῶς
2778 5046 3054 5117 λέγεσθαι.
3071 5045 3131 5100 '0
3150 5042 3242 5100 τοῦ
3265 5035 3504 5117 Χριστοῦ
3528 5031 3715 5095 δοῦλος,

568 5115 735 5213 ξᾷίξ,
757 5116 1485 5213 ξέεμᾴτίοιεηέξζςῖῤ
1499 5115 1707 5213 Δἰηᾲεξῖ
1739 5116 2071 5213 ξᾲῖςεῇςῖιτ
2164 5135 2321 5205 οὗτος
2350 5115 3047 5213 όντωςέλεύθερόςέστιτῇ
3061 5115 3372 5210 ἀμαρτιᾳὲ,
3397 5134 3492 5189 καὶ
3514 5130 3715 5201 γνήσιος

562 5191 632 5243 ἐν
668 5188 989 5258 Φιλίπποις
1012 5228 1027 5251 ,
1069 5192 1549 5258 συνεπισκόποις
1578 5188 1689 5243 καὶ
1744 5191 2067 5253 διακόνοις,

562 5226 1035 5329 magna;
1064 5226 2071 5331 ξιλιῖῃυιῑῖῑξέοῖῖιῆαῖέξςςυτῑίλει
2166 5236 2242 5289 ον
2280 5232 2485 5302 δοῦλος,
2507 5234 2717 5340 eam
2748 5233 2912 5340 σολον
2951 5230 3310 5340 ιαταδέεεξ..
3354 5226 3533 5330 δυο..

558 5330 659 5385 καί
689 5330 910 5397 Κυρίου
948 5329 1142 5397 Ἰησοῦ
1168 5330 1447 5399 Χριστοῦ.

561 5511 630 5560 α’.
684 5503 951 5558 Ἐνταῦθα
990 5504 1082 5558 ἅτε
1114 5504 1253 5575 πρὸς
1295 5507 1590 5577 ὁμοτίμους
1625 5504 1973 5570 ἐπιστέλλων,
2008 5507 2068 5560 ού

490 5598 703 5669 τίθησιν
717 5595 880 5649 αὑτοῦ
908 5596 968 5649 τὸ
984 5595 1083 5667 τῆς
1103 5596 1449 5660 διδασκαλίας
1469 5598 1704 5669 ἀξίωμα.
1738 5598 1852 5653 ἀλλ’
1885 5599 2070 5671 ἕτερον

493 5692 588 5744 καὶ
620 5688 753 5743 αὐτὸ
788 5689 951 5759 μέγα.
971 5690 1130 5743 Ποῖον
1161 5689 1226 5761 δὴ
1258 5690 1440 5756 τοῦτο;
1471 5690 1664 5745 Δοῦλον
1693 5691 1888 5744 ἑαυτόν
1911 5708 2067 5761 φησι,

493 5784 588 5838 καὶ
619 5783 719 5835 ούκ
746 5782 1062 5838 ἀπόστολον.
1087 5784 1248 5852 Μέγα
1268 5786 1376 5855 γὰρ
1407 5784 1575 5848 ὅντως
1605 5786 1698 5838 καὶ
1723 5785 1880 5839 τοῦτο
1903 5785 2068 5849 ἀξίω-

498 5893 597 5946 μα,
626 5874 723 5929 καὶ
750 5875 810 5927 τὸ
836 5874 1127 5942 κεφάλαιον
1156 5876 1263 5929 τῶν
1293 5877 1534 5944 ἀγαθῶν,
1562 5876 1747 5933 δοῦλον
1777 5874 1915 5932 εἶναι
1936 5878 2070 5948 Χρι-

3577 5214 3710 5290 γενέ-

2169 5328 2324 5382 σθαι·
2354 5328 2480 5382 ἐπεὶ
2512 5326 2621 5383 οὐδ’
2643 5328 2711 5383 ἂν
2740 5325 2884 5381 οὕτω
2903 5325 3114 5395 γένοιτο
3140 5324 3237 5378 τοῦ
3265 5319 3498 5394 Χριστοῦ
3528 5310 3711 5371 δοῦλος,

2167 5423 2281 5476 ἀλλ’
2311 5420 2373 5486 ἐξ
2396 5420 2672 5493 ἡμισείας.
2704 5420 2817 5475 Καὶ
2853 5417 3146 5488 Ῥωμαίοις
3175 5416 3273 5487 μὲν
3302 5413 3462 5470 πάλιν
3481 5399 3706 5463 ἐπιστέλ-

2168 5513 2274 5569 λων
2314 5513 2502 5583 λέγει·
2535 5513 2775 5578 Παῦλος
2813 5510 3036 5577 δοῦλος
3076 5508 3279 5578 Ἰησοῦ
3306 5499 3584 5577 Χριστοῦ·
3615 5494 3708 5547 κο·

2170 5610 2391 5683 ρινθίοις
2416 5611 2472 5664 δὲ
2508 5610 2602 5663 καὶ
2635 5606 2885 5679 Τιμοθέῳ
2912 5604 3262 5670 ἐπιστέλλων,
3289 5596 3571 5657 ἀπόστολον
3598 5588 3705 5683 ιου-

2167 5678 2260 5759 τδν
2303 5703 2475 5757 καλεῖ.
2513 5700 2670 5764 Τίνος
2712 5678 2806 5753 οῦν
2857 5698 3045 5753 ἕνεκεν
3092 5696 3249 5751 τοῦτο
3302 5693 3473 5759 ποιεῖ;
3508 5684 3611 5753 Οὐχ
3635 5678 3705 5731 ὅτι

2233 5909 2255 5937 ⁸
2289 5904 2592 5968 Legendum,
2616 5916 2666 5953 οι
2690 5901 2850 5965 fallor,
2871 5908 2954 5961 τῆς
2976 5900 3222 5963 ἁμαρτίας.
3244 5897 3380 5950 Eon.
