3878 6538
144 400 231 453 {31

142 514 400 567 lmmrum
421 521 642 577 operum
665 518 826 559 cursu
850 500 1203 557 defecerimus
1222 538 1238 564 ,
1269 506 1433 551 totum
1474 493 1705 564 perdidi-

138 619 277 667 mus,
306 610 473 655 totum
501 599 856 667 corrupimus.
896 593 1033 646 Audi
1080 589 1361 661 perutilem
1389 585 1709 641 admonitio—

138 708 259 748 nem
293 692 399 745 illis
424 690 819 760 pronuntiatam
846 683 1022 737 verbis
1053 698 1068 735 :
1094 680 1464 749 Eleemosynte,
1493 677 1662 746 inquit
1683 715 1698 736 ,

134 799 185 838 et
214 787 337 854 fides
365 799 413 836 te
431 799 534 835 non
567 781 797 834 deserant
827 776 1009 847 (Prov.
1033 776 1088 829 5.
1107 772 1185 843 5).
1209 773 1324 827 Non
1351 772 1503 835 dixit,
1534 769 1712 824 Semel

135 878 299 933 facito
318 918 333 942 ,
357 884 448 930 aut
479 874 558 929 bis
577 915 593 939 ,
618 882 708 926 aut
733 882 815 925 ter
836 911 850 935 ,
877 879 968 922 aut
988 867 1167 923 decies
1186 908 1202 933 ,
1231 874 1324 918 aut
1350 863 1552 918 centies
1574 905 1586 916 .
1617 861 1712 915 sed

132 980 396 1043 perpetuo
423 986 436 1019 :
468 966 539 1021 Te
566 980 668 1019 non
714 965 945 1017 deserant
968 1002 980 1022 ,
1012 959 1200 1028 inquit.
1230 955 1341 1011 Nec
1380 970 1507 1010 vero
1532 954 1667 1007 dixtt
1694 991 1711 1016 ,

132 1065 283 1134 lpsas
306 1078 373 1116 ne
398 1060 616 1116 deseras
640 1100 655 1123 ,
685 1056 778 1111 sed
801 1096 815 1119 ,
846 1053 987 1123 Ipsa:
1011 1061 1057 1107 te
1084 1068 1183 1105 non
1226 1049 1499 1109 deserant;
1524 1054 1712 1099 osten-

127 1157 265 1211 dens
279 1170 379 1209 nos
408 1169 550 1214 esse,
570 1152 655 1217 qui
676 1151 909 1218 ipsarum
930 1159 1202 1215 egeamus,
1218 1156 1325 1196 non
1344 1142 1485 1210 ipsas
1508 1137 1709 1202 nostri;

126 1251 443 1317 ducensque
474 1244 608 1300 nihil
637 1244 792 1297 nobis
838 1256 943 1295 non
973 1237 1272 1292 faciendum
1305 1250 1425 1290 esse
1453 1276 1468 1298 ,
1501 1242 1559 1286 ut
1594 1232 1713 1285 illas

125 1341 267 1404 apud
306 1353 404 1391 nos
466 1337 808 1391 retineamus.
840 1333 1109 1387 Circuntda
1144 1345 1259 1392 eas,
1287 1326 1493 1395 inquit,
1520 1325 1713 1394 gutturi

126 1447 215 1487 tuo
246 1426 922 1500 (lbid).Qnemadmodum
970 1424 1111 1479 enim
1156 1421 1377 1476 divitum
1426 1418 1519 1471 lilii
1545 1416 1711 1470 decus

122 1542 351 1582 aureum
377 1526 517 1579 circa
544 1522 742 1577 collum
768 1526 1001 1590 gestant,
1034 1515 1268 1584 illudque
1294 1524 1583 1578 numquam
1614 1507 1714 1561 de-

124 1627 338 1690 ponunt
378 1660 394 1682 ,
447 1615 598 1686 quasi
648 1612 939 1667 nobilitatis
983 1610 1190 1677 insigne
1229 1602 1708 1661 circumferentes:

122 1712 199 1766 ita
232 1722 288 1765 et
314 1710 708 1777 cleemosynam
728 1703 879 1758 nobis
905 1702 1035 1770 ipsis
1056 1697 1448 1753 circumdemus
1476 1698 1708 1759 oportet,

121 1804 469 1857 declarantes
507 1814 607 1852 nos
664 1810 784 1852 esse
828 1790 1192 1848 misericordis
1240 1789 1387 1843 illius
1422 1787 1590 1851 ﬁlios,
1618 1787 1707 1856 qui

121 1895 303 1949 solem
355 1891 547 1949 exoriri
592 1891 723 1945 facit
756 1902 918 1957 super
968 1886 1135 1940 malos
1182 1894 1238 1940 et
1281 1884 1468 1937 bonos.
1508 1883 1576 1934 At
1605 1894 1709 1933 non

119 1988 362 2043 credunt
387 1983 665 2040 inﬁdeles?
691 1981 941 2050 Quinimo
983 1994 1077 2048 per
1104 1978 1217 2031 haec
1252 1975 1473 2031 credent
1497 2016 1513 2040 ,
1536 1974 1581 2027 si
1614 1986 1713 2027 nos

120 2082 237 2135 h:ec
270 2078 708 2149 praestiterimus.
732 2074 862 2130 Nam
892 2075 935 2127 si
958 2071 1186 2126 viderint
1212 2085 1311 2123 nos
1340 2069 1577 2122 omnium
1606 2067 1709 2119 mi-

121 2173 319 2237 sereri,
342 2166 598 2239 illumque
626 2175 1013 2238 repraesentare
1040 2171 1422 2233 praeceptorem
1447 2177 1460 2224 ;
1481 2159 1545 2213 ad
1570 2159 1712 2212 illius

120 2264 485 2317 imitationem
506 2260 608 2314 hoc
634 2274 662 2312 a
687 2258 839 2312 nobis
868 2256 985 2310 ﬁeri
1015 2254 1343 2323 intelligent.
1364 2252 1549 2321 Neque
1578 2267 1711 2305 vero

120 2365 420 2423 utcumque
452 2352 646 2406 iecisse
667 2350 796 2404 satis
837 2356 939 2411 est,
968 2347 1063 2402 sed
1090 2346 1268 2401 cautio
1296 2344 1541 2414 quaedam
1572 2358 1707 2411 prse-

117 2459 265 2501 terea
285 2460 357 2501 ac
372 2444 767 2499 munimentum
791 2441 1100 2512 requiritur,
1124 2438 1499 2507 Eleemosyna,
1518 2438 1708 2507 inquit,

113 2550 169 2592 et
190 2537 335 2591 ﬁdes
363 2536 434 2591 sit
456 2535 548 2589 tibi
569 2550 715 2588 vera.
744 2534 911 2589 Recte
927 2532 1081 2593 dixit,
1105 2531 1259 2594 Vera,
1283 2546 1391 2586 non
1414 2546 1480 2586 ex
1500 2533 1709 2600 rapina,

112 2645 221 2686 non
236 2647 308 2686 ex
338 2627 481 2685 furto
501 2626 629 2685 :boc
651 2627 792 2684 enim
810 2636 1010 2687 nonest
1032 2623 1185 2688 ﬁdes,
1207 2639 1309 2677 non
1324 2633 1405 2678 est
1421 2639 1543 2678 vera
1566 2624 1713 2680 elee-

111 2738 375 2794 mosyna.
405 2721 537 2776 Nam
565 2722 655 2792 qui
700 2720 905 2773 furatur
924 2760 939 2779 .
976 2733 1101 2772 eum
1127 2717 1342 2773 mentiri
1385 2732 1449 2772 ac
1473 2718 1713 2787 pejerare

111 2832 359 2873 necesse
387 2827 508 2881 est;
544 2826 597 2869 tu
620 2829 749 2869 vero
777 2828 884 2868 non
918 2813 1011 2877 ita,
1046 2811 1143 2866 sed
1185 2827 1290 2866 una
1325 2827 1446 2866 cum
1477 2810 1712 2865 eleemo-

109 2923 249 2981 syna
308 2908 481 2961 ﬁdem
532 2921 748 2977 quoque
802 2904 1029 2969 habeto,
1086 2904 1275 2973 inquit.
1306 2902 1712 2957 Circumdemus

106 3001 274 3055 nobis
302 3000 470 3054 istum
499 3008 787 3062 ornatum;
813 3005 1058 3067 torquem
1091 2995 1232 3049 hunc
1270 3010 1491 3049 aureum
1519 2996 1714 3048 animae
1754 3012 1757 3015 ·

105 3103 407 3160 aptemus,
439 3088 835 3159 eleetnosynam
886 3087 1044 3155 dico,
1073 3086 1327 3157 quamdiu
1377 3087 1582 3141 scilicet
1626 3085 1714 3140 hic

104 3183 415 3238 fuerimus.
442 3180 573 3235 Nam
602 3196 725 3236 cum
756 3189 886 3235 aetas
925 3179 1040 3235 haec
1080 3180 1437 3250 praeterierit,
1467 3194 1574 3233 non
1598 3196 1714 3235 am-

104 3279 267 3345 plius
294 3277 392 3329 illa
424 3284 653 3330 utemur.
684 3273 820 3343 Quid
852 3275 965 3329 ita?
995 3272 1110 3328 Non
1139 3284 1264 3328 sunt
1293 3273 1363 3327 ibi
1414 3291 1673 3345 pauperes
1693 3317 1709 3341 ,

101 3386 227 3424 non
254 3378 393 3424 sunt
415 3369 482 3423 ibi
508 3369 769 3438 pecuniae,
798 3383 903 3422 non
929 3376 1014 3423 est
1042 3367 1110 3421 ibi
1135 3368 1451 3423 mendicitas
1480 3387 1491 3421 :
1520 3385 1711 3438 quam-

98 3465 199 3517 diu
229 3477 434 3516 sumus
461 3462 630 3532 pueri,
660 3470 851 3515 ornatu
883 3460 987 3515 hoc
1014 3477 1112 3516 nos
1134 3463 1279 3531 ipsos
1307 3478 1374 3517 ne
1395 3463 1711 3531 spoliemus.

99 3554 273 3622 Quod
309 3554 465 3609 enim
503 3554 553 3606 in
582 3554 761 3621 pueris
786 3554 987 3617 evenit,
1020 3564 1076 3608 ut
1104 3569 1224 3607 cum
1251 3554 1317 3608 ad
1345 3555 1553 3608 virilem
1586 3566 1714 3609 a-ta-

100 3657 222 3700 tem
278 3646 671 3715 pervenerint,
701 3646 800 3700 ista
845 3645 1153 3715 deponant,
1187 3654 1346 3716 atque
1402 3646 1562 3700 alium
1613 3647 1711 3701 sibi

96 3748 409 3792 assumant
451 3745 700 3791 ornatum
732 3755 746 3792 :
778 3735 919 3790 idem
966 3751 1179 3807 quoque
1208 3736 1259 3790 in
1293 3736 1469 3791 nobis.
1500 3736 1711 3791 Etenim

95 3832 217 3886 illic
249 3846 372 3885 non
406 3830 509 3884 erit
533 3830 873 3900 eleemosyna
903 3831 1002 3885 ista
1028 3871 1044 3897 ,
1075 3845 1195 3900 qua:
1223 3830 1461 3900 pecuniis
1490 3828 1547 3884 ﬁt
1572 3872 1588 3896 ,
1619 3830 1712 3885 sed

96 3923 213 3976 alia
242 3922 507 3992 quaedam
533 3922 692 3991 longe
724 3923 915 3990 major.
947 3920 1024 3975 Ne
1068 3922 1229 3991 igitur
1252 3922 1456 3976 interea
1488 3921 1585 3977 hac
1615 3937 1714 3976 nos

92 4016 442 4084 privemus:
473 4029 693 4085 operam
721 4013 943 4076 demus.
972 4024 1029 4068 ut
1077 4012 1349 4083 pulchram
1381 4030 1440 4069 se
1483 4024 1537 4069 et
1587 4029 1712 4085 spe-

90 4105 374 4160 claudam
399 4106 636 4174 praebeat
660 4104 860 4160 anima.
882 4104 1129 4175 Magnum
1149 4106 1492 4177 eleemosyna
1513 4107 1713 4163 bonum

85 4211 278 4271 atque
310 4198 639 4253 honoratum
686 4208 807 4265 est,
854 4214 1104 4269 magnum
1151 4199 1349 4254 donum
1377 4243 1393 4265 ,
1438 4202 1546 4255 imo
1584 4217 1714 4256 vero

92 4308 316 4363 magna
347 4302 433 4346 est
459 4293 672 4346 bonitas
705 4309 719 4345 :
753 4292 797 4345 si
826 4291 1171 4347 didicerimus
1217 4294 1474 4362 pecunias
1528 4306 1711 4350 conte~

86 4399 335 4449 sonere,
354 4383 519 4437 etiam
547 4383 649 4436 alia
676 4383 962 4437 discemus.
984 4383 1120 4439 Vide
1140 4385 1284 4438 enim
1310 4396 1440 4454 quot
1472 4386 1593 4441 hinc
1620 4404 1712 4456 pa-

87 4479 340 4532 riantur
364 4476 501 4530 bona
536 4495 548 4529 :
573 4476 665 4546 qui
693 4475 785 4529 dat
813 4476 1209 4547 eleemosynam
1237 4478 1507 4547 quomodo
1538 4480 1713 4534 danda

86 4578 235 4633 est,
306 4569 359 4621 is
403 4567 555 4621 discit
595 4567 847 4635 pecunias
897 4578 1287 4622 contemnere:
1322 4570 1411 4637 qui
1463 4574 1715 4639 pecunias

86 4671 483 4715 contemnere
528 4660 759 4726 didicit,
808 4661 851 4714 is
900 4661 1161 4715 malorum
1212 4663 1447 4718 radicem
1493 4666 1709 4720 excidit.

80 4753 494 4823 Quamobrem
521 4767 631 4806 non
648 4760 755 4806 tam
782 4751 907 4806 facit
930 4752 1271 4818 beneﬁcium,
1301 4770 1459 4825 quam
1487 4758 1716 4826 accipit;

1053 382 1119 438 IN
1158 379 1370 437 EPIST.
1412 379 1502 432 AD
1540 376 1827 431 PlIILlPP.
1870 376 2019 432 CAP.
2066 380 2105 433 l.
2148 380 2377 438 HOMIL.
2420 381 2461 437 Ι.

3295 385 3401 441 132

1813 505 1918 545 non
1951 495 2151 550 idcirco
2185 497 2381 563 solum,
2408 499 2548 567 quod
2579 499 2935 572 eleemosynte
2976 501 3265 556 constituta
3308 514 3393 557 est

1820 602 2026 641 merces
2060 603 2125 643 ac
2171 590 2451 644 retributio
2471 632 2486 653 ,
2510 607 2694 646 verum
2725 594 2886 647 etiam
2929 593 3071 663 quod
3100 595 3278 648 anima
3332 596 3391 649 lit

1820 682 2188 752 pliilOSOphica
2224 684 2541 753 excelsaque
2569 702 2632 741 ac
2656 687 2830 741 dives.
2859 686 2960 755 Qui
2994 688 3401 760 eleemosynaut

1820 772 1928 837 dat,
1959 773 2024 827 ad
2045 773 2183 829 hanc
2212 774 2552 844 disciplinam
2582 778 2845 843 eruditur,
2871 788 2927 833 ut
2958 781 3214 847 pecunias
3236 792 3397 851 atque

1818 877 2007 918 aurum
2035 866 2254 921 minime
2302 858 2595 922 admiretur
2623 886 2637 924 :
2670 870 2758 939 qui
2802 886 2929 925 vero
2977 871 3079 927 hac
3119 872 3399 942 disciplina

1821 956 2049 1011 instituit
2093 958 2352 1024 animum,
2386 975 2470 1014 me
2514 961 2601 1016 ille
2631 963 2951 1032 praeclarum
2976 965 3304 1020 ascendendi
3339 967 3393 1020 in

1817 1048 2008 1101 caelum
2047 1050 2365 1121 principium
2396 1052 2556 1116 fecit;
2586 1064 2981 1125 sexcentasque
3011 1072 3238 1126 pugnae,
3270 1074 3401 1111 con-

1819 1140 2105 1205 tentionis,
2137 1144 2385 1210 invidias,
2432 1146 2684 1199 mteroris
2724 1148 3037 1201 occasiones
3084 1151 3398 1217 amputavit.

1818 1229 1997 1285 Nostis
2018 1232 2157 1286 enim
2175 1232 2434 1302 profecto,
2469 1237 2637 1289 nostis
2663 1244 2719 1289 et
2745 1250 2863 1300 vos,
2893 1252 2958 1290 ex
2984 1238 3228 1306 pecuniis
3259 1241 3397 1293 mala

1817 1324 2017 1388 omnia,
2048 1341 2113 1378 ex
2140 1326 2381 1392 pecuniis
2426 1338 2678 1381 sexcenta
2717 1328 2852 1383 bella
2884 1329 3058 1383 solere
3106 1331 3389 1385 exsistere.

1816 1416 2174 1481 Quamobrem
2220 1418 2310 1485 qui
2338 1417 2455 1470 illas
2479 1428 2824 1473 contemnere
2848 1419 3069 1484 didicit,
3102 1421 3395 1491 tranquillo
3467 1428 3470 1431 ⁷

1818 1506 1870 1559 in
1903 1518 2057 1576 portu
2090 1508 2321 1575 seipsum
2355 1508 2586 1573 locavit,
2621 1526 2721 1565 nec
2745 1511 2999 1565 damnum
3031 1511 3254 1580 posthac
3285 1529 3400 1567 me-

1818 1599 1936 1652 tuit.
1978 1598 2059 1653 Ad
2101 1598 2239 1653 hanc
2282 1600 2424 1654 enim
2472 1601 2812 1671 disciplinam
2860 1604 3005 1657 illum
3056 1605 3399 1675 eleemosyna

1817 1688 2049 1743 erudivit
2094 1708 2107 1743 :
2158 1707 2261 1745 non
2315 1693 2518 1760 appetit
2566 1694 2791 1761 posthac
2838 1696 3055 1759 aliena;
3119 1699 3393 1764 quomodo

1818 1781 1982 1847 enim,
2011 1797 2132 1836 cum
2177 1798 2270 1836 sua
2295 1786 2456 1839 etiam
2496 1786 2779 1853 profundat
2804 1802 2867 1841 ac
2891 1787 3094 1841 donet?
3122 1789 3263 1842 nulla
3286 1789 3398 1859 jam

1815 1887 1940 1942 erga
1966 1872 2187 1927 divitem
2224 1874 2418 1928 invidia
2448 1878 2680 1945 tangitur
2705 1894 2720 1941 ;
2750 1878 3022 1946 quomodo
3080 1879 3245 1945 enim,
3270 1896 3394 1935 cum

1818 1980 2018 2035 pauper
2046 1966 2158 2020 ﬁeri
2202 1968 2367 2021 velit?
2395 1969 2673 2039 ipsumque
2702 1972 2894 2046 anima:
2918 1973 3134 2027 oculum
3162 1977 3230 2029 ab
3251 1977 3397 2029 omni

1818 2056 1937 2112 labe
1967 2072 2157 2127 purum
2183 2059 2376 2113 reddit.
2396 2062 2573 2130 Atque
2594 2061 2709 2116 haec
2736 2063 2953 2131 quidem
3003 2065 3090 2117 hic
3122 2085 3134 2118 :
3168 2083 3394 2135 quorum

1818 2166 1948 2205 vero
1978 2152 2049 2205 lbi
2072 2152 2334 2207 bonorum
2360 2169 2584 2224 compos
2612 2154 2822 2211 futurus
2852 2158 2941 2224 sit,
2973 2159 3117 2212 nulla
3148 2175 3399 2228 umquam

1818 2244 1988 2297 oratio
2028 2254 2188 2314 queat
2210 2260 2499 2314 exponere.
2530 2246 2646 2300 Non
2688 2264 2790 2302 una
2818 2265 2941 2304 cum
2974 2250 3153 2305 stultis
3179 2252 3403 2322 virgini-

1819 2336 1919 2389 bus
1958 2336 2091 2391 foris
2136 2338 2409 2403 manebit,
2456 2338 2550 2393 sed
2593 2355 2699 2393 una
2729 2355 2851 2395 cum
2878 2342 3265 2412 prudentibus,
3298 2360 3400 2397 una

1818 2445 1941 2484 cum
1981 2445 2182 2499 sponso
2208 2432 2466 2496 introibit,
2496 2434 2805 2502 splendidas
2848 2435 3053 2491 habens
3103 2438 3397 2508 lampades.

1820 2524 1893 2577 Ita
1923 2524 1992 2578 ob
2020 2523 2158 2579 hanc
2186 2525 2353 2589 ipsam
2381 2526 2779 2598 eleemosynam
2812 2529 2895 2589 iis,
2928 2546 3048 2599 quae
3080 2531 3130 2584 in
3177 2534 3399 2601 virgini-

1818 2626 1927 2673 tate
1971 2618 2234 2673 servanda
2284 2618 2442 2674 valde
2480 2621 2826 2688 laborarunt,
2876 2623 3032 2692 longe
3086 2626 3397 2694 praestabit,

1818 2728 2011 2783 expers
2040 2715 2152 2783 ipse
2183 2714 2426 2768 laborum
2456 2714 2671 2769 illorum
2703 2734 2716 2768 :
2743 2726 2889 2770 tanta
2927 2728 3010 2771 est
3036 2718 3400 2789 eleemosyna:

1817 2806 1988 2859 virtus
2016 2822 2030 2871 ;
2068 2806 2315 2858 alumnos
2341 2819 2467 2859 suos
2495 2821 2687 2875 magna
2728 2822 2850 2860 cum
2882 2808 3128 2862 libertate
3158 2809 3402 2864 introdu—

1818 2898 1911 2953 cit.
1934 2897 2069 2952 Nota
2097 2898 2241 2951 enim
2266 2906 2351 2951 est
2383 2897 2498 2951 caeli
2526 2898 2846 2965 ianitoribus
2866 2941 2880 2965 ,
2910 2901 2998 2969 qui
3029 2903 3213 2970 sponsi
3259 2901 3401 2956 fores

1817 2992 2158 3057 custodiunt;
2204 3008 2302 3047 nec
2328 3008 2459 3047 vero
2484 3003 2606 3047 nota
2643 2994 2850 3059 solum,
2882 2995 2977 3049 sed
3008 2996 3168 3049 etiam
3214 2996 3396 3063 hujus-

1818 3087 2004 3151 modi,
2036 3096 2096 3142 ut
2140 3103 2259 3142 eam
2306 3100 2699 3144 revereanlur:
2732 3105 2969 3160 eosque,
3020 3105 3051 3143 a
3104 3091 3300 3160 quibus
3342 3106 3402 3145 se

1817 3180 2014 3235 cultam
2057 3181 2302 3247 noverit,
2341 3195 2533 3250 magna
2557 3197 2680 3236 cum
2702 3178 2950 3233 libertate
2970 3182 3309 3246 introducet;
3337 3199 3403 3238 ac

1818 3287 1977 3326 nemo
2004 3271 2337 3327 contradicet
2357 3313 2372 3335 ,
2402 3273 2495 3326 sed
2527 3288 2717 3327 omnes
2745 3273 2959 3329 cedent.
2988 3272 3123 3328 Nam
3156 3275 3200 3328 si
3234 3276 3401 3329 Deum

1818 3363 1870 3416 in
1902 3372 2098 3418 terram
2146 3362 2402 3428 adduxit,
2447 3363 2607 3432 idque
2655 3364 2755 3434 ipsi
2790 3366 3093 3433 persuasit,
3148 3373 3205 3418 ut
3239 3364 3403 3419 homo

1819 3458 2008 3511 ﬁeret:
2050 3456 2221 3510 multo
2243 3457 2409 3525 magis
2431 3456 2701 3511 hominem
2726 3461 2777 3510 in
2820 3458 3011 3512 caelum
3042 3457 3402 3515 intromittere

1820 3550 2018 3620 poterit
2044 3566 2059 3601 :
2084 3565 2274 3619 magna
2306 3550 2446 3603 enim
2474 3558 2557 3603 est
2591 3550 2758 3618 ipsius
2788 3550 3043 3619 potentia.
3074 3552 3214 3621 Ergo
3243 3555 3286 3605 si
3334 3568 3398 3607 ex

1820 3640 2187 3696 misericordia
2241 3654 2402 3710 atque
2460 3640 2737 3695 hominum
2791 3656 2976 3695 amore
3044 3642 3182 3696 Deus
3240 3642 3403 3699 homo

1820 3737 1987 3790 lactus
2016 3745 2118 3799 est,
2153 3736 2198 3791 si
2237 3751 2326 3797 eo,
2368 3736 2621 3804 inquam,
2668 3735 2927 3789 adductus
2977 3745 3059 3789 est
3112 3747 3171 3791 ut
3210 3751 3401 3790 servus

1820 3829 1998 3895 ﬁeret;
2020 3830 2183 3883 multo
2200 3830 2368 3900 magis
2385 3843 2571 3883 servos
2595 3830 2644 3881 iu
2663 3829 2879 3883 domum
2908 3828 3209 3884 introducet
3225 3844 3401 3883 suam.

1820 3923 1968 3977 Hanc
1982 3938 2252 3990 amemus,
2272 3922 2412 3977 hanc
2437 3922 2703 3987 colamus,
2733 3937 2839 3977 non
2862 3938 2969 3975 uno
2990 3931 3080 3976 aut
3104 3923 3273 3977 altero
3294 3923 3401 3987 die,

1818 4017 1912 4071 sed
1941 4032 2036 4085 per
2055 4032 2213 4070 omne
2244 4026 2473 4085 tempus,
2493 4026 2552 4069 ut
2576 4015 2687 4084 ipsa
2718 4029 2816 4069 nos
2838 4015 2975 4068 bene
2998 4024 3155 4068 notos
3184 4014 3400 4069 habeat.

1818 4109 1950 4163 Nam
1979 4107 2023 4162 si
2054 4123 2114 4163 ea
2140 4122 2239 4162 nos
2269 4109 2500 4171 noverit,
2531 4116 2585 4161 et
2615 4108 2870 4162 Dominus
2894 4118 3078 4161 noscet
3102 4123 3115 4169 ;
3141 4106 3222 4159 sin
3250 4107 3404 4175 igno-

1822 4209 1924 4266 ret,
1964 4200 2221 4254 Dominus
2244 4200 2404 4253 etiam
2434 4199 2702 4270 ignorabit
2727 4240 2741 4263 ,
2768 4214 2831 4253 ac
2859 4199 3002 4253 dicet
3026 4240 3042 4262 ,
3066 4197 3259 4252 Nescio
3286 4212 3401 4251 vos.

1822 4292 2019 4346 Verum
2049 4293 2208 4354 absit,
2242 4303 2299 4345 ut
2328 4292 2466 4345 hanc
2483 4308 2581 4345 nos
2610 4306 2795 4345 vocem
2821 4291 3122 4352 audiamus,
3150 4289 3244 4345 sed
3271 4290 3403 4344 bea-

1822 4396 1929 4440 tam
1960 4386 2104 4439 illam
2129 4402 2142 4437 :
2183 4384 2375 4447 Venite,
2408 4383 2651 4437 benedicti
2678 4382 2852 4436 Patris
2878 4383 2995 4446 mei,
3030 4382 3281 4450 possidete
3311 4397 3406 4449 pa-

1822 4486 1990 4528 ratum
2028 4476 2164 4528 vobis
2206 4492 2418 4544 regnum
2471 4492 2501 4527 a
2550 4474 2905 4527 constitutione
2954 4473 3128 4525 mundi
3174 4471 3402 4543 (Matth.

1821 4569 1913 4623 25.
1949 4570 2040 4636 54)
2073 4587 2085 4620 :
2118 4567 2258 4636 quod
2290 4568 2489 4620 utinam
2527 4580 2625 4619 nos
2650 4581 2833 4619 omnes
2878 4578 3270 4633 consequamur
3310 4579 3409 4633 per

1823 4663 2052 4733 gratiam
2108 4670 2164 4715 et
2201 4660 2587 4729 benignitatem
2611 4699 2628 4724 ,
2678 4658 2730 4712 in
2771 4655 2987 4711 Christo
3021 4656 3148 4710 Jesu
3182 4655 3408 4709 Domino

1826 4766 2032 4821 nostro,
2071 4769 2191 4809 cum
2222 4767 2328 4823 quo
2355 4752 2519 4818 Patri,
2546 4762 2651 4806 etc.

1607 4969 1945 5032 HOMlLlA
1990 4970 2034 5029 l.

74 5112 227 5167 (ΪΑΡ.
266 5112 334 5164 1.
371 5124 433 5161 v.
466 5108 521 5162 1.
553 5106 750 5161 Paulus
776 5116 821 5159 et
850 5104 1160 5169 Timotheus,
1190 5109 1319 5162 servi
1354 5108 1477 5163 Jesu
1506 5110 1718 5177 Christi,

155 5202 442 5258 omnibus
468 5200 658 5254 sanctis
683 5199 735 5253 in
771 5197 971 5253 Christo
996 5197 1140 5265 Iesu,
1168 5201 1254 5266 qui
1289 5211 1406 5253 sunt
1438 5199 1717 5273 Philippis,

157 5292 523 5365 coepiscopis
549 5298 596 5344 et
632 5290 880 5356 diaconis,
908 5288 961 5342 9...
994 5292 1161 5359 gratia
1188 5290 1324 5343 vobis
1354 5301 1400 5344 et
1425 5308 1528 5360 pax
1557 5310 1588 5345 a
1618 5293 1723 5348 Deo

158 5390 359 5443 Patre
394 5393 575 5437 nostra
599 5391 646 5436 et
674 5380 895 5435 Domino
922 5378 1050 5434 Iesu
1075 5379 1295 5436 Christo.

160 5484 220 5538 l.
266 5478 396 5534 Hic
436 5474 588 5542 quasi
624 5473 691 5527 ad
732 5472 923 5541 :equali
952 5472 1156 5528 honore
1182 5472 1434 5541 prmditos
1462 5474 1722 5536 scribens.

82 5593 197 5632 non
234 5573 431 5645 ponit
453 5582 608 5622 suum
626 5566 914 5635 magisterii
932 5580 1147 5630 nomen,
1170 5566 1263 5619 scd
1292 5566 1435 5620 aliud
1451 5567 1723 5636 quiddam,

81 5668 361 5739 illudque
395 5676 676 5730 magnum.
699 5658 864 5733 Quale
891 5673 1019 5715 vero
1042 5656 1218 5711 istud?
1240 5658 1462 5712 Servum
1492 5662 1725 5728 seipsum

83 5766 399 5826 nominat,
450 5772 558 5810 non
597 5754 918 5824 apostolum.
963 5751 1093 5807 Nam
1135 5765 1188 5809 et
1225 5755 1338 5810 lucc
1380 5772 1503 5810 vere
1536 5771 1724 5827 magna

84 5857 351 5921 «rigidus
410 5858 498 5906 est
566 5860 629 5899 ac
665 5846 922 5899 bonorum
964 5853 1140 5911 caput.
1189 5861 1399 5902 servum
1440 5862 1557 5904 esse
1596 5847 1724 5904 Jesu

514 5942 782 6002 PATROL.
830 5941 945 6003 Ge.
986 5940 1180 6004 LXII.

1825 5110 2045 5176 Christi,
2091 5121 2144 5165 et
2185 5125 2289 5164 non
2333 5119 2533 5163 tantum
2574 5109 2698 5163 dici.
2735 5108 2834 5176 Qui
2864 5109 3062 5163 Christi
3093 5123 3281 5163 servus
3306 5117 3405 5169 est,

1828 5202 1914 5257 hic
1943 5218 1971 5256 a
2005 5212 2221 5272 peccato
2249 5202 2386 5258 liber
2413 5212 2527 5266 est;
2568 5211 2625 5255 et
2660 5202 2762 5255 hoc
2788 5202 2923 5271 ipso,
2952 5201 3095 5271 quod
3123 5215 3408 5271 germanus

1829 5309 1891 5348 ac
1916 5293 2183 5364 legitimus
2211 5308 2399 5348 servus
2424 5301 2526 5358 est,
2564 5308 2848 5362 numquam
2874 5293 3188 5355 committet,
3230 5302 3287 5345 ut
3314 5307 3409 5345 cu-

1824 5385 2075 5456 jusquam
2103 5385 2321 5440 alterius
2346 5399 2531 5440 servus
2559 5384 2650 5438 ﬁat
2678 5403 2692 5438 :
2721 5383 2917 5452 alioqui
2949 5400 3054 5437 non
3082 5395 3224 5437 esset
3253 5383 3410 5437 Chri-

1832 5479 1897 5533 sti
1923 5493 2131 5544 servus,
2162 5478 2262 5533 nisi
2290 5494 2357 5532 ex
2379 5476 2597 5532 dimidia
2620 5487 2789 5545 parte.
2816 5478 2891 5531 Ac
2910 5492 3037 5531 sane
3059 5477 3123 5530 ad
3146 5476 3415 5531 Romanos

1833 5568 2095 5635 scribens,
2118 5585 2304 5624 rursus
2335 5569 2405 5622 ita
2434 5568 2622 5638 inquit,
2654 5567 2855 5622 Paulus
2880 5585 3053 5624 servus
3075 5567 3199 5622 Iesu
3225 5567 3413 5622 Christi

1834 5662 2013 5731 (Rom.
2046 5664 2099 5717 l.
2137 5663 2228 5729 l);
2256 5662 2322 5717 ad
2348 5660 2655 5717 Corinthios
2680 5677 2812 5716 vero
2838 5670 2892 5716 et
2917 5660 3255 5717 Timotheum
3283 5664 3414 5717 scri-

1834 5757 1969 5811 bens
1995 5757 2295 5825 apostolum
2324 5755 2557 5825 seipsum
2598 5756 2857 5809 nominat.
2896 5754 3031 5822 Quid
3060 5754 3170 5809 ita?
3199 5755 3312 5809 Non
3345 5756 3416 5810 ob

1835 5864 1952 5905 eam
1978 5857 2121 5904 certe
2147 5861 2378 5915 causam,
2410 5846 2551 5919 quod
2592 5846 2678 5902 isti
2717 5846 2967 5904 meliores
3009 5857 3191 5904 essent
3234 5848 3415 5906 Timo~

3032 5936 3105 5997 12
