3878 6542
474 4565 491 4590 ι

544 328 649 386 188

546 445 701 513 ibeo;
735 450 893 517 absit,
924 452 1015 507 sed
1046 455 1247 521 potius;
1284 451 1424 521 quod
1454 468 1564 522 prae
1597 452 1867 517 omnibus,
1896 453 1960 506 ad
1986 466 2120 523 quos

542 539 753 606 scribit,
786 542 914 597 istos
954 542 1179 597 honoret
1204 552 1257 598 et
1296 543 1470 598 foveat
1503 563 1516 598 :
1547 559 1669 597 nam
1697 553 1750 597 et
1779 559 1983 613 magna:
2012 544 2121 598 vir-

548 632 673 685 tutis
714 633 1073 689 testimonium
1106 637 1230 705 ipsis
1270 636 1379 691 dat.
1410 636 1679 692 Praeterea
1718 652 1867 703 vero,
1904 652 2025 691 cum
2057 635 2123 691 ad

545 718 666 777 illos
704 724 958 779 scribenti
997 727 1164 780 multa
1208 738 1390 782 essent
1429 728 1799 783 constituenda
1842 737 1898 784 et
1937 728 2121 798 dispo-

547 812 741 879 nenda,
770 814 890 870 ideo
910 818 1135 885 apostoli
1162 818 1471 889 dignitatem
1497 837 1603 888 prae
1624 836 1683 874 se
1714 820 1850 874 tulit.
1879 820 1975 876 Hic
1997 835 2124 875 vero

544 904 677 957 nihil
722 905 851 974 ipsis
890 910 1108 963 mandat
1134 920 1328 980 praeter
1354 926 1438 973 ea,
1471 926 1590 980 quin
1630 911 1789 966 etiam
1815 927 1913 981 per
1937 926 1996 965 se
2025 911 2125 980 ipsi

544 996 814 1051 videbant.
846 999 1050 1055 Sanctis
1074 1001 1126 1054 in
1157 1001 1354 1056 Christo
1379 1001 1524 1071 Jesu,
1571 1003 1660 1072 qui
1697 1012 1813 1055 sunt
1846 1002 2125 1072 Philippis.

544 1090 805 1156 Quoniam
838 1094 1126 1148 verisimile
1163 1104 1282 1149 erat
1316 1094 1530 1149 Iudaeos
1568 1096 1726 1149 etiam
1768 1096 1973 1165 seipsos
1999 1109 2124 1149 san-

544 1191 661 1236 ctos
691 1184 970 1239 nominare
998 1201 1063 1239 ex
1102 1187 1281 1255 priore
1321 1186 1413 1239 illo
1440 1186 1677 1251 oraculo,
1716 1186 1805 1241 ubi
1847 1186 1975 1240 dicti
2003 1194 2128 1239 sunt

545 1274 774 1343 populus
802 1285 1019 1330 sanctus
1050 1285 1105 1330 et
1134 1278 1417 1347 peculiaris
1443 1276 1617 1346 (Deut.
1650 1278 1703 1331 7.
1747 1277 1799 1333 6.
1829 1286 1876 1330 et
1912 1278 1998 1331 14.
2028 1274 2122 1347 2);

548 1373 831 1433 propterea
859 1365 1027 1431 addit,
1061 1366 1267 1421 Sanctis
1293 1370 1345 1420 in
1373 1366 1744 1422 C/tristoJesu.
1766 1366 1829 1421 lli
1857 1367 2001 1422 enim
2027 1365 2128 1422 soli

548 1456 740 1518 sancti,
771 1456 847 1510 illi
879 1472 1005 1511 vero
1032 1457 1240 1527 reliquo
1265 1458 1372 1527 jam
1402 1468 1641 1528 tempore
1672 1457 1895 1527 profani.

623 1546 851 1601 Nomina
881 1548 1142 1619 EpiscOpi,
1170 1548 1459 1619 Presbyteri
1486 1560 1534 1603 et
1562 1549 1781 1602 Diacani
1807 1550 1951 1602 initio
1986 1563 2126 1603 com-

553 1641 748 1693 munia.
767 1670 837 1680 --
856 1640 1176 1711 CoepiscOpis
1196 1651 1242 1695 et
1267 1642 1515 1695 diaconis.
1544 1642 1681 1709 Quid
1711 1641 1845 1696 hoc?
1870 1656 1936 1695 an
1974 1642 2129 1696 unius

548 1733 778 1789 civitatis
810 1734 961 1787 multi
988 1744 1143 1788 erant
1170 1735 1405 1804 episc0pi
1427 1736 1449 1788 ?
1472 1734 1838 1804 Nequaquam,
1865 1734 1960 1790 sed
1986 1748 2128 1803 pres-

550 1825 769 1894 byteros
820 1824 924 1878 isto
963 1826 1179 1880 nomine
1218 1826 1522 1895 appellavit.
1553 1826 1703 1880 Tunc
1738 1826 1879 1880 enim
1916 1825 2130 1880 nomina

551 1916 725 1971 adhuc
764 1924 917 1970 erant
945 1917 1269 1983 communia,
1313 1925 1471 1988 atque
1506 1917 1619 1986 ipse
1660 1918 1823 1972 etiam
1851 1918 2133 1986 episcopus

550 2006 842 2061 vocabatur
872 2006 1147 2061 diaconus.
1176 2006 1381 2062 Idcirco
1419 2006 1485 2062 ad
1514 2007 1853 2062 Timotheum
1892 2006 2133 2061 scribens

553 2098 744 2169 inquit,
784 2098 1109 2167 Diaconiam,
1158 2099 1210 2154 id
1252 2108 1354 2166 est,
1400 2100 1737 2155 ministerium
1776 2109 1916 2153 tuum
1956 2096 2131 2167 impie,

553 2206 673 2244 cum
703 2200 879 2247 tamen
907 2193 997 2247 ille
1026 2193 1306 2262 episcopus
1328 2202 1489 2248 esset.
1514 2192 1665 2260 Quod
1690 2200 1897 2247 constat
1921 2206 1987 2245 ex
2014 2205 2136 2245 ver-

552 2285 638 2340 bis
666 2285 769 2339 illis
794 2285 861 2340 ad
888 2286 1133 2341 eumdem
1156 2286 1367 2355 scriptis
1392 2305 1405 2341 :
1430 2285 1613 2340 Manus
1637 2287 1736 2339 cito
1756 2285 1943 2338 nemini
1966 2286 2134 2352 impo-

554 2377 750 2442 sueris;
767 2383 821 2430 et
837 2392 1042 2439 rursus,
1067 2377 1194 2442 Qua:
1208 2377 1328 2430 data
1344 2385 1413 2431 est
1441 2376 1530 2429 tibi
1544 2393 1657 2430 cum
1683 2376 2002 2447 impositione
2022 2391 2132 2428 ma-

555 2485 712 2522 nuum
741 2468 1033 2539 presbyterii
1058 2469 1133 2541 (l.
1163 2468 1295 2523 Tim.
1325 2471 1379 2525 5.
1398 2469 1488 2522 92.
1515 2480 1560 2523 et
1584 2470 1638 2523 4.
1672 2469 1759 2538 14)
1791 2487 1805 2523 ε
1836 2468 2135 2539 presbyteri

556 2574 689 2613 vero
716 2559 1024 2630 episcopum
1055 2577 1158 2614 non
1183 2560 1543 2616 ordinassent.
1570 2560 1638 2614 Et
1657 2574 1842 2614 rursus
1868 2560 1934 2613 ad
1957 2559 2135 2613 Titum

556 2650 795 2705 scribens
826 2650 994 2719 inquit
1024 2666 1038 2703 :
1072 2649 1245 2720 Hujus
1279 2652 1354 2703 rei
1379 2653 1545 2721 gratia
1581 2651 1765 2722 reliqui
1799 2662 1846 2705 te
1882 2652 1937 2705 in
1966 2651 2133 2716 Creta,

557 2753 611 2793 ut
652 2742 926 2795 constituas
965 2759 1055 2812 per
1093 2743 1315 2796 civitates
1356 2744 1667 2813 presbyteros
1709 2759 1727 2796 :
1774 2744 1904 2797 sicut
1951 2753 1997 2797 et
2045 2759 2136 2814 ego

558 2834 784 2901 disposui
819 2834 927 2899 tibi,
966 2835 1009 2887 si
1044 2835 1153 2904 quis
1180 2834 1287 2887 sine
1317 2836 1525 2888 crimine
1553 2845 1645 2901 est,
1686 2836 1837 2888 unius
1865 2837 2037 2889 uxoris
2063 2836 2139 2887 vir

563 2926 688 2996 (Tit.
722 2929 773 2982 1.
802 2928 856 2983 5.
889 2928 943 2999 6)
981 2947 993 2983 :
1023 2944 1142 2999 qua:
1172 2928 1385 2998 quidem
1414 2931 1480 2984 de
1506 2930 1757 3000 episc0po
1786 2930 1932 2985 dicit.
1963 2934 2136 2999 Atque

560 3019 675 3073 lucc
698 3035 817 3073 cum
858 3019 1099 3084 dixisset,
1128 3021 1308 3073 statim
1339 3020 1537 3074 addidit
1576 3040 1589 3073 :
1623 3021 1834 3089 Oportet
1860 3023 1993 3075 enim
2020 3024 2132 3093 epi-

558 3127 766 3179 scopum
794 3111 901 3164 sine
929 3112 1135 3163 crimine
1169 3127 1274 3164 esse
1300 3112 1426 3165 sicut
1462 3112 1555 3165 Dei
1584 3112 2005 3183 dispensatorem,
2038 3132 2136 3168 non

557 3200 845 3270 superbum.
871 3202 1176 3270 Antiquitas
1200 3202 1374 3272 igitur,
1399 3203 1845 3274 quemadmodum
1872 3206 2134 3269 dicebam,

560 3293 660 3361 ipsi
686 3293 844 3345 etiam
891 3293 1186 3364 presbyteri
1218 3293 1547 3349 vocabantur
1572 3296 1807 3366 episcopi
1848 3306 1901 3351 et
1929 3296 2136 3351 diaconi

559 3384 755 3439 Christi
802 3397 856 3440 et
899 3386 1131 3455 episcopi
1176 3388 1475 3459 presbyteri
1510 3406 1524 3442 :
1558 3389 1807 3459 quocirca
1854 3390 1938 3445 vel
1981 3389 2139 3445 hodie

558 3475 711 3528 multi
741 3478 975 3546 episcopi
1016 3477 1085 3530 ita
1125 3478 1383 3541 scribunt,
1409 3478 1877 3551 Compresbytero,
1912 3491 1967 3536 et
1992 3482 2138 3536 Con-

557 3570 805 3624 diacono.
838 3570 1168 3626 Procedentc
1204 3587 1329 3626 vero
1371 3580 1606 3643 tempore
1644 3575 1916 3644 proprium
1947 3575 2139 3645 cuique

557 3661 897 3717 distributum
927 3673 1009 3717 est
1038 3679 1254 3728 nomen,
1286 3674 1340 3717 ut
1371 3664 1455 3719 hic
1482 3666 1694 3735 quidem
1717 3666 2020 3735 episcopus,
2050 3667 2139 3720 ille

556 3769 687 3809 vero
715 3755 993 3825 presbyter
1016 3758 1333 3825 appelletur.
1360 3757 1702 3827 Coepiscoois,
1737 3760 1923 3829 inquit,
1954 3769 2000 3811 et
2023 3759 2137 3813 dia-

560 3848 724 3908 conis,
753 3849 918 3915 gratia
939 3848 1075 3899 vobis
1099 3857 1143 3901 et
1170 3865 1271 3916 pax
1297 3865 1327 3899 a
1350 3847 1455 3902 Deo
1477 3848 1634 3902 Patre
1654 3861 1823 3903 nostro
1854 3861 1900 3903 et
1921 3850 2140 3904 Domino

559 3934 684 3989 Iesu
707 3934 925 3989 Christo.
969 3937 1080 3991 lloc
1115 3938 1232 3992 loco
1264 3954 1368 3992 non
1397 3939 1492 3993 abs
1532 3955 1590 3993 re
1627 3949 1827 4009 quazret
1852 3941 2136 4010 quispiam,

561 4031 686 4100 quid
715 4045 890 4085 causae
924 4032 1013 4096 sit,
1055 4032 1402 4100 quamobrem
1441 4047 1561 4086 cum
1606 4048 1865 4103 nusquam
1909 4033 2034 4087 alibi
2072 4032 2139 4087 ad

564 4122 781 4178 Clerum
813 4122 1029 4188 scribat,
1064 4138 1167 4176 non
1198 4123 1262 4178 ad
1292 4139 1411 4177 eum
1442 4125 1528 4192 qui
1557 4123 1762 4189 Romae,
1793 4140 1895 4179 non
1925 4125 2011 4196 qui
2033 4125 2139 4180 Co-

562 4216 746 4279 rinthi,
776 4231 879 4270 non
911 4217 1000 4287 qui
1025 4216 1238 4285 Ephesi,
1264 4216 1356 4271 sed
1380 4218 1671 4285 generatim
1694 4217 1853 4280 dicat,
1881 4217 2141 4273 Omnibus

561 4312 762 4365 sanctis
791 4310 873 4364 vel
905 4310 1168 4375 fidelibus,
1198 4309 1427 4373 dilectis,
1460 4309 1545 4363 hic
1575 4308 1640 4363 ad
1670 4310 1881 4364 Clerum
1904 4311 2141 4365 scribat?

559 4402 842 4466 Nimirum,
874 4402 1123 4471 quoniam
1151 4400 1331 4455 clerici
1359 4400 1458 4470 ipsi
1490 4399 1718 4462 fuerant,
1751 4400 1841 4470 qui
1870 4400 2051 4454 literas
2074 4400 2141 4455 ad

562 4510 682 4546 eum
725 4491 987 4547 dederant
1026 4501 1081 4545 et
1119 4490 1347 4544 fructum
1395 4490 1759 4560 protulerant,
1812 4490 2020 4559 ipsique
2073 4489 2141 4543 ad

561 4598 681 4636 eum
709 4585 960 4636 miserant
982 4582 1499 4651 Epaphroditumﬁ.
1526 4579 1729 4634 Gratias
1755 4597 1851 4652 ago
1875 4579 1981 4634 Deo
2007 4596 2139 4643 meo,

563 4676 748 4744 inquit,
783 4677 835 4727 in
860 4678 997 4728 omni
1022 4676 1262 4727 memoria
1288 4675 1438 4727 vestri
1466 4691 1680 4743 semper.
1724 4674 1866 4730 Alibi
1898 4675 1967 4728 ita
2007 4674 2142 4728 scri-

562 4771 668 4834 psit
697 4786 711 4823 :
747 4769 955 4822 Obedite
977 4769 1261 4836 praepositis
1289 4769 1465 4821 vestris
1490 4777 1536 4821 et
1562 4768 1817 4836 subjacete
1838 4782 1859 4832 ;
1885 4768 1986 4836 ipsi
2010 4767 2142 4820 enim

565 4858 865 4930 pervigilant
878 4859 1018 4926 quasi
1031 4859 1273 4911 rationem
1292 4873 1383 4927 pro
1400 4858 1663 4911 animabus
1683 4859 1855 4912 vestris
1868 4857 2138 4923 reddituri,

562 4963 615 5004 ut
632 4969 744 5005 cum
760 4950 947 5022 gaudio
960 4950 1053 5003 hoc
1072 4950 1279 5020 faciant,
1300 4959 1345 5001 et
1363 4966 1461 5003 non
1477 4960 1725 5018 gementes
1739 4948 1816 5019 (Η
1820 4950 1954 5006 ειη-,Ι
1965 4949 2137 5019 3.17).

565 5043 620 5098 Si
645 5044 806 5111 igitur
823 5056 1037 5112 gemere
1058 5056 1124 5095 ex
1144 5040 1271 5093 vitio
1286 5040 1670 5109 discipulorum
1688 5050 1790 5105 est,
1816 5056 1935 5096 cum
1946 5041 2141 5111 gaudio

563 5136 615 5189 id
647 5134 843 5197 facere,
876 5148 940 5187 ex
973 5132 1211 5201 proiectu
1239 5132 1359 5185 erit.
1393 5130 1504 5184 Hoc
1534 5130 1692 5200 igitur
1717 5140 1819 5194 est,
1851 5132 1993 5200 quod
2019 5133 2095 5185 ait
2123 5150 2138 5188 :

560 5226 1033 5294 Quotiescumque,
1086 5223 1286 5291 inquit,
1339 5223 1501 5275 veStri
1550 5223 1859 5276 memoriam
1914 5232 2137 5290 repeto,

563 5320 728 5373 Deum
757 5316 1013 5386 glorifico.
1064 5314 1117 5367 ld
1167 5329 1296 5367 vero
1339 5312 1485 5377 facit,
1528 5312 1668 5382 quod
1709 5313 1995 5366 multorum
2034 5312 2141 5367 illis

565 5412 827 5465 bonorum
849 5407 1096 5462 conscius
1120 5416 1284 5460 esset.
1319 5405 1384 5459 Et.
1421 5405 1681 5475 gloriﬁco,
1724 5406 1908 5475 inquit,
1939 5414 1992 5460 et
2024 5421 2141 5474 pre-

560 5518 673 5557 cor.
702 5501 818 5554 Non
842 5500 1006 5563 enim,
1042 5497 1286 5567 quoniam
1320 5496 1529 5550 virtutis
1567 5497 1704 5549 viam
1737 5497 1959 5566 ingressi
1988 5496 2137 5561 estis,

562 5595 721 5648 finem
750 5591 999 5663 precandi
1041 5607 1136 5660 pro
1164 5590 1313 5643 vobis
1340 5590 1496 5667 iacio,
1531 5588 1624 5643 sed
1656 5600 1836 5658 persto
1880 5588 2055 5643 adhuc
2082 5588 2135 5641 in

562 5687 821 5738 oratione.
856 5683 1077 5749 Gratias,
1107 5683 1296 5751 inquit,
1342 5698 1437 5752 ago
1486 5679 1594 5735 Deo
1634 5681 1686 5733 in
1724 5681 1860 5733 omni
1898 5682 2137 5733 memoria

558 5780 705 5831 uestri
744 5779 798 5832 ιι.
839 5792 1053 5844 scnwer,
1093 5778 1147 5829 in
1189 5775 1326 5829 omni
1363 5774 1589 5828 oratione
1634 5788 1742 5825 mea
1782 5788 1872 5843 pro
1903 5772 2133 5826 omnibus

1314 335 1370 391 S.
1410 334 1684 391 JOANNIS
1721 334 2186 392 CHRYSOSTOMI
2225 334 2537 393 ARCHIEP.
2578 336 3107 394 CONSTANTINOP.
3622 363 3683 421 ιω

2228 452 2366 506 vobis
2385 469 2495 504 cum
2520 454 2705 522 gaudio
2726 455 2875 509 etiam
2893 456 3292 524 deprecationem
3310 459 3493 528 faciens.
3516 467 3688 539 Serapa;

2227 560 2334 601 non
2376 546 2570 609 solum,
2601 547 2811 617 quando
2853 563 3060 616 precor.
3118 548 3283 604 Recte
3327 562 3482 608 autem
3519 561 3685 633 addidit,

2227 635 2353 693 Cum
2396 639 2603 707 gaudio.
2646 640 2743 693 Est
2784 642 2925 694 enim
2966 649 3171 695 etcum
3208 656 3430 698 maerore
3465 647 3507 700 id
3545 650 3691 717 facere;

2228 729 2671 799 quemadmodum
2699 730 2826 784 alibi
2852 730 3002 796 dicit,
3036 730 3172 784 Nam
3198 748 3261 786 ea:
3294 735 3440 787 multa
3466 739 3698 800 tribulatione

2228 828 2275 872 et
2312 820 2545 889 angustia
2577 820 2743 873 cordis
2781 820 2961 890 scripsi
2998 821 3135 873 vobis
3174 838 3263 890 per
3308 824 3477 879 multas
3506 827 3692 902 ιαειιςηιαε,

2230 909 2399 980 Super
2437 913 2885 966 communicatione
2920 922 3103 977 vestra,
3137 913 3325 983 inquit,
3354 914 3404 967 in
3429 924 3697 990 evangelima

2229 1002 2395 1066 prima
2423 1001 2507 1056 die
2534 1018 2687 1072 usque
2711 1019 2841 1055 nunc
2870 1003 2946 1073 (2.
2978 1002 3097 1061 Cor.
3127 1004 3181 1056 2.
3211 1005 3288 1074 4).

2300 1092 2355 1146 2.
2395 1092 2641 1163 Magnum
2672 1094 2920 1163 quiddam
2952 1104 3054 1161 est,
3080 1096 3147 1151 de
3174 1112 3280 1166 quo
3307 1097 3407 1151 illis
3432 1103 3698 1165 testimonium

2230 1183 2331 1239 hoc
2361 1185 2479 1238 loco
2508 1184 2617 1249 dat,
2663 1195 2719 1239 et
2757 1186 2907 1240 valde
2950 1202 3218 1256 magnum,
3265 1189 3497 1258 quodque
3523 1202 3698 1263 apostolis

2230 1286 2285 1331 et
2321 1276 2657 1346 evangelistis
2705 1276 2819 1330 dari
2850 1276 3086 1330 solitum.
3122 1277 3235 1332 Non
3274 1280 3507 1346 quoniam
3538 1290 3700 1352 una,in-

2230 1368 2363 1437 quit,
2396 1368 2583 1421 civitas
2615 1367 2765 1421 vobis
2794 1369 3163 1422 commendata
3192 1384 3254 1422 ac
3283 1370 3475 1424 credita
3499 1384 3579 1440 est,
3611 1378 3701 1433 illam

2230 1460 2397 1515 solam
2419 1460 2656 1524 curatis;
2685 1459 2780 1513 sed
2820 1460 2949 1513 nihil
2984 1460 3251 1525 omittitis,
3285 1470 3343 1514 ut
3381 1461 3586 1519 laborum
3608 1484 3703 1524 meo.

2232 1566 2347 1605 rum
2377 1551 2661 1620 participes
2702 1552 2841 1616 sitis,
2884 1550 3078 1619 ubique
3123 1561 3432 1620 prmsentes,
3457 1566 3703 1629 vestramque

2232 1656 2447 1711 operam
2477 1656 2540 1695 ac
2566 1642 2893 1710 diligentiam
2937 1657 3040 1695 una
3078 1658 3286 1697 mecum
3333 1645 3384 1697 in
3426 1647 3706 1713 przedicatione

2233 1734 2556 1788 collocantcs
2584 1751 2599 1787 :
2630 1750 2734 1787 non
2761 1734 2948 1796 semel,
2974 1734 3120 1789 bisve
3146 1744 3236 1788 aut
3264 1744 3365 1802 ter,
3393 1736 3477 1792 sed
3499 1753 3704 1809 semperex

2232 1840 2299 1893 eo
2343 1834 2603 1894 tempore,
2648 1839 2754 1894 quo
2797 1824 3118 1889 credidistis,
3168 1840 3336 1894 usque
3379 1826 3440 1879 ad
3478 1827 3595 1883 hunc
3621 1830 3707 1884 diem

2234 1915 2594 1983 apostolorum
2628 1915 2782 1984 plane
2812 1914 3045 1968 studium
3071 1925 3231 1985 atque
3258 1916 3563 1972 alacritatem
3582 1935 3709 1989 repra-

2235 2007 2506 2060 sentastis.
2539 2005 2670 2060 Vide
2699 2021 2792 2059 eos
2820 2005 3055 2075 quidem,
3078 2007 3169 2077 qui
3198 2009 3384 2063 Romae
3409 2020 3559 2076 erant,
3590 2014 3638 2067 ab
3656 2016 3710 2069 illo

2236 2111 2355 2150 sese
2383 2095 2677 2161 avertisse;
2709 2096 2831 2151 audi
2862 2098 3003 2151 enim
3032 2098 3180 2153 illum
3207 2099 3467 2155 dicentem
3496 2103 3621 2158 “Scis
3640 2107 3710 2167 hoc.

2235 2187 2370 2257 quod
2398 2187 2559 2241 aversi
2585 2196 2702 2241 sunt
2721 2205 2751 2240 a
2781 2204 2859 2242 me
2885 2206 3070 2249 omnes,
3104 2191 3191 2260 qui
3219 2192 3271 2243 in
3298 2193 3421 2244 Asia
3446 2204 3575 2259 sunt;
3597 2204 3713 2249 etrur-

2236 2293 2349 2344 sus,
2378 2277 2570 2331 Dcmas
2586 2293 2665 2331 me
2684 2281 2921 2345 reliquit;
2952 2289 3024 2344 et,
3057 2279 3119 2333 In
3155 2283 3318 2349 prima
3356 2300 3462 2336 mea
3496 2285 3713 2355 defensioni,
3786 2336 3787 2375 ι

2238 2370 2427 2441 inquit,
2450 2390 2600 2428 nemo
2624 2372 2747 2425 mihi
2773 2373 2937 2443 adfuit
2967 2373 3040 2445 (2.
3074 2374 3203 2427 Tim.
3232 2375 3281 2429 1.
3314 2376 3403 2430 15.
3440 2387 3482 2429 et
3503 2379 3548 2431 4.
3576 2379 3715 2449 9.16);
3786 2370 3787 2383 ξ

2239 2461 2337 2516 hos
2362 2472 2539 2516 autem
2569 2462 2728 2517 etiam
2759 2478 2879 2517 cum
2904 2465 3143 2530 aberant,
3176 2466 3314 2520 illius
3341 2468 3440 2522 sibi
3477 2468 3717 2523 incommoda

2236 2556 2537 2610 communia
2580 2551 2839 2612 duxisse:
2871 2559 3066 2629 quippe
3107 2574 3228 2613 cum
3258 2570 3312 2614 et
3356 2572 3521 2615 certos
3555 2561 3719 2617 homines
3786 2546 3787 2595 ἦ

2238 2645 2303 2698 ad
2348 2646 2493 2700 illum
2542 2646 2837 2715 mitterent,
2869 2658 2921 2703 et
2957 2664 3053 2718 pro
3095 2650 3295 2705 viribus
3341 2668 3457 2722 quae
3498 2669 3609 2723 opus
3628 2666 3722 2707 erant

2239 2741 2722 2808 subministrarent,
2754 2743 3075 2814 omninoque
3114 2745 3245 2798 nihil
3284 2746 3590 2800 omitterent.
3614 2748 3721 2815 Atque

2240 2831 2342 2887 hoc
2383 2832 2575 2899 facitis,
2622 2835 2813 2904 inquit,
2843 2851 2949 2889 non
2986 2835 3157 2889 solum
3201 2852 3362 2902 nunc,
3398 2838 3488 2891 sed
3526 2848 3721 2907 perpetuo,

2239 2926 2385 2978 omni
2412 2926 2619 2981 ratione
2663 2927 2958 2981 subsidium
2994 2928 3296 2983 afferentes.
3340 2930 3481 2999 Ergo
3514 2930 3723 2985 subsidium

2240 3016 2399 3082 ferre,
2436 3020 2533 3073 hoc
2559 3029 2641 3074 est
2666 3021 3075 3074 communicatio
3117 3021 3167 3073 in
3208 3022 3555 3091 evangelium.
3592 3022 3727 3076 Etenim

2241 3111 2451 3178 quando
2492 3111 2581 3164 ille
2623 3111 2833 3181 quidem
2873 3112 3142 3181 praedicat,
3185 3120 3238 3165 tu
3271 3128 3403 3166 vero
3440 3114 3727 3183 prmdicantem

2242 3199 2388 3255 foves
2416 3211 2469 3254 et
2497 3202 2748 3270 adjuvas;
2788 3203 2928 3257 illitis
2958 3219 3169 3257 coronae
3198 3219 3509 3263 communes
3534 3204 3608 3259 tibi
3634 3204 3727 3257 fiunt.

2240 3293 2372 3349 Nam
2391 3304 2443 3348 et
2467 3295 2518 3349 in
2547 3298 2785 3351 externis
2810 3297 3187 3351 certaminibus
3208 3312 3315 3351 non
3340 3297 3405 3351 ad
3437 3297 3569 3351 illum
3597 3305 3730 3349 tantum

2241 3387 2329 3455 qui
2357 3396 2527 3441 certat
2551 3401 2747 3441 corona
2779 3388 3028 3456 pertinet,
3060 3387 3152 3441 sed
3171 3389 3335 3442 etiam
3356 3387 3421 3441 ad
3452 3387 3731 3458 pardotriham.

2240 3486 2295 3533 et
2327 3477 2392 3531 ad
2434 3478 2757 3543 ministrum,
2809 3477 3137 3547 omninoque
3181 3478 3247 3532 ad
3293 3493 3485 3533 omnes
3521 3479 3638 3542 illos,
3662 3478 3733 3545 qui-
3786 3540 3787 3557 χ

2242 3586 2470 3639 cumque
2500 3570 2752 3624 athletam
2783 3571 3146 3625 instituerunt.
3178 3570 3389 3625 Etenim
3414 3572 3500 3641 qui
3523 3570 3645 3624 illum
3659 3584 3736 3621 con-

2244 3664 2477 3727 iirmant,
2506 3678 2567 3716 ac
2597 3672 2859 3728 recreant,
2887 3677 2980 3716 eos
3017 3663 3252 3717 victoria:
3288 3678 3503 3733 quoque
3534 3662 3736 3732 participes

2242 3755 2356 3808 ﬁeri
2387 3770 2591 3823 acquum
2620 3764 2718 3808 est.
2752 3753 2934 3807 ltidem
2961 3769 3089 3806 vero
3123 3755 3175 3806 in
3214 3753 3370 3807 bellis
3412 3769 3516 3808 non
3542 3754 3659 3806 solus
3684 3750 3739 3802 ille

2244 3850 2332 3917 qui
2362 3847 2677 3917 praeclarum
2722 3845 2930 3900 facinus
2957 3845 3141 3910 edidit,
3182 3846 3275 3900 sed
3319 3862 3509 3900 omnes
3539 3846 3665 3899 etiam
3686 3844 3739 3909 qui

2243 3940 2291 3995 ei
2322 3942 2502 3993 utilem
2539 3954 2753 4008 operam
2784 3938 3068 4005 dederunt,
3114 3954 3220 3993 non
3258 3940 3454 4009 injuria
3484 3938 3546 3993 ad
3572 3947 3739 4004 trepen-

2243 4049 2361 4086 rum
2391 4032 2685 4102 gloriaeque
2715 4042 2918 4101 partem
2948 4040 3207 4086 vocantur
3236 4051 3249 4087 :
3280 4032 3506 4102 perinde
3532 4047 3586 4085 ac
3608 4031 3642 4084 si
3663 4028 3739 4081 dili-

2243 4139 2374 4193 gens
2412 4124 2498 4177 illa
2538 4139 2722 4192 opera,
2753 4131 2807 4177 et
2834 4123 3182 4177 ministerium
3213 4137 3338 4192 pars
3369 4122 3600 4193 qumdam
3624 4134 3669 4173 ac
3688 4132 3742 4170 se-

2244 4217 2409 4270 cietas
2434 4216 2739 4270 certaminis
2768 4214 2947 4270 fuerit.
2977 4216 3134 4285 Atqui
3163 4217 3368 4270 sanctis
3397 4214 3650 4275 inservire,
3679 4224 3742 4260 non

2246 4323 2462 4375 parvum
2490 4305 2739 4376 quiddam
2770 4315 2872 4371 est,
2902 4306 2994 4359 sed
3026 4306 3245 4360 multum
3268 4308 3493 4361 omnino
3521 4306 3640 4360 valet
3660 4316 3743 4355 τηου

2246 4399 2327 4454 bis
2368 4401 2508 4453 enim
2551 4414 2863 4452 communes
2904 4398 3027 4451 facit.
3061 4399 3325 4466 repositas
3374 4399 3481 4452 illis
3523 4394 3741 4451 mercede?»

2246 4490 2489 4559 Exempli
2518 4504 2698 4553 causa,
2732 4488 2963 4557 profudit
3000 4488 3260 4558 quispiam
3297 4504 3542 4559 magnam
3579 4482 3743 4557 pecuni:

2246 4583 2352 4636 vim
2376 4589 2590 4651 propter
2618 4581 2804 4640 Deum.
2833 4580 3043 4634 assidue
3068 4579 3306 4634 adhmret
3330 4582 3463 4644 Deo,
3488 4580 3667 4634 eximia:
3685 4575 3745 4623 tir-

2248 4674 2375 4727 tutis
2402 4671 2591 4726 officiis
2626 4671 2879 4741 fungitur,
2909 4685 3154 4740 magnam
3183 4670 3451 4725 adhibens
3476 4666 3744 4738 diligentiam.

2248 4778 2315 4818 ne
2351 4762 2437 4817 vel
2466 4763 2517 4815 in
2546 4761 2723 4816 verbis
2747 4771 2839 4814 aut
2873 4761 3283 4830 cogitationibus
3322 4762 3483 4829 ipsis,
3522 4758 3666 4813 ullave
3687 4754 3747 4805 aia

2246 4870 2306 4909 re
2333 4854 2542 4910 labatur
2570 4869 2583 4906 :
2613 4854 2663 4906 in
2692 4862 2777 4907 tua
2806 4867 2963 4906 manu
2986 4861 3084 4916 est,
3113 4853 3359 4922 quamvis
3387 4849 3683 4907 tantumdem
3698 4844 3749 4896 di-

2247 4946 2480 5017 ligentia:
2510 4961 2611 4999 non
2640 4945 2965 5008 adhibueris,
2994 4946 3260 5013 repositas
3284 4945 3362 4999 illi
3394 4962 3493 5015 pro
3524 4954 3594 4998 tot
3615 4938 3749 4994 labori-

2248 5037 2351 5093 bus
2384 5035 2657 5091 mercedes
2687 5050 2996 5090 communes
3040 5035 3132 5088 tibi
3174 5035 3374 5089 facere.
3415 5026 3752 5104 Quomodo?5i

2249 5130 2397 5183 illum
2427 5143 2583 5183 cures
2614 5126 2900 5195 foveasque
2928 5136 2981 5180 et
3007 5141 3254 5180 sermone
3283 5135 3337 5180 et
3370 5129 3577 5194 reipsa;
3604 5124 3640 5177 si
3669 5134 3754 5173 con-

2245 5220 2437 5276 soleris
2463 5234 2582 5273 cum
2610 5216 2952 5287 suppeditans
2976 5219 3298 5282 necessaria,
3330 5224 3451 5270 tum
3473 5217 3524 5269 in
3553 5210 3672 5268 omni
3688 5208 3754 5259 mi-

2248 5312 2469 5366 nisterio
2514 5311 2808 5364 inserviens
2841 5326 2854 5363 :
2890 5318 2944 5362 ttt
2984 5309 3125 5363 enim
3168 5311 3212 5362 is
3250 5310 3356 5363 eris
3380 5350 3396 5373 ,
3440 5309 3531 5379 qui
3575 5316 3757 5374 asperam

2247 5405 2388 5457 illam
2415 5404 2553 5456 viam
2586 5402 2872 5455 faciliorem
2907 5401 3005 5466 ipsi
3032 5398 3214 5455 iacies.
3243 5400 3618 5467 Quamobrem,
3640 5397 3673 5447 si
3694 5392 3758 5445 ad-

2246 5495 2513 5550 miramini
2541 5493 2659 5547 illos
2686 5493 2774 5562 qui
2795 5492 2844 5545 in
2865 5508 3046 5546 eremo
3069 5494 3269 5556 vivunt,
3289 5493 3382 5561 qui
3414 5494 3538 5547 vitae
3563 5489 3761 5545 rationem

2246 5586 2401 5657 plane
2430 5584 2725 5654 angelicam
2756 5592 3123 5651 susceperunt,
3155 5583 3241 5652 qui
3275 5584 3325 5637 in
3362 5583 3609 5637 Eeclesiis
3627 5578 3761 5633 eadem

2245 5692 2401 5749 atque
2434 5678 2508 5732 illi
2552 5662 2761 5731 virtutis
2801 5676 3001 5730 obeunt
3043 5692 3261 5729 munera
3307 5694 3318 5729 :
3374 5678 3421 5731 si
3460 5668 3764 5731 admiramini.

2248 5772 2484 5840 inquam,
2524 5784 2585 5823 ac
2612 5766 2802 5823 doletis
2842 5777 2944 5821 tam
2984 5766 3143 5839 longo
3173 5782 3265 5822 vos
3294 5767 3581 5823 intervallo
3614 5764 3670 5817 ab
3694 5758 3766 5812 iliis
