  <div class='ocr_page' id='page_1' title='image "/cluster/home/n/w/nwhite01/storage/ocr_20150623/62/hvd.32044019207836/190.png"; bbox 0 0 3878 6498; ppageno 0'>
   <div class='ocr_carea' id='block_1_1' title="bbox 147 292 243 350">
    <p class='ocr_par' dir='ltr' id='par_1_1' title="bbox 147 292 243 350">
     <span class='ocr_line' id='line_1_1' title="bbox 147 292 243 350; baseline -0.021 0"><span class='ocrx_word' id='word_1_1' title='bbox 147 292 243 350; x_wconf 70' lang='grc'>135</span> 
     </span>
    </p>
   </div>
   <div class='ocr_carea' id='block_1_2' title="bbox 143 405 1704 478">
    <p class='ocr_par' dir='ltr' id='par_1_2' title="bbox 143 405 1704 478">
     <span class='ocr_line' id='line_1_2' title="bbox 143 405 1704 478; baseline 0.003 -17"><span class='ocrx_word' id='word_1_2' title='bbox 143 405 403 478; x_wconf 79' lang='grc' dir='ltr'>Τιμοθέου</span> <span class='ocrx_word' id='word_1_3' title='bbox 431 405 584 459; x_wconf 72' lang='grc' dir='ltr'>αὗτοὶ</span> <span class='ocrx_word' id='word_1_4' title='bbox 613 405 894 476; x_wconf 78' lang='grc' dir='ltr'>κρείττους</span> <span class='ocrx_word' id='word_1_5' title='bbox 915 422 927 434; x_wconf 86' lang='lat'>&#39;</span> <span class='ocrx_word' id='word_1_6' title='bbox 960 407 1140 476; x_wconf 82' lang='grc' dir='ltr'>ἄπαγε</span> <span class='ocrx_word' id='word_1_7' title='bbox 1161 425 1176 439; x_wconf 72' lang='grc' dir='ltr'><strong>ο</strong></span> <span class='ocrx_word' id='word_1_8' title='bbox 1204 409 1339 462; x_wconf 81' lang='grc' dir='ltr'>ἀλλά</span> <span class='ocrx_word' id='word_1_9' title='bbox 1388 409 1588 478; x_wconf 79' lang='grc' dir='ltr'>μᾶλλον</span> <span class='ocrx_word' id='word_1_10' title='bbox 1624 411 1704 466; x_wconf 82' lang='grc' dir='ltr'>ὅτι</span> 
     </span>
    </p>
   </div>
   <div class='ocr_carea' id='block_1_3' title="bbox 145 497 1707 570">
    <p class='ocr_par' dir='ltr' id='par_1_3' title="bbox 145 497 1707 570">
     <span class='ocr_line' id='line_1_3' title="bbox 145 497 1707 570; baseline 0.003 -18"><span class='ocrx_word' id='word_1_11' title='bbox 145 498 339 562; x_wconf 82' lang='grc' dir='ltr'>αὐτοὺς</span> <span class='ocrx_word' id='word_1_12' title='bbox 392 498 528 568; x_wconf 83' lang='grc' dir='ltr'><strong>τιμᾷ</strong></span> <span class='ocrx_word' id='word_1_13' title='bbox 573 497 668 550; x_wconf 72' lang='grc' dir='ltr'>καὶ</span> <span class='ocrx_word' id='word_1_14' title='bbox 725 497 1014 570; x_wconf 77' lang='grc' dir='ltr'>θεραπεύει</span> <span class='ocrx_word' id='word_1_15' title='bbox 1066 501 1302 570; x_wconf 87' lang='grc' dir='ltr'>μάλιστα</span> <span class='ocrx_word' id='word_1_16' title='bbox 1356 505 1592 568; x_wconf 80' lang='grc' dir='ltr'>πάντων,</span> <span class='ocrx_word' id='word_1_17' title='bbox 1625 499 1707 568; x_wconf 76' lang='grc' dir='ltr'>οἷς</span> 
     </span>
    </p>
   </div>
   <div class='ocr_carea' id='block_1_4' title="bbox 139 589 1705 666">
    <p class='ocr_par' dir='ltr' id='par_1_4' title="bbox 139 589 1705 666">
     <span class='ocr_line' id='line_1_4' title="bbox 139 589 1705 666; baseline 0.003 -21"><span class='ocrx_word' id='word_1_18' title='bbox 139 590 422 645; x_wconf 86' lang='grc' dir='ltr'>ἐπέστελλε</span> <span class='ocrx_word' id='word_1_19' title='bbox 441 607 456 621; x_wconf 68' lang='grc' dir='ltr'>θ</span> <span class='ocrx_word' id='word_1_20' title='bbox 493 589 588 643; x_wconf 71' lang='grc' dir='ltr'>καὶ</span> <span class='ocrx_word' id='word_1_21' title='bbox 609 589 718 657; x_wconf 84' lang='grc' dir='ltr'>γὰρ</span> <span class='ocrx_word' id='word_1_22' title='bbox 743 590 839 644; x_wconf 79' lang='grc' dir='ltr'>καὶ</span> <span class='ocrx_word' id='word_1_23' title='bbox 871 591 1074 660; x_wconf 84' lang='grc' dir='ltr'>πολλὴν</span> <span class='ocrx_word' id='word_1_24' title='bbox 1101 593 1286 657; x_wconf 80' lang='grc' dir='ltr'>αὐτοῖς</span> <span class='ocrx_word' id='word_1_25' title='bbox 1329 594 1533 665; x_wconf 81' lang='grc' dir='ltr'>ἀρετὴν</span> <span class='ocrx_word' id='word_1_26' title='bbox 1562 613 1705 666; x_wconf 89' lang='grc' dir='ltr'>μαρ-</span> 
     </span>
    </p>
   </div>
   <div class='ocr_carea' id='block_1_5' title="bbox 136 680 1711 754">
    <p class='ocr_par' dir='ltr' id='par_1_5' title="bbox 136 680 1711 754">
     <span class='ocr_line' id='line_1_5' title="bbox 136 680 1711 754; baseline 0.003 -18"><span class='ocrx_word' id='word_1_27' title='bbox 136 681 523 754; x_wconf 85' lang='grc' dir='ltr'>τυρεῖ.Ἀλλως</span> <span class='ocrx_word' id='word_1_28' title='bbox 550 681 629 747; x_wconf 88' lang='grc' dir='ltr'>δέ,</span> <span class='ocrx_word' id='word_1_29' title='bbox 655 683 772 735; x_wconf 87' lang='grc' dir='ltr'>ἐκεῖ</span> <span class='ocrx_word' id='word_1_30' title='bbox 799 682 897 752; x_wconf 81' lang='grc' dir='ltr'>μὲν</span> <span class='ocrx_word' id='word_1_31' title='bbox 925 680 1046 736; x_wconf 81' lang='grc' dir='ltr'>οὖν·</span> <span class='ocrx_word' id='word_1_32' title='bbox 1073 683 1268 754; x_wconf 76' lang='grc' dir='ltr'>ἔμελλε</span> <span class='ocrx_word' id='word_1_33' title='bbox 1298 686 1470 741; x_wconf 84' lang='grc' dir='ltr'>πολλά</span> <span class='ocrx_word' id='word_1_34' title='bbox 1496 687 1711 742; x_wconf 72' lang='grc' dir='ltr'>διατάτι-</span> 
     </span>
    </p>
   </div>
   <div class='ocr_carea' id='block_1_6' title="bbox 135 773 1704 850">
    <p class='ocr_par' dir='ltr' id='par_1_6' title="bbox 135 773 1704 850">
     <span class='ocr_line' id='line_1_6' title="bbox 135 773 1704 850; baseline 0.003 -23"><span class='ocrx_word' id='word_1_35' title='bbox 135 777 339 841; x_wconf 81' lang='grc' dir='ltr'>τεσθαι,</span> <span class='ocrx_word' id='word_1_36' title='bbox 364 775 453 828; x_wconf 78' lang='grc' dir='ltr'>διὰ</span> <span class='ocrx_word' id='word_1_37' title='bbox 482 773 641 828; x_wconf 89' lang='grc' dir='ltr'>τοῦτο</span> <span class='ocrx_word' id='word_1_38' title='bbox 673 775 905 829; x_wconf 88' lang='grc' dir='ltr'>ἀνέλαϐε</span> <span class='ocrx_word' id='word_1_39' title='bbox 930 776 991 829; x_wconf 81' lang='grc' dir='ltr'>τὸ</span> <span class='ocrx_word' id='word_1_40' title='bbox 1018 777 1113 828; x_wconf 84' lang='grc' dir='ltr'>τοῦ</span> <span class='ocrx_word' id='word_1_41' title='bbox 1145 778 1445 832; x_wconf 79' lang='grc' dir='ltr'>ἀποστόλου</span> <span class='ocrx_word' id='word_1_42' title='bbox 1473 777 1704 850; x_wconf 75' lang='grc' dir='ltr'>ἀξίωμαο</span> 
     </span>
    </p>
   </div>
   <div class='ocr_carea' id='block_1_7' title="bbox 135 865 1710 938">
    <p class='ocr_par' dir='ltr' id='par_1_7' title="bbox 135 865 1710 938">
     <span class='ocr_line' id='line_1_7' title="bbox 135 865 1710 938; baseline 0.001 -19"><span class='ocrx_word' id='word_1_43' title='bbox 135 865 365 920; x_wconf 68' lang='grc' dir='ltr'>ἐνταῦθα</span> <span class='ocrx_word' id='word_1_44' title='bbox 393 867 450 920; x_wconf 82' lang='grc' dir='ltr'>δὲ</span> <span class='ocrx_word' id='word_1_45' title='bbox 477 867 754 919; x_wconf 73' lang='grc' dir='ltr'>ἐπιτάττει</span> <span class='ocrx_word' id='word_1_46' title='bbox 789 866 887 935; x_wconf 82' lang='grc' dir='ltr'>μὲν</span> <span class='ocrx_word' id='word_1_47' title='bbox 910 866 1095 930; x_wconf 83' lang='grc' dir='ltr'>αὐτοῖς</span> <span class='ocrx_word' id='word_1_48' title='bbox 1119 868 1292 932; x_wconf 81' lang='grc' dir='ltr'>οὐδὲν,</span> <span class='ocrx_word' id='word_1_49' title='bbox 1328 869 1466 938; x_wconf 83' lang='grc' dir='ltr'>πλὴν</span> <span class='ocrx_word' id='word_1_50' title='bbox 1495 871 1594 923; x_wconf 81' lang='grc' dir='ltr'>ὅσα</span> <span class='ocrx_word' id='word_1_51' title='bbox 1617 871 1710 922; x_wconf 75' lang='grc' dir='ltr'>καὶ</span> 
     </span>
    </p>
   </div>
   <div class='ocr_carea' id='block_1_8' title="bbox 134 959 1711 1032">
    <p class='ocr_par' dir='ltr' id='par_1_8' title="bbox 134 959 1711 1032">
     <span class='ocr_line' id='line_1_8' title="bbox 134 959 1711 1032; baseline -0.001 -16"><span class='ocrx_word' id='word_1_52' title='bbox 134 961 220 1031; x_wconf 82' lang='grc' dir='ltr'>ἀφ’</span> <span class='ocrx_word' id='word_1_53' title='bbox 251 960 463 1016; x_wconf 80' lang='grc' dir='ltr'>ἑαυτῶν</span> <span class='ocrx_word' id='word_1_54' title='bbox 495 959 803 1032; x_wconf 82' lang='grc' dir='ltr'>συνεώρων.</span> <span class='ocrx_word' id='word_1_55' title='bbox 834 960 966 1027; x_wconf 83' lang='grc' dir='ltr'><em>Τοῖς</em></span> <span class='ocrx_word' id='word_1_56' title='bbox 989 961 1184 1029; x_wconf 81' lang='grc' dir='ltr'>ἁγίοις</span> <span class='ocrx_word' id='word_1_57' title='bbox 1221 961 1293 1014; x_wconf 81' lang='grc' dir='ltr'>ἐν</span> <span class='ocrx_word' id='word_1_58' title='bbox 1327 963 1562 1029; x_wconf 79' lang='grc' dir='ltr'>Χριστῷ</span> <span class='ocrx_word' id='word_1_59' title='bbox 1597 965 1711 1029; x_wconf 77' lang='grc' dir='ltr'>Ἰη-</span> 
     </span>
    </p>
   </div>
   <div class='ocr_carea' id='block_1_9' title="bbox 133 1049 1707 1125">
    <p class='ocr_par' dir='ltr' id='par_1_9' title="bbox 133 1049 1707 1125">
     <span class='ocr_line' id='line_1_9' title="bbox 133 1049 1707 1125; baseline -0.002 -17"><span class='ocrx_word' id='word_1_60' title='bbox 133 1053 245 1108; x_wconf 90' lang='grc' dir='ltr'>σοῦ</span> <span class='ocrx_word' id='word_1_61' title='bbox 273 1054 401 1120; x_wconf 83' lang='grc' dir='ltr'>τοῖς</span> <span class='ocrx_word' id='word_1_62' title='bbox 438 1050 622 1107; x_wconf 80' lang='grc' dir='ltr'><em>οὖσιν</em></span> <span class='ocrx_word' id='word_1_63' title='bbox 646 1052 716 1106; x_wconf 86' lang='grc' dir='ltr'>ἑν</span> <span class='ocrx_word' id='word_1_64' title='bbox 736 1052 1075 1119; x_wconf 69' lang='grc' dir='ltr'>Φιλίπποις.</span> <span class='ocrx_word' id='word_1_65' title='bbox 1095 1053 1314 1124; x_wconf 83' lang='grc' dir='ltr'>Ἐπειδὴ</span> <span class='ocrx_word' id='word_1_66' title='bbox 1346 1055 1491 1116; x_wconf 70' lang='grc' dir='ltr'>εἰκὸς</span> <span class='ocrx_word' id='word_1_67' title='bbox 1519 1049 1588 1125; x_wconf 82' lang='grc' dir='ltr'>ἦν</span> <span class='ocrx_word' id='word_1_68' title='bbox 1611 1055 1707 1107; x_wconf 69' lang='grc' dir='ltr'>καὶ</span> 
     </span>
    </p>
   </div>
   <div class='ocr_carea' id='block_1_10' title="bbox 113 1139 1708 1214">
    <p class='ocr_par' dir='ltr' id='par_1_10' title="bbox 113 1139 1708 1214">
     <span class='ocr_line' id='line_1_10' title="bbox 113 1139 1708 1214; baseline -0.001 -15"><span class='ocrx_word' id='word_1_69' title='bbox 113 1139 429 1212; x_wconf 76' lang='grc' dir='ltr'>ΙἹουδαίους</span> <span class='ocrx_word' id='word_1_70' title='bbox 477 1144 666 1212; x_wconf 83' lang='grc' dir='ltr'>ἁγίους</span> <span class='ocrx_word' id='word_1_71' title='bbox 715 1144 942 1206; x_wconf 73' lang='grc' dir='ltr'>ἑαυτοὺς</span> <span class='ocrx_word' id='word_1_72' title='bbox 979 1143 1163 1198; x_wconf 83' lang='grc' dir='ltr'>καλεῖν</span> <span class='ocrx_word' id='word_1_73' title='bbox 1195 1143 1303 1197; x_wconf 85' lang='grc' dir='ltr'>ἀπὸ</span> <span class='ocrx_word' id='word_1_74' title='bbox 1348 1143 1442 1196; x_wconf 90' lang='grc' dir='ltr'>τοῦ</span> <span class='ocrx_word' id='word_1_75' title='bbox 1490 1143 1708 1214; x_wconf 84' lang='grc' dir='ltr'>πρώτου</span> 
     </span>
    </p>
   </div>
   <div class='ocr_carea' id='block_1_11' title="bbox 108 1225 1708 1309">
    <p class='ocr_par' dir='ltr' id='par_1_11' title="bbox 108 1225 1708 1309">
     <span class='ocr_line' id='line_1_11' title="bbox 108 1225 1708 1309; baseline -0.004 -17"><span class='ocrx_word' id='word_1_76' title='bbox 108 1225 406 1309; x_wconf 76' lang='grc' dir='ltr'>Ιχρησμοῦ,</span> <span class='ocrx_word' id='word_1_77' title='bbox 437 1236 601 1306; x_wconf 78' lang='grc' dir='ltr'>ἡνίκα</span> <span class='ocrx_word' id='word_1_78' title='bbox 625 1234 874 1302; x_wconf 73' lang='grc' dir='ltr'>ἐλέγοντο</span> <span class='ocrx_word' id='word_1_79' title='bbox 901 1234 1032 1297; x_wconf 78' lang='grc' dir='ltr'>λαὸς</span> <span class='ocrx_word' id='word_1_80' title='bbox 1065 1235 1239 1302; x_wconf 79' lang='grc' dir='ltr'>ἅγιος,</span> <span class='ocrx_word' id='word_1_81' title='bbox 1269 1234 1601 1305; x_wconf 86' lang='grc' dir='ltr'>περιούσιος,</span> <span class='ocrx_word' id='word_1_82' title='bbox 1621 1235 1708 1288; x_wconf 83' lang='grc' dir='ltr'>διὰ</span> 
     </span>
    </p>
   </div>
   <div class='ocr_carea' id='block_1_12' title="bbox 131 1325 1705 1400">
    <p class='ocr_par' dir='ltr' id='par_1_12' title="bbox 131 1325 1705 1400">
     <span class='ocr_line' id='line_1_12' title="bbox 131 1325 1705 1400; baseline 0 -19"><span class='ocrx_word' id='word_1_83' title='bbox 131 1326 285 1382; x_wconf 88' lang='grc' dir='ltr'>τοῦτο</span> <span class='ocrx_word' id='word_1_84' title='bbox 334 1327 643 1400; x_wconf 84' lang='grc' dir='ltr'>προσέθηκε</span> <span class='ocrx_word' id='word_1_85' title='bbox 669 1370 683 1396; x_wconf 86' lang='grc'>,</span> <span class='ocrx_word' id='word_1_86' title='bbox 714 1327 843 1394; x_wconf 85' lang='grc' dir='ltr'><em>Τοῖς</em></span> <span class='ocrx_word' id='word_1_87' title='bbox 866 1327 1059 1396; x_wconf 81' lang='grc' dir='ltr'>ἁγίοις</span> <span class='ocrx_word' id='word_1_88' title='bbox 1098 1327 1168 1380; x_wconf 83' lang='grc' dir='ltr'>ὲν</span> <span class='ocrx_word' id='word_1_89' title='bbox 1207 1325 1442 1395; x_wconf 84' lang='grc' dir='ltr'>Χριστῷ</span> <span class='ocrx_word' id='word_1_90' title='bbox 1479 1327 1705 1395; x_wconf 84' lang='grc' dir='ltr'>Ἰησοῦ.</span> 
     </span>
    </p>
   </div>
   <div class='ocr_carea' id='block_1_13' title="bbox 131 1409 1618 1489">
    <p class='ocr_par' dir='ltr' id='par_1_13' title="bbox 131 1409 1618 1489">
     <span class='ocr_line' id='line_1_13' title="bbox 131 1409 1618 1489; baseline 0.001 -19"><span class='ocrx_word' id='word_1_91' title='bbox 131 1409 286 1484; x_wconf 75' lang='grc' dir='ltr'>Οὗτοι</span> <span class='ocrx_word' id='word_1_92' title='bbox 320 1419 430 1489; x_wconf 78' lang='grc' dir='ltr'>γάρ</span> <span class='ocrx_word' id='word_1_93' title='bbox 457 1417 606 1488; x_wconf 81' lang='grc' dir='ltr'>μόνοι</span> <span class='ocrx_word' id='word_1_94' title='bbox 645 1417 810 1487; x_wconf 83' lang='grc' dir='ltr'>ἆγιοι,</span> <span class='ocrx_word' id='word_1_95' title='bbox 847 1418 1045 1472; x_wconf 83' lang='grc' dir='ltr'>ἐκεῖνοι</span> <span class='ocrx_word' id='word_1_96' title='bbox 1072 1417 1130 1470; x_wconf 84' lang='grc' dir='ltr'>δέ</span> <span class='ocrx_word' id='word_1_97' title='bbox 1158 1415 1346 1471; x_wconf 81' lang='grc' dir='ltr'>λοιπὸν</span> <span class='ocrx_word' id='word_1_98' title='bbox 1381 1417 1618 1488; x_wconf 89' lang='grc' dir='ltr'>βέϐηλοι.</span> 
     </span>
    </p>
   </div>
   <div class='ocr_carea' id='block_1_14' title="bbox 195 1583 1710 1662">
    <p class='ocr_par' dir='ltr' id='par_1_14' title="bbox 195 1583 1710 1662">
     <span class='ocr_line' id='line_1_14' title="bbox 195 1583 1710 1662; baseline 0 -15"><span class='ocrx_word' id='word_1_99' title='bbox 195 1592 680 1658; x_wconf 81' lang='grc' dir='ltr'>Συνεπισκόποις</span> <span class='ocrx_word' id='word_1_100' title='bbox 722 1591 819 1646; x_wconf 79' lang='grc' dir='ltr'>καὶ</span> <span class='ocrx_word' id='word_1_101' title='bbox 854 1592 1177 1660; x_wconf 82' lang='grc' dir='ltr'>διακόνοις.</span> <span class='ocrx_word' id='word_1_102' title='bbox 1215 1593 1279 1645; x_wconf 88' lang='grc' dir='ltr'>Τί</span> <span class='ocrx_word' id='word_1_103' title='bbox 1315 1583 1528 1659; x_wconf 54' lang='grc' dir='ltr'>’τοῦτο;</span> <span class='ocrx_word' id='word_1_104' title='bbox 1581 1594 1710 1662; x_wconf 82' lang='grc' dir='ltr'>μιᾶς</span> 
     </span>
    </p>
   </div>
   <div class='ocr_carea' id='block_1_15' title="bbox 129 1680 1709 1757">
    <p class='ocr_par' dir='ltr' id='par_1_15' title="bbox 129 1680 1709 1757">
     <span class='ocr_line' id='line_1_15' title="bbox 129 1680 1709 1757; baseline 0 -19"><span class='ocrx_word' id='word_1_105' title='bbox 129 1684 340 1748; x_wconf 85' lang='grc' dir='ltr'>πόλεως</span> <span class='ocrx_word' id='word_1_106' title='bbox 361 1683 542 1738; x_wconf 78' lang='grc' dir='ltr'>πολλοὶ</span> <span class='ocrx_word' id='word_1_107' title='bbox 562 1683 850 1738; x_wconf 90' lang='grc' dir='ltr'>ἐπίσκοποι</span> <span class='ocrx_word' id='word_1_108' title='bbox 871 1682 1026 1757; x_wconf 81' lang='grc'><strong>[195]</strong></span> <span class='ocrx_word' id='word_1_109' title='bbox 1047 1680 1218 1755; x_wconf 75' lang='grc' dir='ltr'>ἦσανς</span> <span class='ocrx_word' id='word_1_110' title='bbox 1250 1685 1516 1756; x_wconf 77' lang='grc' dir='ltr'>Οὐδαμῶς</span> <span class='ocrx_word' id='word_1_111' title='bbox 1535 1701 1549 1716; x_wconf 87' lang='grc'><strong>·</strong></span> <span class='ocrx_word' id='word_1_112' title='bbox 1572 1685 1709 1739; x_wconf 84' lang='grc' dir='ltr'>ἀλλά</span> 
     </span>
    </p>
   </div>
   <div class='ocr_carea' id='block_1_16' title="bbox 129 1774 1706 1847">
    <p class='ocr_par' dir='ltr' id='par_1_16' title="bbox 129 1774 1706 1847">
     <span class='ocr_line' id='line_1_16' title="bbox 129 1774 1706 1847; baseline 0.001 -19"><span class='ocrx_word' id='word_1_113' title='bbox 129 1777 258 1838; x_wconf 80' lang='grc' dir='ltr'>τοὺς</span> <span class='ocrx_word' id='word_1_114' title='bbox 309 1774 708 1846; x_wconf 86' lang='grc' dir='ltr'>πρεσϐυτέρους</span> <span class='ocrx_word' id='word_1_115' title='bbox 755 1774 928 1839; x_wconf 78' lang='grc' dir='ltr'>οὕτως</span> <span class='ocrx_word' id='word_1_116' title='bbox 974 1775 1222 1831; x_wconf 87' lang='grc' dir='ltr'>ἐκάλεσε.</span> <span class='ocrx_word' id='word_1_117' title='bbox 1255 1776 1390 1830; x_wconf 84' lang='grc' dir='ltr'>Τότε</span> <span class='ocrx_word' id='word_1_118' title='bbox 1421 1777 1530 1847; x_wconf 80' lang='grc' dir='ltr'>γὰρ</span> <span class='ocrx_word' id='word_1_119' title='bbox 1567 1776 1706 1839; x_wconf 89' lang='grc' dir='ltr'>τέως</span> 
     </span>
    </p>
   </div>
   <div class='ocr_carea' id='block_1_17' title="bbox 128 1867 1706 1939">
    <p class='ocr_par' dir='ltr' id='par_1_17' title="bbox 128 1867 1706 1939">
     <span class='ocr_line' id='line_1_17' title="bbox 128 1867 1706 1939; baseline 0.001 -19"><span class='ocrx_word' id='word_1_120' title='bbox 128 1867 448 1921; x_wconf 80' lang='grc' dir='ltr'>ἐκοινώνουν</span> <span class='ocrx_word' id='word_1_121' title='bbox 494 1868 606 1930; x_wconf 84' lang='grc' dir='ltr'>τοῖς</span> <span class='ocrx_word' id='word_1_122' title='bbox 654 1867 903 1939; x_wconf 85' lang='grc' dir='ltr'>ὀνόμασι,</span> <span class='ocrx_word' id='word_1_123' title='bbox 931 1869 1026 1922; x_wconf 73' lang='grc' dir='ltr'>καὶ</span> <span class='ocrx_word' id='word_1_124' title='bbox 1065 1868 1311 1930; x_wconf 84' lang='grc' dir='ltr'>διάκονος</span> <span class='ocrx_word' id='word_1_125' title='bbox 1344 1869 1373 1922; x_wconf 91' lang='grc' dir='ltr'>ό</span> <span class='ocrx_word' id='word_1_126' title='bbox 1410 1868 1706 1932; x_wconf 81' lang='grc' dir='ltr'>ἐπίσκοπος</span> 
     </span>
    </p>
   </div>
   <div class='ocr_carea' id='block_1_18' title="bbox 126 1959 1708 2031">
    <p class='ocr_par' dir='ltr' id='par_1_18' title="bbox 126 1959 1708 2031">
     <span class='ocr_line' id='line_1_18' title="bbox 126 1959 1708 2031; baseline 0.002 -19"><span class='ocrx_word' id='word_1_127' title='bbox 126 1960 366 2028; x_wconf 79' lang='grc' dir='ltr'>ἐλέγετο.</span> <span class='ocrx_word' id='word_1_128' title='bbox 393 1960 490 2014; x_wconf 87' lang='grc' dir='ltr'>Διά</span> <span class='ocrx_word' id='word_1_129' title='bbox 515 1960 674 2013; x_wconf 89' lang='grc' dir='ltr'>τοῦτο</span> <span class='ocrx_word' id='word_1_130' title='bbox 701 1961 929 2031; x_wconf 82' lang='grc' dir='ltr'>γράφων</span> <span class='ocrx_word' id='word_1_131' title='bbox 961 1961 1053 2014; x_wconf 77' lang='grc' dir='ltr'>καὶ</span> <span class='ocrx_word' id='word_1_132' title='bbox 1081 1959 1331 2031; x_wconf 83' lang='grc' dir='ltr'>Τιμοθέῳ</span> <span class='ocrx_word' id='word_1_133' title='bbox 1362 1959 1514 2029; x_wconf 85' lang='grc' dir='ltr'>έλεγε</span> <span class='ocrx_word' id='word_1_134' title='bbox 1537 1976 1553 1992; x_wconf 68' lang='grc' dir='ltr'>θ</span> <span class='ocrx_word' id='word_1_135' title='bbox 1589 1960 1708 2028; x_wconf 80' lang='grc' dir='ltr'>Τὴν</span> 
     </span>
    </p>
   </div>
   <div class='ocr_carea' id='block_1_19' title="bbox 126 2049 1702 2121">
    <p class='ocr_par' dir='ltr' id='par_1_19' title="bbox 126 2049 1702 2121">
     <span class='ocr_line' id='line_1_19' title="bbox 126 2049 1702 2121; baseline 0.001 -19"><span class='ocrx_word' id='word_1_136' title='bbox 126 2049 441 2106; x_wconf 78' lang='grc' dir='ltr'>διακονίαν</span> <span class='ocrx_word' id='word_1_137' title='bbox 501 2065 617 2104; x_wconf 91' lang='grc' dir='ltr'>σου</span> <span class='ocrx_word' id='word_1_138' title='bbox 666 2052 1170 2120; x_wconf 52' lang='grc' dir='ltr'>πληροφόρησον</span> <span class='ocrx_word' id='word_1_139' title='bbox 1226 2051 1512 2121; x_wconf 84' lang='grc' dir='ltr'>ἐπισκόπῳ</span> <span class='ocrx_word' id='word_1_140' title='bbox 1567 2049 1702 2104; x_wconf 78' lang='grc' dir='ltr'>ὄντι.</span> 
     </span>
    </p>
   </div>
   <div class='ocr_carea' id='block_1_20' title="bbox 127 2137 1694 2214">
    <p class='ocr_par' dir='ltr' id='par_1_20' title="bbox 127 2137 1694 2214">
     <span class='ocr_line' id='line_1_20' title="bbox 127 2137 1694 2214; baseline 0.001 -20"><span class='ocrx_word' id='word_1_141' title='bbox 127 2141 244 2194; x_wconf 79' lang='grc' dir='ltr'>Ὀτι</span> <span class='ocrx_word' id='word_1_142' title='bbox 291 2142 403 2212; x_wconf 75' lang='grc' dir='ltr'>γάρ</span> <span class='ocrx_word' id='word_1_143' title='bbox 448 2141 744 2206; x_wconf 74' lang='grc' dir='ltr'>ἐπίσκοπος</span> <span class='ocrx_word' id='word_1_144' title='bbox 782 2137 871 2212; x_wconf 83' lang='grc' dir='ltr'>ἦν,</span> <span class='ocrx_word' id='word_1_145' title='bbox 903 2143 1038 2214; x_wconf 76' lang='grc' dir='ltr'>φησὶ</span> <span class='ocrx_word' id='word_1_146' title='bbox 1086 2141 1224 2213; x_wconf 77' lang='grc' dir='ltr'>πρὸς</span> <span class='ocrx_word' id='word_1_147' title='bbox 1268 2142 1451 2206; x_wconf 79' lang='grc' dir='ltr'>αὐτὸν,</span> <span class='ocrx_word' id='word_1_148' title='bbox 1482 2141 1694 2212; x_wconf 84' lang='grc' dir='ltr'>Χεῖρας</span> 
     </span>
    </p>
   </div>
   <div class='ocr_carea' id='block_1_21' title="bbox 127 2233 1707 2304">
    <p class='ocr_par' dir='ltr' id='par_1_21' title="bbox 127 2233 1707 2304">
     <span class='ocr_line' id='line_1_21' title="bbox 127 2233 1707 2304; baseline 0.001 -19"><span class='ocrx_word' id='word_1_149' title='bbox 127 2234 349 2302; x_wconf 81' lang='grc' dir='ltr'>ταχέως</span> <span class='ocrx_word' id='word_1_150' title='bbox 376 2233 592 2302; x_wconf 72' lang='grc' dir='ltr'>μηδενὶ</span> <span class='ocrx_word' id='word_1_151' title='bbox 623 2234 904 2290; x_wconf 76' lang='grc' dir='ltr'>ἐπιτίθειο</span> <span class='ocrx_word' id='word_1_152' title='bbox 939 2235 1036 2289; x_wconf 76' lang='grc' dir='ltr'>καὶ</span> <span class='ocrx_word' id='word_1_153' title='bbox 1067 2234 1229 2288; x_wconf 88' lang='grc' dir='ltr'>πάλιν</span> <span class='ocrx_word' id='word_1_154' title='bbox 1250 2251 1264 2265; x_wconf 71' lang='grc' dir='ltr'><strong>ο</strong></span> <span class='ocrx_word' id='word_1_155' title='bbox 1304 2236 1375 2287; x_wconf 80' lang='lat'>&#39;0</span> <span class='ocrx_word' id='word_1_156' title='bbox 1396 2234 1576 2304; x_wconf 85' lang='grc' dir='ltr'>ἐδόθη</span> <span class='ocrx_word' id='word_1_157' title='bbox 1607 2250 1707 2290; x_wconf 89' lang='grc' dir='ltr'>σοι</span> 
     </span>
    </p>
   </div>
   <div class='ocr_carea' id='block_1_22' title="bbox 122 2323 1699 2396">
    <p class='ocr_par' dir='ltr' id='par_1_22' title="bbox 122 2323 1699 2396">
     <span class='ocr_line' id='line_1_22' title="bbox 122 2323 1699 2396; baseline 0 -17"><span class='ocrx_word' id='word_1_158' title='bbox 122 2326 266 2395; x_wconf 79' lang='grc' dir='ltr'>μετὰ</span> <span class='ocrx_word' id='word_1_159' title='bbox 302 2325 628 2393; x_wconf 84' lang='grc' dir='ltr'>ἐπιθέσεως</span> <span class='ocrx_word' id='word_1_160' title='bbox 675 2325 796 2379; x_wconf 84' lang='grc' dir='ltr'>τῶν</span> <span class='ocrx_word' id='word_1_161' title='bbox 843 2323 1058 2396; x_wconf 86' lang='grc' dir='ltr'>χειρῶν</span> <span class='ocrx_word' id='word_1_162' title='bbox 1101 2324 1210 2380; x_wconf 88' lang='grc' dir='ltr'>τοῦ</span> <span class='ocrx_word' id='word_1_163' title='bbox 1237 2325 1668 2394; x_wconf 77' lang='grc' dir='ltr'>πρεσϐυτερίου</span> <span class='ocrx_word' id='word_1_164' title='bbox 1685 2342 1699 2355; x_wconf 75' lang='grc' dir='ltr'>ο</span> 
     </span>
    </p>
   </div>
   <div class='ocr_carea' id='block_1_23' title="bbox 120 2416 1704 2488">
    <p class='ocr_par' dir='ltr' id='par_1_23' title="bbox 120 2416 1704 2488">
     <span class='ocr_line' id='line_1_23' title="bbox 120 2416 1704 2488; baseline 0.001 -20"><span class='ocrx_word' id='word_1_165' title='bbox 120 2419 226 2480; x_wconf 70' lang='grc' dir='ltr'>οὐκ¹</span> <span class='ocrx_word' id='word_1_166' title='bbox 243 2416 315 2471; x_wconf 77' lang='grc' dir='ltr'>ἂν</span> <span class='ocrx_word' id='word_1_167' title='bbox 345 2417 404 2471; x_wconf 80' lang='grc' dir='ltr'>δὲ</span> <span class='ocrx_word' id='word_1_168' title='bbox 431 2416 788 2488; x_wconf 88' lang='grc' dir='ltr'>πρεσϐύτεροι</span> <span class='ocrx_word' id='word_1_169' title='bbox 815 2417 1111 2470; x_wconf 86' lang='grc' dir='ltr'>ἐπίσκοπον</span> <span class='ocrx_word' id='word_1_170' title='bbox 1135 2417 1572 2488; x_wconf 88' lang='grc' dir='ltr'>ἐχειροτόνησαν.</span> <span class='ocrx_word' id='word_1_171' title='bbox 1594 2417 1704 2470; x_wconf 77' lang='grc' dir='ltr'>Καὶ</span> 
     </span>
    </p>
   </div>
   <div class='ocr_carea' id='block_1_24' title="bbox 120 2506 1704 2580">
    <p class='ocr_par' dir='ltr' id='par_1_24' title="bbox 120 2506 1704 2580">
     <span class='ocr_line' id='line_1_24' title="bbox 120 2506 1704 2580; baseline -0.001 -19"><span class='ocrx_word' id='word_1_172' title='bbox 120 2509 282 2561; x_wconf 87' lang='grc' dir='ltr'>πάλιν</span> <span class='ocrx_word' id='word_1_173' title='bbox 316 2508 454 2579; x_wconf 82' lang='grc' dir='ltr'>πρὸς</span> <span class='ocrx_word' id='word_1_174' title='bbox 483 2508 641 2562; x_wconf 88' lang='grc' dir='ltr'>Τίτον</span> <span class='ocrx_word' id='word_1_175' title='bbox 671 2507 900 2580; x_wconf 84' lang='grc' dir='ltr'>γράφων</span> <span class='ocrx_word' id='word_1_176' title='bbox 929 2508 1062 2578; x_wconf 87' lang='grc' dir='ltr'>φησί</span> <span class='ocrx_word' id='word_1_177' title='bbox 1087 2523 1101 2538; x_wconf 82' lang='lat'><strong><em>°</em></strong></span> <span class='ocrx_word' id='word_1_178' title='bbox 1124 2507 1346 2562; x_wconf 81' lang='grc' dir='ltr'>Τούτου</span> <span class='ocrx_word' id='word_1_179' title='bbox 1367 2506 1546 2577; x_wconf 80' lang='grc' dir='ltr'>χάριν</span> <span class='ocrx_word' id='word_1_180' title='bbox 1565 2523 1704 2561; x_wconf 80' lang='grc' dir='ltr'>κατ-</span> 
     </span>
    </p>
   </div>
   <div class='ocr_carea' id='block_1_25' title="bbox 118 2598 1704 2668">
    <p class='ocr_par' dir='ltr' id='par_1_25' title="bbox 118 2598 1704 2668">
     <span class='ocr_line' id='line_1_25' title="bbox 118 2598 1704 2668; baseline -0.001 -15"><span class='ocrx_word' id='word_1_181' title='bbox 118 2601 336 2654; x_wconf 73' lang='grc' dir='ltr'>ἐλιπόν</span> <span class='ocrx_word' id='word_1_182' title='bbox 357 2615 432 2653; x_wconf 91' lang='grc' dir='ltr'>σε</span> <span class='ocrx_word' id='word_1_183' title='bbox 457 2600 527 2654; x_wconf 79' lang='grc' dir='ltr'>ἐν</span> <span class='ocrx_word' id='word_1_184' title='bbox 551 2599 773 2668; x_wconf 77' lang='grc' dir='ltr'>Κρήτῃ,</span> <span class='ocrx_word' id='word_1_185' title='bbox 794 2600 897 2654; x_wconf 82' lang='grc' dir='ltr'>ἵνα</span> <span class='ocrx_word' id='word_1_186' title='bbox 925 2598 1320 2667; x_wconf 76' lang='grc' dir='ltr'>καταστήσῃς</span> <span class='ocrx_word' id='word_1_187' title='bbox 1348 2599 1498 2653; x_wconf 80' lang='grc' dir='ltr'>κατὰ</span> <span class='ocrx_word' id='word_1_188' title='bbox 1522 2601 1704 2653; x_wconf 67' lang='grc' dir='ltr'>πόλιν</span> 
     </span>
    </p>
   </div>
   <div class='ocr_carea' id='block_1_26' title="bbox 117 2687 1704 2760">
    <p class='ocr_par' dir='ltr' id='par_1_26' title="bbox 117 2687 1704 2760">
     <span class='ocr_line' id='line_1_26' title="bbox 117 2687 1704 2760; baseline -0.001 -16"><span class='ocrx_word' id='word_1_189' title='bbox 117 2691 596 2760; x_wconf 77' lang='grc' dir='ltr'>πρεσϐυτέρους,</span> <span class='ocrx_word' id='word_1_190' title='bbox 633 2691 715 2757; x_wconf 88' lang='grc' dir='ltr'>ὡς</span> <span class='ocrx_word' id='word_1_191' title='bbox 758 2691 872 2759; x_wconf 72' lang='grc' dir='ltr'>ἐγώ</span> <span class='ocrx_word' id='word_1_192' title='bbox 912 2706 1012 2745; x_wconf 91' lang='grc' dir='ltr'>σοι</span> <span class='ocrx_word' id='word_1_193' title='bbox 1057 2687 1454 2758; x_wconf 76' lang='grc' dir='ltr'>διεταξάμην·</span> <span class='ocrx_word' id='word_1_194' title='bbox 1507 2689 1566 2743; x_wconf 80' lang='grc' dir='ltr'>ετ</span> <span class='ocrx_word' id='word_1_195' title='bbox 1613 2707 1704 2756; x_wconf 88' lang='grc' dir='ltr'>τις</span> 
     </span>
    </p>
   </div>
   <div class='ocr_carea' id='block_1_27' title="bbox 114 2781 1704 2854">
    <p class='ocr_par' dir='ltr' id='par_1_27' title="bbox 114 2781 1704 2854">
     <span class='ocr_line' id='line_1_27' title="bbox 114 2781 1704 2854; baseline -0.002 -16"><span class='ocrx_word' id='word_1_196' title='bbox 114 2784 515 2854; x_wconf 74' lang='grc' dir='ltr'>ἀνέγκλητος,</span> <span class='ocrx_word' id='word_1_197' title='bbox 543 2782 682 2853; x_wconf 83' lang='grc' dir='ltr'>μιᾶς</span> <span class='ocrx_word' id='word_1_198' title='bbox 709 2784 990 2853; x_wconf 81' lang='grc' dir='ltr'>γυναικὸς</span> <span class='ocrx_word' id='word_1_199' title='bbox 1011 2782 1196 2852; x_wconf 81' lang='grc' dir='ltr'>ἀνήρ·</span> <span class='ocrx_word' id='word_1_200' title='bbox 1234 2782 1271 2836; x_wconf 80' lang='grc' dir='ltr'>ἃ</span> <span class='ocrx_word' id='word_1_201' title='bbox 1306 2782 1438 2853; x_wconf 74' lang='grc' dir='ltr'>περὶ</span> <span class='ocrx_word' id='word_1_202' title='bbox 1467 2781 1560 2836; x_wconf 88' lang='grc' dir='ltr'>τοῦ</span> <span class='ocrx_word' id='word_1_203' title='bbox 1585 2783 1704 2835; x_wconf 88' lang='grc' dir='ltr'>ἐπι-</span> 
     </span>
    </p>
   </div>
   <div class='ocr_carea' id='block_1_28' title="bbox 118 2877 1711 2953">
    <p class='ocr_par' dir='ltr' id='par_1_28' title="bbox 118 2877 1711 2953">
     <span class='ocr_line' id='line_1_28' title="bbox 118 2877 1711 2953; baseline -0.002 -19"><span class='ocrx_word' id='word_1_204' title='bbox 118 2881 323 2935; x_wconf 87' lang='grc' dir='ltr'>σκόπου</span> <span class='ocrx_word' id='word_1_205' title='bbox 354 2880 507 2953; x_wconf 80' lang='grc' dir='ltr'>φησί.</span> <span class='ocrx_word' id='word_1_206' title='bbox 531 2881 641 2933; x_wconf 71' lang='grc' dir='ltr'>Καὶ</span> <span class='ocrx_word' id='word_1_207' title='bbox 662 2878 831 2934; x_wconf 71' lang='grc' dir='ltr'>εἰπὼν</span> <span class='ocrx_word' id='word_1_208' title='bbox 854 2877 1049 2944; x_wconf 90' lang='grc' dir='ltr'>ταῦτα,</span> <span class='ocrx_word' id='word_1_209' title='bbox 1075 2879 1279 2943; x_wconf 87' lang='grc' dir='ltr'>εὐθέως</span> <span class='ocrx_word' id='word_1_210' title='bbox 1299 2879 1584 2951; x_wconf 84' lang='grc' dir='ltr'>ἐπήγαγε·</span> <span class='ocrx_word' id='word_1_211' title='bbox 1605 2877 1711 2932; x_wconf 85' lang='grc' dir='ltr'>Δεῖ</span> 
     </span>
    </p>
   </div>
   <div class='ocr_carea' id='block_1_29' title="bbox 114 2969 1702 3041">
    <p class='ocr_par' dir='ltr' id='par_1_29' title="bbox 114 2969 1702 3041">
     <span class='ocr_line' id='line_1_29' title="bbox 114 2969 1702 3041; baseline -0.001 -16"><span class='ocrx_word' id='word_1_212' title='bbox 114 2973 222 3041; x_wconf 83' lang='grc' dir='ltr'>γὰρ</span> <span class='ocrx_word' id='word_1_213' title='bbox 264 2973 386 3027; x_wconf 75' lang='grc' dir='ltr'>τὸν</span> <span class='ocrx_word' id='word_1_214' title='bbox 420 2973 759 3027; x_wconf 84' lang='grc' dir='ltr'>ἐπίσκοπον</span> <span class='ocrx_word' id='word_1_215' title='bbox 799 2971 1176 3041; x_wconf 73' lang='grc' dir='ltr'>ἀνέγκλητον</span> <span class='ocrx_word' id='word_1_216' title='bbox 1216 2971 1390 3035; x_wconf 83' lang='grc' dir='ltr'>εἶναι,</span> <span class='ocrx_word' id='word_1_217' title='bbox 1418 2972 1500 3036; x_wconf 87' lang='grc' dir='ltr'>ὡς</span> <span class='ocrx_word' id='word_1_218' title='bbox 1549 2969 1702 3026; x_wconf 81' lang='grc' dir='ltr'>Θεοῦ</span> 
     </span>
    </p>
   </div>
   <div class='ocr_carea' id='block_1_30' title="bbox 115 3058 1702 3135">
    <p class='ocr_par' dir='ltr' id='par_1_30' title="bbox 115 3058 1702 3135">
     <span class='ocr_line' id='line_1_30' title="bbox 115 3058 1702 3135; baseline -0.004 -15"><span class='ocrx_word' id='word_1_219' title='bbox 115 3067 459 3135; x_wconf 72' lang='grc' dir='ltr'>οἰκονόμον,</span> <span class='ocrx_word' id='word_1_220' title='bbox 506 3063 592 3135; x_wconf 82' lang='grc' dir='ltr'>μὴ</span> <span class='ocrx_word' id='word_1_221' title='bbox 641 3061 896 3133; x_wconf 82' lang='grc' dir='ltr'>αὐθάδη.</span> <span class='ocrx_word' id='word_1_222' title='bbox 923 3065 1100 3135; x_wconf 83' lang='grc' dir='ltr'>Ὅπερ</span> <span class='ocrx_word' id='word_1_223' title='bbox 1154 3058 1249 3117; x_wconf 78' lang='grc' dir='ltr'>οῦν</span> <span class='ocrx_word' id='word_1_224' title='bbox 1298 3063 1458 3133; x_wconf 81' lang='grc' dir='ltr'>ἔφην,</span> <span class='ocrx_word' id='word_1_225' title='bbox 1501 3062 1594 3116; x_wconf 76' lang='grc' dir='ltr'>καὶ</span> <span class='ocrx_word' id='word_1_226' title='bbox 1651 3062 1702 3114; x_wconf 79' lang='grc' dir='ltr'>οἱ</span> 
     </span>
    </p>
   </div>
   <div class='ocr_carea' id='block_1_31' title="bbox 113 3154 1700 3229">
    <p class='ocr_par' dir='ltr' id='par_1_31' title="bbox 113 3154 1700 3229">
     <span class='ocr_line' id='line_1_31' title="bbox 113 3154 1700 3229; baseline -0.001 -20"><span class='ocrx_word' id='word_1_227' title='bbox 113 3157 482 3229; x_wconf 83' lang='grc' dir='ltr'>πρεσϐύτεροι</span> <span class='ocrx_word' id='word_1_228' title='bbox 531 3157 591 3210; x_wconf 82' lang='grc' dir='ltr'>τὸ</span> <span class='ocrx_word' id='word_1_229' title='bbox 640 3156 870 3210; x_wconf 82' lang='grc' dir='ltr'>παλαιὸν</span> <span class='ocrx_word' id='word_1_230' title='bbox 926 3154 1216 3210; x_wconf 73' lang='grc' dir='ltr'>ἐκαλοῦντο</span> <span class='ocrx_word' id='word_1_231' title='bbox 1267 3156 1555 3209; x_wconf 89' lang='grc' dir='ltr'>ἐπίσκοποι</span> <span class='ocrx_word' id='word_1_232' title='bbox 1606 3154 1700 3209; x_wconf 76' lang='grc' dir='ltr'>καὶ</span> 
     </span>
    </p>
   </div>
   <div class='ocr_carea' id='block_1_32' title="bbox 113 3246 1698 3321">
    <p class='ocr_par' dir='ltr' id='par_1_32' title="bbox 113 3246 1698 3321">
     <span class='ocr_line' id='line_1_32' title="bbox 113 3246 1698 3321; baseline -0.002 -19"><span class='ocrx_word' id='word_1_233' title='bbox 113 3251 364 3304; x_wconf 76' lang='grc' dir='ltr'>διάκονοι</span> <span class='ocrx_word' id='word_1_234' title='bbox 390 3249 481 3304; x_wconf 88' lang='grc' dir='ltr'>τοῦ</span> <span class='ocrx_word' id='word_1_235' title='bbox 515 3248 776 3320; x_wconf 78' lang='grc' dir='ltr'>Χριστοῦ,</span> <span class='ocrx_word' id='word_1_236' title='bbox 801 3249 895 3303; x_wconf 75' lang='grc' dir='ltr'>καὶ</span> <span class='ocrx_word' id='word_1_237' title='bbox 917 3251 964 3302; x_wconf 86' lang='grc' dir='ltr'>οἱ</span> <span class='ocrx_word' id='word_1_238' title='bbox 995 3249 1282 3302; x_wconf 83' lang='grc' dir='ltr'>ἐπίσκοποι</span> <span class='ocrx_word' id='word_1_239' title='bbox 1312 3246 1698 3321; x_wconf 67' lang='grc' dir='ltr'>πρεσϐύτερον</span> 
     </span>
    </p>
   </div>
   <div class='ocr_carea' id='block_1_33' title="bbox 112 3340 1701 3413">
    <p class='ocr_par' dir='ltr' id='par_1_33' title="bbox 112 3340 1701 3413">
     <span class='ocr_line' id='line_1_33' title="bbox 112 3340 1701 3413; baseline -0.003 -17"><span class='ocrx_word' id='word_1_240' title='bbox 112 3341 240 3396; x_wconf 85' lang='grc' dir='ltr'>ὅθεν</span> <span class='ocrx_word' id='word_1_241' title='bbox 275 3343 377 3396; x_wconf 70' lang='grc' dir='ltr'>καὶ</span> <span class='ocrx_word' id='word_1_242' title='bbox 400 3342 490 3395; x_wconf 84' lang='grc' dir='ltr'>νῦν</span> <span class='ocrx_word' id='word_1_243' title='bbox 518 3341 702 3395; x_wconf 71' lang='grc' dir='ltr'>πολλοὶ</span> <span class='ocrx_word' id='word_1_244' title='bbox 743 3340 1214 3413; x_wconf 83' lang='grc' dir='ltr'>συμπρεσϐυτέρῳ</span> <span class='ocrx_word' id='word_1_245' title='bbox 1243 3341 1532 3394; x_wconf 87' lang='grc' dir='ltr'>ἐπίσκοποι</span> <span class='ocrx_word' id='word_1_246' title='bbox 1566 3340 1701 3410; x_wconf 72' lang='grc' dir='ltr'>γράο</span> 
     </span>
    </p>
   </div>
   <div class='ocr_carea' id='block_1_34' title="bbox 109 3429 1696 3502">
    <p class='ocr_par' dir='ltr' id='par_1_34' title="bbox 109 3429 1696 3502">
     <span class='ocr_line' id='line_1_34' title="bbox 109 3429 1696 3502; baseline -0.004 -14"><span class='ocrx_word' id='word_1_247' title='bbox 109 3451 300 3501; x_wconf 81' lang='grc' dir='ltr'>φουσι,</span> <span class='ocrx_word' id='word_1_248' title='bbox 344 3436 435 3487; x_wconf 80' lang='grc' dir='ltr'>καὶ</span> <span class='ocrx_word' id='word_1_249' title='bbox 464 3432 811 3502; x_wconf 84' lang='grc' dir='ltr'>συνδιακόνῳ.</span> <span class='ocrx_word' id='word_1_250' title='bbox 841 3431 1040 3484; x_wconf 85' lang='grc' dir='ltr'>Λοιπὸν</span> <span class='ocrx_word' id='word_1_251' title='bbox 1067 3432 1124 3485; x_wconf 80' lang='grc' dir='ltr'>δὲ</span> <span class='ocrx_word' id='word_1_252' title='bbox 1159 3431 1220 3484; x_wconf 82' lang='grc' dir='ltr'>τὸ</span> <span class='ocrx_word' id='word_1_253' title='bbox 1253 3429 1451 3494; x_wconf 71' lang='grc' dir='ltr'>ἰδιάζον</span> <span class='ocrx_word' id='word_1_254' title='bbox 1479 3431 1696 3498; x_wconf 86' lang='grc' dir='ltr'>ἐκάστῳ</span> 
     </span>
    </p>
   </div>
   <div class='ocr_carea' id='block_1_35' title="bbox 110 3522 1701 3596">
    <p class='ocr_par' dir='ltr' id='par_1_35' title="bbox 110 3522 1701 3596">
     <span class='ocr_line' id='line_1_35' title="bbox 110 3522 1701 3596; baseline -0.003 -17"><span class='ocrx_word' id='word_1_255' title='bbox 110 3525 523 3596; x_wconf 86' lang='grc' dir='ltr'>ἀπονενέμηται</span> <span class='ocrx_word' id='word_1_256' title='bbox 553 3525 742 3593; x_wconf 77' lang='grc' dir='ltr'>δνομα,</span> <span class='ocrx_word' id='word_1_257' title='bbox 772 3525 800 3578; x_wconf 89' lang='grc' dir='ltr'>ό</span> <span class='ocrx_word' id='word_1_258' title='bbox 826 3523 1146 3587; x_wconf 75' lang='grc' dir='ltr'>ἐπίσκοπος,</span> <span class='ocrx_word' id='word_1_259' title='bbox 1178 3525 1273 3577; x_wconf 77' lang='grc' dir='ltr'>καὶ</span> <span class='ocrx_word' id='word_1_260' title='bbox 1323 3526 1361 3590; x_wconf 34' lang='grc' dir='ltr'>ὁ,</span> <span class='ocrx_word' id='word_1_261' title='bbox 1405 3522 1701 3592; x_wconf 84' lang='grc' dir='ltr'>πρεσϐύτε-</span> 
     </span>
    </p>
   </div>
   <div class='ocr_carea' id='block_1_36' title="bbox 113 3611 1702 3690">
    <p class='ocr_par' dir='ltr' id='par_1_36' title="bbox 113 3611 1702 3690">
     <span class='ocr_line' id='line_1_36' title="bbox 113 3611 1702 3690; baseline -0.005 -17"><span class='ocrx_word' id='word_1_262' title='bbox 113 3637 224 3690; x_wconf 85' lang='grc' dir='ltr'>ρος.</span> <span class='ocrx_word' id='word_1_263' title='bbox 272 3618 780 3682; x_wconf 82' lang='grc' dir='ltr'>Συνεπισκόποις,</span> <span class='ocrx_word' id='word_1_264' title='bbox 823 3617 978 3687; x_wconf 73' lang='grc' dir='ltr'>φησὶ,</span> <span class='ocrx_word' id='word_1_265' title='bbox 1028 3615 1126 3669; x_wconf 73' lang='grc' dir='ltr'>καὶ</span> <span class='ocrx_word' id='word_1_266' title='bbox 1166 3615 1486 3679; x_wconf 80' lang='grc' dir='ltr'>διακόνοις,</span> <span class='ocrx_word' id='word_1_267' title='bbox 1532 3611 1702 3682; x_wconf 85' lang='grc' dir='ltr'>χάρις</span> 
     </span>
    </p>
   </div>
   <div class='ocr_carea' id='block_1_37' title="bbox 109 3704 1701 3780">
    <p class='ocr_par' dir='ltr' id='par_1_37' title="bbox 109 3704 1701 3780">
     <span class='ocr_line' id='line_1_37' title="bbox 109 3704 1701 3780; baseline -0.004 -15"><span class='ocrx_word' id='word_1_268' title='bbox 109 3712 252 3780; x_wconf 81' lang='grc' dir='ltr'>ὑμῖν</span> <span class='ocrx_word' id='word_1_269' title='bbox 285 3710 389 3764; x_wconf 76' lang='grc' dir='ltr'>καὶ</span> <span class='ocrx_word' id='word_1_270' title='bbox 414 3709 620 3777; x_wconf 78' lang='grc' dir='ltr'>είρήνη</span> <span class='ocrx_word' id='word_1_271' title='bbox 649 3709 768 3762; x_wconf 84' lang='grc' dir='ltr'>ἀπὸ</span> <span class='ocrx_word' id='word_1_272' title='bbox 805 3707 954 3763; x_wconf 87' lang='grc' dir='ltr'>Θεοῦ</span> <span class='ocrx_word' id='word_1_273' title='bbox 989 3707 1218 3776; x_wconf 76' lang='grc' dir='ltr'>Πατρός</span> <span class='ocrx_word' id='word_1_274' title='bbox 1249 3705 1419 3773; x_wconf 77' lang='grc' dir='ltr'>ἡμῶν</span> <span class='ocrx_word' id='word_1_275' title='bbox 1448 3704 1545 3758; x_wconf 77' lang='grc' dir='ltr'>καὶ</span> <span class='ocrx_word' id='word_1_276' title='bbox 1583 3708 1701 3758; x_wconf 86' lang='grc' dir='ltr'>Κυ-</span> 
     </span>
    </p>
   </div>
   <div class='ocr_carea' id='block_1_38' title="bbox 101 3795 1704 3871">
    <p class='ocr_par' dir='ltr' id='par_1_38' title="bbox 101 3795 1704 3871">
     <span class='ocr_line' id='line_1_38' title="bbox 101 3795 1704 3871; baseline -0.007 -13"><span class='ocrx_word' id='word_1_277' title='bbox 101 3807 240 3871; x_wconf 79' lang='grc' dir='ltr'>ρίου</span> <span class='ocrx_word' id='word_1_278' title='bbox 275 3802 490 3870; x_wconf 85' lang='grc' dir='ltr'>Ἰησοῦ</span> <span class='ocrx_word' id='word_1_279' title='bbox 539 3801 818 3870; x_wconf 84' lang='grc' dir='ltr'>Χριστοῦ.</span> <span class='ocrx_word' id='word_1_280' title='bbox 850 3799 1114 3853; x_wconf 85' lang='grc' dir='ltr'>Ἐνταῦθα</span> <span class='ocrx_word' id='word_1_281' title='bbox 1168 3798 1455 3868; x_wconf 79' lang='grc' dir='ltr'>ζητήσειεν</span> <span class='ocrx_word' id='word_1_282' title='bbox 1504 3795 1569 3849; x_wconf 83' lang='grc' dir='ltr'>ἄν</span> <span class='ocrx_word' id='word_1_283' title='bbox 1620 3813 1704 3859; x_wconf 87' lang='grc' dir='ltr'>τις</span> 
     </span>
    </p>
   </div>
   <div class='ocr_carea' id='block_1_39' title="bbox 110 3889 1706 3964">
    <p class='ocr_par' dir='ltr' id='par_1_39' title="bbox 110 3889 1706 3964">
     <span class='ocr_line' id='line_1_39' title="bbox 110 3889 1706 3964; baseline -0.003 -17"><span class='ocrx_word' id='word_1_284' title='bbox 110 3897 364 3959; x_wconf 79' lang='grc' dir='ltr'>εἰκότωςο</span> <span class='ocrx_word' id='word_1_285' title='bbox 396 3895 463 3947; x_wconf 89' lang='grc' dir='ltr'>Τί</span> <span class='ocrx_word' id='word_1_286' title='bbox 491 3895 685 3964; x_wconf 84' lang='grc' dir='ltr'>δήποτε</span> <span class='ocrx_word' id='word_1_287' title='bbox 713 3890 950 3962; x_wconf 75' lang='grc' dir='ltr'>οὐδαμοῦ</span> <span class='ocrx_word' id='word_1_288' title='bbox 980 3889 1058 3960; x_wconf 84' lang='grc' dir='ltr'>τῷ</span> <span class='ocrx_word' id='word_1_289' title='bbox 1081 3889 1267 3960; x_wconf 81' lang='grc' dir='ltr'>κλήρῳ</span> <span class='ocrx_word' id='word_1_290' title='bbox 1290 3889 1514 3961; x_wconf 83' lang='grc' dir='ltr'>γράφων</span> <span class='ocrx_word' id='word_1_291' title='bbox 1544 3889 1706 3942; x_wconf 82' lang='grc' dir='ltr'>ἀλλα-</span> 
     </span>
    </p>
   </div>
   <div class='ocr_carea' id='block_1_40' title="bbox 107 3980 1698 4057">
    <p class='ocr_par' dir='ltr' id='par_1_40' title="bbox 107 3980 1698 4057">
     <span class='ocr_line' id='line_1_40' title="bbox 107 3980 1698 4057; baseline -0.006 -17"><span class='ocrx_word' id='word_1_292' title='bbox 107 3987 230 4057; x_wconf 83' lang='grc' dir='ltr'>χοῦ,</span> <span class='ocrx_word' id='word_1_293' title='bbox 264 3987 375 4039; x_wconf 69' lang='grc' dir='ltr'>οὐκ</span> <span class='ocrx_word' id='word_1_294' title='bbox 399 3987 458 4038; x_wconf 88' lang='grc' dir='ltr'>ἐν</span> <span class='ocrx_word' id='word_1_295' title='bbox 487 3983 696 4054; x_wconf 81' lang='grc' dir='ltr'>Ῥώμῃ,</span> <span class='ocrx_word' id='word_1_296' title='bbox 721 3983 821 4036; x_wconf 84' lang='grc' dir='ltr'>οὐκ</span> <span class='ocrx_word' id='word_1_297' title='bbox 855 3983 912 4034; x_wconf 87' lang='grc' dir='ltr'>ἐν</span> <span class='ocrx_word' id='word_1_298' title='bbox 951 3980 1223 4050; x_wconf 83' lang='grc' dir='ltr'>Κορίνθῳ,</span> <span class='ocrx_word' id='word_1_299' title='bbox 1245 3980 1345 4033; x_wconf 83' lang='grc' dir='ltr'>ούκ</span> <span class='ocrx_word' id='word_1_300' title='bbox 1375 3981 1432 4032; x_wconf 82' lang='grc' dir='ltr'>ἐν</span> <span class='ocrx_word' id='word_1_301' title='bbox 1467 3980 1698 4051; x_wconf 82' lang='grc' dir='ltr'>Ἐφέσῳ,</span> 
     </span>
    </p>
   </div>
   <div class='ocr_carea' id='block_1_41' title="bbox 109 4071 1704 4147">
    <p class='ocr_par' dir='ltr' id='par_1_41' title="bbox 109 4071 1704 4147">
     <span class='ocr_line' id='line_1_41' title="bbox 109 4071 1704 4147; baseline -0.006 -15"><span class='ocrx_word' id='word_1_302' title='bbox 109 4079 245 4132; x_wconf 84' lang='grc' dir='ltr'>ἀλλά</span> <span class='ocrx_word' id='word_1_303' title='bbox 279 4079 442 4147; x_wconf 85' lang='grc' dir='ltr'>κοινῇ</span> <span class='ocrx_word' id='word_1_304' title='bbox 488 4077 620 4128; x_wconf 77' lang='grc' dir='ltr'>πᾶσι</span> <span class='ocrx_word' id='word_1_305' title='bbox 651 4077 760 4138; x_wconf 87' lang='grc' dir='ltr'>τοῖς</span> <span class='ocrx_word' id='word_1_306' title='bbox 801 4073 997 4142; x_wconf 83' lang='grc' dir='ltr'>ἁγίοις,</span> <span class='ocrx_word' id='word_1_307' title='bbox 1033 4071 1067 4142; x_wconf 80' lang='grc' dir='ltr'>ἢ</span> <span class='ocrx_word' id='word_1_308' title='bbox 1098 4073 1211 4134; x_wconf 89' lang='grc' dir='ltr'>τοῖς</span> <span class='ocrx_word' id='word_1_309' title='bbox 1257 4073 1491 4135; x_wconf 84' lang='grc' dir='ltr'>πιστοῖς,</span> <span class='ocrx_word' id='word_1_310' title='bbox 1523 4071 1556 4142; x_wconf 79' lang='grc' dir='ltr'><strong>ἢ</strong></span> <span class='ocrx_word' id='word_1_311' title='bbox 1591 4073 1704 4134; x_wconf 84' lang='grc' dir='ltr'>τοῖς</span> 
     </span>
    </p>
   </div>
   <div class='ocr_carea' id='block_1_42' title="bbox 109 4164 1702 4241">
    <p class='ocr_par' dir='ltr' id='par_1_42' title="bbox 109 4164 1702 4241">
     <span class='ocr_line' id='line_1_42' title="bbox 109 4164 1702 4241; baseline -0.005 -16"><span class='ocrx_word' id='word_1_312' title='bbox 109 4170 518 4241; x_wconf 65' lang='grc' dir='ltr'>ἠγαπημένοις,</span> <span class='ocrx_word' id='word_1_313' title='bbox 544 4166 774 4221; x_wconf 86' lang='grc' dir='ltr'>ἐνταῦθα</span> <span class='ocrx_word' id='word_1_314' title='bbox 802 4166 881 4236; x_wconf 85' lang='grc' dir='ltr'>τῷ</span> <span class='ocrx_word' id='word_1_315' title='bbox 902 4165 1094 4236; x_wconf 80' lang='grc' dir='ltr'>κλήρῳ</span> <span class='ocrx_word' id='word_1_316' title='bbox 1121 4165 1360 4235; x_wconf 75' lang='grc' dir='ltr'>γράφεις</span> <span class='ocrx_word' id='word_1_317' title='bbox 1392 4165 1515 4218; x_wconf 78' lang='grc' dir='ltr'>Ὀτι</span> <span class='ocrx_word' id='word_1_318' title='bbox 1547 4164 1702 4217; x_wconf 67' lang='grc' dir='ltr'>αὐτοὶ</span> 
     </span>
    </p>
   </div>
   <div class='ocr_carea' id='block_1_43' title="bbox 111 4253 1702 4327">
    <p class='ocr_par' dir='ltr' id='par_1_43' title="bbox 111 4253 1702 4327">
     <span class='ocr_line' id='line_1_43' title="bbox 111 4253 1702 4327; baseline -0.005 -14"><span class='ocrx_word' id='word_1_319' title='bbox 111 4262 208 4315; x_wconf 70' lang='grc' dir='ltr'>καὶ</span> <span class='ocrx_word' id='word_1_320' title='bbox 234 4259 595 4319; x_wconf 74' lang='grc' dir='ltr'>ἀπέστειλαν,</span> <span class='ocrx_word' id='word_1_321' title='bbox 619 4256 715 4310; x_wconf 73' lang='grc' dir='ltr'>καὶ</span> <span class='ocrx_word' id='word_1_322' title='bbox 741 4255 1221 4327; x_wconf 83' lang='grc' dir='ltr'>ἐκαρποφόρησαν,</span> <span class='ocrx_word' id='word_1_323' title='bbox 1240 4255 1336 4306; x_wconf 76' lang='grc' dir='ltr'>καὶ</span> <span class='ocrx_word' id='word_1_324' title='bbox 1355 4253 1509 4306; x_wconf 77' lang='grc' dir='ltr'>αὐτοὶ</span> <span class='ocrx_word' id='word_1_325' title='bbox 1532 4253 1628 4306; x_wconf 77' lang='grc' dir='ltr'>ἐπε</span> <span class='ocrx_word' id='word_1_326' title='bbox 1637 4272 1702 4323; x_wconf 88' lang='grc' dir='ltr'>μ-</span> 
     </span>
    </p>
   </div>
   <div class='ocr_carea' id='block_1_44' title="bbox 107 4345 1702 4422">
    <p class='ocr_par' dir='ltr' id='par_1_44' title="bbox 107 4345 1702 4422">
     <span class='ocr_line' id='line_1_44' title="bbox 107 4345 1702 4422; baseline -0.006 -16"><span class='ocrx_word' id='word_1_327' title='bbox 107 4353 219 4422; x_wconf 66' lang='grc' dir='ltr'>ψαν</span> <span class='ocrx_word' id='word_1_328' title='bbox 255 4350 398 4422; x_wconf 77' lang='grc' dir='ltr'>πρὸς</span> <span class='ocrx_word' id='word_1_329' title='bbox 429 4348 591 4404; x_wconf 82' lang='grc' dir='ltr'>αὑτὸν</span> <span class='ocrx_word' id='word_1_330' title='bbox 631 4348 720 4401; x_wconf 72' lang='grc' dir='ltr'>τὸν</span> <span class='ocrx_word' id='word_1_331' title='bbox 761 4346 1170 4416; x_wconf 81' lang='grc' dir='ltr'>Ἐπαφρόδιτον.</span> <span class='ocrx_word' id='word_1_332' title='bbox 1220 4345 1575 4413; x_wconf 78' lang='grc' dir='ltr'>Εὑχαριστῶ</span> <span class='ocrx_word' id='word_1_333' title='bbox 1622 4345 1702 4410; x_wconf 83' lang='grc' dir='ltr'>τῷ</span> 
     </span>
    </p>
   </div>
   <div class='ocr_carea' id='block_1_45' title="bbox 117 4434 1702 4511">
    <p class='ocr_par' dir='ltr' id='par_1_45' title="bbox 117 4434 1702 4511">
     <span class='ocr_line' id='line_1_45' title="bbox 117 4434 1702 4511; baseline -0.006 -14"><span class='ocrx_word' id='word_1_334' title='bbox 117 4443 244 4508; x_wconf 84' lang='grc' dir='ltr'>Θεῷ</span> <span class='ocrx_word' id='word_1_335' title='bbox 273 4459 414 4511; x_wconf 87' lang='grc' dir='ltr'>μου,</span> <span class='ocrx_word' id='word_1_336' title='bbox 449 4442 634 4510; x_wconf 75' lang='grc' dir='ltr'>φησὶν,</span> <span class='ocrx_word' id='word_1_337' title='bbox 658 4439 758 4492; x_wconf 77' lang='grc' dir='ltr'>ἐπὶ</span> <span class='ocrx_word' id='word_1_338' title='bbox 799 4437 966 4504; x_wconf 82' lang='grc' dir='ltr'>πάσῃ</span> <span class='ocrx_word' id='word_1_339' title='bbox 1022 4434 1097 4503; x_wconf 76' lang='grc' dir='ltr'>τῇ</span> <span class='ocrx_word' id='word_1_340' title='bbox 1130 4435 1309 4505; x_wconf 83' lang='grc' dir='ltr'>μνείᾳ</span> <span class='ocrx_word' id='word_1_341' title='bbox 1355 4435 1520 4504; x_wconf 84' lang='grc' dir='ltr'>ὑμῶν</span> <span class='ocrx_word' id='word_1_342' title='bbox 1549 4435 1702 4488; x_wconf 79' lang='grc' dir='ltr'>πάν-</span> 
     </span>
    </p>
   </div>
   <div class='ocr_carea' id='block_1_46' title="bbox 114 4526 1703 4599">
    <p class='ocr_par' dir='ltr' id='par_1_46' title="bbox 114 4526 1703 4599">
     <span class='ocr_line' id='line_1_46' title="bbox 114 4526 1703 4599; baseline -0.006 -12"><span class='ocrx_word' id='word_1_343' title='bbox 114 4549 277 4587; x_wconf 84' lang='grc' dir='ltr'>τοτε.</span> <span class='ocrx_word' id='word_1_344' title='bbox 318 4527 476 4584; x_wconf 80' lang='grc' dir='ltr'>Εἶπεν</span> <span class='ocrx_word' id='word_1_345' title='bbox 505 4528 738 4599; x_wconf 80' lang='grc' dir='ltr'>ἀλλαχοῦ</span> <span class='ocrx_word' id='word_1_346' title='bbox 767 4527 1025 4598; x_wconf 82' lang='grc' dir='ltr'>γράφων·</span> <span class='ocrx_word' id='word_1_347' title='bbox 1063 4527 1348 4581; x_wconf 84' lang='grc' dir='ltr'>Πείθεσθε</span> <span class='ocrx_word' id='word_1_348' title='bbox 1375 4526 1504 4592; x_wconf 89' lang='grc' dir='ltr'>τοῖς</span> <span class='ocrx_word' id='word_1_349' title='bbox 1532 4527 1703 4595; x_wconf 82' lang='grc' dir='ltr'>ἡγου-</span> 
     </span>
    </p>
   </div>
   <div class='ocr_carea' id='block_1_47' title="bbox 103 4617 1704 4691">
    <p class='ocr_par' dir='ltr' id='par_1_47' title="bbox 103 4617 1704 4691">
     <span class='ocr_line' id='line_1_47' title="bbox 103 4617 1704 4691; baseline -0.004 -15"><span class='ocrx_word' id='word_1_350' title='bbox 103 4623 330 4691; x_wconf 79' lang='grc' dir='ltr'>μένοις</span> <span class='ocrx_word' id='word_1_351' title='bbox 359 4621 517 4690; x_wconf 83' lang='grc' dir='ltr'>ὐμῶν</span> <span class='ocrx_word' id='word_1_352' title='bbox 538 4621 637 4675; x_wconf 77' lang='grc' dir='ltr'>καὶ</span> <span class='ocrx_word' id='word_1_353' title='bbox 663 4622 961 4682; x_wconf 81' lang='grc' dir='ltr'>ὑπείκετε,</span> <span class='ocrx_word' id='word_1_354' title='bbox 987 4617 1075 4670; x_wconf 86' lang='grc' dir='ltr'>ὅτι</span> <span class='ocrx_word' id='word_1_355' title='bbox 1093 4617 1262 4671; x_wconf 79' lang='grc' dir='ltr'>αὐτοὶ</span> <span class='ocrx_word' id='word_1_356' title='bbox 1285 4617 1704 4687; x_wconf 84' lang='grc' dir='ltr'>ἀγρυπνοῦσιν</span> 
     </span>
    </p>
   </div>
   <div class='ocr_carea' id='block_1_48' title="bbox 105 4710 1700 4786">
    <p class='ocr_par' dir='ltr' id='par_1_48' title="bbox 105 4710 1700 4786">
     <span class='ocr_line' id='line_1_48' title="bbox 105 4710 1700 4786; baseline -0.004 -15"><span class='ocrx_word' id='word_1_357' title='bbox 105 4717 268 4786; x_wconf 81' lang='grc' dir='ltr'>ὑπὲρ</span> <span class='ocrx_word' id='word_1_358' title='bbox 306 4714 429 4770; x_wconf 87' lang='grc' dir='ltr'>τῶν</span> <span class='ocrx_word' id='word_1_359' title='bbox 469 4715 685 4784; x_wconf 66' lang='grc' dir='ltr'>ψυχῶν</span> <span class='ocrx_word' id='word_1_360' title='bbox 717 4711 905 4781; x_wconf 85' lang='grc' dir='ltr'>ὑμῶν,</span> <span class='ocrx_word' id='word_1_361' title='bbox 936 4712 1016 4776; x_wconf 87' lang='grc' dir='ltr'>ὡς</span> <span class='ocrx_word' id='word_1_362' title='bbox 1048 4711 1234 4780; x_wconf 77' lang='grc' dir='ltr'>λόγον</span> <span class='ocrx_word' id='word_1_363' title='bbox 1263 4710 1700 4775; x_wconf 81' lang='grc' dir='ltr'>ἀποδώσοντες,</span> 
     </span>
    </p>
   </div>
   <div class='ocr_carea' id='block_1_49' title="bbox 104 4802 1704 4880">
    <p class='ocr_par' dir='ltr' id='par_1_49' title="bbox 104 4802 1704 4880">
     <span class='ocr_line' id='line_1_49' title="bbox 104 4802 1704 4880; baseline -0.004 -17"><span class='ocrx_word' id='word_1_364' title='bbox 104 4813 210 4865; x_wconf 81' lang='grc' dir='ltr'>ἵνα</span> <span class='ocrx_word' id='word_1_365' title='bbox 231 4808 398 4880; x_wconf 86' lang='grc' dir='ltr'>μετὰ</span> <span class='ocrx_word' id='word_1_366' title='bbox 431 4807 620 4877; x_wconf 80' lang='grc' dir='ltr'>χαρᾶς</span> <span class='ocrx_word' id='word_1_367' title='bbox 653 4807 829 4861; x_wconf 89' lang='grc' dir='ltr'>τοῦτο</span> <span class='ocrx_word' id='word_1_368' title='bbox 868 4804 1105 4866; x_wconf 86' lang='grc' dir='ltr'>ποιῶσι,</span> <span class='ocrx_word' id='word_1_369' title='bbox 1130 4804 1228 4859; x_wconf 77' lang='grc' dir='ltr'>καὶ</span> <span class='ocrx_word' id='word_1_370' title='bbox 1258 4804 1345 4874; x_wconf 76' lang='grc' dir='ltr'>μὴ</span> <span class='ocrx_word' id='word_1_371' title='bbox 1385 4802 1704 4864; x_wconf 76' lang='grc' dir='ltr'>στενάζον-</span> 
     </span>
    </p>
   </div>
   <div class='ocr_carea' id='block_1_50' title="bbox 104 4897 1700 4971">
    <p class='ocr_par' dir='ltr' id='par_1_50' title="bbox 104 4897 1700 4971">
     <span class='ocr_line' id='line_1_50' title="bbox 104 4897 1700 4971; baseline -0.004 -15"><span class='ocrx_word' id='word_1_372' title='bbox 104 4922 227 4971; x_wconf 82' lang='grc' dir='ltr'>τες.</span> <span class='ocrx_word' id='word_1_373' title='bbox 263 4905 334 4957; x_wconf 72' lang='grc' dir='ltr'>Εἰ</span> <span class='ocrx_word' id='word_1_374' title='bbox 368 4902 549 4955; x_wconf 77' lang='grc' dir='ltr'>τοίνυν</span> <span class='ocrx_word' id='word_1_375' title='bbox 595 4901 656 4954; x_wconf 80' lang='grc' dir='ltr'>τὸ</span> <span class='ocrx_word' id='word_1_376' title='bbox 701 4899 1000 4963; x_wconf 78' lang='grc' dir='ltr'>στενάζειν,</span> <span class='ocrx_word' id='word_1_377' title='bbox 1037 4898 1237 4962; x_wconf 82' lang='grc' dir='ltr'>κακίας</span> <span class='ocrx_word' id='word_1_378' title='bbox 1279 4897 1386 4951; x_wconf 88' lang='grc' dir='ltr'>τῶν</span> <span class='ocrx_word' id='word_1_379' title='bbox 1417 4897 1700 4966; x_wconf 83' lang='grc' dir='ltr'>μαθητῶν,</span> 
     </span>
    </p>
   </div>
   <div class='ocr_carea' id='block_1_51' title="bbox 102 4985 1704 5066">
    <p class='ocr_par' dir='ltr' id='par_1_51' title="bbox 102 4985 1704 5066">
     <span class='ocr_line' id='line_1_51' title="bbox 102 4985 1704 5066; baseline -0.004 -19"><span class='ocrx_word' id='word_1_380' title='bbox 102 4997 165 5050; x_wconf 76' lang='grc' dir='ltr'>τὸ</span> <span class='ocrx_word' id='word_1_381' title='bbox 219 4993 378 5066; x_wconf 86' lang='grc' dir='ltr'>μετά</span> <span class='ocrx_word' id='word_1_382' title='bbox 424 4995 597 5064; x_wconf 77' lang='grc' dir='ltr'>χαρᾶς</span> <span class='ocrx_word' id='word_1_383' title='bbox 646 4991 802 5046; x_wconf 89' lang='grc' dir='ltr'>τοῦτο</span> <span class='ocrx_word' id='word_1_384' title='bbox 853 4994 1047 5054; x_wconf 86' lang='grc' dir='ltr'>ποιεῖν,</span> <span class='ocrx_word' id='word_1_385' title='bbox 1075 4990 1379 5061; x_wconf 81' lang='grc' dir='ltr'>προκοπῆς.</span> <span class='ocrx_word' id='word_1_386' title='bbox 1407 4989 1579 5041; x_wconf 89' lang='grc' dir='ltr'>Τοῦτο</span> <span class='ocrx_word' id='word_1_387' title='bbox 1610 4985 1704 5042; x_wconf 78' lang='grc' dir='ltr'>οὖν</span> 
     </span>
    </p>
   </div>
   <div class='ocr_carea' id='block_1_52' title="bbox 104 5081 1703 5155">
    <p class='ocr_par' dir='ltr' id='par_1_52' title="bbox 104 5081 1703 5155">
     <span class='ocr_line' id='line_1_52' title="bbox 104 5081 1703 5155; baseline -0.006 -12"><span class='ocrx_word' id='word_1_388' title='bbox 104 5093 278 5152; x_wconf 72' lang='grc' dir='ltr'>ἐστιν,</span> <span class='ocrx_word' id='word_1_389' title='bbox 300 5089 332 5142; x_wconf 84' lang='grc' dir='ltr'><strong>ὃ</strong></span> <span class='ocrx_word' id='word_1_390' title='bbox 357 5087 508 5155; x_wconf 89' lang='grc' dir='ltr'>λέγει</span> <span class='ocrx_word' id='word_1_391' title='bbox 526 5103 539 5116; x_wconf 80' lang='grc'><strong>’</strong></span> <span class='ocrx_word' id='word_1_392' title='bbox 576 5085 798 5148; x_wconf 83' lang='grc' dir='ltr'>Ὁσάκις</span> <span class='ocrx_word' id='word_1_393' title='bbox 828 5084 981 5155; x_wconf 82' lang='grc' dir='ltr'>ὑμῶν</span> <span class='ocrx_word' id='word_1_394' title='bbox 1007 5082 1358 5153; x_wconf 82' lang='grc' dir='ltr'>ἀναμνησθῶ,</span> <span class='ocrx_word' id='word_1_395' title='bbox 1378 5081 1586 5147; x_wconf 82' lang='grc' dir='ltr'>δοξάζω</span> <span class='ocrx_word' id='word_1_396' title='bbox 1611 5081 1703 5134; x_wconf 82' lang='grc' dir='ltr'>τὸν</span> 
     </span>
    </p>
   </div>
   <div class='ocr_carea' id='block_1_53' title="bbox 103 5174 1702 5237">
    <p class='ocr_par' dir='ltr' id='par_1_53' title="bbox 103 5174 1702 5237">
     <span class='ocr_line' id='line_1_53' title="bbox 103 5174 1702 5237; baseline -0.004 -5"><span class='ocrx_word' id='word_1_397' title='bbox 103 5181 262 5235; x_wconf 83' lang='grc' dir='ltr'>Θεόν.</span> <span class='ocrx_word' id='word_1_398' title='bbox 295 5179 478 5233; x_wconf 90' lang='grc' dir='ltr'>Τοῦτο</span> <span class='ocrx_word' id='word_1_399' title='bbox 502 5179 558 5232; x_wconf 90' lang='grc' dir='ltr'>δέ</span> <span class='ocrx_word' id='word_1_400' title='bbox 590 5179 734 5230; x_wconf 87' lang='grc' dir='ltr'>ποιεῖ</span> <span class='ocrx_word' id='word_1_401' title='bbox 761 5179 826 5230; x_wconf 82' lang='grc' dir='ltr'>ὲκ</span> <span class='ocrx_word' id='word_1_402' title='bbox 867 5175 962 5228; x_wconf 88' lang='grc' dir='ltr'>τοῦ</span> <span class='ocrx_word' id='word_1_403' title='bbox 995 5175 1162 5228; x_wconf 82' lang='grc' dir='ltr'>πολλὰ</span> <span class='ocrx_word' id='word_1_404' title='bbox 1191 5174 1374 5237; x_wconf 88' lang='grc' dir='ltr'>αύτοῖς</span> <span class='ocrx_word' id='word_1_405' title='bbox 1404 5174 1702 5227; x_wconf 79' lang='grc' dir='ltr'>συνειδέναι</span> 
     </span>
    </p>
   </div>
   <div class='ocr_carea' id='block_1_54' title="bbox 102 5266 1702 5340">
    <p class='ocr_par' dir='ltr' id='par_1_54' title="bbox 102 5266 1702 5340">
     <span class='ocr_line' id='line_1_54' title="bbox 102 5266 1702 5340; baseline -0.004 -15"><span class='ocrx_word' id='word_1_406' title='bbox 102 5273 314 5340; x_wconf 85' lang='grc' dir='ltr'>ἀγαθά.</span> <span class='ocrx_word' id='word_1_407' title='bbox 333 5271 451 5326; x_wconf 73' lang='grc' dir='ltr'>Καὶ</span> <span class='ocrx_word' id='word_1_408' title='bbox 475 5269 700 5334; x_wconf 80' lang='grc' dir='ltr'>δοξάζω,</span> <span class='ocrx_word' id='word_1_409' title='bbox 729 5269 881 5337; x_wconf 73' lang='grc' dir='ltr'>φησὶ,</span> <span class='ocrx_word' id='word_1_410' title='bbox 904 5268 999 5320; x_wconf 76' lang='grc' dir='ltr'>καὶ</span> <span class='ocrx_word' id='word_1_411' title='bbox 1021 5267 1235 5336; x_wconf 85' lang='grc' dir='ltr'>δέομαι.</span> <span class='ocrx_word' id='word_1_412' title='bbox 1254 5267 1328 5319; x_wconf 74' lang='grc' dir='ltr'>Οὐ</span> <span class='ocrx_word' id='word_1_413' title='bbox 1363 5268 1494 5337; x_wconf 76' lang='grc' dir='ltr'>μὴν,</span> <span class='ocrx_word' id='word_1_414' title='bbox 1516 5266 1702 5336; x_wconf 77' lang='grc' dir='ltr'>ἐπειδὴ</span> 
     </span>
    </p>
   </div>
   <div class='ocr_carea' id='block_1_55' title="bbox 103 5357 1702 5432">
    <p class='ocr_par' dir='ltr' id='par_1_55' title="bbox 103 5357 1702 5432">
     <span class='ocr_line' id='line_1_55' title="bbox 103 5357 1702 5432; baseline -0.004 -15"><span class='ocrx_word' id='word_1_415' title='bbox 103 5362 488 5417; x_wconf 80' lang='grc' dir='ltr'>ἐπιδεδώκατε</span> <span class='ocrx_word' id='word_1_416' title='bbox 520 5363 598 5424; x_wconf 82' lang='grc' dir='ltr'>εἰς</span> <span class='ocrx_word' id='word_1_417' title='bbox 623 5361 846 5432; x_wconf 82' lang='grc' dir='ltr'>ἀρετὴν,</span> <span class='ocrx_word' id='word_1_418' title='bbox 882 5357 1150 5429; x_wconf 86' lang='grc' dir='ltr'>παύομαι,</span> <span class='ocrx_word' id='word_1_419' title='bbox 1177 5358 1292 5411; x_wconf 84' lang='grc' dir='ltr'>ἀλλ’</span> <span class='ocrx_word' id='word_1_420' title='bbox 1322 5358 1565 5428; x_wconf 81' lang='grc' dir='ltr'>ἐπιμένω</span> <span class='ocrx_word' id='word_1_421' title='bbox 1587 5358 1702 5411; x_wconf 87' lang='grc' dir='ltr'>δεό-</span> 
     </span>
    </p>
   </div>
   <div class='ocr_carea' id='block_1_56' title="bbox 80 5432 1703 5527">
    <p class='ocr_par' dir='ltr' id='par_1_56' title="bbox 80 5432 1703 5527">
     <span class='ocr_line' id='line_1_56' title="bbox 80 5432 1703 5527; baseline -0.005 -17"><span class='ocrx_word' id='word_1_422' title='bbox 80 5432 271 5527; x_wconf 50' lang='grc' dir='ltr'>’μενος</span> <span class='ocrx_word' id='word_1_423' title='bbox 319 5456 470 5524; x_wconf 76' lang='grc' dir='ltr'>ὑπὲρ</span> <span class='ocrx_word' id='word_1_424' title='bbox 520 5454 694 5524; x_wconf 80' lang='grc' dir='ltr'>ὑμῶν.</span> <span class='ocrx_word' id='word_1_425' title='bbox 735 5451 1104 5522; x_wconf 81' lang='grc' dir='ltr'>Εὑχαριστῶ,</span> <span class='ocrx_word' id='word_1_426' title='bbox 1143 5453 1296 5522; x_wconf 74' lang='grc' dir='ltr'>φησὶ,</span> <span class='ocrx_word' id='word_1_427' title='bbox 1328 5451 1409 5517; x_wconf 84' lang='grc' dir='ltr'>τῷ</span> <span class='ocrx_word' id='word_1_428' title='bbox 1448 5450 1567 5516; x_wconf 80' lang='grc' dir='ltr'>Θεῷ</span> <span class='ocrx_word' id='word_1_429' title='bbox 1602 5449 1703 5504; x_wconf 73' lang='grc' dir='ltr'>ἐπὶ</span> 
     </span>
    </p>
   </div>
   <div class='ocr_carea' id='block_1_57' title="bbox 163 5671 1702 5737">
    <p class='ocr_par' dir='ltr' id='par_1_57' title="bbox 163 5671 1702 5737">
     <span class='ocr_line' id='line_1_57' title="bbox 163 5671 1702 5737; baseline -0.002 -9"><span class='ocrx_word' id='word_1_430' title='bbox 163 5680 190 5711; x_wconf 82' lang='grc'>⁸</span> <span class='ocrx_word' id='word_1_431' title='bbox 213 5674 435 5732; x_wconf 85' lang='lat' dir='ltr'>Coislin.</span> <span class='ocrx_word' id='word_1_432' title='bbox 463 5676 561 5724; x_wconf 79' lang='grc' dir='ltr'>ἐκεῖ</span> <span class='ocrx_word' id='word_1_433' title='bbox 583 5677 751 5737; x_wconf 81' lang='grc' dir='ltr'>μένων,</span> <span class='ocrx_word' id='word_1_434' title='bbox 776 5688 887 5736; x_wconf 66' lang='lat' dir='ltr'>quae</span> <span class='ocrx_word' id='word_1_435' title='bbox 921 5671 1071 5724; x_wconf 84' lang='lat' dir='ltr'>lcclio</span> <span class='ocrx_word' id='word_1_436' title='bbox 1101 5686 1192 5722; x_wconf 88' lang='lat' dir='ltr'>non</span> <span class='ocrx_word' id='word_1_437' title='bbox 1221 5673 1512 5736; x_wconf 71' lang='lat' dir='ltr'>spernenda.</span> <span class='ocrx_word' id='word_1_438' title='bbox 1559 5672 1702 5725; x_wconf 82' lang='lat' dir='ltr'><strong>Alius</strong></span> 
     </span>
    </p>
   </div>
   <div class='ocr_carea' id='block_1_58' title="bbox 102 5737 936 5804">
    <p class='ocr_par' dir='ltr' id='par_1_58' title="bbox 102 5737 936 5804">
     <span class='ocr_line' id='line_1_58' title="bbox 102 5737 936 5804; baseline -0.013 -10"><span class='ocrx_word' id='word_1_439' title='bbox 102 5749 154 5794; x_wconf 73' lang='lat' dir='ltr'>ct</span> <span class='ocrx_word' id='word_1_440' title='bbox 179 5754 355 5804; x_wconf 75' lang='lat' dir='ltr'>marg.</span> <span class='ocrx_word' id='word_1_441' title='bbox 392 5739 570 5797; x_wconf 80' lang='lat' dir='ltr'>Sa\&#39;il.,</span> <span class='ocrx_word' id='word_1_442' title='bbox 599 5739 694 5786; x_wconf 76' lang='grc' dir='ltr'>ἐκεῖ</span> <span class='ocrx_word' id='word_1_443' title='bbox 719 5738 800 5800; x_wconf 79' lang='grc' dir='ltr'>μὲν</span> <span class='ocrx_word' id='word_1_444' title='bbox 833 5737 936 5799; x_wconf 80' lang='grc' dir='ltr'>γάρ.</span> 
     </span>
    </p>
   </div>
   <div class='ocr_carea' id='block_1_59' title="bbox 1057 290 2454 350">
    <p class='ocr_par' dir='ltr' id='par_1_59' title="bbox 1057 290 2454 350">
     <span class='ocr_line' id='line_1_59' title="bbox 1057 290 2454 350; baseline 0.001 -3"><span class='ocrx_word' id='word_1_445' title='bbox 1057 290 1124 347; x_wconf 73' lang='grc' dir='ltr'>ιΝ</span> <span class='ocrx_word' id='word_1_446' title='bbox 1156 291 1377 348; x_wconf 77' lang='lat' dir='ltr'>EPIST.</span> <span class='ocrx_word' id='word_1_447' title='bbox 1408 292 1499 346; x_wconf 79' lang='lat' dir='ltr'>Al)</span> <span class='ocrx_word' id='word_1_448' title='bbox 1539 291 1828 347; x_wconf 80' lang='lat' dir='ltr'>PHILIPP.</span> <span class='ocrx_word' id='word_1_449' title='bbox 1872 293 2022 349; x_wconf 81' lang='lat' dir='ltr'>CAP.</span> <span class='ocrx_word' id='word_1_450' title='bbox 2056 294 2096 349; x_wconf 85' lang='grc' dir='ltr'>ι.</span> <span class='ocrx_word' id='word_1_451' title='bbox 2139 293 2375 350; x_wconf 68' lang='grc' dir='ltr'>ιιοιιιι..</span> <span class='ocrx_word' id='word_1_452' title='bbox 2414 297 2454 349; x_wconf 89' lang='grc'>1.</span> 
     </span>
    </p>
   </div>
   <div class='ocr_carea' id='block_1_60' title="bbox 3300 299 3405 355">
    <p class='ocr_par' dir='ltr' id='par_1_60' title="bbox 3300 299 3405 355">
     <span class='ocr_line' id='line_1_60' title="bbox 3300 299 3405 355; baseline 0.019 -1"><span class='ocrx_word' id='word_1_453' title='bbox 3300 299 3405 355; x_wconf 74' lang='grc'>184</span> 
     </span>
    </p>
   </div>
   <div class='ocr_carea' id='block_1_61' title="bbox 1823 407 3402 480">
    <p class='ocr_par' dir='ltr' id='par_1_61' title="bbox 1823 407 3402 480">
     <span class='ocr_line' id='line_1_61' title="bbox 1823 407 3402 480; baseline 0.002 -17"><span class='ocrx_word' id='word_1_454' title='bbox 1823 409 1993 478; x_wconf 75' lang='grc' dir='ltr'>πάσῃ</span> <span class='ocrx_word' id='word_1_455' title='bbox 2021 407 2095 477; x_wconf 75' lang='grc' dir='ltr'>τῇ</span> <span class='ocrx_word' id='word_1_456' title='bbox 2121 411 2302 479; x_wconf 79' lang='grc' dir='ltr'>μνείᾳ</span> <span class='ocrx_word' id='word_1_457' title='bbox 2339 409 2525 479; x_wconf 81' lang='grc' dir='ltr'>ὑμῶν.</span> <span class='ocrx_word' id='word_1_458' title='bbox 2567 409 2854 476; x_wconf 82' lang='grc' dir='ltr'>Πάντοτε,</span> <span class='ocrx_word' id='word_1_459' title='bbox 2879 411 2949 464; x_wconf 83' lang='grc' dir='ltr'>ἐν</span> <span class='ocrx_word' id='word_1_460' title='bbox 2990 411 3158 480; x_wconf 80' lang='grc' dir='ltr'>πάσῃ</span> <span class='ocrx_word' id='word_1_461' title='bbox 3199 412 3402 480; x_wconf 79' lang='grc' dir='ltr'>δεήσει</span> 
     </span>
    </p>
   </div>
   <div class='ocr_carea' id='block_1_62' title="bbox 1814 500 3403 572">
    <p class='ocr_par' dir='ltr' id='par_1_62' title="bbox 1814 500 3403 572">
     <span class='ocr_line' id='line_1_62' title="bbox 1814 500 3403 572; baseline 0.001 -16"><span class='ocrx_word' id='word_1_462' title='bbox 1814 519 1932 572; x_wconf 86' lang='grc' dir='ltr'>μου</span> <span class='ocrx_word' id='word_1_463' title='bbox 1954 501 2113 570; x_wconf 81' lang='grc' dir='ltr'>ὑπὲρ</span> <span class='ocrx_word' id='word_1_464' title='bbox 2145 501 2390 555; x_wconf 82' lang='grc' dir='ltr'>πάντων</span> <span class='ocrx_word' id='word_1_465' title='bbox 2434 503 2602 571; x_wconf 83' lang='grc' dir='ltr'>ὑμῶν</span> <span class='ocrx_word' id='word_1_466' title='bbox 2638 503 2790 572; x_wconf 85' lang='grc' dir='ltr'>μετὰ</span> <span class='ocrx_word' id='word_1_467' title='bbox 2829 500 3020 572; x_wconf 82' lang='grc' dir='ltr'>χαρᾶς</span> <span class='ocrx_word' id='word_1_468' title='bbox 3046 503 3162 570; x_wconf 81' lang='grc' dir='ltr'>τὴν</span> <span class='ocrx_word' id='word_1_469' title='bbox 3189 503 3403 572; x_wconf 80' lang='grc' dir='ltr'>δέησιν</span> 
     </span>
    </p>
   </div>
   <div class='ocr_carea' id='block_1_63' title="bbox 1815 591 3398 665">
    <p class='ocr_par' dir='ltr' id='par_1_63' title="bbox 1815 591 3398 665">
     <span class='ocr_line' id='line_1_63' title="bbox 1815 591 3398 665; baseline 0.004 -21"><span class='ocrx_word' id='word_1_470' title='bbox 1815 592 2193 661; x_wconf 82' lang='grc' dir='ltr'>ποιούμενος.</span> <span class='ocrx_word' id='word_1_471' title='bbox 2254 591 2554 654; x_wconf 82' lang='grc' dir='ltr'>Πάντοτε,</span> <span class='ocrx_word' id='word_1_472' title='bbox 2594 593 2694 663; x_wconf 85' lang='grc' dir='ltr'>οὐχ</span> <span class='ocrx_word' id='word_1_473' title='bbox 2738 593 2868 646; x_wconf 86' lang='grc' dir='ltr'>ὅταν</span> <span class='ocrx_word' id='word_1_474' title='bbox 2915 592 3165 665; x_wconf 82' lang='grc' dir='ltr'>εῦχωμαι</span> <span class='ocrx_word' id='word_1_475' title='bbox 3218 595 3398 665; x_wconf 84' lang='grc' dir='ltr'>μόνον.</span> 
     </span>
    </p>
   </div>
   <div class='ocr_carea' id='block_1_64' title="bbox 1820 681 3402 760">
    <p class='ocr_par' dir='ltr' id='par_1_64' title="bbox 1820 681 3402 760">
     <span class='ocr_line' id='line_1_64' title="bbox 1820 681 3402 760; baseline 0.006 -27"><span class='ocrx_word' id='word_1_476' title='bbox 1820 681 2016 745; x_wconf 83' lang='grc' dir='ltr'>Καλῶς</span> <span class='ocrx_word' id='word_1_477' title='bbox 2041 681 2100 734; x_wconf 85' lang='grc' dir='ltr'>δὲ</span> <span class='ocrx_word' id='word_1_478' title='bbox 2124 681 2429 754; x_wconf 88' lang='grc' dir='ltr'>προσέθηκε</span> <span class='ocrx_word' id='word_1_479' title='bbox 2454 683 2536 746; x_wconf 84' lang='grc' dir='ltr'>τὸ,</span> <span class='ocrx_word' id='word_1_480' title='bbox 2575 684 2735 738; x_wconf 82' lang='grc' dir='ltr'>Μετὰ</span> <span class='ocrx_word' id='word_1_481' title='bbox 2762 683 2952 754; x_wconf 83' lang='grc' dir='ltr'>χαρᾶς</span> <span class='ocrx_word' id='word_1_482' title='bbox 2977 703 2992 718; x_wconf 79' lang='grc' dir='ltr'><strong><em>ο</em></strong></span> <span class='ocrx_word' id='word_1_483' title='bbox 3022 685 3137 739; x_wconf 78' lang='grc' dir='ltr'>ἔστι</span> <span class='ocrx_word' id='word_1_484' title='bbox 3166 687 3289 760; x_wconf 35' lang='grc' dir='ltr'>γὰρ,</span> <span class='ocrx_word' id='word_1_485' title='bbox 3306 691 3402 743; x_wconf 73' lang='grc' dir='ltr'>καὶ</span> 
     </span>
    </p>
   </div>
   <div class='ocr_carea' id='block_1_65' title="bbox 1822 772 3400 850">
    <p class='ocr_par' dir='ltr' id='par_1_65' title="bbox 1822 772 3400 850">
     <span class='ocr_line' id='line_1_65' title="bbox 1822 772 3400 850; baseline 0.004 -25"><span class='ocrx_word' id='word_1_486' title='bbox 1822 773 1961 844; x_wconf 85' lang='grc' dir='ltr'>μετὰ</span> <span class='ocrx_word' id='word_1_487' title='bbox 1996 773 2174 843; x_wconf 82' lang='grc' dir='ltr'>λύπης</span> <span class='ocrx_word' id='word_1_488' title='bbox 2205 772 2364 826; x_wconf 91' lang='grc' dir='ltr'>τοῦτο</span> <span class='ocrx_word' id='word_1_489' title='bbox 2394 775 2640 844; x_wconf 81' lang='grc' dir='ltr'>ποιῆσαι,</span> <span class='ocrx_word' id='word_1_490' title='bbox 2678 775 2752 840; x_wconf 86' lang='grc' dir='ltr'>ὡς</span> <span class='ocrx_word' id='word_1_491' title='bbox 2791 777 2919 829; x_wconf 85' lang='grc' dir='ltr'>ὅταν</span> <span class='ocrx_word' id='word_1_492' title='bbox 2961 777 3097 848; x_wconf 82' lang='grc' dir='ltr'>λέγῃ</span> <span class='ocrx_word' id='word_1_493' title='bbox 3125 777 3362 850; x_wconf 86' lang='grc' dir='ltr'>ἀλλαχοῦ</span> <span class='ocrx_word' id='word_1_494' title='bbox 3388 799 3400 810; x_wconf 87' lang='grc'><strong>·</strong></span> 
     </span>
    </p>
   </div>
   <div class='ocr_carea' id='block_1_66' title="bbox 1829 855 3406 939">
    <p class='ocr_par' dir='ltr' id='par_1_66' title="bbox 1829 855 3406 939">
     <span class='ocr_line' id='line_1_66' title="bbox 1829 855 3406 939; baseline 0.005 -23"><span class='ocrx_word' id='word_1_495' title='bbox 1829 865 1924 917; x_wconf 81' lang='grc' dir='ltr'>Ἐκ</span> <span class='ocrx_word' id='word_1_496' title='bbox 1958 863 2070 933; x_wconf 81' lang='grc' dir='ltr'>γὰρ</span> <span class='ocrx_word' id='word_1_497' title='bbox 2112 862 2354 932; x_wconf 77' lang='grc' dir='ltr'>πολλῆς</span> <span class='ocrx_word' id='word_1_498' title='bbox 2402 865 2666 933; x_wconf 76' lang='grc' dir='ltr'>θλίψεως</span> <span class='ocrx_word' id='word_1_499' title='bbox 2697 865 2796 919; x_wconf 76' lang='grc' dir='ltr'>καὶ</span> <span class='ocrx_word' id='word_1_500' title='bbox 2836 867 3113 936; x_wconf 79' lang='grc' dir='ltr'>συνοχῆς</span> <span class='ocrx_word' id='word_1_501' title='bbox 3154 855 3406 939; x_wconf 82' lang='grc' dir='ltr'>καρδίας</span> 
     </span>
    </p>
   </div>
   <div class='ocr_carea' id='block_1_67' title="bbox 1815 953 3404 1030">
    <p class='ocr_par' dir='ltr' id='par_1_67' title="bbox 1815 953 3404 1030">
     <span class='ocr_line' id='line_1_67' title="bbox 1815 953 3404 1030; baseline 0.006 -25"><span class='ocrx_word' id='word_1_502' title='bbox 1815 953 2050 1022; x_wconf 77' lang='grc' dir='ltr'>ἔγραψα</span> <span class='ocrx_word' id='word_1_503' title='bbox 2071 953 2214 1021; x_wconf 84' lang='grc' dir='ltr'>ὑμῖν</span> <span class='ocrx_word' id='word_1_504' title='bbox 2236 953 2336 1007; x_wconf 84' lang='grc' dir='ltr'>διὰ</span> <span class='ocrx_word' id='word_1_505' title='bbox 2363 956 2614 1012; x_wconf 68' lang='grc' dir='ltr'><em>πολλῶν</em></span> <span class='ocrx_word' id='word_1_506' title='bbox 2633 956 2927 1025; x_wconf 85' lang='grc' dir='ltr'>δακρύων.</span> <span class='ocrx_word' id='word_1_507' title='bbox 2946 960 3070 1013; x_wconf 73' lang='grc' dir='ltr'>Ἐπὶ</span> <span class='ocrx_word' id='word_1_508' title='bbox 3096 961 3172 1030; x_wconf 75' lang='grc' dir='ltr'>τῇ</span> <span class='ocrx_word' id='word_1_509' title='bbox 3197 980 3404 1016; x_wconf 83' lang='grc' dir='ltr'>κοινω-</span> 
     </span>
    </p>
   </div>
   <div class='ocr_carea' id='block_1_68' title="bbox 1813 1045 3398 1122">
    <p class='ocr_par' dir='ltr' id='par_1_68' title="bbox 1813 1045 3398 1122">
     <span class='ocr_line' id='line_1_68' title="bbox 1813 1045 3398 1122; baseline 0.006 -25"><span class='ocrx_word' id='word_1_510' title='bbox 1813 1045 1915 1112; x_wconf 76' lang='grc' dir='ltr'>νίᾳ</span> <span class='ocrx_word' id='word_1_511' title='bbox 1934 1045 2120 1114; x_wconf 84' lang='grc' dir='ltr'>ὑμῶν,</span> <span class='ocrx_word' id='word_1_512' title='bbox 2140 1046 2324 1114; x_wconf 78' lang='grc' dir='ltr'>φησὶν,</span> <span class='ocrx_word' id='word_1_513' title='bbox 2341 1047 2430 1112; x_wconf 81' lang='grc' dir='ltr'>εὶς</span> <span class='ocrx_word' id='word_1_514' title='bbox 2455 1047 2822 1117; x_wconf 75' lang='grc' dir='ltr'>Εὑαγγέλιον</span> <span class='ocrx_word' id='word_1_515' title='bbox 2849 1051 2964 1103; x_wconf 83' lang='grc' dir='ltr'>ἀπὸ</span> <span class='ocrx_word' id='word_1_516' title='bbox 2993 1053 3229 1120; x_wconf 80' lang='grc' dir='ltr'>πρώτης</span> <span class='ocrx_word' id='word_1_517' title='bbox 3254 1053 3398 1122; x_wconf 80' lang='grc' dir='ltr'>ἡμέ-</span> 
     </span>
    </p>
   </div>
   <div class='ocr_carea' id='block_1_69' title="bbox 1807 1137 2420 1207">
    <p class='ocr_par' dir='ltr' id='par_1_69' title="bbox 1807 1137 2420 1207">
     <span class='ocr_line' id='line_1_69' title="bbox 1807 1137 2420 1207; baseline 0.003 -17"><span class='ocrx_word' id='word_1_518' title='bbox 1807 1153 1923 1206; x_wconf 87' lang='grc' dir='ltr'>ρας</span> <span class='ocrx_word' id='word_1_519' title='bbox 1945 1137 2123 1207; x_wconf 86' lang='grc' dir='ltr'>μέχρι</span> <span class='ocrx_word' id='word_1_520' title='bbox 2152 1137 2260 1191; x_wconf 88' lang='grc' dir='ltr'>τοῦ</span> <span class='ocrx_word' id='word_1_521' title='bbox 2283 1138 2420 1193; x_wconf 85' lang='grc' dir='ltr'>νῦν.</span> 
     </span>
    </p>
   </div>
   <div class='ocr_carea' id='block_1_70' title="bbox 1888 1331 3489 1407">
    <p class='ocr_par' dir='ltr' id='par_1_70' title="bbox 1888 1331 3489 1407">
     <span class='ocr_line' id='line_1_70' title="bbox 1888 1331 3489 1407; baseline 0.007 -24"><span class='ocrx_word' id='word_1_522' title='bbox 1888 1332 1952 1403; x_wconf 85' lang='grc' dir='ltr'>β’.</span> <span class='ocrx_word' id='word_1_523' title='bbox 1972 1331 2118 1404; x_wconf 75' lang='grc'>[196]</span> <span class='ocrx_word' id='word_1_524' title='bbox 2136 1333 2295 1401; x_wconf 89' lang='grc' dir='ltr'>Μέγα</span> <span class='ocrx_word' id='word_1_525' title='bbox 2316 1334 2499 1398; x_wconf 84' lang='grc' dir='ltr'>αὐτοῖς</span> <span class='ocrx_word' id='word_1_526' title='bbox 2516 1334 2746 1389; x_wconf 86' lang='grc' dir='ltr'>ἐνταῦθα</span> <span class='ocrx_word' id='word_1_527' title='bbox 2766 1339 3053 1407; x_wconf 90' lang='grc' dir='ltr'>μαρτυρεῖ,</span> <span class='ocrx_word' id='word_1_528' title='bbox 3071 1339 3168 1407; x_wconf 83' lang='grc' dir='ltr'>οὐχ</span> <span class='ocrx_word' id='word_1_529' title='bbox 3184 1338 3396 1406; x_wconf 80' lang='grc' dir='ltr'>ἁπλῶς,</span> <span class='ocrx_word' id='word_1_530' title='bbox 3459 1339 3489 1407; x_wconf 69' lang='grc' dir='ltr'>’ξ</span> 
     </span>
    </p>
   </div>
   <div class='ocr_carea' id='block_1_71' title="bbox 1815 1424 3484 1504">
    <p class='ocr_par' dir='ltr' id='par_1_71' title="bbox 1815 1424 3484 1504">
     <span class='ocr_line' id='line_1_71' title="bbox 1815 1424 3484 1504; baseline 0.002 -26"><span class='ocrx_word' id='word_1_531' title='bbox 1815 1424 1950 1478; x_wconf 85' lang='grc' dir='ltr'>ἀλλά</span> <span class='ocrx_word' id='word_1_532' title='bbox 1984 1426 2078 1479; x_wconf 74' lang='grc' dir='ltr'>καὶ</span> <span class='ocrx_word' id='word_1_533' title='bbox 2104 1427 2308 1496; x_wconf 87' lang='grc' dir='ltr'>σφόδρα</span> <span class='ocrx_word' id='word_1_534' title='bbox 2335 1426 2496 1495; x_wconf 88' lang='grc' dir='ltr'>μέγα,</span> <span class='ocrx_word' id='word_1_535' title='bbox 2527 1428 2622 1479; x_wconf 83' lang='grc' dir='ltr'>καὶ</span> <span class='ocrx_word' id='word_1_536' title='bbox 2651 1427 2788 1498; x_wconf 81' lang='grc' dir='ltr'>ὅπερ</span> <span class='ocrx_word' id='word_1_537' title='bbox 2811 1427 2876 1480; x_wconf 82' lang='grc' dir='ltr'>ἀν</span> <span class='ocrx_word' id='word_1_538' title='bbox 2903 1445 2985 1490; x_wconf 93' lang='grc' dir='ltr'>τις</span> <span class='ocrx_word' id='word_1_539' title='bbox 3010 1428 3393 1504; x_wconf 82' lang='grc' dir='ltr'>ἐμαρτύρησεν</span> <span class='ocrx_word' id='word_1_540' title='bbox 3475 1425 3484 1450; x_wconf 83' lang='lat'><strong>&quot;</strong></span> 
     </span>
    </p>
   </div>
   <div class='ocr_carea' id='block_1_72' title="bbox 1813 1516 3398 1593">
    <p class='ocr_par' dir='ltr' id='par_1_72' title="bbox 1813 1516 3398 1593">
     <span class='ocr_line' id='line_1_72' title="bbox 1813 1516 3398 1593; baseline 0.004 -24"><span class='ocrx_word' id='word_1_541' title='bbox 1813 1516 2130 1580; x_wconf 86' lang='grc' dir='ltr'>ἀποστόλοις</span> <span class='ocrx_word' id='word_1_542' title='bbox 2163 1519 2258 1570; x_wconf 72' lang='grc' dir='ltr'>καὶ</span> <span class='ocrx_word' id='word_1_543' title='bbox 2290 1518 2726 1586; x_wconf 86' lang='grc' dir='ltr'>εύαγγελισταίς.</span> <span class='ocrx_word' id='word_1_544' title='bbox 2746 1520 2860 1573; x_wconf 78' lang='grc' dir='ltr'>Οὐκ</span> <span class='ocrx_word' id='word_1_545' title='bbox 2893 1519 3080 1592; x_wconf 85' lang='grc' dir='ltr'>ἐπειδὴ</span> <span class='ocrx_word' id='word_1_546' title='bbox 3109 1521 3215 1593; x_wconf 82' lang='grc' dir='ltr'>γάρ</span> <span class='ocrx_word' id='word_1_547' title='bbox 3239 1523 3398 1576; x_wconf 84' lang='grc' dir='ltr'>πόλιν</span> 
     </span>
    </p>
   </div>
   <div class='ocr_carea' id='block_1_73' title="bbox 1812 1607 3394 1683">
    <p class='ocr_par' dir='ltr' id='par_1_73' title="bbox 1812 1607 3394 1683">
     <span class='ocr_line' id='line_1_73' title="bbox 1812 1607 3394 1683; baseline 0.004 -24"><span class='ocrx_word' id='word_1_548' title='bbox 1812 1607 2212 1678; x_wconf 87' lang='grc' dir='ltr'>ἐνεχειρίσθητε</span> <span class='ocrx_word' id='word_1_549' title='bbox 2253 1608 2402 1678; x_wconf 87' lang='grc' dir='ltr'>μίαν,</span> <span class='ocrx_word' id='word_1_550' title='bbox 2430 1610 2613 1680; x_wconf 80' lang='grc' dir='ltr'>φησὶν,</span> <span class='ocrx_word' id='word_1_551' title='bbox 2635 1610 2849 1682; x_wconf 86' lang='grc' dir='ltr'>ἐκείνης</span> <span class='ocrx_word' id='word_1_552' title='bbox 2869 1611 3180 1681; x_wconf 79' lang='grc' dir='ltr'>φροντίζετε</span> <span class='ocrx_word' id='word_1_553' title='bbox 3207 1614 3394 1683; x_wconf 86' lang='grc' dir='ltr'>μόνης,</span> 
     </span>
    </p>
   </div>
   <div class='ocr_carea' id='block_1_74' title="bbox 1810 1698 3398 1775">
    <p class='ocr_par' dir='ltr' id='par_1_74' title="bbox 1810 1698 3398 1775">
     <span class='ocr_line' id='line_1_74' title="bbox 1810 1698 3398 1775; baseline 0.005 -24"><span class='ocrx_word' id='word_1_554' title='bbox 1810 1698 1948 1751; x_wconf 80' lang='grc' dir='ltr'>ἀλλὰ</span> <span class='ocrx_word' id='word_1_555' title='bbox 1975 1700 2156 1753; x_wconf 88' lang='grc' dir='ltr'>πάντα</span> <span class='ocrx_word' id='word_1_556' title='bbox 2205 1701 2498 1772; x_wconf 86' lang='grc' dir='ltr'>πράττετε,</span> <span class='ocrx_word' id='word_1_557' title='bbox 2534 1701 2678 1756; x_wconf 83' lang='grc' dir='ltr'>ὥστε</span> <span class='ocrx_word' id='word_1_558' title='bbox 2716 1703 2971 1775; x_wconf 66' lang='grc' dir='ltr'>μερισταλ⁸</span> <span class='ocrx_word' id='word_1_559' title='bbox 2999 1705 3258 1772; x_wconf 84' lang='grc' dir='ltr'>γενέσθαι</span> <span class='ocrx_word' id='word_1_560' title='bbox 3286 1706 3398 1759; x_wconf 89' lang='grc' dir='ltr'>τῶν</span> 
     </span>
    </p>
   </div>
   <div class='ocr_carea' id='block_1_75' title="bbox 1811 1789 3395 1867">
    <p class='ocr_par' dir='ltr' id='par_1_75' title="bbox 1811 1789 3395 1867">
     <span class='ocr_line' id='line_1_75' title="bbox 1811 1789 3395 1867; baseline 0.005 -26"><span class='ocrx_word' id='word_1_561' title='bbox 1811 1789 1960 1858; x_wconf 85' lang='grc' dir='ltr'>ἐμῶν</span> <span class='ocrx_word' id='word_1_562' title='bbox 1994 1789 2190 1853; x_wconf 90' lang='grc' dir='ltr'>πόνων,</span> <span class='ocrx_word' id='word_1_563' title='bbox 2213 1793 2491 1863; x_wconf 86' lang='grc' dir='ltr'>πανταχοῦ</span> <span class='ocrx_word' id='word_1_564' title='bbox 2519 1793 2786 1864; x_wconf 82' lang='grc' dir='ltr'>παρόντες</span> <span class='ocrx_word' id='word_1_565' title='bbox 2811 1793 2904 1848; x_wconf 79' lang='grc' dir='ltr'>καὶ</span> <span class='ocrx_word' id='word_1_566' title='bbox 2927 1795 3395 1867; x_wconf 87' lang='grc' dir='ltr'>συμπράττοντες,</span> 
     </span>
    </p>
   </div>
   <div class='ocr_carea' id='block_1_76' title="bbox 1809 1882 3398 1960">
    <p class='ocr_par' dir='ltr' id='par_1_76' title="bbox 1809 1882 3398 1960">
     <span class='ocr_line' id='line_1_76' title="bbox 1809 1882 3398 1960; baseline 0.005 -25"><span class='ocrx_word' id='word_1_567' title='bbox 1809 1882 1906 1935; x_wconf 77' lang='grc' dir='ltr'>καὶ</span> <span class='ocrx_word' id='word_1_568' title='bbox 1953 1884 2443 1952; x_wconf 85' lang='grc' dir='ltr'>συγκοινωνοῦντές</span> <span class='ocrx_word' id='word_1_569' title='bbox 2489 1903 2590 1954; x_wconf 86' lang='grc' dir='ltr'>μου</span> <span class='ocrx_word' id='word_1_570' title='bbox 2641 1885 2718 1955; x_wconf 84' lang='grc' dir='ltr'>τῷ</span> <span class='ocrx_word' id='word_1_571' title='bbox 2762 1885 3111 1957; x_wconf 80' lang='grc' dir='ltr'>κηρύγματι’</span> <span class='ocrx_word' id='word_1_572' title='bbox 3154 1889 3252 1960; x_wconf 83' lang='grc' dir='ltr'>ούχ</span> <span class='ocrx_word' id='word_1_573' title='bbox 3297 1889 3398 1945; x_wconf 74' lang='grc' dir='ltr'>ἕνα</span> 
     </span>
    </p>
   </div>
   <div class='ocr_carea' id='block_1_77' title="bbox 1808 1973 3397 2049">
    <p class='ocr_par' dir='ltr' id='par_1_77' title="bbox 1808 1973 3397 2049">
     <span class='ocr_line' id='line_1_77' title="bbox 1808 1973 3397 2049; baseline 0.004 -22"><span class='ocrx_word' id='word_1_574' title='bbox 1808 1973 2019 2044; x_wconf 88' lang='grc' dir='ltr'>χρόνον,</span> <span class='ocrx_word' id='word_1_575' title='bbox 2054 1974 2174 2027; x_wconf 80' lang='grc' dir='ltr'>οὐδὲ</span> <span class='ocrx_word' id='word_1_576' title='bbox 2207 1974 2481 2047; x_wconf 88' lang='grc' dir='ltr'>δεύτερον,</span> <span class='ocrx_word' id='word_1_577' title='bbox 2510 1977 2630 2030; x_wconf 79' lang='grc' dir='ltr'>οὐδὲ</span> <span class='ocrx_word' id='word_1_578' title='bbox 2665 1978 2870 2049; x_wconf 88' lang='grc' dir='ltr'>τρίτον,</span> <span class='ocrx_word' id='word_1_579' title='bbox 2899 1978 3034 2033; x_wconf 83' lang='grc' dir='ltr'>ἀλλά</span> <span class='ocrx_word' id='word_1_580' title='bbox 3077 1980 3307 2034; x_wconf 88' lang='grc' dir='ltr'>πάντοτε</span> <span class='ocrx_word' id='word_1_581' title='bbox 3337 1982 3397 2046; x_wconf 79' lang='grc' dir='ltr'>ἐξ</span> 
     </span>
    </p>
   </div>
   <div class='ocr_carea' id='block_1_78' title="bbox 1808 2061 3397 2145">
    <p class='ocr_par' dir='ltr' id='par_1_78' title="bbox 1808 2061 3397 2145">
     <span class='ocr_line' id='line_1_78' title="bbox 1808 2061 3397 2145; baseline 0.006 -27"><span class='ocrx_word' id='word_1_582' title='bbox 1808 2061 1868 2120; x_wconf 75' lang='grc' dir='ltr'>οὗ</span> <span class='ocrx_word' id='word_1_583' title='bbox 1899 2066 2255 2120; x_wconf 85' lang='grc' dir='ltr'>ἐπιστεύσατε</span> <span class='ocrx_word' id='word_1_584' title='bbox 2283 2068 2446 2139; x_wconf 85' lang='grc' dir='ltr'>μέχρι</span> <span class='ocrx_word' id='word_1_585' title='bbox 2477 2069 2570 2123; x_wconf 91' lang='grc' dir='ltr'>τοῦ</span> <span class='ocrx_word' id='word_1_586' title='bbox 2594 2069 2708 2134; x_wconf 89' lang='grc' dir='ltr'>νῦν,</span> <span class='ocrx_word' id='word_1_587' title='bbox 2734 2071 3046 2126; x_wconf 82' lang='grc' dir='ltr'>ἀποστόλων</span> <span class='ocrx_word' id='word_1_588' title='bbox 3066 2073 3397 2145; x_wconf 74' lang='grc' dir='ltr'>ἀνειλήφατε</span> 
     </span>
    </p>
   </div>
   <div class='ocr_carea' id='block_1_79' title="bbox 1811 2157 3398 2237">
    <p class='ocr_par' dir='ltr' id='par_1_79' title="bbox 1811 2157 3398 2237">
     <span class='ocr_line' id='line_1_79' title="bbox 1811 2157 3398 2237; baseline 0.007 -28"><span class='ocrx_word' id='word_1_589' title='bbox 1811 2157 2291 2228; x_wconf 82' lang='grc' dir='ltr'>προθυμίαν.”ορα</span> <span class='ocrx_word' id='word_1_590' title='bbox 2315 2159 2431 2219; x_wconf 82' lang='grc' dir='ltr'>πῶς</span> <span class='ocrx_word' id='word_1_591' title='bbox 2457 2161 2506 2212; x_wconf 88' lang='grc' dir='ltr'>οἱ</span> <span class='ocrx_word' id='word_1_592' title='bbox 2533 2160 2632 2229; x_wconf 78' lang='grc' dir='ltr'>μὲν</span> <span class='ocrx_word' id='word_1_593' title='bbox 2658 2163 2716 2213; x_wconf 84' lang='grc' dir='ltr'>ἐν</span> <span class='ocrx_word' id='word_1_594' title='bbox 2749 2162 2938 2234; x_wconf 82' lang='grc' dir='ltr'>Ῥώμῃ</span> <span class='ocrx_word' id='word_1_595' title='bbox 2963 2161 3114 2226; x_wconf 77' lang='grc' dir='ltr'>ὄντες</span> <span class='ocrx_word' id='word_1_596' title='bbox 3133 2165 3398 2237; x_wconf 85' lang='grc' dir='ltr'>ἀπεστρέ-</span> 
     </span>
    </p>
   </div>
   <div class='ocr_carea' id='block_1_80' title="bbox 1810 2250 3396 2323">
    <p class='ocr_par' dir='ltr' id='par_1_80' title="bbox 1810 2250 3396 2323">
     <span class='ocr_line' id='line_1_80' title="bbox 1810 2250 3396 2323; baseline 0.008 -23"><span class='ocrx_word' id='word_1_597' title='bbox 1810 2264 1970 2314; x_wconf 85' lang='grc' dir='ltr'>φοντο</span> <span class='ocrx_word' id='word_1_598' title='bbox 2015 2250 2214 2303; x_wconf 79' lang='grc' dir='ltr'>αὐτόν’</span> <span class='ocrx_word' id='word_1_599' title='bbox 2265 2251 2427 2304; x_wconf 86' lang='grc' dir='ltr'>ἄκουε</span> <span class='ocrx_word' id='word_1_600' title='bbox 2482 2253 2593 2321; x_wconf 84' lang='grc' dir='ltr'>γὰρ</span> <span class='ocrx_word' id='word_1_601' title='bbox 2648 2251 2814 2305; x_wconf 80' lang='grc' dir='ltr'>αὐτοῦ</span> <span class='ocrx_word' id='word_1_602' title='bbox 2869 2252 3157 2321; x_wconf 79' lang='grc' dir='ltr'>λέγοντος’</span> <span class='ocrx_word' id='word_1_603' title='bbox 3217 2253 3396 2323; x_wconf 76' lang='grc' dir='ltr'>Οἶδας</span> 
     </span>
    </p>
   </div>
   <div class='ocr_carea' id='block_1_81' title="bbox 1809 2341 3396 2418">
    <p class='ocr_par' dir='ltr' id='par_1_81' title="bbox 1809 2341 3396 2418">
     <span class='ocr_line' id='line_1_81' title="bbox 1809 2341 3396 2418; baseline 0.007 -24"><span class='ocrx_word' id='word_1_604' title='bbox 1809 2341 2008 2405; x_wconf 80' lang='grc' dir='ltr'>τοῦτο,</span> <span class='ocrx_word' id='word_1_605' title='bbox 2051 2341 2139 2395; x_wconf 84' lang='grc' dir='ltr'>ὅτι</span> <span class='ocrx_word' id='word_1_606' title='bbox 2187 2342 2670 2413; x_wconf 62' lang='grc' dir='ltr'>ἀπεστράφησάν</span> <span class='ocrx_word' id='word_1_607' title='bbox 2710 2362 2787 2413; x_wconf 85' lang='grc' dir='ltr'>με</span> <span class='ocrx_word' id='word_1_608' title='bbox 2837 2345 3062 2414; x_wconf 82' lang='grc' dir='ltr'>πάντες</span> <span class='ocrx_word' id='word_1_609' title='bbox 3104 2349 3160 2402; x_wconf 80' lang='grc' dir='ltr'>οι</span> <span class='ocrx_word' id='word_1_610' title='bbox 3204 2348 3275 2402; x_wconf 83' lang='grc' dir='ltr'>ἐν</span> <span class='ocrx_word' id='word_1_611' title='bbox 3317 2347 3396 2418; x_wconf 69' lang='grc' dir='ltr'>τῆ</span> 
     </span>
    </p>
   </div>
   <div class='ocr_carea' id='block_1_82' title="bbox 1823 2433 3422 2505">
    <p class='ocr_par' dir='ltr' id='par_1_82' title="bbox 1823 2433 3422 2505">
     <span class='ocr_line' id='line_1_82' title="bbox 1823 2433 3422 2505; baseline 0.005 -20"><span class='ocrx_word' id='word_1_612' title='bbox 1823 2433 1999 2501; x_wconf 77' lang='grc' dir='ltr'>Ἀσίᾳ</span> <span class='ocrx_word' id='word_1_613' title='bbox 2019 2449 2034 2463; x_wconf 70' lang='grc'>⁸</span> <span class='ocrx_word' id='word_1_614' title='bbox 2069 2433 2162 2487; x_wconf 76' lang='grc' dir='ltr'>καὶ</span> <span class='ocrx_word' id='word_1_615' title='bbox 2189 2434 2386 2502; x_wconf 86' lang='grc' dir='ltr'>πάλιν,</span> <span class='ocrx_word' id='word_1_616' title='bbox 2417 2435 2616 2504; x_wconf 84' lang='grc' dir='ltr'>Δημᾶς</span> <span class='ocrx_word' id='word_1_617' title='bbox 2646 2453 2724 2504; x_wconf 89' lang='grc' dir='ltr'>με</span> <span class='ocrx_word' id='word_1_618' title='bbox 2751 2437 3136 2505; x_wconf 72' lang='grc' dir='ltr'>ἐγκατέλιπεο</span> <span class='ocrx_word' id='word_1_619' title='bbox 3169 2440 3281 2504; x_wconf 76' lang='grc' dir='ltr'>καὶ,</span> <span class='ocrx_word' id='word_1_620' title='bbox 3299 2440 3422 2493; x_wconf 53' lang='grc' dir='ltr'>Ἐν</span> 
     </span>
    </p>
   </div>
   <div class='ocr_carea' id='block_1_83' title="bbox 1807 2523 3396 2602">
    <p class='ocr_par' dir='ltr' id='par_1_83' title="bbox 1807 2523 3396 2602">
     <span class='ocr_line' id='line_1_83' title="bbox 1807 2523 3396 2602; baseline 0.007 -26"><span class='ocrx_word' id='word_1_621' title='bbox 1807 2523 1886 2593; x_wconf 78' lang='grc' dir='ltr'>τῇ</span> <span class='ocrx_word' id='word_1_622' title='bbox 1914 2525 2116 2594; x_wconf 83' lang='grc' dir='ltr'>πρώτῃ</span> <span class='ocrx_word' id='word_1_623' title='bbox 2154 2544 2274 2595; x_wconf 88' lang='grc' dir='ltr'>μου</span> <span class='ocrx_word' id='word_1_624' title='bbox 2315 2527 2633 2598; x_wconf 79' lang='grc' dir='ltr'>ἀπολογίᾳ,</span> <span class='ocrx_word' id='word_1_625' title='bbox 2667 2529 2850 2599; x_wconf 78' lang='grc' dir='ltr'>φησὶν.</span> <span class='ocrx_word' id='word_1_626' title='bbox 2875 2531 3075 2597; x_wconf 87' lang='grc' dir='ltr'>οὐδείς</span> <span class='ocrx_word' id='word_1_627' title='bbox 3104 2550 3205 2602; x_wconf 86' lang='grc' dir='ltr'>μοι</span> <span class='ocrx_word' id='word_1_628' title='bbox 3242 2547 3396 2601; x_wconf 79' lang='grc' dir='ltr'>συμο</span> 
     </span>
    </p>
   </div>
   <div class='ocr_carea' id='block_1_84' title="bbox 1808 2613 3398 2694">
    <p class='ocr_par' dir='ltr' id='par_1_84' title="bbox 1808 2613 3398 2694">
     <span class='ocr_line' id='line_1_84' title="bbox 1808 2613 3398 2694; baseline 0.005 -24"><span class='ocrx_word' id='word_1_629' title='bbox 1808 2616 2194 2686; x_wconf 82' lang='grc' dir='ltr'>παρεγένετο·</span> <span class='ocrx_word' id='word_1_630' title='bbox 2233 2613 2379 2673; x_wconf 79' lang='grc' dir='ltr'>οὗτοι</span> <span class='ocrx_word' id='word_1_631' title='bbox 2409 2619 2466 2672; x_wconf 91' lang='grc' dir='ltr'>δέ</span> <span class='ocrx_word' id='word_1_632' title='bbox 2501 2621 2597 2674; x_wconf 72' lang='grc' dir='ltr'>καὶ</span> <span class='ocrx_word' id='word_1_633' title='bbox 2629 2621 2860 2685; x_wconf 88' lang='grc' dir='ltr'>ἀπόντες</span> <span class='ocrx_word' id='word_1_634' title='bbox 2901 2622 3223 2678; x_wconf 84' lang='grc' dir='ltr'>ἐκοινώνουν</span> <span class='ocrx_word' id='word_1_635' title='bbox 3247 2624 3398 2694; x_wconf 84' lang='grc' dir='ltr'>αύτῷ</span> 
     </span>
    </p>
   </div>
   <div class='ocr_carea' id='block_1_85' title="bbox 1806 2707 3397 2785">
    <p class='ocr_par' dir='ltr' id='par_1_85' title="bbox 1806 2707 3397 2785">
     <span class='ocr_line' id='line_1_85' title="bbox 1806 2707 3397 2785; baseline 0.006 -24"><span class='ocrx_word' id='word_1_636' title='bbox 1806 2708 1916 2761; x_wconf 90' lang='grc' dir='ltr'>τῶν</span> <span class='ocrx_word' id='word_1_637' title='bbox 1945 2707 2194 2778; x_wconf 80' lang='grc' dir='ltr'>θλίψεων,</span> <span class='ocrx_word' id='word_1_638' title='bbox 2227 2711 2540 2782; x_wconf 83' lang='grc' dir='ltr'>πέμποντές</span> <span class='ocrx_word' id='word_1_639' title='bbox 2578 2729 2639 2764; x_wconf 86' lang='grc' dir='ltr'>τε</span> <span class='ocrx_word' id='word_1_640' title='bbox 2678 2712 2878 2785; x_wconf 79' lang='grc' dir='ltr'>ἄνδρας</span> <span class='ocrx_word' id='word_1_641' title='bbox 2905 2713 3042 2784; x_wconf 82' lang='grc' dir='ltr'>πρὸς</span> <span class='ocrx_word' id='word_1_642' title='bbox 3090 2715 3274 2781; x_wconf 82' lang='grc' dir='ltr'>αὐτὸν,</span> <span class='ocrx_word' id='word_1_643' title='bbox 3303 2719 3397 2770; x_wconf 66' lang='grc' dir='ltr'>καὶ</span> 
     </span>
    </p>
   </div>
   <div class='ocr_carea' id='block_1_86' title="bbox 1807 2799 3392 2878">
    <p class='ocr_par' dir='ltr' id='par_1_86' title="bbox 1807 2799 3392 2878">
     <span class='ocr_line' id='line_1_86' title="bbox 1807 2799 3392 2878; baseline 0.005 -25"><span class='ocrx_word' id='word_1_644' title='bbox 1807 2799 1952 2853; x_wconf 83' lang='grc' dir='ltr'>κατὰ</span> <span class='ocrx_word' id='word_1_645' title='bbox 1982 2799 2211 2870; x_wconf 85' lang='grc' dir='ltr'>δύναμιν</span> <span class='ocrx_word' id='word_1_646' title='bbox 2243 2801 2697 2874; x_wconf 86' lang='grc' dir='ltr'>ὑπηρετούμενοι,</span> <span class='ocrx_word' id='word_1_647' title='bbox 2727 2805 2821 2857; x_wconf 83' lang='grc' dir='ltr'>καὶ</span> <span class='ocrx_word' id='word_1_648' title='bbox 2861 2805 3014 2860; x_wconf 81' lang='grc' dir='ltr'>οὐδὲν</span> <span class='ocrx_word' id='word_1_649' title='bbox 3041 2805 3179 2870; x_wconf 81' lang='grc' dir='ltr'>ὅλως</span> <span class='ocrx_word' id='word_1_650' title='bbox 3205 2807 3392 2878; x_wconf 81' lang='grc' dir='ltr'>ἐλλιμ-</span> 
     </span>
    </p>
   </div>
   <div class='ocr_carea' id='block_1_87' title="bbox 1809 2890 3391 2970">
    <p class='ocr_par' dir='ltr' id='par_1_87' title="bbox 1809 2890 3391 2970">
     <span class='ocr_line' id='line_1_87' title="bbox 1809 2890 3391 2970; baseline 0.006 -28"><span class='ocrx_word' id='word_1_651' title='bbox 1809 2890 2092 2954; x_wconf 86' lang='grc' dir='ltr'>πάνοντες.</span> <span class='ocrx_word' id='word_1_652' title='bbox 2131 2892 2240 2944; x_wconf 73' lang='grc' dir='ltr'>Καὶ</span> <span class='ocrx_word' id='word_1_653' title='bbox 2272 2893 2432 2946; x_wconf 87' lang='grc' dir='ltr'>τοῦτο</span> <span class='ocrx_word' id='word_1_654' title='bbox 2460 2896 2686 2959; x_wconf 84' lang='grc' dir='ltr'>ποιεῖτε,</span> <span class='ocrx_word' id='word_1_655' title='bbox 2718 2896 2780 2948; x_wconf 87' lang='grc' dir='ltr'>ού</span> <span class='ocrx_word' id='word_1_656' title='bbox 2830 2895 2925 2950; x_wconf 88' lang='grc' dir='ltr'>νῦν</span> <span class='ocrx_word' id='word_1_657' title='bbox 2973 2897 3154 2968; x_wconf 89' lang='grc' dir='ltr'>μόνον,</span> <span class='ocrx_word' id='word_1_658' title='bbox 3200 2900 3391 2970; x_wconf 71' lang='grc' dir='ltr'>φησὶν.</span> 
     </span>
    </p>
   </div>
   <div class='ocr_carea' id='block_1_88' title="bbox 1807 2979 3398 3059">
    <p class='ocr_par' dir='ltr' id='par_1_88' title="bbox 1807 2979 3398 3059">
     <span class='ocr_line' id='line_1_88' title="bbox 1807 2979 3398 3059; baseline 0.006 -26"><span class='ocrx_word' id='word_1_659' title='bbox 1807 2979 1924 3033; x_wconf 83' lang='grc' dir='ltr'>ἀλλ’</span> <span class='ocrx_word' id='word_1_660' title='bbox 1949 2980 2058 3046; x_wconf 82' lang='grc' dir='ltr'>ἀεὶ,</span> <span class='ocrx_word' id='word_1_661' title='bbox 2085 2981 2250 3034; x_wconf 77' lang='grc' dir='ltr'>παντὶ</span> <span class='ocrx_word' id='word_1_662' title='bbox 2292 2981 2477 3052; x_wconf 81' lang='grc' dir='ltr'>τρόπῳ</span> <span class='ocrx_word' id='word_1_663' title='bbox 2513 2984 3310 3059; x_wconf 81' lang='grc' dir='ltr'>συναντιλαμϐανόμενοι.“⁹Αρα</span> <span class='ocrx_word' id='word_1_664' title='bbox 3333 2990 3398 3042; x_wconf 74' lang='grc' dir='ltr'>τὸ</span> 
     </span>
    </p>
   </div>
   <div class='ocr_carea' id='block_1_89' title="bbox 1809 3068 3391 3142">
    <p class='ocr_par' dir='ltr' id='par_1_89' title="bbox 1809 3068 3391 3142">
     <span class='ocr_line' id='line_1_89' title="bbox 1809 3068 3391 3142; baseline 0.005 -21"><span class='ocrx_word' id='word_1_665' title='bbox 1809 3068 2401 3139; x_wconf 88' lang='grc' dir='ltr'>συναντιλαμϐάνεσθαι</span> <span class='ocrx_word' id='word_1_666' title='bbox 2428 3071 2682 3124; x_wconf 87' lang='grc' dir='ltr'>κοινωνία</span> <span class='ocrx_word' id='word_1_667' title='bbox 2711 3072 2828 3124; x_wconf 77' lang='grc' dir='ltr'>ἐστὶ</span> <span class='ocrx_word' id='word_1_668' title='bbox 2852 3074 2933 3136; x_wconf 76' lang='grc' dir='ltr'>εἰς</span> <span class='ocrx_word' id='word_1_669' title='bbox 2958 3072 3020 3126; x_wconf 86' lang='grc' dir='ltr'>τὸ</span> <span class='ocrx_word' id='word_1_670' title='bbox 3044 3073 3391 3142; x_wconf 86' lang='grc' dir='ltr'>Εύαγγέλιον.</span> 
     </span>
    </p>
   </div>
   <div class='ocr_carea' id='block_1_90' title="bbox 1807 3159 3397 3236">
    <p class='ocr_par' dir='ltr' id='par_1_90' title="bbox 1807 3159 3397 3236">
     <span class='ocr_line' id='line_1_90' title="bbox 1807 3159 3397 3236; baseline 0.004 -25"><span class='ocrx_word' id='word_1_671' title='bbox 1807 3159 1975 3213; x_wconf 88' lang='grc' dir='ltr'>Ὅταν</span> <span class='ocrx_word' id='word_1_672' title='bbox 2023 3159 2134 3228; x_wconf 82' lang='grc' dir='ltr'>γὰρ</span> <span class='ocrx_word' id='word_1_673' title='bbox 2181 3161 2390 3222; x_wconf 83' lang='grc' dir='ltr'>ἐκεῖνος</span> <span class='ocrx_word' id='word_1_674' title='bbox 2439 3159 2538 3229; x_wconf 83' lang='grc' dir='ltr'>μὲν</span> <span class='ocrx_word' id='word_1_675' title='bbox 2592 3161 2859 3234; x_wconf 82' lang='grc' dir='ltr'>κηρύττῃ,</span> <span class='ocrx_word' id='word_1_676' title='bbox 2890 3165 2954 3217; x_wconf 82' lang='grc' dir='ltr'>σὺ</span> <span class='ocrx_word' id='word_1_677' title='bbox 2984 3164 3042 3217; x_wconf 79' lang='grc' dir='ltr'>δὲ</span> <span class='ocrx_word' id='word_1_678' title='bbox 3082 3163 3397 3236; x_wconf 76' lang='grc' dir='ltr'>θεραπευῃς</span> 
     </span>
    </p>
   </div>
   <div class='ocr_carea' id='block_1_91' title="bbox 1806 3245 3396 3325">
    <p class='ocr_par' dir='ltr' id='par_1_91' title="bbox 1806 3245 3396 3325">
     <span class='ocr_line' id='line_1_91' title="bbox 1806 3245 3396 3325; baseline 0.003 -20"><span class='ocrx_word' id='word_1_679' title='bbox 1806 3251 1898 3305; x_wconf 70' lang='grc' dir='ltr'>τόν</span> <span class='ocrx_word' id='word_1_680' title='bbox 1925 3253 2284 3323; x_wconf 87' lang='grc' dir='ltr'>κηρύττοντα,</span> <span class='ocrx_word' id='word_1_681' title='bbox 2315 3255 2591 3315; x_wconf 86' lang='grc' dir='ltr'>κοινωνεῖς</span> <span class='ocrx_word' id='word_1_682' title='bbox 2617 3253 2766 3324; x_wconf 85' lang='grc' dir='ltr'>αὐτῷ</span> <span class='ocrx_word' id='word_1_683' title='bbox 2790 3255 2898 3308; x_wconf 82' lang='grc' dir='ltr'>τῶν</span> <span class='ocrx_word' id='word_1_684' title='bbox 2928 3245 3226 3325; x_wconf 86' lang='grc' dir='ltr'>στεφάνων.</span> <span class='ocrx_word' id='word_1_685' title='bbox 3245 3257 3396 3310; x_wconf 78' lang='grc' dir='ltr'>Ἐπεὶ</span> 
     </span>
    </p>
   </div>
   <div class='ocr_carea' id='block_1_92' title="bbox 1806 3341 3394 3417">
    <p class='ocr_par' dir='ltr' id='par_1_92' title="bbox 1806 3341 3394 3417">
     <span class='ocr_line' id='line_1_92' title="bbox 1806 3341 3394 3417; baseline 0.003 -23"><span class='ocrx_word' id='word_1_686' title='bbox 1806 3343 1901 3394; x_wconf 79' lang='grc' dir='ltr'>καὶ</span> <span class='ocrx_word' id='word_1_687' title='bbox 1922 3344 1979 3394; x_wconf 83' lang='grc' dir='ltr'>ἐν</span> <span class='ocrx_word' id='word_1_688' title='bbox 2001 3345 2114 3406; x_wconf 86' lang='grc' dir='ltr'>τοῖς</span> <span class='ocrx_word' id='word_1_689' title='bbox 2136 3341 2335 3408; x_wconf 80' lang='grc' dir='ltr'>ἔξωθεν</span> <span class='ocrx_word' id='word_1_690' title='bbox 2362 3342 2572 3406; x_wconf 80' lang='grc' dir='ltr'>ἀγῶσιν</span> <span class='ocrx_word' id='word_1_691' title='bbox 2591 3344 2653 3395; x_wconf 83' lang='grc' dir='ltr'>ού</span> <span class='ocrx_word' id='word_1_692' title='bbox 2679 3343 2774 3396; x_wconf 92' lang='grc' dir='ltr'>τοῦ</span> <span class='ocrx_word' id='word_1_693' title='bbox 2802 3345 3202 3416; x_wconf 80' lang='grc' dir='ltr'>ἀγωνιζομένου</span> <span class='ocrx_word' id='word_1_694' title='bbox 3233 3347 3394 3417; x_wconf 86' lang='grc' dir='ltr'>μόνου</span> 
     </span>
    </p>
   </div>
   <div class='ocr_carea' id='block_1_93' title="bbox 1806 3431 3395 3505">
    <p class='ocr_par' dir='ltr' id='par_1_93' title="bbox 1806 3431 3395 3505">
     <span class='ocr_line' id='line_1_93' title="bbox 1806 3431 3395 3505; baseline 0.004 -21"><span class='ocrx_word' id='word_1_695' title='bbox 1806 3433 1956 3486; x_wconf 70' lang='grc' dir='ltr'>ἐστὶν</span> <span class='ocrx_word' id='word_1_696' title='bbox 1985 3434 2013 3485; x_wconf 89' lang='grc' dir='ltr'>ὁ</span> <span class='ocrx_word' id='word_1_697' title='bbox 2041 3431 2325 3500; x_wconf 85' lang='grc' dir='ltr'>στέφανος,</span> <span class='ocrx_word' id='word_1_698' title='bbox 2361 3434 2497 3488; x_wconf 84' lang='grc' dir='ltr'>ἀλλά</span> <span class='ocrx_word' id='word_1_699' title='bbox 2526 3433 2620 3487; x_wconf 75' lang='grc' dir='ltr'>καὶ</span> <span class='ocrx_word' id='word_1_700' title='bbox 2651 3433 2747 3487; x_wconf 86' lang='grc' dir='ltr'>τοῦ</span> <span class='ocrx_word' id='word_1_701' title='bbox 2779 3434 3148 3505; x_wconf 81' lang='grc' dir='ltr'>παιδοτρίϐου.</span> <span class='ocrx_word' id='word_1_702' title='bbox 3177 3435 3272 3491; x_wconf 72' lang='grc' dir='ltr'>καὶ</span> <span class='ocrx_word' id='word_1_703' title='bbox 3301 3438 3395 3491; x_wconf 88' lang='grc' dir='ltr'>τοῦ</span> 
     </span>
    </p>
   </div>
   <div class='ocr_carea' id='block_1_94' title="bbox 1807 3523 3394 3596">
    <p class='ocr_par' dir='ltr' id='par_1_94' title="bbox 1807 3523 3394 3596">
     <span class='ocr_line' id='line_1_94' title="bbox 1807 3523 3394 3596; baseline 0.003 -19"><span class='ocrx_word' id='word_1_704' title='bbox 1807 3523 2226 3596; x_wconf 88' lang='grc' dir='ltr'>θεραπεύοντος,</span> <span class='ocrx_word' id='word_1_705' title='bbox 2245 3525 2339 3577; x_wconf 76' lang='grc' dir='ltr'>καὶ</span> <span class='ocrx_word' id='word_1_706' title='bbox 2369 3525 2587 3579; x_wconf 89' lang='grc' dir='ltr'>πάντων</span> <span class='ocrx_word' id='word_1_707' title='bbox 2613 3526 2803 3587; x_wconf 84' lang='grc' dir='ltr'>ἁπλῶς</span> <span class='ocrx_word' id='word_1_708' title='bbox 2834 3527 2942 3578; x_wconf 88' lang='grc' dir='ltr'>τῶν</span> <span class='ocrx_word' id='word_1_709' title='bbox 2965 3527 3278 3582; x_wconf 87' lang='grc' dir='ltr'>ἀσκούντων</span> <span class='ocrx_word' id='word_1_710' title='bbox 3299 3529 3394 3582; x_wconf 82' lang='grc' dir='ltr'>τὸν</span> 
     </span>
    </p>
   </div>
   <div class='ocr_carea' id='block_1_95' title="bbox 1807 3615 3393 3691">
    <p class='ocr_par' dir='ltr' id='par_1_95' title="bbox 1807 3615 3393 3691">
     <span class='ocr_line' id='line_1_95' title="bbox 1807 3615 3393 3691; baseline 0.004 -22"><span class='ocrx_word' id='word_1_711' title='bbox 1807 3617 2064 3686; x_wconf 88' lang='grc' dir='ltr'>ἀθλητήν.</span> <span class='ocrx_word' id='word_1_712' title='bbox 2108 3616 2171 3668; x_wconf 86' lang='grc' dir='ltr'>Οἱ</span> <span class='ocrx_word' id='word_1_713' title='bbox 2201 3615 2310 3686; x_wconf 84' lang='grc' dir='ltr'>γὰρ</span> <span class='ocrx_word' id='word_1_714' title='bbox 2343 3617 2642 3688; x_wconf 80' lang='grc' dir='ltr'>ρωννύντες</span> <span class='ocrx_word' id='word_1_715' title='bbox 2675 3619 2836 3671; x_wconf 84' lang='grc' dir='ltr'>αὐτὸν</span> <span class='ocrx_word' id='word_1_716' title='bbox 2869 3619 2962 3672; x_wconf 77' lang='grc' dir='ltr'>καὶ</span> <span class='ocrx_word' id='word_1_717' title='bbox 2990 3620 3393 3691; x_wconf 86' lang='grc' dir='ltr'>ἀνακτώμενοι,</span> 
     </span>
    </p>
   </div>
   <div class='ocr_carea' id='block_1_96' title="bbox 1805 3703 3388 3785">
    <p class='ocr_par' dir='ltr' id='par_1_96' title="bbox 1805 3703 3388 3785">
     <span class='ocr_line' id='line_1_96' title="bbox 1805 3703 3388 3785; baseline 0.005 -26"><span class='ocrx_word' id='word_1_718' title='bbox 1805 3703 1954 3761; x_wconf 76' lang='grc' dir='ltr'>οὗτοι</span> <span class='ocrx_word' id='word_1_719' title='bbox 1999 3708 2095 3760; x_wconf 70' lang='grc' dir='ltr'>καὶ</span> <span class='ocrx_word' id='word_1_720' title='bbox 2132 3708 2232 3776; x_wconf 86' lang='grc' dir='ltr'>τῆς</span> <span class='ocrx_word' id='word_1_721' title='bbox 2278 3708 2434 3778; x_wconf 89' lang='grc' dir='ltr'>νίκης</span> <span class='ocrx_word' id='word_1_722' title='bbox 2483 3709 2708 3772; x_wconf 74' lang='grc' dir='ltr'>εἰκότως</span> <span class='ocrx_word' id='word_1_723' title='bbox 2737 3710 2802 3763; x_wconf 81' lang='grc' dir='ltr'>ἂν</span> <span class='ocrx_word' id='word_1_724' title='bbox 2831 3711 3072 3780; x_wconf 84' lang='grc' dir='ltr'>γένοιντο</span> <span class='ocrx_word' id='word_1_725' title='bbox 3111 3715 3388 3785; x_wconf 85' lang='grc' dir='ltr'>μερισταί.</span> 
     </span>
    </p>
   </div>
   <div class='ocr_carea' id='block_1_97' title="bbox 1809 3798 3396 3873">
    <p class='ocr_par' dir='ltr' id='par_1_97' title="bbox 1809 3798 3396 3873">
     <span class='ocr_line' id='line_1_97' title="bbox 1809 3798 3396 3873; baseline 0.006 -23"><span class='ocrx_word' id='word_1_726' title='bbox 1809 3798 1917 3850; x_wconf 71' lang='grc' dir='ltr'>Καὶ</span> <span class='ocrx_word' id='word_1_727' title='bbox 1949 3799 2006 3849; x_wconf 89' lang='grc' dir='ltr'>ἐν</span> <span class='ocrx_word' id='word_1_728' title='bbox 2038 3799 2149 3859; x_wconf 86' lang='grc' dir='ltr'>τοῖς</span> <span class='ocrx_word' id='word_1_729' title='bbox 2181 3798 2438 3868; x_wconf 88' lang='grc' dir='ltr'>πολέμοις</span> <span class='ocrx_word' id='word_1_730' title='bbox 2470 3799 2526 3852; x_wconf 83' lang='grc' dir='ltr'>δὲ</span> <span class='ocrx_word' id='word_1_731' title='bbox 2559 3801 2658 3871; x_wconf 85' lang='grc' dir='ltr'>οὐχ</span> <span class='ocrx_word' id='word_1_732' title='bbox 2686 3803 2713 3853; x_wconf 89' lang='grc' dir='ltr'>ὁ</span> <span class='ocrx_word' id='word_1_733' title='bbox 2745 3802 3001 3872; x_wconf 77' lang='grc' dir='ltr'>ἀριστεὺς</span> <span class='ocrx_word' id='word_1_734' title='bbox 3049 3805 3230 3873; x_wconf 86' lang='grc' dir='ltr'>μόνος,</span> <span class='ocrx_word' id='word_1_735' title='bbox 3261 3807 3396 3860; x_wconf 85' lang='grc' dir='ltr'>ἀλλά</span> 
     </span>
    </p>
   </div>
   <div class='ocr_carea' id='block_1_98' title="bbox 1809 3886 3393 3964">
    <p class='ocr_par' dir='ltr' id='par_1_98' title="bbox 1809 3886 3393 3964">
     <span class='ocr_line' id='line_1_98' title="bbox 1809 3886 3393 3964; baseline 0.004 -24"><span class='ocrx_word' id='word_1_736' title='bbox 1809 3888 1902 3940; x_wconf 67' lang='grc' dir='ltr'>καὶ</span> <span class='ocrx_word' id='word_1_737' title='bbox 1946 3887 2147 3947; x_wconf 87' lang='grc' dir='ltr'>πάντες</span> <span class='ocrx_word' id='word_1_738' title='bbox 2175 3888 2225 3939; x_wconf 83' lang='grc' dir='ltr'>οἱ</span> <span class='ocrx_word' id='word_1_739' title='bbox 2257 3886 2651 3958; x_wconf 88' lang='grc' dir='ltr'>θεραπεύοντες</span> <span class='ocrx_word' id='word_1_740' title='bbox 2685 3889 2847 3943; x_wconf 79' lang='grc' dir='ltr'>αὐτὸν</span> <span class='ocrx_word' id='word_1_741' title='bbox 2876 3891 3101 3954; x_wconf 83' lang='grc' dir='ltr'>εἰκότως</span> <span class='ocrx_word' id='word_1_742' title='bbox 3127 3892 3194 3946; x_wconf 86' lang='grc' dir='ltr'>ἂν</span> <span class='ocrx_word' id='word_1_743' title='bbox 3225 3910 3393 3964; x_wconf 86' lang='grc' dir='ltr'>μετα-</span> 
     </span>
    </p>
   </div>
   <div class='ocr_carea' id='block_1_99' title="bbox 1810 3978 3393 4055">
    <p class='ocr_par' dir='ltr' id='par_1_99' title="bbox 1810 3978 3393 4055">
     <span class='ocr_line' id='line_1_99' title="bbox 1810 3978 3393 4055; baseline 0.004 -25"><span class='ocrx_word' id='word_1_744' title='bbox 1810 3981 2049 4032; x_wconf 84' lang='grc' dir='ltr'>ποιοῖντο</span> <span class='ocrx_word' id='word_1_745' title='bbox 2073 3978 2182 4032; x_wconf 88' lang='grc' dir='ltr'>τῶν</span> <span class='ocrx_word' id='word_1_746' title='bbox 2211 3980 2508 4051; x_wconf 84' lang='grc' dir='ltr'>τροπαίων,</span> <span class='ocrx_word' id='word_1_747' title='bbox 2533 3981 2629 4034; x_wconf 76' lang='grc' dir='ltr'>καὶ</span> <span class='ocrx_word' id='word_1_748' title='bbox 2661 3985 2762 4053; x_wconf 82' lang='grc' dir='ltr'>τῆς</span> <span class='ocrx_word' id='word_1_749' title='bbox 2789 3982 2946 4050; x_wconf 80' lang='grc' dir='ltr'>δόξης</span> <span class='ocrx_word' id='word_1_750' title='bbox 2978 3984 3278 4055; x_wconf 88' lang='grc' dir='ltr'>μετέχοιεν,</span> <span class='ocrx_word' id='word_1_751' title='bbox 3297 3985 3393 4039; x_wconf 56' lang='lat' dir='ltr'>an</span> 
     </span>
    </p>
   </div>
   <div class='ocr_carea' id='block_1_100' title="bbox 1810 4071 3395 4148">
    <p class='ocr_par' dir='ltr' id='par_1_100' title="bbox 1810 4071 3395 4148">
     <span class='ocr_line' id='line_1_100' title="bbox 1810 4071 3395 4148; baseline 0.004 -23"><span class='ocrx_word' id='word_1_752' title='bbox 1810 4071 2238 4138; x_wconf 83' lang='grc' dir='ltr'>κοινωνήσαντες</span> <span class='ocrx_word' id='word_1_753' title='bbox 2269 4072 2420 4143; x_wconf 87' lang='grc' dir='ltr'>αύτῷ</span> <span class='ocrx_word' id='word_1_754' title='bbox 2440 4072 2534 4126; x_wconf 87' lang='grc' dir='ltr'>τοῦ</span> <span class='ocrx_word' id='word_1_755' title='bbox 2555 4075 2766 4144; x_wconf 87' lang='grc' dir='ltr'>ἀγῶνος</span> <span class='ocrx_word' id='word_1_756' title='bbox 2786 4079 2853 4147; x_wconf 85' lang='grc' dir='ltr'>τῇ</span> <span class='ocrx_word' id='word_1_757' title='bbox 2877 4076 3162 4148; x_wconf 76' lang='grc' dir='ltr'>θεραπείᾳ.</span> <span class='ocrx_word' id='word_1_758' title='bbox 3188 4079 3262 4131; x_wconf 85' lang='grc' dir='ltr'>Ού</span> <span class='ocrx_word' id='word_1_759' title='bbox 3285 4081 3395 4148; x_wconf 87' lang='grc' dir='ltr'>γὰρ</span> 
     </span>
    </p>
   </div>
   <div class='ocr_carea' id='block_1_101' title="bbox 1813 4165 3392 4242">
    <p class='ocr_par' dir='ltr' id='par_1_101' title="bbox 1813 4165 3392 4242">
     <span class='ocr_line' id='line_1_101' title="bbox 1813 4165 3392 4242; baseline 0.004 -25"><span class='ocrx_word' id='word_1_760' title='bbox 1813 4165 2008 4235; x_wconf 83' lang='grc' dir='ltr'>μικρὸν</span> <span class='ocrx_word' id='word_1_761' title='bbox 2034 4166 2258 4219; x_wconf 86' lang='grc' dir='ltr'>δύναται</span> <span class='ocrx_word' id='word_1_762' title='bbox 2283 4167 2342 4218; x_wconf 77' lang='grc' dir='ltr'>τὸ</span> <span class='ocrx_word' id='word_1_763' title='bbox 2362 4165 2690 4236; x_wconf 84' lang='grc' dir='ltr'>θεραπεύειν</span> <span class='ocrx_word' id='word_1_764' title='bbox 2718 4169 2926 4237; x_wconf 82' lang='grc' dir='ltr'>ἁγίους,</span> <span class='ocrx_word' id='word_1_765' title='bbox 2948 4170 3082 4223; x_wconf 83' lang='grc' dir='ltr'>ἀλλὰ</span> <span class='ocrx_word' id='word_1_766' title='bbox 3107 4173 3200 4224; x_wconf 77' lang='grc' dir='ltr'>καὶ</span> <span class='ocrx_word' id='word_1_767' title='bbox 3226 4172 3392 4242; x_wconf 80' lang='grc' dir='ltr'>μέγα·</span> 
     </span>
    </p>
   </div>
   <div class='ocr_carea' id='block_1_102' title="bbox 1811 4256 3393 4331">
    <p class='ocr_par' dir='ltr' id='par_1_102' title="bbox 1811 4256 3393 4331">
     <span class='ocr_line' id='line_1_102' title="bbox 1811 4256 3393 4331; baseline 0.005 -25"><span class='ocrx_word' id='word_1_768' title='bbox 1811 4258 2098 4319; x_wconf 80' lang='grc' dir='ltr'>κοινωνοὺς</span> <span class='ocrx_word' id='word_1_769' title='bbox 2128 4256 2238 4328; x_wconf 87' lang='grc' dir='ltr'>γὰρ</span> <span class='ocrx_word' id='word_1_770' title='bbox 2269 4257 2417 4327; x_wconf 80' lang='grc' dir='ltr'>ἡμᾶς</span> <span class='ocrx_word' id='word_1_771' title='bbox 2448 4259 2594 4309; x_wconf 87' lang='grc' dir='ltr'>ποιεῖ</span> <span class='ocrx_word' id='word_1_772' title='bbox 2616 4258 2726 4309; x_wconf 90' lang='grc' dir='ltr'>τῶν</span> <span class='ocrx_word' id='word_1_773' title='bbox 2749 4259 2980 4322; x_wconf 88' lang='grc' dir='ltr'>ἐκείνοις</span> <span class='ocrx_word' id='word_1_774' title='bbox 3010 4261 3393 4331; x_wconf 87' lang='grc' dir='ltr'>ἀποκειμένων</span> 
     </span>
    </p>
   </div>
   <div class='ocr_carea' id='block_1_103' title="bbox 1813 4342 3394 4422">
    <p class='ocr_par' dir='ltr' id='par_1_103' title="bbox 1813 4342 3394 4422">
     <span class='ocr_line' id='line_1_103' title="bbox 1813 4342 3394 4422; baseline 0.006 -24"><span class='ocrx_word' id='word_1_775' title='bbox 1813 4346 2039 4413; x_wconf 85' lang='grc' dir='ltr'>μισθῶν.</span> <span class='ocrx_word' id='word_1_776' title='bbox 2076 4342 2234 4412; x_wconf 81' lang='grc' dir='ltr'>Οἷον,</span> <span class='ocrx_word' id='word_1_777' title='bbox 2269 4347 2462 4419; x_wconf 70' lang='grc' dir='ltr'>έῤῥιψέ</span> <span class='ocrx_word' id='word_1_778' title='bbox 2517 4365 2601 4410; x_wconf 90' lang='grc' dir='ltr'>τις</span> <span class='ocrx_word' id='word_1_779' title='bbox 2652 4350 2818 4404; x_wconf 85' lang='grc' dir='ltr'>πολλά</span> <span class='ocrx_word' id='word_1_780' title='bbox 2864 4353 3122 4422; x_wconf 76' lang='grc' dir='ltr'>χρήματα</span> <span class='ocrx_word' id='word_1_781' title='bbox 3170 4353 3258 4407; x_wconf 80' lang='grc' dir='ltr'>διὰ</span> <span class='ocrx_word' id='word_1_782' title='bbox 3303 4355 3394 4406; x_wconf 73' lang='grc' dir='ltr'>τὸν</span> 
     </span>
    </p>
   </div>
   <div class='ocr_carea' id='block_1_104' title="bbox 1809 4437 3395 4517">
    <p class='ocr_par' dir='ltr' id='par_1_104' title="bbox 1809 4437 3395 4517">
     <span class='ocr_line' id='line_1_104' title="bbox 1809 4437 3395 4517; baseline 0.007 -28"><span class='ocrx_word' id='word_1_783' title='bbox 1809 4437 1962 4499; x_wconf 72' lang='grc' dir='ltr'>Θεὸν,</span> <span class='ocrx_word' id='word_1_784' title='bbox 1996 4439 2290 4503; x_wconf 80' lang='grc' dir='ltr'>διαπαντὸς</span> <span class='ocrx_word' id='word_1_785' title='bbox 2341 4440 2627 4495; x_wconf 85' lang='grc' dir='ltr'>ἀνάκειται</span> <span class='ocrx_word' id='word_1_786' title='bbox 2677 4443 2756 4512; x_wconf 84' lang='grc' dir='ltr'>τῷ</span> <span class='ocrx_word' id='word_1_787' title='bbox 2805 4443 2946 4514; x_wconf 84' lang='grc' dir='ltr'>Θεῷ,</span> <span class='ocrx_word' id='word_1_788' title='bbox 2980 4444 3184 4517; x_wconf 82' lang='grc' dir='ltr'>ἀρετὴν</span> <span class='ocrx_word' id='word_1_789' title='bbox 3233 4447 3395 4500; x_wconf 84' lang='grc' dir='ltr'>ἀσκεῖ</span> 
     </span>
    </p>
   </div>
   <div class='ocr_carea' id='block_1_105' title="bbox 1812 4529 3392 4608">
    <p class='ocr_par' dir='ltr' id='par_1_105' title="bbox 1812 4529 3392 4608">
     <span class='ocr_line' id='line_1_105' title="bbox 1812 4529 3392 4608; baseline 0.006 -27"><span class='ocrx_word' id='word_1_790' title='bbox 1812 4529 2077 4600; x_wconf 85' lang='grc' dir='ltr'>μεγάλην,</span> <span class='ocrx_word' id='word_1_791' title='bbox 2111 4531 2206 4584; x_wconf 86' lang='grc' dir='ltr'><em>καί</em></span> <span class='ocrx_word' id='word_1_792' title='bbox 2261 4531 2422 4603; x_wconf 85' lang='grc' dir='ltr'>μέχρι</span> <span class='ocrx_word' id='word_1_793' title='bbox 2478 4534 2764 4603; x_wconf 77' lang='grc' dir='ltr'>ῥημάτων,</span> <span class='ocrx_word' id='word_1_794' title='bbox 2799 4537 2894 4588; x_wconf 77' lang='grc' dir='ltr'>καὶ</span> <span class='ocrx_word' id='word_1_795' title='bbox 2926 4535 3122 4608; x_wconf 89' lang='grc' dir='ltr'>μέχρις</span> <span class='ocrx_word' id='word_1_796' title='bbox 3150 4539 3392 4601; x_wconf 86' lang='grc' dir='ltr'>ἐννοιῶν,</span> 
     </span>
    </p>
   </div>
   <div class='ocr_carea' id='block_1_106' title="bbox 1809 4620 3395 4697">
    <p class='ocr_par' dir='ltr' id='par_1_106' title="bbox 1809 4620 3395 4697">
     <span class='ocr_line' id='line_1_106' title="bbox 1809 4620 3395 4697; baseline 0.008 -26"><span class='ocrx_word' id='word_1_797' title='bbox 1809 4621 1904 4673; x_wconf 71' lang='grc' dir='ltr'>καὶ</span> <span class='ocrx_word' id='word_1_798' title='bbox 1937 4620 2102 4691; x_wconf 87' lang='grc' dir='ltr'>μέχρι</span> <span class='ocrx_word' id='word_1_799' title='bbox 2148 4623 2364 4675; x_wconf 88' lang='grc' dir='ltr'>πάντων</span> <span class='ocrx_word' id='word_1_800' title='bbox 2414 4623 2612 4690; x_wconf 84' lang='grc' dir='ltr'>πολλὴν</span> <span class='ocrx_word' id='word_1_801' title='bbox 2641 4626 2932 4694; x_wconf 83' lang='grc' dir='ltr'>ἀκρίϐειαν</span> <span class='ocrx_word' id='word_1_802' title='bbox 2958 4628 3242 4697; x_wconf 84' lang='grc' dir='ltr'>φυλάττων</span> <span class='ocrx_word' id='word_1_803' title='bbox 3263 4648 3274 4659; x_wconf 87' lang='grc'>·</span> <span class='ocrx_word' id='word_1_804' title='bbox 3311 4631 3395 4683; x_wconf 81' lang='grc' dir='ltr'>ἕν-</span> 
     </span>
    </p>
   </div>
   <div class='ocr_carea' id='block_1_107' title="bbox 1809 4713 3392 4793">
    <p class='ocr_par' dir='ltr' id='par_1_107' title="bbox 1809 4713 3392 4793">
     <span class='ocr_line' id='line_1_107' title="bbox 1809 4713 3392 4793; baseline 0.008 -30"><span class='ocrx_word' id='word_1_805' title='bbox 1809 4729 1924 4765; x_wconf 90' lang='grc' dir='ltr'>εστι</span> <span class='ocrx_word' id='word_1_806' title='bbox 1945 4713 2038 4765; x_wconf 70' lang='grc' dir='ltr'>καὶ</span> <span class='ocrx_word' id='word_1_807' title='bbox 2059 4713 2142 4765; x_wconf 78' lang='grc' dir='ltr'>σοὶ</span> <span class='ocrx_word' id='word_1_808' title='bbox 2158 4714 2252 4766; x_wconf 80' lang='grc' dir='ltr'>καὶ</span> <span class='ocrx_word' id='word_1_809' title='bbox 2275 4713 2349 4784; x_wconf 83' lang='grc' dir='ltr'>μὴ</span> <span class='ocrx_word' id='word_1_810' title='bbox 2366 4714 2634 4786; x_wconf 89' lang='grc' dir='ltr'>τοσαύτην</span> <span class='ocrx_word' id='word_1_811' title='bbox 2660 4717 2952 4788; x_wconf 89' lang='grc' dir='ltr'>ἀκρίϐειαν</span> <span class='ocrx_word' id='word_1_812' title='bbox 2975 4719 3392 4793; x_wconf 80' lang='grc' dir='ltr'>ἐπιδειξαμένῳ,</span> 
     </span>
    </p>
   </div>
   <div class='ocr_carea' id='block_1_108' title="bbox 1808 4803 3397 4880">
    <p class='ocr_par' dir='ltr' id='par_1_108' title="bbox 1808 4803 3397 4880">
     <span class='ocr_line' id='line_1_108' title="bbox 1808 4803 3397 4880; baseline 0.007 -24"><span class='ocrx_word' id='word_1_813' title='bbox 1808 4804 1916 4856; x_wconf 79' lang='grc' dir='ltr'>τῶν</span> <span class='ocrx_word' id='word_1_814' title='bbox 1941 4803 2034 4856; x_wconf 80' lang='grc' dir='ltr'>ἐπὶ</span> <span class='ocrx_word' id='word_1_815' title='bbox 2060 4806 2268 4867; x_wconf 81' lang='grc' dir='ltr'>τούτοις</span> <span class='ocrx_word' id='word_1_816' title='bbox 2303 4807 2685 4876; x_wconf 87' lang='grc' dir='ltr'>ἀποκειμένων</span> <span class='ocrx_word' id='word_1_817' title='bbox 2714 4809 2864 4880; x_wconf 83' lang='grc' dir='ltr'>αύτῷ</span> <span class='ocrx_word' id='word_1_818' title='bbox 2896 4812 3103 4880; x_wconf 89' lang='grc' dir='ltr'>μισθῶν</span> <span class='ocrx_word' id='word_1_819' title='bbox 3136 4815 3397 4876; x_wconf 83' lang='grc' dir='ltr'>κοινωνῆ-</span> 
     </span>
    </p>
   </div>
   <div class='ocr_carea' id='block_1_109' title="bbox 1813 4896 3467 4978">
    <p class='ocr_par' dir='ltr' id='par_1_109' title="bbox 1813 4896 3467 4978">
     <span class='ocr_line' id='line_1_109' title="bbox 1813 4896 3467 4978; baseline 0.006 -29"><span class='ocrx_word' id='word_1_820' title='bbox 1813 4913 1924 4950; x_wconf 88' lang='grc' dir='ltr'>σαι.</span> <span class='ocrx_word' id='word_1_821' title='bbox 1954 4896 2108 4962; x_wconf 89' lang='grc' dir='ltr'>Πῶς;</span> <span class='ocrx_word' id='word_1_822' title='bbox 2141 4898 2237 4950; x_wconf 79' lang='grc' dir='ltr'>Ἂν</span> <span class='ocrx_word' id='word_1_823' title='bbox 2260 4898 2604 4970; x_wconf 85' lang='grc' dir='ltr'>θεραπεύσῃς</span> <span class='ocrx_word' id='word_1_824' title='bbox 2627 4902 2789 4955; x_wconf 79' lang='grc' dir='ltr'>αὐτὸν</span> <span class='ocrx_word' id='word_1_825' title='bbox 2814 4904 2909 4957; x_wconf 79' lang='grc' dir='ltr'>καὶ</span> <span class='ocrx_word' id='word_1_826' title='bbox 2935 4904 3078 4974; x_wconf 85' lang='grc' dir='ltr'>λόγῳ</span> <span class='ocrx_word' id='word_1_827' title='bbox 3103 4906 3196 4959; x_wconf 74' lang='grc' dir='ltr'>καὶ</span> <span class='ocrx_word' id='word_1_828' title='bbox 3226 4906 3394 4978; x_wconf 78' lang='grc' dir='ltr'>ἔργῳ,</span> <span class='ocrx_word' id='word_1_829' title='bbox 3457 4907 3467 4917; x_wconf 92' lang='grc'><em>’</em></span> 
     </span>
    </p>
   </div>
   <div class='ocr_carea' id='block_1_110' title="bbox 1811 4991 3393 5067">
    <p class='ocr_par' dir='ltr' id='par_1_110' title="bbox 1811 4991 3393 5067">
     <span class='ocr_line' id='line_1_110' title="bbox 1811 4991 3393 5067; baseline 0.005 -23"><span class='ocrx_word' id='word_1_830' title='bbox 1811 4991 1878 5044; x_wconf 83' lang='grc' dir='ltr'>ἂν</span> <span class='ocrx_word' id='word_1_831' title='bbox 1911 4991 2300 5062; x_wconf 83' lang='grc' dir='ltr'>παρακαλέσῃς</span> <span class='ocrx_word' id='word_1_832' title='bbox 2331 4994 2422 5045; x_wconf 80' lang='grc' dir='ltr'>καὶ</span> <span class='ocrx_word' id='word_1_833' title='bbox 2451 4993 2541 5046; x_wconf 80' lang='grc' dir='ltr'>διὰ</span> <span class='ocrx_word' id='word_1_834' title='bbox 2582 4995 2676 5048; x_wconf 88' lang='grc' dir='ltr'>τοῦ</span> <span class='ocrx_word' id='word_1_835' title='bbox 2704 4998 2959 5067; x_wconf 86' lang='grc' dir='ltr'>χορηγεῖν</span> <span class='ocrx_word' id='word_1_836' title='bbox 2995 4997 3062 5051; x_wconf 76' lang='grc' dir='ltr'>τά</span> <span class='ocrx_word' id='word_1_837' title='bbox 3097 4999 3393 5066; x_wconf 79' lang='grc' dir='ltr'>ἀναγκαῖα,</span> 
     </span>
    </p>
   </div>
   <div class='ocr_carea' id='block_1_111' title="bbox 1810 5081 3396 5158">
    <p class='ocr_par' dir='ltr' id='par_1_111' title="bbox 1810 5081 3396 5158">
     <span class='ocr_line' id='line_1_111' title="bbox 1810 5081 3396 5158; baseline 0.004 -24"><span class='ocrx_word' id='word_1_838' title='bbox 1810 5082 1907 5135; x_wconf 70' lang='grc' dir='ltr'>καὶ</span> <span class='ocrx_word' id='word_1_839' title='bbox 1951 5082 2038 5134; x_wconf 78' lang='grc' dir='ltr'>διὰ</span> <span class='ocrx_word' id='word_1_840' title='bbox 2087 5081 2182 5134; x_wconf 87' lang='grc' dir='ltr'>τοῦ</span> <span class='ocrx_word' id='word_1_841' title='bbox 2227 5081 2592 5138; x_wconf 85' lang='grc' dir='ltr'>διακονεῖσθαι</span> <span class='ocrx_word' id='word_1_842' title='bbox 2643 5087 2824 5138; x_wconf 81' lang='grc' dir='ltr'>πᾶσαν</span> <span class='ocrx_word' id='word_1_843' title='bbox 2869 5085 3166 5141; x_wconf 86' lang='grc' dir='ltr'>διακονίαν.</span> <span class='ocrx_word' id='word_1_844' title='bbox 3193 5089 3251 5138; x_wconf 86' lang='grc'>’0</span> <span class='ocrx_word' id='word_1_845' title='bbox 3286 5089 3396 5158; x_wconf 83' lang='grc' dir='ltr'>γὰρ</span> 
     </span>
    </p>
   </div>
   <div class='ocr_carea' id='block_1_112' title="bbox 1813 5173 3386 5250">
    <p class='ocr_par' dir='ltr' id='par_1_112' title="bbox 1813 5173 3386 5250">
     <span class='ocr_line' id='line_1_112' title="bbox 1813 5173 3386 5250; baseline 0.004 -24"><span class='ocrx_word' id='word_1_846' title='bbox 1813 5173 2181 5244; x_wconf 87' lang='grc' dir='ltr'>εύκολωτέραν</span> <span class='ocrx_word' id='word_1_847' title='bbox 2201 5174 2372 5227; x_wconf 83' lang='grc' dir='ltr'>ποιῶν</span> <span class='ocrx_word' id='word_1_848' title='bbox 2397 5175 2495 5244; x_wconf 81' lang='grc' dir='ltr'>τὴν</span> <span class='ocrx_word' id='word_1_849' title='bbox 2515 5178 2772 5246; x_wconf 87' lang='grc' dir='ltr'>τραχεῖαν</span> <span class='ocrx_word' id='word_1_850' title='bbox 2792 5177 2912 5232; x_wconf 85' lang='grc' dir='ltr'>ὁδὸν</span> <span class='ocrx_word' id='word_1_851' title='bbox 2935 5177 3149 5248; x_wconf 84' lang='grc' dir='ltr'>ἐκεινῳ,</span> <span class='ocrx_word' id='word_1_852' title='bbox 3175 5180 3238 5232; x_wconf 77' lang='grc' dir='ltr'>σὺ</span> <span class='ocrx_word' id='word_1_853' title='bbox 3264 5179 3386 5250; x_wconf 68' lang='grc' dir='ltr'>ἔσῃ.</span> 
     </span>
    </p>
   </div>
   <div class='ocr_carea' id='block_1_113' title="bbox 1812 5265 3395 5340">
    <p class='ocr_par' dir='ltr' id='par_1_113' title="bbox 1812 5265 3395 5340">
     <span class='ocr_line' id='line_1_113' title="bbox 1812 5265 3395 5340; baseline 0.003 -22"><span class='ocrx_word' id='word_1_854' title='bbox 1812 5267 1973 5319; x_wconf 83' lang='grc' dir='ltr'>Ὥστε</span> <span class='ocrx_word' id='word_1_855' title='bbox 2012 5268 2061 5318; x_wconf 83' lang='grc' dir='ltr'>εί</span> <span class='ocrx_word' id='word_1_856' title='bbox 2111 5265 2420 5336; x_wconf 81' lang='grc' dir='ltr'>θαυμάζετε</span> <span class='ocrx_word' id='word_1_857' title='bbox 2451 5269 2577 5330; x_wconf 87' lang='grc' dir='ltr'>τοὺς</span> <span class='ocrx_word' id='word_1_858' title='bbox 2607 5269 2666 5320; x_wconf 90' lang='grc' dir='ltr'>ἐν</span> <span class='ocrx_word' id='word_1_859' title='bbox 2691 5271 2812 5332; x_wconf 87' lang='grc' dir='ltr'>ταῖς</span> <span class='ocrx_word' id='word_1_860' title='bbox 2859 5269 3106 5340; x_wconf 84' lang='grc' dir='ltr'>ἐρήμοις,</span> <span class='ocrx_word' id='word_1_861' title='bbox 3134 5271 3261 5333; x_wconf 79' lang='grc' dir='ltr'>τοὺς</span> <span class='ocrx_word' id='word_1_862' title='bbox 3302 5271 3395 5324; x_wconf 74' lang='grc' dir='ltr'>τὸν</span> 
     </span>
    </p>
   </div>
   <div class='ocr_carea' id='block_1_114' title="bbox 1809 5357 3390 5430">
    <p class='ocr_par' dir='ltr' id='par_1_114' title="bbox 1809 5357 3390 5430">
     <span class='ocr_line' id='line_1_114' title="bbox 1809 5357 3390 5430; baseline 0.003 -19"><span class='ocrx_word' id='word_1_863' title='bbox 1809 5357 2098 5426; x_wconf 81' lang='grc' dir='ltr'>ἀγγελικὸν</span> <span class='ocrx_word' id='word_1_864' title='bbox 2133 5358 2509 5428; x_wconf 79' lang='grc' dir='ltr'>ἀνῃρημένους</span> <span class='ocrx_word' id='word_1_865' title='bbox 2559 5359 2691 5429; x_wconf 76' lang='grc' dir='ltr'>βίον,</span> <span class='ocrx_word' id='word_1_866' title='bbox 2735 5361 2864 5423; x_wconf 77' lang='grc' dir='ltr'>τοὺς</span> <span class='ocrx_word' id='word_1_867' title='bbox 2913 5361 2972 5413; x_wconf 87' lang='grc' dir='ltr'>ἐν</span> <span class='ocrx_word' id='word_1_868' title='bbox 3003 5365 3122 5425; x_wconf 85' lang='grc' dir='ltr'>ταῖς</span> <span class='ocrx_word' id='word_1_869' title='bbox 3156 5362 3390 5430; x_wconf 81' lang='grc' dir='ltr'>Ἐκκλη-</span> 
     </span>
    </p>
   </div>
   <div class='ocr_carea' id='block_1_115' title="bbox 1811 5449 3392 5525">
    <p class='ocr_par' dir='ltr' id='par_1_115' title="bbox 1811 5449 3392 5525">
     <span class='ocr_line' id='line_1_115' title="bbox 1811 5449 3392 5525; baseline 0.004 -24"><span class='ocrx_word' id='word_1_870' title='bbox 1811 5449 1954 5512; x_wconf 90' lang='grc' dir='ltr'>σίαις</span> <span class='ocrx_word' id='word_1_871' title='bbox 1998 5449 2067 5502; x_wconf 85' lang='grc' dir='ltr'>τὰ</span> <span class='ocrx_word' id='word_1_872' title='bbox 2098 5450 2239 5502; x_wconf 83' lang='grc' dir='ltr'>αύτά</span> <span class='ocrx_word' id='word_1_873' title='bbox 2286 5450 2516 5513; x_wconf 86' lang='grc' dir='ltr'>ἐκείνοις</span> <span class='ocrx_word' id='word_1_874' title='bbox 2541 5451 2940 5523; x_wconf 89' lang='grc' dir='ltr'>κατορθοῦντας</span> <span class='ocrx_word' id='word_1_875' title='bbox 2959 5469 2973 5482; x_wconf 91' lang='grc'><strong>·</strong></span> <span class='ocrx_word' id='word_1_876' title='bbox 3006 5455 3056 5506; x_wconf 82' lang='grc' dir='ltr'>εί</span> <span class='ocrx_word' id='word_1_877' title='bbox 3082 5453 3392 5525; x_wconf 79' lang='grc' dir='ltr'>θαυμάζετε</span> 
     </span>
    </p>
   </div>
   <div class='ocr_carea' id='block_1_116' title="bbox 1809 5541 3394 5612">
    <p class='ocr_par' dir='ltr' id='par_1_116' title="bbox 1809 5541 3394 5612">
     <span class='ocr_line' id='line_1_116' title="bbox 1809 5541 3394 5612; baseline 0.003 -17"><span class='ocrx_word' id='word_1_878' title='bbox 1809 5542 1905 5595; x_wconf 77' lang='grc' dir='ltr'>καὶ</span> <span class='ocrx_word' id='word_1_879' title='bbox 1922 5541 2252 5608; x_wconf 84' lang='grc' dir='ltr'>ἀλγεῖτε,ὅτι</span> <span class='ocrx_word' id='word_1_880' title='bbox 2275 5541 2477 5610; x_wconf 85' lang='grc' dir='ltr'>σφόδρα</span> <span class='ocrx_word' id='word_1_881' title='bbox 2502 5541 2682 5594; x_wconf 86' lang='grc' dir='ltr'>αὐτῶν</span> <span class='ocrx_word' id='word_1_882' title='bbox 2701 5543 3166 5612; x_wconf 77' lang='grc' dir='ltr'>ἀπολιμπάνεσθε,</span> <span class='ocrx_word' id='word_1_883' title='bbox 3186 5546 3394 5600; x_wconf 75' lang='grc' dir='ltr'>ἔνεστιν</span> 
     </span>
    </p>
   </div>
   <div class='ocr_carea' id='block_1_117' title="bbox 1809 5631 3392 5707">
    <p class='ocr_par' dir='ltr' id='par_1_117' title="bbox 1809 5631 3392 5707">
     <span class='ocr_line' id='line_1_117' title="bbox 1809 5631 3392 5707; baseline 0.001 -19"><span class='ocrx_word' id='word_1_884' title='bbox 1809 5635 1939 5706; x_wconf 84' lang='grc' dir='ltr'>ὑμῖν</span> <span class='ocrx_word' id='word_1_885' title='bbox 1978 5633 2179 5704; x_wconf 76' lang='grc' dir='ltr'>ἑτέρως</span> <span class='ocrx_word' id='word_1_886' title='bbox 2208 5633 2390 5697; x_wconf 80' lang='grc' dir='ltr'>αὐτοῖς</span> <span class='ocrx_word' id='word_1_887' title='bbox 2420 5631 2570 5704; x_wconf 78' lang='grc'>[197]</span> <span class='ocrx_word' id='word_1_888' title='bbox 2601 5635 2946 5705; x_wconf 86' lang='grc' dir='ltr'>κοινωνῆσαι,</span> <span class='ocrx_word' id='word_1_889' title='bbox 2980 5636 3060 5707; x_wconf 85' lang='grc' dir='ltr'>τῷ</span> <span class='ocrx_word' id='word_1_890' title='bbox 3099 5637 3392 5702; x_wconf 74' lang='grc' dir='ltr'>διακονεῖν,</span> 
     </span>
    </p>
   </div>
   <div class='ocr_carea' id='block_1_118' title="bbox 1811 5724 3393 5801">
    <p class='ocr_par' dir='ltr' id='par_1_118' title="bbox 1811 5724 3393 5801">
     <span class='ocr_line' id='line_1_118' title="bbox 1811 5724 3393 5801; baseline 0.004 -23"><span class='ocrx_word' id='word_1_891' title='bbox 1811 5725 1888 5797; x_wconf 78' lang='grc' dir='ltr'>τῷ</span> <span class='ocrx_word' id='word_1_892' title='bbox 1917 5724 2256 5796; x_wconf 82' lang='grc' dir='ltr'>θεραπεύειν.</span> <span class='ocrx_word' id='word_1_893' title='bbox 2277 5725 2386 5780; x_wconf 70' lang='grc' dir='ltr'>Καὶ</span> <span class='ocrx_word' id='word_1_894' title='bbox 2411 5726 2519 5796; x_wconf 83' lang='grc' dir='ltr'>γὰρ</span> <span class='ocrx_word' id='word_1_895' title='bbox 2549 5725 2643 5780; x_wconf 77' lang='grc' dir='ltr'>καὶ</span> <span class='ocrx_word' id='word_1_896' title='bbox 2681 5726 2840 5780; x_wconf 87' lang='grc' dir='ltr'>τοῦτο</span> <span class='ocrx_word' id='word_1_897' title='bbox 2863 5729 2961 5799; x_wconf 82' lang='grc' dir='ltr'>τῆς</span> <span class='ocrx_word' id='word_1_898' title='bbox 2988 5727 3080 5784; x_wconf 87' lang='grc' dir='ltr'>τοῦ</span> <span class='ocrx_word' id='word_1_899' title='bbox 3115 5730 3248 5784; x_wconf 73' lang='grc' dir='ltr'>Θεοῦ</span> <span class='ocrx_word' id='word_1_900' title='bbox 3275 5729 3393 5801; x_wconf 76' lang='grc' dir='ltr'>φιλ-</span> 
     </span>
    </p>
   </div>
  </div>
