3974 6516
532 290 634 359 195

526 427 841 496 ανθρωπίας
871 422 1006 480 ἐστὶ,
1037 421 1095 473 τὸ
1124 420 1248 481 τοὺς
1282 415 1683 487 ῥᾳθυμοτέρως
1713 418 1806 469 καὶ
1850 416 1939 469 τὸν
1982 416 2089 467 ἀπ-

528 517 830 587 εσκληκότα
854 514 965 585 βίον
990 512 1081 565 καὶ
1101 512 1304 581 τραχὺν
1325 511 1417 562 καὶ
1442 508 1640 579 ἀκριϐῆ
1672 508 1745 579 μὴ
1768 507 2096 575 δυναμένους

525 609 903 677 ἀναδέξασθαι,
940 609 1031 659 καὶ
1059 604 1281 666 τούτους
1322 603 1388 655 δι’
1416 603 1609 673 ἐτέρας
1647 601 1769 654 ὁδοῦ
1814 602 1978 654 πάλιν
2015 601 2097 663 είς

526 705 623 773 τὴν
654 701 819 770 αὐτὴν
868 697 1076 759 τούτοις
1109 696 1261 760 τάξιν
1306 695 1477 759 ἄγειν.
1531 694 1640 746 Kal
1676 693 1833 745 τοῦτό
1870 710 2033 762 φησιν
2068 694 2096 745 0

526 792 739 854 Παῦλος
783 788 1086 843 κοινωνίαν.
1121 784 1480 839 Κοινωνοῦσιν
1509 787 1661 854 ἡμῖν,
1693 786 1878 854 φησὶν,
1904 785 1961 835 ἐν
1982 785 2095 845 τοῖς

530 884 828 950 σαρκικοῖς,
866 877 1226 946 κοινωνοῦμεν
1258 877 1439 937 αὐτοῖς
1469 876 1525 927 ἐν
1552 878 1661 938 τοῖς
1687 875 2093 943 πνευματικοῖς.

530 973 591 1024 Εἰ
617 971 725 1040 γάρ
746 973 774 1024 0
801 971 931 1034 Θεὸς
961 971 1079 1022 ἀντὶ
1111 968 1316 1038 μικρῶν
1347 967 1441 1019 καὶ
1469 966 1784 1037 μηδαμινῶν
1823 964 2096 1036 βασιλείαν

530 1062 833 1134 χαρίζεται,
868 1063 963 1115 καὶ
990 1063 1036 1115 οἱ
1070 1060 1245 1113 δοῦλοι
1288 1059 1451 1111 αὑτοῦ
1480 1060 1601 1112 ἀντὶ
1649 1057 1860 1127 μικρῶν
1886 1059 1979 1109 καὶ
2011 1058 2095 1108 αἰ-

443 1187 449 1193 -
533 1155 744 1224 σθητῶν
768 1154 1106 1222 πνευματικά
1127 1151 1465 1221 μεταδιδοῦσι
1485 1167 1497 1177 ·
1527 1149 1723 1218 μᾶλλον
1739 1148 1795 1199 δὲ
1812 1147 2095 1200 καὶταῦτα

530 1246 758 1296 κάκεῖνα
788 1244 945 1306 αὑτός
973 1246 1116 1295 ἐστιν
1143 1246 1169 1295 ὁ
1194 1242 1365 1303 διδοὺς
1394 1240 1480 1293 διὰ
1515 1239 1738 1292 τούτων.
1771 1239 1842 1289 υύ
1873 1236 2096 1288 δύνασαι

530 1334 845 1404 νηστεῦσαι,
879 1334 998 1387 οὐδὲ
1044 1333 1369 1403 μονωθῆναι,
1406 1330 1527 1383 ούδέ
1571 1329 1928 1400 χαμευνῆσαι,
1977 1326 2098 1381 οὐδὲ

532 1420 889 1489 παννυχίσαι;
917 1420 1130 1473 Ἔνεστί
1164 1436 1244 1470 σοι
1269 1419 1473 1471 τούτων
1508 1418 1760 1469 ἀπάντων
1789 1414 1976 1484 μισθὸν
2007 1414 2098 1467 λαο

532 1511 667 1571 δεῖν,
696 1512 760 1567 ἂν
790 1511 988 1581 ἑτέρως
1025 1510 1085 1563 τὸ
1120 1512 1352 1578 πρᾶγμα
1384 1506 1728 1577 μεθοδεύσης,
1764 1506 1856 1558 τὸν
1889 1506 1945 1557 ἐν
1976 1504 2099 1556 τού-

533 1617 645 1663 τοις
675 1601 947 1669 κάμνοντα
967 1598 1282 1668 θεραπεύων
1312 1596 1403 1648 καὶ
1430 1594 1723 1648 ἀναπαύων
1746 1596 1839 1646 καὶ
1864 1593 2098 1660 ἀλείφων

537 1689 792 1757 συνεχῶς,
830 1690 922 1741 καὶ
969 1687 1060 1740 τὸν
1084 1684 1211 1739 “ἀπὸ
1262 1684 1465 1738 τούτων
1520 1681 1885 1750 ἐπικουφίζων
1917 1681 2095 1733 πόνον.

533 1779 704 1841 Αὐτὸς
750 1779 947 1845 ἕστηκε
985 1777 1307 1846 μαχόμενος,
1333 1775 1493 1838 αὐτὸς
1520 1776 1614 1829 καὶ
1642 1772 1928 1844 τραύματα
1957 1772 2099 1841 λαμ-

532 1871 711 1923 ϐάνων
728 1885 740 1897 ⁸
773 1870 837 1921 σὺ
863 1869 1128 1939 θεράπευε
1154 1869 1259 1921 ἀπὸ
1279 1867 1371 1919 τοῦ
1394 1868 1600 1935 ἀγῶνος
1622 1866 1927 1926 ἐπανιόντα,
1947 1864 2098 1933 δέχου

534 1960 755 2021 ὑπτίαις
787 1961 995 2029 χερσὶν,
1031 1959 1275 2027 άπόψυχε
1312 1958 1402 2009 τὸν
1435 1957 1631 2028 ἱδρῶτα
1661 1955 1975 2019 ἀναπαύων,
1999 1972 2103 2006 πα-

534 2050 780 2121 ρακάλει,
803 2050 1147 2119 παραμυθοῦ,
1168 2048 1383 2102 ἀνακτῶ
1400 2047 1496 2117 τὴν
1518 2048 1883 2117 πεπονηκυῖαν
1899 2046 2097 2116 ψυχήν.

536 2143 632 2193 Ἂν
663 2141 798 2209 μετά
813 2142 1077 2209 τοσαύτης
1094 2139 1399 2209 προθυμίας
1414 2138 1748 2208 διακονῶμεν
1772 2140 1883 2200 τοῖς
1904 2138 2098 2205 ἁγίοις,

537 2232 789 2302 μερισταὶ
831 2231 936 2283 τῶν
986 2230 1192 2299 μισθῶν
1231 2229 1410 2282 αύτῶν
1454 2229 1709 2299 ἐσόμεθα.
1741 2229 1911 2282 Τοῦτο
1945 2229 2038 2281 καὶ
2074 2229 2102 2279 0

535 2324 767 2395 Χριστός
799 2341 929 2391 φησι
949 2339 961 2351 ·
1005 2322 1301 2387 Ποιήσατε
1332 2322 1470 2391 ὑμῖν
1517 2323 1735 2391 φίλους
1770 2322 1837 2374 ἐκ
1866 2322 1971 2376 τοῦ
1992 2338 2104 2390 μα-

456 2430 467 2445 ’
528 2412 697 2482 μωνιῖ
738 2413 846 2481 τῆς
890 2413 1160 2479 ἀδικίας,
1191 2414 1291 2466 ἵνα
1336 2412 1621 2477 δέξωνται
1669 2411 1825 2481 ὑμᾶς
1871 2414 1957 2477 είς
1996 2412 2102 2477 τὰς

530 2508 807 2569 αΙωνίους
844 2504 1042 2559 αὐτῶν
1078 2504 1508 2575 σκηνάς.⁹ορᾷς
1538 2503 1655 2567 πῶς
1683 2497 1829 2557 οῦτοι
1858 2504 2102 2557 κοινωνοὶ

532 2594 845 2662 γεγόνασιν;
893 2594 1033 2646 Ἀπὸ
1069 2594 1305 2661 πρώτης
1337 2595 1584 2663 ἡμέρας,
1612 2596 1766 2665 φησὶ,
1790 2594 1964 2664 μέχρι
1996 2594 2102 2659 τοῦ

532 2688 667 2741 νῦν.
699 2686 796 2739 Διά
846 2687 1001 2739 τοῦτο
1050 2688 1225 2757 χαίρω
1252 2727 1265 2752 ,
1316 2688 1498 2757 φησίν.
1539 2687 1661 2739 Ἐπί
1706 2686 1779 2754 τῇ
1828 2687 2102 2753 κοινωνίᾳ

532 2778 719 2847 ὑμῶν.
751 2779 857 2831 Καὶ
891 2778 1063 2848 χαίρω
1090 2780 1188 2849 ούχ
1217 2779 1357 2849 ὑπὲρ
1388 2780 1492 2832 τῶν
1522 2779 1895 2851 παρελθόντων
1921 2778 2099 2847 μόνον,

532 2870 669 2924 ἀλλὰ
695 2872 789 2924 καὶ
813 2872 951 2941 ὑπὲρ
980 2869 1085 2922 τῶν
1120 2871 1419 2940 μελλόντων
1440 2887 1451 2898 ⁸
1482 2870 1592 2923 ἀπὸ
1616 2870 1723 2940 γὰρ
1750 2871 1859 2922 τῶν
1896 2870 2100 2940 παρελ-

536 2961 732 3013 θόντων
772 2962 996 3014 κάκεῖνα
1030 2960 1375 3030 στοχάζομαι.
1406 2960 1704 3025 Πεποιθὼς
1731 2958 1877 3013 αὐτὸ
1906 2960 2100 3023 τοῦτο,

511 856 517 897 ι

536 3055 716 3123 φησὶν,
749 3052 837 3105 ὅτι
868 3056 900 3105 ό
927 3053 1330 3120 ἐναρξάμενος
1370 3052 1438 3104 ὲν
1468 3052 1608 3121 ὑμῖν
1645 3054 1821 3119 ἔργον
1856 3052 2100 3121 ἀγαθὸν,

533 3143 864 3198 ἐπιτελέσει
903 3144 1075 3212 ἄχρις
1102 3143 1324 3211 ἡμέρας
1358 3143 1551 3211 Ἰησοῦ
1573 3144 1847 3210 Χριστοῦ.

605 3327 675 3389 γ’.
694 3323 833 3391 Ὅρα
850 3320 963 3383 πῶς
977 3319 1170 3383 αὐτοὺς
1187 3320 1278 3373 καὶ
1293 3319 1599 3393 μετριάζειν
1613 3322 1870 3376 διδάσκει.
1890 3324 2102 3395 Ἐπειδὴ

534 3414 643 3483 γάρ
676 3414 818 3483 μέγα
846 3413 1026 3474 αὐτοῖς
1050 3410 1399 3481 ἐμαρτύρησε
1426 3413 1679 3482 πρᾶγμα,
1711 3414 1797 3466 ἴνα
1834 3415 1905 3483 μή
1934 3431 1986 3466 τι
2011 3415 2104 3466 άν-

532 3507 805 3578 θρώπινον
835 3504 1098 3566 πάθωσιν,
1130 3504 1333 3567 εὐθέως
1379 3504 1621 3557 παιδεύει
1649 3505 1845 3569 αὐτοὺς
1887 3506 1979 3559 ἐπ)⁵
2012 3507 2103 3560 τὸν

536 3598 768 3669 Χριστὸν
796 3599 889 3651 καὶ
916 3595 985 3648 τά
1011 3596 1368 3666 παρελθόντα,
1407 3597 1499 3649 καὶ
1527 3597 1597 3649 τὰ
1631 3597 1890 3666 μέλλοντα
1920 3599 2104 3651 ἀνατι-

528 3688 716 3743 θέναιο
753 3688 897 3751 πῶς;
928 3688 1002 3740 Ού
1033 3690 1140 3758 γάρ
1168 3683 1307 3750 εἷπε,
1338 3686 1634 3750 Πεποιθὼς,
1658 3689 1738 3740 ὅτι
1769 3688 1843 3752 ὡς
1874 3689 2103 3760 ἐνήρξα-

537 3782 650 3843 σθε,
682 3780 773 3833 καὶ
801 3780 1064 3841 τελέσετε,
1092 3779 1225 3831 ἀλλὰ
1251 3780 1302 3830 τί
1324 3796 1337 3844 ;
1376 3779 1428 3830 '0
1454 3779 1942 3848 ἐναρξάμενοςὲν
1962 3781 2104 3851 ὑμῖν

534 3877 713 3945 ἔργον
738 3874 961 3944 ἀγαθὸν
988 3874 1347 3927 ἑπιτελέσει’
1372 3872 1492 3925 οὔτε
1518 3875 1890 3945 ἀπεστέρησεν
1910 3876 2103 3939 αὐτοὺς

535 3968 629 4020 τοῦ
661 3964 1077 4034 κατορθώματος
1098 3981 1111 3993 ·
1144 3960 1265 4016 εἷπε
1285 3964 1413 4035 γὰρ,
1431 3966 1511 4017 ὅτι
1535 3965 1617 4034 Τῇ
1638 3968 1916 4033 κοινωνίᾳ
1937 3966 2105 4035 ὑμῶν

535 4058 741 4127 χαίρω,
776 4056 1036 4124 δηλονότι,
1072 4054 1147 4117 ὡς
1175 4054 1352 4107 αὐτῶν
1380 4056 1781 4127 κατορθούντων
1803 4075 1817 4090 ·
1865 4058 1987 4111 οὔτε
2026 4056 2103 4112 εἵ-

539 4167 639 4202 πεν
668 4148 848 4207 αὐτῶν
886 4141 1022 4199 εἶναι
1066 4146 1134 4199 τά
1180 4144 1577 4218 κατορθώματα
1606 4148 1784 4217 μόνον,
1812 4149 1945 4203 άλλά
1976 4168 2105 4221 προ-

535 4241 852 4313 ηγουμένως
886 4238 979 4292 τοῦ
1010 4238 1175 4290 Θεοῦο
1211 4240 1409 4306 Θαρῤῶ
1436 4240 1562 4310 γάρ,
1595 4242 1778 4309 φησὶν,
1816 4242 1904 4295 ὅτι
1936 4246 1969 4297 δ
2001 4245 2100 4297 ἐν-

534 4333 866 4402 αρξὰμενος
885 4332 955 4385 ἐν
980 4332 1121 4400 ὑμῖν
1139 4332 1313 4400 ἔργον
1331 4332 1555 4400 ἀγαθὸν
1583 4333 1915 4389 ἐπιτελέσει
1934 4336 2104 4405 ἄχρις

535 4426 761 4495 ἡμέρας
794 4424 988 4492 Ἰησοῦ
1022 4423 1276 4490 Χριστοῦ
1294 4439 1309 4454 ·
1338 4424 1631 4488 τουτέστιν,
1657 4428 1685 4479 ὁ
1711 4426 1860 4491 Θεός.
1880 4429 1956 4481 υύ
1976 4428 2105 4497 περὶ

532 4519 690 4585 ὑμῶν
740 4518 818 4580 δὲ,
852 4518 1005 4587 φησι,
1039 4518 1217 4587 μόνον,
1244 4518 1379 4572 ἀλλὰ
1420 4519 1512 4571 καὶ
1555 4519 1682 4586 περὶ
1711 4519 1820 4572 τῶν
1862 4519 1922 4585 ἐξ
1951 4521 2105 4591 ὑμῶν

535 4608 676 4660 οὕτω
703 4607 1000 4676 διάκειμαι.
1034 4608 1142 4659 Καὶ
1169 4606 1325 4658 τοῦτο
1362 4606 1469 4676 γάρ
1500 4607 1559 4659 οὐ
1592 4608 1784 4678 μικρὸν
1809 4609 2101 4680 ἐγκώμιον,

535 4700 595 4751 τὸ
619 4697 710 4750 τὸν
740 4696 871 4748 Θεὸν
902 4696 958 4747 ἕν
989 4713 1093 4749 τινι
1123 4698 1379 4766 ἐνεργεῖν.
1412 4698 1473 4748 Εἰ
1504 4698 1615 4769 γάρ
1644 4698 1718 4769 μὴ
1749 4702 2104 4774 προσωπολή-

536 4807 677 4859 πτης
720 4791 888 4851 ἐστὶν,
918 4788 1105 4859 ὥσπερ
1145 4785 1237 4843 οῦν
1278 4790 1397 4843 ούδέ
1445 4792 1613 4856 ἐστιν,
1644 4792 1780 4845 ἀλλὰ
1822 4793 1955 4864 πρὸς
2004 4796 2103 4865 τὴν

536 4883 793 4955 πρόθεσιν
845 4882 986 4951 ὁρῶν
1012 4919 1028 4945 ,
1081 4883 1474 4949 συνεφάπτεται
1520 4883 1629 4936 τῶν
1669 4885 2103 4955 κατορθωμάτων

537 4976 688 5045 ἡμῖν,
713 4974 870 5043 δῆλον
900 4971 1050 5043 [I98]
1086 4974 1166 5027 ὅτι
1190 4973 1283 5026 τοῦ
1310 4975 1715 5030 ἐπισπάσασθαι
1751 4978 1911 5034 αὑτὸν
1942 4981 2103 5049 ἡμεῖς

538 5067 906 5120 αἴτιοι.”Ωστε
949 5065 1071 5118 οὐδὲ
1118 5064 1291 5128 οὕτως
1338 5066 1711 5138 ἀπεστέρησεν
1754 5070 1947 5132 αὐτοὺς
1993 5070 2103 5123 τῶν

539 5158 855 5227 ἐγκωμίων·
885 5157 1007 5209 ἐπεὶ
1036 5157 1085 5209 εί
1116 5155 1300 5219 ἁπλῶς
1326 5158 1562 5228 ἐνήργει,
1593 5158 1744 5211 οὐδὲν
1775 5159 1838 5212 ἂν
1865 5160 2102 5214 ἐκώλυσε

537 5250 631 5303 καὶ
659 5250 924 5319 Ἕλληνας
962 5250 1054 5301 καὶ
1096 5247 1299 5310 πάντας
1325 5249 1421 5302 ἀνθ
1432 5249 1643 5319 ρώπους
1672 5252 2027 5320 ἐνεργεῖσθαι,
2054 5255 2103 5305 εί

528 5343 611 5404 ώς
636 5342 767 5406 ξύλα
789 5345 935 5413 ἡμᾶς
962 5342 1129 5395 ἐκίνει
1153 5340 1247 5393 καὶ
1276 5340 1472 5405 λίθους,
1497 5342 1590 5395 καὶ
1619 5341 1692 5413 μὴ
1712 5342 1779 5395 τά
1800 5344 1927 5412 παρ’
1946 5344 2103 5414 ἡμῶν

538 5434 740 5503 ἐζήτει.
767 5435 926 5487 ’Ὥστε
977 5434 1055 5503 τῷ
1104 5436 1295 5495 εἰπεῖν,
1330 5434 1393 5487 '0
1436 5434 1581 5500 Θεὸς
1629 5436 1977 5500 ἐπιτελέσει,
2010 5441 2103 5493 καὶ

536 5524 695 5577 τοῦτο
725 5526 885 5580 πάλιν
912 5526 1089 5579 αὐτῶν
1117 5526 1388 5596 ἐγκώμιον
1418 5525 1645 5595 γίνεται,
1666 5526 1776 5580 τῶν
1804 5530 2106 5585 ἐπισπασα-

543 5619 717 5688 μένων
766 5622 859 5674 τοῦ
890 5621 1025 5675 Θεοῦ
1071 5622 1171 5691 τὴν
1210 5621 1370 5691 χάριν
1417 5621 1785 5690 συμπράττειν
1818 5622 2000 5685 αὐτοῖς
2047 5626 2103 5676 ἐν

538 5709 617 5779 τῷ
646 5710 947 5781 ὑπερϐῆναι
976 5713 1075 5785 τὴν
1101 5712 1444 5783 ἀνθρωπίνην
1473 5711 1652 5780 φύσιν.
1685 5713 1791 5767 Kal
1821 5713 2018 5785 ἐτέρως
2047 5715 2102 5768 δὲ

1186 304 1245 352 S.
1282 296 1559 352 JOANNIS
1594 296 2077 352 CHRYSOSTOMI
2114 295 2430 351 ARCIIIEP.
2466 297 3005 355 CONSTANTINOP.

3663 300 3769 357 186

2202 417 2493 486 ἐγκώμιον,
2524 418 2603 470 ὅτι
2638 416 2859 469 τοιαῦτα
2897 417 2965 469 τά
2991 414 3386 487 κατορθώματα
3416 415 3571 483 ὑμῶν
3599 415 3768 477 ἐστιν,

2201 505 2339 557 ὥστε
2371 506 2444 575 μὴ
2479 500 2616 557 εἶναι
2640 505 2973 575 ἀνθρώπινα,
2991 504 3125 557 ἀλλὰ
3150 504 3251 573 τῆς
3275 503 3368 557 τοῦ
3398 503 3533 556 Θεοῦ
3563 503 3770 557 δεῖσθαι

2204 596 2394 667 ῥοπῆς.
2449 596 2513 649 Εἰ
2546 596 2602 649 δέ
2640 598 2668 648 0
2695 595 2825 658 Θεὸς
2870 595 3189 660 ἐπιτελέσει,
3232 594 3351 647 ούδέ
3400 594 3567 656 πολὺς
3615 593 3769 646 ἔσται

2204 687 2468 757 κάματος,
2501 686 2635 739 ἀλλά
2664 686 2744 739 δεῖ
2774 687 3018 757 θαρρεῖν,
3044 686 3119 748 ώς
3160 684 3414 756 εὐμαρῶς
3451 685 3630 738 πάντα
3658 683 3770 735 δια-

2199 779 2451 840 νυόντων,
2486 780 2579 831 άτε
2607 778 2697 830 ὑπ’
2719 778 2926 831 ἐκείνου
2963 777 3357 848 βοηθουμένων.
3404 776 3609 840 Καθὼς
3636 776 3768 827 ἐστι

2200 871 2432 924 δίκαιον
2456 870 2560 939 ἐμὲ
2609 870 2782 924 τοῦτο
2822 871 3065 939 φρονεῖν
3096 870 3246 937 ὑπὲρ
3273 867 3554 922 ἁπάντων
3582 867 3764 935 ὑμῶν,

2200 961 2295 1015 διὰ
2328 962 2392 1014 τὸ
2419 962 2580 1030 ἔχειν
2603 978 2677 1031 με
2697 962 2765 1013 ἐν
2791 960 2864 1028 τῇ
2896 961 3109 1028 καρδίᾳ
3136 960 3309 1029 ὑμᾶς,
3337 960 3406 1013 ἐν
3431 976 3496 1012 τε
3521 958 3645 1023 τοῖς
3675 958 3768 1011 δε.

2201 1052 2376 1119 σμοῖς
2402 1070 2535 1119 μου,
2568 1052 2666 1104 καὶ
2697 1052 2766 1104 ἐν
2792 1051 2865 1119 τῇ
2894 1053 3184 1120 ἀπολογίᾳ
3216 1069 3353 1119 μου,
3388 1050 3485 1103 καὶ
3521 1050 3769 1112 ,βεϐαιώ-

2201 1158 2296 1196 σει
2330 1141 2436 1195 τοῦ
2458 1143 2850 1212 Εὑαγγελίου,
2881 1128 3327 1210 συγκοινωνούς
3365 1158 3480 1209 μου
3513 1139 3624 1204 τῆς
3661 1138 3769 1207 χά-

2195 1253 2356 1306 ριτος
2395 1234 2622 1300 πάντας
2669 1234 2823 1304 ὑμᾶς
2865 1234 3065 1299 ὄντας.
3112 1234 3284 1286 ΙΙολὺν
3316 1231 3450 1293 τέως
3498 1231 3771 1283 δείκνυσιν

2203 1326 2434 1379 ἐνταῦθα
2475 1326 2638 1379 αὐτοῦ
2683 1326 2773 1378 τὸν
2816 1325 3000 1387 πόθον,
3034 1326 3088 1377 εί
3127 1340 3190 1391 γε
3238 1325 3294 1376 ἐν
3339 1322 3533 1393 καρδίᾳ
3572 1321 3771 1383 αὐτοὺς

2204 1414 2334 1487 εἶχε,
2366 1418 2457 1470 καί¹
2488 1418 2547 1468 ἐν
2588 1417 2736 1487 αύτῷ
2768 1416 2843 1486 τῷ
2872 1416 3227 1486 δεσμωτηρίῳ
3259 1414 3538 1483 δεδεμένος
3573 1412 3769 1464 Φιλιπη

2204 1510 2411 1579 πησίων
2442 1510 2733 1579 ἐμέμνητο.
2755 1509 2829 1561 υύ
2857 1508 3048 1577 μικρὸν
3078 1508 3133 1559 δὲ
3160 1507 3267 1559 τῶν
3289 1505 3493 1575 ἀνδρῶν
3517 1504 3579 1556 τὸ
3604 1501 3773 1570 ἐγκό-

2208 1616 2346 1669 μιον,
2375 1598 2436 1651 τὸ
2472 1597 2775 1668 μεμνῆσθαι
2822 1597 2925 1649 ὑπὸ
2966 1595 3060 1648 τοῦ
3102 1596 3256 1663 ἁγίου
3303 1594 3524 1647 τούτουο
3582 1592 3769 1663 ἐπειδὴ

2208 1690 2341 1761 μηδέ
2386 1692 2502 1743 ἐστι
2556 1689 2874 1760 προλήψεως
2922 1690 2955 1758 ἡ
3004 1686 3096 1739 τοῦ
3140 1687 3296 1755 ἁγίου
3334 1686 3524 1740 τούτου
3554 1685 3767 1753 ἀγάπη,

2205 1781 2339 1834 ἀλλά
2365 1781 2598 1851 κρίσεως
2629 1780 2723 1833 καὶ
2768 1779 3040 1847 λογισμῶν
3066 1778 3430 1848 ὀρθῶν.”Ωστε
3457 1777 3518 1829 τὸ
3546 1776 3767 1842 ἀγαπά-

2207 1873 2329 1925 σθαι
2379 1873 2529 1942 παρά
2570 1872 2784 1924 Παύλου
2826 1870 2967 1923 οὕτω
3022 1870 3282 1939 σφοδρῶς,
3306 1868 3606 1939 τεκμήριόν
3654 1869 3768 1921 ἐστι

2203 1964 2324 2018 τινὰ
2350 1960 2488 2015 εἶναι
2517 1948 2688 2032 μέγαν
2713 1964 2809 2015 καλ⁵
2837 1961 3163 2030 θαυμαστόν.
3201 1960 3309 2014 Καὶ
3348 1960 3418 2013 ἐν
3451 1959 3525 2027 τῇ
3550 1960 3771 2013 ἀπολο-

2203 2056 2323 2123 γίᾳ,
2357 2054 2509 2123 φησὶ,
2536 2052 2633 2105 καὶ
2663 2050 2975 2116 βεϐαιώσει
3006 2051 3112 2104 τοῦ
3141 2052 3527 2120 Εὐαγγελίου.
3569 2049 3679 2101 Kal
3718 2046 3770 2100 τί

2206 2146 2533 2217 θαυμαστὸν,
2567 2146 2613 2196 εί
2639 2144 2696 2195 ἐν
2726 2141 2800 2211 τῷ
2826 2142 3182 2213 δεσμωτηρίῳ
3207 2138 3348 2211 εἶχεν
3380 2140 3609 2204 αύτούςς
3634 2137 3770 2192 Οὐδὲ

2204 2238 2313 2307 γάρ
2356 2237 2475 2287 κατ’
2502 2236 2705 2286 ἐκεῖνον
2749 2234 2840 2285 τὸν
2877 2232 3083 2303 καιρὸν,
3121 2233 3280 2300 φησὶ,
3314 2232 3432 2283 καθ’
3459 2232 3517 2284 ὃν
3567 2230 3772 2301 εἰσῄειν

2206 2330 2283 2390 είς
2330 2328 2389 2381 τὸ
2424 2328 2769 2396 δικαστήριον
2797 2327 3288 2396 ἀπολογησόμενος,
3320 2324 3611 2388 ἐξεπέσατέ
3667 2341 3769 2392 μου

2205 2420 2302 2489 τῆς
2346 2421 2582 2489 μνήμης.
2615 2418 2770 2471 Οὕτω
2813 2419 2921 2488 γάρ
2974 2421 3087 2471 ἐστι
3130 2417 3446 2487 τυραννικὸν
3494 2417 3524 2468 0
3574 2415 3714 2486 ἔρως
3742 2415 3770 2466 0

2207 2511 2592 2579 πνευματικὸς,
2621 2509 2696 2572 ώς
2727 2510 2914 2579 μηδενὶ
2940 2510 3289 2579 παραχωρεῖν
3322 2508 3513 2577 καιρῷ,
3538 2507 3654 2561 ἀλλ’
3684 2508 3771 2559 ἀεὶ

2205 2600 2303 2668 τῆς
2334 2600 2507 2669 ψυχῆς
2536 2599 2751 2668 ἔχεσθαι
2779 2598 2873 2651 τοῦ
2900 2598 3199 2667 φιλοῦντος,
3232 2599 3328 2650 καὶ
3366 2597 3637 2667 μηδεμίαν
3659 2596 3770 2648 0).?-

2205 2690 2297 2759 ψιν
2343 2690 2375 2759 ἢ
2426 2690 2615 2760 ὀδύνην
2665 2692 2963 2761 συγχωρεῖν
3010 2689 3389 2759 περιγενέσθαι
3432 2688 3532 2756 τῆς
3563 2686 3767 2755 ψυχῆς.

2207 2782 2471 2853 Καθάπερ
2524 2784 2632 2853 γὰρ
2677 2782 2769 2835 ἐπὶ
2810 2782 2907 2852 τῆς
2964 2782 3193 2851 καμίνου
3240 2781 3337 2849 τῆς
3384 2779 3767 2842 Βαϐυλωνίας,

2207 2872 2471 2942 τοσαύτης
2517 2873 2810 2943 αἰρομένης
2864 2872 3076 2941 φλογὸς,
3109 2872 3295 2942 δρόσος
3330 2867 3398 2941 ἦν
3428 2872 3541 2933 τοῖς
3596 2886 3771 2939 μακα-

2212 2960 2345 3030 ρίοις
2367 2960 2594 3024 ἐκείνοις
2626 2961 2811 3013 παισίν
2836 2978 2849 2991 ⁸
2876 2960 3020 3013 οῦτω
3042 2961 3137 3014 καὶ
3163 2960 3312 3029 φιλία
3331 2958 3421 3011 τοῦ
3450 2958 3771 3027 ἀγαπιῖιντος

2208 3053 2302 3105 καὶ
2333 3054 2654 3123 ἀρέσκοντος
2683 3055 2800 3123 Θεῷ
2827 3054 2926 3122 τὴν
2958 3054 3133 3122 ψυχὴν
3163 3050 3567 3115 καταλαϐοῦσα,
3592 3052 3771 3103 πᾶσαν

2207 3145 2555 3197 ἀποτινάσσει
2599 3144 2806 3212 φλόγα,
2859 3146 2951 3197 καὶ
2997 3144 3185 3214 δρόσον
3236 3146 3378 3195 ποιεῖ
3428 3142 3774 3211 θαυμαστήν.

2209 3234 2317 3288 Καὶ
2361 3234 2675 3298 βεϐαιώσει
2720 3236 2825 3290 τοῦ
2874 3237 3264 3305 Εὑαγγελίου,
3313 3234 3664 3304 φησίν.”Δρα
3705 3234 3775 3286 τά

2206 3326 2379 3396 δεσμά
2409 3327 2698 3397 βεὸαίωσις
2727 3328 2819 3381 τοῦ
2851 3329 3181 3396 Εὑαγγελίου
3211 3324 3299 3397 ἦν,
3331 3328 3439 3397 ἄρα
3481 3326 3766 3393 ἀπολογία.

2209 3416 2319 3468 Καὶ
2349 3417 2488 3471 πάνυ
2522 3418 2716 3485 ὑγιῶς·
2747 3420 2828 3471 ὃτι
2864 3421 2911 3472 εί
2942 3420 3041 3488 μὲν
3084 3418 3434 3488 παρῃτήσατο
3473 3416 3543 3469 τά
3571 3415 3769 3484 δεσμά,

2208 3506 2384 3572 ἔδοξεν
2433 3509 2498 3562 ἂν
2545 3504 2683 3563 εἶναι
2732 3510 3011 3564 ἀπατεών’
3045 3510 3139 3563 νῦν
3167 3510 3223 3561 δὲ
3255 3509 3430 3561 πάντα
3463 3507 3765 3575 ὑπομένων.

2208 3600 2301 3651 καὶ
2325 3599 2497 3669 δεσμά
2524 3601 2617 3654 καὶ
2647 3600 2843 3669 θλῖψιν,
2871 3600 3019 3669 δηλοῖ
3038 3600 3114 3664 ώς
3138 3601 3237 3653 οὐκ
3261 3599 3609 3670 ἀνθρωπίνης
3629 3599 3771 3662 τινὸς

2208 3691 2385 3753 αἰτίας
2417 3692 2603 3744 ἕνεκεν
2645 3691 2815 3744 ταῦτα
2846 3692 3064 3762 πάσχει,
3092 3693 3226 3746 ἀλλὰ
3272 3692 3360 3744 διὰ
3396 3690 3489 3743 τὸν
3519 3690 3653 3743 Θεὸν
3682 3691 3769 3742 τὸν

2208 3782 2641 3836 ἀνταποδιδόντα.
2674 3783 2861 3846 Οὐδεὶς
2894 3782 2997 3855 γάρ
3040 3784 3104 3836 ἂν
3142 3784 3235 3835 καὶ
3269 3782 3556 3835 ἀποθανεῖν
3599 3781 3771 3834 εἵλετο

2210 3876 2302 3927 καὶ
2329 3874 2611 3937 τοσούτους
2650 3874 2925 3937 κινδύνους
2966 3874 3342 3938 ἀναδέξασθαι,
3372 3873 3543 3935 οὐδεὶς
3585 3871 3652 3924 ἂν
3681 3872 3771 3924 καὶ

2211 3966 2419 4037 βασιλεῖ
2445 3967 2671 4037 τοιούτῳ
2696 3968 3015 4034 κατεδέξατο
3038 3965 3431 4038 προσκροῦσαι,
3450 3964 3528 4035 τῷ
3553 3965 3772 4033 Νέρωνι

2208 4060 2372 4127 λέγω,
2391 4060 2438 4111 εἰ
2464 4059 2537 4129 μὴ
2567 4060 2701 4129 πρὸς
2724 4059 2907 4130 ’ἐτερον
2934 4059 3078 4131 ἐώρα
3097 4058 3318 4128 βασιλέα
3335 4058 3512 4127 πολλῷ
3531 4058 3777 4128 μείζονα.

2212 4154 2353 4223 Ἀρα
2402 4150 2688 4221 βεϐαίωσις
2732 4150 2823 4204 τοῦ
2875 4150 3205 4218 Εύαγγελίου
3245 4146 3315 4219 ἦν
3341 4152 3407 4201 τά
3432 4148 3782 4217 δεσμά.”ορα

2210 4245 2327 4307 πῶς
2351 4246 2415 4298 ἐκ
2442 4243 2759 4315 περιουσίας
2786 4245 2867 4304 είς
2889 4244 2949 4295 τὸ
2980 4242 3220 4295 ἐναντίον
3249 4242 3462 4294 ἅπαντα
3502 4239 3649 4311 [I99]
3682 4258 3782 4293 πεο

2217 4335 2592 4405 ριέτρεψεν.⁶“υ
2618 4335 2727 4404 γάρ
2755 4333 3000 4404 ἐνόμιζον
3028 4330 3164 4386 εἶναι
3191 4333 3473 4386 ἀσθένειαν
3509 4333 3606 4386 καὶ
3640 4349 3778 4385 κατ-

2207 4426 2457 4496 ηγορίαν,
2480 4426 2638 4480 τοῦτο
2666 4425 2955 4496 βεϐαίωσίν
2989 4442 3153 4494 φησι·
3184 4424 3279 4478 καὶ
3307 4426 3356 4477 εἰ
3388 4425 3462 4495 μὴ
3491 4423 3653 4477 τοῦτο
3679 4424 3775 4489 γέο

2210 4536 2383 4587 γονεν,
2413 4519 2471 4570 ἐν
2495 4518 2746 4588 ἀσθενείᾳ
2782 4512 2869 4586 ἦν.
2898 4513 3028 4570 Εἶτα
3062 4516 3329 4568 δείκνυσιν
3361 4518 3443 4569 ὅτι
3472 4516 3530 4568 οὐ
3574 4514 3781 4584 προλή-

2208 4609 2353 4679 ψεως
2375 4611 2407 4679 ἡ
2430 4610 2639 4679 ἀγάπη,
2670 4609 2805 4662 ἀλλὰ
2852 4609 3104 4680 κρίσεως.
3144 4608 3241 4660 Διά
3280 4608 3331 4661 τί
3345 4626 3359 4673 ;
3395 4606 3555 4675 Ἕχω
3594 4606 3776 4675 ὑμᾶς⁹

2209 4700 2393 4769 φησὶν,
2424 4700 2493 4752 ἐν
2522 4696 2647 4764 τοῖς
2694 4697 2940 4766 δεσμοῖς
2982 4715 3122 4765 μου,
3154 4698 3253 4751 καί
3287 4698 3356 4751 ἐν
3376 4698 3449 4766 τῇ
3478 4698 3779 4765 ἀπολογίᾳ

2208 4792 2306 4844 διὰ
2351 4793 2417 4844 τὸ
2450 4791 2892 4859 συγκοινωνοὺς
2935 4786 3087 4843 εἶναι
3134 4788 3242 4858 τῆς
3270 4790 3529 4858 χάριτος.
3558 4790 3624 4841 Τί
3658 4792 3777 4842 ἐστι

2207 4883 2362 4937 τοῦτο
2382 4900 2396 4945 ;
2422 4884 2455 4951 ἡ
2474 4883 2631 4951 χάρις
2650 4882 2742 4935 τοῦ
2760 4882 3084 4935 Ἀποστόλου
3102 4881 3257 4935 τοῦτο
3272 4878 3339 4953 ἦν
3358 4882 3419 4935 τὸ
3431 4883 3485 4935 δε
3495 4882 3773 4952 σμεῖσθαι,

2206 4977 2267 5031 10
2293 4974 2631 5038 ἐλαύνεσθαι,
2657 4976 2718 5028 τὸ
2747 4975 2914 5046 μυρία
2941 4976 3165 5045 πάσχειν
3200 4974 3379 5040 δεινάς
3409 4973 3548 5026 Ναί·
3589 4974 3783 5042 Ἀρκεῖ

2207 5068 2316 5139 γάρ
2359 5083 2478 5131 σοι.
2511 5068 2694 5139 φησιν,
2718 5069 2755 5135 ἡ
2787 5067 2957 5134 χάρις
2981 5086 3127 5138 μου’
3160 5069 3198 5135 ἢ
3242 5068 3351 5139 γὰρ
3378 5066 3630 5137 δύναμίς
3649 5085 3782 5137 μου

2207 5163 2275 5215 ἐν
2319 5162 2601 5229 ἀσθενείᾳ
2650 5162 2995 5214 τελειοῦται.
3029 5161 3123 5213 Διὸ
3178 5158 3421 5219 εὐδοκῶ,
3472 5162 3658 5229 φησὶν,
3703 5160 3775 5213 ἐν

2208 5252 2562 5317 ἀσθενείαις,
2591 5251 2660 5303 ἐν
2686 5251 2947 5318 ὕϐρεσιν.
2987 5249 3137 5301 Ἐπεὶ
3186 5246 3277 5303 οῦν
3312 5248 3453 5320 ὀρῶν
3497 5249 3643 5320 ὑμᾶς
3685 5250 3775 5303 διά

2206 5346 2315 5398 τῶν
2343 5345 2517 5416 ἔργων
2547 5344 2645 5413 τὴν
2672 5343 2869 5414 ἀρετὴν
2896 5343 3388 5412 ἐπιδεικνυμένους,
3420 5343 3515 5396 καὶ
3548 5344 3646 5413 τῆς
3675 5344 3777 5413 χά·

2212 5452 2354 5502 ριτος
2382 5434 2581 5503 ταύτης
2610 5433 2767 5495 ὄντας
2798 5432 3108 5495 κοινωνοὺς,
3139 5434 3235 5485 καὶ
3274 5432 3409 5501 μετά
3441 5432 3774 5503 προθυμίας,

2208 5529 2428 5592 είκότως
2464 5528 2635 5581 ταῦτα
2658 5525 2999 5597 στοχάζομαι.
3023 5526 3080 5578 '0
3101 5525 3211 5595 γὰρ
3238 5529 3429 5597 πεῖραν
3446 5527 3599 5595 ὑμῶν
3624 5526 3776 5597 εἱλη.

2210 5620 2342 5691 φὼς,
2369 5623 2460 5675 καὶ
2511 5621 2741 5691 μάλιστα
2791 5619 3008 5673 πάντων
3036 5619 3179 5688 ὑμᾶς
3214 5618 3392 5682 εἰδὼς,
3422 5619 3609 5673 καὶτὰ
3638 5620 3776 5689 ὑμέ-

2210 5732 2338 5784 τερα
2368 5711 2785 5784 κατορθώματα,
2820 5710 2901 5764 ὅτι
2939 5712 3033 5765 καὶ
3071 5709 3322 5787 τοσοῦτον
3351 5711 3506 5783 ἡμῶν
3532 5712 3778 5781 ἀφεστη-
