  <div class='ocr_page' id='page_1' title='image "/cluster/home/n/w/nwhite01/storage/ocr_20150623/62/hvd.32044019207836/192.png"; bbox 0 0 3974 6500; ppageno 0'>
   <div class='ocr_carea' id='block_1_1' title="bbox 254 523 359 579">
    <p class='ocr_par' dir='ltr' id='par_1_1' title="bbox 254 523 359 579">
     <span class='ocr_line' id='line_1_1' title="bbox 254 523 359 579; baseline 0.019 -2"><span class='ocrx_word' id='word_1_1' title='bbox 254 523 359 579; x_wconf 71' lang='grc'><strong>185</strong></span> 
     </span>
    </p>
   </div>
   <div class='ocr_carea' id='block_1_2' title="bbox 248 638 1832 713">
    <p class='ocr_par' dir='ltr' id='par_1_2' title="bbox 248 638 1832 713">
     <span class='ocr_line' id='line_1_2' title="bbox 248 638 1832 713; baseline -0.007 -10"><span class='ocrx_word' id='word_1_2' title='bbox 248 649 445 703; x_wconf 80' lang='lat' dir='ltr'><strong>abesse</strong></span> <span class='ocrx_word' id='word_1_3' title='bbox 476 666 492 703; x_wconf 90' lang='lat'><strong>:</strong></span> <span class='ocrx_word' id='word_1_4' title='bbox 520 647 645 702; x_wconf 92' lang='lat' dir='ltr'><strong>licet</strong></span> <span class='ocrx_word' id='word_1_5' title='bbox 682 645 835 702; x_wconf 82' lang='lat' dir='ltr'><strong>vobis</strong></span> <span class='ocrx_word' id='word_1_6' title='bbox 881 643 982 698; x_wconf 88' lang='lat' dir='ltr'><strong>alia</strong></span> <span class='ocrx_word' id='word_1_7' title='bbox 1027 643 1256 713; x_wconf 90' lang='lat' dir='ltr'><strong>quadam</strong></span> <span class='ocrx_word' id='word_1_8' title='bbox 1309 644 1517 697; x_wconf 98' lang='lat' dir='ltr'><strong>ratione</strong></span> <span class='ocrx_word' id='word_1_9' title='bbox 1564 656 1683 696; x_wconf 88' lang='lat' dir='ltr'><strong>cum</strong></span> <span class='ocrx_word' id='word_1_10' title='bbox 1728 638 1832 693; x_wconf 82' lang='lat' dir='ltr'><strong>illis</strong></span> 
     </span>
    </p>
   </div>
   <div class='ocr_carea' id='block_1_3' title="bbox 246 730 1834 801">
    <p class='ocr_par' dir='ltr' id='par_1_3' title="bbox 246 730 1834 801">
     <span class='ocr_line' id='line_1_3' title="bbox 246 730 1834 801; baseline -0.007 -8"><span class='ocrx_word' id='word_1_11' title='bbox 246 740 395 793; x_wconf 82' lang='lat' dir='ltr'><strong>coire</strong></span> <span class='ocrx_word' id='word_1_12' title='bbox 420 738 758 801; x_wconf 87' lang='lat' dir='ltr'><strong>societatem,</strong></span> <span class='ocrx_word' id='word_1_13' title='bbox 798 736 851 791; x_wconf 91' lang='lat' dir='ltr'><strong>id</strong></span> <span class='ocrx_word' id='word_1_14' title='bbox 890 746 974 791; x_wconf 90' lang='lat' dir='ltr'><strong>est</strong></span> <span class='ocrx_word' id='word_1_15' title='bbox 1004 734 1363 797; x_wconf 89' lang='lat' dir='ltr'><strong>inserviendo,</strong></span> <span class='ocrx_word' id='word_1_16' title='bbox 1393 733 1630 788; x_wconf 88' lang='lat' dir='ltr'><strong>curando</strong></span> <span class='ocrx_word' id='word_1_17' title='bbox 1655 746 1718 785; x_wconf 90' lang='lat' dir='ltr'><strong>ac</strong></span> <span class='ocrx_word' id='word_1_18' title='bbox 1745 730 1834 783; x_wconf 82' lang='lat' dir='ltr'><strong>fo-</strong></span> 
     </span>
    </p>
   </div>
   <div class='ocr_carea' id='block_1_4' title="bbox 246 820 1832 895">
    <p class='ocr_par' dir='ltr' id='par_1_4' title="bbox 246 820 1832 895">
     <span class='ocr_line' id='line_1_4' title="bbox 246 820 1832 895; baseline -0.004 -13"><span class='ocrx_word' id='word_1_19' title='bbox 246 827 448 885; x_wconf 80' lang='lat' dir='ltr'><strong>vendo.</strong></span> <span class='ocrx_word' id='word_1_20' title='bbox 488 827 623 883; x_wconf 78' lang='lat' dir='ltr'><strong>Nam</strong></span> <span class='ocrx_word' id='word_1_21' title='bbox 658 836 712 883; x_wconf 92' lang='lat' dir='ltr'><strong>et</strong></span> <span class='ocrx_word' id='word_1_22' title='bbox 752 827 853 882; x_wconf 92' lang='lat' dir='ltr'><strong>hoc</strong></span> <span class='ocrx_word' id='word_1_23' title='bbox 890 826 985 881; x_wconf 86' lang='lat' dir='ltr'><strong>Dei</strong></span> <span class='ocrx_word' id='word_1_24' title='bbox 1022 825 1368 895; x_wconf 83' lang='lat' dir='ltr'><strong>benignitatis</strong></span> <span class='ocrx_word' id='word_1_25' title='bbox 1398 832 1503 890; x_wconf 88' lang='lat' dir='ltr'><strong>est,</strong></span> <span class='ocrx_word' id='word_1_26' title='bbox 1542 836 1635 877; x_wconf 89' lang='lat' dir='ltr'><strong>eos</strong></span> <span class='ocrx_word' id='word_1_27' title='bbox 1670 820 1832 876; x_wconf 88' lang='lat' dir='ltr'><strong>etiam</strong></span> 
     </span>
    </p>
   </div>
   <div class='ocr_carea' id='block_1_5' title="bbox 243 914 1828 990">
    <p class='ocr_par' dir='ltr' id='par_1_5' title="bbox 243 914 1828 990">
     <span class='ocr_line' id='line_1_5' title="bbox 243 914 1828 990; baseline -0.007 -16"><span class='ocrx_word' id='word_1_28' title='bbox 243 920 335 990; x_wconf 82' lang='lat' dir='ltr'><strong>qui</strong></span> <span class='ocrx_word' id='word_1_29' title='bbox 365 919 789 989; x_wconf 85' lang='lat' dir='ltr'><strong>negligentiores</strong></span> <span class='ocrx_word' id='word_1_30' title='bbox 826 926 970 980; x_wconf 88' lang='lat' dir='ltr'><strong>sunt,</strong></span> <span class='ocrx_word' id='word_1_31' title='bbox 1001 931 1102 971; x_wconf 90' lang='lat' dir='ltr'><strong>nec</strong></span> <span class='ocrx_word' id='word_1_32' title='bbox 1140 916 1327 969; x_wconf 90' lang='lat' dir='ltr'><strong>duram</strong></span> <span class='ocrx_word' id='word_1_33' title='bbox 1358 914 1527 977; x_wconf 80' lang='lat' dir='ltr'><strong>illam,</strong></span> <span class='ocrx_word' id='word_1_34' title='bbox 1562 926 1828 982; x_wconf 84' lang='lat' dir='ltr'><strong>asperam,</strong></span> 
     </span>
    </p>
   </div>
   <div class='ocr_carea' id='block_1_6' title="bbox 244 1009 1829 1085">
    <p class='ocr_par' dir='ltr' id='par_1_6' title="bbox 244 1009 1829 1085">
     <span class='ocr_line' id='line_1_6' title="bbox 244 1009 1829 1085; baseline -0.009 -15"><span class='ocrx_word' id='word_1_35' title='bbox 244 1014 575 1085; x_wconf 72' lang='lat' dir='ltr'><strong>exquisitam</strong></span> <span class='ocrx_word' id='word_1_36' title='bbox 606 1013 815 1067; x_wconf 80' lang='lat' dir='ltr'><strong>vivendi</strong></span> <span class='ocrx_word' id='word_1_37' title='bbox 845 1014 1104 1066; x_wconf 88' lang='lat' dir='ltr'><strong>rationem</strong></span> <span class='ocrx_word' id='word_1_38' title='bbox 1130 1009 1405 1078; x_wconf 88' lang='lat' dir='ltr'><strong>suscipere</strong></span> <span class='ocrx_word' id='word_1_39' title='bbox 1434 1014 1678 1077; x_wconf 88' lang='lat' dir='ltr'><strong>possunt,</strong></span> <span class='ocrx_word' id='word_1_40' title='bbox 1705 1020 1829 1058; x_wconf 78' lang='lat' dir='ltr'><strong>rur-</strong></span> 
     </span>
    </p>
   </div>
   <div class='ocr_carea' id='block_1_7' title="bbox 242 1095 1828 1176">
    <p class='ocr_par' dir='ltr' id='par_1_7' title="bbox 242 1095 1828 1176">
     <span class='ocr_line' id='line_1_7' title="bbox 242 1095 1828 1176; baseline -0.008 -15"><span class='ocrx_word' id='word_1_41' title='bbox 242 1121 339 1161; x_wconf 84' lang='lat' dir='ltr'><strong>sus</strong></span> <span class='ocrx_word' id='word_1_42' title='bbox 377 1122 477 1176; x_wconf 90' lang='lat' dir='ltr'><strong>per</strong></span> <span class='ocrx_word' id='word_1_43' title='bbox 512 1107 668 1159; x_wconf 87' lang='lat' dir='ltr'><strong>aliam</strong></span> <span class='ocrx_word' id='word_1_44' title='bbox 711 1106 851 1158; x_wconf 86' lang='lat' dir='ltr'><strong>viam</strong></span> <span class='ocrx_word' id='word_1_45' title='bbox 888 1102 956 1156; x_wconf 90' lang='lat' dir='ltr'><strong>ad</strong></span> <span class='ocrx_word' id='word_1_46' title='bbox 985 1102 1231 1157; x_wconf 90' lang='lat' dir='ltr'><strong>eumdem</strong></span> <span class='ocrx_word' id='word_1_47' title='bbox 1260 1111 1418 1168; x_wconf 90' lang='lat' dir='ltr'><strong>atque</strong></span> <span class='ocrx_word' id='word_1_48' title='bbox 1455 1098 1574 1153; x_wconf 89' lang='lat' dir='ltr'><strong>illos</strong></span> <span class='ocrx_word' id='word_1_49' title='bbox 1609 1095 1828 1166; x_wconf 89' lang='lat' dir='ltr'><strong>gradum</strong></span> 
     </span>
    </p>
   </div>
   <div class='ocr_carea' id='block_1_8' title="bbox 242 1190 1830 1269">
    <p class='ocr_par' dir='ltr' id='par_1_8' title="bbox 242 1190 1830 1269">
     <span class='ocr_line' id='line_1_8' title="bbox 242 1190 1830 1269; baseline -0.009 -14"><span class='ocrx_word' id='word_1_50' title='bbox 242 1199 571 1269; x_wconf 77' lang='lat' dir='ltr'><strong>provehere.</strong></span> <span class='ocrx_word' id='word_1_51' title='bbox 598 1200 771 1266; x_wconf 81' lang='lat' dir='ltr'><strong>Atque</strong></span> <span class='ocrx_word' id='word_1_52' title='bbox 799 1197 899 1251; x_wconf 88' lang='lat' dir='ltr'><strong>hoc</strong></span> <span class='ocrx_word' id='word_1_53' title='bbox 924 1193 1057 1249; x_wconf 92' lang='lat' dir='ltr'><strong>illud</strong></span> <span class='ocrx_word' id='word_1_54' title='bbox 1084 1202 1182 1259; x_wconf 89' lang='lat' dir='ltr'><strong>est,</strong></span> <span class='ocrx_word' id='word_1_55' title='bbox 1207 1192 1346 1263; x_wconf 90' lang='lat' dir='ltr'><strong>quod</strong></span> <span class='ocrx_word' id='word_1_56' title='bbox 1372 1190 1567 1246; x_wconf 88' lang='lat' dir='ltr'><strong>Paulus</strong></span> <span class='ocrx_word' id='word_1_57' title='bbox 1590 1203 1830 1243; x_wconf 88' lang='lat' dir='ltr'><strong>commu-</strong></span> 
     </span>
    </p>
   </div>
   <div class='ocr_carea' id='block_1_9' title="bbox 241 1277 1837 1357">
    <p class='ocr_par' dir='ltr' id='par_1_9' title="bbox 241 1277 1837 1357">
     <span class='ocr_line' id='line_1_9' title="bbox 241 1277 1837 1357; baseline -0.01 -11"><span class='ocrx_word' id='word_1_58' title='bbox 241 1294 469 1347; x_wconf 87' lang='lat' dir='ltr'><strong>nionem</strong></span> <span class='ocrx_word' id='word_1_59' title='bbox 515 1300 712 1344; x_wconf 88' lang='lat' dir='ltr'><strong>vocat:</strong></span> <span class='ocrx_word' id='word_1_60' title='bbox 742 1288 1149 1343; x_wconf 87' lang='lat' dir='ltr'><strong>Commnnicaut</strong></span> <span class='ocrx_word' id='word_1_61' title='bbox 1180 1284 1359 1348; x_wconf 87' lang='lat' dir='ltr'><strong>nobis,</strong></span> <span class='ocrx_word' id='word_1_62' title='bbox 1400 1282 1591 1351; x_wconf 84' lang='lat' dir='ltr'><strong>inquit,</strong></span> <span class='ocrx_word' id='word_1_63' title='bbox 1631 1287 1686 1333; x_wconf 90' lang='lat' dir='ltr'><strong>et</strong></span> <span class='ocrx_word' id='word_1_64' title='bbox 1725 1277 1837 1357; x_wconf 35' lang='lat' dir='ltr'><strong>im-.</strong></span> 
     </span>
    </p>
   </div>
   <div class='ocr_carea' id='block_1_10' title="bbox 237 1370 1825 1455">
    <p class='ocr_par' dir='ltr' id='par_1_10' title="bbox 237 1370 1825 1455">
     <span class='ocr_line' id='line_1_10' title="bbox 237 1370 1825 1455; baseline -0.009 -17"><span class='ocrx_word' id='word_1_65' title='bbox 237 1387 486 1455; x_wconf 89' lang='lat' dir='ltr'><strong>partiunt</strong></span> <span class='ocrx_word' id='word_1_66' title='bbox 515 1383 780 1445; x_wconf 80' lang='lat' dir='ltr'><strong>carnalia;</strong></span> <span class='ocrx_word' id='word_1_67' title='bbox 815 1392 868 1436; x_wconf 89' lang='lat' dir='ltr'><strong>et</strong></span> <span class='ocrx_word' id='word_1_68' title='bbox 895 1395 993 1435; x_wconf 87' lang='lat' dir='ltr'><strong>nos</strong></span> <span class='ocrx_word' id='word_1_69' title='bbox 1022 1380 1128 1434; x_wconf 88' lang='lat' dir='ltr'><strong>illis</strong></span> <span class='ocrx_word' id='word_1_70' title='bbox 1166 1376 1625 1433; x_wconf 90' lang='lat' dir='ltr'><strong>communicamus</strong></span> <span class='ocrx_word' id='word_1_71' title='bbox 1663 1370 1825 1440; x_wconf 90' lang='lat' dir='ltr'><strong>spiri-</strong></span> 
     </span>
    </p>
   </div>
   <div class='ocr_carea' id='block_1_11' title="bbox 238 1464 1828 1545">
    <p class='ocr_par' dir='ltr' id='par_1_11' title="bbox 238 1464 1828 1545">
     <span class='ocr_line' id='line_1_11' title="bbox 238 1464 1828 1545; baseline -0.008 -17"><span class='ocrx_word' id='word_1_72' title='bbox 238 1475 405 1530; x_wconf 88' lang='lat' dir='ltr'><strong>tualia</strong></span> <span class='ocrx_word' id='word_1_73' title='bbox 438 1474 617 1545; x_wconf 85' lang='lat' dir='ltr'><strong>(Rom.</strong></span> <span class='ocrx_word' id='word_1_74' title='bbox 654 1473 742 1527; x_wconf 74' lang='grc'><strong>15.</strong></span> <span class='ocrx_word' id='word_1_75' title='bbox 770 1472 884 1542; x_wconf 73' lang='lat'><strong>27).</strong></span> <span class='ocrx_word' id='word_1_76' title='bbox 926 1470 1057 1525; x_wconf 87' lang='lat' dir='ltr'><strong>Nam</strong></span> <span class='ocrx_word' id='word_1_77' title='bbox 1087 1465 1534 1538; x_wconf 82' lang='lat' dir='ltr'><strong>quemadmodum</strong></span> <span class='ocrx_word' id='word_1_78' title='bbox 1564 1464 1701 1518; x_wconf 91' lang='lat' dir='ltr'><strong>Deus</strong></span> <span class='ocrx_word' id='word_1_79' title='bbox 1727 1476 1828 1532; x_wconf 92' lang='lat' dir='ltr'><strong>pro</strong></span> 
     </span>
    </p>
   </div>
   <div class='ocr_carea' id='block_1_12' title="bbox 233 1553 1828 1635">
    <p class='ocr_par' dir='ltr' id='par_1_12' title="bbox 233 1553 1828 1635">
     <span class='ocr_line' id='line_1_12' title="bbox 233 1553 1828 1635; baseline -0.009 -14"><span class='ocrx_word' id='word_1_80' title='bbox 233 1565 452 1635; x_wconf 78' lang='lat' dir='ltr'><strong>exiguis</strong></span> <span class='ocrx_word' id='word_1_81' title='bbox 494 1579 559 1618; x_wconf 91' lang='lat' dir='ltr'><strong>ac</strong></span> <span class='ocrx_word' id='word_1_82' title='bbox 604 1564 804 1618; x_wconf 88' lang='lat' dir='ltr'><strong>nullius</strong></span> <span class='ocrx_word' id='word_1_83' title='bbox 834 1560 1085 1631; x_wconf 90' lang='lat' dir='ltr'><strong>ponderis</strong></span> <span class='ocrx_word' id='word_1_84' title='bbox 1112 1560 1272 1613; x_wconf 84' lang='lat' dir='ltr'><strong>rebus</strong></span> <span class='ocrx_word' id='word_1_85' title='bbox 1307 1571 1531 1626; x_wconf 81' lang='lat' dir='ltr'><strong>regnum</strong></span> <span class='ocrx_word' id='word_1_86' title='bbox 1561 1553 1780 1623; x_wconf 77' lang='lat' dir='ltr'><strong>largitur</strong></span> <span class='ocrx_word' id='word_1_87' title='bbox 1807 1567 1828 1607; x_wconf 88' lang='lat'><strong>:</strong></span> 
     </span>
    </p>
   </div>
   <div class='ocr_carea' id='block_1_13' title="bbox 234 1643 1825 1723">
    <p class='ocr_par' dir='ltr' id='par_1_13' title="bbox 234 1643 1825 1723">
     <span class='ocr_line' id='line_1_13' title="bbox 234 1643 1825 1723; baseline -0.01 -11"><span class='ocrx_word' id='word_1_88' title='bbox 234 1659 306 1711; x_wconf 91' lang='lat' dir='ltr'><strong>ita</strong></span> <span class='ocrx_word' id='word_1_89' title='bbox 338 1666 400 1712; x_wconf 90' lang='lat' dir='ltr'><strong>et</strong></span> <span class='ocrx_word' id='word_1_90' title='bbox 428 1656 573 1710; x_wconf 92' lang='lat' dir='ltr'><strong>illius</strong></span> <span class='ocrx_word' id='word_1_91' title='bbox 599 1655 738 1708; x_wconf 85' lang='lat' dir='ltr'><strong>servi</strong></span> <span class='ocrx_word' id='word_1_92' title='bbox 770 1669 866 1723; x_wconf 88' lang='lat' dir='ltr'><strong>pro</strong></span> <span class='ocrx_word' id='word_1_93' title='bbox 894 1652 1101 1722; x_wconf 79' lang='lat' dir='ltr'><strong>exiguis</strong></span> <span class='ocrx_word' id='word_1_94' title='bbox 1125 1665 1190 1705; x_wconf 91' lang='lat' dir='ltr'><strong>ac</strong></span> <span class='ocrx_word' id='word_1_95' title='bbox 1217 1648 1507 1704; x_wconf 85' lang='lat' dir='ltr'><strong>sensilibus</strong></span> <span class='ocrx_word' id='word_1_96' title='bbox 1530 1643 1825 1715; x_wconf 87' lang='lat' dir='ltr'><strong>spiritualia</strong></span> 
     </span>
    </p>
   </div>
   <div class='ocr_carea' id='block_1_14' title="bbox 236 1736 1826 1818">
    <p class='ocr_par' dir='ltr' id='par_1_14' title="bbox 236 1736 1826 1818">
     <span class='ocr_line' id='line_1_14' title="bbox 236 1736 1826 1818; baseline -0.008 -17"><span class='ocrx_word' id='word_1_97' title='bbox 236 1748 556 1818; x_wconf 90' lang='lat' dir='ltr'><strong>impartiunt</strong></span> <span class='ocrx_word' id='word_1_98' title='bbox 579 1763 595 1811; x_wconf 93' lang='lat'><strong>;</strong></span> <span class='ocrx_word' id='word_1_99' title='bbox 624 1747 732 1800; x_wconf 90' lang='lat' dir='ltr'><strong>imo</strong></span> <span class='ocrx_word' id='word_1_100' title='bbox 762 1760 889 1799; x_wconf 85' lang='lat' dir='ltr'><strong>vero</strong></span> <span class='ocrx_word' id='word_1_101' title='bbox 916 1745 1030 1812; x_wconf 91' lang='lat' dir='ltr'><strong>ipse</strong></span> <span class='ocrx_word' id='word_1_102' title='bbox 1057 1750 1162 1806; x_wconf 90' lang='lat' dir='ltr'><strong>est,</strong></span> <span class='ocrx_word' id='word_1_103' title='bbox 1189 1741 1276 1811; x_wconf 89' lang='lat' dir='ltr'><strong>qui</strong></span> <span class='ocrx_word' id='word_1_104' title='bbox 1308 1755 1404 1809; x_wconf 90' lang='lat' dir='ltr'><strong>per</strong></span> <span class='ocrx_word' id='word_1_105' title='bbox 1432 1739 1530 1793; x_wconf 91' lang='lat' dir='ltr'><strong>bos</strong></span> <span class='ocrx_word' id='word_1_106' title='bbox 1553 1745 1608 1791; x_wconf 87' lang='lat' dir='ltr'><strong>et</strong></span> <span class='ocrx_word' id='word_1_107' title='bbox 1633 1736 1748 1789; x_wconf 64' lang='lat' dir='ltr'><strong>haec</strong></span> <span class='ocrx_word' id='word_1_108' title='bbox 1770 1744 1826 1788; x_wconf 91' lang='lat' dir='ltr'><strong>et</strong></span> 
     </span>
    </p>
   </div>
   <div class='ocr_carea' id='block_1_15' title="bbox 234 1826 1825 1906">
    <p class='ocr_par' dir='ltr' id='par_1_15' title="bbox 234 1826 1825 1906">
     <span class='ocr_line' id='line_1_15' title="bbox 234 1826 1825 1906; baseline -0.01 -13"><span class='ocrx_word' id='word_1_109' title='bbox 234 1840 322 1893; x_wconf 86' lang='lat' dir='ltr'><strong>illa</strong></span> <span class='ocrx_word' id='word_1_110' title='bbox 350 1839 465 1892; x_wconf 87' lang='lat' dir='ltr'><strong>dat.</strong></span> <span class='ocrx_word' id='word_1_111' title='bbox 494 1837 611 1891; x_wconf 85' lang='lat' dir='ltr'><strong>Non</strong></span> <span class='ocrx_word' id='word_1_112' title='bbox 637 1846 791 1906; x_wconf 90' lang='lat' dir='ltr'><strong>potes</strong></span> <span class='ocrx_word' id='word_1_113' title='bbox 812 1834 1074 1905; x_wconf 86' lang='lat' dir='ltr'><strong>jejunium</strong></span> <span class='ocrx_word' id='word_1_114' title='bbox 1100 1830 1286 1887; x_wconf 88' lang='lat' dir='ltr'><strong>ferre?</strong></span> <span class='ocrx_word' id='word_1_115' title='bbox 1316 1846 1421 1884; x_wconf 92' lang='lat' dir='ltr'><strong>non</strong></span> <span class='ocrx_word' id='word_1_116' title='bbox 1444 1826 1825 1883; x_wconf 88' lang='lat' dir='ltr'><strong>solitudinem?</strong></span> 
     </span>
    </p>
   </div>
   <div class='ocr_carea' id='block_1_16' title="bbox 235 1921 1823 1997">
    <p class='ocr_par' dir='ltr' id='par_1_16' title="bbox 235 1921 1823 1997">
     <span class='ocr_line' id='line_1_16' title="bbox 235 1921 1823 1997; baseline -0.006 -13"><span class='ocrx_word' id='word_1_117' title='bbox 235 1947 342 1985; x_wconf 90' lang='lat' dir='ltr'><strong>non</strong></span> <span class='ocrx_word' id='word_1_118' title='bbox 366 1931 519 1984; x_wconf 89' lang='lat' dir='ltr'><strong>humi</strong></span> <span class='ocrx_word' id='word_1_119' title='bbox 540 1930 776 1984; x_wconf 80' lang='lat' dir='ltr'><strong>cubare?</strong></span> <span class='ocrx_word' id='word_1_120' title='bbox 802 1946 907 1983; x_wconf 89' lang='lat' dir='ltr'><strong>non</strong></span> <span class='ocrx_word' id='word_1_121' title='bbox 929 1930 1162 1997; x_wconf 87' lang='lat' dir='ltr'><strong>integras</strong></span> <span class='ocrx_word' id='word_1_122' title='bbox 1188 1935 1373 1980; x_wconf 90' lang='lat' dir='ltr'><strong>noctes</strong></span> <span class='ocrx_word' id='word_1_123' title='bbox 1395 1923 1650 1994; x_wconf 79' lang='lat' dir='ltr'><strong>vigilare?</strong></span> <span class='ocrx_word' id='word_1_124' title='bbox 1676 1921 1823 1975; x_wconf 84' lang='lat' dir='ltr'><strong>Licet</strong></span> 
     </span>
    </p>
   </div>
   <div class='ocr_carea' id='block_1_17' title="bbox 233 2012 1819 2083">
    <p class='ocr_par' dir='ltr' id='par_1_17' title="bbox 233 2012 1819 2083">
     <span class='ocr_line' id='line_1_17' title="bbox 233 2012 1819 2083; baseline -0.008 -6"><span class='ocrx_word' id='word_1_125' title='bbox 233 2024 328 2078; x_wconf 86' lang='lat' dir='ltr'><strong>tibi</strong></span> <span class='ocrx_word' id='word_1_126' title='bbox 376 2023 572 2077; x_wconf 89' lang='lat' dir='ltr'><strong>harum</strong></span> <span class='ocrx_word' id='word_1_127' title='bbox 616 2023 853 2077; x_wconf 91' lang='lat' dir='ltr'><strong>omnium</strong></span> <span class='ocrx_word' id='word_1_128' title='bbox 896 2035 1075 2074; x_wconf 90' lang='lat' dir='ltr'><strong>rerum</strong></span> <span class='ocrx_word' id='word_1_129' title='bbox 1120 2016 1424 2073; x_wconf 86' lang='lat' dir='ltr'><strong>mercedem</strong></span> <span class='ocrx_word' id='word_1_130' title='bbox 1471 2015 1735 2083; x_wconf 87' lang='lat' dir='ltr'><strong>accipere,</strong></span> <span class='ocrx_word' id='word_1_131' title='bbox 1776 2012 1819 2064; x_wconf 88' lang='lat' dir='ltr'><strong>si</strong></span> 
     </span>
    </p>
   </div>
   <div class='ocr_carea' id='block_1_18' title="bbox 232 2104 1819 2185">
    <p class='ocr_par' dir='ltr' id='par_1_18' title="bbox 232 2104 1819 2185">
     <span class='ocr_line' id='line_1_18' title="bbox 232 2104 1819 2185; baseline -0.008 -17"><span class='ocrx_word' id='word_1_132' title='bbox 232 2116 337 2169; x_wconf 87' lang='lat' dir='ltr'><strong>alia</strong></span> <span class='ocrx_word' id='word_1_133' title='bbox 365 2114 603 2185; x_wconf 87' lang='lat' dir='ltr'><strong>quadam</strong></span> <span class='ocrx_word' id='word_1_134' title='bbox 638 2114 846 2167; x_wconf 88' lang='lat' dir='ltr'><strong>ratione</strong></span> <span class='ocrx_word' id='word_1_135' title='bbox 883 2127 1000 2166; x_wconf 92' lang='lat' dir='ltr'><strong>rem</strong></span> <span class='ocrx_word' id='word_1_136' title='bbox 1044 2121 1186 2164; x_wconf 90' lang='lat' dir='ltr'><strong>tuam</strong></span> <span class='ocrx_word' id='word_1_137' title='bbox 1227 2107 1462 2180; x_wconf 78' lang='lat' dir='ltr'><strong>gesseris</strong></span> <span class='ocrx_word' id='word_1_138' title='bbox 1493 2123 1509 2159; x_wconf 86' lang='lat'><strong>:</strong></span> <span class='ocrx_word' id='word_1_139' title='bbox 1542 2119 1733 2172; x_wconf 88' lang='lat' dir='ltr'><strong>nempe</strong></span> <span class='ocrx_word' id='word_1_140' title='bbox 1775 2104 1819 2157; x_wconf 94' lang='lat' dir='ltr'><strong>si</strong></span> 
     </span>
    </p>
   </div>
   <div class='ocr_carea' id='block_1_19' title="bbox 232 2194 1822 2275">
    <p class='ocr_par' dir='ltr' id='par_1_19' title="bbox 232 2194 1822 2275">
     <span class='ocr_line' id='line_1_19' title="bbox 232 2194 1822 2275; baseline -0.009 -14"><span class='ocrx_word' id='word_1_141' title='bbox 232 2222 383 2271; x_wconf 87' lang='lat' dir='ltr'><strong>cum,</strong></span> <span class='ocrx_word' id='word_1_142' title='bbox 405 2206 498 2275; x_wconf 87' lang='lat' dir='ltr'><strong>qui</strong></span> <span class='ocrx_word' id='word_1_143' title='bbox 517 2206 649 2259; x_wconf 88' lang='lat' dir='ltr'><strong>istos</strong></span> <span class='ocrx_word' id='word_1_144' title='bbox 667 2204 879 2258; x_wconf 88' lang='lat' dir='ltr'><strong>labores</strong></span> <span class='ocrx_word' id='word_1_145' title='bbox 898 2203 1058 2271; x_wconf 87' lang='lat' dir='ltr'><strong>capit,</strong></span> <span class='ocrx_word' id='word_1_146' title='bbox 1080 2215 1256 2264; x_wconf 91' lang='lat' dir='ltr'><strong>cures,</strong></span> <span class='ocrx_word' id='word_1_147' title='bbox 1278 2212 1512 2263; x_wconf 90' lang='lat' dir='ltr'><strong>recrees,</strong></span> <span class='ocrx_word' id='word_1_148' title='bbox 1535 2194 1822 2263; x_wconf 88' lang='lat' dir='ltr'><strong>foveasque</strong></span> 
     </span>
    </p>
   </div>
   <div class='ocr_carea' id='block_1_20' title="bbox 232 2287 1820 2364">
    <p class='ocr_par' dir='ltr' id='par_1_20' title="bbox 232 2287 1820 2364">
     <span class='ocr_line' id='line_1_20' title="bbox 232 2287 1820 2364; baseline -0.008 -15"><span class='ocrx_word' id='word_1_149' title='bbox 232 2297 471 2359; x_wconf 69' lang='lat' dir='ltr'><strong>assidue,</strong></span> <span class='ocrx_word' id='word_1_150' title='bbox 501 2304 555 2349; x_wconf 92' lang='lat' dir='ltr'><strong>et</strong></span> <span class='ocrx_word' id='word_1_151' title='bbox 584 2295 821 2348; x_wconf 86' lang='lat' dir='ltr'><strong>laborem</strong></span> <span class='ocrx_word' id='word_1_152' title='bbox 848 2294 938 2364; x_wconf 87' lang='lat' dir='ltr'><strong>qui</strong></span> <span class='ocrx_word' id='word_1_153' title='bbox 963 2294 1016 2347; x_wconf 90' lang='lat' dir='ltr'><strong>in</strong></span> <span class='ocrx_word' id='word_1_154' title='bbox 1046 2292 1153 2346; x_wconf 90' lang='lat' dir='ltr'><strong>illis</strong></span> <span class='ocrx_word' id='word_1_155' title='bbox 1181 2289 1563 2346; x_wconf 85' lang='lat' dir='ltr'><strong>certaminibus</strong></span> <span class='ocrx_word' id='word_1_156' title='bbox 1592 2287 1820 2340; x_wconf 85' lang='lat' dir='ltr'><strong>sustine-</strong></span> 
     </span>
    </p>
   </div>
   <div class='ocr_carea' id='block_1_21' title="bbox 231 2376 1817 2455">
    <p class='ocr_par' dir='ltr' id='par_1_21' title="bbox 231 2376 1817 2455">
     <span class='ocr_line' id='line_1_21' title="bbox 231 2376 1817 2455; baseline -0.008 -13"><span class='ocrx_word' id='word_1_157' title='bbox 231 2399 316 2442; x_wconf 88' lang='lat' dir='ltr'><strong>tur</strong></span> <span class='ocrx_word' id='word_1_158' title='bbox 346 2389 524 2443; x_wconf 91' lang='lat' dir='ltr'><strong>levem</strong></span> <span class='ocrx_word' id='word_1_159' title='bbox 552 2387 770 2442; x_wconf 85' lang='lat' dir='ltr'><strong>reddas.</strong></span> <span class='ocrx_word' id='word_1_160' title='bbox 803 2386 897 2440; x_wconf 91' lang='lat' dir='ltr'><strong>llle</strong></span> <span class='ocrx_word' id='word_1_161' title='bbox 934 2385 1149 2455; x_wconf 89' lang='lat' dir='ltr'><strong>quidem</strong></span> <span class='ocrx_word' id='word_1_162' title='bbox 1189 2392 1296 2436; x_wconf 88' lang='lat' dir='ltr'><strong>stat</strong></span> <span class='ocrx_word' id='word_1_163' title='bbox 1336 2393 1578 2450; x_wconf 82' lang='lat' dir='ltr'><strong>pugnans</strong></span> <span class='ocrx_word' id='word_1_164' title='bbox 1608 2392 1670 2431; x_wconf 90' lang='lat' dir='ltr'><strong>ac</strong></span> <span class='ocrx_word' id='word_1_165' title='bbox 1698 2376 1817 2430; x_wconf 89' lang='lat' dir='ltr'><strong>vul-</strong></span> 
     </span>
    </p>
   </div>
   <div class='ocr_carea' id='block_1_22' title="bbox 229 2469 1816 2548">
    <p class='ocr_par' dir='ltr' id='par_1_22' title="bbox 229 2469 1816 2548">
     <span class='ocr_line' id='line_1_22' title="bbox 229 2469 1816 2548; baseline -0.008 -14"><span class='ocrx_word' id='word_1_166' title='bbox 229 2497 360 2535; x_wconf 85' lang='lat' dir='ltr'><strong>nera</strong></span> <span class='ocrx_word' id='word_1_167' title='bbox 400 2481 721 2548; x_wconf 78' lang='lat' dir='ltr'><strong>excipiens;</strong></span> <span class='ocrx_word' id='word_1_168' title='bbox 774 2487 826 2531; x_wconf 92' lang='lat' dir='ltr'><strong>tu</strong></span> <span class='ocrx_word' id='word_1_169' title='bbox 880 2493 1007 2531; x_wconf 92' lang='lat' dir='ltr'><strong>vero</strong></span> <span class='ocrx_word' id='word_1_170' title='bbox 1060 2492 1089 2528; x_wconf 88' lang='lat' dir='ltr'><strong>a</strong></span> <span class='ocrx_word' id='word_1_171' title='bbox 1137 2473 1430 2529; x_wconf 86' lang='lat' dir='ltr'><strong>certamine</strong></span> <span class='ocrx_word' id='word_1_172' title='bbox 1482 2469 1816 2532; x_wconf 88' lang='lat' dir='ltr'><strong>redeuntem,</strong></span> 
     </span>
    </p>
   </div>
   <div class='ocr_carea' id='block_1_23' title="bbox 228 2562 1817 2637">
    <p class='ocr_par' dir='ltr' id='par_1_23' title="bbox 228 2562 1817 2637">
     <span class='ocr_line' id='line_1_23' title="bbox 228 2562 1817 2637; baseline -0.009 -10"><span class='ocrx_word' id='word_1_173' title='bbox 228 2588 385 2637; x_wconf 85' lang='lat' dir='ltr'><strong>cura,</strong></span> <span class='ocrx_word' id='word_1_174' title='bbox 412 2572 584 2625; x_wconf 83' lang='lat' dir='ltr'><strong>obviis</strong></span> <span class='ocrx_word' id='word_1_175' title='bbox 613 2570 858 2624; x_wconf 88' lang='lat' dir='ltr'><strong>manibus</strong></span> <span class='ocrx_word' id='word_1_176' title='bbox 886 2568 1118 2637; x_wconf 88' lang='lat' dir='ltr'><strong>suscipe,</strong></span> <span class='ocrx_word' id='word_1_177' title='bbox 1148 2564 1398 2619; x_wconf 92' lang='lat' dir='ltr'><strong>sudorem</strong></span> <span class='ocrx_word' id='word_1_178' title='bbox 1428 2562 1692 2630; x_wconf 78' lang='lat' dir='ltr'><strong>absterge,</strong></span> <span class='ocrx_word' id='word_1_179' title='bbox 1728 2574 1817 2613; x_wconf 87' lang='lat' dir='ltr'><strong>re-</strong></span> 
     </span>
    </p>
   </div>
   <div class='ocr_carea' id='block_1_24' title="bbox 233 2650 1818 2729">
    <p class='ocr_par' dir='ltr' id='par_1_24' title="bbox 233 2650 1818 2729">
     <span class='ocr_line' id='line_1_24' title="bbox 233 2650 1818 2729; baseline -0.009 -11"><span class='ocrx_word' id='word_1_180' title='bbox 233 2679 383 2729; x_wconf 85' lang='lat' dir='ltr'><strong>crea,</strong></span> <span class='ocrx_word' id='word_1_181' title='bbox 408 2664 602 2727; x_wconf 86' lang='lat' dir='ltr'><strong>solare,</strong></span> <span class='ocrx_word' id='word_1_182' title='bbox 636 2662 829 2715; x_wconf 88' lang='lat' dir='ltr'><strong>lassam</strong></span> <span class='ocrx_word' id='word_1_183' title='bbox 860 2661 1092 2713; x_wconf 88' lang='lat' dir='ltr'><strong>animam</strong></span> <span class='ocrx_word' id='word_1_184' title='bbox 1123 2659 1244 2711; x_wconf 88' lang='lat' dir='ltr'><strong>fove</strong></span> <span class='ocrx_word' id='word_1_185' title='bbox 1270 2671 1333 2711; x_wconf 88' lang='lat' dir='ltr'><strong>ac</strong></span> <span class='ocrx_word' id='word_1_186' title='bbox 1360 2655 1539 2709; x_wconf 87' lang='lat' dir='ltr'><strong>retice.</strong></span> <span class='ocrx_word' id='word_1_187' title='bbox 1570 2650 1818 2706; x_wconf 77' lang='lat' dir='ltr'><strong>Profecto</strong></span> 
     </span>
    </p>
   </div>
   <div class='ocr_carea' id='block_1_25' title="bbox 235 2746 1818 2818">
    <p class='ocr_par' dir='ltr' id='par_1_25' title="bbox 235 2746 1818 2818">
     <span class='ocr_line' id='line_1_25' title="bbox 235 2746 1818 2818; baseline -0.006 -8"><span class='ocrx_word' id='word_1_188' title='bbox 235 2759 280 2810; x_wconf 84' lang='lat' dir='ltr'><strong>si</strong></span> <span class='ocrx_word' id='word_1_189' title='bbox 311 2766 459 2810; x_wconf 82' lang='lat' dir='ltr'><strong>tanta</strong></span> <span class='ocrx_word' id='word_1_190' title='bbox 478 2772 595 2810; x_wconf 92' lang='lat' dir='ltr'><strong>cum</strong></span> <span class='ocrx_word' id='word_1_191' title='bbox 614 2756 889 2811; x_wconf 84' lang='lat' dir='ltr'><strong>alacritate</strong></span> <span class='ocrx_word' id='word_1_192' title='bbox 909 2755 1109 2809; x_wconf 90' lang='lat' dir='ltr'><strong>sanctis</strong></span> <span class='ocrx_word' id='word_1_193' title='bbox 1131 2752 1504 2813; x_wconf 88' lang='lat' dir='ltr'><strong>inserviamus,</strong></span> <span class='ocrx_word' id='word_1_194' title='bbox 1530 2746 1818 2818; x_wconf 87' lang='lat' dir='ltr'><strong>participes</strong></span> 
     </span>
    </p>
   </div>
   <div class='ocr_carea' id='block_1_26' title="bbox 235 2840 1817 2919">
    <p class='ocr_par' dir='ltr' id='par_1_26' title="bbox 235 2840 1817 2919">
     <span class='ocr_line' id='line_1_26' title="bbox 235 2840 1817 2919; baseline -0.006 -16"><span class='ocrx_word' id='word_1_195' title='bbox 235 2848 546 2903; x_wconf 90' lang='lat' dir='ltr'><strong>mercedum</strong></span> <span class='ocrx_word' id='word_1_196' title='bbox 572 2863 691 2919; x_wconf 74' lang='lat' dir='ltr'><strong>qum</strong></span> <span class='ocrx_word' id='word_1_197' title='bbox 720 2848 842 2902; x_wconf 88' lang='lat' dir='ltr'><strong>illos</strong></span> <span class='ocrx_word' id='word_1_198' title='bbox 865 2855 1084 2901; x_wconf 90' lang='lat' dir='ltr'><strong>manent</strong></span> <span class='ocrx_word' id='word_1_199' title='bbox 1105 2846 1329 2900; x_wconf 86' lang='lat' dir='ltr'><strong>erimus.</strong></span> <span class='ocrx_word' id='word_1_200' title='bbox 1356 2844 1465 2897; x_wconf 91' lang='lat' dir='ltr'><strong>lloc</strong></span> <span class='ocrx_word' id='word_1_201' title='bbox 1493 2851 1549 2895; x_wconf 91' lang='lat' dir='ltr'><strong>et</strong></span> <span class='ocrx_word' id='word_1_202' title='bbox 1571 2840 1817 2895; x_wconf 85' lang='lat' dir='ltr'><strong>Christus</strong></span> 
     </span>
    </p>
   </div>
   <div class='ocr_carea' id='block_1_27' title="bbox 229 2933 1816 3005">
    <p class='ocr_par' dir='ltr' id='par_1_27' title="bbox 229 2933 1816 3005">
     <span class='ocr_line' id='line_1_27' title="bbox 229 2933 1816 3005; baseline -0.009 -8"><span class='ocrx_word' id='word_1_203' title='bbox 229 2943 394 2997; x_wconf 80' lang='lat' dir='ltr'><strong>docet</strong></span> <span class='ocrx_word' id='word_1_204' title='bbox 415 2984 431 3005; x_wconf 93' lang='lat'><strong>,</strong></span> <span class='ocrx_word' id='word_1_205' title='bbox 464 2941 638 2996; x_wconf 83' lang='lat' dir='ltr'><strong>Facite</strong></span> <span class='ocrx_word' id='word_1_206' title='bbox 664 2941 802 2995; x_wconf 79' lang='lat' dir='ltr'><strong>vobis</strong></span> <span class='ocrx_word' id='word_1_207' title='bbox 828 2942 1016 2993; x_wconf 89' lang='lat' dir='ltr'><strong>anticos</strong></span> <span class='ocrx_word' id='word_1_208' title='bbox 1044 2938 1108 2993; x_wconf 86' lang='lat' dir='ltr'><strong>de</strong></span> <span class='ocrx_word' id='word_1_209' title='bbox 1151 2952 1389 2990; x_wconf 87' lang='lat' dir='ltr'><strong>mamona</strong></span> <span class='ocrx_word' id='word_1_210' title='bbox 1432 2933 1728 3003; x_wconf 77' lang='lat' dir='ltr'><strong>iniquitatis,</strong></span> <span class='ocrx_word' id='word_1_211' title='bbox 1760 2939 1816 2984; x_wconf 84' lang='lat' dir='ltr'><strong>ut</strong></span> 
     </span>
    </p>
   </div>
   <div class='ocr_carea' id='block_1_28' title="bbox 226 3024 1815 3105">
    <p class='ocr_par' dir='ltr' id='par_1_28' title="bbox 226 3024 1815 3105">
     <span class='ocr_line' id='line_1_28' title="bbox 226 3024 1815 3105; baseline -0.006 -17"><span class='ocrx_word' id='word_1_212' title='bbox 226 3037 482 3105; x_wconf 85' lang='lat' dir='ltr'><strong>recipiant</strong></span> <span class='ocrx_word' id='word_1_213' title='bbox 506 3052 591 3089; x_wconf 81' lang='lat' dir='ltr'><strong>vos</strong></span> <span class='ocrx_word' id='word_1_214' title='bbox 615 3036 668 3087; x_wconf 88' lang='lat' dir='ltr'><strong>in</strong></span> <span class='ocrx_word' id='word_1_215' title='bbox 687 3047 879 3088; x_wconf 78' lang='lat' dir='ltr'><strong>teterna</strong></span> <span class='ocrx_word' id='word_1_216' title='bbox 896 3030 1221 3086; x_wconf 79' lang='lat' dir='ltr'><strong>tabernacula</strong></span> <span class='ocrx_word' id='word_1_217' title='bbox 1249 3030 1400 3100; x_wconf 87' lang='lat' dir='ltr'><strong>(Luc.</strong></span> <span class='ocrx_word' id='word_1_218' title='bbox 1434 3027 1520 3082; x_wconf 80' lang='grc'><strong>16.</strong></span> <span class='ocrx_word' id='word_1_219' title='bbox 1547 3028 1631 3093; x_wconf 84' lang='grc'><strong>9).</strong></span> <span class='ocrx_word' id='word_1_220' title='bbox 1656 3024 1815 3080; x_wconf 86' lang='lat' dir='ltr'><strong>Vides</strong></span> 
     </span>
    </p>
   </div>
   <div class='ocr_carea' id='block_1_29' title="bbox 225 3117 1813 3194">
    <p class='ocr_par' dir='ltr' id='par_1_29' title="bbox 225 3117 1813 3194">
     <span class='ocr_line' id='line_1_29' title="bbox 225 3117 1813 3194; baseline -0.005 -15"><span class='ocrx_word' id='word_1_221' title='bbox 225 3125 501 3194; x_wconf 88' lang='lat' dir='ltr'><strong>quomodo</strong></span> <span class='ocrx_word' id='word_1_222' title='bbox 530 3126 620 3179; x_wconf 89' lang='lat' dir='ltr'><strong>isti</strong></span> <span class='ocrx_word' id='word_1_223' title='bbox 651 3126 937 3194; x_wconf 85' lang='lat' dir='ltr'><strong>participes</strong></span> <span class='ocrx_word' id='word_1_224' title='bbox 979 3124 1103 3178; x_wconf 91' lang='lat' dir='ltr'><strong>facti</strong></span> <span class='ocrx_word' id='word_1_225' title='bbox 1146 3120 1379 3177; x_wconf 82' lang='lat' dir='ltr'><strong>fuerint?</strong></span> <span class='ocrx_word' id='word_1_226' title='bbox 1419 3121 1461 3173; x_wconf 85' lang='lat' dir='ltr'><strong><em>A</em></strong></span> <span class='ocrx_word' id='word_1_227' title='bbox 1506 3119 1670 3187; x_wconf 86' lang='lat' dir='ltr'><strong>prima</strong></span> <span class='ocrx_word' id='word_1_228' title='bbox 1707 3117 1813 3182; x_wconf 90' lang='lat' dir='ltr'><strong>die,</strong></span> 
     </span>
    </p>
   </div>
   <div class='ocr_carea' id='block_1_30' title="bbox 226 3208 1811 3287">
    <p class='ocr_par' dir='ltr' id='par_1_30' title="bbox 226 3208 1811 3287">
     <span class='ocr_line' id='line_1_30' title="bbox 226 3208 1811 3287; baseline -0.007 -15"><span class='ocrx_word' id='word_1_229' title='bbox 226 3219 416 3287; x_wconf 89' lang='lat' dir='ltr'><strong>inquit,</strong></span> <span class='ocrx_word' id='word_1_230' title='bbox 460 3234 619 3286; x_wconf 89' lang='lat' dir='ltr'><strong>usque</strong></span> <span class='ocrx_word' id='word_1_231' title='bbox 664 3233 821 3271; x_wconf 85' lang='lat' dir='ltr'><strong>nunc.</strong></span> <span class='ocrx_word' id='word_1_232' title='bbox 861 3215 942 3272; x_wconf 89' lang='lat' dir='ltr'><strong>Ob</strong></span> <span class='ocrx_word' id='word_1_233' title='bbox 990 3215 1093 3269; x_wconf 91' lang='lat' dir='ltr'><strong>hoc</strong></span> <span class='ocrx_word' id='word_1_234' title='bbox 1122 3215 1317 3284; x_wconf 89' lang='lat' dir='ltr'><strong>ipsum,</strong></span> <span class='ocrx_word' id='word_1_235' title='bbox 1352 3212 1542 3282; x_wconf 90' lang='lat' dir='ltr'><strong>inquit,</strong></span> <span class='ocrx_word' id='word_1_236' title='bbox 1582 3208 1811 3279; x_wconf 82' lang='lat' dir='ltr'><strong>gaudeo.</strong></span> 
     </span>
    </p>
   </div>
   <div class='ocr_carea' id='block_1_31' title="bbox 226 3300 1812 3380">
    <p class='ocr_par' dir='ltr' id='par_1_31' title="bbox 226 3300 1812 3380">
     <span class='ocr_line' id='line_1_31' title="bbox 226 3300 1812 3380; baseline -0.006 -15"><span class='ocrx_word' id='word_1_237' title='bbox 226 3312 399 3380; x_wconf 80' lang='lat' dir='ltr'><strong>Super</strong></span> <span class='ocrx_word' id='word_1_238' title='bbox 427 3310 884 3363; x_wconf 83' lang='lat' dir='ltr'><strong>communicatione</strong></span> <span class='ocrx_word' id='word_1_239' title='bbox 909 3317 1091 3362; x_wconf 83' lang='lat' dir='ltr'><strong>vestra.</strong></span> <span class='ocrx_word' id='word_1_240' title='bbox 1130 3304 1349 3361; x_wconf 86' lang='lat' dir='ltr'><strong>Gaudeo</strong></span> <span class='ocrx_word' id='word_1_241' title='bbox 1385 3313 1562 3357; x_wconf 89' lang='lat' dir='ltr'><strong>autem</strong></span> <span class='ocrx_word' id='word_1_242' title='bbox 1596 3316 1707 3355; x_wconf 91' lang='lat' dir='ltr'><strong>non</strong></span> <span class='ocrx_word' id='word_1_243' title='bbox 1744 3300 1812 3355; x_wconf 87' lang='lat' dir='ltr'><strong>de</strong></span> 
     </span>
    </p>
   </div>
   <div class='ocr_carea' id='block_1_32' title="bbox 222 3397 1811 3472">
    <p class='ocr_par' dir='ltr' id='par_1_32' title="bbox 222 3397 1811 3472">
     <span class='ocr_line' id='line_1_32' title="bbox 222 3397 1811 3472; baseline -0.008 -14"><span class='ocrx_word' id='word_1_244' title='bbox 222 3403 515 3472; x_wconf 75' lang='lat' dir='ltr'><strong>przcteritis</strong></span> <span class='ocrx_word' id='word_1_245' title='bbox 562 3410 789 3467; x_wconf 90' lang='lat' dir='ltr'><strong>tantum,</strong></span> <span class='ocrx_word' id='word_1_246' title='bbox 844 3400 938 3455; x_wconf 90' lang='lat' dir='ltr'><strong>sed</strong></span> <span class='ocrx_word' id='word_1_247' title='bbox 979 3400 1143 3455; x_wconf 89' lang='lat' dir='ltr'><strong>etiam</strong></span> <span class='ocrx_word' id='word_1_248' title='bbox 1184 3398 1253 3452; x_wconf 92' lang='lat' dir='ltr'><strong>de</strong></span> <span class='ocrx_word' id='word_1_249' title='bbox 1289 3397 1481 3451; x_wconf 88' lang='lat' dir='ltr'><strong>futuris</strong></span> <span class='ocrx_word' id='word_1_250' title='bbox 1526 3411 1541 3449; x_wconf 88' lang='lat'><strong>:</strong></span> <span class='ocrx_word' id='word_1_251' title='bbox 1583 3410 1704 3447; x_wconf 91' lang='lat' dir='ltr'><strong>nam</strong></span> <span class='ocrx_word' id='word_1_252' title='bbox 1743 3408 1811 3447; x_wconf 84' lang='lat' dir='ltr'><strong>ex</strong></span> 
     </span>
    </p>
   </div>
   <div class='ocr_carea' id='block_1_33' title="bbox 220 3486 1813 3567">
    <p class='ocr_par' dir='ltr' id='par_1_33' title="bbox 220 3486 1813 3567">
     <span class='ocr_line' id='line_1_33' title="bbox 220 3486 1813 3567; baseline -0.008 -18"><span class='ocrx_word' id='word_1_253' title='bbox 220 3497 515 3567; x_wconf 75' lang='lat' dir='ltr'><strong>pneteritis</strong></span> <span class='ocrx_word' id='word_1_254' title='bbox 540 3495 608 3549; x_wconf 91' lang='lat' dir='ltr'><strong>de</strong></span> <span class='ocrx_word' id='word_1_255' title='bbox 639 3496 754 3549; x_wconf 89' lang='lat' dir='ltr'><strong>istis</strong></span> <span class='ocrx_word' id='word_1_256' title='bbox 782 3508 993 3563; x_wconf 86' lang='lat' dir='ltr'><strong>quoque</strong></span> <span class='ocrx_word' id='word_1_257' title='bbox 1023 3491 1384 3561; x_wconf 81' lang='lat' dir='ltr'><strong>conjecturam</strong></span> <span class='ocrx_word' id='word_1_258' title='bbox 1412 3488 1567 3542; x_wconf 82' lang='lat' dir='ltr'><strong>facio.</strong></span> <span class='ocrx_word' id='word_1_259' title='bbox 1592 3488 1646 3541; x_wconf 85' lang='grc'><strong>6.</strong></span> <span class='ocrx_word' id='word_1_260' title='bbox 1679 3486 1813 3539; x_wconf 83' lang='lat' dir='ltr'><strong>Con-</strong></span> 
     </span>
    </p>
   </div>
   <div class='ocr_carea' id='block_1_34' title="bbox 222 3579 1810 3657">
    <p class='ocr_par' dir='ltr' id='par_1_34' title="bbox 222 3579 1810 3657">
     <span class='ocr_line' id='line_1_34' title="bbox 222 3579 1810 3657; baseline -0.01 -13"><span class='ocrx_word' id='word_1_261' title='bbox 222 3590 385 3657; x_wconf 79' lang='lat' dir='ltr'><strong>ﬁdens</strong></span> <span class='ocrx_word' id='word_1_262' title='bbox 416 3589 515 3641; x_wconf 87' lang='lat' dir='ltr'><strong>hoc</strong></span> <span class='ocrx_word' id='word_1_263' title='bbox 540 3588 727 3656; x_wconf 85' lang='lat' dir='ltr'><strong>ipsum,</strong></span> <span class='ocrx_word' id='word_1_264' title='bbox 756 3586 947 3655; x_wconf 87' lang='lat' dir='ltr'><strong>inquit,</strong></span> <span class='ocrx_word' id='word_1_265' title='bbox 974 3584 1091 3653; x_wconf 87' lang='lat' dir='ltr'><strong>quia</strong></span> <span class='ocrx_word' id='word_1_266' title='bbox 1119 3582 1205 3651; x_wconf 88' lang='lat' dir='ltr'><strong>qui</strong></span> <span class='ocrx_word' id='word_1_267' title='bbox 1229 3584 1380 3649; x_wconf 67' lang='lat' dir='ltr'><strong>erepit</strong></span> <span class='ocrx_word' id='word_1_268' title='bbox 1422 3581 1476 3632; x_wconf 90' lang='lat' dir='ltr'><strong>iu</strong></span> <span class='ocrx_word' id='word_1_269' title='bbox 1517 3579 1654 3632; x_wconf 79' lang='lat' dir='ltr'><strong>vobis</strong></span> <span class='ocrx_word' id='word_1_270' title='bbox 1683 3592 1810 3646; x_wconf 87' lang='lat' dir='ltr'><strong>opus</strong></span> 
     </span>
    </p>
   </div>
   <div class='ocr_carea' id='block_1_35' title="bbox 219 3672 1498 3747">
    <p class='ocr_par' dir='ltr' id='par_1_35' title="bbox 219 3672 1498 3747">
     <span class='ocr_line' id='line_1_35' title="bbox 219 3672 1498 3747; baseline -0.009 -13"><span class='ocrx_word' id='word_1_271' title='bbox 219 3681 429 3741; x_wconf 75' lang='lat' dir='ltr'><strong>bonum,</strong></span> <span class='ocrx_word' id='word_1_272' title='bbox 459 3679 686 3747; x_wconf 79' lang='lat' dir='ltr'><strong>perﬁciet</strong></span> <span class='ocrx_word' id='word_1_273' title='bbox 715 3693 870 3745; x_wconf 83' lang='lat' dir='ltr'><strong>usque</strong></span> <span class='ocrx_word' id='word_1_274' title='bbox 898 3678 951 3729; x_wconf 86' lang='lat' dir='ltr'><strong>in</strong></span> <span class='ocrx_word' id='word_1_275' title='bbox 979 3676 1114 3728; x_wconf 89' lang='lat' dir='ltr'><strong>diem</strong></span> <span class='ocrx_word' id='word_1_276' title='bbox 1139 3672 1171 3727; x_wconf 85' lang='lat' dir='ltr'><em>J</em></span> <span class='ocrx_word' id='word_1_277' title='bbox 1179 3690 1265 3727; x_wconf 89' lang='lat' dir='ltr'><strong>esu</strong></span> <span class='ocrx_word' id='word_1_278' title='bbox 1292 3672 1498 3726; x_wconf 80' lang='lat' dir='ltr'><strong>Christi.</strong></span> 
     </span>
    </p>
   </div>
   <div class='ocr_carea' id='block_1_36' title="bbox 289 3761 1812 3836">
    <p class='ocr_par' dir='ltr' id='par_1_36' title="bbox 289 3761 1812 3836">
     <span class='ocr_line' id='line_1_36' title="bbox 289 3761 1812 3836; baseline -0.01 -9"><span class='ocrx_word' id='word_1_279' title='bbox 289 3775 345 3827; x_wconf 81' lang='lat'><strong>5.</strong></span> <span class='ocrx_word' id='word_1_280' title='bbox 386 3767 457 3822; x_wconf 83' lang='lat' dir='ltr'><strong>In</strong></span> <span class='ocrx_word' id='word_1_281' title='bbox 489 3772 634 3824; x_wconf 87' lang='lat' dir='ltr'><strong>bonis</strong></span> <span class='ocrx_word' id='word_1_282' title='bbox 664 3769 896 3836; x_wconf 87' lang='lat' dir='ltr'><strong>operibus</strong></span> <span class='ocrx_word' id='word_1_283' title='bbox 931 3767 1075 3821; x_wconf 80' lang='lat' dir='ltr'><strong>Deus</strong></span> <span class='ocrx_word' id='word_1_284' title='bbox 1099 3766 1225 3836; x_wconf 87' lang='lat' dir='ltr'><strong>agit,</strong></span> <span class='ocrx_word' id='word_1_285' title='bbox 1265 3776 1311 3818; x_wconf 86' lang='lat' dir='ltr'><strong>et</strong></span> <span class='ocrx_word' id='word_1_286' title='bbox 1338 3781 1428 3817; x_wconf 87' lang='lat' dir='ltr'><strong>nos</strong></span> <span class='ocrx_word' id='word_1_287' title='bbox 1453 3779 1565 3815; x_wconf 90' lang='lat' dir='ltr'><strong>cum</strong></span> <span class='ocrx_word' id='word_1_288' title='bbox 1598 3761 1812 3813; x_wconf 77' lang='lat' dir='ltr'><strong>Deo.—</strong></span> 
     </span>
    </p>
   </div>
   <div class='ocr_carea' id='block_1_37' title="bbox 218 3852 1806 3931">
    <p class='ocr_par' dir='ltr' id='par_1_37' title="bbox 218 3852 1806 3931">
     <span class='ocr_line' id='line_1_37' title="bbox 218 3852 1806 3931; baseline -0.009 -14"><span class='ocrx_word' id='word_1_289' title='bbox 218 3864 357 3917; x_wconf 76' lang='lat' dir='ltr'><strong>Vide</strong></span> <span class='ocrx_word' id='word_1_290' title='bbox 394 3862 669 3931; x_wconf 86' lang='lat' dir='ltr'><strong>quomodo</strong></span> <span class='ocrx_word' id='word_1_291' title='bbox 701 3860 820 3913; x_wconf 89' lang='lat' dir='ltr'><strong>illos</strong></span> <span class='ocrx_word' id='word_1_292' title='bbox 862 3858 1176 3912; x_wconf 88' lang='lat' dir='ltr'><strong>modestiam</strong></span> <span class='ocrx_word' id='word_1_293' title='bbox 1215 3856 1375 3910; x_wconf 88' lang='lat' dir='ltr'><strong>etiam</strong></span> <span class='ocrx_word' id='word_1_294' title='bbox 1421 3854 1554 3907; x_wconf 83' lang='lat' dir='ltr'><strong>tueri</strong></span> <span class='ocrx_word' id='word_1_295' title='bbox 1594 3852 1806 3905; x_wconf 79' lang='lat' dir='ltr'><strong>doceat.</strong></span> 
     </span>
    </p>
   </div>
   <div class='ocr_carea' id='block_1_38' title="bbox 218 3944 1807 4021">
    <p class='ocr_par' dir='ltr' id='par_1_38' title="bbox 218 3944 1807 4021">
     <span class='ocr_line' id='line_1_38' title="bbox 218 3944 1807 4021; baseline -0.006 -13"><span class='ocrx_word' id='word_1_296' title='bbox 218 3953 435 4009; x_wconf 78' lang='lat' dir='ltr'><strong>Etenim</strong></span> <span class='ocrx_word' id='word_1_297' title='bbox 468 3952 719 4021; x_wconf 90' lang='lat' dir='ltr'><strong>quoniam</strong></span> <span class='ocrx_word' id='word_1_298' title='bbox 744 3965 990 4018; x_wconf 87' lang='lat' dir='ltr'><strong>magnum</strong></span> <span class='ocrx_word' id='word_1_299' title='bbox 1012 3947 1263 4018; x_wconf 89' lang='lat' dir='ltr'><strong>quiddam</strong></span> <span class='ocrx_word' id='word_1_300' title='bbox 1287 3955 1423 4008; x_wconf 89' lang='lat' dir='ltr'><strong>erat,</strong></span> <span class='ocrx_word' id='word_1_301' title='bbox 1450 3944 1589 4013; x_wconf 81' lang='lat' dir='ltr'><strong>quod</strong></span> <span class='ocrx_word' id='word_1_302' title='bbox 1612 3945 1679 3998; x_wconf 91' lang='lat' dir='ltr'><strong>de</strong></span> <span class='ocrx_word' id='word_1_303' title='bbox 1704 3944 1807 3998; x_wconf 83' lang='lat' dir='ltr'><strong>illis</strong></span> 
     </span>
    </p>
   </div>
   <div class='ocr_carea' id='block_1_39' title="bbox 217 4036 1809 4106">
    <p class='ocr_par' dir='ltr' id='par_1_39' title="bbox 217 4036 1809 4106">
     <span class='ocr_line' id='line_1_39' title="bbox 217 4036 1809 4106; baseline -0.006 -9"><span class='ocrx_word' id='word_1_304' title='bbox 217 4054 451 4097; x_wconf 86' lang='lat' dir='ltr'><strong>testatus</strong></span> <span class='ocrx_word' id='word_1_305' title='bbox 495 4042 696 4103; x_wconf 84' lang='lat' dir='ltr'><strong>fuerat;</strong></span> <span class='ocrx_word' id='word_1_306' title='bbox 740 4057 807 4095; x_wconf 92' lang='lat' dir='ltr'><strong>ne</strong></span> <span class='ocrx_word' id='word_1_307' title='bbox 837 4038 1052 4093; x_wconf 86' lang='lat' dir='ltr'><strong>humani</strong></span> <span class='ocrx_word' id='word_1_308' title='bbox 1089 4038 1213 4104; x_wconf 90' lang='lat' dir='ltr'><strong>quid</strong></span> <span class='ocrx_word' id='word_1_309' title='bbox 1245 4038 1532 4106; x_wconf 88' lang='lat' dir='ltr'><strong>patiantur,</strong></span> <span class='ocrx_word' id='word_1_310' title='bbox 1567 4036 1809 4105; x_wconf 88' lang='lat' dir='ltr'><strong>protinus</strong></span> 
     </span>
    </p>
   </div>
   <div class='ocr_carea' id='block_1_40' title="bbox 217 4127 1808 4203">
    <p class='ocr_par' dir='ltr' id='par_1_40' title="bbox 217 4127 1808 4203">
     <span class='ocr_line' id='line_1_40' title="bbox 217 4127 1808 4203; baseline -0.006 -15"><span class='ocrx_word' id='word_1_311' title='bbox 217 4136 369 4203; x_wconf 83' lang='lat' dir='ltr'><strong>ipsos</strong></span> <span class='ocrx_word' id='word_1_312' title='bbox 395 4134 651 4197; x_wconf 79' lang='lat' dir='ltr'><strong>instituit,</strong></span> <span class='ocrx_word' id='word_1_313' title='bbox 686 4139 743 4185; x_wconf 91' lang='lat' dir='ltr'><strong>ut</strong></span> <span class='ocrx_word' id='word_1_314' title='bbox 770 4140 824 4185; x_wconf 91' lang='lat' dir='ltr'><strong>et</strong></span> <span class='ocrx_word' id='word_1_315' title='bbox 860 4130 1125 4199; x_wconf 67' lang='lat' dir='ltr'><strong>praeterita</strong></span> <span class='ocrx_word' id='word_1_316' title='bbox 1166 4139 1220 4183; x_wconf 90' lang='lat' dir='ltr'><strong>et</strong></span> <span class='ocrx_word' id='word_1_317' title='bbox 1245 4128 1422 4183; x_wconf 90' lang='lat' dir='ltr'><strong>futura</strong></span> <span class='ocrx_word' id='word_1_318' title='bbox 1456 4129 1555 4196; x_wconf 88' lang='lat' dir='ltr'><strong>ipsi</strong></span> <span class='ocrx_word' id='word_1_319' title='bbox 1595 4127 1808 4182; x_wconf 77' lang='lat' dir='ltr'><strong>Christo</strong></span> 
     </span>
    </p>
   </div>
   <div class='ocr_carea' id='block_1_41' title="bbox 215 4218 1804 4297">
    <p class='ocr_par' dir='ltr' id='par_1_41' title="bbox 215 4218 1804 4297">
     <span class='ocr_line' id='line_1_41' title="bbox 215 4218 1804 4297; baseline -0.005 -18"><span class='ocrx_word' id='word_1_320' title='bbox 215 4236 438 4297; x_wconf 86' lang='lat' dir='ltr'><strong>accepta</strong></span> <span class='ocrx_word' id='word_1_321' title='bbox 497 4224 751 4278; x_wconf 82' lang='lat' dir='ltr'><strong>referant.</strong></span> <span class='ocrx_word' id='word_1_322' title='bbox 795 4221 1110 4290; x_wconf 83' lang='lat' dir='ltr'><strong>Quomodo?</strong></span> <span class='ocrx_word' id='word_1_323' title='bbox 1161 4220 1275 4275; x_wconf 87' lang='lat' dir='ltr'><strong>Non</strong></span> <span class='ocrx_word' id='word_1_324' title='bbox 1323 4220 1484 4283; x_wconf 84' lang='lat' dir='ltr'><strong>dixit,</strong></span> <span class='ocrx_word' id='word_1_325' title='bbox 1543 4218 1804 4283; x_wconf 84' lang='lat' dir='ltr'><strong>Confido,</strong></span> 
     </span>
    </p>
   </div>
   <div class='ocr_carea' id='block_1_42' title="bbox 213 4310 1805 4388">
    <p class='ocr_par' dir='ltr' id='par_1_42' title="bbox 213 4310 1805 4388">
     <span class='ocr_line' id='line_1_42' title="bbox 213 4310 1805 4388; baseline -0.004 -17"><span class='ocrx_word' id='word_1_326' title='bbox 213 4316 679 4388; x_wconf 86' lang='lat' dir='ltr'><strong>quemadmodum</strong></span> <span class='ocrx_word' id='word_1_327' title='bbox 706 4315 966 4383; x_wconf 71' lang='lat' dir='ltr'><strong>coepistis,</strong></span> <span class='ocrx_word' id='word_1_328' title='bbox 1010 4314 1081 4367; x_wconf 88' lang='lat' dir='ltr'><strong>ita</strong></span> <span class='ocrx_word' id='word_1_329' title='bbox 1124 4314 1284 4367; x_wconf 89' lang='lat' dir='ltr'><strong>etiam</strong></span> <span class='ocrx_word' id='word_1_330' title='bbox 1330 4312 1679 4381; x_wconf 80' lang='lat' dir='ltr'><strong>perfecturos,</strong></span> <span class='ocrx_word' id='word_1_331' title='bbox 1709 4310 1805 4365; x_wconf 88' lang='lat' dir='ltr'><strong>sed</strong></span> 
     </span>
    </p>
   </div>
   <div class='ocr_carea' id='block_1_43' title="bbox 214 4401 1806 4479">
    <p class='ocr_par' dir='ltr' id='par_1_43' title="bbox 214 4401 1806 4479">
     <span class='ocr_line' id='line_1_43' title="bbox 214 4401 1806 4479; baseline -0.006 -16"><span class='ocrx_word' id='word_1_332' title='bbox 214 4410 383 4479; x_wconf 80' lang='lat' dir='ltr'><strong>quid?</strong></span> <span class='ocrx_word' id='word_1_333' title='bbox 404 4409 508 4474; x_wconf 83' lang='lat' dir='ltr'><strong>Qui</strong></span> <span class='ocrx_word' id='word_1_334' title='bbox 537 4408 686 4475; x_wconf 66' lang='lat' dir='ltr'><strong>carpit</strong></span> <span class='ocrx_word' id='word_1_335' title='bbox 715 4408 766 4459; x_wconf 87' lang='lat' dir='ltr'><strong>in</strong></span> <span class='ocrx_word' id='word_1_336' title='bbox 793 4407 926 4459; x_wconf 81' lang='lat' dir='ltr'><strong>vobis</strong></span> <span class='ocrx_word' id='word_1_337' title='bbox 952 4421 1079 4473; x_wconf 88' lang='lat' dir='ltr'><strong>opus</strong></span> <span class='ocrx_word' id='word_1_338' title='bbox 1105 4404 1311 4468; x_wconf 89' lang='lat' dir='ltr'><strong>bonum,</strong></span> <span class='ocrx_word' id='word_1_339' title='bbox 1345 4401 1569 4473; x_wconf 85' lang='lat' dir='ltr'><strong>perﬁciet</strong></span> <span class='ocrx_word' id='word_1_340' title='bbox 1591 4416 1610 4454; x_wconf 90' lang='lat'><strong><em>:</em></strong></span> <span class='ocrx_word' id='word_1_341' title='bbox 1634 4416 1806 4469; x_wconf 89' lang='lat' dir='ltr'><strong>neque</strong></span> 
     </span>
    </p>
   </div>
   <div class='ocr_carea' id='block_1_44' title="bbox 215 4495 1801 4571">
    <p class='ocr_par' dir='ltr' id='par_1_44' title="bbox 215 4495 1801 4571">
     <span class='ocr_line' id='line_1_44' title="bbox 215 4495 1801 4571; baseline -0.007 -15"><span class='ocrx_word' id='word_1_342' title='bbox 215 4506 458 4571; x_wconf 89' lang='lat' dir='ltr'><strong>ipsorum</strong></span> <span class='ocrx_word' id='word_1_343' title='bbox 492 4501 543 4552; x_wconf 92' lang='lat' dir='ltr'><strong>in</strong></span> <span class='ocrx_word' id='word_1_344' title='bbox 585 4509 734 4553; x_wconf 91' lang='lat' dir='ltr'><strong>recte</strong></span> <span class='ocrx_word' id='word_1_345' title='bbox 762 4497 903 4551; x_wconf 82' lang='lat' dir='ltr'><strong>facto</strong></span> <span class='ocrx_word' id='word_1_346' title='bbox 946 4496 1150 4566; x_wconf 87' lang='lat' dir='ltr'><strong>aliquas</strong></span> <span class='ocrx_word' id='word_1_347' title='bbox 1184 4495 1350 4549; x_wconf 68' lang='lat' dir='ltr'><strong>fuisse</strong></span> <span class='ocrx_word' id='word_1_348' title='bbox 1388 4504 1571 4563; x_wconf 86' lang='lat' dir='ltr'><strong>partes</strong></span> <span class='ocrx_word' id='word_1_349' title='bbox 1602 4502 1801 4561; x_wconf 89' lang='lat' dir='ltr'><strong>negat;</strong></span> 
     </span>
    </p>
   </div>
   <div class='ocr_carea' id='block_1_45' title="bbox 154 4582 1803 4656">
    <p class='ocr_par' dir='ltr' id='par_1_45' title="bbox 154 4582 1803 4656">
     <span class='ocr_line' id='line_1_45' title="bbox 154 4582 1803 4656; baseline -0.007 -8"><span class='ocrx_word' id='word_1_350' title='bbox 154 4614 155 4619; x_wconf 45' lang='grc' dir='ltr'><strong>η</strong></span> <span class='ocrx_word' id='word_1_351' title='bbox 214 4594 353 4647; x_wconf 89' lang='lat' dir='ltr'><strong>dixit</strong></span> <span class='ocrx_word' id='word_1_352' title='bbox 383 4591 554 4654; x_wconf 85' lang='lat' dir='ltr'><strong>enim,</strong></span> <span class='ocrx_word' id='word_1_353' title='bbox 583 4589 792 4642; x_wconf 79' lang='lat' dir='ltr'><strong>Gaudeo</strong></span> <span class='ocrx_word' id='word_1_354' title='bbox 829 4604 981 4656; x_wconf 83' lang='lat' dir='ltr'><strong>super</strong></span> <span class='ocrx_word' id='word_1_355' title='bbox 1008 4585 1463 4640; x_wconf 86' lang='lat' dir='ltr'><strong>communicatione</strong></span> <span class='ocrx_word' id='word_1_356' title='bbox 1489 4593 1690 4646; x_wconf 87' lang='lat' dir='ltr'><strong>vestra;</strong></span> <span class='ocrx_word' id='word_1_357' title='bbox 1718 4582 1803 4637; x_wconf 87' lang='lat' dir='ltr'><strong>ni-</strong></span> 
     </span>
    </p>
   </div>
   <div class='ocr_carea' id='block_1_46' title="bbox 216 4678 1805 4750">
    <p class='ocr_par' dir='ltr' id='par_1_46' title="bbox 216 4678 1805 4750">
     <span class='ocr_line' id='line_1_46' title="bbox 216 4678 1805 4750; baseline -0.007 -11"><span class='ocrx_word' id='word_1_358' title='bbox 216 4687 420 4739; x_wconf 89' lang='lat' dir='ltr'><strong>mirum</strong></span> <span class='ocrx_word' id='word_1_359' title='bbox 451 4692 725 4750; x_wconf 81' lang='lat' dir='ltr'><strong>tamquam</strong></span> <span class='ocrx_word' id='word_1_360' title='bbox 766 4681 863 4749; x_wconf 90' lang='lat' dir='ltr'><strong>ipsi</strong></span> <span class='ocrx_word' id='word_1_361' title='bbox 895 4689 1043 4734; x_wconf 89' lang='lat' dir='ltr'><strong>recte</strong></span> <span class='ocrx_word' id='word_1_362' title='bbox 1070 4693 1129 4733; x_wconf 89' lang='lat' dir='ltr'><strong>se</strong></span> <span class='ocrx_word' id='word_1_363' title='bbox 1163 4678 1453 4749; x_wconf 82' lang='lat' dir='ltr'><strong>gessissent</strong></span> <span class='ocrx_word' id='word_1_364' title='bbox 1482 4696 1494 4731; x_wconf 95' lang='lat'>:</span> <span class='ocrx_word' id='word_1_365' title='bbox 1524 4690 1697 4746; x_wconf 89' lang='lat' dir='ltr'><strong>neque</strong></span> <span class='ocrx_word' id='word_1_366' title='bbox 1728 4684 1805 4728; x_wconf 94' lang='lat' dir='ltr'><strong>ta-</strong></span> 
     </span>
    </p>
   </div>
   <div class='ocr_carea' id='block_1_47' title="bbox 214 4770 1804 4845">
    <p class='ocr_par' dir='ltr' id='par_1_47' title="bbox 214 4770 1804 4845">
     <span class='ocr_line' id='line_1_47' title="bbox 214 4770 1804 4845; baseline -0.005 -13"><span class='ocrx_word' id='word_1_367' title='bbox 214 4793 337 4832; x_wconf 86' lang='lat' dir='ltr'><strong>men</strong></span> <span class='ocrx_word' id='word_1_368' title='bbox 369 4776 504 4845; x_wconf 86' lang='lat' dir='ltr'><strong>ipsis</strong></span> <span class='ocrx_word' id='word_1_369' title='bbox 530 4774 807 4828; x_wconf 85' lang='lat' dir='ltr'><strong>dumtaxat</strong></span> <span class='ocrx_word' id='word_1_370' title='bbox 834 4782 978 4828; x_wconf 90' lang='lat' dir='ltr'><strong>recte</strong></span> <span class='ocrx_word' id='word_1_371' title='bbox 1022 4774 1153 4827; x_wconf 88' lang='lat' dir='ltr'><strong>facta</strong></span> <span class='ocrx_word' id='word_1_372' title='bbox 1187 4772 1443 4841; x_wconf 82' lang='lat' dir='ltr'><strong>assignat,</strong></span> <span class='ocrx_word' id='word_1_373' title='bbox 1482 4770 1577 4825; x_wconf 91' lang='lat' dir='ltr'><strong>sed</strong></span> <span class='ocrx_word' id='word_1_374' title='bbox 1610 4770 1804 4840; x_wconf 88' lang='lat' dir='ltr'><strong>princi-</strong></span> 
     </span>
    </p>
   </div>
   <div class='ocr_carea' id='block_1_48' title="bbox 215 4862 1801 4935">
    <p class='ocr_par' dir='ltr' id='par_1_48' title="bbox 215 4862 1801 4935">
     <span class='ocr_line' id='line_1_48' title="bbox 215 4862 1801 4935; baseline -0.004 -14"><span class='ocrx_word' id='word_1_375' title='bbox 215 4868 414 4935; x_wconf 86' lang='lat' dir='ltr'><strong>paliter</strong></span> <span class='ocrx_word' id='word_1_376' title='bbox 444 4866 555 4919; x_wconf 88' lang='lat' dir='ltr'><strong>Deo</strong></span> <span class='ocrx_word' id='word_1_377' title='bbox 584 4881 597 4917; x_wconf 92' lang='lat'><strong>:</strong></span> <span class='ocrx_word' id='word_1_378' title='bbox 628 4864 839 4930; x_wconf 82' lang='lat' dir='ltr'><strong>Conﬁdo</strong></span> <span class='ocrx_word' id='word_1_379' title='bbox 868 4864 1035 4927; x_wconf 91' lang='lat' dir='ltr'><strong>enim,</strong></span> <span class='ocrx_word' id='word_1_380' title='bbox 1065 4864 1254 4932; x_wconf 86' lang='lat' dir='ltr'><strong>inquit,</strong></span> <span class='ocrx_word' id='word_1_381' title='bbox 1297 4864 1415 4933; x_wconf 85' lang='lat' dir='ltr'><strong>quia</strong></span> <span class='ocrx_word' id='word_1_382' title='bbox 1450 4862 1533 4931; x_wconf 86' lang='lat' dir='ltr'><strong>qui</strong></span> <span class='ocrx_word' id='word_1_383' title='bbox 1572 4862 1721 4929; x_wconf 78' lang='lat' dir='ltr'><strong>cmpit</strong></span> <span class='ocrx_word' id='word_1_384' title='bbox 1750 4862 1801 4915; x_wconf 88' lang='lat' dir='ltr'><strong>in</strong></span> 
     </span>
    </p>
   </div>
   <div class='ocr_carea' id='block_1_49' title="bbox 211 4953 1800 5025">
    <p class='ocr_par' dir='ltr' id='par_1_49' title="bbox 211 4953 1800 5025">
     <span class='ocr_line' id='line_1_49' title="bbox 211 4953 1800 5025; baseline -0.003 -14"><span class='ocrx_word' id='word_1_385' title='bbox 211 4958 352 5012; x_wconf 64' lang='lat' dir='ltr'><strong>nobis</strong></span> <span class='ocrx_word' id='word_1_386' title='bbox 378 4974 511 5025; x_wconf 85' lang='lat' dir='ltr'><strong>opus</strong></span> <span class='ocrx_word' id='word_1_387' title='bbox 531 4960 738 5017; x_wconf 80' lang='lat' dir='ltr'><strong>bonum,</strong></span> <span class='ocrx_word' id='word_1_388' title='bbox 765 4957 987 5025; x_wconf 88' lang='lat' dir='ltr'><strong>perﬁciet</strong></span> <span class='ocrx_word' id='word_1_389' title='bbox 1016 4972 1173 5025; x_wconf 86' lang='lat' dir='ltr'><strong>usque</strong></span> <span class='ocrx_word' id='word_1_390' title='bbox 1196 4956 1248 5007; x_wconf 89' lang='lat' dir='ltr'><strong>in</strong></span> <span class='ocrx_word' id='word_1_391' title='bbox 1274 4955 1406 5008; x_wconf 84' lang='lat' dir='ltr'><strong>diem</strong></span> <span class='ocrx_word' id='word_1_392' title='bbox 1430 4954 1459 5006; x_wconf 82' lang='lat' dir='ltr'><strong><em>J</em></strong></span> <span class='ocrx_word' id='word_1_393' title='bbox 1469 4970 1555 5007; x_wconf 90' lang='lat' dir='ltr'><strong>esu</strong></span> <span class='ocrx_word' id='word_1_394' title='bbox 1579 4953 1800 5016; x_wconf 86' lang='lat' dir='ltr'><strong>Christi;</strong></span> 
     </span>
    </p>
   </div>
   <div class='ocr_carea' id='block_1_50' title="bbox 210 5043 1801 5113">
    <p class='ocr_par' dir='ltr' id='par_1_50' title="bbox 210 5043 1801 5113">
     <span class='ocr_line' id='line_1_50' title="bbox 210 5043 1801 5113; baseline -0.004 -9"><span class='ocrx_word' id='word_1_395' title='bbox 210 5052 402 5109; x_wconf 84' lang='lat' dir='ltr'><strong>idest,</strong></span> <span class='ocrx_word' id='word_1_396' title='bbox 428 5050 591 5103; x_wconf 91' lang='lat' dir='ltr'><strong>Deus.</strong></span> <span class='ocrx_word' id='word_1_397' title='bbox 639 5047 748 5102; x_wconf 88' lang='lat' dir='ltr'><strong>Nec</strong></span> <span class='ocrx_word' id='word_1_398' title='bbox 785 5063 913 5102; x_wconf 89' lang='lat' dir='ltr'><strong>vero</strong></span> <span class='ocrx_word' id='word_1_399' title='bbox 942 5048 1113 5101; x_wconf 87' lang='lat' dir='ltr'><strong>solum</strong></span> <span class='ocrx_word' id='word_1_400' title='bbox 1162 5046 1230 5101; x_wconf 91' lang='lat' dir='ltr'><strong>de</strong></span> <span class='ocrx_word' id='word_1_401' title='bbox 1268 5046 1441 5111; x_wconf 86' lang='lat' dir='ltr'><strong>vobis,</strong></span> <span class='ocrx_word' id='word_1_402' title='bbox 1482 5045 1671 5113; x_wconf 85' lang='lat' dir='ltr'><strong>inquit,</strong></span> <span class='ocrx_word' id='word_1_403' title='bbox 1707 5043 1801 5098; x_wconf 91' lang='lat' dir='ltr'><strong>sed</strong></span> 
     </span>
    </p>
   </div>
   <div class='ocr_carea' id='block_1_51' title="bbox 211 5134 1800 5208">
    <p class='ocr_par' dir='ltr' id='par_1_51' title="bbox 211 5134 1800 5208">
     <span class='ocr_line' id='line_1_51' title="bbox 211 5134 1800 5208; baseline -0.004 -15"><span class='ocrx_word' id='word_1_404' title='bbox 211 5144 379 5194; x_wconf 85' lang='lat' dir='ltr'><strong>etiam</strong></span> <span class='ocrx_word' id='word_1_405' title='bbox 406 5139 475 5193; x_wconf 91' lang='lat' dir='ltr'><strong>de</strong></span> <span class='ocrx_word' id='word_1_406' title='bbox 501 5139 588 5203; x_wconf 91' lang='lat' dir='ltr'><strong>iis,</strong></span> <span class='ocrx_word' id='word_1_407' title='bbox 618 5140 709 5208; x_wconf 92' lang='lat' dir='ltr'><strong>qui</strong></span> <span class='ocrx_word' id='word_1_408' title='bbox 739 5154 801 5192; x_wconf 90' lang='lat' dir='ltr'><strong>ex</strong></span> <span class='ocrx_word' id='word_1_409' title='bbox 832 5137 985 5192; x_wconf 87' lang='lat' dir='ltr'><strong>vobis</strong></span> <span class='ocrx_word' id='word_1_410' title='bbox 1014 5138 1275 5201; x_wconf 90' lang='lat' dir='ltr'><strong>orientur,</strong></span> <span class='ocrx_word' id='word_1_411' title='bbox 1319 5136 1424 5191; x_wconf 92' lang='lat' dir='ltr'><strong>hoc</strong></span> <span class='ocrx_word' id='word_1_412' title='bbox 1456 5150 1635 5205; x_wconf 89' lang='lat' dir='ltr'><strong>spero.</strong></span> <span class='ocrx_word' id='word_1_413' title='bbox 1666 5134 1800 5188; x_wconf 86' lang='lat' dir='ltr'><strong>Nam</strong></span> 
     </span>
    </p>
   </div>
   <div class='ocr_carea' id='block_1_52' title="bbox 210 5226 1801 5298">
    <p class='ocr_par' dir='ltr' id='par_1_52' title="bbox 210 5226 1801 5298">
     <span class='ocr_line' id='line_1_52' title="bbox 210 5226 1801 5298; baseline -0.004 -12"><span class='ocrx_word' id='word_1_414' title='bbox 210 5243 267 5286; x_wconf 89' lang='lat' dir='ltr'><strong>ct</strong></span> <span class='ocrx_word' id='word_1_415' title='bbox 294 5231 415 5285; x_wconf 73' lang='lat' dir='ltr'><strong>lucc</strong></span> <span class='ocrx_word' id='word_1_416' title='bbox 457 5245 566 5284; x_wconf 89' lang='lat' dir='ltr'><strong>non</strong></span> <span class='ocrx_word' id='word_1_417' title='bbox 600 5230 791 5298; x_wconf 87' lang='lat' dir='ltr'><strong>exigua</strong></span> <span class='ocrx_word' id='word_1_418' title='bbox 832 5230 947 5284; x_wconf 89' lang='lat' dir='ltr'><strong>laus</strong></span> <span class='ocrx_word' id='word_1_419' title='bbox 975 5238 1077 5294; x_wconf 90' lang='lat' dir='ltr'><strong>est,</strong></span> <span class='ocrx_word' id='word_1_420' title='bbox 1122 5243 1313 5298; x_wconf 90' lang='lat' dir='ltr'><strong>nempe</strong></span> <span class='ocrx_word' id='word_1_421' title='bbox 1344 5228 1511 5282; x_wconf 90' lang='lat' dir='ltr'><strong>Deum</strong></span> <span class='ocrx_word' id='word_1_422' title='bbox 1541 5227 1593 5280; x_wconf 90' lang='lat' dir='ltr'><strong>in</strong></span> <span class='ocrx_word' id='word_1_423' title='bbox 1624 5226 1801 5295; x_wconf 91' lang='lat' dir='ltr'><strong>aliquo</strong></span> 
     </span>
    </p>
   </div>
   <div class='ocr_carea' id='block_1_53' title="bbox 210 5322 1799 5392">
    <p class='ocr_par' dir='ltr' id='par_1_53' title="bbox 210 5322 1799 5392">
     <span class='ocr_line' id='line_1_53' title="bbox 210 5322 1799 5392; baseline -0.001 -15"><span class='ocrx_word' id='word_1_424' title='bbox 210 5323 452 5392; x_wconf 87' lang='lat' dir='ltr'><strong>operari.</strong></span> <span class='ocrx_word' id='word_1_425' title='bbox 498 5323 712 5377; x_wconf 89' lang='lat' dir='ltr'><strong>Etenim</strong></span> <span class='ocrx_word' id='word_1_426' title='bbox 748 5322 794 5375; x_wconf 89' lang='lat' dir='ltr'><strong>si</strong></span> <span class='ocrx_word' id='word_1_427' title='bbox 837 5322 927 5377; x_wconf 91' lang='lat' dir='ltr'><strong>ille</strong></span> <span class='ocrx_word' id='word_1_428' title='bbox 966 5337 1315 5392; x_wconf 87' lang='lat' dir='ltr'><strong>personarum</strong></span> <span class='ocrx_word' id='word_1_429' title='bbox 1354 5330 1663 5391; x_wconf 89' lang='lat' dir='ltr'><strong>acceptator</strong></span> <span class='ocrx_word' id='word_1_430' title='bbox 1693 5334 1799 5376; x_wconf 91' lang='lat' dir='ltr'><strong>non</strong></span> 
     </span>
    </p>
   </div>
   <div class='ocr_carea' id='block_1_54' title="bbox 209 5411 1801 5482">
    <p class='ocr_par' dir='ltr' id='par_1_54' title="bbox 209 5411 1801 5482">
     <span class='ocr_line' id='line_1_54' title="bbox 209 5411 1801 5482; baseline 0.002 -16"><span class='ocrx_word' id='word_1_431' title='bbox 209 5424 315 5478; x_wconf 83' lang='lat' dir='ltr'><strong>est,</strong></span> <span class='ocrx_word' id='word_1_432' title='bbox 366 5411 817 5482; x_wconf 86' lang='lat' dir='ltr'><strong>quemadmodum</strong></span> <span class='ocrx_word' id='word_1_433' title='bbox 862 5422 1008 5467; x_wconf 77' lang='lat' dir='ltr'><strong>certe</strong></span> <span class='ocrx_word' id='word_1_434' title='bbox 1034 5428 1141 5467; x_wconf 90' lang='lat' dir='ltr'><strong>non</strong></span> <span class='ocrx_word' id='word_1_435' title='bbox 1172 5423 1274 5478; x_wconf 91' lang='lat' dir='ltr'><strong>est,</strong></span> <span class='ocrx_word' id='word_1_436' title='bbox 1303 5412 1396 5468; x_wconf 90' lang='lat' dir='ltr'><strong>sed</strong></span> <span class='ocrx_word' id='word_1_437' title='bbox 1433 5412 1499 5466; x_wconf 92' lang='lat' dir='ltr'><strong>ad</strong></span> <span class='ocrx_word' id='word_1_438' title='bbox 1540 5412 1801 5482; x_wconf 84' lang='lat' dir='ltr'><strong>cujusque</strong></span> 
     </span>
    </p>
   </div>
   <div class='ocr_carea' id='block_1_55' title="bbox 210 5503 1803 5573">
    <p class='ocr_par' dir='ltr' id='par_1_55' title="bbox 210 5503 1803 5573">
     <span class='ocr_line' id='line_1_55' title="bbox 210 5503 1803 5573; baseline 0 -16"><span class='ocrx_word' id='word_1_439' title='bbox 210 5504 551 5573; x_wconf 86' lang='lat' dir='ltr'><strong>propositum</strong></span> <span class='ocrx_word' id='word_1_440' title='bbox 580 5512 829 5573; x_wconf 89' lang='lat' dir='ltr'><strong>spectans</strong></span> <span class='ocrx_word' id='word_1_441' title='bbox 858 5504 1011 5558; x_wconf 89' lang='lat' dir='ltr'><strong>nobis</strong></span> <span class='ocrx_word' id='word_1_442' title='bbox 1040 5503 1091 5557; x_wconf 92' lang='lat' dir='ltr'><strong>in</strong></span> <span class='ocrx_word' id='word_1_443' title='bbox 1118 5504 1331 5559; x_wconf 91' lang='lat' dir='ltr'><strong>virtutis</strong></span> <span class='ocrx_word' id='word_1_444' title='bbox 1369 5504 1562 5558; x_wconf 87' lang='lat' dir='ltr'><strong>officiis</strong></span> <span class='ocrx_word' id='word_1_445' title='bbox 1598 5503 1803 5558; x_wconf 90' lang='lat' dir='ltr'><strong>obeun-</strong></span> 
     </span>
    </p>
   </div>
   <div class='ocr_carea' id='block_1_56' title="bbox 205 5595 1788 5665">
    <p class='ocr_par' dir='ltr' id='par_1_56' title="bbox 205 5595 1788 5665">
     <span class='ocr_line' id='line_1_56' title="bbox 205 5595 1788 5665; baseline 0.001 -16"><span class='ocrx_word' id='word_1_446' title='bbox 205 5595 290 5649; x_wconf 89' lang='lat' dir='ltr'><strong>dis</strong></span> <span class='ocrx_word' id='word_1_447' title='bbox 319 5595 616 5664; x_wconf 84' lang='lat' dir='ltr'><strong>opitulatur</strong></span> <span class='ocrx_word' id='word_1_448' title='bbox 644 5611 658 5647; x_wconf 91' lang='lat'><strong>:</strong></span> <span class='ocrx_word' id='word_1_449' title='bbox 683 5595 815 5649; x_wconf 88' lang='lat' dir='ltr'><strong>satis</strong></span> <span class='ocrx_word' id='word_1_450' title='bbox 838 5603 1048 5650; x_wconf 88' lang='lat' dir='ltr'><strong>constat</strong></span> <span class='ocrx_word' id='word_1_451' title='bbox 1076 5611 1172 5649; x_wconf 90' lang='lat' dir='ltr'><strong>nos</strong></span> <span class='ocrx_word' id='word_1_452' title='bbox 1203 5596 1349 5665; x_wconf 88' lang='lat' dir='ltr'><strong>ipsos</strong></span> <span class='ocrx_word' id='word_1_453' title='bbox 1377 5611 1516 5662; x_wconf 87' lang='lat' dir='ltr'><strong>esse,</strong></span> <span class='ocrx_word' id='word_1_454' title='bbox 1559 5596 1647 5665; x_wconf 91' lang='lat' dir='ltr'><strong>qui</strong></span> <span class='ocrx_word' id='word_1_455' title='bbox 1693 5611 1788 5651; x_wconf 89' lang='lat' dir='ltr'><strong>oc-</strong></span> 
     </span>
    </p>
   </div>
   <div class='ocr_carea' id='block_1_57' title="bbox 206 5685 1797 5756">
    <p class='ocr_par' dir='ltr' id='par_1_57' title="bbox 206 5685 1797 5756">
     <span class='ocr_line' id='line_1_57' title="bbox 206 5685 1797 5756; baseline 0.003 -17"><span class='ocrx_word' id='word_1_456' title='bbox 206 5688 493 5740; x_wconf 86' lang='lat' dir='ltr'><strong>casionem</strong></span> <span class='ocrx_word' id='word_1_457' title='bbox 540 5685 729 5740; x_wconf 90' lang='lat' dir='ltr'><strong>demus</strong></span> <span class='ocrx_word' id='word_1_458' title='bbox 774 5702 871 5741; x_wconf 93' lang='lat' dir='ltr'><strong>cur</strong></span> <span class='ocrx_word' id='word_1_459' title='bbox 907 5686 995 5741; x_wconf 88' lang='lat' dir='ltr'><strong>ille</strong></span> <span class='ocrx_word' id='word_1_460' title='bbox 1035 5688 1188 5743; x_wconf 90' lang='lat' dir='ltr'><strong>nobis</strong></span> <span class='ocrx_word' id='word_1_461' title='bbox 1240 5688 1573 5743; x_wconf 87' lang='lat' dir='ltr'><strong>concilietur.</strong></span> <span class='ocrx_word' id='word_1_462' title='bbox 1623 5688 1797 5756; x_wconf 86' lang='lat' dir='ltr'><strong>Quare</strong></span> 
     </span>
    </p>
   </div>
   <div class='ocr_carea' id='block_1_58' title="bbox 210 5776 1792 5847">
    <p class='ocr_par' dir='ltr' id='par_1_58' title="bbox 210 5776 1792 5847">
     <span class='ocr_line' id='line_1_58' title="bbox 210 5776 1792 5847; baseline 0.001 -18"><span class='ocrx_word' id='word_1_463' title='bbox 210 5776 313 5830; x_wconf 87' lang='lat' dir='ltr'><strong>bac</strong></span> <span class='ocrx_word' id='word_1_464' title='bbox 339 5777 505 5830; x_wconf 89' lang='lat' dir='ltr'><strong>etiam</strong></span> <span class='ocrx_word' id='word_1_465' title='bbox 534 5776 744 5830; x_wconf 89' lang='lat' dir='ltr'><strong>ratione</strong></span> <span class='ocrx_word' id='word_1_466' title='bbox 784 5776 908 5831; x_wconf 88' lang='lat' dir='ltr'><strong>illos</strong></span> <span class='ocrx_word' id='word_1_467' title='bbox 945 5776 1154 5831; x_wconf 85' lang='lat' dir='ltr'><strong>laudem</strong></span> <span class='ocrx_word' id='word_1_468' title='bbox 1185 5793 1303 5833; x_wconf 88' lang='lat' dir='ltr'><strong>esse</strong></span> <span class='ocrx_word' id='word_1_469' title='bbox 1334 5778 1652 5847; x_wconf 90' lang='lat' dir='ltr'><strong>promeritos</strong></span> <span class='ocrx_word' id='word_1_470' title='bbox 1690 5778 1792 5831; x_wconf 89' lang='lat' dir='ltr'><strong>mi-</strong></span> 
     </span>
    </p>
   </div>
   <div class='ocr_carea' id='block_1_59' title="bbox 208 5868 1795 5941">
    <p class='ocr_par' dir='ltr' id='par_1_59' title="bbox 208 5868 1795 5941">
     <span class='ocr_line' id='line_1_59' title="bbox 208 5868 1795 5941; baseline 0.004 -20"><span class='ocrx_word' id='word_1_471' title='bbox 208 5870 360 5922; x_wconf 89' lang='lat' dir='ltr'><strong>nime</strong></span> <span class='ocrx_word' id='word_1_472' title='bbox 382 5868 636 5938; x_wconf 85' lang='lat' dir='ltr'><strong>negavit:</strong></span> <span class='ocrx_word' id='word_1_473' title='bbox 668 5869 862 5939; x_wconf 88' lang='lat' dir='ltr'><strong>alioqui</strong></span> <span class='ocrx_word' id='word_1_474' title='bbox 904 5868 948 5923; x_wconf 92' lang='lat' dir='ltr'><strong>si</strong></span> <span class='ocrx_word' id='word_1_475' title='bbox 975 5870 1216 5926; x_wconf 87' lang='lat' dir='ltr'><strong>absolute</strong></span> <span class='ocrx_word' id='word_1_476' title='bbox 1251 5879 1452 5941; x_wconf 84' lang='lat' dir='ltr'><strong>ageret,</strong></span> <span class='ocrx_word' id='word_1_477' title='bbox 1498 5870 1628 5924; x_wconf 90' lang='lat' dir='ltr'><strong>nihil</strong></span> <span class='ocrx_word' id='word_1_478' title='bbox 1664 5884 1795 5927; x_wconf 88' lang='lat' dir='ltr'><strong>sane</strong></span> 
     </span>
    </p>
   </div>
   <div class='ocr_carea' id='block_1_60' title="bbox 212 5957 1787 6031">
    <p class='ocr_par' dir='ltr' id='par_1_60' title="bbox 212 5957 1787 6031">
     <span class='ocr_line' id='line_1_60' title="bbox 212 5957 1787 6031; baseline 0.006 -20"><span class='ocrx_word' id='word_1_479' title='bbox 212 5957 592 6029; x_wconf 83' lang='lat' dir='ltr'><strong>impedimenti</strong></span> <span class='ocrx_word' id='word_1_480' title='bbox 620 5968 751 6025; x_wconf 89' lang='lat' dir='ltr'><strong>erat,</strong></span> <span class='ocrx_word' id='word_1_481' title='bbox 778 5961 1057 6031; x_wconf 89' lang='lat' dir='ltr'><strong>quominus</strong></span> <span class='ocrx_word' id='word_1_482' title='bbox 1086 5972 1138 6018; x_wconf 87' lang='lat' dir='ltr'><strong>et</strong></span> <span class='ocrx_word' id='word_1_483' title='bbox 1168 5962 1337 6019; x_wconf 82' lang='lat' dir='ltr'><strong>Cra-ci</strong></span> <span class='ocrx_word' id='word_1_484' title='bbox 1366 5971 1417 6019; x_wconf 88' lang='lat' dir='ltr'><strong>et</strong></span> <span class='ocrx_word' id='word_1_485' title='bbox 1449 5978 1633 6018; x_wconf 89' lang='lat' dir='ltr'><strong>omnes</strong></span> <span class='ocrx_word' id='word_1_486' title='bbox 1674 5978 1787 6020; x_wconf 90' lang='lat' dir='ltr'><strong>om-</strong></span> 
     </span>
    </p>
   </div>
   <div class='ocr_carea' id='block_1_61' title="bbox 1176 518 2577 582">
    <p class='ocr_par' dir='ltr' id='par_1_61' title="bbox 1176 518 2577 582">
     <span class='ocr_line' id='line_1_61' title="bbox 1176 518 2577 582; baseline 0.004 -7"><span class='ocrx_word' id='word_1_487' title='bbox 1176 520 1241 577; x_wconf 86' lang='lat' dir='ltr'><strong>IN</strong></span> <span class='ocrx_word' id='word_1_488' title='bbox 1279 520 1487 577; x_wconf 81' lang='lat' dir='ltr'><strong>EPIST.</strong></span> <span class='ocrx_word' id='word_1_489' title='bbox 1532 522 1624 576; x_wconf 82' lang='lat' dir='ltr'><strong>AD</strong></span> <span class='ocrx_word' id='word_1_490' title='bbox 1662 518 1947 575; x_wconf 81' lang='lat' dir='ltr'><strong>PHILIPP.</strong></span> <span class='ocrx_word' id='word_1_491' title='bbox 1986 518 2139 575; x_wconf 77' lang='lat' dir='ltr'><strong>CAP.</strong></span> <span class='ocrx_word' id='word_1_492' title='bbox 2180 518 2222 577; x_wconf 83' lang='grc'><strong>1.</strong></span> <span class='ocrx_word' id='word_1_493' title='bbox 2262 523 2494 581; x_wconf 78' lang='lat' dir='ltr'><strong>HOMIL.</strong></span> <span class='ocrx_word' id='word_1_494' title='bbox 2537 526 2577 582; x_wconf 86' lang='lat' dir='ltr'><strong>l.</strong></span> 
     </span>
    </p>
   </div>
   <div class='ocr_carea' id='block_1_62' title="bbox 3414 536 3516 591">
    <p class='ocr_par' dir='ltr' id='par_1_62' title="bbox 3414 536 3516 591">
     <span class='ocr_line' id='line_1_62' title="bbox 3414 536 3516 591; baseline 0.01 -1"><span class='ocrx_word' id='word_1_495' title='bbox 3414 536 3516 591; x_wconf 70' lang='grc'><strong>186</strong></span> 
     </span>
    </p>
   </div>
   <div class='ocr_carea' id='block_1_63' title="bbox 1918 637 3513 720">
    <p class='ocr_par' dir='ltr' id='par_1_63' title="bbox 1918 637 3513 720">
     <span class='ocr_line' id='line_1_63' title="bbox 1918 637 3513 720; baseline 0.008 -29"><span class='ocrx_word' id='word_1_496' title='bbox 1918 638 2066 711; x_wconf 73' lang='grc' dir='ltr'><strong>¹ηἰηο</strong></span> <span class='ocrx_word' id='word_1_497' title='bbox 2087 637 2329 696; x_wconf 85' lang='lat' dir='ltr'><strong>homines</strong></span> <span class='ocrx_word' id='word_1_498' title='bbox 2344 655 2581 712; x_wconf 86' lang='lat' dir='ltr'><strong>agerent;</strong></span> <span class='ocrx_word' id='word_1_499' title='bbox 2605 645 2671 709; x_wconf 91' lang='lat' dir='ltr'><strong>si,</strong></span> <span class='ocrx_word' id='word_1_500' title='bbox 2692 645 3335 720; x_wconf 85' lang='lat' dir='ltr'><strong>iuquam,nosperindeae</strong></span> <span class='ocrx_word' id='word_1_501' title='bbox 3349 648 3513 719; x_wconf 83' lang='lat' dir='ltr'><strong>ligna,</strong></span> 
     </span>
    </p>
   </div>
   <div class='ocr_carea' id='block_1_64' title="bbox 1937 730 3516 807">
    <p class='ocr_par' dir='ltr' id='par_1_64' title="bbox 1937 730 3516 807">
     <span class='ocr_line' id='line_1_64' title="bbox 1937 730 3516 807; baseline 0.008 -23"><span class='ocrx_word' id='word_1_502' title='bbox 1937 740 1991 784; x_wconf 90' lang='lat' dir='ltr'><strong>et</strong></span> <span class='ocrx_word' id='word_1_503' title='bbox 2014 730 2217 800; x_wconf 83' lang='lat' dir='ltr'><strong>lapides</strong></span> <span class='ocrx_word' id='word_1_504' title='bbox 2256 745 2515 801; x_wconf 90' lang='lat' dir='ltr'><strong>moveret,</strong></span> <span class='ocrx_word' id='word_1_505' title='bbox 2554 752 2726 805; x_wconf 87' lang='lat' dir='ltr'><strong>neque</strong></span> <span class='ocrx_word' id='word_1_506' title='bbox 2769 750 2945 807; x_wconf 82' lang='lat' dir='ltr'><strong>partes</strong></span> <span class='ocrx_word' id='word_1_507' title='bbox 2979 742 3138 794; x_wconf 90' lang='lat' dir='ltr'><strong>etiam</strong></span> <span class='ocrx_word' id='word_1_508' title='bbox 3172 750 3381 795; x_wconf 87' lang='lat' dir='ltr'><strong>nostras</strong></span> <span class='ocrx_word' id='word_1_509' title='bbox 3418 743 3516 797; x_wconf 90' lang='lat' dir='ltr'><strong>de-</strong></span> 
     </span>
    </p>
   </div>
   <div class='ocr_carea' id='block_1_65' title="bbox 1934 821 3502 901">
    <p class='ocr_par' dir='ltr' id='par_1_65' title="bbox 1934 821 3502 901">
     <span class='ocr_line' id='line_1_65' title="bbox 1934 821 3502 901; baseline 0.007 -26"><span class='ocrx_word' id='word_1_510' title='bbox 1934 821 2215 878; x_wconf 88' lang='lat' dir='ltr'><strong>sideraret.</strong></span> <span class='ocrx_word' id='word_1_511' title='bbox 2240 824 2621 893; x_wconf 86' lang='lat' dir='ltr'><strong>Quamobrem,</strong></span> <span class='ocrx_word' id='word_1_512' title='bbox 2659 842 2801 894; x_wconf 93' lang='lat' dir='ltr'><strong>cum,</strong></span> <span class='ocrx_word' id='word_1_513' title='bbox 2842 829 3035 899; x_wconf 90' lang='lat' dir='ltr'><strong>inquit,</strong></span> <span class='ocrx_word' id='word_1_514' title='bbox 3080 830 3217 885; x_wconf 86' lang='lat' dir='ltr'><strong>Deus</strong></span> <span class='ocrx_word' id='word_1_515' title='bbox 3258 833 3502 901; x_wconf 80' lang='lat' dir='ltr'><strong>perﬁciet,</strong></span> 
     </span>
    </p>
   </div>
   <div class='ocr_carea' id='block_1_66' title="bbox 1934 915 3511 995">
    <p class='ocr_par' dir='ltr' id='par_1_66' title="bbox 1934 915 3511 995">
     <span class='ocr_line' id='line_1_66' title="bbox 1934 915 3511 995; baseline 0.008 -27"><span class='ocrx_word' id='word_1_516' title='bbox 1934 924 1987 969; x_wconf 91' lang='lat' dir='ltr'><strong>et</strong></span> <span class='ocrx_word' id='word_1_517' title='bbox 2014 915 2114 970; x_wconf 89' lang='lat' dir='ltr'><strong>hoc</strong></span> <span class='ocrx_word' id='word_1_518' title='bbox 2143 932 2327 973; x_wconf 91' lang='lat' dir='ltr'><strong>rursus</strong></span> <span class='ocrx_word' id='word_1_519' title='bbox 2348 919 2414 973; x_wconf 89' lang='lat' dir='ltr'><strong>ad</strong></span> <span class='ocrx_word' id='word_1_520' title='bbox 2445 920 2654 974; x_wconf 92' lang='lat' dir='ltr'><strong>illorum</strong></span> <span class='ocrx_word' id='word_1_521' title='bbox 2683 921 2894 976; x_wconf 89' lang='lat' dir='ltr'><strong>laudem</strong></span> <span class='ocrx_word' id='word_1_522' title='bbox 2919 924 3168 991; x_wconf 88' lang='lat' dir='ltr'><strong>pertinet,</strong></span> <span class='ocrx_word' id='word_1_523' title='bbox 3197 926 3392 995; x_wconf 91' lang='lat' dir='ltr'><strong>quippe</strong></span> <span class='ocrx_word' id='word_1_524' title='bbox 3419 926 3511 995; x_wconf 91' lang='lat' dir='ltr'><strong>qui</strong></span> 
     </span>
    </p>
   </div>
   <div class='ocr_carea' id='block_1_67' title="bbox 1937 1002 3511 1085">
    <p class='ocr_par' dir='ltr' id='par_1_67' title="bbox 1937 1002 3511 1085">
     <span class='ocr_line' id='line_1_67' title="bbox 1937 1002 3511 1085; baseline 0.008 -26"><span class='ocrx_word' id='word_1_525' title='bbox 1937 1006 2026 1060; x_wconf 93' lang='lat' dir='ltr'><strong>Dei</strong></span> <span class='ocrx_word' id='word_1_526' title='bbox 2053 1009 2275 1076; x_wconf 88' lang='lat' dir='ltr'><strong>gratiam</strong></span> <span class='ocrx_word' id='word_1_527' title='bbox 2307 1011 2378 1063; x_wconf 90' lang='lat' dir='ltr'><strong>ita</strong></span> <span class='ocrx_word' id='word_1_528' title='bbox 2405 1011 2506 1066; x_wconf 90' lang='lat' dir='ltr'><strong>sibi</strong></span> <span class='ocrx_word' id='word_1_529' title='bbox 2536 1002 2893 1077; x_wconf 83' lang='lat' dir='ltr'><strong>coneiliarint,</strong></span> <span class='ocrx_word' id='word_1_530' title='bbox 2931 1023 2989 1067; x_wconf 94' lang='lat' dir='ltr'><strong>ut</strong></span> <span class='ocrx_word' id='word_1_531' title='bbox 3029 1015 3158 1082; x_wconf 86' lang='lat' dir='ltr'><strong>ipsis</strong></span> <span class='ocrx_word' id='word_1_532' title='bbox 3186 1031 3511 1085; x_wconf 86' lang='lat' dir='ltr'><strong>cooperare-</strong></span> 
     </span>
    </p>
   </div>
   <div class='ocr_carea' id='block_1_68' title="bbox 1935 1099 3509 1177">
    <p class='ocr_par' dir='ltr' id='par_1_68' title="bbox 1935 1099 3509 1177">
     <span class='ocr_line' id='line_1_68' title="bbox 1935 1099 3509 1177; baseline 0.008 -26"><span class='ocrx_word' id='word_1_533' title='bbox 1935 1108 2019 1152; x_wconf 93' lang='lat' dir='ltr'><strong>tur</strong></span> <span class='ocrx_word' id='word_1_534' title='bbox 2043 1099 2109 1153; x_wconf 91' lang='lat' dir='ltr'><strong>ad</strong></span> <span class='ocrx_word' id='word_1_535' title='bbox 2138 1110 2342 1156; x_wconf 63' lang='lat' dir='ltr'><strong>natura;</strong></span> <span class='ocrx_word' id='word_1_536' title='bbox 2379 1101 2625 1157; x_wconf 74' lang='lat' dir='ltr'><strong>humana:</strong></span> <span class='ocrx_word' id='word_1_537' title='bbox 2661 1103 3023 1159; x_wconf 86' lang='lat' dir='ltr'><strong>conditionem</strong></span> <span class='ocrx_word' id='word_1_538' title='bbox 3058 1109 3509 1177; x_wconf 78' lang='lat' dir='ltr'><strong>exsuperandam.</strong></span> 
     </span>
    </p>
   </div>
   <div class='ocr_carea' id='block_1_69' title="bbox 1931 1189 3515 1265">
    <p class='ocr_par' dir='ltr' id='par_1_69' title="bbox 1931 1189 3515 1265">
     <span class='ocr_line' id='line_1_69' title="bbox 1931 1189 3515 1265; baseline 0.009 -23"><span class='ocrx_word' id='word_1_539' title='bbox 1931 1189 2107 1258; x_wconf 83' lang='lat' dir='ltr'><strong>Atque</strong></span> <span class='ocrx_word' id='word_1_540' title='bbox 2131 1190 2234 1245; x_wconf 90' lang='lat' dir='ltr'><strong>alia</strong></span> <span class='ocrx_word' id='word_1_541' title='bbox 2263 1193 2423 1247; x_wconf 89' lang='lat' dir='ltr'><strong>etiam</strong></span> <span class='ocrx_word' id='word_1_542' title='bbox 2452 1194 2661 1249; x_wconf 87' lang='lat' dir='ltr'><strong>ratione</strong></span> <span class='ocrx_word' id='word_1_543' title='bbox 2695 1195 2872 1251; x_wconf 89' lang='lat' dir='ltr'><strong>hacin</strong></span> <span class='ocrx_word' id='word_1_544' title='bbox 2911 1212 2969 1250; x_wconf 88' lang='lat' dir='ltr'><strong>re</strong></span> <span class='ocrx_word' id='word_1_545' title='bbox 3009 1196 3123 1251; x_wconf 87' lang='lat' dir='ltr'><strong>laus</strong></span> <span class='ocrx_word' id='word_1_546' title='bbox 3158 1200 3317 1265; x_wconf 91' lang='lat' dir='ltr'><strong>inest,</strong></span> <span class='ocrx_word' id='word_1_547' title='bbox 3355 1202 3515 1256; x_wconf 83' lang='lat' dir='ltr'><strong>nimi-</strong></span> 
     </span>
    </p>
   </div>
   <div class='ocr_carea' id='block_1_70' title="bbox 1932 1283 3511 1357">
    <p class='ocr_par' dir='ltr' id='par_1_70' title="bbox 1932 1283 3511 1357">
     <span class='ocr_line' id='line_1_70' title="bbox 1932 1283 3511 1357; baseline 0.008 -21"><span class='ocrx_word' id='word_1_548' title='bbox 1932 1298 2069 1346; x_wconf 90' lang='lat' dir='ltr'><strong>rum,</strong></span> <span class='ocrx_word' id='word_1_549' title='bbox 2106 1283 2248 1352; x_wconf 91' lang='lat' dir='ltr'><strong>quod</strong></span> <span class='ocrx_word' id='word_1_550' title='bbox 2283 1286 2401 1340; x_wconf 89' lang='lat' dir='ltr'><strong>talia</strong></span> <span class='ocrx_word' id='word_1_551' title='bbox 2443 1287 2552 1341; x_wconf 92' lang='lat' dir='ltr'><strong>sint</strong></span> <span class='ocrx_word' id='word_1_552' title='bbox 2592 1296 2767 1342; x_wconf 88' lang='lat' dir='ltr'><strong>vestra</strong></span> <span class='ocrx_word' id='word_1_553' title='bbox 2807 1298 2952 1344; x_wconf 88' lang='lat' dir='ltr'><strong>recte</strong></span> <span class='ocrx_word' id='word_1_554' title='bbox 3000 1288 3159 1357; x_wconf 85' lang='lat' dir='ltr'><strong>facta,</strong></span> <span class='ocrx_word' id='word_1_555' title='bbox 3203 1300 3263 1346; x_wconf 92' lang='lat' dir='ltr'><strong>ut</strong></span> <span class='ocrx_word' id='word_1_556' title='bbox 3288 1294 3511 1350; x_wconf 87' lang='lat' dir='ltr'><strong>minime</strong></span> 
     </span>
    </p>
   </div>
   <div class='ocr_carea' id='block_1_71' title="bbox 1931 1375 3510 1451">
    <p class='ocr_par' dir='ltr' id='par_1_71' title="bbox 1931 1375 3510 1451">
     <span class='ocr_line' id='line_1_71' title="bbox 1931 1375 3510 1451; baseline 0.009 -24"><span class='ocrx_word' id='word_1_557' title='bbox 1931 1375 2158 1430; x_wconf 91' lang='lat' dir='ltr'><strong>humana</strong></span> <span class='ocrx_word' id='word_1_558' title='bbox 2191 1376 2315 1440; x_wconf 87' lang='lat' dir='ltr'><strong>sint,</strong></span> <span class='ocrx_word' id='word_1_559' title='bbox 2360 1379 2455 1433; x_wconf 91' lang='lat' dir='ltr'><strong>sed</strong></span> <span class='ocrx_word' id='word_1_560' title='bbox 2480 1379 2662 1434; x_wconf 91' lang='lat' dir='ltr'><strong>divino</strong></span> <span class='ocrx_word' id='word_1_561' title='bbox 2685 1390 2804 1435; x_wconf 90' lang='lat' dir='ltr'><strong>actu</strong></span> <span class='ocrx_word' id='word_1_562' title='bbox 2835 1382 2905 1435; x_wconf 90' lang='lat' dir='ltr'><strong>sit</strong></span> <span class='ocrx_word' id='word_1_563' title='bbox 2928 1396 3085 1451; x_wconf 92' lang='lat' dir='ltr'><strong>opus.</strong></span> <span class='ocrx_word' id='word_1_564' title='bbox 3114 1384 3267 1450; x_wconf 70' lang='lat' dir='ltr'><strong>Quoi</strong></span> <span class='ocrx_word' id='word_1_565' title='bbox 3294 1386 3341 1439; x_wconf 89' lang='lat' dir='ltr'><strong>si</strong></span> <span class='ocrx_word' id='word_1_566' title='bbox 3370 1387 3510 1442; x_wconf 88' lang='lat' dir='ltr'><strong>Deus</strong></span> 
     </span>
    </p>
   </div>
   <div class='ocr_carea' id='block_1_72' title="bbox 1931 1466 3511 1541">
    <p class='ocr_par' dir='ltr' id='par_1_72' title="bbox 1931 1466 3511 1541">
     <span class='ocr_line' id='line_1_72' title="bbox 1931 1466 3511 1541; baseline 0.007 -21"><span class='ocrx_word' id='word_1_567' title='bbox 1931 1466 2192 1536; x_wconf 85' lang='lat' dir='ltr'><strong>perficiet,</strong></span> <span class='ocrx_word' id='word_1_568' title='bbox 2218 1484 2324 1523; x_wconf 91' lang='lat' dir='ltr'><strong>non</strong></span> <span class='ocrx_word' id='word_1_569' title='bbox 2352 1472 2617 1525; x_wconf 84' lang='lat' dir='ltr'><strong>maximus</strong></span> <span class='ocrx_word' id='word_1_570' title='bbox 2636 1471 2926 1541; x_wconf 86' lang='lat' dir='ltr'><strong>capiendus</strong></span> <span class='ocrx_word' id='word_1_571' title='bbox 2945 1474 3046 1527; x_wconf 90' lang='lat' dir='ltr'><strong>erit</strong></span> <span class='ocrx_word' id='word_1_572' title='bbox 3069 1473 3236 1539; x_wconf 87' lang='lat' dir='ltr'><strong>labor,</strong></span> <span class='ocrx_word' id='word_1_573' title='bbox 3263 1475 3358 1530; x_wconf 89' lang='lat' dir='ltr'><strong>sed</strong></span> <span class='ocrx_word' id='word_1_574' title='bbox 3378 1492 3511 1531; x_wconf 88' lang='lat' dir='ltr'><strong>con-</strong></span> 
     </span>
    </p>
   </div>
   <div class='ocr_carea' id='block_1_73' title="bbox 1928 1558 3507 1635">
    <p class='ocr_par' dir='ltr' id='par_1_73' title="bbox 1928 1558 3507 1635">
     <span class='ocr_line' id='line_1_73' title="bbox 1928 1558 3507 1635; baseline 0.006 -23"><span class='ocrx_word' id='word_1_575' title='bbox 1928 1558 2095 1614; x_wconf 91' lang='lat' dir='ltr'><strong>fidere</strong></span> <span class='ocrx_word' id='word_1_576' title='bbox 2131 1570 2364 1629; x_wconf 86' lang='lat' dir='ltr'><strong>oportet,</strong></span> <span class='ocrx_word' id='word_1_577' title='bbox 2409 1561 2561 1617; x_wconf 89' lang='lat' dir='ltr'><strong>facile</strong></span> <span class='ocrx_word' id='word_1_578' title='bbox 2596 1580 2625 1616; x_wconf 89' lang='lat' dir='ltr'><strong>a</strong></span> <span class='ocrx_word' id='word_1_579' title='bbox 2666 1565 2822 1619; x_wconf 90' lang='lat' dir='ltr'><strong>nobis</strong></span> <span class='ocrx_word' id='word_1_580' title='bbox 2859 1566 3036 1619; x_wconf 89' lang='lat' dir='ltr'><strong>omnia</strong></span> <span class='ocrx_word' id='word_1_581' title='bbox 3074 1567 3367 1635; x_wconf 59' lang='lat' dir='ltr'><strong>praestitum</strong></span> <span class='ocrx_word' id='word_1_582' title='bbox 3416 1569 3507 1635; x_wconf 89' lang='lat' dir='ltr'><strong>iri,</strong></span> 
     </span>
    </p>
   </div>
   <div class='ocr_carea' id='block_1_74' title="bbox 1928 1651 3504 1728">
    <p class='ocr_par' dir='ltr' id='par_1_74' title="bbox 1928 1651 3504 1728">
     <span class='ocr_line' id='line_1_74' title="bbox 1928 1651 3504 1728; baseline 0.008 -25"><span class='ocrx_word' id='word_1_583' title='bbox 1928 1651 2121 1721; x_wconf 88' lang='lat' dir='ltr'><strong>quippe</strong></span> <span class='ocrx_word' id='word_1_584' title='bbox 2140 1653 2227 1721; x_wconf 90' lang='lat' dir='ltr'><strong>qui</strong></span> <span class='ocrx_word' id='word_1_585' title='bbox 2255 1653 2323 1707; x_wconf 88' lang='lat' dir='ltr'><strong>ab</strong></span> <span class='ocrx_word' id='word_1_586' title='bbox 2349 1654 2441 1707; x_wconf 89' lang='lat' dir='ltr'><strong>illo</strong></span> <span class='ocrx_word' id='word_1_587' title='bbox 2470 1654 2802 1723; x_wconf 88' lang='lat' dir='ltr'><strong>adjuvemur.</strong></span> <span class='ocrx_word' id='word_1_588' title='bbox 2833 1657 2885 1710; x_wconf 89' lang='lat'><strong>7.</strong></span> <span class='ocrx_word' id='word_1_589' title='bbox 2918 1656 3063 1711; x_wconf 83' lang='lat' dir='ltr'><strong>Sicut</strong></span> <span class='ocrx_word' id='word_1_590' title='bbox 3101 1668 3172 1711; x_wconf 85' lang='lat' dir='ltr'><strong>est</strong></span> <span class='ocrx_word' id='word_1_591' title='bbox 3194 1658 3393 1728; x_wconf 88' lang='lat' dir='ltr'><strong>justum</strong></span> <span class='ocrx_word' id='word_1_592' title='bbox 3423 1678 3504 1715; x_wconf 89' lang='lat' dir='ltr'><strong>me</strong></span> 
     </span>
    </p>
   </div>
   <div class='ocr_carea' id='block_1_75' title="bbox 1927 1742 3507 1820">
    <p class='ocr_par' dir='ltr' id='par_1_75' title="bbox 1927 1742 3507 1820">
     <span class='ocr_line' id='line_1_75' title="bbox 1927 1742 3507 1820; baseline 0.009 -26"><span class='ocrx_word' id='word_1_593' title='bbox 1927 1742 2022 1795; x_wconf 90' lang='lat' dir='ltr'><strong>hoc</strong></span> <span class='ocrx_word' id='word_1_594' title='bbox 2048 1745 2231 1798; x_wconf 88' lang='lat' dir='ltr'><strong>sentire</strong></span> <span class='ocrx_word' id='word_1_595' title='bbox 2260 1762 2351 1814; x_wconf 91' lang='lat' dir='ltr'><strong>pro</strong></span> <span class='ocrx_word' id='word_1_596' title='bbox 2379 1747 2610 1801; x_wconf 89' lang='lat' dir='ltr'><strong>omnibus</strong></span> <span class='ocrx_word' id='word_1_597' title='bbox 2651 1749 2808 1808; x_wconf 83' lang='lat' dir='ltr'><strong>vobis,</strong></span> <span class='ocrx_word' id='word_1_598' title='bbox 2843 1765 2900 1803; x_wconf 76' lang='lat' dir='ltr'><strong>co</strong></span> <span class='ocrx_word' id='word_1_599' title='bbox 2923 1750 3059 1820; x_wconf 86' lang='lat' dir='ltr'><strong>quod</strong></span> <span class='ocrx_word' id='word_1_600' title='bbox 3088 1751 3296 1805; x_wconf 82' lang='lat' dir='ltr'><strong>habeam</strong></span> <span class='ocrx_word' id='word_1_601' title='bbox 3330 1768 3416 1807; x_wconf 83' lang='lat' dir='ltr'><strong>vos</strong></span> <span class='ocrx_word' id='word_1_602' title='bbox 3451 1757 3507 1809; x_wconf 87' lang='lat' dir='ltr'><strong>itt</strong></span> 
     </span>
    </p>
   </div>
   <div class='ocr_carea' id='block_1_76' title="bbox 1926 1835 3508 1913">
    <p class='ocr_par' dir='ltr' id='par_1_76' title="bbox 1926 1835 3508 1913">
     <span class='ocr_line' id='line_1_76' title="bbox 1926 1835 3508 1913; baseline 0.008 -27"><span class='ocrx_word' id='word_1_603' title='bbox 1926 1835 2095 1899; x_wconf 87' lang='lat' dir='ltr'><strong>corde,</strong></span> <span class='ocrx_word' id='word_1_604' title='bbox 2122 1845 2169 1889; x_wconf 91' lang='lat' dir='ltr'><strong>et</strong></span> <span class='ocrx_word' id='word_1_605' title='bbox 2192 1836 2406 1890; x_wconf 87' lang='lat' dir='ltr'><strong>vinculis</strong></span> <span class='ocrx_word' id='word_1_606' title='bbox 2435 1838 2577 1899; x_wconf 89' lang='lat' dir='ltr'><strong>meis,</strong></span> <span class='ocrx_word' id='word_1_607' title='bbox 2610 1849 2656 1891; x_wconf 89' lang='lat' dir='ltr'><strong>et</strong></span> <span class='ocrx_word' id='word_1_608' title='bbox 2683 1840 2735 1892; x_wconf 84' lang='lat' dir='ltr'><strong>in</strong></span> <span class='ocrx_word' id='word_1_609' title='bbox 2761 1839 3051 1910; x_wconf 78' lang='lat' dir='ltr'><strong>defensione</strong></span> <span class='ocrx_word' id='word_1_610' title='bbox 3075 1860 3207 1908; x_wconf 91' lang='lat' dir='ltr'><strong>mea,</strong></span> <span class='ocrx_word' id='word_1_611' title='bbox 3244 1854 3291 1896; x_wconf 90' lang='lat' dir='ltr'><strong>et</strong></span> <span class='ocrx_word' id='word_1_612' title='bbox 3319 1847 3508 1913; x_wconf 85' lang='lat' dir='ltr'><strong>conﬁr-</strong></span> 
     </span>
    </p>
   </div>
   <div class='ocr_carea' id='block_1_77' title="bbox 1927 1928 3506 2003">
    <p class='ocr_par' dir='ltr' id='par_1_77' title="bbox 1927 1928 3506 2003">
     <span class='ocr_line' id='line_1_77' title="bbox 1927 1928 3506 2003; baseline 0.007 -25"><span class='ocrx_word' id='word_1_613' title='bbox 1927 1928 2143 1980; x_wconf 88' lang='lat' dir='ltr'><strong>matione</strong></span> <span class='ocrx_word' id='word_1_614' title='bbox 2171 1930 2436 1997; x_wconf 84' lang='lat' dir='ltr'><strong>evangelii,</strong></span> <span class='ocrx_word' id='word_1_615' title='bbox 2467 1930 2601 1999; x_wconf 84' lang='lat' dir='ltr'><strong>quod</strong></span> <span class='ocrx_word' id='word_1_616' title='bbox 2626 1947 2798 1985; x_wconf 85' lang='lat' dir='ltr'><strong>omnes</strong></span> <span class='ocrx_word' id='word_1_617' title='bbox 2830 1948 2915 1985; x_wconf 81' lang='lat' dir='ltr'><strong>vos</strong></span> <span class='ocrx_word' id='word_1_618' title='bbox 2946 1949 3046 1984; x_wconf 86' lang='lat' dir='ltr'><strong>una</strong></span> <span class='ocrx_word' id='word_1_619' title='bbox 3071 1950 3263 1987; x_wconf 79' lang='lat' dir='ltr'><strong>mecum</strong></span> <span class='ocrx_word' id='word_1_620' title='bbox 3292 1937 3506 2003; x_wconf 86' lang='lat' dir='ltr'><strong>partici-</strong></span> 
     </span>
    </p>
   </div>
   <div class='ocr_carea' id='block_1_78' title="bbox 1928 2020 3508 2092">
    <p class='ocr_par' dir='ltr' id='par_1_78' title="bbox 1928 2020 3508 2092">
     <span class='ocr_line' id='line_1_78' title="bbox 1928 2020 3508 2092; baseline 0.009 -22"><span class='ocrx_word' id='word_1_621' title='bbox 1928 2035 2012 2085; x_wconf 83' lang='lat' dir='ltr'><strong>pes</strong></span> <span class='ocrx_word' id='word_1_622' title='bbox 2042 2020 2157 2072; x_wconf 88' lang='lat' dir='ltr'><strong>estis</strong></span> <span class='ocrx_word' id='word_1_623' title='bbox 2199 2022 2397 2089; x_wconf 65' lang='lat' dir='ltr'><strong>gratiae.</strong></span> <span class='ocrx_word' id='word_1_624' title='bbox 2430 2021 2670 2092; x_wconf 81' lang='lat' dir='ltr'><strong>Magnam</strong></span> <span class='ocrx_word' id='word_1_625' title='bbox 2711 2024 2914 2078; x_wconf 89' lang='lat' dir='ltr'><strong>interea</strong></span> <span class='ocrx_word' id='word_1_626' title='bbox 2955 2024 3207 2080; x_wconf 82' lang='lat' dir='ltr'><strong>desiderii</strong></span> <span class='ocrx_word' id='word_1_627' title='bbox 3250 2028 3358 2081; x_wconf 92' lang='lat' dir='ltr'><strong>vim</strong></span> <span class='ocrx_word' id='word_1_628' title='bbox 3401 2028 3508 2084; x_wconf 91' lang='lat' dir='ltr'><strong>hoc</strong></span> 
     </span>
    </p>
   </div>
   <div class='ocr_carea' id='block_1_79' title="bbox 1925 2111 3503 2190">
    <p class='ocr_par' dir='ltr' id='par_1_79' title="bbox 1925 2111 3503 2190">
     <span class='ocr_line' id='line_1_79' title="bbox 1925 2111 3503 2190; baseline 0.008 -26"><span class='ocrx_word' id='word_1_629' title='bbox 1925 2111 2043 2165; x_wconf 91' lang='lat' dir='ltr'><strong>loco</strong></span> <span class='ocrx_word' id='word_1_630' title='bbox 2069 2112 2322 2177; x_wconf 90' lang='lat' dir='ltr'><strong>ostendit,</strong></span> <span class='ocrx_word' id='word_1_631' title='bbox 2348 2115 2610 2184; x_wconf 90' lang='lat' dir='ltr'><strong>siquidem</strong></span> <span class='ocrx_word' id='word_1_632' title='bbox 2643 2116 2763 2169; x_wconf 92' lang='lat' dir='ltr'><strong>illos</strong></span> <span class='ocrx_word' id='word_1_633' title='bbox 2793 2116 2843 2169; x_wconf 94' lang='lat' dir='ltr'><strong>in</strong></span> <span class='ocrx_word' id='word_1_634' title='bbox 2874 2116 3037 2172; x_wconf 91' lang='lat' dir='ltr'><strong>corde</strong></span> <span class='ocrx_word' id='word_1_635' title='bbox 3065 2117 3313 2185; x_wconf 91' lang='lat' dir='ltr'><strong>habebat,</strong></span> <span class='ocrx_word' id='word_1_636' title='bbox 3339 2130 3503 2190; x_wconf 90' lang='lat' dir='ltr'><strong>atque</strong></span> 
     </span>
    </p>
   </div>
   <div class='ocr_carea' id='block_1_80' title="bbox 1924 2203 3506 2278">
    <p class='ocr_par' dir='ltr' id='par_1_80' title="bbox 1924 2203 3506 2278">
     <span class='ocr_line' id='line_1_80' title="bbox 1924 2203 3506 2278; baseline 0.006 -21"><span class='ocrx_word' id='word_1_637' title='bbox 1924 2203 1977 2257; x_wconf 92' lang='lat' dir='ltr'><strong>in</strong></span> <span class='ocrx_word' id='word_1_638' title='bbox 2004 2204 2235 2273; x_wconf 90' lang='lat' dir='ltr'><strong>ipsomet</strong></span> <span class='ocrx_word' id='word_1_639' title='bbox 2257 2221 2473 2261; x_wconf 89' lang='lat' dir='ltr'><strong>carcere</strong></span> <span class='ocrx_word' id='word_1_640' title='bbox 2500 2208 2709 2262; x_wconf 90' lang='lat' dir='ltr'><strong>vinctus</strong></span> <span class='ocrx_word' id='word_1_641' title='bbox 2730 2208 3154 2278; x_wconf 88' lang='lat' dir='ltr'><strong>Philippensium</strong></span> <span class='ocrx_word' id='word_1_642' title='bbox 3186 2212 3506 2267; x_wconf 87' lang='lat' dir='ltr'><strong>recordaba-</strong></span> 
     </span>
    </p>
   </div>
   <div class='ocr_carea' id='block_1_81' title="bbox 1926 2297 3502 2368">
    <p class='ocr_par' dir='ltr' id='par_1_81' title="bbox 1926 2297 3502 2368">
     <span class='ocr_line' id='line_1_81' title="bbox 1926 2297 3502 2368; baseline 0.006 -19"><span class='ocrx_word' id='word_1_643' title='bbox 1926 2306 2029 2350; x_wconf 90' lang='lat' dir='ltr'><strong>tur.</strong></span> <span class='ocrx_word' id='word_1_644' title='bbox 2076 2297 2193 2351; x_wconf 88' lang='lat' dir='ltr'><strong>Non</strong></span> <span class='ocrx_word' id='word_1_645' title='bbox 2236 2298 2469 2368; x_wconf 87' lang='lat' dir='ltr'><strong>vulgaris</strong></span> <span class='ocrx_word' id='word_1_646' title='bbox 2508 2299 2748 2354; x_wconf 90' lang='lat' dir='ltr'><strong>virorum</strong></span> <span class='ocrx_word' id='word_1_647' title='bbox 2796 2299 2933 2366; x_wconf 90' lang='lat' dir='ltr'><strong>laus,</strong></span> <span class='ocrx_word' id='word_1_648' title='bbox 2986 2315 3107 2356; x_wconf 89' lang='lat' dir='ltr'><strong>esse</strong></span> <span class='ocrx_word' id='word_1_649' title='bbox 3148 2302 3200 2355; x_wconf 93' lang='lat' dir='ltr'><strong>in</strong></span> <span class='ocrx_word' id='word_1_650' title='bbox 3244 2304 3502 2358; x_wconf 90' lang='lat' dir='ltr'><strong>memoria</strong></span> 
     </span>
    </p>
   </div>
   <div class='ocr_carea' id='block_1_82' title="bbox 1922 2389 3505 2457">
    <p class='ocr_par' dir='ltr' id='par_1_82' title="bbox 1922 2389 3505 2457">
     <span class='ocr_line' id='line_1_82' title="bbox 1922 2389 3505 2457; baseline 0.005 -14"><span class='ocrx_word' id='word_1_651' title='bbox 1922 2390 2089 2443; x_wconf 81' lang='lat' dir='ltr'><strong>sancti</strong></span> <span class='ocrx_word' id='word_1_652' title='bbox 2122 2389 2275 2457; x_wconf 86' lang='lat' dir='ltr'><strong>hujus</strong></span> <span class='ocrx_word' id='word_1_653' title='bbox 2304 2406 2319 2443; x_wconf 91' lang='lat'><strong>:</strong></span> <span class='ocrx_word' id='word_1_654' title='bbox 2350 2406 2454 2444; x_wconf 91' lang='lat' dir='ltr'><strong>non</strong></span> <span class='ocrx_word' id='word_1_655' title='bbox 2499 2392 2641 2445; x_wconf 89' lang='lat' dir='ltr'><strong>enim</strong></span> <span class='ocrx_word' id='word_1_656' title='bbox 2683 2391 2825 2445; x_wconf 92' lang='lat' dir='ltr'><strong>illius</strong></span> <span class='ocrx_word' id='word_1_657' title='bbox 2853 2392 3068 2445; x_wconf 90' lang='lat' dir='ltr'><strong>dilectio</strong></span> <span class='ocrx_word' id='word_1_658' title='bbox 3101 2408 3165 2447; x_wconf 83' lang='lat' dir='ltr'><strong>ex</strong></span> <span class='ocrx_word' id='word_1_659' title='bbox 3199 2394 3505 2451; x_wconf 77' lang='lat' dir='ltr'><strong>inconside~</strong></span> 
     </span>
    </p>
   </div>
   <div class='ocr_carea' id='block_1_83' title="bbox 1922 2481 3496 2557">
    <p class='ocr_par' dir='ltr' id='par_1_83' title="bbox 1922 2481 3496 2557">
     <span class='ocr_line' id='line_1_83' title="bbox 1922 2481 3496 2557; baseline 0.005 -24"><span class='ocrx_word' id='word_1_660' title='bbox 1922 2489 2037 2534; x_wconf 89' lang='lat' dir='ltr'><strong>rato</strong></span> <span class='ocrx_word' id='word_1_661' title='bbox 2057 2481 2284 2549; x_wconf 89' lang='lat' dir='ltr'><strong>quodam</strong></span> <span class='ocrx_word' id='word_1_662' title='bbox 2311 2482 2471 2536; x_wconf 90' lang='lat' dir='ltr'><strong>animi</strong></span> <span class='ocrx_word' id='word_1_663' title='bbox 2496 2491 2665 2548; x_wconf 90' lang='lat' dir='ltr'><strong>motu,</strong></span> <span class='ocrx_word' id='word_1_664' title='bbox 2689 2482 2782 2536; x_wconf 89' lang='lat' dir='ltr'><strong>sed</strong></span> <span class='ocrx_word' id='word_1_665' title='bbox 2804 2482 3008 2552; x_wconf 92' lang='lat' dir='ltr'><strong>judicio</strong></span> <span class='ocrx_word' id='word_1_666' title='bbox 3027 2499 3090 2538; x_wconf 92' lang='lat' dir='ltr'><strong>ac</strong></span> <span class='ocrx_word' id='word_1_667' title='bbox 3109 2483 3247 2540; x_wconf 91' lang='lat' dir='ltr'><strong>bene</strong></span> <span class='ocrx_word' id='word_1_668' title='bbox 3268 2488 3496 2557; x_wconf 85' lang='lat' dir='ltr'><strong>cogitata</strong></span> 
     </span>
    </p>
   </div>
   <div class='ocr_carea' id='block_1_84' title="bbox 1922 2570 3500 2645">
    <p class='ocr_par' dir='ltr' id='par_1_84' title="bbox 1922 2570 3500 2645">
     <span class='ocr_line' id='line_1_84' title="bbox 1922 2570 3500 2645; baseline 0.006 -21"><span class='ocrx_word' id='word_1_669' title='bbox 1922 2570 2128 2625; x_wconf 87' lang='lat' dir='ltr'><strong>ratione</strong></span> <span class='ocrx_word' id='word_1_670' title='bbox 2147 2572 2455 2626; x_wconf 88' lang='lat' dir='ltr'><strong>exsistebat.</strong></span> <span class='ocrx_word' id='word_1_671' title='bbox 2480 2572 2839 2639; x_wconf 91' lang='lat' dir='ltr'><strong>Quamobrem</strong></span> <span class='ocrx_word' id='word_1_672' title='bbox 2865 2573 3010 2643; x_wconf 90' lang='lat' dir='ltr'><strong>diligi</strong></span> <span class='ocrx_word' id='word_1_673' title='bbox 3031 2574 3261 2645; x_wconf 90' lang='lat' dir='ltr'><strong>aliquem</strong></span> <span class='ocrx_word' id='word_1_674' title='bbox 3282 2592 3311 2629; x_wconf 91' lang='lat' dir='ltr'><strong>a</strong></span> <span class='ocrx_word' id='word_1_675' title='bbox 3336 2578 3500 2633; x_wconf 85' lang='lat' dir='ltr'><strong>Paulo</strong></span> 
     </span>
    </p>
   </div>
   <div class='ocr_carea' id='block_1_85' title="bbox 1920 2661 3501 2737">
    <p class='ocr_par' dir='ltr' id='par_1_85' title="bbox 1920 2661 3501 2737">
     <span class='ocr_line' id='line_1_85' title="bbox 1920 2661 3501 2737; baseline 0.008 -22"><span class='ocrx_word' id='word_1_676' title='bbox 1920 2661 2055 2715; x_wconf 90' lang='lat' dir='ltr'><strong>adeo</strong></span> <span class='ocrx_word' id='word_1_677' title='bbox 2081 2662 2443 2727; x_wconf 89' lang='lat' dir='ltr'><strong>vehementer,</strong></span> <span class='ocrx_word' id='word_1_678' title='bbox 2475 2664 2604 2717; x_wconf 91' lang='lat' dir='ltr'><strong>satis</strong></span> <span class='ocrx_word' id='word_1_679' title='bbox 2631 2667 2930 2735; x_wconf 89' lang='lat' dir='ltr'><strong>argumenti</strong></span> <span class='ocrx_word' id='word_1_680' title='bbox 2959 2675 3062 2732; x_wconf 91' lang='lat' dir='ltr'><strong>est,</strong></span> <span class='ocrx_word' id='word_1_681' title='bbox 3100 2682 3351 2737; x_wconf 86' lang='lat' dir='ltr'><strong>magnum</strong></span> <span class='ocrx_word' id='word_1_682' title='bbox 3378 2685 3501 2727; x_wconf 80' lang='lat' dir='ltr'><strong>esse</strong></span> 
     </span>
    </p>
   </div>
   <div class='ocr_carea' id='block_1_86' title="bbox 1919 2755 3495 2831">
    <p class='ocr_par' dir='ltr' id='par_1_86' title="bbox 1919 2755 3495 2831">
     <span class='ocr_line' id='line_1_86' title="bbox 1919 2755 3495 2831; baseline 0.004 -21"><span class='ocrx_word' id='word_1_683' title='bbox 1919 2755 2069 2811; x_wconf 90' lang='lat' dir='ltr'><strong>illum</strong></span> <span class='ocrx_word' id='word_1_684' title='bbox 2111 2768 2273 2827; x_wconf 85' lang='lat' dir='ltr'><strong>atque</strong></span> <span class='ocrx_word' id='word_1_685' title='bbox 2313 2757 2706 2815; x_wconf 83' lang='lat' dir='ltr'><strong>admirabilem.</strong></span> <span class='ocrx_word' id='word_1_686' title='bbox 2756 2756 2825 2811; x_wconf 86' lang='lat' dir='ltr'><strong>Et</strong></span> <span class='ocrx_word' id='word_1_687' title='bbox 2864 2759 2917 2812; x_wconf 88' lang='lat' dir='ltr'><strong>in</strong></span> <span class='ocrx_word' id='word_1_688' title='bbox 2964 2759 3269 2829; x_wconf 80' lang='lat' dir='ltr'><strong>defensione,</strong></span> <span class='ocrx_word' id='word_1_689' title='bbox 3305 2762 3495 2831; x_wconf 87' lang='lat' dir='ltr'><strong>inquit,</strong></span> 
     </span>
    </p>
   </div>
   <div class='ocr_carea' id='block_1_87' title="bbox 1919 2848 3500 2918">
    <p class='ocr_par' dir='ltr' id='par_1_87' title="bbox 1919 2848 3500 2918">
     <span class='ocr_line' id='line_1_87' title="bbox 1919 2848 3500 2918; baseline 0.004 -17"><span class='ocrx_word' id='word_1_690' title='bbox 1919 2856 1966 2901; x_wconf 84' lang='lat' dir='ltr'><strong>et</strong></span> <span class='ocrx_word' id='word_1_691' title='bbox 1990 2848 2368 2916; x_wconf 82' lang='lat' dir='ltr'><strong>conﬁrmatione</strong></span> <span class='ocrx_word' id='word_1_692' title='bbox 2391 2849 2655 2918; x_wconf 78' lang='lat' dir='ltr'><strong>evangelii.</strong></span> <span class='ocrx_word' id='word_1_693' title='bbox 2690 2848 2754 2903; x_wconf 90' lang='lat' dir='ltr'><strong>Et</strong></span> <span class='ocrx_word' id='word_1_694' title='bbox 2784 2848 2909 2917; x_wconf 90' lang='lat' dir='ltr'><strong>quid</strong></span> <span class='ocrx_word' id='word_1_695' title='bbox 2951 2851 3165 2913; x_wconf 91' lang='lat' dir='ltr'><strong>mirum,</strong></span> <span class='ocrx_word' id='word_1_696' title='bbox 3204 2850 3247 2905; x_wconf 90' lang='lat' dir='ltr'><strong>si</strong></span> <span class='ocrx_word' id='word_1_697' title='bbox 3296 2852 3349 2905; x_wconf 93' lang='lat' dir='ltr'><strong>in</strong></span> <span class='ocrx_word' id='word_1_698' title='bbox 3379 2867 3500 2907; x_wconf 88' lang='lat' dir='ltr'><strong>car-</strong></span> 
     </span>
    </p>
   </div>
   <div class='ocr_carea' id='block_1_88' title="bbox 1917 2940 3499 3014">
    <p class='ocr_par' dir='ltr' id='par_1_88' title="bbox 1917 2940 3499 3014">
     <span class='ocr_line' id='line_1_88' title="bbox 1917 2940 3499 3014; baseline 0.004 -18"><span class='ocrx_word' id='word_1_699' title='bbox 1917 2954 2043 2996; x_wconf 89' lang='lat' dir='ltr'><strong>cere</strong></span> <span class='ocrx_word' id='word_1_700' title='bbox 2072 2940 2195 2996; x_wconf 91' lang='lat' dir='ltr'><strong>illos</strong></span> <span class='ocrx_word' id='word_1_701' title='bbox 2239 2942 2289 2996; x_wconf 92' lang='lat' dir='ltr'><strong>in</strong></span> <span class='ocrx_word' id='word_1_702' title='bbox 2334 2941 2500 2997; x_wconf 90' lang='lat' dir='ltr'><strong>corde</strong></span> <span class='ocrx_word' id='word_1_703' title='bbox 2543 2942 2807 2997; x_wconf 88' lang='lat' dir='ltr'><strong>haberet?</strong></span> <span class='ocrx_word' id='word_1_704' title='bbox 2852 2942 2983 2997; x_wconf 86' lang='lat' dir='ltr'><strong>Nam</strong></span> <span class='ocrx_word' id='word_1_705' title='bbox 3022 2960 3195 3014; x_wconf 89' lang='lat' dir='ltr'><strong>neque</strong></span> <span class='ocrx_word' id='word_1_706' title='bbox 3235 2946 3325 2999; x_wconf 86' lang='lat' dir='ltr'><strong>illo</strong></span> <span class='ocrx_word' id='word_1_707' title='bbox 3366 2956 3499 3002; x_wconf 27' lang='lat' dir='ltr'><strong>teme</strong></span> 
     </span>
    </p>
   </div>
   <div class='ocr_carea' id='block_1_89' title="bbox 1918 3033 3499 3103">
    <p class='ocr_par' dir='ltr' id='par_1_89' title="bbox 1918 3033 3499 3103">
     <span class='ocr_line' id='line_1_89' title="bbox 1918 3033 3499 3103; baseline 0.003 -17"><span class='ocrx_word' id='word_1_708' title='bbox 1918 3046 2070 3101; x_wconf 89' lang='lat' dir='ltr'><strong>pore,</strong></span> <span class='ocrx_word' id='word_1_709' title='bbox 2115 3033 2305 3102; x_wconf 91' lang='lat' dir='ltr'><strong>inquit,</strong></span> <span class='ocrx_word' id='word_1_710' title='bbox 2348 3049 2455 3103; x_wconf 89' lang='lat' dir='ltr'><strong>quo</strong></span> <span class='ocrx_word' id='word_1_711' title='bbox 2505 3033 2572 3087; x_wconf 90' lang='lat' dir='ltr'><strong>ad</strong></span> <span class='ocrx_word' id='word_1_712' title='bbox 2620 3034 2852 3087; x_wconf 84' lang='lat' dir='ltr'><strong>tribunal</strong></span> <span class='ocrx_word' id='word_1_713' title='bbox 2893 3034 3212 3089; x_wconf 80' lang='lat' dir='ltr'><strong>accedebam</strong></span> <span class='ocrx_word' id='word_1_714' title='bbox 3257 3036 3499 3091; x_wconf 90' lang='lat' dir='ltr'><strong>dicturus</strong></span> 
     </span>
    </p>
   </div>
   <div class='ocr_carea' id='block_1_90' title="bbox 1916 3126 3494 3186">
    <p class='ocr_par' dir='ltr' id='par_1_90' title="bbox 1916 3126 3494 3186">
     <span class='ocr_line' id='line_1_90' title="bbox 1916 3126 3494 3186; baseline 0.006 -11"><span class='ocrx_word' id='word_1_715' title='bbox 1916 3138 2151 3186; x_wconf 88' lang='lat' dir='ltr'><strong>causam,</strong></span> <span class='ocrx_word' id='word_1_716' title='bbox 2181 3141 2248 3179; x_wconf 88' lang='lat' dir='ltr'><strong>ex</strong></span> <span class='ocrx_word' id='word_1_717' title='bbox 2287 3128 2466 3180; x_wconf 91' lang='lat' dir='ltr'><strong>animo</strong></span> <span class='ocrx_word' id='word_1_718' title='bbox 2505 3141 2626 3180; x_wconf 92' lang='lat' dir='ltr'><strong>meo</strong></span> <span class='ocrx_word' id='word_1_719' title='bbox 2666 3126 2964 3181; x_wconf 86' lang='lat' dir='ltr'><strong>effluxistis.</strong></span> <span class='ocrx_word' id='word_1_720' title='bbox 3002 3127 3169 3182; x_wconf 91' lang='lat' dir='ltr'><strong>Tanta</strong></span> <span class='ocrx_word' id='word_1_721' title='bbox 3201 3130 3343 3184; x_wconf 91' lang='lat' dir='ltr'><strong>enim</strong></span> <span class='ocrx_word' id='word_1_722' title='bbox 3378 3131 3494 3184; x_wconf 84' lang='lat' dir='ltr'><strong>vio-</strong></span> 
     </span>
    </p>
   </div>
   <div class='ocr_carea' id='block_1_91' title="bbox 1916 3215 3495 3286">
    <p class='ocr_par' dir='ltr' id='par_1_91' title="bbox 1916 3215 3495 3286">
     <span class='ocr_line' id='line_1_91' title="bbox 1916 3215 3495 3286; baseline 0.003 -17"><span class='ocrx_word' id='word_1_723' title='bbox 1916 3215 2079 3271; x_wconf 90' lang='lat' dir='ltr'><strong>lentia</strong></span> <span class='ocrx_word' id='word_1_724' title='bbox 2108 3225 2190 3271; x_wconf 91' lang='lat' dir='ltr'><strong>est</strong></span> <span class='ocrx_word' id='word_1_725' title='bbox 2217 3218 2417 3271; x_wconf 90' lang='lat' dir='ltr'><strong>amoris</strong></span> <span class='ocrx_word' id='word_1_726' title='bbox 2454 3217 2769 3286; x_wconf 90' lang='lat' dir='ltr'><strong>spiritualis,</strong></span> <span class='ocrx_word' id='word_1_727' title='bbox 2802 3226 2859 3271; x_wconf 90' lang='lat' dir='ltr'><strong>ut</strong></span> <span class='ocrx_word' id='word_1_728' title='bbox 2890 3217 3018 3271; x_wconf 92' lang='lat' dir='ltr'><strong>nulli</strong></span> <span class='ocrx_word' id='word_1_729' title='bbox 3046 3218 3202 3273; x_wconf 88' lang='lat' dir='ltr'><strong>cedat</strong></span> <span class='ocrx_word' id='word_1_730' title='bbox 3240 3220 3327 3274; x_wconf 90' lang='lat' dir='ltr'><strong>ille</strong></span> <span class='ocrx_word' id='word_1_731' title='bbox 3359 3229 3495 3274; x_wconf 87' lang='lat' dir='ltr'><strong>tem-</strong></span> 
     </span>
    </p>
   </div>
   <div class='ocr_carea' id='block_1_92' title="bbox 1915 3306 3493 3377">
    <p class='ocr_par' dir='ltr' id='par_1_92' title="bbox 1915 3306 3493 3377">
     <span class='ocr_line' id='line_1_92' title="bbox 1915 3306 3493 3377; baseline 0.002 -16"><span class='ocrx_word' id='word_1_732' title='bbox 1915 3308 2053 3376; x_wconf 90' lang='lat' dir='ltr'><strong>pori,</strong></span> <span class='ocrx_word' id='word_1_733' title='bbox 2102 3306 2197 3362; x_wconf 88' lang='lat' dir='ltr'><strong>sed</strong></span> <span class='ocrx_word' id='word_1_734' title='bbox 2236 3308 2465 3361; x_wconf 90' lang='lat' dir='ltr'><strong>amantis</strong></span> <span class='ocrx_word' id='word_1_735' title='bbox 2505 3308 2738 3361; x_wconf 88' lang='lat' dir='ltr'><strong>animam</strong></span> <span class='ocrx_word' id='word_1_736' title='bbox 2780 3321 3040 3377; x_wconf 89' lang='lat' dir='ltr'><strong>perpetuo</strong></span> <span class='ocrx_word' id='word_1_737' title='bbox 3084 3310 3493 3376; x_wconf 87' lang='lat' dir='ltr'><strong>complectatur,</strong></span> 
     </span>
    </p>
   </div>
   <div class='ocr_carea' id='block_1_93' title="bbox 1916 3398 3491 3467">
    <p class='ocr_par' dir='ltr' id='par_1_93' title="bbox 1916 3398 3491 3467">
     <span class='ocr_line' id='line_1_93' title="bbox 1916 3398 3491 3467; baseline 0.003 -16"><span class='ocrx_word' id='word_1_738' title='bbox 1916 3398 2165 3467; x_wconf 89' lang='lat' dir='ltr'><strong>nullaque</strong></span> <span class='ocrx_word' id='word_1_739' title='bbox 2200 3399 2502 3453; x_wconf 86' lang='lat' dir='ltr'><strong>calamitate</strong></span> <span class='ocrx_word' id='word_1_740' title='bbox 2543 3408 2637 3452; x_wconf 91' lang='lat' dir='ltr'><strong>aut</strong></span> <span class='ocrx_word' id='word_1_741' title='bbox 2683 3399 2869 3453; x_wconf 82' lang='lat' dir='ltr'><strong>dolare</strong></span> <span class='ocrx_word' id='word_1_742' title='bbox 2900 3400 3038 3454; x_wconf 90' lang='lat' dir='ltr'><strong>vinci</strong></span> <span class='ocrx_word' id='word_1_743' title='bbox 3083 3402 3243 3455; x_wconf 87' lang='lat' dir='ltr'><strong>sinat.</strong></span> <span class='ocrx_word' id='word_1_744' title='bbox 3279 3403 3491 3457; x_wconf 89' lang='lat' dir='ltr'><strong>Etenim</strong></span> 
     </span>
    </p>
   </div>
   <div class='ocr_carea' id='block_1_94' title="bbox 1913 3487 3491 3559">
    <p class='ocr_par' dir='ltr' id='par_1_94' title="bbox 1913 3487 3491 3559">
     <span class='ocr_line' id='line_1_94' title="bbox 1913 3487 3491 3559; baseline 0.003 -18"><span class='ocrx_word' id='word_1_745' title='bbox 1913 3488 2362 3557; x_wconf 87' lang='lat' dir='ltr'><strong>quemadmodum</strong></span> <span class='ocrx_word' id='word_1_746' title='bbox 2407 3487 2459 3541; x_wconf 89' lang='lat' dir='ltr'><strong>in</strong></span> <span class='ocrx_word' id='word_1_747' title='bbox 2494 3488 2711 3542; x_wconf 89' lang='lat' dir='ltr'><strong>fornace</strong></span> <span class='ocrx_word' id='word_1_748' title='bbox 2746 3489 3090 3559; x_wconf 87' lang='lat' dir='ltr'><strong>Babylonica,</strong></span> <span class='ocrx_word' id='word_1_749' title='bbox 3132 3506 3252 3544; x_wconf 91' lang='lat' dir='ltr'><strong>cum</strong></span> <span class='ocrx_word' id='word_1_750' title='bbox 3289 3501 3491 3545; x_wconf 87' lang='lat' dir='ltr'><strong>tantum</strong></span> 
     </span>
    </p>
   </div>
   <div class='ocr_carea' id='block_1_95' title="bbox 1913 3580 3493 3643">
    <p class='ocr_par' dir='ltr' id='par_1_95' title="bbox 1913 3580 3493 3643">
     <span class='ocr_line' id='line_1_95' title="bbox 1913 3580 3493 3643; baseline 0.003 -10"><span class='ocrx_word' id='word_1_751' title='bbox 1913 3590 2056 3635; x_wconf 89' lang='lat' dir='ltr'><strong>esset</strong></span> <span class='ocrx_word' id='word_1_752' title='bbox 2093 3580 2379 3635; x_wconf 87' lang='lat' dir='ltr'><strong>excitatum</strong></span> <span class='ocrx_word' id='word_1_753' title='bbox 2421 3580 2748 3643; x_wconf 86' lang='lat' dir='ltr'><strong>incendium,</strong></span> <span class='ocrx_word' id='word_1_754' title='bbox 2800 3597 2891 3635; x_wconf 89' lang='lat' dir='ltr'><strong>ros</strong></span> <span class='ocrx_word' id='word_1_755' title='bbox 2949 3592 3124 3637; x_wconf 91' lang='lat' dir='ltr'><strong>tamen</strong></span> <span class='ocrx_word' id='word_1_756' title='bbox 3167 3593 3283 3637; x_wconf 90' lang='lat' dir='ltr'><strong>erat</strong></span> <span class='ocrx_word' id='word_1_757' title='bbox 3322 3584 3493 3638; x_wconf 87' lang='lat' dir='ltr'><strong>beatis</strong></span> 
     </span>
    </p>
   </div>
   <div class='ocr_carea' id='block_1_96' title="bbox 1914 3671 3490 3741">
    <p class='ocr_par' dir='ltr' id='par_1_96' title="bbox 1914 3671 3490 3741">
     <span class='ocr_line' id='line_1_96' title="bbox 1914 3671 3490 3741; baseline 0.003 -17"><span class='ocrx_word' id='word_1_758' title='bbox 1914 3672 2017 3724; x_wconf 74' lang='lat' dir='ltr'><strong>itlis</strong></span> <span class='ocrx_word' id='word_1_759' title='bbox 2046 3671 2224 3741; x_wconf 91' lang='lat' dir='ltr'><strong>pueris</strong></span> <span class='ocrx_word' id='word_1_760' title='bbox 2256 3689 2269 3725; x_wconf 89' lang='lat'><strong>:</strong></span> <span class='ocrx_word' id='word_1_761' title='bbox 2300 3672 2369 3724; x_wconf 89' lang='lat' dir='ltr'><strong>ita</strong></span> <span class='ocrx_word' id='word_1_762' title='bbox 2416 3671 2576 3725; x_wconf 88' lang='lat' dir='ltr'><strong>etiam</strong></span> <span class='ocrx_word' id='word_1_763' title='bbox 2618 3672 2873 3736; x_wconf 88' lang='lat' dir='ltr'><strong>amicitia,</strong></span> <span class='ocrx_word' id='word_1_764' title='bbox 2917 3672 3007 3725; x_wconf 90' lang='lat' dir='ltr'><strong>ubi</strong></span> <span class='ocrx_word' id='word_1_765' title='bbox 3053 3674 3217 3727; x_wconf 87' lang='lat' dir='ltr'><strong>semel</strong></span> <span class='ocrx_word' id='word_1_766' title='bbox 3260 3675 3490 3730; x_wconf 89' lang='lat' dir='ltr'><strong>amantis</strong></span> 
     </span>
    </p>
   </div>
   <div class='ocr_carea' id='block_1_97' title="bbox 1914 3764 3492 3834">
    <p class='ocr_par' dir='ltr' id='par_1_97' title="bbox 1914 3764 3492 3834">
     <span class='ocr_line' id='line_1_97' title="bbox 1914 3764 3492 3834; baseline 0.002 -15"><span class='ocrx_word' id='word_1_767' title='bbox 1914 3765 2131 3834; x_wconf 86' lang='lat' dir='ltr'><strong>Deoque</strong></span> <span class='ocrx_word' id='word_1_768' title='bbox 2172 3764 2379 3834; x_wconf 90' lang='lat' dir='ltr'><strong>accepti</strong></span> <span class='ocrx_word' id='word_1_769' title='bbox 2435 3764 2669 3818; x_wconf 90' lang='lat' dir='ltr'><strong>hominis</strong></span> <span class='ocrx_word' id='word_1_770' title='bbox 2715 3764 3086 3833; x_wconf 83' lang='lat' dir='ltr'><strong>apprehendit,</strong></span> <span class='ocrx_word' id='word_1_771' title='bbox 3139 3782 3353 3821; x_wconf 90' lang='lat' dir='ltr'><strong>omnem</strong></span> <span class='ocrx_word' id='word_1_772' title='bbox 3397 3783 3492 3822; x_wconf 89' lang='lat' dir='ltr'><strong>cx-</strong></span> 
     </span>
    </p>
   </div>
   <div class='ocr_carea' id='block_1_98' title="bbox 1912 3856 3489 3929">
    <p class='ocr_par' dir='ltr' id='par_1_98' title="bbox 1912 3856 3489 3929">
     <span class='ocr_line' id='line_1_98' title="bbox 1912 3856 3489 3929; baseline 0.001 -17"><span class='ocrx_word' id='word_1_773' title='bbox 1912 3858 2133 3928; x_wconf 88' lang='lat' dir='ltr'><strong>stinguit</strong></span> <span class='ocrx_word' id='word_1_774' title='bbox 2184 3856 2469 3921; x_wconf 88' lang='lat' dir='ltr'><strong>flammam,</strong></span> <span class='ocrx_word' id='word_1_775' title='bbox 2521 3872 2806 3926; x_wconf 88' lang='lat' dir='ltr'><strong>roremque</strong></span> <span class='ocrx_word' id='word_1_776' title='bbox 2851 3858 3218 3913; x_wconf 87' lang='lat' dir='ltr'><strong>admirabilem</strong></span> <span class='ocrx_word' id='word_1_777' title='bbox 3265 3860 3489 3929; x_wconf 83' lang='lat' dir='ltr'><strong>spargit.</strong></span> 
     </span>
    </p>
   </div>
   <div class='ocr_carea' id='block_1_99' title="bbox 1912 3948 3491 4018">
    <p class='ocr_par' dir='ltr' id='par_1_99' title="bbox 1912 3948 3491 4018">
     <span class='ocr_line' id='line_1_99' title="bbox 1912 3948 3491 4018; baseline 0.002 -16"><span class='ocrx_word' id='word_1_778' title='bbox 1912 3948 1982 4002; x_wconf 86' lang='lat' dir='ltr'><strong>Et</strong></span> <span class='ocrx_word' id='word_1_779' title='bbox 2007 3949 2388 4015; x_wconf 84' lang='lat' dir='ltr'><strong>conﬁrmatione</strong></span> <span class='ocrx_word' id='word_1_780' title='bbox 2407 3948 2673 4018; x_wconf 87' lang='lat' dir='ltr'><strong>evangelii,</strong></span> <span class='ocrx_word' id='word_1_781' title='bbox 2706 3948 2897 4017; x_wconf 88' lang='lat' dir='ltr'><strong>inquit.</strong></span> <span class='ocrx_word' id='word_1_782' title='bbox 2934 3948 3071 4018; x_wconf 83' lang='lat' dir='ltr'><strong>Ergo</strong></span> <span class='ocrx_word' id='word_1_783' title='bbox 3104 3949 3309 4005; x_wconf 86' lang='lat' dir='ltr'><strong>vincula</strong></span> <span class='ocrx_word' id='word_1_784' title='bbox 3335 3961 3491 4005; x_wconf 91' lang='lat' dir='ltr'><strong>erant</strong></span> 
     </span>
    </p>
   </div>
   <div class='ocr_carea' id='block_1_100' title="bbox 1910 4037 3489 4109">
    <p class='ocr_par' dir='ltr' id='par_1_100' title="bbox 1910 4037 3489 4109">
     <span class='ocr_line' id='line_1_100' title="bbox 1910 4037 3489 4109; baseline -0.001 -13"><span class='ocrx_word' id='word_1_785' title='bbox 1910 4037 2249 4096; x_wconf 83' lang='lat' dir='ltr'><strong>confirmatio</strong></span> <span class='ocrx_word' id='word_1_786' title='bbox 2289 4037 2579 4107; x_wconf 83' lang='lat' dir='ltr'><strong>evangelii,</strong></span> <span class='ocrx_word' id='word_1_787' title='bbox 2623 4052 2751 4107; x_wconf 89' lang='lat' dir='ltr'><strong>ergo</strong></span> <span class='ocrx_word' id='word_1_788' title='bbox 2787 4045 2941 4092; x_wconf 90' lang='lat' dir='ltr'><strong>erant</strong></span> <span class='ocrx_word' id='word_1_789' title='bbox 2973 4038 3246 4103; x_wconf 89' lang='lat' dir='ltr'><strong>defensio;</strong></span> <span class='ocrx_word' id='word_1_790' title='bbox 3282 4054 3345 4094; x_wconf 90' lang='lat' dir='ltr'><strong>ac</strong></span> <span class='ocrx_word' id='word_1_791' title='bbox 3367 4040 3489 4109; x_wconf 90' lang='lat' dir='ltr'><strong>jure</strong></span> 
     </span>
    </p>
   </div>
   <div class='ocr_carea' id='block_1_101' title="bbox 1910 4122 3489 4199">
    <p class='ocr_par' dir='ltr' id='par_1_101' title="bbox 1910 4122 3489 4199">
     <span class='ocr_line' id='line_1_101' title="bbox 1910 4122 3489 4199; baseline 0 -15"><span class='ocrx_word' id='word_1_792' title='bbox 1910 4130 2144 4199; x_wconf 90' lang='lat' dir='ltr'><strong>quidem.</strong></span> <span class='ocrx_word' id='word_1_793' title='bbox 2176 4129 2307 4183; x_wconf 88' lang='lat' dir='ltr'><strong>Nam</strong></span> <span class='ocrx_word' id='word_1_794' title='bbox 2336 4129 2381 4183; x_wconf 89' lang='lat' dir='ltr'><strong>si</strong></span> <span class='ocrx_word' id='word_1_795' title='bbox 2409 4130 2619 4183; x_wconf 87' lang='lat' dir='ltr'><strong>vincula</strong></span> <span class='ocrx_word' id='word_1_796' title='bbox 2641 4122 3015 4196; x_wconf 83' lang='lat' dir='ltr'><strong>detrectasset,</strong></span> <span class='ocrx_word' id='word_1_797' title='bbox 3045 4132 3350 4199; x_wconf 86' lang='lat' dir='ltr'><strong>impostoris</strong></span> <span class='ocrx_word' id='word_1_798' title='bbox 3371 4146 3489 4184; x_wconf 87' lang='lat' dir='ltr'><strong>om-</strong></span> 
     </span>
    </p>
   </div>
   <div class='ocr_carea' id='block_1_102' title="bbox 1911 4220 3486 4289">
    <p class='ocr_par' dir='ltr' id='par_1_102' title="bbox 1911 4220 3486 4289">
     <span class='ocr_line' id='line_1_102' title="bbox 1911 4220 3486 4289; baseline -0.001 -13"><span class='ocrx_word' id='word_1_799' title='bbox 1911 4223 2037 4276; x_wconf 89' lang='lat' dir='ltr'><strong>nino</strong></span> <span class='ocrx_word' id='word_1_800' title='bbox 2072 4222 2302 4289; x_wconf 90' lang='lat' dir='ltr'><strong>spcciem</strong></span> <span class='ocrx_word' id='word_1_801' title='bbox 2348 4222 2665 4289; x_wconf 77' lang='lat' dir='ltr'><strong>prmhuisset</strong></span> <span class='ocrx_word' id='word_1_802' title='bbox 2706 4235 2720 4273; x_wconf 90' lang='lat'><strong>:</strong></span> <span class='ocrx_word' id='word_1_803' title='bbox 2774 4236 2914 4274; x_wconf 91' lang='lat' dir='ltr'><strong>nunc</strong></span> <span class='ocrx_word' id='word_1_804' title='bbox 2956 4236 3083 4274; x_wconf 87' lang='lat' dir='ltr'><strong>vero</strong></span> <span class='ocrx_word' id='word_1_805' title='bbox 3127 4221 3305 4275; x_wconf 90' lang='lat' dir='ltr'><strong>omnia</strong></span> <span class='ocrx_word' id='word_1_806' title='bbox 3346 4220 3486 4276; x_wconf 87' lang='lat' dir='ltr'><strong>tole-</strong></span> 
     </span>
    </p>
   </div>
   <div class='ocr_carea' id='block_1_103' title="bbox 1910 4313 3489 4381">
    <p class='ocr_par' dir='ltr' id='par_1_103' title="bbox 1910 4313 3489 4381">
     <span class='ocr_line' id='line_1_103' title="bbox 1910 4313 3489 4381; baseline 0.001 -14"><span class='ocrx_word' id='word_1_807' title='bbox 1910 4329 2067 4379; x_wconf 86' lang='lat' dir='ltr'><strong>rans,</strong></span> <span class='ocrx_word' id='word_1_808' title='bbox 2105 4323 2161 4369; x_wconf 91' lang='lat' dir='ltr'><strong>et</strong></span> <span class='ocrx_word' id='word_1_809' title='bbox 2196 4313 2409 4366; x_wconf 86' lang='lat' dir='ltr'><strong>vincula</strong></span> <span class='ocrx_word' id='word_1_810' title='bbox 2442 4322 2497 4366; x_wconf 92' lang='lat' dir='ltr'><strong>et</strong></span> <span class='ocrx_word' id='word_1_811' title='bbox 2534 4314 2914 4378; x_wconf 87' lang='lat' dir='ltr'><strong>calamitatem,</strong></span> <span class='ocrx_word' id='word_1_812' title='bbox 2958 4315 3113 4381; x_wconf 85' lang='lat' dir='ltr'><strong>plane</strong></span> <span class='ocrx_word' id='word_1_813' title='bbox 3154 4313 3489 4369; x_wconf 87' lang='lat' dir='ltr'><strong>demonstrat</strong></span> 
     </span>
    </p>
   </div>
   <div class='ocr_carea' id='block_1_104' title="bbox 1909 4400 3483 4471">
    <p class='ocr_par' dir='ltr' id='par_1_104' title="bbox 1909 4400 3483 4471">
     <span class='ocr_line' id='line_1_104' title="bbox 1909 4400 3483 4471; baseline 0.001 -14"><span class='ocrx_word' id='word_1_814' title='bbox 1909 4418 2016 4457; x_wconf 91' lang='lat' dir='ltr'><strong>non</strong></span> <span class='ocrx_word' id='word_1_815' title='bbox 2056 4418 2115 4456; x_wconf 93' lang='lat' dir='ltr'><strong>se</strong></span> <span class='ocrx_word' id='word_1_816' title='bbox 2156 4402 2442 4455; x_wconf 90' lang='lat' dir='ltr'><strong>humanam</strong></span> <span class='ocrx_word' id='word_1_817' title='bbox 2471 4402 2701 4470; x_wconf 79' lang='lat' dir='ltr'><strong>aliquam</strong></span> <span class='ocrx_word' id='word_1_818' title='bbox 2733 4402 2803 4454; x_wconf 93' lang='lat' dir='ltr'><strong>ob</strong></span> <span class='ocrx_word' id='word_1_819' title='bbox 2831 4416 3046 4456; x_wconf 84' lang='lat' dir='ltr'><strong>causam</strong></span> <span class='ocrx_word' id='word_1_820' title='bbox 3079 4400 3192 4455; x_wconf 75' lang='lat' dir='ltr'><strong>hmc</strong></span> <span class='ocrx_word' id='word_1_821' title='bbox 3221 4404 3351 4471; x_wconf 89' lang='lat' dir='ltr'><strong>pati,</strong></span> <span class='ocrx_word' id='word_1_822' title='bbox 3389 4404 3483 4458; x_wconf 86' lang='lat' dir='ltr'><strong>sed</strong></span> 
     </span>
    </p>
   </div>
   <div class='ocr_carea' id='block_1_105' title="bbox 1911 4491 3484 4562">
    <p class='ocr_par' dir='ltr' id='par_1_105' title="bbox 1911 4491 3484 4562">
     <span class='ocr_line' id='line_1_105' title="bbox 1911 4491 3484 4562; baseline 0.001 -16"><span class='ocrx_word' id='word_1_823' title='bbox 1911 4502 2127 4562; x_wconf 86' lang='lat' dir='ltr'><strong>propter</strong></span> <span class='ocrx_word' id='word_1_824' title='bbox 2165 4493 2355 4557; x_wconf 87' lang='lat' dir='ltr'><strong>Deum,</strong></span> <span class='ocrx_word' id='word_1_825' title='bbox 2401 4493 2491 4561; x_wconf 90' lang='lat' dir='ltr'><strong>qui</strong></span> <span class='ocrx_word' id='word_1_826' title='bbox 2536 4491 2838 4547; x_wconf 88' lang='lat' dir='ltr'><strong>mercedem</strong></span> <span class='ocrx_word' id='word_1_827' title='bbox 2885 4491 3112 4546; x_wconf 89' lang='lat' dir='ltr'><strong>reddere</strong></span> <span class='ocrx_word' id='word_1_828' title='bbox 3157 4492 3344 4546; x_wconf 91' lang='lat' dir='ltr'><strong>solitus</strong></span> <span class='ocrx_word' id='word_1_829' title='bbox 3383 4507 3484 4549; x_wconf 89' lang='lat' dir='ltr'><strong>est.</strong></span> 
     </span>
    </p>
   </div>
   <div class='ocr_carea' id='block_1_106' title="bbox 1908 4583 3487 4654">
    <p class='ocr_par' dir='ltr' id='par_1_106' title="bbox 1908 4583 3487 4654">
     <span class='ocr_line' id='line_1_106' title="bbox 1908 4583 3487 4654; baseline 0 -14"><span class='ocrx_word' id='word_1_830' title='bbox 1908 4586 2077 4640; x_wconf 86' lang='lat' dir='ltr'><strong>Nemo</strong></span> <span class='ocrx_word' id='word_1_831' title='bbox 2102 4586 2244 4638; x_wconf 92' lang='lat' dir='ltr'><strong>enim</strong></span> <span class='ocrx_word' id='word_1_832' title='bbox 2287 4583 2469 4648; x_wconf 87' lang='lat' dir='ltr'><strong>fuerit,</strong></span> <span class='ocrx_word' id='word_1_833' title='bbox 2510 4584 2599 4654; x_wconf 92' lang='lat' dir='ltr'><strong>qui</strong></span> <span class='ocrx_word' id='word_1_834' title='bbox 2630 4593 2685 4639; x_wconf 90' lang='lat' dir='ltr'><strong>et</strong></span> <span class='ocrx_word' id='word_1_835' title='bbox 2725 4585 2861 4638; x_wconf 83' lang='lat' dir='ltr'><strong>mori</strong></span> <span class='ocrx_word' id='word_1_836' title='bbox 2892 4594 2946 4638; x_wconf 86' lang='lat' dir='ltr'><strong>ct</strong></span> <span class='ocrx_word' id='word_1_837' title='bbox 2973 4592 3050 4637; x_wconf 88' lang='lat' dir='ltr'><strong>tot</strong></span> <span class='ocrx_word' id='word_1_838' title='bbox 3077 4584 3224 4639; x_wconf 89' lang='lat' dir='ltr'><strong>adire</strong></span> <span class='ocrx_word' id='word_1_839' title='bbox 3251 4586 3487 4654; x_wconf 86' lang='lat' dir='ltr'><strong>pericula</strong></span> 
     </span>
    </p>
   </div>
   <div class='ocr_carea' id='block_1_107' title="bbox 1908 4676 3481 4745">
    <p class='ocr_par' dir='ltr' id='par_1_107' title="bbox 1908 4676 3481 4745">
     <span class='ocr_line' id='line_1_107' title="bbox 1908 4676 3481 4745; baseline 0.001 -14"><span class='ocrx_word' id='word_1_840' title='bbox 1908 4685 2141 4742; x_wconf 89' lang='lat' dir='ltr'><strong>statuat;</strong></span> <span class='ocrx_word' id='word_1_841' title='bbox 2170 4691 2331 4731; x_wconf 90' lang='lat' dir='ltr'><strong>nemo</strong></span> <span class='ocrx_word' id='word_1_842' title='bbox 2359 4677 2448 4745; x_wconf 89' lang='lat' dir='ltr'><strong>qui</strong></span> <span class='ocrx_word' id='word_1_843' title='bbox 2478 4677 2608 4730; x_wconf 88' lang='lat' dir='ltr'><strong>tanti</strong></span> <span class='ocrx_word' id='word_1_844' title='bbox 2650 4677 3016 4745; x_wconf 86' lang='lat' dir='ltr'><strong>Imperatoris,</strong></span> <span class='ocrx_word' id='word_1_845' title='bbox 3046 4676 3311 4733; x_wconf 84' lang='lat' dir='ltr'><strong>Neronem</strong></span> <span class='ocrx_word' id='word_1_846' title='bbox 3344 4678 3481 4744; x_wconf 80' lang='lat' dir='ltr'><strong>dico,</strong></span> 
     </span>
    </p>
   </div>
   <div class='ocr_carea' id='block_1_108' title="bbox 1907 4766 3489 4840">
    <p class='ocr_par' dir='ltr' id='par_1_108' title="bbox 1907 4766 3489 4840">
     <span class='ocr_line' id='line_1_108' title="bbox 1907 4766 3489 4840; baseline 0.003 -18"><span class='ocrx_word' id='word_1_847' title='bbox 1907 4766 2259 4823; x_wconf 89' lang='lat' dir='ltr'><strong>offensionem</strong></span> <span class='ocrx_word' id='word_1_848' title='bbox 2290 4768 2499 4834; x_wconf 89' lang='lat' dir='ltr'><strong>subeat,</strong></span> <span class='ocrx_word' id='word_1_849' title='bbox 2524 4769 2626 4822; x_wconf 91' lang='lat' dir='ltr'><strong>nisi</strong></span> <span class='ocrx_word' id='word_1_850' title='bbox 2650 4768 2808 4821; x_wconf 90' lang='lat' dir='ltr'><strong>alium</strong></span> <span class='ocrx_word' id='word_1_851' title='bbox 2838 4768 3003 4822; x_wconf 90' lang='lat' dir='ltr'><strong>multo</strong></span> <span class='ocrx_word' id='word_1_852' title='bbox 3030 4770 3285 4840; x_wconf 89' lang='lat' dir='ltr'><strong>majorem</strong></span> <span class='ocrx_word' id='word_1_853' title='bbox 3323 4771 3489 4839; x_wconf 69' lang='grc' dir='ltr'><strong>11111)οσ</strong></span> 
     </span>
    </p>
   </div>
   <div class='ocr_carea' id='block_1_109' title="bbox 1907 4860 3485 4930">
    <p class='ocr_par' dir='ltr' id='par_1_109' title="bbox 1907 4860 3485 4930">
     <span class='ocr_line' id='line_1_109' title="bbox 1907 4860 3485 4930; baseline 0.001 -16"><span class='ocrx_word' id='word_1_854' title='bbox 1907 4868 2136 4914; x_wconf 87' lang='lat' dir='ltr'><strong>ratorem</strong></span> <span class='ocrx_word' id='word_1_855' title='bbox 2168 4860 2481 4914; x_wconf 90' lang='lat' dir='ltr'><strong>intueretur.</strong></span> <span class='ocrx_word' id='word_1_856' title='bbox 2526 4860 2695 4914; x_wconf 88' lang='lat' dir='ltr'><strong>Erant</strong></span> <span class='ocrx_word' id='word_1_857' title='bbox 2724 4861 2882 4930; x_wconf 87' lang='lat' dir='ltr'><strong>igitur</strong></span> <span class='ocrx_word' id='word_1_858' title='bbox 2906 4862 3119 4916; x_wconf 87' lang='lat' dir='ltr'><strong>vincula</strong></span> <span class='ocrx_word' id='word_1_859' title='bbox 3148 4863 3485 4919; x_wconf 80' lang='lat' dir='ltr'><strong>confirmatio</strong></span> 
     </span>
    </p>
   </div>
   <div class='ocr_carea' id='block_1_110' title="bbox 1906 4952 3485 5024">
    <p class='ocr_par' dir='ltr' id='par_1_110' title="bbox 1906 4952 3485 5024">
     <span class='ocr_line' id='line_1_110' title="bbox 1906 4952 3485 5024; baseline 0.003 -18"><span class='ocrx_word' id='word_1_860' title='bbox 1906 4952 2187 5021; x_wconf 88' lang='lat' dir='ltr'><strong>evangelii.</strong></span> <span class='ocrx_word' id='word_1_861' title='bbox 2216 4952 2349 5007; x_wconf 74' lang='lat' dir='ltr'><strong>Vide</strong></span> <span class='ocrx_word' id='word_1_862' title='bbox 2375 4952 2667 5022; x_wconf 86' lang='lat' dir='ltr'><strong>quomodo,</strong></span> <span class='ocrx_word' id='word_1_863' title='bbox 2698 4961 2755 5005; x_wconf 93' lang='lat' dir='ltr'><strong>ut</strong></span> <span class='ocrx_word' id='word_1_864' title='bbox 2783 4954 2992 5022; x_wconf 88' lang='lat' dir='ltr'><strong>plenius</strong></span> <span class='ocrx_word' id='word_1_865' title='bbox 3021 4964 3181 5024; x_wconf 90' lang='lat' dir='ltr'><strong>atque</strong></span> <span class='ocrx_word' id='word_1_866' title='bbox 3203 4956 3485 5010; x_wconf 85' lang='lat' dir='ltr'><strong>abundan-</strong></span> 
     </span>
    </p>
   </div>
   <div class='ocr_carea' id='block_1_111' title="bbox 1907 5042 3480 5115">
    <p class='ocr_par' dir='ltr' id='par_1_111' title="bbox 1907 5042 3480 5115">
     <span class='ocr_line' id='line_1_111' title="bbox 1907 5042 3480 5115; baseline 0.001 -18"><span class='ocrx_word' id='word_1_867' title='bbox 1907 5044 2011 5098; x_wconf 89' lang='lat' dir='ltr'><strong>tius</strong></span> <span class='ocrx_word' id='word_1_868' title='bbox 2037 5042 2178 5113; x_wconf 91' lang='lat' dir='ltr'><strong>quod</strong></span> <span class='ocrx_word' id='word_1_869' title='bbox 2199 5043 2313 5096; x_wconf 82' lang='lat' dir='ltr'><strong>vult</strong></span> <span class='ocrx_word' id='word_1_870' title='bbox 2339 5043 2600 5106; x_wconf 91' lang='lat' dir='ltr'><strong>obtineat,</strong></span> <span class='ocrx_word' id='word_1_871' title='bbox 2625 5044 2802 5096; x_wconf 90' lang='lat' dir='ltr'><strong>omnia</strong></span> <span class='ocrx_word' id='word_1_872' title='bbox 2831 5044 2884 5097; x_wconf 92' lang='lat' dir='ltr'><strong>in</strong></span> <span class='ocrx_word' id='word_1_873' title='bbox 2913 5045 3238 5098; x_wconf 89' lang='lat' dir='ltr'><strong>contrariam</strong></span> <span class='ocrx_word' id='word_1_874' title='bbox 3276 5056 3480 5115; x_wconf 90' lang='lat' dir='ltr'><strong>partem</strong></span> 
     </span>
    </p>
   </div>
   <div class='ocr_carea' id='block_1_112' title="bbox 1906 5133 3483 5201">
    <p class='ocr_par' dir='ltr' id='par_1_112' title="bbox 1906 5133 3483 5201">
     <span class='ocr_line' id='line_1_112' title="bbox 1906 5133 3483 5201; baseline 0 -11"><span class='ocrx_word' id='word_1_875' title='bbox 1906 5134 2247 5191; x_wconf 90' lang='lat' dir='ltr'><strong>converterit.</strong></span> <span class='ocrx_word' id='word_1_876' title='bbox 2280 5133 2428 5201; x_wconf 88' lang='lat' dir='ltr'><strong>Quod</strong></span> <span class='ocrx_word' id='word_1_877' title='bbox 2470 5135 2611 5189; x_wconf 92' lang='lat' dir='ltr'><strong>enim</strong></span> <span class='ocrx_word' id='word_1_878' title='bbox 2650 5134 2974 5188; x_wconf 87' lang='lat' dir='ltr'><strong>infirmitatis</strong></span> <span class='ocrx_word' id='word_1_879' title='bbox 3004 5145 3057 5189; x_wconf 90' lang='lat' dir='ltr'><strong>et</strong></span> <span class='ocrx_word' id='word_1_880' title='bbox 3094 5136 3336 5191; x_wconf 86' lang='lat' dir='ltr'><strong>criminis</strong></span> <span class='ocrx_word' id='word_1_881' title='bbox 3365 5140 3483 5193; x_wconf 90' lang='lat' dir='ltr'><strong>loco</strong></span> 
     </span>
    </p>
   </div>
   <div class='ocr_carea' id='block_1_113' title="bbox 1906 5224 3475 5299">
    <p class='ocr_par' dir='ltr' id='par_1_113' title="bbox 1906 5224 3475 5299">
     <span class='ocr_line' id='line_1_113' title="bbox 1906 5224 3475 5299; baseline 0.002 -17"><span class='ocrx_word' id='word_1_882' title='bbox 1906 5227 2183 5299; x_wconf 90' lang='lat' dir='ltr'><strong>putabant,</strong></span> <span class='ocrx_word' id='word_1_883' title='bbox 2228 5227 2278 5281; x_wconf 88' lang='lat' dir='ltr'><strong>id</strong></span> <span class='ocrx_word' id='word_1_884' title='bbox 2316 5224 2775 5281; x_wconf 86' lang='lat' dir='ltr'><strong>confirmationem</strong></span> <span class='ocrx_word' id='word_1_885' title='bbox 2817 5236 3014 5281; x_wconf 89' lang='lat' dir='ltr'><strong>vocat:</strong></span> <span class='ocrx_word' id='word_1_886' title='bbox 3051 5235 3106 5281; x_wconf 91' lang='lat' dir='ltr'><strong>ut</strong></span> <span class='ocrx_word' id='word_1_887' title='bbox 3133 5229 3234 5283; x_wconf 90' lang='lat' dir='ltr'><strong>nisi</strong></span> <span class='ocrx_word' id='word_1_888' title='bbox 3264 5229 3313 5282; x_wconf 91' lang='lat' dir='ltr'><strong>id</strong></span> <span class='ocrx_word' id='word_1_889' title='bbox 3352 5246 3475 5285; x_wconf 90' lang='lat' dir='ltr'><strong>eve-</strong></span> 
     </span>
    </p>
   </div>
   <div class='ocr_carea' id='block_1_114' title="bbox 1906 5318 3529 5387">
    <p class='ocr_par' dir='ltr' id='par_1_114' title="bbox 1906 5318 3529 5387">
     <span class='ocr_line' id='line_1_114' title="bbox 1906 5318 3529 5387; baseline 0 -12"><span class='ocrx_word' id='word_1_890' title='bbox 1906 5320 2095 5387; x_wconf 88' lang='lat' dir='ltr'><strong>nisset,</strong></span> <span class='ocrx_word' id='word_1_891' title='bbox 2128 5320 2433 5373; x_wconf 83' lang='lat' dir='ltr'><strong>infirmitate</strong></span> <span class='ocrx_word' id='word_1_892' title='bbox 2462 5318 2799 5373; x_wconf 88' lang='lat' dir='ltr'><strong>laboraturus</strong></span> <span class='ocrx_word' id='word_1_893' title='bbox 2841 5318 3022 5372; x_wconf 89' lang='lat' dir='ltr'><strong>fuerit.</strong></span> <span class='ocrx_word' id='word_1_894' title='bbox 3065 5319 3268 5374; x_wconf 89' lang='lat' dir='ltr'><strong>Deinde</strong></span> <span class='ocrx_word' id='word_1_895' title='bbox 3293 5331 3478 5375; x_wconf 83' lang='lat' dir='ltr'><strong>osten-</strong></span> <span class='ocrx_word' id='word_1_896' title='bbox 3526 5372 3529 5375; x_wconf 72' lang='lat'><strong>.</strong></span> 
     </span>
    </p>
   </div>
   <div class='ocr_carea' id='block_1_115' title="bbox 1906 5388 3537 5481">
    <p class='ocr_par' dir='ltr' id='par_1_115' title="bbox 1906 5388 3537 5481">
     <span class='ocr_line' id='line_1_115' title="bbox 1906 5388 3537 5481; baseline 0 -13"><span class='ocrx_word' id='word_1_897' title='bbox 1906 5414 1985 5468; x_wconf 91' lang='lat' dir='ltr'><strong>dit</strong></span> <span class='ocrx_word' id='word_1_898' title='bbox 2012 5413 2351 5467; x_wconf 86' lang='lat' dir='ltr'><strong>dilectionem</strong></span> <span class='ocrx_word' id='word_1_899' title='bbox 2380 5428 2483 5465; x_wconf 91' lang='lat' dir='ltr'><strong>non</strong></span> <span class='ocrx_word' id='word_1_900' title='bbox 2514 5421 2736 5476; x_wconf 87' lang='lat' dir='ltr'><strong>temere,</strong></span> <span class='ocrx_word' id='word_1_901' title='bbox 2762 5392 2879 5464; x_wconf 13' lang='lat' dir='ltr'><strong>ised</strong></span> <span class='ocrx_word' id='word_1_902' title='bbox 2916 5410 3116 5479; x_wconf 90' lang='lat' dir='ltr'><strong>judicio</strong></span> <span class='ocrx_word' id='word_1_903' title='bbox 3155 5423 3478 5481; x_wconf 79' lang='lat' dir='ltr'><strong>susceptam.</strong></span> <span class='ocrx_word' id='word_1_904' title='bbox 3528 5388 3537 5407; x_wconf 31' lang='grc' dir='ltr'>ι</span> 
     </span>
    </p>
   </div>
   <div class='ocr_carea' id='block_1_116' title="bbox 1905 5502 3478 5572">
    <p class='ocr_par' dir='ltr' id='par_1_116' title="bbox 1905 5502 3478 5572">
     <span class='ocr_line' id='line_1_116' title="bbox 1905 5502 3478 5572; baseline -0.001 -12"><span class='ocrx_word' id='word_1_905' title='bbox 1905 5504 2099 5561; x_wconf 87' lang='lat' dir='ltr'><strong>Unde?</strong></span> <span class='ocrx_word' id='word_1_906' title='bbox 2132 5502 2306 5556; x_wconf 86' lang='lat' dir='ltr'><strong>Habeo</strong></span> <span class='ocrx_word' id='word_1_907' title='bbox 2350 5520 2455 5567; x_wconf 86' lang='lat' dir='ltr'><strong>vos,</strong></span> <span class='ocrx_word' id='word_1_908' title='bbox 2490 5503 2680 5572; x_wconf 88' lang='lat' dir='ltr'><strong>inquit,</strong></span> <span class='ocrx_word' id='word_1_909' title='bbox 2724 5502 2775 5554; x_wconf 89' lang='lat' dir='ltr'><strong>in</strong></span> <span class='ocrx_word' id='word_1_910' title='bbox 2815 5502 3028 5555; x_wconf 82' lang='lat' dir='ltr'><strong>vinculis</strong></span> <span class='ocrx_word' id='word_1_911' title='bbox 3058 5504 3200 5565; x_wconf 87' lang='lat' dir='ltr'><strong>meis,</strong></span> <span class='ocrx_word' id='word_1_912' title='bbox 3230 5514 3277 5556; x_wconf 86' lang='lat' dir='ltr'><strong>et</strong></span> <span class='ocrx_word' id='word_1_913' title='bbox 3305 5504 3357 5557; x_wconf 88' lang='lat' dir='ltr'><strong>in</strong></span> <span class='ocrx_word' id='word_1_914' title='bbox 3386 5506 3478 5558; x_wconf 86' lang='lat' dir='ltr'><strong>de-</strong></span> 
     </span>
    </p>
   </div>
   <div class='ocr_carea' id='block_1_117' title="bbox 1905 5594 3474 5666">
    <p class='ocr_par' dir='ltr' id='par_1_117' title="bbox 1905 5594 3474 5666">
     <span class='ocr_line' id='line_1_117' title="bbox 1905 5594 3474 5666; baseline 0.001 -17"><span class='ocrx_word' id='word_1_915' title='bbox 1905 5596 2151 5666; x_wconf 78' lang='lat' dir='ltr'><strong>fensione,</strong></span> <span class='ocrx_word' id='word_1_916' title='bbox 2191 5612 2246 5648; x_wconf 89' lang='lat' dir='ltr'><strong>eo</strong></span> <span class='ocrx_word' id='word_1_917' title='bbox 2277 5595 2413 5664; x_wconf 83' lang='lat' dir='ltr'><strong>quod</strong></span> <span class='ocrx_word' id='word_1_918' title='bbox 2451 5611 2551 5647; x_wconf 88' lang='lat' dir='ltr'><strong>una</strong></span> <span class='ocrx_word' id='word_1_919' title='bbox 2588 5610 2779 5647; x_wconf 84' lang='lat' dir='ltr'><strong>mecum</strong></span> <span class='ocrx_word' id='word_1_920' title='bbox 2825 5594 3096 5664; x_wconf 85' lang='lat' dir='ltr'><strong>participes</strong></span> <span class='ocrx_word' id='word_1_921' title='bbox 3128 5594 3245 5648; x_wconf 80' lang='lat' dir='ltr'><strong>estis</strong></span> <span class='ocrx_word' id='word_1_922' title='bbox 3276 5597 3474 5665; x_wconf 68' lang='lat' dir='ltr'><strong>gratim.</strong></span> 
     </span>
    </p>
   </div>
   <div class='ocr_carea' id='block_1_118' title="bbox 1903 5687 3475 5759">
    <p class='ocr_par' dir='ltr' id='par_1_118' title="bbox 1903 5687 3475 5759">
     <span class='ocr_line' id='line_1_118' title="bbox 1903 5687 3475 5759; baseline 0.001 -18"><span class='ocrx_word' id='word_1_923' title='bbox 1903 5687 2043 5756; x_wconf 90' lang='lat' dir='ltr'><strong>Quid</strong></span> <span class='ocrx_word' id='word_1_924' title='bbox 2076 5688 2177 5741; x_wconf 92' lang='lat' dir='ltr'><strong>hoc</strong></span> <span class='ocrx_word' id='word_1_925' title='bbox 2202 5687 2325 5741; x_wconf 89' lang='lat' dir='ltr'><strong>cst?</strong></span> <span class='ocrx_word' id='word_1_926' title='bbox 2358 5687 2459 5741; x_wconf 88' lang='lat' dir='ltr'><strong>hoc</strong></span> <span class='ocrx_word' id='word_1_927' title='bbox 2488 5687 2729 5756; x_wconf 80' lang='lat' dir='ltr'><strong>ipsumne</strong></span> <span class='ocrx_word' id='word_1_928' title='bbox 2747 5698 2861 5743; x_wconf 89' lang='lat' dir='ltr'><strong>erat</strong></span> <span class='ocrx_word' id='word_1_929' title='bbox 2881 5688 3115 5755; x_wconf 87' lang='lat' dir='ltr'><strong>Apostoli</strong></span> <span class='ocrx_word' id='word_1_930' title='bbox 3142 5689 3330 5759; x_wconf 85' lang='lat' dir='ltr'><strong>gratia,</strong></span> <span class='ocrx_word' id='word_1_931' title='bbox 3360 5690 3475 5743; x_wconf 85' lang='lat' dir='ltr'><strong>vin-</strong></span> 
     </span>
    </p>
   </div>
   <div class='ocr_carea' id='block_1_119' title="bbox 1902 5778 3468 5848">
    <p class='ocr_par' dir='ltr' id='par_1_119' title="bbox 1902 5778 3468 5848">
     <span class='ocr_line' id='line_1_119' title="bbox 1902 5778 3468 5848; baseline 0.002 -14"><span class='ocrx_word' id='word_1_932' title='bbox 1902 5780 2021 5847; x_wconf 90' lang='lat' dir='ltr'><strong>ciri,</strong></span> <span class='ocrx_word' id='word_1_933' title='bbox 2050 5779 2259 5848; x_wconf 85' lang='lat' dir='ltr'><strong>jactari,</strong></span> <span class='ocrx_word' id='word_1_934' title='bbox 2305 5788 2588 5834; x_wconf 83' lang='lat' dir='ltr'><strong>sescentas</strong></span> <span class='ocrx_word' id='word_1_935' title='bbox 2621 5778 2759 5833; x_wconf 90' lang='lat' dir='ltr'><strong>ferre</strong></span> <span class='ocrx_word' id='word_1_936' title='bbox 2800 5778 3156 5833; x_wconf 80' lang='lat' dir='ltr'><strong>acerbitates?</strong></span> <span class='ocrx_word' id='word_1_937' title='bbox 3194 5779 3420 5836; x_wconf 80' lang='lat' dir='ltr'><strong>Maxime</strong></span> <span class='ocrx_word' id='word_1_938' title='bbox 3453 5800 3468 5837; x_wconf 88' lang='lat'><strong>:</strong></span> 
     </span>
    </p>
   </div>
   <div class='ocr_carea' id='block_1_120' title="bbox 1904 5870 3473 5941">
    <p class='ocr_par' dir='ltr' id='par_1_120' title="bbox 1904 5870 3473 5941">
     <span class='ocr_line' id='line_1_120' title="bbox 1904 5870 3473 5941; baseline 0.001 -16"><span class='ocrx_word' id='word_1_939' title='bbox 1904 5886 2049 5933; x_wconf 76' lang='lat' dir='ltr'><strong>nam,</strong></span> <span class='ocrx_word' id='word_1_940' title='bbox 2083 5870 2277 5939; x_wconf 72' lang='lat' dir='ltr'><strong>Sufﬁcit</strong></span> <span class='ocrx_word' id='word_1_941' title='bbox 2323 5870 2432 5933; x_wconf 84' lang='lat' dir='ltr'><strong>tibi,</strong></span> <span class='ocrx_word' id='word_1_942' title='bbox 2464 5870 2652 5940; x_wconf 88' lang='lat' dir='ltr'><strong>inquit,</strong></span> <span class='ocrx_word' id='word_1_943' title='bbox 2678 5872 2841 5941; x_wconf 84' lang='lat' dir='ltr'><strong>gratia</strong></span> <span class='ocrx_word' id='word_1_944' title='bbox 2868 5887 3011 5936; x_wconf 84' lang='lat' dir='ltr'><strong>mea;</strong></span> <span class='ocrx_word' id='word_1_945' title='bbox 3039 5872 3193 5926; x_wconf 85' lang='lat' dir='ltr'><strong>virtus</strong></span> <span class='ocrx_word' id='word_1_946' title='bbox 3215 5873 3343 5926; x_wconf 88' lang='lat' dir='ltr'><strong>enim</strong></span> <span class='ocrx_word' id='word_1_947' title='bbox 3364 5892 3473 5928; x_wconf 87' lang='lat' dir='ltr'><strong>mea</strong></span> 
     </span>
    </p>
   </div>
   <div class='ocr_carea' id='block_1_121' title="bbox 1861 5961 3473 6048">
    <p class='ocr_par' dir='ltr' id='par_1_121' title="bbox 1861 5961 3473 6048">
     <span class='ocr_line' id='line_1_121' title="bbox 1861 5961 3473 6048; baseline 0.002 -29"><span class='ocrx_word' id='word_1_948' title='bbox 1861 5964 1957 6048; x_wconf 30' lang='lat' dir='ltr'><strong>.in</strong></span> <span class='ocrx_word' id='word_1_949' title='bbox 2002 5963 2291 6035; x_wconf 84' lang='lat' dir='ltr'><strong>inﬁrmitate</strong></span> <span class='ocrx_word' id='word_1_950' title='bbox 2331 5963 2607 6034; x_wconf 73' lang='lat' dir='ltr'><strong>perﬁcitur.</strong></span> <span class='ocrx_word' id='word_1_951' title='bbox 2653 5961 2870 6036; x_wconf 82' lang='lat' dir='ltr'><strong>Propter</strong></span> <span class='ocrx_word' id='word_1_952' title='bbox 2921 5964 3055 6037; x_wconf 84' lang='lat' dir='ltr'><strong>quod</strong></span> <span class='ocrx_word' id='word_1_953' title='bbox 3104 5965 3277 6036; x_wconf 84' lang='lat' dir='ltr'><strong>placeo</strong></span> <span class='ocrx_word' id='word_1_954' title='bbox 3330 5968 3473 6038; x_wconf 80' lang='lat' dir='ltr'><strong>mihi,</strong></span> 
     </span>
    </p>
   </div>
  </div>
