3974 6518
463 553 567 611 187

467 668 659 738 inquit,
708 667 757 717 in
798 654 1193 731 infirmitatibus,
1226 656 1277 707 in
1320 649 1633 706 contumeliis
1674 647 1747 717 (2.
1790 644 1909 702 Cor.
1952 644 2040 698 12.

467 760 520 814 9.
547 737 666 827 10).
698 751 922 821 Quando
947 746 1108 817 igitur
1137 743 1292 799 video
1321 758 1418 797 vos
1457 740 1608 795 factis
1636 737 1766 807 ipsis
1794 737 2045 790 virtutem

466 826 772 911 ostendere,
804 851 966 912 atque
993 839 1152 908 hujus
1177 835 1363 906 gratia:
1389 848 1509 888 esse
1539 828 1845 901 participes,
1886 826 2047 895 idque

412 966 428 999 -.
466 939 736 999 alacriter,
766 948 868 989 nec
897 930 1165 987 immerito
1207 926 1305 982 bas
1345 926 1683 995 conjecturas
1722 921 1881 975 facio.
1914 918 2048 973 Nam

467 1031 557 1101 qui
592 1044 690 1083 vos
726 1025 914 1081 fuerim
940 1031 1216 1092 expertus,
1244 1035 1307 1073 ac
1336 1032 1448 1087 prae
1474 1015 1723 1071 omnibus
1749 1027 1846 1067 vos
1874 1020 1929 1067 et
1952 1028 2046 1066 ve-

468 1133 578 1179 stra
607 1121 879 1176 benefacta
907 1117 1102 1182 norim,
1134 1114 1222 1185 qui
1250 1112 1333 1167 vel
1361 1117 1508 1165 tanto
1536 1123 1565 1162 a
1588 1108 1742 1163 nobis
1766 1104 2049 1161 intervallo

469 1215 720 1285 sejuncti,
752 1225 965 1266 omnem
996 1206 1394 1263 contentionem
1422 1200 1687 1255 adhibetis
1717 1214 1784 1253 ne
1814 1196 1866 1251 in
1902 1196 2048 1251 cala-

469 1307 746 1363 mitatibus
801 1320 831 1359 a
884 1302 1039 1358 nobis
1091 1295 1444 1370 sejungamini
1476 1336 1492 1360 ,
1543 1292 1640 1347 sed
1691 1289 2049 1362 periculorum

471 1416 592 1470 qua:
623 1414 719 1468 pro
746 1394 1021 1465 evangelio
1046 1388 1322 1446 subeunda
1365 1396 1489 1442 sunt
1516 1384 1806 1453 participes
1829 1380 1966 1445 sitis,
1996 1388 2053 1434 et

472 1492 660 1563 procul
703 1488 858 1557 positi
904 1484 1038 1539 nihil
1079 1483 1254 1537 minus
1299 1493 1384 1533 me
1420 1479 1537 1546 ipso
1571 1473 1835 1540 habeatis,
1865 1471 1954 1543 qui
1994 1471 2051 1525 in

472 1581 767 1639 certamina
798 1580 910 1648 ipsa
938 1574 1225 1640 descendi;
1272 1584 1481 1641 aequum
1515 1568 1673 1639 plane
1706 1574 1809 1632 est,
1850 1573 1906 1619 ut
1937 1562 2052 1618 haec

474 1675 770 1742 relinquam
813 1678 1021 1724 testata.
1060 1665 1170 1721 Cur
1197 1672 1373 1717 autem
1414 1676 1520 1715 non
1563 1658 1717 1723 dixit,
1737 1656 2048 1725 Participes,

474 1766 596 1830 sed,
649 1763 765 1818 Una
808 1778 1003 1815 mecum
1043 1755 1353 1828 participes?
1404 1753 1470 1807 Et
1503 1766 1603 1822 ego
1649 1752 1792 1819 ipse,
1843 1748 2050 1817 inquit,

473 1859 626 1913 alteri
660 1856 929 1925 impertio,
978 1861 1036 1907 ut
1070 1866 1174 1904 una
1218 1847 1339 1902 liam
1380 1846 1649 1916 particeps
1676 1840 1938 1910 evangelii
1974 1840 2051 1910 (1.

473 1952 592 2007 Cor.
639 1950 694 2005 9.
734 1948 851 2016 23),
886 1945 937 1999 id
968 1953 1051 1999 est
1077 1943 1359 2003 bonorum,
1393 1952 1510 2007 quae
1535 1950 1630 2005 pro
1656 1931 1935 2003 evangelio
1954 1944 2054 1985 nos

476 2054 711 2097 manent.
745 2042 820 2093 Ac
843 2038 1033 2092 mirum
1067 2034 1308 2104 profecto
1338 2037 1439 2092 est,
1463 2040 1651 2081 omnes
1681 2024 1800 2078 illos
1827 2024 1899 2078 ita
1925 2022 2054 2077 alle-

474 2145 590 2188 ctos
616 2132 794 2186 animo
817 2130 997 2189 fuiSse,
1028 2134 1086 2180 ut
1112 2141 1140 2177 a
1168 2123 1331 2178 Paulo
1363 2118 1540 2173 vocari
1572 2124 1793 2187 possent
1817 2114 1897 2169 sui
1933 2129 2057 2184 par-

476 2226 665 2293 ticipes
698 2240 713 2275 :
747 2222 816 2275 ita
844 2221 986 2274 enim
1018 2217 1207 2286 inquit,
1240 2214 1390 2280 Quod
1422 2226 1593 2264 omnes
1621 2224 1707 2262 vos
1733 2223 1835 2260 una
1862 2222 2055 2260 mecum

478 2318 748 2387 participes
780 2314 897 2367 estis
931 2312 1129 2383 gratite.
1177 2308 1304 2362 Haec
1340 2306 1500 2375 igitur
1541 2302 1688 2357 initia
1720 2300 1879 2355 ﬁdem
1924 2299 2055 2353 mihi

478 2410 697 2473 faciunt,
722 2421 815 2460 vos
843 2419 1010 2474 usque
1039 2402 1103 2456 ad
1128 2401 1286 2455 linem
1311 2399 1443 2453 tales
1469 2397 1604 2451 fore.
1638 2394 1739 2449 Vix
1772 2394 1913 2447 enim
1936 2392 2057 2447 ﬁeri

479 2512 674 2572 potest,
706 2513 757 2555 ut
788 2500 1105 2571 principium
1141 2496 1275 2550 adeo
1301 2491 1638 2565 splendidum
1664 2488 2052 2557 exstinguatur,

477 2608 638 2666 atque
678 2602 982 2653 evanescat.
1026 2591 1120 2646 sed
1160 2603 1381 2659 magnos
1413 2598 1625 2656 quoque
1667 2598 1730 2637 ac
1770 2580 2057 2651 praeclaros

478 2690 653 2741 exitus
684 2695 921 2756 praestat.

550 2782 604 2833 4.
634 2778 895 2844 Quoniam
932 2776 1091 2845 igitur
1130 2776 1236 2829 alia
1274 2771 1502 2841 quadam
1540 2770 1745 2823 ratione
1780 2768 1905 2821 licet
1938 2778 2059 2820 esse

482 2869 792 2938 participem
814 2868 999 2936 gratia:
1020 2875 1073 2920 et
1095 2865 1453 2935 periculorum
1479 2870 1533 2915 et
1556 2859 1939 2919 calamitatum,
1961 2854 2060 2909 ob-

479 2976 634 3015 secro
677 2974 779 3027 ego
821 2972 918 3010 vos
938 2998 953 3022 ,
982 2958 1150 3010 simus
1185 2968 1283 3007 nos
1318 2966 1530 3022 quoque
1556 2948 1863 3019 participes.
1887 2946 2059 3012 Quam

482 3051 629 3106 nnuti
655 3066 719 3105 ex
747 3050 810 3103 iis
832 3049 923 3118 qui
952 3046 1036 3101 hic
1061 3054 1187 3099 sunt
1206 3042 1444 3099 vellent?
1470 3041 1707 3111 quinimo
1730 3052 1918 3094 omnes
1942 3036 2058 3091 vel-

481 3144 602 3196 letis
638 3140 920 3209 participes
944 3152 1064 3192 esse
1092 3135 1239 3190 Pauli
1272 3136 1322 3187 in
1352 3132 1600 3202 repositis
1625 3130 1730 3184 illis
1759 3129 1933 3183 bonis.
1966 3128 2063 3181 At-

479 3233 569 3302 qui
600 3231 740 3294 licet,
768 3229 814 3284 si
844 3227 1028 3293 vultis,
1058 3225 1213 3280 facile
1261 3223 1399 3277 istud
1428 3220 1663 3291 assequi,
1690 3221 1735 3274 si
1756 3220 1821 3273 iis
1843 3218 1932 3288 qui
1955 3220 2058 3275 mi-

482 3322 762 3377 nisterium
808 3319 951 3375 illius
993 3325 1420 3387 repraesentant,
1450 3315 1516 3369 iis
1561 3314 1650 3383 qui
1700 3328 1799 3382 pro
1844 3311 2060 3367 Christo

482 3420 620 3473 male
662 3415 1018 3486 accipiuntur,
1050 3412 1225 3467 velitis
1265 3408 1563 3465 subsidium
1604 3406 1852 3460 alacriter
1893 3404 2054 3469 ferre,

480 3510 750 3581 opitulari,
770 3523 983 3562 manum
1008 3504 1297 3576 porrigere.
1314 3499 1477 3556 Vides
1499 3498 1785 3570 periclitari
1806 3496 2061 3551 fratrem?

480 3604 694 3675 porrige
739 3617 975 3657 manum.
1020 3598 1181 3653 Vides
1224 3607 1608 3667 praeceptorem
1642 3591 1826 3663 praalio
1856 3590 2062 3660 appeti-

481 3698 627 3751 tum?
651 3696 862 3751 assiste.
892 3694 959 3749 At
980 3693 1123 3747 enim
1148 3689 1303 3752 dicis,
1320 3702 1476 3743 nemo
1503 3693 1586 3740 est
1609 3685 1699 3755 qui
1727 3682 1893 3737 Paulo
1913 3695 2062 3736 com-

480 3789 657 3858 parari
683 3797 862 3858 queat.
898 3785 977 3839 En
1001 3783 1178 3839 subito
1197 3781 1360 3835 animi
1389 3778 1566 3840 elatio,
1597 3775 1774 3831 subito
1795 3773 2058 3844 judicant.

480 3881 763 3936 Neminem
788 3892 955 3948 prope
982 3875 1048 3929 ad
1076 3873 1300 3929 Paulum
1324 3869 1603 3933 accedere,
1622 3882 1722 3937 ego
1751 3880 1965 3936 quoque
1986 3862 2063 3916 fa-

482 3981 599 4025 teor
616 3976 1024 4031 :verumtatnen,
1051 3964 1149 4029 Qui
1166 3962 1362 4032 recipit,
1382 3961 1571 4030 inquit,
1589 3957 1885 4029 prophetam
1900 3957 1954 4009 in
1969 3970 2063 4008 no-

484 4064 619 4116 mine
635 4062 913 4133 prophetat,
931 4058 1210 4113 mercedem
1225 4054 1483 4128 propheta:
1498 4052 1704 4121 accipiet
1720 4051 1740 4122 (
1762 4049 1950 4105 Matth.
1971 4048 2061 4104 10.

482 4156 608 4224 41).
652 4152 788 4208 Num
820 4151 1188 4221 Philippenses
1214 4147 1282 4201 ob
1310 4161 1427 4201 eam
1458 4159 1673 4198 causam
1720 4138 2065 4196 admirabiles

485 4253 658 4310 erant,
684 4242 823 4313 quod
841 4241 1063 4297 Paulum
1081 4234 1589 4309 adjuvabant‘tNon,
1608 4234 1843 4303 inquam.
1856 4230 1927 4285 ob
1943 4245 2062 4285 eam

483 4352 721 4398 causam,
747 4334 841 4390 sed
866 4334 1117 4405 quoniam
1142 4328 1610 4386 connnunicabant
1629 4324 1700 4389 ei,
1722 4324 1811 4394 qui
1832 4337 2066 4392 evange-

489 4431 543 4485 lii
567 4428 995 4498 prtedieationem
1018 4432 1345 4493 susceperat.
1374 4421 1661 4490 Propterea
1685 4417 1877 4473 Paulus
1898 4415 2068 4471 hono-

486 4541 600 4581 rem
622 4522 1047 4593 promerebatur,
1065 4518 1321 4589 quoniam
1345 4515 1461 4569 haec
1484 4513 1780 4583 patiebatur
1802 4525 1898 4581 pro
1915 4510 2070 4565 Chri-

489 4629 594 4671 sto.
626 4615 811 4681 Qualis
839 4613 1052 4675 Paulus,
1081 4624 1239 4664 nemo
1266 4615 1366 4661 est.
1397 4604 1536 4673 Quid
1561 4603 1703 4668 dico,
1735 4600 1907 4671 qualis
1932 4600 2070 4655 Pau—

490 4710 616 4763 lus?
640 4722 796 4762 nemo
821 4716 901 4760 est
921 4704 1010 4774 qui
1032 4703 1099 4757 ad
1123 4704 1332 4757 beatum
1358 4700 1504 4753 illum
1526 4698 1610 4751 vel
1634 4710 1800 4766 prope
1819 4692 2066 4749 accedat:

494 4798 804 4869 praedicatio
847 4805 1023 4849 autem
1066 4793 1252 4848 eadem
1281 4799 1382 4855 est,
1411 4804 1530 4857 quae
1556 4788 1645 4842 illo
1670 4796 1907 4856 tempore
1932 4793 2069 4841 erat.

497 4893 607 4946 Nec
629 4900 854 4953 tantum,
873 4888 999 4953 dum
1025 4886 1077 4939 in
1101 4883 1328 4937 vinculis
1348 4888 1485 4947 erat,
1512 4879 1560 4934 ei
1582 4876 2069 4940 commnnicabant,

496 4986 590 5040 sed
621 4985 782 5039 etiam
814 4999 841 5034 a
872 4981 1131 5051 principio
1160 4996 1172 5030 :
1205 4977 1327 5031 audi
1349 4976 1491 5030 enim
1516 4974 1682 5043 ipsius
1706 4973 1891 5038 verba,
1917 4970 2074 5026 Scitis

406 5105 429 5123 κ
493 5086 662 5131 autem
687 5087 732 5132 et
754 5093 838 5129 vos
859 5118 873 5141 ,
901 5072 1278 5143 Philippenses,
1308 5068 1445 5139 quod
1469 5068 1522 5120 in
1549 5065 1802 5136 principio
1830 5062 2075 5134 evangelii

498 5175 642 5230 nulla
671 5172 795 5225 mihi
824 5169 1050 5222 Ecclesia
1074 5164 1456 5219 communicavit
1482 5162 1536 5214 in
1566 5160 1761 5213 ratione
1785 5157 1892 5211 dati
1920 5166 1965 5211 et
1990 5174 2077 5209 ac-

494 5271 647 5344 cepti,
666 5266 761 5321 nisi
778 5282 863 5319 vos
879 5264 974 5318 soli
986 5259 1241 5333 (Philipp.
1258 5257 1440 5322 4.15).
1456 5257 1531 5309 Ac
1547 5268 1675 5307 sane
1691 5250 1903 5307 omissis
1917 5249 2078 5304 etiam

406 5399 413 5408 -
498 5342 773 5432 periculis.
798 5357 991 5412 multas
1011 5354 1171 5409 habet
1192 5350 1464 5404 molestias
1487 5354 1781 5416 pratceptor
1805 5362 1818 5397 :
1846 5342 2076 5412 vigilias,

409 5450 416 5515 ⁷,
496 5436 710 5510 dicendi
737 5466 797 5505 ac
824 5448 1048 5503 docendi
1078 5446 1335 5508 laborem,
1364 5438 1835 5510 reprehensiones,
1862 5450 2079 5490 accusa-

500 5548 675 5598 tiones
694 5584 711 5608 ,
741 5542 1008 5611 querelas,
1025 5534 1458 5592 obtrectationes,
1478 5528 1749 5584 invidiam.
1767 5526 1925 5580 Levia
1943 5524 2076 5592 haec,

500 5637 587 5691 dic
605 5635 754 5698 mihi,
775 5634 1040 5688 sexcentis
1055 5645 1113 5683 se
1130 5627 1323 5699 linguis
1339 5637 1628 5695 exponere,
1645 5634 1767 5675 cum
1787 5618 1971 5673 liceret
1985 5632 2080 5672 sua

504 5730 659 5782 unius
682 5724 1007 5797 procurare?
1030 5722 1141 5776 Heu
1159 5719 1285 5791 quid
1307 5717 1435 5773 mihi
1452 5715 1615 5770 animi
1637 5713 1753 5769 est?
1776 5711 1979 5766 duabus
2000 5726 2082 5765 re-

503 5823 604 5877 bus
626 5820 964 5883 interclusus,
990 5815 1200 5879 haesito,
1221 5821 1381 5881 atque
1398 5808 1598 5863 haereo.
1620 5805 1752 5861 Nam
1774 5819 1894 5860 cum
1916 5816 2011 5857 vos
2029 5811 2084 5855 et

506 5914 795 5967 admonere
822 5918 876 5964 et
902 5907 1169 5963 cohortari
1202 5903 1377 5973 cupio,
1410 5908 1471 5955 ut
1496 5906 1710 5955 sanctos
1739 5895 1834 5951 Dei
1862 5892 2083 5950 foveatis

508 6004 764 6075 omnique
802 6016 903 6072 ope
940 6002 1169 6072 juvetis;
1201 6009 1311 6054 tum
1350 6009 1476 6052 vero
1515 6001 1695 6049 metuo
1736 6005 1807 6048 ne
1853 5988 1938 6045 cui
1982 5986 2083 6043 alia

1206 540 1262 594 S.
1301 534 1576 591 JOANNIS
1612 526 2081 589 CIIRYSOSTONI
2110 526 2424 582 ARCIIIEP.
2466 525 2993 584 CONSTANTINOP.

3630 526 3726 582 188

2153 642 2397 713 quaedam
2434 641 2632 698 incidat
2663 644 2918 712 suspicio,
2949 641 3198 696 nimirum
3223 641 3357 696 hanc
3382 640 3508 695 mihi
3532 643 3729 696 oratio-

2152 750 2274 789 nem
2293 749 2399 789 non
2417 735 2603 801 vestri,
2624 733 2717 789 sed
2742 735 2951 789 illorum
2973 749 3131 788 causa
3152 749 3272 789 esse
3289 742 3616 803 susceptam.
3643 733 3729 788 Vc-

2154 843 2271 883 rum
2294 826 2484 884 scitote
2504 829 2617 884 hsce
2637 844 2667 882 a
2691 843 2777 882 me
2797 844 2903 882 non
2924 828 3159 893 illorum,
3176 828 3269 882 sed
3288 836 3463 882 vestra
3491 827 3726 895 ipsorum

2152 932 2312 972 causa
2338 917 2463 982 dici,
2496 917 2673 988 idque,
2708 918 2754 972 si
2784 927 3016 973 mentem
3041 917 3322 972 advertere
3368 917 3572 983 velitis,
3602 919 3731 986 ipste

2154 1011 2305 1065 vobis
2330 1011 2565 1066 rationes
2591 1011 3003 1080 persuadebunt.
3029 1010 3142 1065 Non
3166 1018 3369 1080 aequate
3390 1020 3478 1065 est
3498 1010 3728 1074 lucrum,

2153 1102 2293 1171 quod
2333 1117 2428 1157 vos
2456 1103 2748 1171 .reportatis
2788 1111 2949 1167 atque
2992 1102 3065 1157 illi
3097 1119 3111 1154 :
3144 1116 3266 1156 nam
3306 1117 3401 1156 vos
3434 1101 3652 1172 quidem
3687 1104 3731 1158 si

2155 1192 2430 1260 dederitis,
2452 1208 2516 1248 ea
2541 1194 2756 1259 dabitis,
2787 1209 2905 1264 quae
2930 1194 3088 1264 paulo
3115 1202 3253 1263 post,
3285 1193 3460 1247 velitis
3480 1233 3494 1257 ,
3526 1193 3729 1259 nolitis,

2154 1285 2274 1338 aliis
2296 1286 2612 1356 resignaturi
2638 1294 2694 1340 et
2717 1285 3024 1339 concessuri
3055 1285 3218 1347 estis;
3248 1294 3304 1337 at
3325 1299 3442 1353 qua:
3467 1283 3731 1353 accipitis.

2157 1390 2445 1445 permagna
2474 1383 2634 1439 sunt,
2664 1375 2849 1445 longe,
2883 1374 3098 1445 inquam
3118 1416 3133 1440 ,
3160 1374 3383 1443 majora.
3412 1373 3606 1429 Annon
3634 1373 3735 1428 hoc

2156 1466 2335 1520 animo
2360 1467 2508 1531 estis,
2537 1468 2781 1536 accipere
2807 1481 2901 1520 vos
2920 1508 2936 1532 ,
2962 1482 3084 1521 cum
3116 1465 3290 1520 datis?
3316 1465 3429 1532 Ego
3453 1481 3604 1527 vero.
3632 1466 3735 1521 nisi

2158 1559 2261 1613 hoc
2302 1561 2483 1614 animo
2523 1560 2689 1625 estis,
2738 1575 2806 1614 ne
2847 1559 2987 1615 detis
3033 1559 3245 1628 quidem
3293 1559 3495 1619 velim:
3530 1568 3733 1613 tantum

2158 1653 2331 1716 abest,
2356 1668 2454 1722 pro
2478 1653 2581 1707 illis
2608 1668 2909 1708 sermonem
2932 1652 3144 1708 faciam.
3168 1653 3279 1708 Nisi
3303 1654 3419 1723 quis
3449 1662 3608 1707 antea
3634 1652 3734 1706 sibi

2157 1744 2518 1816 persuaserit,
2551 1744 2796 1814 accipere
2837 1760 2897 1799 se
2939 1746 3106 1814 magis
3147 1759 3304 1814 quam
3352 1744 3517 1807 dare,
3547 1744 3736 1812 ingens

2162 1836 2367 1890 lucrum
2397 1835 2592 1900 facere,
2627 1835 2886 1891 beneﬁcio
2915 1837 3084 1906 magis
3117 1835 3257 1889 afﬁci
3296 1850 3452 1905 quam
3481 1835 3734 1899 afﬁcere;

2161 1928 2253 1983 ille
2278 1942 2409 1982 vero
2437 1943 2505 1982 ne
2532 1927 2623 1983 det
2650 1946 2664 1981 :
2694 1929 2739 1983 si
2766 1929 2837 1982 ita
2865 1936 3036 1997 putat,
3062 1926 3189 1982 dare
3218 1942 3279 1983 se
3307 1926 3624 1982 beneﬁcium
3643 1943 3739 1981 ac-

2160 2021 2397 2091 cipienti,
2427 2035 2497 2076 ne
2524 2020 2635 2076 det.
2678 2020 2793 2077 Non
2819 2021 2962 2075 enim
2993 2020 3044 2075 id
3078 2020 3208 2074 mihi
3241 2036 3383 2075 nunc
3412 2035 3744 2089 magnopere

2161 2126 2305 2167 curae
2328 2121 2431 2178 est,
2454 2121 2511 2166 ut
2532 2112 2745 2166 alantur
2763 2112 2935 2166 sancti
2961 2129 2974 2165 :
2998 2127 3120 2165 nam
3145 2111 3247 2166 nisi
3274 2120 3328 2166 tu
3351 2110 3585 2173 dederis,
3604 2112 3740 2165 alius

2161 2202 2326 2257 dabit.
2349 2202 2706 2269 Quamobrem
2731 2203 2872 2271 quod
2894 2203 3037 2270 volo,
3058 2203 3158 2258 hoc
3178 2211 3263 2257 est
3282 2220 3295 2256 :
3320 2212 3377 2257 ut
3398 2217 3493 2257 vos
3511 2204 3742 2271 peccatis

2162 2296 2354 2349 vestris
2383 2295 2554 2349 lenem
2582 2295 2865 2366 quamdam
2892 2295 3207 2351 medicinam
3232 2294 3468 2349 faciatis:
3491 2295 3583 2365 qui
3611 2310 3741 2350 vero

2164 2388 2300 2444 hanc
2318 2389 2368 2443 in
2385 2389 2561 2444 dando
2581 2391 2837 2444 rationem
2861 2405 2965 2444 non
2990 2398 3155 2454 tenet,
3178 2389 3494 2444 medicinam
3519 2403 3626 2443 non
3647 2390 3742 2441 ha-

2162 2481 2327 2537 bebit.
2358 2482 2472 2536 Non
2501 2484 2643 2537 enim
2675 2482 2823 2544 dare,
2857 2483 2947 2538 sed
2977 2483 3207 2536 alacrem
3234 2481 3385 2544 dare,
3414 2480 3506 2536 sed
3534 2481 3741 2545 laetum,

2162 2574 2255 2630 sed
2274 2574 2472 2645 gratias
2489 2573 2773 2629 habentem
2791 2574 3089 2643 accipienti,
3111 2574 3211 2627 hoc
3226 2581 3326 2635 est,
3345 2572 3743 2642 eleemosynam

2165 2668 2343 2722 facere
2375 2685 2388 2720 :
2420 2667 2494 2721 ait
2519 2667 2683 2729 enim,
2717 2664 2837 2719 Non
2865 2682 2929 2719 ea:
2955 2665 3173 2728 tristitia,
3202 2674 3288 2715 aut
3318 2679 3379 2717 ea:
3404 2664 3699 2717 necessitate
3726 2677 3746 2715 :

2165 2760 2378 2813 hilarem
2401 2758 2534 2811 enim
2553 2757 2782 2810 datorem
2803 2756 2966 2826 diligit
2987 2753 3124 2808 Deus
3146 2752 3165 2826 (
3184 2752 3237 2806 2.
3270 2752 3387 2807 Cor.
3418 2752 3469 2808 9.
3504 2755 3534 2807 7
3552 2754 3597 2823 ).
3624 2755 3743 2810 Non

2164 2854 2257 2908 det
2283 2852 2459 2923 igitur,
2484 2851 2573 2921 qni
2601 2850 2705 2905 hoc
2729 2848 2890 2905 modo
2915 2863 3021 2903 non
3049 2827 3138 2901 dat
3168 2864 3181 2900 :
3208 2848 3415 2915 jactura
3434 2848 3575 2901 enim
3600 2848 3746 2903 istud

2163 2955 2266 3009 est,
2296 2959 2402 2998 non
2429 2943 2792 3014 eleemosyna.
2822 2942 2998 3008 Quare
3022 2941 3067 2995 si
3096 2940 3246 2994 vobis
3277 2940 3377 2994 hoc
3402 2942 3746 3012 exploratum

2166 3045 2269 3102 est,
2296 3050 2397 3091 vos
2421 3050 2542 3091 esse
2566 3036 2655 3104 qui
2681 3042 2943 3103 quastum
2970 3032 3166 3094 facitis,
3196 3047 3301 3086 non
3328 3032 3470 3099 illos,
3497 3050 3557 3087 ex
3569 3034 3751 3103 plora-

2166 3139 2276 3182 tmn
2298 3142 2512 3198 quoque
2537 3126 2665 3182 illud
2692 3126 2781 3191 sit,
2805 3127 2977 3195 majus
2998 3127 3158 3180 etiam
3189 3126 3389 3179 lucrutn
3412 3125 3565 3181 vobis
3589 3141 3750 3183 acm-

2165 3221 2315 3277 dere.
2344 3220 2481 3275 Nam
2519 3219 2626 3274 illis
2664 3218 2880 3289 quidem
2920 3232 3116 3287 corpus
3156 3217 3350 3281 alitur;
3383 3217 3535 3273 vobis
3560 3229 3748 3275 autem

2166 3312 2491 3383 splendescit
2518 3312 2694 3366 anima
2722 3326 2736 3363 :
2766 3310 2904 3374 illis,
2929 3324 3049 3364 cum
3082 3309 3348 3378 accipiunt
3369 3348 3384 3371 ,
3418 3308 3623 3364 nullum
3654 3325 3750 3364 re-

2168 3407 2396 3462 mittitur
2416 3412 2689 3475 peccatum
2707 3420 2722 3468 ;
2743 3402 2895 3457 vobis
2917 3416 3044 3456 vero
3066 3401 3246 3455 multa:
3270 3400 3594 3456 oll‘ensiones
3616 3402 3752 3456 abo—

2168 3500 2365 3555 lentur.
2395 3496 2863 3553 Communicemus
2912 3494 3069 3564 igitur
3112 3493 3241 3562 ipsis
3284 3493 3335 3546 in
3374 3492 3655 3547 laboribus
3682 3508 3753 3548 ac

2166 3589 2579 3655 certaminibus,
2610 3597 2668 3643 ut
2696 3589 2749 3643 in
2779 3587 2987 3657 magnis
3015 3601 3227 3656 quoque
3252 3586 3353 3639 illis
3384 3586 3622 3654 praemiis
3650 3586 3754 3638 ali-

2167 3681 2381 3752 quando
2407 3679 2880 3735 communicemus.
2906 3676 3023 3731 Non
3048 3675 3334 3731 defuerunt
3352 3676 3438 3745 qui
3461 3691 3618 3745 reges
3642 3676 3753 3730 sibi

2168 3775 2505 3842 adoptarent,
2537 3781 2698 3842 atque
2740 3772 2791 3825 in
2830 3786 2895 3826 eo
2936 3769 3107 3840 magis
3146 3784 3206 3824 se
3244 3768 3394 3835 dam,
3421 3783 3579 3837 quam
3607 3769 3754 3823 acci-

2169 3880 2296 3936 pere
2326 3873 2590 3934 putarent.
2632 3862 2712 3918 Tu
2740 3862 3015 3917 Christum
3041 3859 3133 3914 tibi
3159 3858 3373 3929 adopta,
3407 3868 3633 3927 tuasque
3660 3874 3755 3915 res

2172 3958 2224 4012 iu
2261 3966 2374 4011 tuto
2402 3954 2710 4010 collocabis.
2742 3953 2833 4007 Vis
2862 3962 2917 4009 et
2946 3951 3112 4007 Paulo
3150 3950 3583 4006 communicare?
3620 3950 3753 4019 quid

2170 4054 2293 4111 dico
2321 4052 2504 4116 Paulo,
2537 4051 2624 4105 tibi
2649 4049 2893 4104 Christus
2922 4047 3037 4116 ipse
3060 4054 3164 4109 est,
3192 4045 3281 4115 qui
3302 4043 3534 4112 accipit?

2243 4146 2295 4202 5.
2342 4142 2686 4212 Eleemosyna:
2724 4137 2969 4211 facienda:
2992 4137 3143 4190 ratio.
3164 4134 3318 4190 —Ut
3344 4144 3521 4188 autem
3551 4133 3755 4189 intellio

2171 4236 2329 4308 gatis,
2360 4250 2445 4289 me
2470 4247 2576 4287 non
2597 4231 2822 4285 aliorum
2847 4225 3162 4282 recreationi
3186 4222 3509 4287 studentem,
3532 4222 3626 4276 sed
3660 4237 3757 4276 ve-

2172 4337 2282 4383 stra
2308 4340 2468 4381 causa
2490 4323 2607 4378 haec
2627 4320 2805 4377 omnia
2826 4326 2881 4373 et
2911 4318 3091 4371 dicere
3117 4322 3171 4370 et
3198 4314 3373 4368 lacere
3396 4330 3409 4365 :
3433 4314 3479 4368 si
3517 4314 3638 4382 quis
3667 4321 3757 4366 est

2174 4434 2239 4475 ex
2265 4416 2529 4487 prtefectis
2544 4412 2815 4473 Ecclesiae,
2834 4409 2923 4480 qui
2945 4408 3103 4461 vitam
3125 4420 3233 4459 non
3256 4404 3464 4472 inopem
3490 4411 3614 4473 agat
3635 4404 3756 4456 nul-

2177 4513 2332 4582 laque
2361 4525 2420 4564 re
2448 4515 2623 4578 egeat,
2656 4503 2863 4559 etiamsi
2895 4509 3112 4556 sanctus
3155 4498 3256 4561 sit,
3291 4506 3468 4551 tamen
3524 4494 3653 4549 nolo
3701 4495 3753 4549 ei

2176 4606 2305 4668 des;
2349 4602 2444 4659 sed
2473 4602 2594 4656 huic
2620 4611 2872 4668 praepone
2900 4594 3045 4648 illum
3072 4592 3161 4662 qui
3192 4599 3348 4661 eget,
3375 4589 3618 4659 quamvis
3645 4601 3755 4642 non

2180 4697 2314 4751 adeo
2359 4692 2750 4748 admirabilem.
2804 4687 2942 4755 Quid
2984 4685 3088 4739 ita?
3140 4684 3401 4751 Quoniam
3434 4683 3547 4750 ipse
3586 4680 3754 4735 etiam

2180 4787 2423 4843 Christus
2450 4786 2549 4838 hoc
2572 4784 2643 4836 ita
2666 4780 2798 4844 vult,
2830 4779 2989 4847 idque
3018 4777 3122 4830 illis
3156 4774 3332 4829 verbis
3353 4772 3554 4829 iudicat
3580 4788 3593 4822 :
3627 4770 3758 4825 Cum

2182 4880 2307 4950 facis
2328 4890 2519 4930 caenam
2546 4882 2632 4925 aut
2662 4869 2953 4940 prandium,
2985 4868 3088 4920 noli
3119 4880 3296 4919 vocare
3313 4865 3500 4917 amicos
3530 4872 3643 4915 tuos
3662 4878 3758 4914 ne-

2183 4987 2279 5040 que
2297 4976 2556 5038 cognatos,
2594 4964 2684 5017 sed
2722 4961 2926 5022 debiles,
2959 4957 3168 5011 claudos
3193 4966 3239 5010 et
3281 4971 3437 5009 cwcos
3465 4953 3629 5022 (Luc.
3666 4953 3755 5007 ﬂ.

2191 5061 2277 5115 12.
2314 5057 2401 5127 15)
2429 5074 2440 5108 ;
2466 5069 2559 5110 eos
2590 5053 2835 5107 nimirum
2858 5092 2873 5116 ,
2904 5049 2995 5119 qui
3027 5048 3119 5101 tibi
3147 5063 3243 5117 par
3276 5047 3392 5116 pari
3419 5043 3623 5099 referre
3652 5058 3760 5098 non

2186 5160 2427 5223 possunt.
2457 5147 2571 5202 Non
2612 5146 2754 5201 enim
2782 5153 2983 5197 temere
3026 5150 3151 5195 sunt
3190 5138 3412 5208 quilibet
3461 5134 3716 5189 invitandi
3742 5132 3789 5243 ,ἰ

2188 5246 2281 5301 sed
2312 5243 2631 5306 esurientes,
2664 5237 2758 5292 sed
2803 5236 3063 5296 sitientes,
3092 5230 3187 5286 sed
3226 5229 3376 5293 nudi,
3399 5226 3493 5283 sed
3524 5224 3789 5306 peregri-ﬁ

2188 5338 2264 5402 ni,
2297 5336 2373 5407 (a)
2398 5333 2522 5407 [sed
2552 5332 2587 5385 ii
2621 5330 2711 5400 qui
2755 5344 2821 5384 ex
2862 5326 3059 5381 divitiis
3096 5323 3163 5377 ad
3189 5322 3416 5392 inopiam
3464 5327 3588 5373 sunt
3638 5317 3762 5371 red-

3781 5274 3792 5343 l

2188 5391 2339 5499 θεαί]
2358 5383 2468 5480 Non
2487 5383 2885 5479 enimjabsolute
2898 5418 3051 5482 dixit,
3066 5415 3284 5470 Aluistis
3301 5428 3408 5477 me,
3427 5412 3518 5466 sed
3537 5410 3762 5471 addidit,
3786 5383 3801 5407 ‘

2192 5520 2525 5575 Esurientem
2556 5533 2569 5567 :
2608 5515 2941 5574 Esurientem,
2981 5508 3169 5577 inquit,
3201 5522 3279 5559 me
3315 5503 3527 5565 vidistis,
3576 5511 3621 5553 et
3673 5488 3806 5576 ἄεις

2190 5614 2335 5667 distis
2352 5612 2474 5664 mihi
2497 5608 2799 5661 manducare
2828 5601 3039 5671 (Matth.
3067 5599 3158 5653 9.5.
3190 5597 3301 5665 35).
3329 5593 3481 5661 Quod
3505 5594 3550 5647 si
3579 5607 3765 5662 quem-
3800 5580 3811 5593 ’

2192 5706 2272 5760 vis
2309 5702 2638 5759 esurientem
2683 5695 2887 5751 nutrire
2916 5706 3051 5763 opus
3080 5699 3192 5754 est;
3238 5686 3407 5741 multo
3447 5686 3616 5754 magis
3643 5696 3764 5737 cum

2256 5922 2328 5983 (α)
2354 5920 2542 5968 Uncinis
2560 5916 2721 5965 clausa
2736 5906 3047 5983 deerantin,
3208 5899 3410 5983 assde}
3428 5894 3604 5949 Codice
3628 5890 3764 5942 Cois-

2193 5963 2381 6039 ιωὶέιᾶ
2393 5963 2620 6033 Fadius
2638 5982 2754 6029 sunt
2780 5982 2831 6025 et
2852 5985 2881 6024 a
2903 5966 3085 6022 Nobilio
3107 5967 3235 6018 lecta
3256 5963 3415 6015 fuere.
