3974 6512
143 494 247 551 189

142 610 206 663 ad
237 605 346 661 cibi
370 604 755 660 necessitatem
786 604 885 658 viri
911 607 1166 660 sanctitas
1188 608 1494 661 accesserit.
1518 607 1725 678 Duplici

140 703 283 755 etum
314 698 542 752 nomine
585 695 821 749 officium
862 695 1063 765 justum
1091 706 1175 751 est
1199 737 1216 763 ,
1248 697 1391 767 quod
1421 706 1475 752 et
1513 698 1565 752 in
1602 714 1726 753 san-

139 799 306 853 ctum,
341 795 401 841 et
433 788 484 840 iu
533 787 856 840 esurientem
884 786 1182 842 confertur.
1212 787 1353 857 Ergo
1383 789 1426 842 si
1453 789 1572 858 quis
1598 803 1724 843 san-

138 892 254 935 ctus
281 878 505 963 quidem
535 877 712 943 fuerit,
746 877 839 931 sed
863 892 967 931 non
995 888 1166 946 egeat,
1196 879 1325 932 nihil
1356 880 1405 934 ci
1432 879 1593 935 dato:
1617 897 1721 937 non

138 973 279 1029 enim
316 970 428 1025 hoc
473 970 679 1023 lucrum
707 978 823 1029 est,
877 985 983 1023 non
1034 968 1137 1023 hoc
1164 969 1408 1025 Christus
1435 974 1720 1041 prmcepit;

134 1063 385 1133 quiuimo
416 1076 485 1115 ne
503 1068 721 1114 sanctus
746 1059 961 1129 quidem
987 1060 1074 1115 ille
1093 1060 1269 1126 fuerit,
1301 1062 1529 1131 quicum
1556 1063 1724 1117 abun-

133 1155 241 1217 det,
277 1154 483 1221 accipit
514 1162 711 1206 tamen.
753 1147 913 1206 Vides
940 1168 1047 1206 non
1080 1154 1248 1220 turpis
1270 1153 1401 1207 lucri
1428 1168 1585 1207 causa
1609 1154 1722 1208 haec

135 1263 162 1300 ει
194 1262 279 1300 me
310 1260 442 1300 esse
467 1244 628 1309 dicta,
677 1243 771 1297 sed
827 1252 1023 1297 vestrae
1064 1244 1326 1298 utilitatis.
1359 1245 1457 1299 Ale
1484 1246 1723 1300 esurien-

139 1348 236 1393 tem
263 1379 280 1405 ,
314 1347 377 1391 ut
406 1353 476 1391 nc
512 1337 622 1390 alas
642 1335 899 1406 gehenna:
928 1334 1100 1405 ignem
1144 1351 1158 1389 :
1192 1336 1282 1391 illc
1311 1336 1377 1390 de
1421 1338 1523 1391 tuis
1561 1337 1721 1392 rebus

138 1429 466 1491 eumedens,
498 1442 616 1481 eam
647 1429 804 1479 etiam
849 1436 1053 1496 partem
1098 1443 1221 1496 quae
1262 1428 1351 1480 tibi
1388 1429 1718 1498 relinquitur,

138 1519 961 1591 sanctiﬁcat.Cogita,quoniudo
991 1519 1150 1573 vidua
1192 1519 1393 1575 lleliam
1420 1521 1630 1585 aluerit,
1658 1536 1721 1576 ac

138 1630 237 1681 non
256 1613 442 1681 magis
490 1610 684 1663 aluerit
712 1624 871 1679 quam
900 1609 1006 1663 alta
1034 1611 1135 1673 sit;
1159 1624 1265 1664 non
1294 1613 1462 1681 magis
1487 1610 1717 1677 dederit,

135 1720 288 1774 quam
323 1703 620 1771 acceperit.
654 1700 711 1755 ια
739 1716 879 1756 nunc
905 1701 1066 1755 etiam
1091 1701 1170 1765 ﬁt,
1200 1710 1253 1756 et
1280 1703 1445 1756 multo
1468 1704 1715 1772 amplius.

134 1796 244 1850 Non
268 1796 423 1849 enim
449 1793 634 1866 hydria
667 1792 877 1858 farinae,
905 1802 997 1846 aut
1026 1792 1270 1863 lecythus
1291 1793 1418 1860 olei,
1448 1794 1543 1849 sed
1569 1794 1719 1864 quid?

135 1888 451 1957 centuplum
470 1927 485 1950 ,
517 1896 571 1941 et
595 1885 701 1938 vita
730 1893 932 1939 aeterna
960 1884 1264 1953 hujusmodi
1304 1885 1498 1941 ofﬁciis
1525 1902 1720 1957 propo-

138 1982 231 2036 sita
262 1995 483 2035 merces
528 1987 628 2033 est.
670 1978 1034 2034 Misericordia
1064 1979 1188 2043 Dei,
1220 1980 1531 2035 alimentum
1558 1981 1718 2051 spiri—

140 2076 273 2129 tuale
306 2075 432 2138 ﬁas,
480 2071 807 2127 fermentum
835 2070 1112 2126 mundum.
1147 2071 1310 2125 Vidua
1342 2080 1459 2126 erat
1489 2072 1597 2139 illa,
1629 2089 1718 2126 ur-

138 2166 285 2236 gebat
338 2164 535 2230 fames,
574 2174 628 2217 et
658 2163 791 2217 nihil
821 2163 1011 2217 horum
1057 2163 1436 2233 impedimento
1481 2165 1555 2218 illi
1588 2164 1713 2231 fuit;

138 2256 365 2310 habebat
397 2255 565 2319 ﬁlios,
595 2270 767 2324 neque
811 2254 933 2308 hinc
977 2255 1136 2310 etiam
1187 2271 1247 2310 se
1280 2255 1538 2310 retardari
1568 2256 1711 2311 sivit.

136 2347 392 2417 aliquavit
424 2347 569 2400 illam
594 2386 609 2413 ,
636 2362 757 2415 qua:
782 2347 928 2400 misit
955 2347 1062 2401 duo
1091 2349 1293 2402 minuta
1319 2348 1370 2402 in
1397 2349 1717 2422 gazophyla-

133 2441 293 2493 cium.
346 2437 466 2492 Non
497 2452 682 2491 secum
715 2437 825 2507 ipsa
856 2437 991 2492 dixit
1020 2455 1034 2492 :
1072 2438 1200 2506 Qua:
1241 2440 1368 2494 mihi
1420 2441 1616 2497 utilitas
1646 2442 1715 2498 ob

132 2532 236 2587 hoc
265 2529 633 2601 exspectanda
660 2530 779 2585 est!
824 2531 937 2600 ipse
960 2541 1085 2600 eget
1116 2547 1129 2582 :
1157 2534 1200 2585 si
1231 2532 1357 2603 quid
1401 2534 1591 2587 virium
1620 2533 1716 2588 ha-

129 2625 326 2690 beret,
384 2640 490 2678 non
541 2622 820 2677 incidisset
868 2622 921 2677 in
973 2623 1166 2678 famem
1198 2642 1213 2679 :
1245 2624 1535 2694 depulisset
1576 2625 1716 2682 hanc

127 2719 464 2781 siccitatem,
487 2731 590 2770 non
622 2715 810 2769 iisdem
841 2724 1170 2784 premeretur
1192 2715 1346 2771 malis
1377 2735 1389 2771 :
1424 2716 1644 2772 forsitan
1661 2729 1716 2774 et

127 2811 253 2879 ipse
277 2810 332 2862 in
364 2808 455 2861 Dei
475 2807 817 2861 offensionem
842 2807 1085 2862 incurrit.
1129 2807 1269 2863 Nihil
1292 2808 1483 2864 horum
1509 2812 1711 2881 cogita-

126 2902 229 2956 vit.
270 2900 437 2955 Vides
480 2909 727 2970 quantum
770 2900 894 2954 boni
923 2900 993 2954 sit
1034 2899 1289 2956 adhibere
1318 2902 1713 2972 simplicitatem

128 2996 181 3049 in
211 2992 620 3055 bencfaciendo,
654 3006 754 3046 nec
776 2992 933 3046 nimis
960 2994 1170 3047 curiose
1201 2992 1252 3046 in
1274 3007 1393 3053 eum
1418 2994 1703 3064 inquirere,

132 3121 179 3137 .-

1043 492 1109 549 IN
1147 492 1364 549 EPIST.
1399 494 1494 549 AD
1530 493 1813 552 PHIIJPP.
1855 494 2009 552 CAP.
2050 496 2092 552 l.
2134 498 2359 555 HOMIL.
2394 500 2454 556 ll.

196 3122 2991 3148 Μ

3303 505 3405 563 190

1830 609 1922 679 qui
1968 610 2286 668 beneﬁcium
2317 616 2385 669 sit
2446 621 2800 687 accepturus?
2840 619 2895 675 Si
2926 621 3101 676 omnia
3152 622 3406 683 voluisset

1832 702 1993 757 nimia
2024 706 2251 774 quadam
2279 707 2550 777 diligentia
2572 712 2899 779 expendere,
2930 715 3093 769 multa
3120 716 3258 771 illius
3285 720 3398 773 ani-

1831 808 1975 848 mum
2003 793 2219 851 diverse
2250 798 2573 863 traxissent,
2607 816 2705 855 nec
2731 801 2888 857 ﬁdem
2925 802 3218 863 habuisset.
3250 806 3323 862 lta
3352 818 3407 864 at

1829 883 2097 941 Abraham
2121 888 2163 942 si
2190 890 2402 945 curiose
2425 906 2584 961 agere
2603 893 2881 957 voluisset,
2900 897 3119 966 angelos
3147 914 3251 954 non
3281 916 3371 955 sus
3392 929 3403 944 ι

1829 977 2081 1046 cepisset.
2099 979 2237 1034 Fieri
2268 981 2408 1035 enim
2439 983 2656 1038 minime
2677 986 3022 1053 potest,ﬁeri,
3040 988 3277 1059 inquam,
3297 1008 3405 1047 non

1828 1076 2022 1136 potest,
2056 1079 2113 1123 ut
2142 1072 2230 1140 qui
2274 1080 2379 1125 tam
2413 1084 2623 1129 tenuem
2655 1076 2880 1145 singulis
2922 1079 3216 1149 quibusque
3243 1082 3405 1137 rebus

1826 1160 2195 1217 examinandis
2222 1162 2548 1233 diligentiam
2591 1164 2829 1232 adhibet,
2854 1177 3039 1223 sancto
3063 1169 3268 1227 homini
3304 1174 3404 1227 ali-

1826 1251 2041 1320 quando
2066 1254 2295 1325 benigne
2330 1255 2525 1324 faciat,
2556 1259 2652 1314 sed
2693 1260 2929 1314 omnium
2958 1264 3188 1318 maxime
3217 1266 3402 1321 incidit

1826 1341 1880 1396 in
1932 1343 2279 1413 impostores.
2328 1347 2398 1402 Et
2425 1349 2696 1418 quomodo
2722 1351 2886 1417 istud,
2919 1368 3021 1423 ego
3068 1354 3261 1409 dicam.
3308 1357 3403 1412 Vir

1824 1435 1946 1503 pius
1971 1450 2077 1489 non
2106 1435 2207 1490 hoc
2228 1437 2479 1507 affectat,
2513 1449 2569 1495 ut
2597 1442 2716 1511 pius
2754 1442 3017 1508 videatur,
3047 1461 3220 1516 neque
3263 1446 3403 1502 hanc

1825 1525 1927 1580 sibi
1953 1541 2235 1596 personam
2258 1531 2371 1585 vult
2394 1532 2689 1602 imponere,
2717 1536 2925 1590 etiamsi
2944 1536 3178 1591 futurum
3200 1539 3398 1602 videat,

1825 1626 1884 1672 ut
1908 1617 2201 1688 despicatui
2233 1621 2492 1677 habeatur
2520 1643 2534 1679 :
2560 1625 2819 1695 impostor
2838 1636 3015 1682 autem
3035 1669 3051 1695 ,
3079 1630 3280 1698 quippe
3310 1631 3401 1700 qui

1822 1722 1937 1763 rem
1957 1708 2092 1764 hanc
2120 1711 2251 1765 artis
2277 1712 2395 1767 loco
2421 1712 2616 1780 habet,
2650 1716 2859 1771 eximia:
2886 1718 3159 1787 cujusdam
3191 1721 3400 1790 pietatis

1824 1802 2057 1869 speciem
2079 1803 2302 1859 artiﬁcio
2331 1805 2397 1860 ad
2418 1806 2924 1877 deprehendendum
2949 1811 3264 1868 difficillimo
3292 1830 3401 1885 pra:

1823 1904 1883 1945 se
1909 1891 2030 1945 fert.
2061 1892 2417 1959 Quamobrem
2451 1897 2527 1963 fit,
2560 1908 2616 1953 ut
2644 1899 2734 1954 ille
2758 1902 2994 1969 quidem,
3023 1904 3290 1972 quietiam
3330 1908 3394 1961 iis

1822 1984 1909 2052 qui
1946 1998 2051 2039 non
2083 1985 2330 2041 videntur
2356 1989 2424 2057 pii
2450 2029 2465 2055 ,
2499 1988 2728 2060 benigne
2753 1992 2897 2059 facit,
2928 1994 2978 2047 in
3004 1996 3119 2064 pios
3157 1997 3352 2053 incidat
3382 2018 3397 2051 :

1820 2078 1911 2147 qui
1936 2086 2116 2132 autem
2143 2094 2235 2133 eos
2286 2081 2430 2136 solos
2460 2083 2651 2147 quaerit
2676 2084 2767 2154 qui
2796 2086 2865 2155 pii
2897 2088 3289 2156 existimantur,
3315 2094 3394 2147 in-

1819 2168 2223 2239 cidatpersatpe
2272 2171 2323 2225 in
2373 2172 2584 2242 impios.
2621 2174 2859 2231 Obsecro
2900 2177 3079 2248 igitur,
3130 2183 3308 2237 omnia
3341 2185 3397 2238 in

1820 2260 2158 2331 simplicitate
2186 2262 2459 2317 faciamus.
2493 2264 2621 2319 Esto
2648 2266 2811 2332 enim,
2838 2268 2927 2339 qui
2954 2268 3021 2323 ad
3043 2285 3138 2324 nos
3165 2273 3393 2341 accedit,

1819 2353 1890 2408 sit
1910 2354 2201 2421 impostor;
2228 2370 2331 2408 non
2365 2365 2537 2425 tamen
2561 2356 2742 2425 jussus
2770 2374 2829 2414 es
2859 2359 2974 2415 ιιτεε
3000 2362 3211 2418 curiose
3238 2379 3394 2419 seru-

1821 2442 1919 2496 tari
1951 2457 1964 2494 :
1996 2441 2149 2497 Omni
2176 2443 2316 2497 enim
2338 2485 2354 2508 ,
2385 2444 2575 2515 inquit,
2605 2463 2637 2500 a
2668 2458 2715 2500 te
2735 2450 2919 2517 petenti
2946 2451 3108 2506 tribue
3140 2451 3307 2524 (Luc.
3336 2455 3395 2512 6.

1820 2533 1909 2605 ’50)
1934 2551 1948 2600 ;
1980 2543 2053 2601 et,
2086 2534 2187 2600 Qui
2213 2537 2482 2590 trahuntur
2502 2537 2571 2591 ad
2598 2540 2876 2608 interitum,
2910 2542 3124 2600 liberare
3148 2563 3210 2600 ne
3234 2564 3396 2605 cesses

1824 2624 2001 2695 (Prov.
2036 2626 2125 2681 24.
2158 2626 2247 2699 ll)
2281 2630 2559 2699 :quamvis
2589 2631 2739 2686 multi
2763 2648 2947 2687 eorum
2975 2634 3067 2704 qui
3093 2648 3351 2694 necantur
3372 2681 3388 2706 ,

1794 2710 1872 2771 in
1903 2716 2213 2774 criminibus
2254 2718 2576 2790 deprehensi
2607 2737 2670 2777 ea
2696 2738 2850 2792 poena
2896 2726 3132 2781 mulctati
3164 2728 3394 2798 fuerint;

1817 2810 1936 2877 sed,
1971 2809 2053 2865 Ne
2082 2828 2262 2879 cesses,
2292 2813 2483 2884 inquit.
2515 2814 2590 2870 Ita
2618 2815 2820 2871 similes
2845 2817 2977 2886 Deo,
3004 2820 3076 2875 ita
3105 2821 3394 2878 admirabi-

1818 2902 1897 2957 les
1920 2905 2138 2969 erimus,
2169 2914 2224 2960 et
2250 2906 2571 2962 immortalia
2592 2908 2730 2964 bona
2757 2924 3148 2983 consequemur
3170 2931 3185 2969 :
3204 2916 3396 2987 quibus

1818 2996 2021 3050 utinam
2043 2996 2187 3067 digni
2216 2997 2533 3069 efficiamur,
2555 3011 2659 3057 etc.

3013 3139 3387 3155 ‘__

1544 3200 1890 3264 HOMILIA
1930 3204 2012 3266 II.

128 3348 257 3407 CAP.
291 3348 343 3402 1.
367 3363 422 3399 v.
454 3345 510 3399 8.
541 3342 702 3397 Testis
728 3351 799 3395 est
826 3341 950 3394 mihi
976 3340 1128 3408 Deus,
1157 3341 1407 3413 quomodo
1434 3359 1519 3395 vos
1543 3360 1713 3398 omnes

198 3439 408 3507 cupiam
440 3438 494 3488 in
523 3433 796 3486 visceribus
819 3430 945 3486 Iesu
974 3430 1179 3484 Christi.
1208 3431 1260 3486 9.
1292 3430 1360 3484 Et
1388 3433 1481 3486 hoc
1506 3449 1617 3498 oro,
1658 3442 1715 3487 ut

198 3529 389 3583 caritas
416 3537 580 3580 vestra
603 3524 770 3577 adimo
795 3523 955 3593 magis
972 3538 1030 3574 ac
1053 3522 1210 3591 magis
1237 3523 1454 3575 abundet
1475 3523 1526 3575 in
1554 3523 1716 3577 scien-

200 3624 273 3675 tia
319 3633 369 3673 et
415 3619 553 3671 omni
581 3634 728 3670 sensu
755 3631 774 3668 .'
805 3614 887 3669 10.
920 3624 975 3667 ut
1006 3613 1222 3682 probetis
1254 3615 1470 3682 potiora,
1519 3624 1572 3666 ut
1606 3616 1713 3667 sitis

199 3711 391 3765 sinceri
418 3720 463 3761 et
483 3709 592 3760 sine
616 3703 809 3771 oﬂ'ensa
838 3705 887 3756 in
910 3704 1041 3756 diem
1066 3702 1272 3765 Christi,
1299 3704 1383 3756 Η.
1404 3704 1578 3773 repleti
1601 3708 1715 3772 fru-

197 3805 365 3857 ctibus
385 3802 606 3871 justitta:
624 3814 712 3865 per
739 3796 916 3850 Jesum
935 3793 1187 3849 Christum
1214 3796 1265 3848 in
1289 3795 1502 3866 gloriam
1527 3804 1571 3848 et
1598 3795 1711 3848 latt-

198 3898 317 3950 dent
350 3893 466 3946 Dei.

199 3992 251 4044 1.
295 3985 421 4041 Non
474 3982 675 4037 idcirco
713 3979 851 4050 quod
887 3979 985 4033 sibi
1023 3977 1153 4032 ﬁdes
1182 3993 1285 4032 non
1318 3977 1602 4043 habeatur,
1632 3987 1713 4032 te-

132 4093 263 4135 stem
291 4080 427 4134 citat
458 4074 645 4138 Deum,
672 4072 765 4126 sed
793 4087 859 4125 ex
888 4071 1048 4125 animi
1076 4070 1265 4123 affectu
1297 4070 1345 4124 id
1378 4070 1524 4133 facit,
1552 4079 1714 4139 utque

135 4174 234 4227 illis
266 4155 475 4224 hoc'sit
504 4164 988 4237 persuasissimum.
1020 4163 1152 4218 Nam
1181 4165 1427 4234 quoniam
1467 4164 1710 4229 dixerat,

133 4280 225 4319 eos
257 4263 361 4317 sibi
392 4258 822 4315 communicasse
851 4272 864 4308 :
898 4272 965 4310 ne
993 4257 1062 4310 ob
1094 4256 1228 4309 hanc
1258 4270 1495 4321 causam,
1546 4254 1597 4309 id
1632 4262 1716 4310 est

135 4356 200 4410 ob
225 4370 290 4409 ea
319 4366 448 4422 qua:
476 4350 779 4409 mittebant,
813 4355 1132 4416 putarentse
1164 4348 1231 4401 ab
1261 4348 1375 4416 ipso
1398 4346 1711 4411 desiderari,

135 4447 357 4502 minime
380 4459 512 4497 vero
533 4440 674 4511 quod
702 4440 799 4510 ipsi
823 4455 915 4509 per
941 4455 997 4493 se
1021 4450 1345 4505 amarentur,
1378 4438 1575 4493 idcirco
1590 4438 1715 4493 sub-

131 4540 349 4609 junxit,
404 4533 473 4589 In
516 4534 782 4587 visceribus
834 4532 1038 4585 Christi.
1092 4530 1227 4598 Quid
1288 4529 1387 4585 hoc
1432 4530 1533 4585 sibi
1565 4530 1714 4583 vult?

136 4630 278 4685 Idem
326 4644 395 4683 ac
442 4628 489 4681 si
520 4626 775 4687 dixisset,
802 4622 1091 4677 secundum
1122 4620 1388 4675 ChriStum
1420 4641 1433 4675 :
1464 4623 1712 4691 quoniam

138 4722 325 4776 ﬁdeles
354 4717 490 4774 estis
511 4758 525 4782 ,
553 4713 803 4785 quoniam
844 4714 1033 4766 amatis
1062 4713 1354 4777 Christum,
1386 4720 1601 4781 propter
1627 4711 1712 4765 di-

138 4813 428 4866 lectionem
456 4823 575 4878 qum
602 4804 895 4861 secundum
924 4801 1194 4858 Christum
1220 4812 1320 4858 est.
1347 4802 1530 4871 Neque
1558 4802 1709 4867 dixit,

137 4907 513 4964 Dilectionem,
543 4898 659 4964 sed,
685 4897 824 4969 quod
844 4896 1115 4951 ardentius
1133 4904 1234 4961 est,
1258 4893 1469 4949 Viscera
1492 4893 1710 4948 Christi:

136 4996 360 5065 perinde
387 5004 549 5062 atque
571 4990 643 5043 ita
667 4989 889 5053 diceret,
918 4988 1120 5041 viscera
1146 4986 1262 5055 ejus
1280 5028 1294 5049 ,
1319 4986 1409 5055 qui
1439 4985 1599 5039 veluti
1622 5001 1715 5053 pa-

138 5098 214 5142 ter
241 5095 431 5141 vester
456 5082 679 5137 ell'ectus
707 5088 791 5136 est
814 5095 908 5149 per
936 5094 1053 5133 eam
1074 5078 1464 5147 cognationem,
1496 5092 1614 5147 quae
1631 5084 1716 5131 est

138 5176 434 5232 Secundum
461 5173 750 5228 Christum.
778 5170 904 5225 Haec
924 5170 1066 5224 enim
1091 5178 1193 5235 est,
1218 5184 1335 5239 qua:
1357 5168 1508 5222 nobis
1529 5167 1619 5222 dat
1638 5168 1715 5221 vi-

135 5283 323 5331 scera,
369 5265 580 5319 viscera
629 5262 855 5317 calentia
906 5270 962 5315 et
990 5258 1310 5313 inﬂammata
1344 5262 1523 5313 :veris
1569 5259 1713 5312 enim

136 5363 309 5416 servis
329 5360 444 5414 suis
466 5358 675 5412 \iscera
701 5356 944 5426 largitur.
975 5354 1029 5408 In
1059 5354 1183 5419 illis,
1208 5353 1396 5422 inquit,
1421 5350 1715 5406 visceribus

137 5469 257 5510 amo
283 5467 384 5507 vos
410 5470 424 5506 :
458 5465 522 5505 ac
546 5451 590 5504 si
621 5449 780 5512 dicat,
798 5447 1093 5502 visceribus
1113 5462 1218 5501 non
1247 5446 1595 5510 naturalibus,
1618 5443 1714 5499 sed

140 5548 201 5600 iis
230 5564 353 5616 quae
372 5545 686 5600 ardentiora
718 5551 865 5605 sunt,
898 5542 1172 5607 nimirum,
1195 5555 1313 5609 qua:
1338 5538 1539 5593 Christi
1567 5548 1710 5592 sunt.

140 5636 432 5701 Quomodo,
461 5635 654 5705 inquit,
680 5649 763 5686 vos
788 5648 955 5686 omnes
980 5633 1201 5703 cupiam.
1223 5631 1422 5685 Omnes
1445 5627 1712 5696 desidero,

140 5730 393 5798 quoniam
424 5737 479 5784 et
510 5740 698 5781 omnes
727 5724 859 5778 tales
887 5723 1037 5779 estis.
1074 5722 1285 5777 Modum
1313 5737 1441 5794 ergo
1466 5720 1715 5778 desiderii

140 5836 243 5874 non
276 5834 499 5890 possum
526 5815 782 5886 consequi
807 5815 1046 5870 oratione
1074 5831 1087 5867 :
1120 5829 1226 5869 non
1250 5814 1391 5870 enim
1418 5816 1594 5872 verbis
1617 5832 1714 5873 ex-

139 5898 305 5979 primi
330 5919 548 5979 potest:
582 5911 810 5974 ideoquc
851 5906 961 5963 Deo
990 5905 1416 5977 cognoscendum
1469 5910 1714 5981 relinquo

1820 3351 2119 3417 penetranti
2148 3350 2332 3407 corda.
2359 3352 2511 3420 Quod
2546 3352 2591 3408 si
2624 3352 2729 3410 illis
2756 3367 3143 3426 assentaretur,
3174 3363 3395 3419 minime

1818 3436 1983 3491 Deum
2014 3439 2232 3495 citasset
2278 3450 2466 3497 testem
2502 3460 2515 3495 :
2550 3459 2656 3498 non
2686 3445 2828 3500 enim
2877 3447 2931 3502 id
2964 3458 3132 3504 tututn
3170 3461 3273 3506 est.
3324 3452 3395 3507 Et

1811 3526 1938 3591 hoc,
1990 3528 2179 3597 inquit,
2223 3547 2334 3598 oro,
2385 3541 2440 3584 ut
2483 3534 2670 3588 caritas
2699 3548 2863 3589 vestra
2895 3540 3100 3609 magis,
3128 3557 3188 3593 ac
3232 3544 3393 3613 magis

1810 3618 2049 3672 abundet.
2106 3620 2305 3684 flecte;
2360 3622 2658 3681 insatiabile
2699 3627 2841 3680 enim
2887 3638 2971 3684 est
3013 3630 3212 3687 bonum
3268 3632 3389 3690 hoc.

1814 3708 1949 3763 Vide
2004 3714 2293 3782 quomodo,
2326 3730 2448 3770 cum
2492 3716 2628 3772 adeo
2681 3728 2975 3790 amaretur,
3008 3722 3184 3778 adhuc
3225 3729 3394 3797 magis

1810 3803 1975 3854 amari
2004 3803 2270 3870 cupiebat.
2293 3805 2390 3873 Qui
2410 3807 2552 3861 enim
2582 3807 2683 3863 hoc
2699 3810 2859 3865 modo
2891 3822 3056 3878 amat,
3091 3830 3210 3870 eum
3233 3832 3393 3886 quem

1811 3900 1956 3944 amat
1973 3891 2039 3945 ita
2061 3893 2159 3947 sibi
2184 3895 2510 3965 respondere
2526 3898 2657 3961 vult,
2678 3900 2803 3954 utin
2830 3902 2979 3956 nullo
3003 3905 3201 3960 amoris
3224 3907 3392 3977 gradu

1813 3984 2112 4040 consistere
2138 3987 2370 4056 patiatur
2398 4005 2410 4041 :
2440 3989 2621 4045 nullus
2650 3992 2794 4045 enim
2822 4000 2905 4046 est
2932 3992 3090 4064 hujus
3115 3995 3239 4051 boni
3281 4014 3397 4051 mo-

1811 4074 1932 4130 dus.
1968 4075 2169 4132 ldcirco
2200 4078 2394 4134 Paulus
2428 4080 2477 4135 id
2506 4097 2721 4153 semper
2744 4084 2926 4140 deberi
2955 4088 3069 4141 vult
3115 4106 3127 4141 :
3163 4088 3392 4154 Nemini,

1814 4164 2020 4236 inquit,
2073 4170 2344 4239 quidquam
2387 4174 2606 4229 debeatis
2654 4177 2754 4229 nisi
2805 4186 2859 4230 ut
2911 4180 3123 4233 inuicem
3167 4183 3395 4254 diligatis

1814 4258 1991 4327 (Rom.
2028 4261 2114 4314 l5.
2142 4261 2219 4329 8).
2256 4262 2442 4317 Modus
2481 4272 2535 4319 et
2571 4281 2817 4319 mensura
2858 4270 3095 4324 caritatis
3132 4282 3233 4338 est,
3261 4290 3393 4329 nus-

1813 4365 1971 4419 quam
2021 4354 2357 4409 consisterc:
2392 4354 2459 4411 Ut
2505 4358 2693 4412 caritas
2733 4370 2932 4425 uestra,
2984 4362 3168 4431 inquit,
3228 4366 3394 4418 adhuc

1813 4442 1977 4511 magis
2030 4460 2090 4495 ac
2118 4446 2279 4514 magis
2305 4446 2545 4501 abundet.
2576 4448 2806 4504 Attende
2846 4452 3129 4506 verborum
3158 4454 3391 4525 disposi-

1814 4532 2013 4587 tionem
2045 4549 2059 4586 :
2096 4534 2163 4588 Ut
2191 4536 2359 4589 adhuc
2384 4539 2566 4608 magis,
2590 4539 2781 4609 inquit,
2814 4556 2874 4594 ac
2901 4543 3061 4613 magis
3095 4544 3314 4600 abundet
3338 4548 3392 4602 in

1812 4623 2018 4679 scientia
2047 4634 2093 4679 et
2113 4627 2249 4679 omni
2272 4644 2442 4681 sensu.
2496 4628 2611 4683 Non
2645 4630 2892 4687 universe
2930 4637 3174 4704 quamvis
3201 4639 3394 4692 carita-

1814 4722 1921 4770 tem
1946 4716 2256 4784 admiratur,
2285 4718 2379 4773 sed
2405 4735 2522 4774 eam
2550 4738 2667 4791 qua?
2693 4738 2760 4778 ex
2777 4724 2999 4779 scientia
3013 4728 3386 4796 proﬁciscitur;

1815 4806 1868 4861 id
1898 4816 2000 4871 est,
2030 4819 2088 4862 ut
2117 4824 2221 4864 non
2251 4824 2376 4880 erga
2403 4827 2593 4867 omnes
2633 4813 2874 4870 eamdem
2908 4820 3185 4873 caritatem
3237 4821 3392 4875 adhi-

1813 4896 1985 4953 beatis
2011 4916 2025 4951 :
2053 4897 2104 4952 id
2135 4899 2278 4953 enim
2300 4901 2519 4957 minime
2544 4905 2780 4959 caritatis
2804 4916 2905 4974 est,
2937 4908 3030 4963 sed
3054 4910 3382 4967 insulsitatis.

1812 4990 1951 5057 Quid
1981 5000 2098 5056 est,
2124 4990 2193 5045 In
2244 4994 2493 5049 scientia?
2520 4995 2772 5053 Adhibito
2795 4999 3021 5067 judicio,
3050 5004 3275 5072 cogitata
3302 5020 3389 5059 ra-

1814 5084 1980 5149 tione,
2008 5082 2217 5138 delectu
2239 5084 2465 5154 quodam
2488 5102 2550 5142 ac
2578 5103 2757 5143 sensu.
2781 5089 2895 5144 Non
2918 5093 3060 5146 enim
3084 5093 3275 5149 desunt
3295 5096 3386 5165 qui

1814 5173 2115 5228 inconsulto
2138 5188 2201 5228 ac
2227 5181 2430 5230 temere
2454 5186 2635 5231 ament
2658 5195 2671 5231 :
2700 5193 2766 5233 ex
2791 5194 2898 5249 quo
2919 5181 3078 5236 etiam
3108 5182 3183 5248 ﬁt,
3206 5193 3261 5237 ut
3291 5182 3391 5238 hu-
3440 5246 3447 5259 ,

1812 5262 2046 5333 jusmodi
2075 5265 2320 5320 amicitia:
2345 5282 2532 5336 parum
2561 5269 2768 5324 roboris
2786 5270 3037 5325 habeant.
3066 5271 3133 5326 In
3155 5275 3384 5343 scientia,

1814 5354 2005 5423 inquit,
2035 5364 2081 5409 et
2099 5356 2237 5409 omni
2263 5374 2439 5425 sensu,
2464 5368 2519 5411 ut
2540 5361 2755 5429 probetis
2782 5362 2980 5431 potiora
3009 5378 3027 5417 :
3050 5363 3101 5417 id
3126 5373 3234 5434 est,
3265 5382 3385 5435 qua:

1816 5448 1961 5502 utilia
1986 5458 2131 5504 sunt.
2161 5449 2275 5505 Non
2296 5467 2439 5519 mea,
2465 5453 2654 5522 inquit,
2682 5455 2777 5509 sed
2799 5464 2976 5512 vestra
3002 5457 3237 5527 ipsorum
3262 5474 3389 5514 cauo

1815 5553 1873 5594 sa
1905 5539 2021 5595 hac
2046 5541 2167 5595 dico
2196 5558 2210 5595 :
2239 5543 2532 5611 periculum
2566 5544 2708 5599 enim
2734 5554 2816 5601 est
2845 5563 2913 5603 ne
2935 5548 3054 5618 quis
3081 5550 3150 5605 ab
3179 5550 3391 5606 lucreti-

1815 5646 1999 5687 corum
2020 5648 2203 5689 amore
2226 5645 2617 5707 corrumpatur.
2646 5637 2759 5695 Hoc
2782 5642 2924 5695 enim
2949 5650 3118 5697 totum
3145 5644 3385 5699 subindi~

1814 5732 1922 5790 cat,
1952 5723 2076 5778 dum
2106 5725 2175 5778 ita
2217 5725 2473 5795 loquitur.
2539 5727 2666 5783 Vide
2718 5739 2893 5785 autem
2923 5731 3194 5802 quomodo
3245 5734 3384 5791 istud

1815 5815 2017 5887 injicit:
2047 5816 2161 5872 Non
2192 5833 2330 5884 mea,
2359 5818 2549 5890 inquit,
2582 5836 2741 5876 causa
2769 5823 2957 5879 isthzec
2980 5825 3119 5889 dico,
3150 5827 3241 5880 sed
3262 5870 3277 5895 ,
3313 5827 3381 5881 m

1816 5912 1925 5966 sitis
1966 5912 2165 5972 sinceri,
2196 5913 2244 5969 id
2272 5922 2372 5977 est,
2395 5927 2461 5968 ne
2487 5914 2722 5979 Spurium
2774 5918 2984 5989 aliquod
3015 5918 3202 5989 dogma
3248 5937 3381 5990 pra:-
