3878 6514
632 484 721 540 191

634 614 783 657 textu
796 601 1031 655 raritatis
1050 599 1362 653 admittatis.
1375 600 1615 665 Quaires,
1628 596 1897 669 quomodo
1919 593 2077 666 igitur
2096 585 2227 646 alibi

596 730 602 746 .
632 694 785 759 dixit,
812 693 873 748 Si
893 693 1003 761 ﬁeri
1028 700 1208 761 potest,
1230 708 1343 744 eum
1364 691 1592 746 omnibus
1618 689 1899 744 hominibus
1922 702 2095 758 pacem
2115 685 2209 737 ha-

634 784 740 836 bete
768 784 943 853 (Rom.
975 782 1061 836 l2.
1089 781 1222 850 18)?
1247 781 1364 836 Non
1390 796 1518 836 sane
1547 780 1649 835 hoc
1672 780 1894 844 docens,
1941 779 2012 832 ita
2054 776 2209 831 vobis

634 874 921 928 antandum
948 887 1089 937 esse,
1131 882 1190 926 ut
1213 887 1279 927 ex
1313 873 1543 926 amicitia
1571 872 1824 926 damnum
1878 869 2163 939 reperietis
2191 883 2205 921 :

638 979 759 1017 nam
787 963 850 1019 Si
878 963 1053 1017 oculus
1088 971 1203 1017 tuus
1225 962 1398 1017 dexter
1418 962 1731 1017 scandalizat
1761 972 1828 1026 te,
1876 961 2065 1030 inquit,
2094 974 2211 1012 erue

631 1070 768 1119 eum,
800 1063 847 1107 et
869 1055 1059 1124 projice
1082 1052 1171 1107 abs
1193 1064 1239 1107 te
1264 1052 1475 1124 (Matth.
1504 1054 1557 1107 5.
1581 1053 1675 1122 29)
1700 1069 1713 1105 :
1740 1051 1834 1106 sed
1862 1050 1991 1105 illud
2014 1050 2214 1104 facien-

629 1145 756 1199 dum
782 1161 902 1200 esse
928 1186 943 1211 ,
981 1144 1048 1201 Ut
1078 1146 1188 1200 sitis
1207 1187 1222 1214 ,
1254 1145 1396 1214 quod
1423 1144 1638 1215 quidem
1665 1143 1732 1198 ad
1762 1144 1928 1198 Deum
1957 1141 2206 1213 pertinet,

630 1239 812 1293 sinceri
831 1279 847 1303 ,
880 1238 1021 1309 quod
1050 1253 1179 1293 vero
1208 1236 1276 1292 ad
1304 1238 1547 1292 homines
1567 1278 1583 1301 ,
1624 1237 1731 1291 sine
1759 1235 1956 1301 oﬂ‘ensa
1978 1250 1997 1288 :
2027 1234 2211 1289 multis

573 1379 581 1387 .
632 1333 775 1387 enim
802 1348 946 1403 saepe
967 1331 1215 1387 amicitiae
1241 1338 1455 1386 nocent.
1488 1329 1621 1384 Nam
1642 1330 1740 1384 etsi
1763 1329 1857 1384 tibi
1885 1328 2013 1382 nihil
2030 1335 2209 1394 nocet,

633 1426 827 1496 inquit,
857 1435 1089 1480 attamen
1112 1426 1247 1479 alius
1266 1424 1467 1479 interea
1484 1422 1791 1478 offenditur.
1811 1419 1877 1475 In
1902 1420 2035 1473 diem
2058 1419 2210 1474 Chri-

631 1519 730 1578 sti;
761 1517 813 1572 id
837 1527 938 1584 est,
971 1527 1029 1571 ut
1058 1528 1183 1571 tunc
1212 1516 1554 1585 reperiamini
1584 1515 1699 1584 puri
1727 1556 1741 1577 ,
1773 1515 1970 1584 quippe
2000 1514 2090 1583 qui
2118 1527 2213 1567 ne-

632 1609 765 1664 mini
795 1609 1050 1664 seandalo
1080 1608 1330 1673 fueritis;
1379 1608 1557 1678 repleti
1598 1607 1840 1678 fructibus
1874 1606 2093 1676 justitia:
2122 1620 2213 1674 per

632 1699 813 1755 Jesum
842 1701 1116 1767 Christum,
1138 1702 1191 1754 in
1213 1701 1426 1771 gloriam
1447 1709 1493 1753 et
1518 1699 1721 1752 laudem
1749 1698 1876 1764 Dei;
1903 1698 1952 1752 id
1975 1706 2078 1763 est,
2108 1710 2212 1750 una

634 1810 756 1849 cum
790 1794 1127 1865 dogmatibus
1157 1794 1318 1847 vitam
1356 1807 1568 1863 quoque
1586 1804 1784 1845 rectam
1806 1790 2081 1845 habentes.
2102 1787 2214 1843 Nec

634 1887 1134 1956 quomodocumque
1156 1894 1357 1940 rectam
1387 1899 1507 1940 esse
1529 1885 1659 1938 satis
1673 1891 1778 1947 est,
1808 1882 1900 1937 sed
1920 1882 2213 1937 confertam

636 1981 898 2036 fructibus
944 1979 1205 2049 iustitiae;
1238 1987 1321 2032 est
1365 1978 1510 2032 enim
1554 1976 1796 2047 quaedam
1842 1976 2064 2045 justitia,
2094 1989 2215 2045 quas

636 2088 745 2129 non
774 2072 1064 2127 secundum
1091 2070 1362 2125 Christum
1404 2078 1506 2131 est,
1532 2077 1590 2121 ut
1626 2068 1732 2122 vita
1758 2067 1869 2132 illa,
1902 2081 2021 2135 quae
2051 2065 2218 2119 virtu-

640 2175 748 2222 tem
773 2164 1153 2236 quoquomodo
1182 2163 1340 2226 colit;
1369 2162 1463 2217 sed
1500 2160 1602 2215 Per
1627 2160 1802 2214 Jesum
1830 2160 2104 2223 Christum,
2130 2158 2216 2213 in-

638 2259 773 2330 quit,
796 2260 849 2312 in
875 2258 1091 2329 gloriam
1120 2266 1167 2310 et
1187 2255 1390 2309 laudem
1414 2254 1526 2308 Dei.
1560 2253 1723 2309 Vides
1749 2269 1835 2308 me
1862 2268 1967 2307 non
1992 2251 2217 2323 gloriam

639 2365 814 2405 meam
837 2363 1049 2413 curare,
1079 2347 1174 2403 sed
1202 2347 1426 2416 gloriam
1451 2346 1577 2400 Dei?
1606 2345 1760 2415 Sche
1776 2353 1954 2399 autem
1987 2345 2219 2399 eleemo-

638 2457 826 2514 synam
867 2440 1087 2511 justitiae
1118 2439 1330 2494 nomine
1358 2437 1607 2508 appellat.
1653 2436 1751 2503 Ne,
1782 2436 1974 2506 inquit,
2021 2435 2221 2491 ofticiat

638 2537 793 2592 vobis
817 2536 1035 2601 caritas,
1066 2534 1350 2604 quominus
1380 2534 1715 2601 cognoscatis
1739 2545 1860 2600 quae
1890 2528 1946 2584 in
1975 2544 2089 2584 rem
2128 2543 2223 2584 ve-

640 2638 805 2684 stram
838 2636 995 2691 sunt;
1024 2641 1123 2682 nec
1148 2626 1398 2697 quoniam
1428 2625 1570 2680 hunc
1597 2624 1679 2679 vel
1717 2624 1866 2677 illum
1896 2637 2065 2689 amas,
2099 2637 2220 2691 pro-

642 2735 825 2795 pterea
873 2721 1178 2779 collabaris.
1220 2719 1392 2791 Cupio
1435 2718 1651 2792 quidem
1696 2726 1931 2775 vestram
1980 2730 2223 2775 crescere

644 2818 945 2882 caritatem,
974 2817 1068 2872 sed
1101 2831 1206 2870 non
1252 2815 1405 2881 adeo,
1455 2823 1513 2869 ut
1553 2815 1677 2870 inde
1723 2815 1975 2869 damnum
2007 2817 2219 2882 feratis;

646 2925 748 2964 nec
776 2912 961 2979 quavis
990 2916 1253 2977 praecepta
1284 2907 1451 2961 semel
1476 2907 1731 2977 opinione
1755 2920 1850 2959 vos
1895 2905 2103 2960 moveri
2133 2920 2224 2960 ve-

646 3002 763 3067 lim,
788 3000 881 3056 sed
909 3015 1028 3054 cum
1056 2998 1467 3069 perpenderitis,
1489 3007 1666 3052 utrum
1688 3012 1806 3067 quae
1831 2997 2057 3052 dicimus
2078 3006 2224 3052 recte

649 3107 711 3146 se
742 3090 990 3145 habeant.
1014 3089 1197 3161 Neque
1224 3089 1602 3154 dixit,Utmea
1633 3088 1976 3157 prteponatis.
2006 3086 2122 3154 sed,
2156 3085 2225 3142 Ut

653 3182 892 3252 probetis.
924 3180 1106 3251 Neque
1136 3179 1423 3251 perspicue
1458 3179 1612 3247 dixit,
1641 3179 1719 3235 Ne
1743 3194 1864 3234 cum
1896 3180 1997 3235 isto
2022 3180 2109 3234 vel
2133 3179 2226 3234 illo

651 3275 983 3330 familiariter
1010 3273 1327 3338 versemini;
1354 3271 1473 3339 sed,
1516 3272 1686 3327 Velim
1728 3272 1922 3328 caritas
1964 3271 2116 3327 vobis
2158 3270 2226 3327 ad

652 3370 937 3425 utilitatem
963 3366 1233 3438 proficiat;
1264 3367 1481 3422 minime
1504 3381 1630 3421 vero
1650 3365 1869 3436 perinde
1887 3366 2059 3421 allecti
2087 3366 2225 3432 sitis,

654 3475 719 3516 ac
742 3460 787 3515 si
813 3476 972 3516 sensu
989 3461 1233 3514 careatis.
1259 3458 1364 3513 Res
1379 3458 1519 3515 enim
1542 3459 1779 3513 stultitia:
1796 3458 2101 3529 plenissima
2122 3468 2225 3524 est,

649 3553 909 3625 justitiam
965 3552 1176 3621 operari
1219 3551 1375 3606 aliam
1420 3552 1490 3606 ob
1518 3567 1730 3607 causam
1756 3593 1771 3617 ,
1820 3568 1976 3621 quam
2010 3559 2229 3621 propter

650 3649 922 3704 Christum
967 3657 1019 3702 et
1048 3662 1144 3717 per
1171 3648 1369 3717 ipsum.
1401 3646 1541 3702 Ecce
1586 3662 1772 3701 rursus
1796 3646 1938 3701 illam
1980 3645 2230 3716 loquendi

652 3742 960 3805 formulam,
981 3738 1085 3794 Per
1114 3738 1310 3809 ipsum.
1341 3737 1474 3792 Num
1494 3737 1651 3807 igitur
1679 3752 1805 3792 usus
1825 3746 1908 3792 est
1938 3737 2064 3804 Deo,
2094 3746 2231 3791 tam-

654 3848 814 3902 quam
843 3831 1059 3895 famulo,
1090 3831 1181 3901 qui
1211 3830 1517 3884 inferiorem
1546 3830 1597 3884 in
1628 3829 1899 3900 operando
1931 3829 2102 3884 locum
2147 3838 2227 3885 te-

656 3919 858 3978 nebat?
885 3922 1058 3976 Absit.
1084 3922 1259 3991 lnquit
1300 3923 1481 3991 igitur,
1527 3920 1644 3976 Non
1688 3931 1744 3975 ut
1772 3936 1871 3991 ego
1899 3920 2105 3987 lauder,
2158 3922 2229 3977 ita

655 4015 906 4085 loquutus
926 4028 1065 4081 sum,
1094 4013 1191 4069 sed
1214 4022 1271 4068 ut
1298 4013 1625 4085 gloriﬁcetur
1653 4013 1815 4068 Deus.
1846 4013 1932 4069 12.
1973 4013 2119 4069 Scire
2141 4028 2234 4067 au-

660 4117 760 4161 tem
784 4122 870 4163 vos
890 4107 1025 4175 volo,
1054 4110 1259 4179 fratres,
1289 4107 1409 4177 quia
1434 4123 1550 4178 quia
1591 4108 1726 4163 circa
1768 4125 1847 4163 me
1889 4119 2042 4176 sunt,
2070 4110 2233 4181 magis

661 4203 732 4256 ad
757 4205 1036 4274 profectum
1066 4210 1304 4256 venerunt
1328 4201 1593 4273 evangelii,
1625 4202 1713 4257 13.
1737 4202 1808 4255 ita
1828 4211 1883 4255 ut
1904 4201 2103 4255 vincula
2122 4218 2233 4258 mea

663 4294 932 4365 manifesta
952 4293 1131 4363 ﬁerent
1155 4292 1211 4346 in
1230 4290 1429 4348 Christo
1450 4292 1503 4347 in
1529 4293 1667 4346 omni
1695 4293 1955 4362 prwtorio,
1983 4300 2029 4347 et
2058 4294 2111 4347 in
2135 4309 2234 4348 σω·
2276 4301 2284 4308 ’

655 4388 773 4442 teris
801 4387 1052 4442 omnibus.

729 4480 785 4534 2.
810 4479 1109 4536 Verisimile
1134 4487 1251 4535 erat
1287 4478 1427 4546 illos,
1457 4493 1579 4535 cum
1614 4493 1739 4534 eum
1772 4477 1826 4533 in
1855 4478 2080 4533 vinculis
2111 4492 2234 4534 esse

658 4573 968 4638 audissent,
1001 4571 1218 4637 dolere,
1250 4581 1544 4643 putareque
1571 4572 1895 4626 obstructam
1934 4584 2056 4626 esse
2094 4572 2234 4625 viam

661 4664 1047 4734 praedicationi.
1072 4663 1208 4731 Quid
1233 4664 1393 4733 igitur
1414 4664 1579 4720 facit?
1600 4664 1788 4719 Statim
1810 4663 1949 4719 bane
1972 4663 2234 4734 suspicio-

663 4773 789 4812 nem
820 4757 990 4821 tollit,
1024 4766 1186 4826 atque
1218 4756 1291 4811 ita
1333 4756 1506 4826 inquit
1536 4774 1550 4809 :
1587 4755 1668 4809 Ea
1692 4771 1807 4824 qua:
1832 4756 1968 4810 circa
1994 4773 2074 4809 me
2118 4764 2236 4809 sunt

666 4850 826 4920 magis
854 4850 921 4902 ad
958 4851 1238 4919 profectum
1267 4858 1504 4903 venerunt
1532 4851 1794 4920 evangelii.
1840 4850 1936 4905 Est
1974 4861 2151 4905 autem
2180 4858 2235 4904 et

664 4942 769 4998 hoc
793 4943 1041 5009 amantis,
1064 4957 1188 4996 suas
1212 4942 1315 4995 illis
1353 4957 1441 4997 res
1474 4942 1805 5011 patefacere,
1836 4952 2017 5013 utpote
2042 4942 2234 5013 quibus

596 5030 601 5035 ’
662 5052 806 5091 cura:
835 5036 963 5089 sint.
998 5034 1135 5101 Quid
1178 5036 1297 5090 ais?
1326 5036 1378 5089 in
1406 5036 1628 5091 vinculis
1664 5051 1723 5091 es
1745 5078 1761 5103 ,
1804 5036 2087 5106 impeditus
2123 5050 2183 5091 es
2215 5053 2229 5089 :

657 5146 829 5201 ecquo
858 5128 1017 5200 igitur
1044 5127 1206 5183 modo
1239 5128 1572 5197 evangelium
1609 5127 1779 5197 ipsum
1807 5143 2122 5198 progressus
2151 5128 2232 5182 fa-

658 5223 769 5279 cit?
799 5221 868 5277 Ut
887 5220 1087 5276 vincula
1104 5237 1235 5288 mea,
1265 5221 1455 5290 inquit,
1472 5220 1741 5290 manifesta
1762 5221 1958 5290 fierent,
1980 5236 2092 5289 qua:
2115 5231 2233 5274 sunt

651 5318 708 5371 in
737 5314 960 5381 Christo,
991 5316 1046 5369 in
1073 5316 1212 5368 onmi
1237 5315 1497 5385 praetorio.
1525 5313 1581 5369 ld
1611 5329 1720 5369 non
1746 5314 1907 5369 modo
1926 5314 2045 5369 aliis
2071 5314 2231 5371 silen-

654 5411 786 5465 tium
805 5425 909 5464 non
935 5408 1208 5479 imposuit,
1231 5408 1665 5478 nequetimorem
1690 5409 1931 5473 incussit,
1955 5408 2049 5464 sed
2069 5409 2229 5464 etiam

658 5501 760 5557 hoc
800 5502 916 5572 ipso
942 5500 1252 5556 ﬁdentiores
1286 5510 1411 5555 sunt
1438 5499 1584 5555 facti.
1624 5500 1778 5568 Quod
1818 5501 1863 5556 si
1894 5500 1992 5567 illi,
2042 5502 2130 5571 qui
2175 5502 2230 5557 in

658 5594 848 5649 mediis
893 5593 1147 5664 periculis
1184 5602 1485 5657 versantur,
1518 5608 1623 5648 non
1673 5594 1845 5648 solum
1877 5594 2008 5649 nihil
2050 5594 2228 5650 damni

659 5688 928 5753 tulerunt,
958 5686 1052 5741 sed
1095 5687 1256 5742 etiam
1286 5687 1405 5756 plus
1434 5687 1599 5741 animi
1636 5702 1701 5743 ac
1739 5688 1968 5744 lidentire
1988 5704 2228 5760 sumpse-

655 5789 824 5833 runt:
858 5780 1023 5835 multo
1066 5782 1233 5850 magis
1276 5795 1375 5835 vos
1415 5780 1589 5836 ﬁdatis
1623 5790 1850 5851 oportet.
1892 5773 2023 5837 Nam
2058 5783 2103 5838 si
2142 5783 2230 5840 ille

656 5871 893 5940 quidem,
921 5874 1010 5942 qui
1048 5874 1255 5927 vinctus
1280 5882 1384 5939 est,
1418 5873 1469 5928 id
1498 5874 1726 5930 miseriae
1768 5875 1885 5931 loco
1910 5875 2119 5933 tulisset
2150 5888 2228 5932 ‘ac

660 5963 929 6034 tacuisset,
955 5972 1369 6023 consentaneum
1391 5976 1504 6024 erat
1525 5965 1643 6028 illos
1665 5967 1850 6033 eodem
1869 5969 2025 6030 modo
2047 5970 2185 6029 affici
2207 5989 2222 6029 :

1297 482 1353 538 S.
1390 479 1666 538 JOANNIS
1701 474 2165 536 CHRYSOSTOHI
2202 471 2518 534 ARCHIEP.
2556 480 3084 546 CONSTANTINOP.

3713 520 3765 579 l'i.’

2334 607 2474 691 nunc
2499 609 2769 691 verogcum
2794 600 2838 656 is
2872 605 3069 674 quiest
3096 607 3147 661 in
3180 611 3429 681 vinculis,
3472 619 3648 685 liberius
3684 635 3767 691 eti.

2316 682 2532 790 dentius
2556 689 2695 759 agit,
2739 692 2894 761 longe
2920 698 3088 767 magis
3115 701 3349 759 animum
3394 706 3490 763 illis
3510 682 3651 786 addit,

2315 777 2361 831 si
2384 777 2595 836 vinctus
2624 799 2730 838 non
2754 798 2917 842 esset.
2970 789 3079 845 Sed
3114 796 3380 863 quomodo
3406 800 3587 861 vincula

2313 885 2552 967 gressum
2577 878 2839 945 evangelii
2881 879 3133 936 fuerunt?
3170 885 3318 954 Hoc,
3346 889 3534 961 inquit,
3556 878 3772 967 gubernant

2314 960 2479 1026 Deus,
2511 972 2567 1017 ut
2612 981 2687 1053 ne
2716 967 2945 1024 laterent
2983 988 3101 1027 mea
3128 975 3358 1046 vincula,
3386 960 3497 1049 qua:
3524 960 3583 1040 in
3604 960 3745 1053 Chrisio

2312 1067 2432 1146 qua:
2460 1067 2557 1122 per
2592 1052 2863 1113 Christum
2888 1101 2904 1127 ,
2951 1061 3017 1116 In
3063 1067 3202 1119 omni
3247 1044 3493 1137 praetorio.
3532 1044 3767 1146 Tunc-eiii;

2316 1143 2418 1239 hoc
2450 1147 2679 1239 nomine
2721 1153 2897 1221 regias
2935 1158 3297 1225 appellabant.
3329 1161 3503 1235 Neque
3541 1185 3643 1228 vero
3666 1143 3768 1239 solui

2314 1235 2518 1329 inquit,
2547 1239 2615 1294 In
2646 1245 2919 1312 prtetorio,
2951 1247 3047 1303 sed
3076 1250 3261 1319 etiam,
3292 1253 3351 1309 ιη
3379 1257 3599 1317 universa
3623 1235 3765 1329 αἰτίυᾷ

2316 1328 2403 1383 14.
2437 1328 2505 1383 Et
2526 1331 2697 1401 plures
2726 1350 2753 1387 e
2783 1335 3026 1405 fratribus
3046 1340 3101 1395 in
3127 1340 3351 1399 Domino
3370 1352 3637 1418 conﬁdentes
3654 1361 3690 1413 in

2314 1421 2442 1474 culis
2487 1424 2648 1490 meis,
2700 1425 3041 1485 abundantius
3081 1434 3325 1490 auderent
3347 1439 3453 1495 sine
3488 1444 3634 1502 timore
3653 1460 3769 1509 eam

2314 1515 2470 1583 loqui.
2541 1516 2632 1572 llis
2680 1520 2857 1576 verbis
2909 1524 3147 1580 ostendit
3200 1536 3256 1583 et
3298 1540 3452 1587 antea
3497 1534 3677 1595 fidenter
3706 1547 3768 1602 illo;

2314 1609 2488 1679 egisse
2529 1626 2593 1667 ac
2634 1612 2800 1670 libere
2827 1616 3147 1676 disseruisse
3165 1662 3180 1686 ,
3213 1622 3308 1678 sed
3338 1640 3477 1681 nunc
3501 1632 3639 1686 multo
3661 1640 3765 1707 magis,

2316 1701 2495 1795 Ergo,
2538 1703 2583 1759 si
2631 1705 2720 1759 alii
2748 1717 2969 1778 prepter
2998 1725 3118 1765 mea
3164 1712 3377 1769 vincula
3425 1717 3622 1775 fidenter
3656 1701 3767 1795 agon,

2316 1793 2485 1847 multo
2510 1796 2678 1865 magis
2705 1811 2842 1866 ego;
2872 1798 2917 1853 si
2949 1800 3067 1855 aliis
3097 1801 3333 1858 fidentia:
3358 1820 3511 1861 causa
3544 1824 3655 1876 sum.
3676 1793 3768 1873 multo

2317 1884 2488 1953 magis
2518 1884 2647 1939 mihi
2672 1886 2792 1956 ipsi.
2823 1887 2890 1941 Et
2911 1890 3081 1960 plures
3103 1909 3129 1946 e
3154 1893 3397 1962 fratribus
3422 1897 3473 1952 in
3494 1897 3769 1973 Domino.0w~

2318 1977 2460 2031 niam
2489 1993 2736 2048 magnum
2778 1980 2925 2035 dictu
2953 1994 3089 2048 erat,
3138 2002 3255 2041 mea
3283 1989 3391 2043 illis
3418 1991 3603 2048 vincula
3632 2000 3770 2056 annm

2318 2068 2617 2135 addidisse;
2641 2082 2922 2142 propterea
2951 2091 3221 2146 occupans
3249 2079 3406 2149 dixit,
3437 2081 3501 2137 In
3524 2084 3706 2143 Domino.
3726 2092 3771 2146 li-

2320 2161 2415 2218 des
2441 2165 2761 2220 necessitate
2806 2170 2969 2222 etiam
3016 2169 3115 2239 ipsi
3143 2171 3391 2238 imposita
3434 2178 3671 2246 magniﬁce
3687 2181 3771 2239 dese

2321 2253 2614 2324 loquendi,
2640 2272 2799 2326 quam
2847 2266 3023 2314 tamen
3069 2262 3350 2319 modestiae
3379 2281 3482 2320 non
3508 2268 3773 2327 obliviscatur!

2322 2345 2677 2401 Abundantius
2705 2350 2969 2416 auderent,
3003 2353 3192 2423 inquit,
3237 2356 3348 2411 sine
3372 2359 3541 2414 timore
3575 2362 3771 2418 rubente

2318 2439 2427 2509 qui.
2452 2437 2587 2492 Dum
2614 2439 2804 2510 inquit,
2833 2442 3205 2512 Abundantius,
3227 2448 3359 2501 satis
3388 2448 3588 2512 indicat.
3607 2453 3692 2507 illos
3701 2457 3773 2521 jam-

2323 2527 2527 2597 pridem
2557 2531 2804 2598 cepisse.
2837 2533 2926 2589 15.
2959 2535 3176 2599 Quidam
3199 2538 3401 2606 quidem
3428 2552 3612 2610 propter
3633 2544 3773 2599 invidia

2324 2628 2373 2673 et
2400 2621 2784 2687 contentionem,
2812 2624 3020 2694 quidam
3062 2642 3177 2681 vero
3205 2636 3253 2681 et
3280 2640 3487 2700 prepter
3510 2632 3660 2687 bonam
3678 2636 3773 2687 baln-

2326 2718 2479 2764 tatem
2539 2711 2791 2767 Christum
2839 2716 3135 2785 prtedicant.
3201 2718 3394 2789 Opera:
3451 2724 3646 2792 pretium
3693 2727 3774 2782 fuel

2331 2814 2674 2871 cognoscere,
2705 2804 2831 2873 quid
2862 2806 2964 2861 hoc
3006 2809 3095 2862 sit.
3125 2807 3257 2864 Cum
3301 2810 3356 2865 in
3384 2814 3597 2869 vinculis
3616 2816 3775 2871 detinet:-

2327 2904 2414 2951 tur
2436 2893 2652 2967 Paulus,
2680 2897 2830 2951 multi
2865 2913 2931 2954 ex
2957 2900 3260 2957 inﬁdelibus
3288 2907 3562 2975 cupientes
3596 2924 3687 2965 acre
3718 2912 3773 2964 id

2328 2989 2438 3043 lum
2495 2991 2562 3046 ab
2614 2992 2943 3061 imperatore
2995 2992 3251 3049 adversus
3297 2996 3449 3051 illum
3479 3000 3695 3066 excitare,
3730 3004 3775 3070 ipsi

2326 3095 2538 3151 quoque
2564 3081 2835 3139 Christum
2887 3085 3292 3159 praedicabant,
3345 3098 3405 3143 ut
3440 3089 3714 3161 Imperatoris
3741 3096 3775 3146 in

2327 3174 2694 3232 vehementior
2730 3176 2922 3245 ﬂeret,
2962 3180 3300 3239 disseminari
3346 3186 3653 3258 evangelium
3684 3188 3776 3239 anan-

2329 3265 2675 3336 advertentis,
2706 3278 2763 3325 et
2805 3272 2859 3326 in
2894 3272 3047 3328 Pauli
3090 3287 3278 3345 eaput,
3311 3278 3560 3349 quidquid
3582 3279 3651 3333 ille
3672 3280 3777 3333 iuraras

2328 3360 2683 3428 concepisset,
2710 3361 2997 3419 recideret.
3021 3364 3203 3437 Itaque
3224 3367 3347 3424 duae
3369 3371 3552 3441 agendi
3572 3375 3736 3427 rationes
3746 3386 3778 3425 τι

2329 3450 2556 3505 vinculis
2584 3450 2756 3518 Pauli,
2792 3463 3060 3526 tamquam
3099 3473 3166 3513 ex
3196 3474 3361 3515 causa
3391 3464 3673 3517 exstiterunt
3693 3481 3701 3514 :
3720 3464 3780 3515 diu

2330 3542 2473 3596 enim
2518 3542 2607 3597 illa
2637 3544 2863 3600 multum
2909 3549 3074 3603 animi
3120 3550 3481 3621 addiderunt;
3510 3556 3624 3610 alios
3648 3570 3733 3609 vero
3758 3556 3781 3607 in

2331 3646 2479 3702 spem
2505 3635 2755 3703 perniciei
2777 3652 2910 3692 mea:
2930 3638 3245 3696 adducendo
3260 3643 3325 3697 ad
3347 3643 3691 3713 przedicandum
3704 3642 3783 3697 Chri-

2331 3737 2472 3783 stum
2501 3729 2810 3786 invitarunt.
2841 3732 3060 3798 Quidam
3086 3735 3288 3805 quidem
3306 3748 3515 3809 propter
3547 3736 3783 3799 intidiauiﬁl

2332 3828 2450 3888 est,
2479 3837 2613 3878 mete
2645 3823 2942 3880 invidentes
2967 3825 3151 3895 gloriae
3180 3836 3233 3881 et
3259 3829 3530 3897 praeclaris
3553 3829 3696 3895 initiis,
3725 3842 3783 3879 ne-

2332 3930 2439 3986 que
2459 3916 2724 3987 perditum
2745 3918 3040 3988 cupientes,
3063 3934 3383 3991 mecumque
3421 3932 3690 3993 pugnantes,
3708 3920 3785 3987 adju-

2334 4017 2461 4065 vant
2501 4024 2566 4065 ac
2592 4010 2893 4081 provehunt
2920 4012 3159 4068 actiones
3200 4028 3387 4079 meas;
3419 4015 3503 4069 vel
3544 4014 3629 4084 ipsi
3664 4026 3784 4083 quoqu

2335 4102 2554 4160 honoris
2580 4104 2868 4174 cupiditate
2894 4105 3059 4172 ducti,
3086 4120 3149 4160 ac
3190 4115 3441 4176 putantes
3480 4108 3586 4163 fore
3615 4113 3659 4159 ut
3677 4101 3784 4172 aliqui

2334 4199 2403 4255 de
2426 4214 2543 4254 mea
2573 4198 2739 4268 gloria
2767 4198 3076 4269 decerpant.
3122 4199 3341 4266 Quidam
3369 4217 3485 4255 vero
3512 4209 3557 4255 et
3585 4196 3785 4271 ρτορισὲρε

2334 4307 2452 4344 nam
2480 4291 2821 4356 voluntatem;
2850 4290 2902 4345 id
2929 4299 3032 4357 est,
3054 4291 3172 4346 sine
3196 4291 3555 4358 simulatione,
3589 4290 3784 4361 penitusque

2336 4397 2403 4436 ex
2433 4383 2633 4436 animo.
2677 4380 2764 4436 16.
2822 4380 3044 4448 Quidam
3075 4381 3277 4452 quidem
3314 4399 3379 4436 ea:
3419 4377 3783 4437 contentionem

2335 4485 2468 4529 stum
2491 4474 2790 4529 annuntiant
2817 4491 2918 4528 non
2944 4476 3175 4539 sincere;
3200 4474 3253 4530 id
3280 4483 3365 4530 est
3381 4517 3398 4542 ,
3447 4490 3548 4531 non
3569 4488 3673 4545 pure
3697 4481 3779 4539 atqu

2338 4568 2578 4637 integre,
2624 4580 2728 4620 non
2757 4576 2978 4635 propter
3018 4581 3133 4621 rem
3162 4567 3355 4636 ipsam,
3407 4568 3503 4623 sed
3538 4562 3781 4622 cui-ruis

2337 4667 2527 4713 mentes
2554 4674 2839 4729 pressuram
2859 4658 3101 4712 suscitare
3124 4658 3338 4714 vinculis
3362 4659 3504 4714 meis.
3529 4657 3783 4713 Existimas

2338 4751 2478 4804 enim
2522 4750 2592 4804 ita
2613 4749 2743 4804 mihi
2775 4749 2949 4819 majus
2974 4750 3266 4819 periculum
3310 4753 3515 4818 creari,
3535 4750 3718 4805 dolorem
3736 4744 3777 4798 lo

2339 4843 2451 4897 lore
2480 4843 2772 4897 cumulant.
2800 4841 2843 4897 Ο
2872 4841 3274 4897 crudelitatem!
3316 4857 3350 4897 ο
3374 4842 3665 4898 diabolicum
3695 4838 3794 4903 ίωρεκ.

2338 4938 2478 4991 tum!
2510 4936 2741 4991 vinctum
2766 4936 3077 5003 cernebant,
3114 4936 3520 5009 conjectumque
3535 4937 3582 4991 in
3602 4944 3783 4991 eam

2337 5039 2393 5085 et
2418 5029 2591 5085 adhuc
2630 5030 2937 5086 invidebant
2965 5048 2979 5085 :
3011 5045 3207 5101 augere.
3228 5031 3395 5101 ipsius
3422 5031 3789 5089 calamitatesﬂe'

2337 5123 2763 5193 hementiorique
2796 5125 2888 5178 irae
2915 5124 3206 5178 obnoxium
3248 5123 3475 5180 reddere
3502 5121 3735 5192 cupiebant
3749 5116 3790 5166 At

2336 5224 2481 5271 recte
2502 5215 2657 5282 dixit,
2688 5216 3068 5279 Existimantes;
3096 5230 3202 5270 non
3232 5216 3377 5270 enim
3402 5216 3454 5269 id
3480 5215 3578 5269 illis
3593 5227 3645 5266 ex

2337 5308 2409 5362 tia
2428 5276 2704 5363 successit.
2722 5306 2853 5362 Nam
2872 5307 2944 5361 illi
2963 5276 3175 5377 quidem
3195 5305 3294 5360 hac
3316 5321 3376 5361 re
3396 5305 3629 5375 putabant
3643 5276 3812 5353 dolorani

2337 5398 2468 5454 mihi
2494 5398 2726 5465 afferre;
2752 5414 2852 5469 ego
2876 5413 3005 5454 vero
3035 5397 3293 5469 evangelii
3341 5410 3607 5467 progressu
3641 5385 3790 5444 laetabar-

2336 5493 2412 5549 lta
2438 5492 2707 5548 interdum
2737 5502 2843 5559 est,
2869 5506 2991 5547 cum
3018 5505 3154 5560 opus
3175 5490 3369 5545 bonum
3399 5503 3502 5543 non
3528 5502 3585 5541 ex
3605 5483 3794 5545 δοηορῶ

2328 5585 2510 5654 posito
2540 5584 2635 5649 fit;
2668 5597 2766 5637 nec
2793 5581 2952 5637 modo
2979 5581 3121 5636 nulla
3152 5580 3227 5635 illi
3257 5594 3461 5634 merces
3488 5587 3563 5632 est
3588 5566 3791 5644 propositi.

2334 5680 2429 5736 sed
2470 5679 2786 5749 supplicium
2818 5684 3014 5731 manet.
3045 5673 3177 5729 Nam
3207 5672 3454 5744 quoniam
3484 5670 3592 5725 ideo
3615 5662 3795 5721 Chrismm

2334 5774 2712 5847 praedicabant,
2756 5770 2900 5841 quod
2927 5768 3121 5826 Christi
3162 5767 3556 5838 praedicatorem
3588 5762 3631 5815 in
3664 5752 3794 5817 malo"

2334 5846 2567 5941 pericula
2584 5868 2885 5938 conjectum
2905 5865 3135 5930 vellent;
3160 5878 3263 5917 non
3286 5860 3444 5917 modo
3464 5858 3637 5913 nullam
3656 5846 3797 5941 capital

2334 5938 2666 6032 mercedem,
2708 5960 2802 6020 sed
2843 5958 3003 6018 etiam
3045 5953 3304 6029 supplicio
3332 5962 3484 6012 erunt
3523 5942 3725 6004 obnoxii,
3760 5938 3797 5981 π
