3974 6500
159 526 248 581 191
1091 517 1155 571 IN
1198 516 1411 573 EPIST.
1458 516 1545 570 AD
1576 517 1859 573 PHILIPP.
1899 516 2050 576 CAP.
2091 512 2133 570 l.
2199 516 2427 573 l‘lOMlL.
2467 517 2529 573 ll.

159 645 412 713 φέροντα.
454 636 571 692 Οὑκ
597 634 732 707 ἐμοῦ
759 633 945 687 ἐνεκεν
983 634 1155 689 ταῦτα
1188 634 1351 704 λέγω,
1396 636 1583 707 φησὶν,
1618 634 1731 689 ἀλλ’

160 738 311 809 ὑμῶν
343 736 567 790 αὑτῶν·
630 734 749 797 δέος
779 734 889 806 γὰρ
924 735 997 805 μή
1032 750 1117 796 τις
1152 732 1483 804 παραφθαρῇ
1510 732 1615 785 ὑπὸ
1638 733 1738 802 τῆς

156 836 260 889 τῶν
308 832 608 904 αῖρετικῶν
650 831 891 900 ἀγάπης.
941 829 1110 882 Τοῦτο
1156 828 1266 898 γάρ
1295 828 1416 883 ὅλον
1449 828 1739 882 αἰνίττεται

156 931 228 1000 τῷ
259 928 439 990 οὕτως
463 926 660 979 εἰπεῖν.
686 923 795 976 Καὶ
831 922 934 994 δρα
974 922 1090 986 πῶς
1113 922 1244 975 αὑτὸ
1273 920 1487 992 τίθησιν
1513 938 1526 952 ·
1558 920 1633 973 Οὑ
1668 918 1737 971 δι’

156 1026 273 1094 εμὲ,
312 1024 472 1095 φησὶ,
522 1020 699 1075 ταῦτα
749 1019 914 1088 λέγω,
947 1020 1062 1074 ἀλλ’
1102 1020 1204 1075 ἵνα
1241 1015 1345 1088 ἦτε
1376 1017 1545 1087 ὑμεῖς
1593 1018 1741 1070 εἱλι-

157 1122 382 1191 κρινεῖς
401 1139 414 1152 ·
451 1120 756 1183 τουτέστιν,
784 1118 906 1173 Ἵνα
938 1117 1114 1188 μηδὲν
1142 1118 1294 1170 νόθον
1325 1115 1499 1186 δόγμα
1524 1113 1603 1184 τῷ
1643 1113 1742 1183 τῆς

157 1222 381 1288 ἀγάπης
421 1216 770 1289 προσχήματι
796 1213 1196 1287 παραδέχησθε.
1228 1214 1352 1276 Πῶς
1377 1210 1471 1266 οῦν
1503 1207 1738 1279 ἀλλαχοῦ

162 1333 348 1386 φησιν,
386 1317 456 1369 Et
483 1311 769 1377 δυνατὸν,
797 1310 947 1381 μετὰ
969 1311 1215 1366 πάντων
1241 1308 1568 1379 ἀνθρώπων
1593 1308 1744 1372 ειρη·

164 1414 408 1475 νεύετε;
433 1412 805 1479 Εἱρηνεύετε,
836 1406 1011 1474 εἶπεν,
1034 1410 1093 1462 οὑ
1113 1409 1271 1462 τοῦτο
1296 1407 1496 1478 δηλῶν,
1521 1406 1603 1458 ὅτι
1626 1404 1741 1472 Οὑχ

163 1510 338 1572 οὕτως
392 1509 668 1577 ἀγαπᾶτε,
699 1504 838 1559 ὥστε
879 1506 983 1559 ὑπὸ
1019 1505 1121 1575 τῆς
1166 1504 1351 1574 φιλίας
1386 1499 1743 1573 βλάπτεσθαιο

165 1611 233 1664 ει
260 1609 377 1677 γὰρ
414 1609 447 1661 ό
475 1602 785 1675 ὀφθαλμός
808 1619 925 1657 σου
953 1602 985 1655 ὁ
1020 1601 1218 1666 δέξιὸς
1244 1596 1625 1658 σκανδαλίζει
1648 1612 1743 1662 σε,

166 1705 355 1775 φησιν,
390 1702 663 1769 ἔκκοψον
691 1698 898 1760 αὐτὸν,
944 1698 1045 1752 καὶ
1084 1697 1244 1761 ,βάλε
1271 1696 1392 1751 ἀπὸ
1424 1693 1575 1749 σοῦ’
1603 1691 1743 1757 ἀλλ’,

168 1806 297 1859 Ἵνα
332 1798 441 1871 ἦτε
491 1796 854 1865 εἰλικρινεῖς,
898 1795 960 1849 τὸ
996 1794 1138 1851 κατά
1173 1794 1305 1848 Θεὸν
1355 1791 1621 1864 δηλονότι,
1652 1790 1748 1843 καὶ

167 1902 574 1966 ἀπρόσκοποι,
602 1893 664 1947 τὸ
690 1891 829 1945 κατά
848 1888 1187 1961 ἀνθρώπους.
1214 1889 1451 1952 Πολλοὺς
1483 1888 1592 1959 γὰρ
1621 1886 1749 1938 πολ-

168 1998 327 2058 λάκις
360 1993 419 2044 αἱ
472 1988 649 2058 φιλίαι
704 1986 1053 2059 βλάπτουσιν.
1117 1987 1181 2040 El
1216 1985 1324 2058 γὰρ
1347 1985 1443 2040 καὶ
1493 1987 1553 2038 σέ
1595 1982 1749 2037 οὐδὲν

176 2094 422 2165 βλάπτει,
457 2086 646 2155 φησὶν,
683 2084 799 2138 ἀλλ’
831 2083 1021 2155 ἐτερος
1071 2083 1431 2155 προσκόπτει.
1472 2082 1579 2148 Εἰς
1607 2079 1749 2150 ὴμέο

165 2204 281 2255 ίαν
306 2180 605 2251 Χριστοῦ·
635 2179 930 2246 τουτέστιν,
968 2179 1087 2233 Ἵνα
1122 2179 1245 2231 τότε
1279 2178 1538 2249 εὑρεθῆτε
1574 2175 1747 2230 καθα-

175 2286 289 2355 ροὶ,
337 2281 546 2352 μηδένα
586 2277 1034 2341 σκανδαλίσαντες
1057 2293 1070 2306 ·
1102 2274 1568 2345 Πεπληρωμένοι
1614 2287 1751 2340 καρ-

170 2380 300 2435 πῶν
348 2377 747 2451 δικαιοσύνης
790 2375 910 2429 τῶν
955 2375 1053 2430 διὰ
1080 2374 1285 2443 Ἰησοῦ
1331 2371 1611 2442 Χριστοῦ,
1664 2372 1748 2436 εἰς

171 2488 361 2552 δόξαν
398 2485 497 2539 καὶ
527 2485 781 2538 ἔπαινον
813 2480 961 2535 Θεοῦ
980 2498 993 2512 ·
1040 2481 1287 2534 τουτέστι
1327 2478 1466 2551 μετὰ
1495 2477 1603 2532 τῶν
1634 2477 1754 2545 δογ-

177 2588 365 2657 μάτων
402 2584 497 2636 καὶ
545 2581 659 2651 βίον
695 2578 852 2651 ὀρθὸν
882 2578 1117 2649 ἔχοντες.
1141 2579 1216 2632 Οὑ
1248 2577 1356 2648 γάρ
1387 2576 1572 2639 ἁπλῶς
1594 2576 1754 2646 ὀρθὸν

173 2681 320 2737 εἶναι
358 2681 488 2752 χρὴ,
533 2678 669 2732 ἀλλά
702 2675 1095 2747 πεπληρῶσθαι
1126 2673 1356 2745 καρπῶν
1384 2671 1751 2741 δικαιοσύνης.

180 2780 342 2832 Ἐστι
378 2776 486 2845 γάρ
525 2771 861 2842 δικαιοσύνη,
896 2770 1011 2823 ἀλλ’
1041 2770 1103 2823 οὑ
1151 2768 1294 2823 κατὰ
1335 2767 1593 2841 Χριστὸν,
1644 2760 1755 2819 οἷον

176 2876 293 2946 βίος
335 2872 520 2933 ἁπλῶς
553 2871 842 2941 ἐνάρετος⁸
890 2866 1049 2923 ἀλλὰ.
1090 2864 1213 2920 Τῶν
1248 2865 1348 2920 διὰ
1389 2865 1588 2933 Ἰησοῦ
1620 2866 1757 2932 Χρι-

173 2970 351 3034 στοῦ,
386 2967 566 3039 φησὶν,
598 2969 685 3029 εἰς
725 2963 915 3028 δόξαν
944 2961 1043 3015 καὶ
1095 2960 1347 3017 ἔπαινον
1378 2959 1547 3014 Θεοῦ.
1594 2956 1757 3027 Ὁρᾷς

172 3072 255 3123 ὅτι
285 3066 353 3119 οὑ
382 3065 481 3135 τὴν
507 3060 748 3134 ἐμαυτοῦ
793 3059 951 3123 δόξαν
995 3058 1161 3125 λέγω,
1195 3056 1331 3111 ἀλλὰ
1358 3057 1458 3127 τὴν
1500 3055 1594 3108 τοῦ
1621 3051 1756 3108 Θεοῦ

174 3161 527 3228 δικαιοσύνην
552 3176 567 3223 ;
609 3157 885 3227 Πολλαχοῦ
905 3155 963 3208 δὲ
992 3154 1337 3225 δικαιοσύνην
1359 3155 1453 3207 καὶ
1480 3153 1578 3223 τὴν
1603 3151 1758 3222 ἐλεη-

109 3328 117 3335 ο
180 3260 421 3330 μοσύνην
466 3256 637 3325 λέγει.
672 3255 765 3325 Μὴ
812 3251 1256 3324 παραϐλαπτέτω
1296 3251 1461 3320 ὑμᾶς,
1505 3249 1689 3319 φησιν,
1724 3247 1759 3317 ή

178 3361 370 3429 ἀγάπη
408 3357 548 3427 πρὸς
575 3354 638 3407 τὸ
662 3353 862 3407 ειδέναι
890 3354 961 3405 τὰ
983 3351 1351 3423 συμφέροντα,
1384 3347 1541 3419 μηδὲ,
1570 3344 1759 3415 ἐπειδὴ

177 3456 266 3509 τὸν
297 3456 454 3509 δεῖνα
502 3452 701 3520 φιλεῖς,
753 3446 1072 3518 καταπέσῃς
1124 3445 1294 3517 [204].
1337 3443 1607 3514 Βούλομαι
1658 3442 1761 3513 μὲν

179 3550 515 3618 αὐξάνεσθαι
549 3547 647 3617 τὴν
682 3543 905 3613 ἀγάπην
938 3542 1116 3613 ὑμῶν,
1147 3541 1245 3611 οὑχ
1270 3539 1412 3594 οὕτω
1453 3538 1655 3609 μέντοι,
1685 3535 1761 3600 ὡς

179 3651 272 3703 καὶ
309 3643 652 3719 βλάπτεσθαι
673 3657 688 3671 ’
720 3640 816 3694 καὶ
843 3640 941 3709 οὑχ
969 3637 1156 3701 ἁπλῶς
1189 3635 1451 3707 βούλομαι
1471 3631 1760 3705 προλήψει,

178 3747 317 3804 ἀλλά
362 3742 793 3812 δοκιμάσαντας,
843 3739 892 3790 εί
940 3737 1101 3806 ἡμεῖς
1152 3732 1332 3796 καλῶς
1375 3732 1625 3802 λέγομεν.
1655 3730 1764 3785 Καὶ

180 3847 280 3899 οὑκ
305 3838 486 3904 εἶπεν,
510 3840 628 3891 Ἵνα
649 3836 719 3889 τά
742 3834 985 3906 ἡμέτερα
1008 3832 1259 3903 αἱρῆσθε,
1289 3828 1426 3895 ἀλλ’,
1450 3829 1575 3884 Ἵνα
1600 3827 1762 3882 δοκι·

176 3942 423 4014 μάζητε.
461 3938 573 3991 Καὶ
601 3937 701 3989 οὑκ
734 3930 853 3987 εἷπε
897 3930 1176 4003 φανερῶς,
1212 3928 1304 3999 Μὴ
1346 3926 1424 3997 τῷ
1453 3926 1585 3980 δεῖνι
1625 3925 1765 3995 πλη-

185 4039 407 4102 σιάζετε
426 4052 440 4066 ο
476 4033 632 4099 ἀλλὰ,
657 4031 800 4103 Πρὸς
828 4031 890 4083 τὸ
916 4027 1192 4099 συμφέρον
1226 4024 1486 4096 βούλομαι
1507 4024 1636 4094 ὑμῖν
1666 4022 1765 4094 τὴν

184 4137 411 4205 ἀγάπην
458 4129 732 4200 γίνεσθαι,
777 4127 875 4198 οὑχ
927 4127 1015 4180 ἵνα
1060 4123 1400 4194 ἀναισθήτως
1448 4119 1761 4190 διακέησθε.

198 4233 458 4300 Ἀνόητον
491 4240 518 4269 ι
546 4227 676 4297 γὰρ,
704 4227 753 4279 εἰ
803 4226 878 4295 μὴ
909 4223 997 4277 διὰ
1028 4221 1261 4293 Χριστὸν
1290 4219 1389 4290 τὴν
1419 4214 1767 4285 δικαιοσύνην

188 4329 515 4405 ἐργάζεσθε,
545 4328 638 4380 καὶ
670 4325 735 4378 δι’
767 4321 954 4377 αὑτοῦ.
991 4321 1119 4375 Ἰδοὺ
1148 4321 1226 4383 τὸ,
1261 4321 1336 4372 Δι’
1368 4316 1555 4381 αὑτοῦ,
1583 4314 1763 4369 πάλιν.

186 4427 335 4501 ’Ἃρα
364 4423 461 4480 οῦν
490 4422 751 4493 ὑπουργῷ
784 4421 1049 4491 κέχρηται
1092 4418 1171 4487 τῷ
1200 4416 1355 4486 Θεῷ;
1386 4415 1601 4481 ’Ἄπαγε
1620 4428 1635 4442 ⁸
1669 4413 1769 4481 οὑχ

191 4527 277 4581 ἵνα
316 4524 453 4592 ἐγὼ,
490 4520 680 4591 φησὶν,
730 4514 1024 4579 ἐπαινεθῶ,
1070 4513 1243 4575 οὑτως
1271 4507 1445 4575 εἷπον,
1475 4508 1589 4562 ἀλλ’
1624 4508 1711 4559 ἵνα
1739 4507 1769 4558 ὁ

191 4628 322 4689 Θεὸς
388 4621 709 4690 δοξάζηται.
762 4614 1094 4668 Γινώσκειν
1131 4611 1198 4664 δὲ
1252 4608 1407 4678 ὑμᾶς
1448 4606 1767 4673 βούλομαι,

191 4720 471 4792 ἀδελφοὶ,
506 4717 596 4770 ὅτι
628 4715 702 4769 τὰ
743 4711 867 4767 κατ’
919 4708 1024 4780 ἐμὲ
1071 4707 1312 4778 μᾶλλον
1338 4707 1425 4770 εἰς
1453 4700 1771 4771 προκοπὴν

192 4822 298 4876 τοῦ
335 4812 708 4886 Εὐαγγελίου
754 4808 1073 4877 ἐλήλυθεν.
1104 4805 1286 4859 Ὥστε
1325 4801 1467 4867 τοὺς
1513 4797 1773 4866 δεσμούς

189 4937 308 4990 μου
346 4910 655 4986 φανεροὺς
703 4908 773 4960 ἐν
829 4903 1060 4974 Χριστῷ
1098 4899 1376 4971 γενέσθαι
1424 4897 1493 4951 ἐν
1536 4896 1657 4962 ὅλῳ
1694 4894 1775 4961 τῷ

194 5013 549 5087 πραιτωρίῳ,
578 5005 677 5061 καὶ
702 5005 827 5071 τοῖς
854 5000 1087 5067 λοιποῖς
1123 4999 1333 5053 πᾶσιν.

272 5201 339 5270 β’.
382 5194 545 5258 Εἰκὸς
564 5188 631 5263 ἦν
652 5189 989 5251 ἀκούσαντας
1004 5188 1085 5240 ὅτι
1111 5184 1338 5247 δέδεται,
1354 5184 1558 5252 ἀλγεῖν,
1582 5182 1678 5236 καὶ
1694 5199 1778 5236 νο-

203 5300 385 5369 μίζειν
432 5290 799 5362 ἐγκόπτεσθαι
840 5287 902 5341 τὸ
934 5288 1215 5358 κήρυγμα.
1247 5283 1311 5336 Τί
1340 5278 1433 5336 οῦν
1468 5282 1641 5346 ποιεῖ;
1676 5281 1779 5333 Εὑὲ

200 5398 339 5457 θέως
392 5392 598 5459 ταύτην
646 5389 861 5458 ἀναιρεῖ
905 5384 1002 5453 τὴν
1051 5381 1309 5450 ὑποψίαν,
1352 5378 1444 5431 καί
1488 5392 1654 5447 φησι·
1698 5374 1781 5429 Τὰ

205 5494 335 5545 κατ’
371 5487 478 5558 ἐμὲ
507 5484 749 5556 μᾶλλον
779 5485 865 5547 είς
913 5477 1230 5548 προκοπὴν
1275 5475 1381 5529 τοῦ
1409 5471 1779 5543 Ε’ὺαγγελίου

204 5587 493 5653 ἐλήλυθε.
529 5564 639 5634 Καί
662 5579 820 5632 τοῦτο
842 5579 900 5632 δὲ
925 5575 1224 5646 φιλοῦντος,
1259 5574 1321 5626 τὸ
1348 5572 1414 5625 τὰ
1446 5569 1564 5624 καθ’
1593 5569 1780 5622 ἐαυτὸν

204 5682 404 5753 δηλοῦν
456 5682 660 5742 αὑτοῖς,
699 5676 795 5730 ac;
840 5674 1162 5747 μεριμνῶσι.
1195 5664 1260 5726 Τί
1303 5671 1479 5739 λέγεις
1505 5685 1520 5735 ;
1551 5668 1777 5731 δέδεσαι,

208 5777 585 5849 ἐνεποδίσθης,
646 5777 739 5828 καὶ
792 5773 908 5835 πῶς
957 5771 1019 5825 τὸ
1072 5768 1399 5839 Εὑαγγέλιον
1438 5766 1777 5831 ἐπιδίδωσιν;

279 6000 305 6029 ι
337 5987 502 6037 manu
518 5986 741 6041 ἀνόνητον
762 5980 992 6033 Duuaeus.

3308 520 3407 577 192

2912 636 3207 705 φανεροὺς
3238 638 3407 707 γενέ·

1839 736 1980 787 σθαι
2006 732 2147 799 τοὺς
2170 732 2241 786 ἐν
2266 730 2497 801 Χριστῷ
2525 731 2594 784 ἐν
2617 731 2736 800 ὅλῳ
2763 730 2844 797 τῷ
2867 734 3213 801 πραιτωρίῳ.
3239 733 3411 787 Τοῦτο

1844 830 1905 884 οὑ
1968 832 2131 902 μόνον
2172 832 2274 885 οὑκ
2311 830 2636 901 ἐπεστόμισε
2665 832 2791 894 τοὺς
2833 830 3024 895 ἄλλους
3055 832 3177 886 οὑδέ
3205 832 3441 902 δειλοὺςς

1843 898 2118 1001 ἐποίησεν,
2145 930 2260 985 ἀλλ’
2289 929 2422 983 αὑτὸ
2448 898 2605 982 τοῦτο
2632 928 2727 981 καὶ
2753 928 2950 999 μᾶλλον
2977 898 3439 1002 παρεθάρρυνεν.Ι

1842 1028 1909 1081 Et
1937 1027 2119 1083 τοίνυν
2147 1028 2196 1082 οἱ
2218 1026 2445 1097 πλησίον
2473 1026 2625 1088 ὄντες
2651 1024 2760 1079 τῶν
2781 1024 3039 1079 κινδύνων
3071 1026 3230 1096 μόνον
3259 1027 3414 1081 οὐδὲν

1844 1125 2174 1196 ἐϐλάϐησαν,
2215 1123 2351 1179 ἀλλά
2396 1124 2491 1177 καὶ
2529 1122 2693 1175 πλέον
2737 1122 2935 1193 θάρσος
2982 1122 3191 1189 ἔλαϐον,
3236 1124 3417 1196 πολλῷ

1849 1220 2052 1292 μᾶλλον
2072 1220 2218 1291 ὑμᾶς
2244 1219 2467 1292 θαρρεῖν
2492 1219 2622 1290 χρή.
2650 1217 2714 1271 Εἰ
2746 1219 2844 1289 μὲν
2878 1218 2986 1289 γὰρ
3011 1218 3188 1282 δεθεὶς
3217 1219 3420 1285 ἀθλίως

1846 1316 2065 1386 ἤνεγκε,
2100 1314 2197 1368 καὶ
2230 1314 2507 1384 ἐσίγησεν,
2530 1313 2681 1378 εῑκδς
2711 1308 2778 1384 ἦν
2802 1314 2899 1367 καὶ
2929 1313 3169 1378 ἐκείνους
3200 1315 3262 1367 τὸ
3288 1316 3421 1369 αὑτὸ

1846 1411 2058 1466 παθεῖν·
2095 1413 2143 1464 εί
2174 1410 2231 1464 δὲ
2278 1411 2453 1475 δεθεὶς
2496 1410 2663 1465 πλέον
2700 1411 3161 1483 ἐπαρρησιάζετο,
3219 1412 3421 1483 μᾶλλον

1845 1509 2031 1572 αὑτοῖς
2060 1508 2260 1579 θάρσος
2308 1507 2527 1569 ἔδωκεν,
2570 1506 2603 1577 ἢ
2649 1507 2699 1559 εί
2749 1506 2824 1578 μὴ
2870 1506 3049 1577 ἐδέθη.
3080 1506 3206 1572 Πῶς
3246 1508 3303 1562 δέ
3342 1510 3423 1572 είς

1848 1602 2129 1674 προκοπὴν
2164 1601 2257 1655 τοῦ
2292 1600 2626 1670 Εὑαγγελίου
2647 1600 2836 1670 γέγονε
2860 1601 2929 1655 τά
2961 1602 3168 1673 δεσμά;
3205 1603 3263 1656 Ὀ
3291 1602 3425 1665 Θεὸς

1847 1698 2007 1752 τοῦτο
2032 1698 2368 1769 ῷκονόμησε,
2397 1696 2581 1767 φησὶν,
2608 1696 2749 1750 ὥστε
2779 1696 2853 1768 μὴ
2895 1696 3077 1750 λαθεῖν
3106 1699 3233 1762 τοὺς
3258 1698 3426 1769 ἐμοὺς

1849 1796 2099 1865 δεσμοὺς,
2125 1796 2248 1859 τοὺς
2273 1796 2333 1849 ἐν
2356 1792 2598 1865 Χριστῷ,
2629 1793 2756 1858 τοὺς
2779 1793 2866 1846 διὰ
2888 1792 3143 1864 Χριστὸν,
3180 1795 3276 1847 Ἐν
3305 1793 3428 1861 ὅλῳ

1843 635 2025 689 Ὥστε
2054 636 2193 701 τοὺς
2228 634 2491 704 δεσμούς
2531 653 2671 704 μου,
2704 635 2857 706 φησὶ,

1848 1891 1928 1959 τῷ
1964 1889 2307 1960 πραιτωρίῳ.
2341 1889 2492 1953 Τέως
2523 1889 2633 1961 γὰρ
2672 1888 2844 1954 οὑτως
2891 1890 3117 1945 ἐκάλουν
3167 1890 3237 1944 τὰ
3276 1889 3429 1961 βασί-

1849 1988 1987 2041 λεια.
2022 1985 2157 2040 Οὑδέ
2201 1985 2272 2039 ἐν
2297 1982 2376 2051 τῷ
2403 1986 2732 2054 πραιτωρίῳ
2763 1987 2947 2057 μόνον,
2981 1987 3119 2043 ἀλλά
3153 1988 3250 2040 κα)⁸
3274 1990 3332 2041 ἐν
3356 1989 3428 2059 τῇ

1853 2087 2027 2151 πόλει,
2057 2086 2213 2155 φησὶ,
2246 2086 2414 2158 πάσῃ.
2451 2084 2563 2139 Καὶ
2594 2085 2738 2152 τοὺς
2771 2087 3059 2152 πλείονας
3096 2086 3214 2141 τῶν
3248 2087 3428 2142 ἁδελ-

1851 2184 1981 2255 φῶν
2037 2185 2105 2237 ἐν
2171 2184 2363 2251 Κυρίῳ
2426 2184 2783 2251 πεποιθότας
2836 2184 2961 2251 τοῖς
3012 2185 3256 2255 δεσμοῖς
3309 2202 3430 2254 μου

1853 2280 2291 2353 περισσοτέρως
2320 2278 2551 2349 τολμᾷν
2586 2281 2820 2350 ἀφόϐως
2849 2282 2957 2336 τὸν
2987 2284 3173 2351 λόγον
3194 2281 3427 2336 λαλεῖν.

1853 2384 2102 2434 Δεικνυσι
2150 2379 2331 2441 τοῦτο,
2389 2380 2472 2432 ὅτι
2535 2380 2631 2432 καὶ
2686 2379 2951 2450 πρότερον
2995 2378 3283 2450 ἐθάρρουν,
3334 2377 3431 2431 καὶ

1857 2478 1994 2549 μετά
2032 2475 2345 2548 παρρησίας
2392 2472 2712 2542 διελέγοντο,
2760 2473 2855 2528 νῦν
2888 2474 2947 2527 δὲ
3006 2474 3188 2545 πολλῷ
3243 2474 3426 2528 πλέον.

1856 2578 1919 2630 Et
1950 2574 2096 2627 ἄλλοι
2129 2572 2330 2638 τοίνυν,
2370 2572 2525 2643 φησὶ,
2551 2571 2642 2625 διὰ
2667 2572 2795 2635 τοὺς
2833 2572 3001 2642 ἐμοὺς
3034 2571 3266 2642 δεσμοὺς
3296 2571 3429 2643 θαρο

1858 2673 2032 2745 ροῦσι,
2056 2669 2236 2740 πολλῷ
2274 2668 2474 2739 μᾶλλον
2498 2667 2640 2737 ἐγώ·
2672 2669 2722 2721 εί
2755 2668 2934 2733 ἄλλοις
2965 2669 3083 2739 είμὶ
3111 2668 3282 2732 αἴτιος
3301 2667 3433 2739 θάρ-

1858 2788 2005 2834 σους,
2041 2768 2221 2837 πολλῷ
2248 2766 2449 2838 μᾶλλον
2483 2764 2727 2837 ἐμαυτῷ.
2788 2765 2897 2821 Καὶ
2949 2765 3093 2830 τοὺς
3145 2766 3433 2832 πλείονας

1857 2866 1975 2921 τῶν
2003 2861 2285 2933 ἀδελφῶν
2321 2862 2390 2915 ἐν
2439 2862 2652 2931 Κυρίῳ.
2698 2861 2919 2933 Ἐπειδὴ
2956 2862 3100 2933 μέγα
3139 2856 3208 2933 ἦν
3252 2861 3315 2915 τὸ
3353 2865 3436 2917 εί-

1859 2965 2002 3027 πεῖν,
2033 2962 2115 3014 δτι
2143 2961 2206 3013 Οἱ
2233 2959 2356 3029 ἐμοὶ
2385 2959 2575 3029 δεσμοὶ
2591 2958 2791 3031 θάρσος
2813 2960 3000 3024 αὑτοῖς
3031 2962 3312 3030 παρεῖχον,
3345 2960 3436 3015 διὰ

1858 3062 2016 3116 τοῦτο
2056 3054 2342 3127 προλαϐὼν
2383 3051 2556 3108 εἶπεν·
2598 3055 2697 3109 Ἐν
2727 3056 2943 3125 Κυρίῳ.
2987 3055 3152 3127 ὐρᾷς
3185 3057 3303 3119 πῶς
3340 3056 3439 3111 καὶ

1860 3158 2110 3225 ἀνάγκην
2138 3155 2277 3225 έχων
2302 3153 2395 3209 τοῦ
2423 3153 2842 3225 μεγαληγορεῖν,
2863 3153 2958 3207 τοῦ
2996 3153 3313 3225 μετριάζειν
3337 3151 3439 3204 οὑκ

1859 3252 2187 3323 ἀφίσταται;
2238 3250 2686 3319 Περισσοτέρως
2746 3250 2998 3321 τολμᾷν,
3048 3249 3197 3323 [205]
3253 3248 3438 3319 φησὶν,

1862 3351 2099 3422 ἀφόϐως
2137 3349 2245 3404 τὸν
2297 3350 2485 3419 λόγον
2536 3348 2771 3404 λαλεῖν.
2824 3349 2919 3413 Τὸ,
2970 3346 3437 3416 Περισσοτέρως,

1862 3445 2170 3508 δεικνύντος
2203 3445 2373 3510 ἐστὶν,
2421 3446 2503 3498 ὅτι
2558 3443 2659 3514 ήδη
2695 3443 2947 3515 ἤρξαντο.
2995 3442 3160 3509 Τινὲς
3186 3442 3304 3511 μὲν
3339 3441 3440 3497 καὶ

1864 3544 1961 3599 διὰ
1992 3545 2221 3613 φθόνον
2256 3541 2355 3596 καὶ
2406 3540 2554 3609 ἔριν,
2586 3542 2748 3606 τινὲς
2791 3540 2862 3593 δὲ
2915 3539 3013 3593 καὶ
3053 3538 3127 3592 δι’
3156 3538 3443 3592 εὐδοκίαν

1864 3638 1972 3693 τὸν
2001 3638 2263 3706 Χριστὸν
2293 3637 2697 3705 κηρύσσουσι.
2728 3633 2794 3687 Τί
2816 3632 2881 3704 δὴ
2908 3633 3066 3687 τοῦτό
3094 3634 3263 3700 ἐστιν,
3292 3632 3442 3698 ἀξιον

1867 3738 2081 3809 μαθεῖν.
2132 3735 2350 3805 Ἐπειδὴ
2409 3731 2713 3804 κατεσχέθη
2746 3734 2775 3786 ὁ
2820 3729 3051 3795 Παῦλος,
3082 3731 3174 3783 τὸν
3205 3729 3443 3800 πόλεμον

1864 3834 2076 3904 ἐγεῖραι
2109 3830 2422 3902 βουλόμενοι
2458 3828 2687 3900 σφοδρὸν
2718 3827 2810 3882 τὸν
2842 3826 2995 3899 παρὰ
3023 3825 3119 3881 τοῦ
3175 3826 3444 3898 βασιλέως

1865 3929 2052 3983 πολλοὶ
2082 3928 2191 3983 τῶν
2229 3927 2494 3993 ἀπίστων,
2526 3928 2620 3980 καὶ
2648 3925 2802 3978 αὐτοὶ
2821 3925 2913 3978 τὸν
2942 3924 3180 3995 Χριστὸν
3212 3925 3445 3995 ἐκήρυτ-

1867 4044 1958 4080 τον
1978 4042 1992 4057 ·
2026 4025 2170 4081 ὥστε
2210 4025 2437 4097 μείζονα
2484 4022 2737 4092 γενέσθαι
2767 4022 2847 4094 τῷ
2877 4020 3090 4093 βασιλεί
3121 4020 3221 4093 τὴν
3250 4021 3442 4094 ὀργὴν,

1867 4123 1965 4179 ἅτε
2009 4123 2102 4178 τοῦ
2148 4121 2507 4195 κηρύγματος
2547 4120 3020 4192 διασπειρομένου,
3078 4120 3174 4174 καὶ
3228 4120 3308 4183 είς
3346 4118 3447 4191 τὴν

1867 4218 1963 4273 τοῦ
1999 4219 2213 4273 Παύλου
2253 4218 2496 4291 κεφαλὴν
2531 4215 2595 4270 τὸ
2628 4218 2737 4270 πᾶν
2781 4216 2956 4270 ἐλθεῖν
2982 4214 3079 4268 τοῦ
3112 4214 3307 4285 θυμοῦ.
3341 4214 3448 4268 Δύο

1867 4316 2046 4370 τοίνυν
2082 4314 2412 4386 προφάσεων
2437 4312 2726 4383 γεγόνασιν
2768 4313 2817 4365 οῖ
2848 4313 3040 4383 δεσμοὶ
3092 4312 3276 4365 αἴτιοι.
3321 4311 3449 4374 Τοῖς

1874 4414 1974 4485 μὲν
2005 4412 2113 4483 γὰρ
2148 4411 2344 4482 θάρσος
2378 4413 2640 4481 παρεῖχον
2675 4411 2834 4476 πολὺ,
2868 4411 2995 4472 τοὺς
3032 4408 3092 4462 δέ
3140 4409 3221 4472 είς
3260 4407 3449 4462 ἐλπίδα

1870 4510 2095 4578 ἄγοντες
2124 4507 2226 4577 τῆς
2272 4507 2415 4578 ἐμῆς
2461 4506 2759 4573 ἀπωλείας,
2792 4504 3212 4577 παρεσκεύασαν
3244 4504 3449 4577 κηρύτ-

1870 4623 1985 4660 τειν
2014 4605 2105 4658 τὸν
2129 4603 2386 4676 Χριστόν.
2423 4604 2586 4671 Τίνες
2610 4604 2728 4674 μὲν
2756 4602 2854 4657 διὰ
2883 4602 3141 4673 φθόνον·
3180 4603 3448 4670 τουτέστι,

1874 4700 2195 4774 φθονοῦντες
2234 4704 2301 4773 τῇ
2355 4700 2482 4775 δόξῃ
2533 4703 2600 4773 τῇ
2653 4702 2760 4773 ἐμῇ
2790 4700 2885 4753 καὶ
2921 4702 2988 4771 τῇ
3038 4699 3312 4763 ἐνστάσει,
3354 4700 3488 4774 καὶ,

1877 4798 2187 4872 βουλόμενοί
2219 4815 2285 4869 με
2310 4798 2608 4852 ἀπολέσθαι
2630 4798 2724 4851 καὶ
2740 4797 3011 4868 ἐρίξοντές
3039 4813 3151 4867 μοι,
3174 4796 3452 4867 συμπράτ-
3478 4781 3491 4807 ⁶

1874 4913 2057 4950 τουσιν
2088 4895 2239 4966 ἐμοί·
2278 4894 2312 4966 ἢ
2346 4894 2486 4955 ὥστε
2524 4896 2621 4949 καὶ
2652 4894 2807 4949 αὑτοὶ
2831 4893 3116 4965 τιμᾶσθαι,
3150 4894 3245 4948 καὶ
3268 4894 3451 4965 οἰόμε-

1876 5012 1956 5049 νοι
1987 4992 2287 5063 παρασπᾷν
2314 5009 2368 5045 τι
2394 4992 2493 5063 τῆς
2520 4991 2678 5063 δόξης
2723 4993 2823 5062 τῆς
2850 4992 3011 5064 ἐμῆς.
3066 4990 3233 5058 Τινὲς
3259 4990 3328 5045 δὲ
3354 4989 3452 5046 καῖ

1877 5089 1950 5145 δι’
1980 5088 2281 5146 εὐδοκίανο
2310 5088 2577 5155 τουτέστι,
2604 5088 2773 5159 χωρίς
2791 5088 3151 5159 ὑποκρίσεως,
3179 5087 3286 5140 ἀπὸ
3313 5105 3449 5158 προ-

1879 5188 2076 5260 θυμίας
2104 5187 2341 5259 ἀπάσης.
2397 5189 2463 5241 Ol
2503 5186 2623 5255 μὲν
2647 5188 2717 5252 ἐξ
2746 5186 2999 5255 ἐριθείας
3038 5189 3145 5240 τὸν
3193 5183 3455 5256 Χριστὸν

1881 5288 2398 5360 καταγγέλλουσιν
2424 5287 2535 5356 οὐχ
2564 5284 2758 5355 ἁγνῶς
2778 5303 2791 5316 ·
2830 5285 3126 5349 τουτέστιν,
3175 5284 3276 5338 οὑκ
3322 5283 3454 5337 εἰλι-

1884 5388 2104 5458 κρινῶς,
2132 5384 2251 5439 οὑδέ
2284 5384 2349 5438 δι’
2377 5384 2508 5438 αὑτὸ
2534 5385 2595 5437 τὸ
2630 5386 2885 5457 πρᾶγμα,
2919 5384 3054 5438 ἀλλά
3091 5383 3178 5438 διὰ
3199 5382 3287 5449 τίς
3324 5382 3456 5436 Old-

1878 5501 2049 5555 μενοι
2099 5482 2309 5551 θλῖψιν
2356 5480 2661 5551 ἐπιφέρειν
2691 5481 2815 5548 τοῖς
2843 5482 3086 5551 δεσμοῖς
3111 5499 3248 5550 μου.
3278 5480 3450 5551 Νομί-

1886 5579 2068 5644 ζοντες
2103 5577 2212 5648 γάρ
2242 5576 2384 5629 οῦτω
2425 5594 2494 5647 με
2519 5578 2599 5641 εἰς
2627 5578 2851 5649 μείζονα
2879 5578 3234 5649 ἐμπεσεῖσθαι
3274 5577 3455 5631 κίνδυ-

1885 5694 1994 5740 νον,
2019 5674 2196 5744 θλῖψιν
2229 5674 2529 5742 ἐπάγουσιν
2557 5675 2653 5727 ἐπὶ
2681 5674 2877 5745 θλίψει.
2917 5676 2980 5727 Ὤ
3008 5676 3106 5746 τῆς
3137 5674 3451 5746 ὠμότητοςί

1886 5772 1932 5826 ὢ
1974 5771 2073 5842 τῆς
2107 5770 2421 5842 διαϐολικῆς
2450 5772 2762 5843 ἐνεργείαςί
2816 5771 3100 5843 δεδεμένον
3146 5772 3333 5844 ἐώρων
3364 5773 3459 5827 καὶ

1886 5869 2291 5939 ἐμϐεϐλημένον
2308 5871 2386 5932 εἰς
2406 5869 2799 5941 δεσμωτήριον,
2827 5872 2919 5924 καὶ
2940 5871 3019 5925 ἔτι
3046 5872 3329 5941 ἐφθόνουν·
3362 5872 3458 5925 αῦ-

1895 5963 2004 6030 ξειν
2044 5963 2194 6034 αὑτῷ
2221 5964 2290 6018 τά
2321 5965 2428 6020 τῶν
2470 5965 2763 6035 συμφορῶν
2809 5966 3018 6038 ἤθελον,
3066 5968 3160 6023 καὶ
3210 5969 3454 6040 μείζονος
