3974 6510
525 482 633 539 195

516 593 689 664 ὀργῆς
716 591 1015 645 ὑπεύθυνον
1043 590 1326 660 καθιστᾷν.
1353 588 1466 643 Kal
1498 588 1678 649 καλῶς
1700 585 1821 644 εἶπε
1845 589 1926 652 τὸ,
1956 586 2083 640 Οἷό-

516 702 685 755 uero:
711 702 725 717 ο
754 684 815 736 οὑ
861 683 969 753 γὰρ
1011 682 1187 746 οὔτως
1218 682 1514 748 ἐξέϐαινεν,
1555 681 1779 734 Ἐκεῖνοι
1830 680 1930 749 μὲν
1977 679 2086 749 γὰρ

518 774 768 845 ἐνόμιζόν
799 792 867 843 με
899 773 1072 845 τούτῳ
1121 774 1333 836 λυπεῖν,
1383 774 1493 842 ἐγὼ
1536 773 1593 825 δὲ
1647 772 1863 841 ἔχαιρον
1895 772 1975 824 ὅτι
2028 775 2089 824 τὸ

517 869 782 936 κήρυγμα
806 862 1071 917 ἐπεδίδου.
1094 862 1281 926 Οὔτως
1313 862 1410 925 ἐνι,
1443 862 1603 932 ἔργον
1639 862 1860 931 ποιῆσαι
1888 859 2090 929 ἀγαθὸν

513 956 616 1008 οὑκ
641 955 749 1009 ἀπὸ
778 954 1152 1025 προαιρέσεως
1174 951 1386 1023 ἀγαθῆς
1404 967 1418 981 ⁸
1449 952 1543 1005 καὶ
1564 952 1624 1004 οὑ
1651 950 1811 1021 μόνον
1836 951 1895 1003 οὑ
1916 953 2089 1003 κεῖται

518 1046 712 1116 μισθὸς
746 1045 885 1114 ὑπὲρ
914 1045 1125 1108 τούτου,
1168 1044 1304 1097 ἀλλὰ
1332 1044 1428 1097 καὶ
1448 1043 1689 1106 κόλασις.
1730 1042 1947 1111 Ἐπειδὴ
1981 1042 2091 1110 γὰρ

518 1136 736 1206 μείζοσι
756 1135 1023 1199 κινδύνοις
1045 1134 1362 1205 περιϐαλεῖν
1388 1134 1480 1187 τὸν
1502 1134 1598 1187 τοῦ
1611 1133 1849 1204 Χριστοῦ
1873 1134 2091 1202 κήρυκα

517 1228 862 1299 βουλόμενοι,
893 1228 985 1282 τὸν
1014 1226 1251 1298 Χριστὸν
1278 1226 1598 1298 ἐκήρυττον,
1623 1228 1682 1278 οὑ
1714 1225 1873 1295 μόνον
1900 1225 1961 1276 οὑ
1995 1223 2093 1293 λή-

518 1320 713 1389 ψονται
748 1318 961 1389 μισθὸν,
1001 1318 1137 1371 ἀλλά
1170 1318 1266 1372 καὶ
1314 1316 1585 1387 τιμωρίας
1616 1315 1827 1368 ἔσονται
1858 1314 2093 1368 ὑπεύθυ-

520 1427 602 1464 νοι
625 1410 720 1463 καὶ
745 1408 1042 1472 κολάσεως.
1067 1411 1133 1462 Ol
1162 1409 1231 1462 δὲ
1252 1408 1320 1472 ἐξ
1349 1407 1604 1477 ἀγάπης,
1637 1406 1860 1473 εἰδότες
1888 1406 1976 1459 ὅτι
2005 1408 2093 1471 εἰς

522 1486 863 1564 ἀπολογίαν
892 1500 998 1554 τοῦ
1028 1500 1400 1569 Εὐαγτελίου
1436 1497 1647 1567 κεῖμαι.
1674 1497 1737 1549 Τί
1768 1500 1934 1562 ἐστιν,
1965 1498 2095 1551 Ὅτι

520 1596 610 1658 είς
637 1593 972 1663 ἀπολογίαν
1004 1592 1112 1645 τοῦ
1159 1591 1531 1660 Εὑαγγελίου
1557 1592 1782 1658 κεῖμαι;
1815 1588 2094 1653 Τουτέστι,

522 1684 620 1748 τάς
646 1683 875 1747 εὐθύνας
925 1700 1017 1753 μοι
1061 1682 1457 1752 ὑποτέμνοντες
1504 1680 1602 1744 τὰς
1654 1681 1790 1751 πρὸς
1825 1680 1916 1734 τὸν
1940 1681 2095 1746 Θεὸν,

523 1775 620 1829 καὶ
651 1773 1276 1845 συναντιλαμϐανόμενοί
1308 1792 1361 1826 τι
1397 1776 1475 1837 είς
1503 1773 1819 1841 ἀπολογίαν.
1840 1775 1904 1827 Ὃ
1926 1773 2097 1842 λέγει,

522 1867 683 1921 τοῦτό
718 1870 871 1921 ἐστι’
902 1869 1255 1938 Προσετάγην
1284 1866 1516 1938 κηρῦξαι
1535 1885 1549 1898 ·
1585 1866 1761 1937 μέλλω
1784 1865 1983 1919 διδόναι
2012 1868 2103 1919 εὑ-

525 1960 709 2024 θύνας,
741 1959 835 2013 καὶ
878 1959 1264 2028 ἀπολογεῖσθαι
1298 1960 1439 2029 ὑπὲρ
1467 1958 1560 2010 τοῦ
1608 1958 1792 2028 ἔργον,
1838 1953 1899 2012 οὔ
1931 1976 2100 2029 προσ-

525 2051 757 2121 ετάγην⁸
809 2050 952 2103 ὥστε
983 2046 1075 2104 οὖν
1104 2068 1192 2120 μοι
1218 2050 1313 2121 τὴν
1342 2049 1644 2117 ἀπολογίαν
1671 2050 1921 2119 γενέσθαι
1944 2050 2101 2103 εὔκο-

524 2140 637 2205 λον,
685 2141 1274 2211 συναντιλαμϐάνονταί
1335 2159 1445 2212 μοι.
1499 2142 1623 2194 Ἐὰν
1660 2142 1769 2213 γὰρ
1814 2143 2085 2213 εὑρεθῶσι

527 2234 713 2286 πολλοὶ
737 2236 786 2286 οί
814 2234 1215 2306 κατηχηθέντες
1250 2234 1659 2297 πιστεύσαντες,
1689 2234 1908 2297 εὔκολός
1939 2252 2029 2305 μοι
2068 2237 2102 2305 ἡ

530 2324 797 2392 ἀπολογία
835 2323 1007 2377 ἔσται.
1051 2323 1111 2377 Τί
1152 2322 1262 2393 γάρ
1283 2340 1300 2387 ;
1332 2322 1499 2390 πλὴν
1535 2324 1713 2376 παντί
1741 2325 1953 2392 τρόπῳ,
1983 2324 2104 2378 εἴτε

529 2415 848 2485 προφάσει,
877 2417 999 2469 εΖτε
1027 2415 1278 2484 ἀληθείᾳ
1326 2415 1578 2484 Χριστὸς
1614 2415 2101 2491 καταγγέλλεται.

532 2509 676 2578 Ὅρα
724 2507 785 2561 τὸ
832 2507 1121 2576 φιλόσοφον
1178 2506 1273 2560 τοῦ
1314 2506 1531 2577 ἀνδρός’
1586 2507 1645 2560 οὔ
1693 2508 1899 2578 σφόδρα
1925 2508 2105 2560 αὑτῶν

533 2602 933 2673 κατηγόρησεν,
957 2600 1073 2655 ἀλλ’
1097 2596 1219 2654 εἷπε
1251 2599 1311 2653 τὸ
1340 2600 1640 2670 γινόμενον.
1665 2600 1729 2653 Τί
1757 2601 1884 2672 γάρ,
1920 2603 2103 2671 φησὶν,

533 2695 657 2763 ἐμοὶ
697 2693 962 2764 διαφέρει,
997 2694 1063 2747 ἄν
1092 2710 1151 2745 τε
1203 2691 1396 2758 οὔτως,
1427 2693 1493 2747 ἀν
1540 2709 1598 2744 τε
1650 2692 1904 2759 ἐκείνως;
1966 2694 2108 2765 πλὴν

533 2787 698 2840 παντὶ
755 2786 959 2854 τρόπῳ,
1012 2786 1120 2837 εἴτε
1174 2785 1467 2855 προφάσει,
1514 2782 1665 2855 [2061
1726 2785 1834 2836 εἴτε
1878 2784 2108 2857 ἀληθείᾳ

535 2876 769 2948 Χριστὸς
815 2874 1263 2943 καταγγέλλεται.
1305 2874 1419 2928 Οὑκ
1448 2869 1588 2938 εἷπε,
1622 2874 2110 2943 Καταγγελλέσθω,

537 2965 863 3036 νομοθετῶν,
891 2964 1028 3018 ἀλλά
1077 2965 1293 3032 πρῶτον
1343 2966 1442 3035 μὲν
1479 2966 1540 3018 τὸ
1585 2964 1879 3033 συμϐαῖνον
1926 2968 2112 3037 ἀπήγ-

536 3058 710 3127 γειλε,
756 3057 1009 3129 δεύτερον
1054 3058 1135 3120 δὲ,
1164 3058 1214 3108 εί
1253 3057 1348 3108 καὶ
1389 3055 1695 3125 νομοθετῶν
1743 3056 1950 3126 ἔλεγεν,
1991 3059 2113 3113 οὑδὲ

538 3147 685 3201 οὔτω
710 3146 809 3211 τὰς
833 3147 1074 3217 αἱρέσεις
1101 3147 1343 3216 εἰσῆγεν.

612 3399 684 3461 γ’.
729 3391 1101 3461 Ἐξετάσωμεν
1117 3392 1186 3460 γά
1195 3410 1244 3463 ρ,
1262 3392 1310 3443 εί
1322 3390 1486 3456 δοκεῖ,
1502 3394 1561 3447 τὸ
1578 3396 1827 3466 πρᾶγμα,
1844 3397 1938 3449 καὶ
1953 3397 2117 3470 εὑρή-

544 3502 707 3556 σομεν
732 3526 747 3551 ,
789 3486 890 3550 ὅτι,
930 3474 976 3536 εί
1012 3484 1105 3536 καὶ
1143 3484 1312 3549 οὑτως
1363 3485 1631 3558 ἐπέτρεπε
1677 3488 1987 3559 κηρύττειν,
2039 3489 2116 3554 ὠς

542 3579 760 3641 ἐκεῖνοι,
810 3575 930 3629 οὑδὲ
982 3576 1153 3640 οὔτως
1199 3578 1448 3648 εἰσήγετο
1493 3578 1725 3648 αἵρεσιςο
1783 3579 1937 3646 Πῶςῖ
1995 3581 2116 3632 Ὅτι

543 3672 738 3723 ἐκεῖνοι
767 3668 932 3737 ὑγιῶς
963 3668 1061 3739 μὲν
1096 3668 1412 3739 ἐκήρυττον,
1442 3671 1470 3721 6
1503 3670 1703 3735 σκοπὸς
1737 3670 1794 3724 δὲ
1823 3672 1915 3725 καὶ
1943 3673 1977 3742 η
2002 3672 2117 3725 διά-

544 3779 681 3823 νοια,
716 3761 830 3830 μεθ’
860 3756 927 3833 ἦς
953 3760 1170 3813 ἐποίουν
1203 3758 1366 3824 οὔτω,
1403 3759 1712 3833 διέφθαρτο,
1751 3762 1812 3814 οὑ
1852 3763 1912 3815 τὸ
1945 3764 2117 3833 κήρυ-

545 3870 662 3921 γμα
686 3851 1001 3923 ἐνήλλακτο.
1037 3853 1146 3905 Kal
1171 3851 1367 3921 πολλὴν
1396 3848 1541 3922 εἶχον
1572 3853 1817 3923 ἀνάγκην
1849 3852 1991 3906 οὔτω
2019 3870 2119 3924 κη-

551 3942 783 4011 ρὺττειν.
832 3940 928 3993 Διά
973 3940 1059 4006 τί;
1098 3942 1217 3993 Ὅτι
1248 3943 1296 3993 εί
1330 3941 1529 4012 ἑτέρως
1570 3941 1873 4012 ἐκήρυξαν,
1907 3943 2004 4012 οὑχ
2043 3942 2119 4007 ὡς

550 4033 780 4095 Παῦλος,
822 4034 869 4085 εί
900 4032 1099 4104 ἑτέρως
1133 4033 1399 4097 ἐδίδαξαν,
1432 4034 1529 4103 οὑχ
1567 4034 1641 4096 ὡς
1668 4035 1895 4098 ἐκεῖνος,
1928 4036 2026 4088 οὑκ
2053 4034 2120 4088 ἂν

549 4124 647 4195 τὴν
670 4124 764 4177 τοῦ
814 4124 1077 4195 βασιλέως
1103 4124 1272 4196 ὀργὴν
1303 4124 1568 4195 ηὔξησαν·
1602 4123 1695 4177 νῦν
1724 4126 1781 4178 δὲ
1810 4125 1889 4195 τῷ
1917 4126 1977 4179 τὸ
2016 4127 2119 4196 κή-

553 4232 739 4286 ρυγμα
769 4215 933 4268 αὑτοῦ
963 4213 1147 4280 αὔξειν
1184 4217 1279 4269 καὶ
1305 4215 1501 4286 ὁμοίως
1527 4215 1817 4280 διδάσκειν,
1854 4220 1945 4270 καὶ
1974 4217 2120 4281 ἴσους

549 4306 698 4378 αὑτῷ
726 4307 970 4377 μαθητὰς
997 4311 1187 4369 ποιεῖν,
1226 4308 1452 4377 ίσχυσαν
1484 4308 1865 4377 ἐκπολεμῶσαι
1902 4309 1993 4361 τὸν
2028 4309 2122 4379 βα-

553 4397 727 4462 σιλέα,
760 4397 854 4450 ἆτε
884 4398 1078 4451 πολλοῦ
1116 4398 1209 4450 τοῦ
1247 4397 1483 4468 πλήθους
1516 4398 1625 4451 τῶν
1654 4398 1911 4468 μαθητῶν
1939 4416 2125 4467 φαινο-

552 4490 740 4559 μένου.
773 4489 931 4543 Ἀλλά
948 4506 1028 4552 τις
1054 4490 1246 4561 μιαρὸς
1269 4491 1360 4543 καὶ⁸
1380 4489 1723 4560 ἀναίσθητος,
1742 4490 2125 4561 ἐπιλαϐόμενος

550 4579 646 4632 τοῦ
676 4579 875 4649 χωρίου
901 4580 1112 4641 τούτου,
1140 4580 1290 4649 φησί·
1315 4580 1423 4632 Kal
1449 4581 1554 4650 μὴν
1582 4581 1642 4632 τὸ
1665 4582 1905 4635 ἐναντίον
1939 4584 2128 4652 εἰργά-

555 4687 717 4723 σαντο
761 4671 846 4733 ἀν,
886 4672 1012 4734 τοὺς
1053 4672 1153 4742 ἤδη
1186 4672 1617 4735 πεπιστευκότας
1660 4674 1966 4744 ἀπήλασαν,
2010 4675 2128 4744 οὑχὶ

554 4762 680 4824 τοὺς
710 4764 935 4825 πιστοὺς
954 4762 1230 4815 ἐπιδοῦναι
1261 4762 1519 4832 ἐποίησαν
1542 4762 1628 4826 ἂν,
1656 4765 1706 4816 εί
1736 4782 1798 4833 γε
1822 4766 2008 4818 δακεῖν
2030 4768 2128 4819 αὑ-

555 4852 646 4905 τὸν
681 4851 981 4907 ἐϐούλοντο.
1020 4854 1087 4905 Τί
1127 4849 1218 4907 οὑν
1252 4854 1518 4924 ἐροῦμεν;
1556 4856 1674 4908 ’Ὁτι
1706 4856 1839 4927 πρὸς
1872 4857 1930 4910 ἓν
1956 4838 2130 4913 ιτοῦτο

558 4942 743 5014 ἐώρων
787 4944 1004 5007 ἐκεῖνοι,
1052 4944 1112 4998 τὸ
1165 4945 1429 5002 κινδύνοις
1469 4947 1632 5002 αὑτὸν
1666 4950 1980 5020 περιϐαλεῖν
2016 4955 2130 5014 τοῖς

558 5033 813 5105 παροῦσι,
850 5034 908 5087 τὸ
944 5034 1017 5105 μὴ
1053 5036 1270 5104 ἀφεῖναι
1307 5036 1612 5107 διαφυγεῖνο
1653 5042 1748 5095 καὶ
1786 5042 1959 5113 τούτῳ
1992 5043 2131 5113 μάλ-

558 5127 651 5179 λον
684 5125 851 5195 ᾤοντο
875 5126 1035 5179 αὑτὸν
1063 5125 1273 5195 λυπεῖν,
1313 5131 1493 5184 καὶτὸ
1529 5133 1785 5203 κήρυγμα
1824 5134 2125 5201 σϐεννύναι,

559 5218 596 5288 ἢ
628 5218 871 5282 ἐκείνως.
909 5218 1140 5291 Ἑτέρως
1162 5222 1261 5290 μὲν
1282 5223 1388 5293 γὰρ
1418 5223 1483 5277 ἂν
1505 5225 1599 5277 καὶ
1620 5224 1847 5279 ἔσϐεσαν
1863 5226 1955 5280 τοῦ
1979 5227 2132 5297 βασι-

561 5310 698 5373 λέως
726 5310 826 5382 τὴν
863 5310 1050 5381 ὀργὴν,
1082 5315 1176 5365 καὶ
1210 5313 1429 5385 ἀφῆκαν
1460 5316 1526 5369 ἀν
1558 5314 1814 5383 ἐξελθεῖν,
1847 5319 1940 5371 καὶ
1970 5319 2131 5374 πάλιν

564 5401 817 5472 κηρῦξαι’
857 5400 999 5455 οὔτω
1040 5402 1097 5455 δὲ
1139 5404 1206 5456 δι’
1238 5406 1396 5459 αὑτὸν
1429 5407 1490 5459 τὸ
1526 5410 1635 5461 πᾶν
1668 5410 1806 5463 ἐλεῖν
1847 5410 2129 5480 ἐνόμιζον,

564 5493 845 5555 ἀνελόντες
875 5494 1054 5547 αὑτόν.
1084 5495 1193 5548 Kal
1224 5497 1381 5549 τοῦτο
1405 5500 1505 5551 οὑκ
1534 5494 1603 5569 ἦν
1634 5501 1742 5552 τῶν
1773 5501 1982 5555 πολλῶν
2012 5520 2134 5557 συν-

567 5584 716 5647 ιδεῖν,
735 5584 872 5637 ἀλλά
893 5585 1105 5656 πικρῶν
1119 5602 1278 5639 τινων
1298 5588 1393 5640 καὶ
1413 5590 1616 5659 σφόδρα
1642 5591 1949 5663 μοχθηρῶν.
1975 5590 2130 5660 Εἶτα,

567 5674 678 5727 Καὶ
706 5675 777 5727 ἐν
804 5677 1010 5743 τούτῳ,
1041 5678 1197 5746 φησὶ,
1231 5680 1431 5747 χαίρω,
1454 5681 1614 5734 ἀλλὰ
1642 5682 1741 5735 καὶ
1776 5685 2130 5754 χαρήσομαι.

568 5764 635 5816 Τί
668 5765 834 5831 ἐστιν,
878 5767 1063 5821 Ἀλλὰ
1092 5771 1465 5839 χαρήσομαι;
1510 5770 1626 5826 Κάν
1665 5773 1940 5828 ὲπιπλεῖον
1969 5778 2132 5848 γένη-

570 5871 682 5919 ται,
720 5857 899 5925 φησίν.
944 5860 1097 5926 Ἐμοὶ
1145 5860 1254 5930 γὰρ
1302 5864 1710 5934 συμπράττουσι
1753 5869 1845 5920 καὶ
1891 5868 2128 5935 ἄκοντες,

1214 475 1272 533 S.
1311 473 1597 532 JOANNIS
1631 470 2121 530 CHRYSOSTOMI
2159 469 2477 526 ARCHIEP.
2519 467 3067 526 CONSTANTINOP.

3650 473 3745 531 ἰθύ

2190 586 2283 638 καὶ
2305 584 2414 637 τῶν
2434 584 2614 647 αὑτοῖς
2639 585 3026 655 πεπονημένων
3051 585 3241 637 ἐκεῖνοι
3266 585 3361 655 μὲν
3382 585 3620 648 κόλασιν,
3644 584 3747 654 ἐγὼ

2186 678 2243 730 δὲ
2273 678 2300 729 6
2336 676 2498 747 μηδὲν
2540 676 3006 747 συμϐαλλόμενος,
3048 678 3243 746 -μιτθὸν
3286 678 3548 747 λήψομαι.
3608 673 3750 749 Ἀρι

2196 764 2316 818 ἐστι
2344 783 2395 819 τι
2440 764 2531 818 τοῦ
2566 766 2809 819 διαϐόλου
2843 768 3198 839 μιαρώτερον,
3227 768 3319 821 τοῦ
3354 770 3615 839 κήρυγμα
3640 770 3750 821 ἐπι-

2188 857 2477 924 νοήσαντος
2506 856 2861 920 ἀναδέξασθαι
2882 858 3101 911 κόλασιν
3128 861 3239 921 τοῖς
3262 857 3607 929 πειθομένοις
3628 876 3752 929 προσ

2191 947 2373 1013 ξενοῦν
2398 966 2411 1014 ;
2445 949 2608 1020 Ὁρᾷς
2634 950 2819 1013 πόσοις
2841 953 3032 1013 κακοῖς
3052 952 3175 1014 τοὺς
3198 951 3387 1003 ἑαυτοῦ
3412 969 3477 1003 πε
3488 953 3751 1023 ριπείρει;

2190 1040 2409 1094 κόλασιν
2437 1042 2527 1093 καὶ
2558 1040 2824 1111 τιμωρίαν
2855 1043 3036 1103 αὑτοῖς
3065 1044 3128 1096 ἐκ
3159 1042 3253 1095 τοῦ
3288 1044 3640 1115 κηρύγματος
3666 1046 3753 1097 καὶ

2190 1130 2299 1184 τῶν
2328 1132 2505 1183 πόνων
2529 1131 2734 1184 ἐπινοεῖ
2756 1131 2978 1187 τούτων.
3006 1134 3116 1186 Καὶ
3139 1136 3287 1197 ποῖος
3306 1133 3370 1188 ἀν
3390 1135 3548 1198 ἄλλος
3574 1135 3756 1205 ἐχθρὸς

2192 1226 2288 1276 καὶ
2318 1224 2575 1293 πολέμιος
2607 1224 2706 1293 τῆς
2737 1227 2961 1279 ἐκείνων
3000 1227 3269 1299 σωτηρίας
3293 1228 3354 1280 τὸ
3391 1230 3498 1281 πᾶν
3527 1228 3671 1281 οὔτω
3694 1229 3759 1280 δι-

2197 1315 2413 1385 έθηκεν;
2432 1316 2592 1387 Ὀρᾷς
2608 1318 2688 1369 δτι
2705 1319 2734 1370 6
2753 1318 2850 1386 τὴν
2869 1318 3125 1389 ἀλήθειαν
3144 1319 3387 1389 πολεμῶν
3403 1320 3552 1373 οὑδέν
3570 1320 3755 1389 ίσχύει,

2207 1406 2320 1459 ἀλλ’
2345 1404 2533 1457 ἑαυτὸν
2564 1406 2785 1476 πλήττει
2817 1409 3015 1478 μᾶλλον
3036 1449 3051 1474 ,
3086 1408 3160 1473 ὡς
3187 1411 3214 1463 ὁ
3252 1409 3385 1479 πρὸς
3430 1411 3634 1481 κέντρα
3671 1411 3758 1464 λα-

2194 1496 2430 1560 κτίζωνς
2465 1492 2608 1549 Οἶδα
2628 1498 2759 1565 γὰρ,
2790 1498 2974 1568 φησιν,
3016 1498 3105 1551 ὅτι
3129 1497 3307 1551 τοῦτό
3332 1518 3432 1569 μοι
3461 1501 3758 1569 ἀποϐήσε-

2195 1605 2290 1641 ται
2326 1591 2407 1653 είς
2435 1590 2738 1656 σωτηρίαν
2766 1589 2864 1643 διὰ
2884 1590 2994 1657 τῆς
3016 1589 3181 1659 ὑμῶν
3207 1590 3488 1657 δεήσεως,
3520 1593 3619 1645 καί
3644 1593 3762 1645 ἑπι-

2196 1680 2480 1748 χορηγίας
2509 1681 2615 1734 τοῦ
2663 1682 3009 1750 Πνεύματος
3057 1683 3251 1749 Ἰησοῦ
3290 1684 3565 1751 Χριστοῦ.
3603 1686 3762 1738 Οὑδέν

2196 1771 2291 1824 τοῦ
2337 1771 2581 1825 διαϐόλου
2633 1771 2971 1845 μιαρώτερον
2997 1790 3010 1804 ·
3069 1773 3211 1827 οὔτω
3266 1774 3538 1846 πανταχοῦ
3588 1778 3764 1840 πόνοις

2200 1860 2475 1927 ἀνονήτοις
2506 1862 2630 1923 τοὺς
2669 1862 2862 1915 ἑαυτοῦ
2895 1864 3206 1931 περιϐάλλει
3230 1904 3245 1926 ,
3302 1867 3394 1917 καὶ
3420 1866 3645 1938 διασπᾷο
3679 1871 3766 1921 καὶ

2199 1950 2261 2001 οὑ
2287 1952 2446 2021 μόνον
2477 1950 2583 2003 τῶν
2615 1950 2766 2023 [207]
2791 1953 3039 2006 ἐπάθλων
3067 1955 3167 2007 οὑκ
3190 1956 3378 2025 ἀφίησι
3404 1959 3607 2026 τυχεῖν,
3638 1960 3768 2011 ἀλὶά

2201 2042 2295 2095 καὶ
2325 2042 2597 2108 κολάσεως
2638 2044 2974 2108 ὑπευθύνους
3002 2049 3172 2099 ποιεῖν
3195 2043 3352 2101 οἶδεν.
3386 2049 3459 2101 Οὑ
3478 2047 3590 2119 γάρ
3616 2051 3768 2117 μόνον

2203 2132 2481 2202 κήρυγμα,
2520 2133 2655 2186 ἀλλά
2685 2135 2777 2188 καὶ
2806 2136 3058 2205 νηστείαν
3082 2136 3335 2208 τοιαύτην
3364 2139 3456 2191 καὶ
3479 2140 3770 2209 παρθενίαν

2205 2224 2385 2287 αὑτοῖς
2420 2225 2730 2294 νομοθετεῖ,
2764 2227 2801 2297 ἢ
2833 2229 2893 2280 οὑ
2937 2230 3095 2299 μόνον
3140 2230 3346 2300 μισθῶν
3389 2232 3774 2301 ἀποστερήσει,

2203 2314 2338 2369 ἀλλά
2375 2318 2464 2369 καὶ
2495 2317 2636 2388 μέγα
2679 2320 2847 2373 κακὸν
2890 2320 3080 2386 ἐπάξει
3125 2323 3237 2385 τοῖς
3284 2322 3451 2392 αὐτὴν
3483 2322 3732 2393 μετιοῦσι
3759 2341 3773 2353 ν

2206 2410 2333 2479 περὶ
2364 2404 2438 2462 ὧν
2466 2428 2597 2480 φησι
2628 2413 2723 2464 καὶ
2745 2412 2976 2483 ἀλλαχοῦ
2998 2428 3012 2441 ·
3038 2417 3619 2483 Κεκαυτηριασμένοι
3662 2417 3778 2483 τὴν

2209 2499 2367 2553 ίδίαν
2413 2500 2793 2571 συνείδησιν.
2851 2503 2941 2556 Διὸ
2985 2505 3308 2577 παρακαλῶ.
3365 2506 3503 2578 ὑπὲρ
3562 2508 3781 2560 πάντων

2207 2592 2613 2662 εὑχαριστῶμεν
2659 2593 2738 2664 τῷ
2785 2593 2922 2666 Θεῷ,
2967 2596 3048 2649 ὅτι
3080 2598 3211 2665 ἡμῖν
3259 2599 3350 2651 καὶ
3406 2602 3531 2663 τοὺς
3583 2602 3783 2664 πόνους

2208 2684 2529 2753 ἐπεκούφισε
2551 2726 2565 2749 ,
2595 2686 2689 2738 καὶ
2734 2688 2856 2751 τοὺς
2895 2688 3117 2757 μισθοὺς
3165 2688 3415 2760 ηὔξησεν.
3450 2684 3553 2745 Ὧν
3594 2692 3708 2765 γὰρ
3735 2694 3783 2745 οί

2208 2776 2339 2847 παρ’
2366 2778 2497 2845 ⁴ἡμῖν
2528 2775 2831 2846 γαμοῦντες
2865 2779 3157 2850 σωφρόνως
3185 2780 3513 2835 ἀπολαύουσι
3547 2784 3785 2852 μισθῶν,

2209 2866 2310 2919 οὑκ
2342 2866 2705 2920 ἀπολαύουσιν
2734 2870 2780 2921 οἱ
2810 2870 3229 2941 παρθενεὺοντες
3256 2873 3385 2944 παρ’
3417 2874 3620 2937 αὐτοῖς,
3647 2876 3788 2929 ἀλλά

2210 2960 2277 3027 τῇ
2308 2958 2415 3011 τῶν
2441 2961 2811 3030 πορνευόντων
2839 2962 2889 3013 οἱ
2935 2962 3350 3034 παρθενεύοντες
3379 2964 3526 3035 παρὰ
3558 2968 3673 3029 τοῖς
3707 2969 3791 3020 αἱ-

2216 3053 2445 3118 ρετικοῖς
2474 3050 2906 3123 δίκῃ·γεγόνασιν
2926 3054 3233 3108 ὑπεύθυνοι.
3262 3055 3468 3121 Πόθεν;
3512 3058 3611 3110 Ἐκ
3639 3060 3742 3111 τοῦ
3764 3073 3789 3101 ι

2218 3142 2293 3210 μὴ
2326 3141 2469 3212 ὀρθῷ
2504 3144 2693 3215 σκοπῷ
2725 3162 2777 3198 τι
2813 3149 3006 3211 ποιεῖν,
3040 3147 3153 3200 ἀλλ’
3179 3150 3271 3201 ἐπὶ
3300 3148 3516 3221 διαϐολῇ
3548 3152 3663 3205 τῶν
3694 3152 3791 3205 τοῦ

2215 3232 2350 3285 Θεοῦ
2384 3235 2699 3304 κτισμάτων
2726 3238 2818 3289 καὶ
2848 3239 3158 3309 ἀπορρήτου
3210 3242 3399 3309 σοφίας
3450 3242 3639 3297 αὑτοῦ.
3701 3246 3795 3316 Μὴ
3854 3286 3862 3293 .

2214 3322 2278 3393 δὴ
2307 3324 2662 3396 ῥαθυμῶμεν·
2696 3328 2896 3381 ἔδωκεν
2918 3332 3049 3400 ἡμῖν
3074 3333 3103 3383 ό
3121 3332 3253 3396 Θεὸς
3277 3334 3624 3406 συμμέτρους
3641 3338 3795 3405 ἀγῶ-

2215 3433 2329 3480 νας,
2361 3417 2550 3471 οὑδένα
2584 3419 2745 3473 πόνον
2774 3420 3018 3492 ἔχοντας.
3061 3423 3219 3476 Ἀλλά
3253 3424 3327 3494 μὴ
3356 3428 3797 3497 καταφρονῶμεν

2215 3507 2303 3561 διὰ
2332 3507 2506 3564 τοῦτο.
2530 3511 2592 3563 Εἰ
2622 3510 2734 3581 γάρ
2757 3514 2805 3564 οί
2828 3514 3092 3584 αἱρετικοὶ
3135 3517 3534 3569 κατατείνουσιν
3562 3520 3799 3583 ἑαυτοὺς

2217 3598 2399 3661 πόνοις
2428 3600 2726 3671 ἀνονήτοις,
2755 3602 2840 3663 τίς
2868 3604 2997 3672 ἡμῖν
3028 3602 3179 3655 ἔσται
3201 3603 3463 3669 ἀπολογία
3494 3606 3631 3681 μηδέ
3657 3609 3795 3671 τοὺς

2228 3690 2536 3754 ἐλάττονας,
2577 3694 2669 3745 καλ⁸
2701 3692 2917 3745 πλείονα
2960 3694 3147 3763 μισθὸν
3184 3695 3403 3764 ἔχοντας
3446 3697 3801 3768 βουλομένοις

2223 3782 2467 3849 ἐνεγκεῖν
2491 3798 2506 3845 ;
2529 3783 2593 3834 Τί
2618 3785 2723 3851 γὰρ
2751 3785 3023 3853 φορτικὸν,
3043 3786 3094 3837 τί
3112 3785 3168 3837 δὲ
3184 3786 3413 3855 ἐπαχθὲς
3436 3787 3543 3840 τῶν
3563 3789 3803 3857 ἐπιταγ-

2233 3873 2418 3941 μάτων
2446 3872 2540 3925 τοῦ
2576 3874 2845 3944 Χριστοῦ;
2900 3868 2978 3927 Οὐ
3018 3875 3242 3928 δύνασαι
3284 3877 3668 3946 παρθενεύειν;
3709 3881 3801 3945 ἐξ·

2224 3963 2340 4015 εστί
2358 3981 2437 4016 σοι
2458 3966 2677 4034 γαμεῖν.
2697 3967 2768 4017 Οὑ
2791 3966 3016 4020 δύνασαι
3043 3968 3256 4021 πάντων
3279 3968 3468 4022 ἑαυτὸν
3489 3972 3693 4024 ἀποσπ
3704 3973 3805 4043 ρῆ-

2223 4071 2312 4107 σαι
2340 4054 2446 4107 τῶν
2480 4055 2619 4122 σῶν;
2657 4056 2833 4120 ἔξεστί
2873 4075 2953 4111 σοι
2986 4058 3094 4111 ἀπὸ
3137 4058 3246 4112 τῶν
3292 4060 3460 4114 όντων
3495 4068 3763 4132 χορηγεῖν
3787 4082 3800 4093 ·

2228 4144 2298 4197 Τὸ
2351 4142 2517 4213 ὑμῶν
2572 4148 2983 4217 περίσσευμα,
3038 4150 3238 4218 φησὶν,
3298 4153 3386 4217 είς
3433 4152 3499 4204 τὸ
3544 4155 3805 4207 ἐκείνων

2222 4235 2544 4305 ὑστέρημα.
2585 4238 2766 4290 Ταῦτα
2805 4240 2910 4309 γὰρ
2940 4235 3077 4293 εἶναι
3108 4240 3253 4293 δοκεῖ
3283 4246 3536 4313 φορτικὰ,
3569 4248 3797 4316 χρημά-

2222 4343 2331 4380 των
2373 4328 2515 4396 λέγω
2564 4332 2941 4400 καταφρονεῖν,
2990 4334 3083 4385 καὶ
3132 4334 3425 4405 ἐπιθυμίας
3470 4341 3801 4411 σωματικῆς

2226 4421 2624 4489 περιγενέσθαι·
2672 4422 2741 4475 τά
2770 4423 2826 4475 δὲ
2857 4423 2992 4477 ἄλλα
3031 4425 3285 4497 οὐδεμιᾶς
3324 4427 3491 4481 δεῖται
3526 4429 3800 4501 δαπάνης,

2227 4513 2478 4584 οὐδεμιᾶς
2510 4514 2645 4584 βίας.
2683 4516 2819 4569 Ποία
2846 4516 2973 4587 γὰρ,
3006 4518 3127 4571 εἰπέ
3156 4536 3267 4589 μοι,
3298 4519 3387 4590 βία
3415 4520 3473 4573 τὺ
3504 4525 3578 4591 μὴ
3611 4524 3803 4587 κακῶς

2230 4608 2423 4671 εἰπεῖν,
2468 4608 2602 4678 μηδέ
2648 4608 2950 4662 διαϐάλλειν
2983 4606 3202 4675 ἀπλῶς;
3251 4612 3377 4665 ποία
3408 4612 3465 4664 δὲ
3509 4612 3597 4681 βία
3630 4616 3695 4667 τὸ
3726 4616 3803 4685 μὴ

2233 4696 2542 4765 βασκαίνειν
2570 4701 2679 4761 τοῖς
2708 4699 2908 4769 ἐτέρων
2937 4700 3199 4768 ἀγαθοῖς;
3252 4702 3283 4772 ἥ
3329 4702 3457 4755 ποία
3500 4705 3589 4773 βία
3620 4706 3683 4758 τὸ
3727 4708 3803 4777 μὴ

2230 4786 2352 4858 δόξῃ
2388 4789 2584 4841 ἁλῶναι
2609 4805 2622 4853 ;
2654 4790 2726 4842 Τὸ
2755 4790 3132 4860 βασανίζεσθαι
3158 4792 3253 4846 καὶ
3273 4794 3476 4864 φέρειν,
3504 4799 3804 4869 καρτερίας

2231 4880 2373 4932 ἐστί’
2402 4882 2715 4952 καρτερίας,
2758 4884 2853 4936 καὶ
2901 4884 3212 4955 φιλοσοφίαν
3240 4887 3447 4940 ἀσκεῖν·
3480 4891 3805 4959 καρτερίας.

2230 4972 2291 5025 τὸ
2344 4975 2533 5025 πενίαν
2590 4974 2918 5044 διενεγκεῖν⁶
2978 4964 3302 5049 καρτερίας,
3344 4980 3404 5031 τὸ
3453 4979 3594 5050 λιμῷ
3629 4998 3805 5051 προσ-

2235 5064 2493 5119 παλαῖσαι
2522 5067 2616 5119 καὶ
2643 5066 2803 5136 δίψει.
2840 5067 3007 5121 Ὅταν
3034 5070 3090 5122 δέ
3141 5070 3306 5140 μηδὲν
3343 5071 3542 5124 τούτων
3578 5066 3649 5144 ᾖ,
3687 5072 3805 5125 ἀλλ’

2233 5157 2441 5221 ἔξεστιν
2459 5158 2794 5213 ἀπολαύοντα
2810 5160 2915 5213 τῶν
2927 5160 3112 5225 ὄντων,
3125 5162 3199 5225 ὡς
3211 5164 3255 5215 Χ
3264 5164 3515 5233 ριστιανῷ
3528 5182 3632 5234 προ
3641 5166 3805 5235 σῆκε,

2236 5250 2311 5320 μὴ
2344 5250 2556 5318 φθονεῖν
2590 5254 2701 5313 τοῖς
2731 5252 2952 5322 ἐτέρων,
2978 5254 3106 5305 ποία
3138 5253 3228 5323 βία
3250 5272 3264 5319 ;
3290 5256 3596 5326 Οὑδαμόθεν
3640 5258 3807 5310 ἀλλο-

2235 5340 2324 5394 θεν
2341 5342 2368 5394 6
2383 5340 2594 5409 φθόνος,
2613 5342 2730 5395 ἀλλ’
2758 5345 2821 5396 ἐκ
2836 5342 2931 5395 τοῦ
2956 5344 3381 5417 προστετηκέναι
3402 5351 3512 5410 τοῖς
3539 5349 3804 5418 παροῦσι,

2239 5434 2436 5505 μᾶλλον
2467 5435 2523 5489 δὲ
2571 5439 2745 5491 πάντα
2775 5440 2841 5492 τά
2874 5440 3035 5493 κακά.
3080 5441 3142 5493 Εἰ
3187 5441 3294 5512 γὰρ
3344 5442 3505 5511 μηδὲν
3552 5443 3809 5513 ἐνόμιζες

2236 5522 2374 5579 εἶναι
2410 5528 2478 5580 τά
2498 5532 2773 5601 χρήματα,
2807 5532 2900 5585 καὶ
2930 5534 3028 5603 τὴν
3049 5533 3206 5597 δόξαν
3234 5532 3327 5587 τοῦ
3351 5538 3554 5605 κόσμου
3586 5538 3807 5604 τούτου,

2237 5618 2337 5671 οὑκ
2376 5618 2440 5673 ἀν
2467 5623 2578 5684 τοῖς
2607 5620 2820 5692 ἔχουσάν
2848 5623 3175 5695 ἐϐάσκηνας.

2305 5892 2327 5920 ⁸
2359 5890 2534 5950 Πόθεν,
2562 5886 2629 5939 sic
2650 5902 2766 5939 mss.
2794 5887 2922 5940 Edili
2948 5902 3078 5951 vero,
3102 5892 3154 5939 τὸ
3176 5892 3223 5939 δὲ
3244 5898 3331 5939 πᾶν
3351 5893 3401 5941 ἐκ
3420 5889 3520 5940 τοῦ.
