3974 6526
143 334 236 388 193

138 463 321 523 mtas
347 447 577 502 dabunt.
605 444 693 498 17.
728 438 948 510 Quidam
995 452 1109 491 vero
1134 450 1197 488 ea:
1233 426 1475 497 caritate,
1506 433 1716 487 scientes

138 544 377 615 quoniam
423 543 477 592 in
512 535 853 607 defensionem
883 528 1129 598 euangelii
1166 526 1356 596 positus
1399 541 1528 578 sum.
1579 523 1716 615 Quid

141 614 234 691 est.
270 632 342 684 In
364 629 712 698 defensionem
740 620 983 691 evangelii
1011 619 1201 689 positus
1224 617 1381 670 sum?
1408 615 1462 669 Id
1490 623 1589 679 est,
1616 614 1719 669 hoc

142 731 493 795 prmStantes,
524 727 579 771 ut
607 733 675 771 ne
703 713 832 769 mihi
878 712 929 766 in
974 709 1269 765 rationibus
1296 709 1407 762 Deo
1433 706 1719 761 reddendis

140 815 290 868 \alde
320 808 676 868 laborandum
703 804 806 867 sit,
860 812 914 858 et
940 800 1191 872 quiddam
1236 799 1366 854 mihi
1393 797 1614 853 subsidii
1650 797 1718 852 ad

134 906 507 967 defensionem
534 898 843 953 afferentes.
872 894 985 949 Hoc
1012 901 1114 958 est,
1157 891 1348 947 Iussus
1376 906 1491 945 sum
1521 889 1716 960 praedi-

132 1012 291 1060 ure;
322 995 568 1049 rationes
593 988 723 1042 mihi
747 985 1031 1041 reddendae
1056 993 1201 1047 sunt,
1228 997 1292 1037 ac
1311 981 1549 1037 defensio
1571 995 1720 1035 com-

132 1084 375 1153 paranda
408 1097 505 1153 pro
549 1078 801 1151 imposito
842 1076 973 1130 mihi
1016 1073 1231 1129 officio:
1277 1074 1453 1143 igitur,
1496 1080 1555 1126 ut
1600 1085 1718 1126 mea

137 1176 382 1232 defensio
412 1174 482 1227 sit
510 1171 733 1233 facilior,
764 1166 1076 1236 adjumento
1118 1164 1250 1219 mihi
1295 1175 1438 1220 sunt.
1480 1163 1714 1230 Etenim,

138 1287 177 1323 st
204 1267 365 1321 multi
398 1265 594 1318 inventi
633 1261 829 1316 fuerint
854 1259 946 1329 qui
968 1257 1288 1314 catechesim
1318 1257 1621 1327 acceperint
1663 1265 1720 1311 et

140 1357 488 1421 crediderint,
516 1353 683 1408 facilis
710 1350 841 1405 mihi
862 1350 1104 1405 defensio
1126 1350 1248 1405 erit.
1272 1348 1358 1405 l8.
1387 1349 1521 1417 Quid
1546 1349 1676 1402 enim
1694 1350 1720 1403 .9

141 1456 254 1507 dum
275 1449 423 1502 omni
450 1447 600 1499 modo
620 1446 724 1501 sive
754 1460 842 1514 per
867 1443 1200 1503 occasionem,
1230 1442 1333 1495 sive
1349 1458 1437 1512 per
1460 1443 1719 1496 ueritatem

141 1540 372 1594 Christus
402 1537 755 1591 annuntiatur.
784 1532 916 1587 Vide
943 1533 1039 1586 viri
1067 1531 1455 1601 philosophiam
1485 1549 1499 1586 :
1529 1546 1634 1587 non
1664 1532 1718 1586 in

144 1633 252 1686 illos
278 1631 634 1686 vehementer
656 1628 900 1680 invectus
926 1634 1032 1690 est,
1052 1625 1367 1679 sed'factum
1398 1625 1569 1696 ipsum
1595 1639 1719 1679 nar-

145 1723 297 1778 ravit.
324 1720 468 1789 Quid
495 1720 636 1775 enim
664 1731 800 1779 mea,
826 1716 1016 1786 inquit,
1048 1715 1295 1782 interest,
1322 1725 1498 1770 utrum
1528 1715 1627 1770 hoc
1650 1730 1721 1772 an

146 1817 231 1871 illo
256 1814 467 1869 modo?
503 1812 547 1866 si
579 1808 928 1864 nihilominus
947 1808 1061 1861 sive
1087 1807 1399 1871 occasione,
1425 1806 1538 1861 sive
1580 1807 1721 1861 veri-

145 1918 246 1964 tate
269 1907 525 1963 Christus
550 1904 751 1957 interea
774 1900 1156 1955 annnntiatur’l
1180 1898 1294 1954 Non
1316 1898 1469 1967 dixit,
1500 1902 1721 1954 Annun-

147 2002 321 2062 tiatur,
366 1994 522 2064 quasi
567 1993 737 2062 legem
782 1989 1001 2056 ferens,
1044 1989 1141 2044 sed
1190 1990 1419 2059 primum
1472 2000 1718 2045 eventum

150 2097 309 2162 ipsum
340 2084 586 2141 narravit
612 2101 627 2147 ;
659 2082 874 2149 deinde,
904 2082 1063 2135 etiam
1107 2080 1152 2134 si
1196 2080 1366 2150 legem
1395 2080 1573 2135 ferens
1618 2080 1722 2136 hoc

150 2183 411 2243 dixisset,
470 2190 578 2231 non
610 2183 891 2245 propterea
941 2171 1232 2226 haeresibus
1267 2170 1469 2226 aditum
1515 2168 1720 2241 patefe-

147 2271 315 2324 cisset.
433 2328 437 2331 τ

205 2362 259 2417 3.
292 2360 434 2415 Rem
463 2357 608 2413 enim
641 2357 835 2424 ipsam,
861 2354 904 2409 si
936 2354 1083 2420 libet,
1112 2353 1477 2423 expendamus
1500 2394 1516 2419 ,
1557 2365 1613 2409 et
1638 2354 1723 2408 in-

143 2456 442 2525 telligemus
470 2451 732 2521 profecto,
754 2449 913 2503 etiam
950 2450 994 2502 si
1030 2447 1096 2501 ad
1130 2462 1253 2502 eum
1282 2447 1499 2502 modum
1529 2446 1723 2517 praedi-

141 2565 257 2604 care
280 2546 560 2618 jussisset,
602 2541 1050 2613 quemadmodum
1082 2541 1158 2594 illi
1190 2540 1584 2610 praadicabant;
1613 2554 1721 2594 non

140 2654 319 2696 tamen
366 2639 471 2693 hac
514 2635 723 2691 ratione
768 2634 960 2688 barresi
1005 2633 1182 2687 locum
1227 2632 1363 2687 dari.
1410 2631 1722 2699 Quomodo?

138 2732 412 2801 Quoniam
439 2728 516 2783 illi
540 2740 728 2783 sanam
750 2724 966 2795 quidem
1012 2724 1309 2778 doctrinam
1338 2721 1721 2792 pranlicabant,

139 2823 488 2894 propositum
514 2835 640 2875 vero
666 2833 730 2873 ac
749 2831 923 2884 mens,
950 2831 1052 2886 qua
1081 2815 1133 2870 id
1155 2814 1441 2878 faciebant,
1472 2824 1723 2884 corrupta

137 2927 280 2982 erat,
306 2930 423 2969 non
446 2922 614 2967 tamen
640 2918 700 2965 ut
721 2909 962 2965 doctrina
997 2906 1280 2978 praidicata
1311 2907 1604 2962 variaretur
1624 2906 1721 2977 (a).

140 3008 249 3065 Sed
283 3018 347 3063 ut
373 3004 562 3061 eodem
592 3002 753 3058 modo
779 2999 1153 3071 prazdicarent,
1182 3013 1372 3068 magna
1401 2997 1507 3053 illis
1551 2998 1725 3067 impo-

140 3104 239 3157 sita
268 3099 571 3156 necessitas
594 3105 730 3153 erat.
774 3093 1151 3164 Quapropter?
1178 3092 1461 3161 Quoniam,
1496 3092 1544 3148 si
1570 3092 1726 3147 aliter

141 3194 531 3265 prmdicassent
558 3205 621 3245 ac
654 3189 885 3255 Paulus;
927 3188 973 3242 si
1014 3187 1172 3243 aliter
1217 3187 1525 3243 docuissent
1566 3195 1725 3257 atque

142 3289 250 3349 ille,
284 3285 529 3355 profecto
560 3281 904 3353 Imperatoris
933 3281 1064 3335 iram
1093 3296 1202 3335 non
1239 3281 1554 3335 auxissent:
1583 3293 1726 3334 nunc

140 3394 270 3435 vero
301 3379 409 3431 hoc
450 3377 589 3445 ipso,
621 3372 763 3444 quod
793 3372 937 3428 illius
964 3371 1399 3442 praedicationem
1435 3371 1727 3427 dilatabant

142 3482 305 3540 atque
356 3468 553 3524 eadem
596 3466 898 3532 docebant,
947 3476 1002 3520 et
1048 3465 1250 3520 similes
1292 3466 1393 3520 sibi
1438 3474 1598 3536 atque
1635 3465 1727 3522 ille

142 3561 440 3630 discipulos
465 3557 865 3628 comparabant,
892 3556 1273 3627 Imperatorem
1301 3557 1513 3611 irritare
1536 3567 1727 3627 potue-

143 3664 287 3721 rant,
317 3662 466 3707 tanta
515 3651 896 3721 discipulorum
949 3649 1286 3705 multitudine
1333 3650 1628 3721 prodeunte
1672 3652 1726 3706 in

142 3754 517 3816 conspectum.
567 3742 673 3799 Sed
716 3742 1054 3813 importunus
1100 3741 1357 3812 quispiam
1398 3752 1456 3797 et
1502 3743 1726 3799 stolidus

144 3837 293 3892 hunc
323 3837 506 3890 locum
544 3834 943 3904 reprehendens
963 3875 978 3899 ,
1026 3834 1098 3888 ita
1123 3833 1264 3889 dicet
1296 3852 1310 3888 :
1340 3833 1451 3890 Imo
1491 3850 1621 3890 vero
1650 3835 1727 3890 illi

143 3928 478 3985 contrariam
505 3928 766 3982 rationem
794 3928 1005 3995 sequuti
1035 3935 1216 3981 essent
1236 3966 1251 3989 ,
1277 3928 1323 3979 si
1366 3926 1588 3981 Paulum
1636 3926 1728 3981 Ire-

146 4023 277 4078 dere
308 4021 616 4075 voluissent
641 4038 653 4074 :
684 4034 789 4074 non
810 4021 951 4074 enim
978 4018 1215 4073 fidelium
1246 4035 1523 4074 numerum
1553 4021 1727 4075 auxis-

147 4123 290 4180 sent,
319 4112 420 4168 sed
450 4127 545 4167 eos
572 4111 748 4181 potius
777 4111 865 4181 qui
878 4110 988 4180 jam
1014 4110 1377 4177 crediderunt,
1405 4111 1726 4181 abegissent.

148 4204 285 4272 Quid
303 4204 469 4274 igitur
489 4201 968 4272 respondebimus?
987 4202 1099 4256 Hoc
1114 4217 1275 4256 unum
1296 4201 1417 4256 illos
1435 4213 1725 4272 spectasse,

149 4306 208 4351 ut
232 4296 463 4353 Paulum
493 4295 843 4362 presentihus
863 4294 1112 4365 periculis
1139 4294 1639 4364 circumcingerent,
1665 4307 1729 4350 ut

153 4405 222 4445 ne
252 4390 407 4444 illum
428 4388 626 4442 dimitti
655 4388 914 4452 sinerent;
943 4396 1101 4457 atque
1122 4386 1221 4441 bac
1245 4388 1453 4441 ratione
1475 4390 1732 4457 putabant

150 4477 416 4549 majorem
446 4492 509 4532 se
538 4477 614 4531 illi
640 4476 880 4532 dolorem
905 4476 1181 4541 allaturos,
1213 4488 1371 4547 atque
1396 4479 1731 4547 evangelium

152 4570 517 4625 exstincturos
538 4609 554 4634 ,
586 4582 747 4638 quam
783 4569 828 4623 si
862 4568 982 4624 illos
1022 4569 1345 4638 abegissent.
1388 4568 1562 4625 Aliter
1588 4569 1732 4624 enim

155 4660 404 4716 faciendo
432 4668 491 4715 et
532 4658 873 4731 Imperatoris
894 4661 1025 4715 iram
1061 4660 1340 4717 sedassent
1362 4702 1379 4728 ,
1409 4671 1464 4717 et
1508 4661 1733 4717 Paulum

155 4752 303 4808 exire
322 4766 389 4806 ac
407 4765 597 4806 rursus
614 4750 903 4820 prmdicare
932 4752 1189 4807 sivissent
1209 4768 1224 4815 ;
1258 4753 1359 4807 hoc
1379 4762 1557 4809 autem
1574 4753 1734 4810 modo

158 4852 321 4898 totam
342 4857 409 4899 se
422 4857 541 4898 rem
559 4850 800 4898 evertere
816 4843 1335 4909 existimabant,cum
1353 4845 1525 4915 ipsum
1543 4844 1609 4900 de
1622 4860 1735 4901 me-

157 4933 247 4989 dio
272 4934 641 4989 sustulissent.
668 4932 849 5003 Neque
875 4948 1004 4989 vero
1033 4936 1186 4990 multi
1216 4936 1320 4990 huc
1360 4937 1732 5006 penetrabant,

156 5024 248 5079 sed
278 5025 451 5081 amari
472 5024 687 5095 quidam
716 5024 963 5080 homines
982 5035 1036 5081 et
1066 5027 1310 5097 improbi.
1334 5028 1557 5095 Deinde,
1590 5028 1658 5083 Et
1681 5030 1736 5083 in

158 5116 276 5184 hoc,
300 5116 491 5186 inquit,
518 5116 733 5187 gaudeo,
757 5116 846 5172 sed
875 5126 921 5171 et
941 5118 1186 5189 gaudebo.
1215 5120 1352 5187 Quid
1378 5121 1480 5176 hoc
1500 5132 1600 5187 est,
1630 5120 1747 5176 Sed

159 5218 205 5261 et
229 5207 464 5279 gaudebo
482 5208 509 5262 ?
534 5208 710 5262 Etiam
731 5208 798 5273 si,
814 5208 1004 5280 inquit,
1026 5213 1192 5281 magis
1208 5227 1271 5267 ac
1290 5214 1457 5283 magis
1480 5212 1532 5267 id
1554 5224 1732 5284 agant.

158 5299 302 5354 Nam
327 5300 412 5357 vel
453 5300 609 5355 inviti
645 5300 882 5358 actiones
907 5317 1056 5358 meas
1097 5304 1368 5375 adjuvant,
1417 5316 1472 5362 et
1496 5306 1738 5363 laborum

222 5498 309 5571 ta)
330 5496 814 5571 Sicextioisl‘i‘nieno
843 5507 896 5550 et
927 5512 992 5551 ex
1029 5499 1212 5571 Nobilio
1253 5503 1571 5552 restituimur».
1614 5503 1734 5571 Quae

160 5568 335 5607 autem
376 5559 459 5609 bis
494 5561 618 5611 dicit
645 5559 1025 5624 Chrysostomus,
1046 5564 1242 5623 omnino
1262 5574 1525 5616 consonant
1547 5559 1656 5615 cum
1677 5568 1738 5617 iis

162 5633 275 5680 quae
307 5621 503 5691 protulit
535 5624 585 5672 in
606 5622 815 5692 Homilia
838 5624 888 5672 in
911 5623 1041 5693 hunc
1062 5624 1289 5694 Epistula:
1313 5627 1371 5674 ad
1393 5625 1740 5698 Philippenses

162 5680 346 5726 iscum-
370 5692 475 5726 Sane
496 5697 583 5726 nter
598 5696 906 5726 occasionem;
930 5698 1028 5726 nam
1046 5700 1131 5726 m
1153 5693 1399 5726 minium
1418 5687 1633 5726 riu-mm
1648 5703 1736 5726 nn-

164 5687 347 5742 ιιι-ω,
370 5687 475 5734 sive
496 5697 583 5748 per
598 5687 909 5743 occasionem,
930 5687 1028 5736 sine
1046 5700 1131 5749 per
1153 5688 1399 5737 ueritatem
1418 5687 1633 5745 Christus
1648 5703 1736 5743 att-

163 5742 427 5799 muuirtur.
453 5748 574 5807 Qua:
597 5741 806 5799 habetur
821 5754 952 5800 Tom.
974 5747 1064 5811 III,
1088 5749 1182 5802 col.
1204 5750 1433 5800 511-512.

1057 320 1123 377 IN
1161 318 1374 376 EPIST.
1413 318 1506 374 AD
1542 314 1828 373 PHILIPP.
1865 315 2017 372 CAP.
2058 317 2100 372 I.
2141 317 2371 375 HOMIL.
2411 318 2477 375 II.

672 5561 1025 5624 thrysostomus,
1046 5564 1242 5623 omnino
1262 5574 1525 5616 consonant
1547 5561 1656 5615 cum
1677 5568 1749 5617 iis

3298 330 3324 386 1
3334 330 3411 387 91

1828 446 1963 501 quos
1988 432 2041 486 in
2085 431 2183 487 hac
2210 449 2268 487 re
2293 434 2623 503 impendunt,
2654 436 2753 505 ipsi
2779 436 2993 506 quidem
3022 452 3253 507 poenam,
3297 454 3402 511 ego

1823 538 1951 577 vero
1980 524 2067 592 qui
2095 538 2161 578 eo
2203 525 2336 579 nihil
2379 527 2621 590 confero,
2665 528 2965 583 mercedem
3002 529 3187 584 feram.
3231 530 3402 587 Estne

1823 612 2114 683 quidquam
2141 614 2356 669 diabolo
2382 616 2663 671 scelestius
2692 616 2793 672 hoc
2812 627 3026 687 agente,
3054 629 3111 674 ut
3137 625 3408 690 evangelii

1823 705 2092 773 susceptio
2120 705 2207 770 iis,
2258 706 2454 774 quibus
2479 708 2754 777 suscipere
2779 711 3145 778 persuaserit,
3197 714 3401 784 suppii-

1825 795 1966 849 cium
2015 797 2306 851 conciliet?
2334 788 2497 852 Vides
2543 800 2758 868 quantis
2802 801 2957 856 malis
3000 803 3231 873 undique
3272 820 3401 861 suos

1822 884 2126 956 perfodiat?
2168 901 2383 957 prunam
2434 888 2551 943 istis
2597 898 2654 944 et
2695 891 3011 960 supplicium
3056 910 3122 948 ex
3166 895 3397 965 ipsumet

1823 975 2204 1046 praedicatione
2229 987 2285 1032 et
2305 977 2581 1034 laboribus
2608 979 2661 1034 in
2692 995 2754 1036 ca
2794 984 3056 1053 susceptis
3086 984 3396 1043 fabricatur.

1824 1066 2021 1136 Ecquis
2047 1068 2183 1123 alius
2212 1068 2462 1125 inimicus
2487 1081 2647 1141 atque
2674 1071 2865 1138 hostis,
2893 1074 3149 1144 quidquid
3179 1077 3244 1131 ad
3274 1079 3400 1132 illo-

1824 1175 1943 1215 rum
1964 1160 2191 1217 salutem
2219 1162 2435 1229 faceret,
2461 1165 2539 1219 sic
2564 1164 2952 1235 disposuisset?
2982 1166 3237 1239 lntelligis
3262 1171 3400 1225 nihil

1822 1266 1945 1306 eum
1970 1267 2154 1327 posse,
2182 1255 2272 1324 qui
2300 1254 2563 1311 adversus
2587 1257 2867 1311 veritatem
2895 1258 3092 1313 bellum
3123 1260 3279 1330 gerit,
3300 1265 3399 1317 sed

1823 1346 2001 1415 potius
2011 1347 2244 1417 seipsum
2262 1348 2561 1415 vulnerare,
2577 1350 3026 1420 quemadmodum
3042 1353 3131 1422 qui
3145 1353 3399 1410 adversus

1824 1439 2094 1493 Stimulum
2121 1440 2404 1496 calcitrat?
2432 1441 2521 1497 l9.
2556 1442 2677 1497 Scio
2703 1445 2857 1509 enim,
2890 1444 3099 1513 inquit,
3148 1446 3266 1514 quia
3304 1446 3401 1500 hoc

1824 1533 1950 1586 mihi
1978 1536 2232 1601 proveniet
2275 1534 2343 1587 ad
2387 1535 2602 1588 salutem
2648 1553 2736 1606 per
2765 1546 2979 1590 uestram
3033 1537 3310 1591 orationem
3351 1548 3401 1593 et

1821 1624 2339 1679 subministrationem
2365 1626 2595 1697 Spiritus
2639 1626 2765 1681 Jesu
2791 1627 2997 1682 Christi.
3025 1628 3164 1682 Nihil
3187 1630 3399 1684 diabolo

1825 1716 2106 1772 scelestius
2147 1736 2162 1773 :
2205 1718 2274 1772 ita
2321 1719 2517 1787 ubique
2558 1718 2899 1774 infructuosis
2951 1720 3221 1776 laboribus
3270 1738 3398 1777 suos
3486 1732 3495 1739 '

1821 1807 1999 1863 obruit
2029 1823 2092 1863 ac
2116 1808 2337 1864 dilaniat
2370 1828 2383 1864 :
2415 1825 2515 1865 nec
2542 1812 2715 1865 solum
2747 1814 3083 1881 praemiorum
3123 1823 3397 1884 compotes

1822 1913 1943 1954 esse
1966 1899 2185 1956 minime
2212 1902 2357 1967 sinit,
2385 1902 2477 1956 sed
2494 1904 2652 1957 etiam
2676 1906 2936 1973 supplicio
2967 1906 3113 1961 novit
3138 1906 3398 1962 obnoxios

1824 1988 2019 2046 facere.
2049 1990 2165 2045 Non
2213 1992 2356 2046 enim
2384 1993 2555 2047 solum
2595 1995 3024 2064 praedicationem
3049 2038 3064 2062 ,
3111 1998 3203 2052 sed
3234 2002 3395 2053 etiam

1823 2081 2084 2152 ejusmodi
2110 2084 2308 2152 jejunia
2350 2099 2414 2141 ac
2443 2086 2795 2156 virginitatem
2830 2088 2959 2157 ipsis
2987 2088 3231 2160 injungit,
3276 2107 3397 2161 quae

1824 2188 1930 2228 non
1958 2175 2115 2230 modo
2153 2178 2384 2245 prmmiis
2407 2179 2477 2233 sit
2521 2179 2643 2233 illos
2669 2182 2931 2250 privatura
2956 2223 2972 2248 ,
3002 2198 3183 2237 verum
3234 2186 3396 2239 etiam

1823 2280 2071 2335 magnam
2097 2267 2454 2323 calamitatem
2492 2270 2574 2334 iis,
2608 2272 2696 2339 qui
2726 2273 2891 2340 ipsam
2920 2274 3147 2343 amplexi
3180 2274 3395 2339 fuerint,

1826 2354 2119 2413 invectum.
2150 2358 2225 2412 De
2243 2358 2439 2427 quibus
2461 2369 2516 2415 et
2534 2361 2657 2414 alibi
2688 2362 2859 2432 inquit
2895 2380 2910 2416 :
2940 2362 3276 2420 Cauteriatam
3306 2368 3400 2420 Ita-

1825 2446 1991 2502 bentes
2015 2464 2160 2501 suam
2183 2449 2536 2503 conscientiam
2566 2450 2640 2521 (l.
2673 2450 2810 2510 Tim.
2838 2454 2891 2506 4.
2919 2453 2998 2523 2).
3036 2454 3393 2521 Quamobrem

1827 2538 2163 2610 bortor,'pro
2205 2541 2453 2595 omnibus
2482 2544 2678 2612 gratias
2710 2558 2929 2612 agamus
2959 2544 3087 2611 Deo,
3119 2547 3207 2615 qui
3246 2548 3401 2602 nobis

1824 2638 1881 2684 et
1902 2629 2112 2686 labores
2138 2631 2282 2687 leves
2321 2630 2466 2698 fecit,
2508 2644 2563 2687 et
2590 2634 2866 2689 mercedes
2894 2637 3059 2691 auxit.
3092 2637 3233 2704 Quas
3256 2639 3396 2693 enim

1825 2722 2105 2779 mercedes
2130 2724 2281 2806 apud.
2302 2740 2400 2779 nos
2431 2725 2465 2779 ii
2493 2737 2913 2796 consequuntur,
2944 2729 3033 2798 qui
3065 2739 3212 2786 caste
3240 2745 3401 2786 utun-

1827 2823 1915 2869 tur
1942 2815 2303 2882 tnatritnonio,
2348 2832 2440 2872 eas
2463 2817 2602 2887 apud
2650 2818 2779 2874 istos
2806 2835 2874 2875 ne
2918 2821 2993 2875 illi
3032 2821 3269 2891 quidem,
3308 2826 3415 2894 qui

1826 2908 2179 2978 virginitatem
2208 2919 2441 2975 servant,
2475 2912 2682 2980 assequi
2711 2922 2963 2981 possunt;
3005 2915 3098 2968 sed
3129 2916 3217 2984 qui
3262 2918 3401 2986 apud

1828 2998 2111 3055 haereticos
2140 3001 2494 3071 virginitatem
2523 3003 2726 3066 colunt,
2758 3005 3000 3060 eamdem
3026 3021 3089 3061 ac
3114 3008 3401 3064 fornicato—

1826 3103 1917 3145 res
1946 3104 2157 3158 poenam
2186 3091 2437 3145 suheunt.
2471 3090 2655 3147 Unde?
2684 3092 2836 3160 Quod
2867 3094 2995 3149 nihil
3021 3097 3161 3151 bono
3179 3100 3403 3155 consilio

1825 3193 1890 3235 ac
1914 3181 2188 3249 preposito
2231 3180 2465 3249 faciant,
2514 3182 2609 3238 sed
2638 3193 2695 3239 ut
2732 3194 3009 3240 creaturas
3039 3188 3132 3243 Dei
3168 3189 3400 3245 innuen-

1826 3287 2049 3343 samque
2074 3273 2217 3328 illius
2243 3274 2555 3345 sapientiam
2586 3277 2953 3334 criminentur.
2986 3280 3146 3349 Igitur
3184 3297 3250 3336 ne
3293 3293 3405 3338 tor-

1826 3377 2048 3433 peamus
2063 3364 2383 3436 negligentia
2416 3383 2430 3419 :
2460 3366 2919 3424 moderatasnobis
2943 3372 3232 3426 certamina
3260 3374 3405 3430 Deus

1828 3456 2059 3526 injnnxit
2078 3498 2093 3524 ,
2125 3458 2322 3513 nullius
2350 3457 2463 3513 fere
2494 3458 2691 3514 laboris
2726 3461 2900 3529 plena.
2932 3462 3042 3518 Nec
3072 3474 3245 3519 tamen
3276 3482 3407 3536 pro-

1828 3560 2011 3619 pterea
2037 3549 2412 3619 despiciemus.
2447 3550 2579 3606 Nam
2610 3555 2655 3607 sl
2682 3552 2919 3609 hatretici
2948 3556 3220 3612 inutilibus
3250 3559 3404 3614 labo-

1828 3641 1979 3696 ribus
2006 3643 2211 3711 seipsos
2238 3643 2433 3698 misere
2457 3642 2714 3698 afflictam
2739 3661 2755 3710 ;
2803 3660 2924 3715 quae
2948 3646 3102 3703 nobis
3129 3651 3404 3705 excusatio

1829 3733 2033 3803 reliqua
2054 3734 2176 3798 erit,
2209 3734 2253 3787 si
2282 3750 2455 3804 neque
2484 3744 2631 3790 tanto
2656 3736 2893 3791 minores
2914 3778 2929 3803 ,
2961 3738 3257 3809 quibusque
3282 3757 3402 3796 ma-

1829 3825 1969 3881 rima
1984 3833 2069 3882 est
2079 3827 2345 3896 proposita
2365 3842 2594 3893 merces,
2613 3829 2793 3885 subire
2811 3831 3170 3889 voluerimus?
3185 3836 3401 3906 Ecquod

1834 3917 1974 3971 enim
2002 3916 2198 3972 Christi
2235 3928 2617 3988 praeceptorum
2643 3922 2843 3990 grave?
2870 3924 3074 3993 ecquod
3105 3926 3259 3981 valde
3286 3944 3405 3981 mo-

1840 4010 2033 4064 lestum
2062 4010 2181 4064 est?
2202 4009 2318 4064 Non
2337 4019 2489 4080 potes
2509 4012 2560 4065 in
2585 4012 2884 4081 virginitate
2911 4014 3140 4085 degere?
3160 4017 3284 4073 licet
3312 4020 3407 4077 tibi

1833 4103 2173 4157 matrimonio
2197 4103 2369 4173 jungi.
2414 4103 2531 4159 Non
2558 4115 2709 4175 potes
2742 4107 2845 4161 tuis
2886 4117 2937 4161 te
2966 4109 3124 4164 rebus
3157 4112 3408 4167 omnibus

1801 4194 2077 4269 .privare?
2108 4195 2230 4251 licet
2255 4196 2351 4251 tibi
2393 4212 2457 4251 ex
2502 4197 2655 4253 bonis
2682 4200 2786 4254 tuis
2810 4200 2963 4254 alteri
3009 4203 3346 4272 suppeditare
3386 4222 3405 4263 :
3494 4187 3503 4259 ἲ

1843 4282 2044 4351 Vestra,
2086 4284 2276 4355 inquit,
2327 4286 2637 4341 abundantia
2659 4288 2863 4343 illorum
2904 4291 3131 4360 inopiam
3174 4295 3408 4364 suppleat

1838 4373 1915 4445 (2.
1946 4374 2063 4430 Cor.
2082 4377 2137 4431 8.
2166 4377 2277 4447 14).
2307 4377 2440 4432 Nam
2471 4379 2569 4433 ista
2608 4380 2823 4448 quidem
2849 4382 3000 4436 valde
3024 4383 3207 4452 gravia
3234 4385 3405 4440 videri

1836 4467 2078 4537 possint,
2125 4467 2380 4536 pecunias
2424 4484 2519 4537 pro
2566 4470 2732 4524 nihilo
2783 4470 3013 4537 habere,
3061 4483 3116 4528 et
3149 4488 3407 4543 corporea

1835 4557 2124 4627 cupiditate
2174 4560 2507 4629 superiorem
2555 4576 2707 4628 esse;
2754 4562 2855 4617 alia
2883 4579 3013 4620 vero
3057 4574 3113 4620 ut
3161 4578 3404 4636 praestes,

1836 4650 1983 4705 nullo
2002 4658 2235 4720 sumptu,
2257 4652 2399 4705 nulla
2420 4651 2671 4708 violentia
2686 4668 2821 4723 opus
2834 4665 2934 4710 est.
2956 4655 3123 4722 Quam
3150 4659 3290 4713 enim
3314 4660 3407 4716 tibi

1836 4740 1943 4794 vim
1983 4738 2175 4795 efferas
2200 4751 2428 4811 oportet,
2458 4753 2515 4797 ut
2540 4758 2608 4799 ne
2655 4744 2943 4801 maledicas
2972 4762 3071 4803 nec
3103 4749 3409 4806 crimineris

1840 4830 2086 4885 temere?
2115 4845 2184 4885 ne
2211 4839 2529 4887 caeterorum
2561 4832 2717 4889 bonis
2736 4834 3013 4892 invideas?
3034 4853 3101 4893 ne
3120 4839 3410 4898 ambitione

1838 4923 2105 4993 capiaris?
2131 4922 2436 4979 Tormentis
2460 4926 2671 4995 subjici,
2700 4943 2800 4983 nec
2819 4929 2885 4985 de
2908 4931 3072 5000 gradu
3097 4932 3250 5003 dejici
3266 4977 3283 5001 ,
3316 4951 3410 5006 pa-

1839 5015 2041 5070 tientiae
2068 5024 2179 5081 est;
2207 5016 2263 5070 in
2290 5017 2671 5073 exercitatione
2719 5020 3081 5090 philosophica
3128 5038 3186 5079 se
3233 5030 3411 5082 conti-

1840 5121 1991 5173 nere,
2019 5107 2285 5176 patientim
2313 5117 2427 5172 est;
2452 5117 2816 5178 paupertatem
2841 5111 3004 5180 ferre,
3030 5129 3151 5170 cum
3176 5115 3317 5173 fame
3344 5133 3409 5177 ae

1841 5198 1929 5252 siti
1956 5197 2168 5265 luctari,
2199 5198 2465 5267 patientia}
2509 5208 2612 5255 est.
2641 5202 2712 5255 At
2759 5201 2844 5256 ubi
2873 5203 3005 5257 nihil
3057 5205 3244 5261 horum
3272 5223 3411 5278 prte-

1841 5296 1985 5344 stare
2027 5289 2268 5360 cogeris,
2316 5288 2412 5345 sed
2461 5289 2587 5346 licet
2630 5292 2725 5347 tibi
2765 5291 2923 5355 bonis
2964 5294 3105 5361 tuis,
3153 5308 3411 5366 quatenus

1841 5378 2205 5435 Christianum
2232 5380 2408 5448 decet,
2438 5380 2727 5451 fruentem,
2756 5383 2949 5441 alienis
2989 5402 3095 5442 non
3126 5387 3360 5446 invidere
3391 5409 3407 5447 :

1843 5486 2004 5543 quam
2044 5470 2299 5527 adhibeas
2345 5472 2649 5528 violentiam
2698 5476 2949 5545 oportet?
3001 5475 3157 5534 Certe
3218 5480 3410 5537 invidia

1844 5560 2059 5616 aliunde
2078 5575 2185 5616 non
2212 5562 2454 5631 exsistit,
2481 5579 2639 5635 quam
2664 5565 2805 5636 quod
2826 5580 2896 5622 ex
2933 5567 3291 5636 praesentibus
3322 5580 3411 5624 re-

1844 5650 1944 5708 bus
1972 5651 2295 5721 pendemus;
2324 5654 2432 5709 imo
2451 5669 2579 5711 vero
2604 5671 2776 5727 neque
2821 5656 3037 5714 aliunde
3079 5664 3253 5716 omnia
3293 5679 3411 5719 ma-

1848 5745 1920 5803 la.
1955 5745 2088 5805 Nam
2113 5747 2158 5804 si
2213 5748 2491 5818 pecuniam
2529 5758 2585 5808 et
2623 5750 2847 5821 gloriam
2886 5753 3075 5812 mundi
3122 5753 3275 5825 hujus
3312 5773 3415 5829 pro
