3974 6504
553 276 658 331 195

553 389 722 444 nihilo
752 396 945 458 putes,
995 385 1300 455 neutiquam
1346 386 1408 438 iis
1434 386 1627 454 quibus
1667 394 1955 454 suppetunt
1989 385 2126 438 invi-

553 481 728 535 dcbis.

623 573 677 626 4.
701 570 803 626 Sed
833 569 1081 639 quoniam
1113 569 1228 622 istis
1257 567 1453 634 itthias,
1485 570 1582 623 ista
1613 568 1893 636 admiraris
1917 583 1978 622 ac
2007 577 2126 622 stu-

553 678 649 732 pes
676 680 690 719 :
721 662 921 716 idcirco
964 661 1176 715 invidia:
1200 704 1215 727 ,
1250 662 1450 716 idcirco
1480 661 1650 715 inanis
1678 662 1863 730 gloria:
1893 661 2125 716 stimulis

552 754 769 824 agitaris
803 771 816 806 :
849 769 911 807 ac
941 753 1171 822 denique
1201 755 1378 808 omnia
1410 753 1534 808 hinc
1565 753 1976 823 proficiscuntur
2007 795 2022 820 ,
2055 769 2127 808 ex

553 845 904 898 admiratione
933 886 947 910 ,
981 845 1196 914 inquam
1231 885 1246 908 ,
1292 846 1411 898 vita:
1443 846 1722 913 przesentis
1751 861 2034 915 rerumque
2062 844 2131 899 ad

554 937 698 989 illam
733 937 1139 1005 pertinentium.
1170 937 1379 992 lnvides
1409 939 1500 1002 illi,
1535 954 1690 1008 quem
1724 939 1870 994 vides
1900 939 2130 993 ditesce-

556 1043 611 1082 re
632 1029 655 1081 ?
685 1031 751 1082 At
777 1028 866 1082 ille
888 1028 1252 1083 misericordia
1277 1031 1451 1098 potius
1466 1045 1528 1083 ac
1551 1031 1798 1102 lacrymis
1819 1031 2009 1099 dignus
2025 1040 2128 1085 est.

555 1118 660 1174 Sed
689 1121 946 1174 continuo
977 1135 1096 1172 cum
1125 1119 1234 1173 risu
1258 1120 1434 1189 inquis
1461 1139 1473 1172 :
1501 1120 1610 1190 Ego
1634 1121 1883 1192 lacrymis
1903 1121 2092 1190 dignus
2112 1161 2128 1186 ,

557 1229 664 1268 non
711 1213 800 1267 ille
843 1211 1100 1280 profecto.
1148 1212 1421 1282 Lacrymis
1447 1212 1637 1282 dignus
1665 1222 1719 1267 et
1758 1222 1834 1277 tu,
1863 1227 1968 1266 non
2010 1213 2130 1266 ideo

554 1308 694 1378 quod
727 1322 928 1376 pauper
957 1321 1037 1370 es,
1063 1305 1155 1360 sed
1183 1307 1433 1375 quoniam
1465 1315 1516 1360 te
1542 1306 1712 1376 ipsum
1743 1307 1996 1361 miserum
2023 1305 2125 1360 du-

556 1402 657 1456 cis.
715 1398 822 1453 Eos
860 1399 1003 1454 enim
1033 1440 1048 1464 ,
1071 1398 1263 1468 quibus
1304 1396 1435 1451 nihil
1465 1397 1592 1450 mali
1621 1397 1774 1452 adest
1803 1437 1818 1463 ,
1862 1412 1924 1450 ac
1953 1405 2130 1451 tamen

555 1506 699 1560 aegro
727 1490 906 1543 animo
927 1496 1051 1542 sunt
1081 1528 1096 1552 ,
1127 1489 1376 1558 lacrymis
1405 1488 1777 1557 prosequimur
1804 1528 1819 1553 ,
1851 1502 1957 1541 non
1989 1486 2129 1556 quod

556 1585 697 1638 male
724 1582 971 1644 habeant,
1005 1580 1098 1636 sed
1121 1581 1285 1650 quod,
1314 1596 1432 1635 cum
1457 1582 1675 1634 minime
1702 1581 1840 1634 male
1864 1579 2128 1647 habeant,

557 1678 752 1732 habere
776 1691 834 1729 se
865 1684 1072 1744 putant.
1117 1674 1460 1735 Etenim,dic
1475 1673 1602 1727 mihi
1628 1714 1643 1739 ,
1685 1675 1729 1726 si
1777 1675 1896 1742 quis
1919 1689 1949 1726 a
1983 1673 2131 1728 febre

553 1770 690 1823 liber
731 1777 955 1823 maereat
993 1766 1282 1835 valensque
1323 1765 1608 1820 decumbat
1648 1776 1808 1834 atque
1848 1765 1899 1818 in
1931 1765 2129 1819 lectulo

552 1859 975 1922 eireumferatur,
1007 1874 1185 1912 nonne
1212 1860 1312 1912 iste
1341 1858 1592 1928 lacrymis
1621 1858 1835 1927 dignior
1859 1872 2016 1927 quam
2052 1857 2130 1912 fc-

552 1951 634 2005 bri
663 1952 985 2016 laborantes,
1017 1965 1123 2004 non
1152 1949 1294 2020 quod
1320 1949 1456 2004 febri
1487 1950 1691 2004 laboret
1718 1991 1732 2013 ,
1763 1950 1857 2004 sed
1885 1951 2026 2020 quod
2052 1953 2132 2004 ni-

554 2043 625 2096 hil
667 2042 789 2096 mali
843 2041 1044 2096 habens
1069 2083 1084 2107 ,
1114 2041 1312 2097 habere
1354 2055 1412 2095 se
1444 2041 1636 2110 putet?
1665 2040 1746 2094 Tu
1793 2056 2005 2110 quoque
2055 2041 2130 2094 la-

552 2134 751 2205 crymis
800 2132 1014 2203 dignus,
1062 2132 1183 2201 quia
1233 2141 1284 2186 te
1333 2131 1504 2200 ipsum
1553 2130 1908 2186 miserabilem
1936 2133 2125 2196 ducis;

553 2228 773 2282 minime
825 2241 955 2280 vero
1007 2233 1226 2294 pr0pter
1277 2231 1683 2292 paupertatem;
1731 2238 1853 2277 nam
1901 2238 2129 2293 pauper-

554 2330 634 2374 tas
679 2320 790 2389 ipsa
831 2319 913 2373 vel
955 2317 1319 2372 beatissimum
1358 2325 1410 2369 te
1448 2315 1663 2369 faceret.
1692 2314 1826 2380 Quid
1869 2324 1950 2369 est
1988 2315 2129 2384 quod

554 2412 791 2467 invideas
814 2409 964 2465 diviti
982 2411 1005 2464 ?
1023 2408 1166 2480 quod
1193 2409 1428 2478 seipsum
1454 2407 1693 2477 pluribus
1715 2407 1860 2461 curis
1879 2406 2130 2476 subjecit?

554 2505 693 2574 quod
721 2503 1008 2558 difficiliori
1055 2502 1346 2557 servituti?
1390 2501 1532 2572 quod
1575 2500 1843 2555 sexcentis
1869 2500 2075 2555 catenis
2108 2539 2126 2566 ,

553 2599 715 2653 veluti
764 2599 914 2653 canis
953 2597 1215 2667 quispiam
1248 2636 1262 2661 ,
1292 2597 1404 2650 suis
1453 2594 1690 2664 pecuniis
1735 2593 1968 2664 illigatus
2004 2590 2131 2646 est‘

553 2691 784 2744 Advenit
812 2705 1006 2759 vesper
1026 2731 1040 2755 ,
1071 2689 1328 2744 successit
1365 2702 1471 2743 nox
1501 2728 1516 2753 ,
1560 2686 1681 2741 huic
1694 2701 1836 2766 ,γει-ο
1864 2687 2036 2743 solatii
2067 2701 2129 2741 ac

553 2784 807 2854 requietis
838 2793 1044 2852 tempus
1074 2784 1132 2836 fit
1175 2782 1473 2846 tumultus;
1510 2782 1736 2837 tristitize
1770 2823 1783 2846 ,
1830 2782 2080 2838 maeroris
2109 2824 2125 2849 ,

557 2875 930 2929 sollicitudinis
962 2884 1192 2942 tempus.
1222 2874 1490 2942 lncrepuit
1512 2873 1678 2942 quid?
1707 2874 1962 2928 continuo
2007 2889 2132 2944 pro-

554 2967 678 3034 ripit
701 2981 778 3020 se.
805 2967 846 3019 A
876 2965 1170 3020 latronibus
1191 2964 1449 3033 Spoliatus
1469 2973 1550 3018 est
1571 2963 1829 3032 quispiam
1855 2964 1877 3014 τ
1900 2964 1989 3033 qui
2014 2963 2128 3017 nul-

554 3057 661 3110 lum
703 3055 955 3109 damnum
1005 3055 1165 3110 habet
1207 3055 1408 3122 majore
1453 3063 1732 3124 torquetur
1768 3054 2132 3109 sollicitudine

553 3162 710 3216 quam
734 3147 823 3200 ille
843 3148 930 3216 qui
959 3161 1148 3215 passus
1169 3155 1273 3200 est.
1297 3144 1429 3199 Nam
1459 3145 1548 3200 ille
1574 3146 1788 3214 quidem
1814 3147 1980 3202 semel
2012 3162 2132 3216 per-

554 3241 685 3294 didit
711 3281 726 3304 ,
774 3255 835 3294 ac
865 3240 1052 3293 dolore
1077 3248 1300 3308 accepto
1330 3254 1513 3293 curam
1543 3238 1792 3307 deposuit
1820 3255 1834 3304 ;
1883 3240 1969 3294 hic
1999 3255 2130 3294 vero

559 3346 818 3404 perpetuo
843 3349 1023 3388 secum
1054 3333 1194 3386 illam
1221 3333 1375 3402 gerit.
1407 3332 1638 3387 Advenit
1661 3347 1785 3397 nox,
1810 3341 1993 3401 portus
2018 3348 2131 3386 ma-

553 3428 724 3481 lorum
759 3435 1085 3492 nostrorum,
1116 3434 1420 3478 nostrarum
1451 3424 1817 3478 calamitatum
1839 3424 2085 3478 solatium
2109 3465 2125 3490 ,

551 3521 826 3574 vulnerum
858 3519 1350 3582 medicamentum;
1392 3532 1514 3571 nam
1556 3527 1608 3572 et
1651 3518 1722 3571 illi
1767 3517 1855 3587 qui
1903 3519 1952 3571 in
1985 3518 2127 3572 luctu

550 3613 728 3683 aliquo
755 3622 881 3668 sunt
910 3653 924 3675 ,
963 3613 1148 3666 amicis
1174 3611 1390 3683 quidem
1417 3621 1472 3666 et
1498 3612 1739 3681 cognatis
1767 3620 1822 3666 et
1851 3609 2127 3666 familiari-

550 3705 649 3760 bus
675 3745 690 3769 ,
718 3721 780 3760 ac
806 3720 948 3774 saepe
975 3705 1136 3759 etiam
1167 3703 1408 3773 patribus
1435 3704 1854 3758 consolationem
1892 3703 2126 3758 afferen-

550 3796 712 3861 tibus,
742 3811 849 3848 non
881 3795 1341 3864 obtemperarunt,
1375 3810 1546 3864 neque
1567 3810 1767 3849 morem
1795 3806 2076 3866 gesserunt
2108 3836 2124 3860 ,

550 3887 644 3941 sed
670 3888 829 3940 etiam
862 3886 955 3940 illo
984 3886 1099 3955 ipso
1123 3900 1372 3940 sermone
1397 3886 1461 3940 ad
1489 3886 1818 3941 iracundiam
1850 3897 1972 3941 sunt
1998 3903 2125 3957 pro-

548 3981 719 4036 vocati
746 3999 758 4034 :
783 3981 960 4034 nullus
983 3981 1124 4034 enim
1145 3989 1304 4033 aestus
1324 3989 1427 4045 est,
1442 3982 1528 4050 qui
1551 3990 1607 4034 ut
1623 3981 1886 4035 acerbitas
1901 3981 2121 4047 doloris,

547 4074 753 4127 animas
781 4082 990 4127 nostras
1019 4073 1222 4127 cruciet
1246 4113 1260 4136 ,
1289 4087 1480 4127 somno
1508 4082 1684 4127 autem
1713 4073 1951 4144 requiem
1982 4075 2124 4129 indi-

547 4174 701 4219 cente
729 4206 743 4230 ,
774 4181 839 4218 ne
865 4164 1054 4219 oculos
1084 4164 1302 4234 quidem
1331 4173 1517 4219 contra
1548 4166 1793 4220 attollere
1818 4166 2120 4224 valuerunt.

546 4253 1003 4320 Quemadmodum
1044 4254 1202 4324 igitur
1237 4269 1430 4324 corpus
1460 4255 1611 4308 valde
1655 4266 1888 4310 mstuans
1928 4267 1982 4312 et
2024 4259 2126 4313 sub

547 4347 956 4403 ferventioribus
973 4346 1133 4401 radiis
1152 4347 1422 4410 fatiscens,
1437 4347 1729 4402 diversorio
1745 4348 1894 4418 quasi
1911 4349 2118 4405 cuidam

546 4441 726 4496 multis
755 4442 952 4510 irriguo
977 4440 1229 4505 fontibus,
1264 4449 1318 4494 et
1343 4456 1405 4493 ex
1438 4440 1536 4494 levi
1557 4455 1685 4494 aura
1711 4441 1960 4496 solatium
1991 4442 2123 4497 alle-

547 4533 682 4586 renti
729 4531 1106 4586 commendare
1156 4532 1434 4586 solemus:
1465 4533 1536 4586 ita
1585 4547 1689 4586 nox
1730 4547 1918 4587 somno
1959 4535 2122 4591 tradit

547 4625 778 4677 animam
827 4633 1062 4678 nostram
1091 4640 1105 4688 ;
1133 4625 1215 4676 vel
1247 4624 1422 4692 potius
1466 4639 1637 4693 neque
1675 4640 1802 4689 nox,
1834 4641 2007 4696 neque
2033 4643 2122 4682 so-

548 4731 703 4770 mnus
744 4714 845 4769 boc
876 4724 1091 4784 przestat
1121 4755 1136 4780 ,
1168 4715 1261 4769 sed
1309 4716 1486 4769 omnia
1517 4714 1632 4769 haec
1673 4732 1702 4770 a
1750 4718 1858 4771 Deo
1885 4718 2118 4788 profecta

545 4818 716 4874 sunt,
761 4808 852 4876 qui
902 4807 1151 4862 miseram
1213 4807 1430 4862 humani
1483 4809 1695 4878 generis
1755 4811 2116 4866 conditionem

545 4902 706 4954 novit.

615 4990 916 5045 Divinarum
955 5007 1128 5046 onera.
1157 5021 1230 5031 —
1259 4991 1454 5046 Verum
1484 5008 1587 5046 non
1617 4993 1783 5047 nostri
1812 4993 2115 5049 misericor-

541 5086 629 5140 dia
662 5085 960 5155 tangimur;
994 5083 1087 5139 sed
1121 5083 1371 5153 perinde,
1401 5100 1463 5139 ac
1488 5085 1643 5139 nobis
1671 5086 1770 5154 ipsi
1799 5085 1996 5140 inimici
2037 5086 2114 5140 si-

549 5192 668 5232 mus
699 5217 714 5243 ,
747 5175 1078 5247 tyrannidem
1110 5175 1337 5229 naturali
1369 5176 1691 5231 necessitate
1719 5184 1772 5230 et
1796 5177 1987 5231 solatio
2027 5192 2118 5234 su?

540 5269 807 5339 periorem
836 5249 986 5322 nobis
1011 5267 1451 5336 comparavimus,
1482 5268 1708 5337 vigilias,
1733 5268 1966 5336 inquam,
1996 5283 2115 5339 qua:

541 5378 607 5417 ex
635 5360 832 5414 divitiis
851 5360 1130 5414 exsistunt.
1150 5357 1454 5413 Diuitiarum
1482 5359 1645 5425 enim,
1667 5359 1853 5427 inquit,
1872 5375 1993 5413 cura
2022 5377 2116 5414 au-

541 5457 640 5525 fert
682 5470 912 5506 somnum
955 5451 976 5525 (
1002 5452 1162 5506 Eccli.
1196 5454 1285 5508 5i.
1317 5455 1338 5506 l
1456 5453 1532 5506 Ac
1559 5451 1678 5505 vide
1703 5462 1897 5520 quanta
1925 5454 1994 5508 sit
2021 5454 2113 5510 Dei

538 5547 894 5615 providentia.
924 5545 1183 5600 Solatium
1210 5553 1264 5599 et
1288 5545 1524 5614 requiem
1549 5544 1685 5597 hanc
1707 5560 1809 5598 nou
1842 5548 2113 5616 proposito

539 5639 871 5709 consilioque
899 5637 1188 5702 commisit,
1219 5637 1389 5690 somni
1420 5651 1573 5690 usum
1600 5652 1702 5690 non
1723 5637 1993 5693 electionis
2011 5655 2110 5694 no-

538 5744 662 5788 strze
692 5746 812 5788 esse
843 5729 1048 5798 voluit;
1077 5726 1172 5787 sed
1211 5727 1467 5784 naturalis
1513 5729 1840 5787 necessitatis
1882 5731 2106 5791 vinculis

1288 271 1344 327 S.
1385 270 1659 328 JOANNIS
1694 268 2165 326 CHRYSOSTOMI
2202 267 2517 326 ARCHIEP.
2558 269 3086 328 CONSTANTINOP.
3719 273 3808 328 ltili

2241 380 2543 445 adstrinxit,
2581 391 2638 435 ut
2660 383 2742 436 vel
2770 383 2920 438 inviti
2951 385 3269 442 beneﬁcium
3295 391 3620 461 accipiamus
3653 413 3666 448 :
3696 403 3807 451 doi-

2239 474 2374 528 mire
2416 475 2558 528 cnitn
2606 486 2809 530 naturae
2850 488 2950 531 est.
2981 478 3088 534 Nos
3126 491 3304 537 autem
3350 487 3498 552 quasi
3535 503 3636 542 nos
3677 489 3813 557 ipsus

2237 567 2392 621 valde
2418 566 2708 633 oderimus,
2727 569 2878 638 quasi
2902 586 3005 625 non
3034 588 3151 638 nos,
3177 575 3270 630 sed
3295 577 3500 633 alienos
3528 579 3672 634 bello
3699 599 3811 650 per.

2239 672 2528 726 sequamur
2552 673 2615 712 ac
2643 675 2899 715 vexemus
2923 702 2937 725 ,
2972 661 3070 717 hac
3101 664 3212 733 ipsa
3237 669 3468 723 naturali
3494 673 3816 726 necessitate

2239 747 2494 816 majorem
2528 748 2682 803 nobis
2712 751 3050 820 tyrannidem
3073 753 3444 823 imposuimus,
3478 759 3622 814 illam
3652 763 3809 814 nimi-

2237 853 2354 892 rum
2385 854 2504 907 qua:
2526 855 2594 894 ex
2623 842 2864 910 pecuniis
2887 851 2988 896 est.
3016 844 3140 898 Dies
3167 845 3340 900 illuxit
3363 849 3384 900 ?
3411 856 3573 918 atque
3599 850 3687 905 hic
3717 853 3813 907 sibi

2237 931 2425 986 metuit
2452 946 2480 984 a
2508 932 2872 1002 sycophantis.
2905 934 3019 990 Nox
3050 938 3349 992 successit?
3377 941 3529 995 timet
3557 941 3808 998 latrones.

2237 1021 2484 1079 Imminet
2525 1026 2714 1080 mors?
2759 1041 2865 1080 non
2895 1036 3103 1082 tantum
3146 1045 3212 1084 ex
3244 1031 3357 1100 ipsa
3396 1043 3571 1087 morte
3610 1034 3810 1090 doloris

2236 1118 2375 1186 capit
2402 1159 2417 1183 ,
2462 1134 2619 1188 quam
2647 1119 2789 1189 quod
2821 1134 2914 1174 sua
2949 1122 3002 1175 in
3030 1122 3258 1176 aliorum
3288 1139 3479 1178 manus
3503 1125 3810 1183 devenient.

2237 1210 2521 1264 Puerulum
2551 1211 2716 1266 habet
2741 1212 2763 1265 ?
2797 1220 2922 1268 tunc
2960 1228 3088 1267 vero
3129 1222 3276 1269 tanto
3307 1217 3478 1285 major
3502 1219 3768 1286 cupiditas
3797 1259 3812 1284 ,

2237 1307 2363 1354 tunc
2390 1317 2450 1355 se
2480 1317 2766 1371 pauperem
2790 1314 2960 1372 putat.
2985 1303 3100 1358 Non
3125 1304 3284 1360 habet
3303 1306 3326 1358 ?
3343 1309 3660 1377 wgritudine
3685 1326 3808 1365 con-

2237 1392 2435 1447 iicitur.
2481 1394 2633 1449 Hunc
2663 1395 2823 1466 igitur
2849 1397 3063 1451 beatum
3089 1397 3299 1466 judicas
3324 1441 3339 1465 ,
3371 1400 3439 1456 ad
3468 1409 3628 1472 quem
3669 1407 3810 1459 nullo

2235 1498 2300 1538 ex
2328 1484 2446 1540 loco
2471 1485 2687 1541 amuere
2717 1495 2891 1556 potest
2910 1489 3186 1558 voluptas?
3207 1489 3328 1546 huic
3353 1490 3597 1548 ﬂuctibus
3613 1493 3811 1563 jactato

2235 1576 2441 1632 invides
2464 1619 2479 1640 ,
2517 1593 2640 1633 cum
2670 1589 2721 1633 tu
2754 1580 2806 1632 in
2837 1581 3125 1651 tranquillo
3154 1593 3334 1651 portu,
3358 1597 3694 1655 paupertate,
3726 1589 3808 1642 in-

2234 1684 2392 1738 quam
2415 1711 2431 1735 ,
2476 1672 2827 1740 conquiescas
2848 1674 2872 1723 Ἰ
2901 1672 3038 1726 Vere
3065 1681 3121 1727 et
3149 1673 3265 1729 haec
3293 1675 3576 1732 infirmitas
3599 1688 3686 1734 est
3711 1696 3805 1736 na-

2234 1771 2367 1815 turae
2398 1761 2662 1828 humanae,
2692 1764 2829 1817 bona
2855 1780 3115 1834 generose
3146 1781 3251 1820 non
3282 1766 3441 1834 ferre,
3460 1771 3554 1825 sed
3578 1787 3642 1826 ea
3669 1775 3806 1829 unde

2234 1852 2387 1906 nobis
2408 1852 2544 1907 bene
2566 1862 2647 1907 est
2665 1854 3008 1909 contumeliis
3034 1856 3325 1912 incessere.
3355 1860 3525 1928 Atque
3547 1861 3665 1917 haec
3693 1867 3806 1933 qui-

2232 1941 2352 1997 dem
2402 1943 2458 1996 in
2502 1943 2602 1998 hoc
2631 1945 2829 2000 mundo
2859 1964 2872 1999 :
2907 1962 3094 2000 verum
3131 1962 3254 2002 cum
3301 1949 3428 2005 illuc
3468 1951 3755 2011 abierimus
3788 2001 3804 2022 ,

2233 2037 2354 2089 acidi
2374 2036 2500 2105 quid
2521 2036 2662 2090 dicat
2678 2038 2827 2092 dives
2850 2039 2939 2092 ille
2956 2039 3422 2097 innumerabilium
3439 2044 3705 2102 bonorum
3724 2051 3809 2106 do—

2233 2129 2431 2195 minus,
2450 2139 2506 2183 ut
2526 2129 2737 2199 quidem
2761 2140 2814 2184 tu
2837 2132 2968 2186 dicis
2992 2149 3006 2185 :
3035 2149 3205 2203 neque
3221 2136 3362 2189 enim
3384 2152 3482 2206 ego
3503 2138 3646 2193 bona
3669 2140 3809 2198 dixe-

2231 2225 2354 2290 rim,
2369 2223 2460 2278 sed
2477 2224 2850 2279 indiﬂ'erentia.
2869 2225 2964 2280 llic
2983 2227 3141 2296 igitur
3162 2228 3632 2285 innumerabilium
3653 2233 3811 2287 bono.

2231 2331 2350 2370 rum
2369 2316 2640 2382 dominus,
2659 2317 2780 2370 audi
2809 2318 2932 2386 quid
2955 2318 3116 2385 dicat,
3141 2329 3194 2374 et
3213 2321 3364 2390 cujus
3389 2324 3466 2378 rei
3489 2327 3811 2380 necessitate

2232 2405 2458 2461 laboret.
2484 2406 2658 2471 Pater,
2678 2408 2868 2478 inquit,
2892 2408 3167 2476 Abraham,
3192 2413 3330 2466 mitte
3357 2412 3634 2482 Lazarum,
3656 2428 3714 2470 ut
3740 2421 3812 2471 in-

2233 2500 2391 2570 tingat
2412 2508 2688 2554 extremum
2704 2501 2849 2572 digiti
2861 2503 2938 2555 sui
2957 2503 3009 2555 in
3029 2520 3229 2572 aquam,
3249 2515 3295 2557 et
3307 2507 3568 2577 refrigeret
3587 2509 3812 2580 linguam

2231 2608 2425 2657 meam,
2460 2594 2700 2662 quoniam
2723 2595 2922 2648 crucior
2952 2595 3003 2648 in
3029 2597 3124 2649 hac
3154 2597 3362 2666 ﬂamma
3387 2597 3540 2669 (Luc.
3576 2601 3670 2657 16.
3701 2603 3809 2672 24).

2231 2682 2363 2738 Nam
2395 2685 2493 2739 etsi
2523 2684 2678 2739 dives
2704 2686 2804 2740 iste
2838 2685 2969 2740 nihil
3000 2703 3186 2742 eorum
3216 2691 3474 2746 malorum
3508 2733 3524 2758 ,
3572 2710 3699 2764 quze
3727 2713 3809 2752 su-

2232 2791 2326 2847 pra
2368 2780 2853 2834 commemorabam
2887 2823 2901 2847 ,
2947 2796 3230 2851 perpessus
3275 2794 3430 2849 erat;
3463 2788 3565 2843 etsi
3597 2805 3810 2847 omnem

2233 2869 2392 2923 vitam
2419 2871 2781 2927 sollicitudine
2807 2881 2862 2927 et
2891 2887 3016 2926 cura
3047 2873 3181 2928 liber
3203 2875 3562 2944 placidissime
3591 2894 3808 2952 egerat:

2227 2977 2570 3033 quamquam,
2603 2964 2727 3034 quid
2750 2965 2890 3030 dico,
2921 2981 3133 3022 omnem
3161 2969 3320 3024 vitam
3347 2974 3572 3042 egerat?
3595 2977 3809 3033 unicum

2231 3056 2360 3110 illud
2391 3067 2753 3123 momentum;
2785 3069 3113 3115 momentum
3157 3063 3300 3117 enim
3339 3075 3421 3119 est
3462 3067 3714 3136 unicum,
3741 3073 3814 3125 in-

2231 3148 2347 3216 quit
2375 3187 2390 3210 ,
2433 3149 2607 3202 omnis
2639 3157 2818 3202 nostra
2849 3150 2954 3203 vita
2982 3193 2997 3217 ,
3029 3150 3074 3204 si
3104 3166 3225 3208 cum
3253 3153 3344 3209 illo
3374 3155 3586 3212 infinito
3612 3165 3811 3217 seculo

2232 3238 2539 3293 conferatur
2569 3241 2702 3295 :etsi
2741 3241 2901 3310 igitur
2925 3243 3104 3298 omnia
3143 3245 3220 3299 illi
3254 3260 3319 3302 ex
3351 3252 3616 3304 sententia
3645 3253 3812 3309 ﬂuxe-

2232 3339 2351 3383 rant
2384 3370 2398 3394 ,
2439 3345 2616 3386 nonne
2647 3348 2714 3386 ex
2742 3331 2823 3386 his
2850 3333 2981 3401 ipsis
3011 3336 3191 3391 verbis
3225 3377 3240 3402 ,
3285 3338 3367 3392 vel
3399 3342 3577 3408 potius
3616 3359 3693 3398 ex
3731 3348 3811 3402 his

2231 3423 2360 3492 ipsis
2399 3423 2557 3478 rebus
2592 3426 2911 3481 miserabilis
2941 3428 3060 3482 est?
3085 3431 3275 3484 Annon
3306 3431 3428 3486 vino
3457 3444 3544 3488 tua
3572 3439 3811 3509 undique

2231 3529 2414 3568 mensa
2465 3514 2831 3570 redundahat?
2877 3533 3017 3572 nunc
3064 3535 3192 3574 vero
3237 3537 3305 3576 ne
3342 3533 3545 3593 guttam
3590 3531 3809 3598 quidem

2228 3621 2382 3677 aqua;
2410 3608 2461 3661 in
2493 3617 2752 3677 potestate
2783 3609 2947 3665 habes
2967 3649 2982 3674 ,
3014 3626 3134 3665 cum
3164 3615 3392 3670 maxime
3433 3633 3578 3687 eges.
3617 3624 3808 3677 Annon

2231 3713 2518 3766 pauperem
2553 3699 2700 3753 illum
2744 3701 3012 3756 ulceribus
3041 3703 3394 3760 deformatum
3429 3708 3765 3778 despiciebas
3789 3717 3814 3768 ?

2229 3804 2369 3846 nunc
2385 3807 2510 3846 vero
2533 3795 2787 3861 postulas,
2812 3804 2869 3848 ut
2889 3795 3058 3864 ipsum
3082 3799 3253 3866 possis
3278 3801 3536 3869 aspicere,
3564 3818 3628 3858 ac
3651 3822 3815 3860 nemo

2229 3885 2508 3951 permittit.
2534 3884 2614 3938 Ad
2643 3886 2783 3940 fores
2824 3895 2940 3941 tuas
2972 3888 3218 3956 jacebat;
3249 3907 3386 3947 nunc
3427 3909 3556 3949 vero
3601 3898 3651 3950 in
3686 3902 3810 3954 sinu

2229 3976 2458 4031 Abrahze
2506 3988 2588 4031 est
2620 3996 2633 4030 :
2662 3988 2717 4031 tu
2759 3980 2858 4033 sub
2898 3982 3090 4050 amplis
3135 3982 3474 4054 laquearibus
3518 3988 3807 4057 cubabas;

2228 4081 2369 4121 nunc
2392 4082 2521 4122 vero
2549 4068 2599 4122 in
2627 4069 2748 4139 igne
2775 4070 3056 4139 gehennaz.

2297 4159 2351 4213 5.
2380 4159 2613 4214 Audiant
2639 4161 2749 4216 haec
2779 4162 3091 4228 divites,vel
3121 4167 3299 4236 potius
3329 4185 3433 4224 non
3462 4171 3680 4240 divites,
3713 4178 3809 4232 sed

2227 4249 2500 4306 inhumani
2531 4269 2544 4306 :
2579 4270 2682 4308 non
2721 4256 2863 4309 enim
2903 4257 3102 4313 idcirco
3131 4259 3221 4313 ille
3248 4263 3570 4330 puniebatur
3599 4308 3613 4327 ,
3663 4285 3806 4335 quo-

2226 4344 2368 4398 niam
2395 4343 2542 4399 dives
2567 4355 2701 4409 erat,
2725 4348 2817 4401 sed
2841 4350 3090 4418 quoniam
3114 4352 3362 4408 misertus
3388 4370 3492 4408 non
3521 4367 3622 4410 est.
3654 4357 3808 4414 Licet

2223 4439 2364 4492 enim
2391 4437 2561 4505 diviti,
2582 4439 2871 4494 dummodo
2899 4442 3263 4497 misericordia
3294 4459 3353 4500 se
3374 4446 3495 4501 duci
3516 4449 3681 4512 sinat,
3713 4467 3806 4504 cu-

2220 4530 2389 4599 jusvis
2416 4529 2540 4584 boni
2571 4545 2692 4586 esse
2728 4542 3050 4600 compotem.
3094 4535 3172 4588 Ac
3216 4549 3346 4590 sane
3375 4536 3496 4592 ideo
3527 4541 3802 4596 neminem

2224 4621 2325 4676 iste
2352 4621 2510 4675 alium
2544 4622 2693 4686 vidit,
2721 4637 2878 4691 quam
2903 4624 3050 4678 illum
3075 4635 3340 4693 egentem,
3369 4636 3425 4679 ut
3452 4628 3581 4683 hinc
3608 4630 3659 4684 in
3691 4649 3804 4686 me-

2223 4713 2447 4768 moriam
2474 4713 2682 4768 rediens
2709 4714 2965 4769 factorum
2993 4731 3208 4770 suorum
3233 4719 3555 4789 intelligeret
3571 4723 3720 4791 juste
3743 4742 3805 4778 se

2223 4803 2525 4874 hujusmodi
2555 4808 2724 4874 plenis
2751 4805 2909 4861 affici.
2939 4808 3019 4860 An
3054 4808 3279 4864 fortasse
3305 4809 3525 4866 deerant
3551 4820 3802 4872 sexcenti

2221 4897 2309 4950 alii
2341 4911 2599 4966 pauperes
2631 4897 2798 4965 justi?
2825 4897 2927 4953 Sed
2954 4900 3042 4968 qui
3074 4900 3139 4954 ad
3168 4901 3308 4956 fores
3339 4902 3504 4971 ipsius
3531 4906 3752 4973 jacebat
3786 4952 3799 4970 ,

2222 4989 2268 5042 is
2289 4989 2394 5043 illis
2423 5003 2481 5042 se
2500 4989 2844 5058 Spectandtnn
2869 4991 3090 5060 praebet,
3126 5007 3230 5048 una
3250 4993 3498 5048 erudiens
3530 4994 3705 5063 ipsum
3737 5014 3802 5054 ac

2220 5096 2349 5148 nos,
2382 5091 2636 5151 quantum
2666 5083 2789 5136 boni
2816 5084 2885 5137 sit
2911 5085 3149 5152 pecuniis
3187 5101 3291 5139 non
3323 5086 3614 5142 conlidere.
3649 5089 3800 5147 Nihil

2222 5174 2294 5228 illi
2323 5183 2604 5244 paupertas
2633 5175 2801 5229 obfuit
2821 5175 2884 5228 ad
2910 5191 3133 5246 regnum
3159 5178 3628 5247 consequendum;
3659 5183 3799 5240 nihil

2221 5267 2344 5321 huic
2363 5267 2561 5321 divitiae
2584 5266 2899 5335 profuerunt
2918 5266 2984 5321 ad
3003 5268 3269 5322 vitandam
3286 5270 3607 5338 gehennam.
3642 5273 3799 5337 Quo-

2219 5376 2388 5430 usque
2418 5375 2677 5429 pauperes
2703 5361 2725 5412 ?
2750 5376 3026 5430 quousque
3058 5361 3282 5415 mendici
3310 5362 3332 5415 ?
3361 5362 3473 5416 Non
3506 5371 3588 5417 est
3617 5407 3630 5427 ,
3681 5381 3796 5419 non

2219 5464 2300 5512 est
2329 5470 2525 5526 pauper
2555 5454 2642 5508 ille
2671 5454 2760 5523 qui
2791 5454 2919 5506 nihil
2953 5453 3130 5515 habet,
3163 5455 3256 5508 sed
3284 5456 3371 5524 qui
3403 5456 3566 5508 nutlta
3593 5459 3742 5524 enpit
3781 5475 3795 5512 :

2218 5564 2323 5604 non
2347 5558 2426 5602 est
2452 5547 2599 5602 dives
2627 5547 2712 5616 qui
2740 5546 2899 5599 multa
2923 5546 3180 5615 possidet,
3213 5546 3304 5600 sed
3334 5547 3422 5616 qui
3447 5547 3646 5602 nullius
3667 5565 3801 5619 eget

2217 5641 2317 5696 rei.
2350 5638 2486 5705 Quid
2517 5639 2656 5692 enim
2691 5637 2908 5706 prodest
2938 5638 3242 5692 universum
3273 5638 3486 5708 quidem
3522 5649 3793 5693 terrarum

2217 5731 2400 5788 orbein
2428 5728 2724 5803 possidere,
2756 5729 2921 5783 nihilo
2952 5743 3077 5784 vero
3105 5728 3390 5799 jucundius
3412 5730 3474 5784 iis
3496 5730 3672 5786 vivere
3697 5733 3796 5802 qui
