3878 6496
72 303 167 359 195

130 415 188 467 δ’.
234 411 363 464 Ἀλλ’
388 410 573 479 ἐπειδὴ
594 409 828 479 κέχηνας
852 449 866 471 ,
903 408 996 462 καὶ
1024 408 1321 477 θαυμάζεις
1353 407 1493 461 αὑτά
1515 408 1609 461 καὶ

71 504 335 572 ἐπτόησαι,
352 500 439 552 διὰ
459 500 614 551 τοῦτό
645 517 726 551 σοι
746 500 841 550 καὶ
860 498 928 550 τά
946 498 1043 567 τῆς
1066 497 1363 566 βασκανίας
1380 498 1619 567 ἐνοχλεῖ,

69 596 144 647 διά
169 592 320 646 τοῦτο
352 592 533 644 καὶτὰ
562 593 660 661 τῆς
681 589 1002 653 κενοδοξίας*
1034 590 1129 643 καὶ
1160 590 1333 642 πάντα
1363 590 1471 643 ἀπὸ
1492 590 1614 642 τού-

68 702 150 736 του
164 682 386 749 γίνεται,
404 682 509 733 ἀπὸ
531 680 624 732 τοῦ
658 678 955 747 θαυμάζειν
976 678 1044 731 τά
1067 679 1162 731 τοῦ
1188 680 1451 749 παρόντος
1473 679 1608 749 βίου.

72 775 389 836 Βασκαίνεις,
413 775 496 826 δτι
526 775 554 824 0
581 772 729 823 δεῖνα
762 771 1009 835 πλουτεῖ;
1046 771 1154 824 Kal
1188 770 1293 841 μὴν
1317 771 1496 835 ἐλέους
1517 772 1613 825 καὶ

69 866 297 936 δακρύων
326 865 471 929 ἄξιος
496 863 524 914 0
552 862 805 925 τοιοῦτος.
849 862 987 915 Ἀλλ’
1017 863 1163 933 ἐρεῖς
1183 862 1384 926 εὐθέως
1405 864 1607 932 γελῶν·

72 956 199 1025 Ἐγὼ
225 953 467 1022 δακρύων
490 951 657 1017 ἄξιος,
688 953 787 1005 οὐκ
815 954 1038 1015 ἐκεῖνος.
1060 952 1320 1021 Δακρύων
1342 954 1487 1021 ἄξιος
1516 954 1609 1008 καὶ

69 1049 143 1107 σὺ,
173 1047 265 1116 οὐχ
294 1046 373 1098 ὅτι
397 1044 554 1114 πένῃ,
587 1043 723 1097 άλλά
752 1043 837 1096 διὰ
870 1045 932 1096 τὸ
964 1044 1187 1096 σεαυτὸν
1214 1044 1446 1099 ἐλεεινὸν
1468 1041 1608 1100 εἶναι

65 1140 297 1210 νομίζειν.
349 1136 497 1210 [208]
530 1138 668 1199 Τοὺς
694 1135 805 1207 γὰρ
846 1134 999 1189 οὐδὲν
1044 1135 1266 1205 έχοντας
1305 1136 1471 1189 κακὸν
1514 1138 1609 1191 καὶ

62 1226 438 1299 δυσφοροῦντας
468 1227 791 1298 δακρύομεν,
820 1228 917 1297 οὑχ
945 1228 1029 1280 ὄτι
1060 1230 1232 1281 κακόν
1262 1245 1315 1281 τι
1351 1229 1565 1301 ἔχουσιν
1588 1268 1606 1294 ,

63 1324 163 1377 ἀλλ’
194 1324 268 1375 ὅτι
300 1320 377 1392 μὴ
405 1320 637 1391 ἔχοντες,
662 1319 804 1389 ἔχειν
827 1318 1157 1386 νομίζουσιν.
1190 1322 1325 1375 Είπέ
1353 1322 1460 1393 γάρ
1493 1340 1602 1393 μοι,

63 1418 108 1470 εί
130 1433 205 1478 τις
235 1413 468 1485 πυρετοῦ
511 1410 947 1482 ἀπηλλαγμένος,
983 1411 1133 1463 ἀλύει
1184 1413 1277 1466 καὶ
1315 1414 1604 1484 περιστρέ-

64 1524 224 1575 φεται,
255 1506 507 1573 ὑγιαίνων
548 1503 640 1556 ἐπὶ
682 1504 781 1571 τῆς
811 1501 997 1572 κλίνης
1040 1502 1309 1573 κείμενος,
1351 1501 1461 1576 ἆρα
1497 1506 1604 1560 τῶν

62 1597 416 1667 πυρεττόντων
453 1594 650 1666 μᾶλλον
677 1592 797 1661 οὑχ).
825 1592 1074 1663 δακρύων
1112 1594 1260 1658 ἄξιος
1288 1597 1315 1648 0
1345 1596 1600 1661 τοιοῦτος,

63 1689 153 1741 οὐκ
173 1686 355 1755 ἐπειδὴ
377 1686 650 1756 πυρέττει,
679 1683 796 1735 ούδέ
823 1684 930 1754 γάρ
963 1686 1237 1757 πυρέττει,
1267 1688 1384 1741 ἀλλ’
1416 1689 1603 1761 ἐπειδὴ

63 1781 220 1851 μηδὲν
239 1778 373 1849 ἔχων
396 1774 580 1839 δεινὸν,
600 1775 742 1845 ἔχειν
771 1794 822 1829 τι
855 1777 1066 1846 νομίζει
1086 1795 1100 1844 ;
1123 1780 1232 1832 Καὶ
1263 1780 1326 1832 σὺ
1351 1780 1604 1850 δακρύων

59 1873 196 1935 ἄξιος
224 1872 307 1924 διὰ
336 1868 505 1928 τοῦτο,
537 1868 618 1919 ὅτι
641 1868 835 1921 σαυτὸν
865 1870 1094 1923 ἐλεεινὸν
1129 1872 1392 1942 νομίζεις,
1422 1875 1483 1925 οὑ
1515 1873 1604 1927 διὰ

59 1963 147 2033 τὴν
177 1960 379 2013 πενίαν·
415 1961 511 2028 τῆς
539 1957 647 2029 γὰρ
687 1959 876 2023 πενίας
911 1960 1097 2014 ἕνεκεν
1120 1963 1212 2015 καὶ
1239 1965 1602 2035 μακαριστός.

60 2057 117 2107 Τί
137 2051 335 2122 φθονεῖς
360 2048 437 2118 τῷ
463 2049 735 2118 πλουσίῳ;
767 2051 848 2103 ὅτι
888 2053 1185 2121 φροντίδων
1216 2055 1405 2108 ἐαυτὸν
1432 2055 1604 2109 ὑπεύ-

64 2144 198 2196 θυνον
224 2139 521 2208 κατέστησε
552 2139 833 2206 πλειόνων,
864 2143 945 2195 ὄτι
968 2144 1183 2217 δουλείᾳ
1209 2147 1600 2220 χαλεπωτέρα;

60 2232 131 2283 ὅτι
165 2230 375 2301 μυρίαις
408 2230 646 2298 ἁλύσεσι,
696 2232 947 2304 καθάπερ
975 2251 1059 2297 τις
1093 2236 1259 2301 κύων,
1295 2239 1409 2302 τοῖς
1435 2240 1603 2293 αὑτοῦ

60 2323 239 2376 δέδεται
270 2325 552 2392 χρήμασι;
585 2325 893 2380 Κατέλαϐεν
925 2328 1152 2398 ἑσπέρα,
1188 2328 1457 2383 κατέλαϐε
1485 2330 1600 2397 νὺξ,

58 2418 140 2467 καὶ
159 2415 241 2467 τὸν
255 2416 353 2485 τῆς
382 2416 735 2481 ἀναπαύσεως
752 2418 942 2489 καιρὸν
968 2412 1122 2484 οὗτος
1153 2419 1382 2492 θορύϐου
1411 2424 1604 2493 καιρὸν

57 2509 138 2560 καὶ
165 2507 351 2577 ἀηδίας
406 2509 499 2561 καὶ
541 2509 715 2581 λύπης
761 2510 874 2580 ἔχει
920 2512 1015 2565 καὶ
1066 2512 1361 2584 μερίμνης.
1413 2515 1603 2584 Ψόφος

58 2601 283 2667 ἐγένετο;
330 2600 535 2664 εὐθέως
587 2602 942 2673 ἀνεπήδησεν.
1007 2603 1065 2657 'O
1115 2604 1261 2657 δεῖνα
1328 2605 1601 2676 ἐσυλήθης

60 2689 237 2757 μᾶλλον
286 2690 498 2743 ἐκείνου
553 2692 821 2762 φροντίζει
873 2692 965 2745 τοῦ
1009 2693 1411 2759 ἀπολωλεκότος
1453 2696 1482 2748 0
1527 2696 1602 2767 μὴ

55 2781 414 2845 ἀπολωλεκώς.
472 2782 701 2846 Ἐκεῖνος
743 2784 842 2853 μὲν
883 2786 990 2856 γὰρ
1031 2785 1177 2851 ἅπαξ
1208 2786 1478 2852 ἀπώλεσε,
1509 2790 1603 2842 καὶ

54 2872 291 2944 λυπηθεὶς
321 2874 557 2930 ἀπέθετο
582 2875 681 2946 τὴν
713 2878 988 2945 φροντίδα·
1020 2872 1174 2942 οὕτος
1205 2879 1262 2932 δὲ
1296 2879 1463 2950 αὐτὴν
1488 2881 1602 2950 ἔχει

52 2964 311 3035 διηνεκῶς.
346 2966 626 3019 Κατέλαϐε
657 2968 774 3032 νὺξ,
804 2971 832 3022 0
864 2968 1028 3039 λιμὴν
1052 2968 1164 3022 τῶν
1192 2971 1475 3043 ἡμετέρων
1504 2989 1604 3025 κα-

55 3056 172 3120 κῶν,
221 3057 279 3108 τὸ
316 3058 661 3128 παραμύθιον
706 3059 815 3112 τῶν
847 3060 1130 3131 ἡμετέρων
1178 3063 1503 3133 συμφορῶν,
1542 3064 1603 3117 τὸ

54 3148 324 3218 φάρμακον
353 3150 461 3202 τῶν
506 3152 858 3221 τραυμάτων.
895 3153 1005 3205 Καὶ
1042 3152 1149 3223 γάρ
1183 3155 1231 3212 οἰ
1277 3156 1603 3226 περιωδυνίᾳ

51 3241 151 3293 τινὶ
174 3244 516 3312 κατεχόμενοι
540 3246 653 3307 τοῖς
692 3244 867 3314 φίλοις
908 3245 1007 3315 μὲν
1055 3245 1147 3299 καὶ
1179 3247 1466 3314 συγγενέσι
1508 3251 1603 3302 καὶ

50 3334 282 3397 οἰκείοις,
320 3335 574 3398 πολλάκις
597 3336 653 3388 δέ
682 3336 778 3388 καλ⁹
807 3336 1043 3406 πατράσι
1093 3337 1603 3409 παραμυθουμένοις

50 3428 141 3479 οὐκ
168 3422 309 3490 εἶξαν
345 3428 465 3480 οὐδὲ
499 3427 882 3499 ὑπεχώρησαν,
918 3426 1053 3481 ἀλλά
1081 3430 1176 3482 καὶ
1210 3429 1345 3499 πρὸς
1391 3429 1459 3483 τά
1497 3432 1597 3502 ῥή-

54 3535 187 3587 ματα
211 3521 347 3573 αὐτά
366 3520 770 3589 ἠγανάκτησαν·
802 3519 1001 3583 παντὸς
1030 3519 1137 3591 γὰρ
1171 3519 1448 3590 καύματος
1475 3522 1604 3592 μᾶλ-

51 3610 131 3661 λον
157 3611 214 3661 τὸ
232 3612 424 3681 πικρὸν
446 3612 544 3680 τῆς
563 3611 753 3682 ὀδύνης
775 3610 871 3673 τὰς
904 3611 1176 3682 ἡμετέρας
1196 3611 1366 3664 θλίϐει
1394 3612 1569 3683 ψυχάς
1585 3631 1600 3645 ·

51 3701 120 3772 τῷ
162 3701 215 3754 δὲ
272 3702 427 3772 ὕπνῳ
481 3703 751 3756 κελεύοντι
786 3702 1068 3755 παύεσθαι
1118 3703 1239 3756 οὐδὲ
1287 3704 1602 3773 ἀντιϐλέψαι

53 3792 281 3861 ἴσχυσαν.
314 3794 579 3864 Καθάπερ
603 3790 696 3848 οῦν
725 3794 884 3864 σῶμα
917 3794 1139 3857 διακαὲς
1172 3795 1265 3848 καὶ
1298 3795 1606 3868 θερμοτέρα

52 3882 454 3951 προσπαλαῖσαν
498 3885 669 3937 ἀκτῖνι
724 3886 1215 3957 κατατρυχόμενον,
1273 3885 1460 3958 ὥσπερ
1496 3889 1604 3940 τινι

53 3973 360 4043 καταγωγίῳ
391 3974 587 4035 πολλάς
632 3974 808 4043 ἐχοντι
858 3975 1039 4045 πηγάς
1078 3978 1171 4029 καὶ
1215 3976 1312 4047 τὴν
1355 3979 1464 4031 ἀπὸ
1507 3979 1604 4047 τῆς

49 4065 233 4141 λεπτῆς
266 4070 439 4139 αὕρας
486 4070 868 4140 παραμυθίαν·
902 4069 1072 4131 οὕτως
1101 4072 1134 4140 ἡ
1184 4071 1279 4136 νὺξ
1328 4070 1405 4141 τῷ
1455 4071 1604 4143 ὕπνῳ

54 4162 407 4233 παραδίδωσιν
436 4162 594 4232 ἡμῶν
620 4162 718 4233 τὴν
745 4162 945 4232 ψυχήν·
978 4161 1176 4231 μᾶλλον
1213 4161 1269 4214 δέ
1295 4163 1393 4232 οὐχ
1423 4164 1455 4233 ἡ
1485 4164 1598 4229 νὺξ,

54 4252 162 4304 οὐδὲ
193 4254 220 4305 0
264 4251 433 4315 ὕπνος
479 4250 634 4303 τοῦτο
691 4250 1004 4322 ἐργάζεται,
1053 4250 1168 4303 ἀλλ’
1200 4251 1228 4302 0
1264 4250 1413 4316 Θεὸς,
1452 4246 1603 4315 εἰδὼς

52 4343 107 4395 τὺ
132 4344 472 4414 ταλαίπωρον
490 4343 646 4395 τοῦτο
676 4344 851 4412 γένος,
871 4342 1086 4395 ἅπαντα
1102 4343 1271 4396 ταῦτα
1293 4344 1601 4412 εἰργάσατο.

130 4435 436 4506 Ἀλλ’ἠμεῖς
466 4437 565 4487 οὐκ
594 4434 849 4505 ἐλεοῦμεν
872 4435 1115 4498 ἑαυτοὺς,
1148 4434 1262 4487 ἀλλ’
1310 4437 1607 4507 ἐπενοήσα-

58 4546 170 4598 μεν,
208 4529 455 4600 καθάπερ
503 4528 688 4601 ἐχθροὶ
740 4528 892 4591 ὄντες
949 4527 1178 4591 ἑαυτῶν,
1234 4528 1334 4598 τῆς
1374 4530 1607 4601 φυσικῆς

54 4622 281 4692 ἀνάγκης
324 4624 421 4675 καὶ
471 4620 827 4683 ἀναπαύσεως
882 4618 1100 4690 μείζονα
1150 4621 1456 4691 τυραννίδα,
1509 4624 1606 4694 τὴν

54 4715 149 4767 ἀπὺ
173 4715 262 4769 τοῦ
297 4716 530 4769 πλούτου
579 4714 902 4784 ἀγρυπνίαν.
952 4712 1217 4782 Μέριμνα
1264 4713 1404 4784 γάρ,
1437 4715 1602 4785 φησὶ,

55 4808 323 4868 πλούτου,
357 4804 586 4875 ἀριστᾷ
626 4805 842 4858 ὕπνον.
876 4805 985 4857 Καὶ
1026 4805 1127 4874 ὅρα
1169 4805 1307 4875 πόση
1339 4806 1431 4859 τοῦ
1471 4808 1604 4862 Θεοῦ

55 4897 382 4968 ηκηδεμονία
401 4914 415 4926 ·
439 4897 553 4950 Οὐκ
580 4894 845 4966 ἐπέτρεψε
871 4898 937 4966 τῇ
968 4896 1220 4966 προθέσει
1247 4896 1343 4968 τὴν
1373 4898 1607 4952 ἀνάπαυ-

56 5005 148 5053 σιν,
179 4991 294 5043 οὐδέ
326 4988 647 5060 προαιρέσει
672 4987 777 5040 τινὶ
801 4987 897 5058 τὴν
922 4987 1109 5057 χρείαν
1131 4987 1223 5041 τοῦ
1255 4988 1444 5053 ὕπνου,
1471 4990 1607 5044 ἀλλὰ

55 5089 289 5151 φυσικαῖς
321 5083 497 5154 αὐτὴν
525 5081 790 5148 ἀνάγκαις
814 5080 1127 5150 κατέδησεν,
1152 5081 1239 5134 ἵνα
1266 5082 1358 5135 καὶ
1382 5082 1603 5148 ἄκοντες

55 5174 474 5245 εὐεργετώμεθα·
505 5171 689 5242 τὸγὰρ
712 5170 1012 5234 καθεύδειν,
1031 5172 1128 5241 τῆς
1150 5171 1381 5240 φύσεως.
1416 5174 1606 5242 Ἡμεῖς

54 5267 107 5320 εξ
136 5267 207 5331 ὡς
237 5268 447 5338 σφόδρα
475 5267 699 5328 ἑαυτοὺς
731 5263 1038 5334 μισοῦντες,
1093 5263 1169 5326 ώς
1203 5265 1420 5335 ἐτέρους
1448 5266 1605 5318 πολε-

60 5357 265 5426 μοῦντες
294 5359 391 5410 καὶ
420 5355 715 5420 θλίϐοντες,
745 5353 844 5423 τῆς
876 5354 1105 5423 φυσικῆς
1136 5353 1338 5424 ταύτης
1363 5355 1606 5427 ἀνάγκης

61 5448 259 5519 μείζονα
283 5451 385 5520 τὴν
418 5448 529 5503 ἀπὸ
566 5447 673 5501 τῶν
701 5445 994 5518 χρημάτων
1022 5446 1392 5516 ἐπενοήσαμεν
1419 5464 1606 5517 τυρανο

58 5541 180 5595 νίδα.
224 5542 441 5613 Ἡμέρα
483 5540 703 5609 γέγονε;
748 5538 844 5590 καὶ
877 5535 1108 5589 δέδοικεν
1145 5536 1174 5588 0
1218 5535 1454 5601 τοιοῦτος
1481 5540 1605 5601 τοὺς

58 5634 402 5703 συκοφάντας.
439 5631 503 5684 Ἦ
527 5628 621 5694 νὺξ
644 5624 942 5692 κατέλαϐες
970 5624 1160 5696 τρέμει
1188 5623 1406 5695 λῃστάς,
1434 5625 1605 5680 Θάνα-

58 5740 135 5788 τος
159 5727 392 5796 ὲπέστη;
434 5722 527 5778 τοῦ
562 5720 790 5777 θανάτου
827 5716 1024 5788 μᾶλλον
1048 5716 1318 5787 δάκνεται,
1355 5715 1603 5790 [20916τι

924 291 993 346 ΙΝ
1031 289 1249 347 EPIST.
1290 290 1380 345 AD
1416 287 1701 346 PHILIPP.
1743 290 1893 346 CAP.
1938 292 1977 347 1.
2022 290 2254 349 HOMIL.
2297 292 2364 347 ll.

3184 298 3290 357 196

1724 409 1927 478 ἐτέρων
1954 410 2137 464 ἐκεῖνα
2180 409 2407 480 γίνεται.
2446 410 2661 464 Παιδίον
2692 411 2845 482 ἔσχες
2879 408 3075 468 πλείων
3102 416 3135 487 ἠ
3167 416 3288 469 ἐπι-

1719 499 1905 569 θυμία·
1938 502 2031 553 καὶ
2059 502 2178 554 τότε
2202 502 2348 554 δοκεῖ
2371 502 2537 573 πένης
2561 499 2720 557 εἶναι.
2750 504 2863 558 Οὐκ
2893 506 3046 576 ἔσχε,
3082 508 3285 575 μᾶλλον

1716 590 1986 645 όδυνᾶται.
2053 592 2251 645 Τοῦτον
2315 590 2407 646 οὖν
2466 593 2790 664 μακαρίζεις
2844 597 2933 648 τὸν
2985 597 3281 667 οὐδαμόθεν

1718 682 1951 751 ἡσθῆναι
2004 684 2333 754 δυνάμενον;
2370 686 2544 755 τούτῳ
2583 687 2796 753 φθονεῖς
2845 687 2923 757 τῷ
2967 688 3290 755 κλυδωνιζό-

1720 760 1864 844 μένῳ
1883 812 1898 836 ,
1929 777 1986 827 ἐν
2031 774 2209 844 λιμένι
2236 776 2455 846 γαληνῷ
2487 778 2552 845 τῇ
2586 776 2745 845 πενίᾳ
2772 777 3045 850 ἐστηκώς;
3085 782 3293 845 Ὄντως

1716 863 1809 915 καὶ
1842 863 2001 915 τοῦτο
2032 864 2319 933 ἐλάττωμα
2348 867 2446 935 τῆς
2474 865 2821 935 ἀνθρωπίνης
2855 867 3087 936 φύσεως,
3117 870 3178 923 τὸ
3215 872 3291 941 μὴ

1723 954 1909 1025 φέρειν
1939 956 2005 1009 τά
2039 955 2220 1023 ἀγαθά
2251 956 2537 1024 γενναίως,
2596 957 2711 1010 ἀλλ’
2758 960 2836 1022 εἰς
2865 961 2962 1022 τὰς
2990 960 3292 1030 εὐπραγίας

1714 1046 2038 1117 ἐξυϐρίζειν.
2080 1048 2192 1102 Καὶ
2224 1049 2397 1102 ταῦτα
2433 1050 2530 1120 μὲν
2567 1051 2820 1104 ἐνταῦθα·
2855 1053 2984 1105 ὃταν
3028 1053 3085 1105 δέ
3120 1056 3291 1107 ἀπέλ-

1713 1137 1893 1207 θωμεν
1925 1140 2062 1204 ἐκεῖ,
2097 1140 2329 1195 ἄκουσον
2360 1141 2412 1193 τί
2448 1158 2612 1211 φησιν
2650 1145 2677 1195 0
2709 1143 2981 1208 πλούσιος,
3014 1147 3042 1198 0
3075 1146 3288 1216 μυρίων

1710 1226 1929 1294 ἀγαθῶν
1973 1228 2182 1300 κύριος,
2213 1229 2400 1302 ὥσπερ
2427 1232 2491 1283 σὺ
2531 1230 2708 1300 λέγεις
2729 1250 2743 1265 ·
2774 1233 2835 1285 οὑ
2872 1233 2979 1302 γάρ
3009 1234 3075 1287 ἂν
3113 1234 3289 1303 ἔγωγε

1709 1318 1879 1371 ταῦτα
1908 1319 2117 1390 εἴποιμι
2172 1321 2373 1389 ἀγαθά,
2407 1322 2521 1375 ἀλλ’
2572 1322 2855 1394 ἀδιάφορα.
2908 1319 3073 1388 Οὗτος
3110 1327 3292 1380 τοίνυν

1707 1410 1736 1461 0
1768 1410 1976 1480 μυρίων
2001 1411 2219 1478 ἀγαθῶν
2251 1412 2458 1484 κύριος,
2483 1414 2713 1468 ἄκουσον
2750 1416 2800 1468 τί
2833 1433 2986 1484 φησι,
3019 1416 3114 1468 καὶ
3140 1417 3288 1481 τίνος

1707 1501 1766 1553 ἐν
1799 1503 1959 1573 χρείᾳ
1982 1504 2307 1575 καθέστηκε·
2346 1506 2554 1574 Πάτερ,
2597 1507 2782 1576 φησὶν,
2836 1508 3101 1577 Ἀϐραὰμ,
3140 1509 3288 1579 πέμ-

1706 1593 1831 1657 ψον
1851 1591 2135 1659 Λάζαρον,
2164 1594 2262 1648 ἵνα
2282 1594 2443 1661 ἄκρῳ
2462 1596 2538 1660 τῷ
2561 1595 2835 1663 δακτύλῳ
2859 1598 3143 1666 ἐπιστάζῃ
3164 1617 3287 1668 μου

1705 1684 1821 1749 τὴν
1847 1682 2145 1752 γλῶτταν,
2177 1686 2266 1739 ὅτι
2313 1687 2835 1757 ἀποτηγανίζομαι.
2882 1689 2944 1742 ΕΞ
2977 1690 3081 1760 γὰρ
3120 1692 3286 1761 μηδὲν

1705 1764 1779 1825 ὧν
1812 1769 1963 1825 εἷπον
1989 1774 2220 1845 ἔπασχεν
2251 1777 2279 1829 0
2310 1776 2563 1842 πλούσιος
2592 1779 2819 1843 ἐκεῖνος,
2844 1782 2892 1833 εἰ
2920 1781 3027 1851 γάρ
3050 1782 3107 1833 ἐν
3132 1782 3288 1853 ἀδείᾳ

1706 1864 1801 1917 καλ¹
1829 1866 2105 1934 φροντίδος
2155 1868 2325 1937 χωρὶς
2374 1868 2465 1921 τὸν
2517 1870 2729 1923 ἅπαντα
2779 1871 2893 1940 βίον
2931 1872 3159 1943 διήγαγε
3184 1890 3196 1903 ·
3227 1874 3283 1926 τί

1704 1954 1846 2024 λέγω
1873 1956 1963 2009 τὸν
1986 1957 2199 2011 ἅπαντα
2232 1959 2346 2030 βίον
2368 1977 2383 2025 ;
2402 1960 2501 2032 τὴν
2524 1961 2651 2032 μίαν
2684 1963 2855 2034 ῥοπὴν
2886 1964 3117 2034 ἐκείνην·
3142 1965 3285 2036 ῥοπὴ

1705 2047 1814 2118 γάρ
1840 2048 1986 2100 ἐστιν
2010 2062 2023 2075 '
2057 2049 2132 2112 ὡς
2165 2049 2262 2118 μία
2293 2050 2401 2121 γὰρ
2456 2051 2618 2122 ῥοπὴ,
2662 2055 2846 2123 φησὶν,
2904 2056 2932 2106 0
2973 2058 3082 2118 πᾶς
3122 2056 3285 2125 ἡμῶν

1705 2134 1838 2191 αἰὼν
1870 2136 2006 2208 πρὸς
2033 2138 2125 2190 τὸν
2154 2138 2327 2192 αἰῶνα
2375 2140 2466 2192 τὸν
2513 2142 2738 2211 ἄπειρον
2758 2161 2772 2175 ·
2822 2146 2869 2196 εἰ
2897 2146 3075 2198 τοίνυν
3106 2148 3282 2200 πάντα

1704 2228 1853 2297 αὐτῷ
1884 2230 2021 2281 κατά
2050 2228 2274 2302 γνώμην
2304 2235 2769 2303 προεκεχωρήκει,
2802 2231 2909 2305 ἆρα
2933 2236 3033 2289 οὐκ
3050 2236 3283 2301 ἐλεεινός

1704 2318 1821 2370 ἐστι
1853 2317 2057 2370 τούτων
2103 2317 2212 2372 τῶν
2258 2322 2536 2391 ῥημάτων,
2574 2323 2774 2391 μᾶλλον
2821 2324 2876 2377 δὲ
2923 2325 3126 2379 τούτων
3170 2328 3282 2380 τῶι

1706 2409 2045 2479 πραγμάτων
2066 2426 2082 2476 ;
2108 2410 2241 2481 Οὐχὶ
2262 2412 2389 2482 οἴνῳ
2412 2414 2797 2483 περιεκλύζετό
2824 2431 2916 2467 σου
2942 2418 2975 2486 η
3000 2416 3279 2487 τράπεζας

1704 2504 1798 2558 νῦν
1830 2505 1887 2558 δέ
1915 2504 2035 2557 οὑδέ
2073 2505 2329 2575 σταγόνος
2364 2506 2552 2570 ὕδατος
2577 2505 2627 2560 εἷ
2654 2509 2865 2579 κύριος,
2898 2512 2991 2562 καὶ
3018 2512 3191 2565 ταῦτα
3219 2514 3282 2564 ἐν

1705 2597 1864 2668 χρείᾳ
1884 2596 2052 2668 πολλῇ
2079 2597 2455 2668 καθεστηκώς.
2482 2600 2594 2669 Οὐχ
2615 2599 2933 2671 ἡλκωμένον
2962 2603 3282 2675 ὑπερεώρας

1702 2689 1794 2742 τὸν
1827 2689 2065 2758 πένητα;
2088 2689 2183 2743 νῦν
2211 2689 2268 2742 δὲ
2293 2689 2464 2755 ἀξιοῖς
2494 2692 2655 2745 αὑτὸν
2688 2693 2835 2755 ἰδεῖν,
2872 2695 2965 2747 καὶ
2997 2696 3171 2759 οὐδεὶς
3194 2697 3277 2750 δί-

1702 2779 1855 2833 δωσι.
1910 2779 2070 2851 Παρά
2121 2780 2211 2833 τὸν
2246 2780 2467 2834 πυλῶνα
2496 2778 2564 2852 ἦν
2601 2782 2691 2836 τὸν
2727 2784 2837 2848 σὺν,
2878 2786 2972 2839 νῦν
2996 2786 3051 2839 δέ
3080 2788 3138 2838 ἐν
3169 2790 3282 2849 τοῖς

1704 2870 1924 2932 κόλποις
1945 2869 2040 2922 τοῦ
2080 2870 2349 2941 Ἀϐραάμ·
2371 2871 2478 2925 ὑπὸ
2505 2872 2603 2935 τὰς
2630 2875 2871 2943 μεγάλας
2898 2873 2962 2930 σὺ
2994 2876 3285 2933 κατέκεισο

1702 2963 1922 3033 ὀροφὰς,
1954 2961 2048 3014 νῦν
2080 2962 2137 3014 δὲ
2174 2964 2231 3016 ἐν
2259 2962 2336 3033 τῷ
2371 2964 2504 3035 πυρὶ
2533 2965 2633 3034 τῆς
2662 2966 2905 3037 γεέννης.

1773 3061 1834 3107 ε’.
1882 3052 2253 3108 Ἀκουέτωσαν
2281 3055 2454 3110 ταῦτα
2479 3058 2526 3109 οἰ
2544 3056 2804 3111 πλούσιοι·
2832 3060 3030 3130 μᾶλλον
3047 3062 3103 3115 δὲ
3119 3063 3215 3133 οὐχ
3229 3064 3280 3118 οἱ

1702 3142 1965 3206 πλούσιοι,
2000 3142 2112 3196 ἀλλ’
2151 3145 2198 3196 οἱ
2231 3146 2619 3215 ἀνελεήμονες·
2651 3149 2711 3201 οὑ
2743 3150 2869 3221 γάρ,
2898 3153 3083 3224 ἐπειδὴ
3113 3154 3280 3209 πλού-

1703 3252 1816 3297 σιος
1841 3231 1929 3305 ἦν,
1966 3234 2274 3299 ἐκολάζετο,
2309 3236 2423 3290 ἀλλ’
2452 3238 2639 3310 ἐπειδὴ
2665 3241 2766 3294 οὐκ
2788 3240 3037 3313 ἠλέησεν.
3064 3247 3282 3301 Ἔνεστι

1704 3327 1809 3395 γάρ
1844 3325 2176 3380 πλουτοῦντα
2206 3328 2300 3379 καὶ
2328 3327 2579 3382 ἐλεοῦντα
2601 3334 2786 3401 τυχεῖν
2818 3335 3018 3398 παντὸς
3042 3336 3272 3404 ἀγαθοῦ.

1703 3418 1812 3469 Καὶ
1839 3417 1926 3469 διὰ
1957 3417 2115 3470 τοῦτο
2142 3419 2332 3471 οὐδένα
2361 3420 2518 3474 ἄλλον
2546 3423 2650 3493 δρᾷ
2672 3463 2686 3484 ,
2733 3422 2849 3476 ἀλλ’
2894 3424 2926 3494 ἢ
2958 3428 3164 3480 ἐκεῖνον
3187 3430 3281 3483 τὸν

1701 3507 1951 3577 δεόμενον
1993 3510 2178 3573 αὐτοῦ,
2229 3509 2315 3562 ἵνα
2369 3510 2539 3583 μάθῃ,
2567 3512 2647 3565 ὅτι
2679 3511 2905 3577 δικαίως
2934 3515 3107 3569 ταῦτα
3135 3518 3277 3572 ἐπα-

1704 3617 1851 3671 σχεν,
1883 3601 1963 3663 είς
1993 3601 2297 3672 ὑπόμνησιν
2323 3602 2494 3655 ἐλθὼν
2520 3598 2595 3657 ὧν
2620 3603 2877 3675 ἔπραττε.
2921 3607 3012 3678 Μὴ
3042 3608 3149 3681 γὰρ
3181 3611 3281 3665 οὑκ

1702 3686 1841 3761 ἦσαν
1871 3692 2051 3761 μυρίοι
2079 3692 2307 3761 πένητες
2327 3693 2553 3760 δίκαιοι;
2600 3693 2739 3747 Ἀλλ’
2757 3696 2787 3747 0
2818 3697 2955 3766 πρὸς
2973 3697 3050 3768 τῷ
3076 3700 3309 3767 πυλῶνι,

1704 3782 1867 3836 αὑτοῦ
1890 3782 2157 3853 κείμενος,
2193 3776 2348 3847 οὕτος
2392 3783 2540 3853 αὐτῷ
2572 3784 2843 3852 φαίνεται,
2879 3786 3148 3841 παιδεύων
3180 3790 3283 3843 αὑ-

1706 3871 1798 3923 τὸν
1827 3871 1920 3923 καὶ
1954 3871 2122 3940 ἡμᾶς,
2162 3870 2286 3923 ὅσον
2315 3871 2462 3923 ἐστὶν
2497 3870 2700 3939 ἀγαθὸν
2735 3872 2809 3944 μὴ
2837 3873 3155 3930 πεποιθέναι
3184 3878 3277 3929 ἐπὶ
3346 3900 3351 3905 ι

1706 3960 2001 4028 χρήμασιν.
2031 3958 2196 4011 Οὐδὲν
2226 3960 2431 4013 ἐκεῖνον
2481 3959 2715 4031 ἔϐλαψεν
2768 3963 2801 4032 ἡ
2836 3962 2996 4015 πενία
3036 3965 3171 4035 πρὸς
3218 3967 3282 4019 τὸ

1709 4045 1982 4115 βασιλείας
2012 4048 2212 4115 τυχεῖν·
2248 4048 2400 4101 οὐδὲν
2430 4048 2619 4103 τοῦτον
2665 4049 2946 4119 ὠφέλησεν
2985 4054 3014 4105 0
3049 4052 3281 4117 πλοῦτος

1707 4136 1841 4205 πρὸς
1865 4134 1926 4187 τὸ
1954 4134 2179 4203 γέενναν
2208 4137 2484 4204 ἐκφυγεῖν.
2514 4137 2693 4208 Μέχρι
2727 4138 2856 4190 πότε
2882 4138 3147 4209 πένητες;
3180 4143 3280 4211 μέ-

1708 4241 1798 4296 χρι
1822 4224 1949 4276 πότε
1980 4224 2217 4293 πτωχοί;
2251 4226 2363 4278 Οὐκ
2397 4224 2563 4290 ἔστιν,
2594 4227 2694 4279 οὐκ
2721 4226 2836 4281 ἔστι
2866 4228 3032 4299 πένης
3056 4232 3083 4283 0
3114 4233 3283 4301 μηδὲν

1707 4310 1865 4381 έχων,
1899 4310 2013 4363 ἀλλ’
2038 4313 2065 4364 0
2092 4310 2303 4364 πολλῶν
2331 4311 2633 4381 ἐπιθυμῶν·
2674 4314 2773 4365 οὐκ
2809 4314 2925 4367 ἐστι
2971 4316 3224 4380 πλούσιος
3249 4322 3279 4373 0

1707 4396 1876 4450 πολλά
1904 4398 2258 4468 κεκτημένος,
2286 4397 2399 4451 ἀλλ’
2435 4399 2462 4450 ό
2502 4399 2730 4470 μηδενὸς
2762 4399 3029 4470 δεόμενος.
3069 4404 3133 4456 Τί
3171 4407 3279 4475 γάρ

1706 4486 1895 4555 ὄφελος
1922 4488 2101 4540 πᾶσαν
2129 4488 2225 4557 μὲν
2250 4487 2548 4558 κεκτῆσθαι
2586 4488 2685 4559 τὴν
2725 4490 3073 4562 οἰκουμένην,
3095 4493 3191 4547 τοῦ
3219 4496 3277 4549 δὲ

1711 4574 1874 4645 μηδὲν
1900 4572 2111 4643 ἔχοντος
2143 4573 2340 4644 μᾶλλον
2367 4575 2424 4627 ἐν
2459 4575 2665 4648 ἀθυμίᾳ
2691 4576 2936 4646 διάγειν;
2969 4581 3035 4631 Δί
3079 4598 3276 4652 προαι-

1708 4660 1888 4732 ρέσεις
1920 4660 2159 4724 καὶτοὺς
2182 4661 2541 4727 πλουτοῦντας
2571 4665 2667 4717 καὶ
2691 4666 2819 4728 τοὺς
2840 4668 3166 4737 πενομένους
3187 4672 3283 4742 ἐρ-

1708 4747 1990 4816 γάζονται,
2019 4747 2117 4817 οὐχ
2142 4749 2175 4817 ἡ
2204 4748 2313 4801 τῶν
2341 4750 2638 4820 χρημάτων
2666 4752 2952 4822 περιουσία
2982 4754 3100 4807 οὑδέ
3130 4758 3162 4826 ή
3194 4757 3282 4809 έν-

1706 4835 1843 4889 δεια.
1880 4833 2029 4907 [210]
2062 4834 2249 4889 Βούλει
2302 4837 2555 4906 γενέσθαι
2589 4838 2841 4903 πλούσιος
2893 4842 2956 4894 σύ
3006 4844 3034 4895 0
3067 4844 3276 4915 πένης;

1711 4923 1926 4988 Ἔξεστί
1966 4940 2044 4975 σοι
2076 4922 2400 4995 βουλομένῳ,
2437 4927 2530 4979 καὶ
2558 4928 2585 4978 0
2614 4926 2838 4979 κωλύων
2885 4928 3079 4993 οὐδείς·
3108 4948 3278 4986 κατα-

1708 5012 1975 5083 φρόνησον
2004 5011 2112 5063 τῶν
2150 5011 2244 5064 τοῦ
2279 5012 2484 5083 κόσμου
2526 5015 2844 5085 χρημάτων·
2885 5016 3105 5085 νόμισον
3136 5016 3277 5073 εἶναι

1711 5099 1893 5170 μηδὲν,
1923 5098 2108 5169 ὥσπερ
2148 5094 2241 5152 οὖν
2271 5099 2393 5153 οὐδέ
2421 5102 2597 5166 ἐστιν;
2627 5100 2823 5154 ἔκϐαλε
2859 5102 2957 5173 τὴν
2983 5103 3277 5176 ἐπιθυμίαν

1706 5190 1800 5243 τοῦ
1824 5189 2067 5253 πλούτου,
2096 5190 2189 5243 καὶ
2211 5189 2567 5260 ἐπλούτησας.
2596 5186 2761 5256 Οὗτός
2781 5194 2927 5245 ἐστιν
2951 5196 2980 5247 0
3004 5194 3272 5259 πλουτῶν,

1706 5279 1736 5330 0
1763 5278 1837 5348 μὴ
1870 5276 2037 5331 θέλων
2083 5280 2348 5331 πλουτεῖν·
2395 5279 2422 5330 0
2465 5278 2540 5349 μὴ
2584 5278 2751 5331 θέλων
2798 5280 3072 5345 πένεσθαι,
3120 5276 3271 5346 οὗτός

1708 5367 1853 5418 ἐστιν
1877 5366 1906 5417 0
1937 5365 2248 5437 πενόμενος.
2293 5365 2556 5437 Καθάπερ
2605 5368 2810 5430 ἐκεῖνος
2839 5368 3008 5421 νοσῶν
3034 5370 3063 5420 0
3089 5371 3182 5422 καὶ
3216 5372 3277 5422 ἐν

1708 5452 1867 5523 ὑγεία
1891 5452 2094 5516 ἀλύων,
2115 5453 2215 5506 οὐκ
2240 5453 2442 5515 ἐκεῖνος
2458 5453 2487 5505 0
2503 5453 2681 5523 πάσης
2704 5453 2889 5521 ὑγείας
2912 5452 3276 5527 εὐκολώτερον

1706 5538 1805 5608 τὴν
1826 5538 1978 5592 νόσον
2008 5538 2209 5611 φέρων,
2238 5537 2379 5592 οὕτω
2402 5539 2494 5591 καὶ
2521 5538 2754 5592 ἐνταῦθα
2777 5539 2944 5609 πένης
2972 5538 3165 5592 ἐστὶνδ
3195 5540 3272 5611 μὴ

1705 5628 2005 5701 δυνάμενος
2025 5629 2214 5684 πενίαν
2238 5630 2500 5699 ἐνεγκεῖν,
2522 5629 2637 5683 ἀλλ’
2666 5630 2724 5682 ἐν
2752 5628 2966 5701 πλούτῳ
2989 5629 3098 5683 τῶν
3115 5647 3272 5684 πενοε

1714 5721 1889 5792 μένων
1935 5722 2134 5791 μᾶλλον
2170 5722 2471 5795 ἡγούμενος
2500 5717 2637 5779 εἶναι
2670 5723 2856 5795 πένης,
2887 5725 2987 5780 οὐκ
3014 5726 3215 5790 ἐκεῖνος
3242 5727 3272 5780 0
