3974 6514
570 293 673 352 I97

566 411 679 467 τῶν
696 405 1066 463 πλουτούντων
1087 399 1288 473 μᾶλλον
1312 398 1412 469 τὴν
1439 396 1629 451 πενίαν
1650 393 2011 465 εὐκολώτερον
2034 390 2136 459 φέ-

568 518 712 575 ρωνο
742 490 895 561 οὗτος
930 494 1039 566 γάρ
1084 496 1199 547 ἐστι
1255 490 1453 561 μᾶλλον
1482 490 1512 541 6
1544 485 1958 557 πλουσιώτερος.
2002 481 2139 536 Είπὲ

565 572 677 666 γάρ
709 610 821 664 μοι,
850 588 949 660 τὴν
977 587 1169 641 πενίαν
1193 584 1281 637 διὰ
1300 583 1351 635 τί
1378 582 1650 645 δέδοικας;
1680 576 1770 631 διὰ
1791 577 1843 629 τί
1873 572 2098 645 τρέμεις
2121 590 2137 635 ;

565 662 687 756 ὁιάι
712 662 804 737 ιςιά
838 680 1024 751 λιμόν;
1056 676 1175 745 οὐχὶ
1220 675 1308 728 διὰ
1347 672 1530 741 δῖψος;
1571 669 1693 738 οὐχὶ
1731 667 1820 721 διὰ
1866 665 2068 735 ψῦχος;
2104 662 2138 733 ἧ

564 779 626 833 ού
652 778 742 830 διὰ
779 773 986 837 ταῦτα;
1036 769 1175 821 Ἀλλ’
1221 768 1321 820 οὐκ
1362 765 1539 824 ἔστιν,
1582 762 1683 815 οὐκ
1716 760 1861 813 ἔστιν
1890 758 2064 819 οὐδεὶς
2112 757 2142 808 6

563 869 769 924 τούτων
793 866 1077 936 ἀπορήσας
1102 860 1248 914 ποτε.
1266 856 1632 927 Ἐμόλέψατε
1650 854 1759 923 γὰρ
1780 854 1867 917 είς
1889 848 2142 920 ἀρχαίας

562 960 796 1033 γενεὰς,
822 958 920 1011 καί
954 955 1107 1008 ἴδετε
1131 969 1145 983 ·
1193 953 1285 1015 τίς
1314 950 1641 1004 ἐπίστευσε
1672 946 1753 1011 τῷ
1783 943 1995 1011 Κυρίῳ,
2040 940 2142 993 καί

562 1048 989 1122 ἐγκατελείφθη
1014 1062 1032 1109 ;
1053 1044 1092 1112 ἣ
1125 1043 1216 1107 τίς
1230 1041 1495 1109 ἤλπισεν
1516 1038 1609 1091 ἐπ’
1636 1035 1842 1098 αὐτὸν,
1867 1033 1969 1087 καὶ
1997 1048 2140 1085 κατ-

562 1144 842 1212 ῃσχύνθη
868 1156 887 1203 ;
922 1138 1014 1191 καὶ
1048 1136 1229 1198 πάλιν,
1270 1130 1639 1200 Ἐμόλέψατε
1672 1131 1761 1193 είς
1808 1126 1881 1179 τὰ
1908 1124 2146 1178 πετεινὰ

564 1234 672 1289 τοῦ
701 1229 979 1299 οὐρανοῦ,
1020 1227 1110 1280 ὅτι
1145 1228 1217 1279 οὐ
1246 1224 1610 1290 σπείρουσιν
1641 1218 1784 1274 οὐδὲ
1812 1215 2148 1285 θερίζουσιν

563 1324 708 1381 οὐδὲ
722 1321 1099 1391 συνάγουσιν
1112 1320 1200 1383 είς
1223 1315 1553 1381 ἀποθήκας,
1588 1312 1687 1367 καί
1708 1313 1742 1365 ό
1761 1311 1963 1379 Πατὴρ
1982 1309 2150 1378 ὑμῶν

564 1423 601 1474 ό
632 1418 907 1485 οὐράνιος
947 1413 1145 1483 τρέφει
1175 1409 1347 1465 αὐτὰ.
1393 1406 1598 1461 Οὐδένα
1636 1406 1703 1460 ἂν
1746 1404 1859 1475 ἔχοι
1902 1422 1988 1467 τις
2015 1405 2146 1473 ἡμῖν

564 1508 733 1573 δεῖξαί
772 1524 892 1560 τινα
926 1503 1136 1574 ταχέως
1180 1500 1270 1554 διὰ
1298 1498 1457 1570 λιμὸν
1479 1499 1575 1551 καὶ
1609 1496 1781 1568 ψῦχος
1806 1495 2141 1549 ἀπολωλότα.

562 1601 723 1662 Τίνος
750 1593 843 1651 οῦν
876 1596 1060 1649 ἕνεκεν
1087 1594 1308 1663 τρέμεις
1341 1590 1441 1661 τὴν
1478 1588 1705 1655 πενίαν;
1737 1589 1851 1641 Οὐκ
1889 1586 2147 1656 ἔχειςιεί-

564 1695 708 1745 πεῖν.
754 1692 815 1743 Εἰ
858 1690 966 1758 γὰρ
1018 1687 1271 1755 εύπορεῖς
1309 1683 1421 1736 τῶν
1463 1680 1795 1749 ἀναγκαίων,
1841 1680 1894 1731 τί
1943 1678 2142 1748 δήποτε

566 1783 789 1853 τρέμεις
827 1779 1029 1848 αὑτήνς
1079 1778 1161 1829 ὅτι
1218 1772 1422 1843 πλῆθος
1469 1772 1570 1825 οὐκ
1615 1771 1731 1823 ἔστι
1762 1787 1844 1823 σοι
1880 1768 2138 1833 οἰκετῶν;

566 1872 739 1927 Τοῦτο
771 1868 1047 1924 δεσποτῶν
1078 1870 1226 1920 ἐστιν
1262 1863 1662 1932 ἀπαλλαγῆναι,
1685 1860 1845 1914 τοῦτο
1876 1858 2143 1930 μακαριό-

565 1983 666 2036 της
715 1963 985 2033 διηνεκὴς,
1027 1960 1185 2013 τοῦτο
1230 1957 1510 2027 φροντίδος
1549 1952 1849 2022 ἐλευθερία.
1895 1951 2033 2005 Ἀλλ’
2063 1952 2145 2004 ὅτι

567 2056 664 2108 καὶ
694 2052 884 2121 σκεύη,
909 2051 1003 2105 καὶ
1028 2050 1226 2111 κλῖναι,
1247 2049 1340 2100 καὶ
1369 2045 1574 2098 ἔπιπλα
1594 2044 1695 2096 οὐκ
1718 2041 1867 2095 ἔστιν
1891 2039 1950 2104 ἐξ
1974 2041 2146 2111 ἀργυ-

572 2147 689 2219 ρίου
718 2142 1201 2212 κατεσκευασμένα
1227 2158 1310 2194 σοι
1327 2158 1341 2205 ;
1361 2139 1427 2191 Τί
1444 2138 1553 2209 γάρ
1583 2153 1679 2190 σου
1697 2134 1857 2189 πλέον
1874 2132 1986 2203 ἔχει
2005 2131 2147 2185 κατᾶ

569 2238 666 2310 τὴν
694 2236 992 2289 ἀπόλαυσιν
1025 2235 1053 2285 6
1084 2230 1257 2285 ταῦτα
1287 2228 1658 2299 κεκτημένοςς
1701 2225 1891 2278 Οὐδέν·
1926 2222 1996 2276 τά
2036 2222 2145 2292 γὰρ

569 2330 667 2399 τῆς
691 2328 939 2398 χρήσεως
970 2326 1078 2388 ῖσα,
1098 2324 1163 2378 ἀν
1185 2340 1241 2375 τε
1272 2320 1380 2375 ἀπὸ
1400 2319 1624 2390 ταύτης,
1643 2318 1708 2373 ἀν
1734 2334 1793 2370 τε
1814 2316 1910 2370 ἀπ’
1931 2314 2147 2384 ἐκείνης

570 2421 669 2490 τῆς
707 2420 839 2488 ὖλης
969 2416 1111 2469 Ἀλλ’
1145 2415 1223 2468 δτι
1258 2412 1488 2482 φοϐερὸς
1527 2410 1628 2464 ούκ
1661 2404 1712 2463 εἷ
1736 2410 1849 2471 τοῖς
1898 2405 2143 2470 πολλοῖς;

572 2512 719 2583 Μηδὲ
756 2510 935 2580 γένοιό
964 2524 1095 2562 ποτε
1121 2524 1137 2539 ·
1191 2506 1320 2559 ποία
1348 2504 1457 2575 γὰρ
1500 2503 1659 2574 ήδονὴ
1686 2500 1913 2572 τρέμειν
1940 2498 2035 2551 καὶ
2061 2497 2147 2551 δε-

571 2602 806 2657 δοικέναι
829 2600 887 2653 σέ
919 2614 1098 2664 τιναςς
1151 2597 1267 2651 ἀλλ’
1303 2598 1388 2674 fit:
1431 2595 1650 2666 ἐτέρους
1696 2592 1868 2663 φοϐᾖς
1904 2590 2017 2644 ἀλλ’
2047 2591 2148 2643 ούκ

573 2693 688 2746 ἔστι
740 2690 1105 2760 φοϐηθῆναια.
1142 2687 1347 2750 Θέλεις
1398 2685 1506 2755 γὰρ
1551 2684 1638 2753 μὴ
1697 2682 2006 2752 φοϐεῖσθαι
2033 2680 2149 2748 τὴν

572 2784 864 2848 ἐξουσίαν
887 2799 903 2844 ;
932 2780 999 2834 τὸ
1019 2778 1246 2849 ἀγαθὸν
1279 2777 1459 2840 ποίει,
1487 2774 1584 2829 καί
1612 2774 1769 2839 ἕξεις
1794 2772 2047 2829 ἔπαινον
2077 2770 2149 2834 ἐξ

573 2873 782 2943 αὐτῆς.
844 2872 983 2926 ’Δλλ⁹
1012 2873 1095 2925 δτι
1125 2866 1587 2939 εὐκαταφρόνητοί
1629 2868 1832 2936 ἐσμεν,
1863 2863 2018 2935 φησὶ,
2054 2862 2150 2916 καὶ

638 3067 667 3098 ⁸
690 3064 976 3127 Legendum
997 3060 1212 3123 videtur,
1231 3063 1333 3110 ἀλλ’
1351 3061 1480 3109 ἐστιν
1504 3060 1559 3108 ού
1584 3060 1690 3122 φοὸ.

1316 281 1374 337 S.
1411 276 1693 335 JOANMS
1727 265 2211 332 CHRYSOSTOMI
2248 264 2565 322 ARCHIEP.
2602 262 3148 321 CONS’I'ANTINOP.
3568 232 3571 237 ί
3679 280 3752 337 193

2240 384 2374 454 πρὸς
2402 385 2464 438 τὸ
2490 384 2684 437 παθεῖν
2713 383 2927 453 ἕτοιμοι
2974 385 3193 449 κακῶς;
3226 384 3470 442 Μάλιστα
3508 391 3599 460 μὲν
3635 397 3755 468 οὺχή

2241 477 2401 531 πενία
2424 475 2583 529 τοῦτο
2605 478 2767 537 ποιεῖ,
2799 476 2911 528 ἀλλ’
2940 477 2974 545 ἡ
3002 477 3189 529 κακία.
3226 479 3379 531 Ἐπεὶ
3410 480 3606 535 πολλῶν
3630 498 3755 559 πίνη.

2246 586 2360 622 των
2387 569 2757 639 ἀπραγμόνως
2784 568 2878 620 τὸν
2910 568 3090 622 πάντα
3122 570 3234 639 βίον
3272 570 3571 639 διαγόντων,
3607 576 3759 649 ἄρχον-

2241 675 2361 724 τες,
2410 657 2767 719 πλουτοῦντες
2808 658 2903 711 καὶ
2941 657 3197 712 δυνάσται
3252 661 3463 714 πάντων
3494 666 3759 738 κακούργων

2243 751 2339 803 καὶ
2362 749 2576 819 λῃστῶν
2608 749 2703 801 καὶ
2733 747 3109 818 τυμϐωρύχων
3137 748 3457 820 ἀθλιώτερον
3487 754 3760 825 ἀπήλλαξαν,

2246 840 2423 910 Ὅπερ
2460 839 2567 910 γὰρ
2589 838 2681 891 ἐπὶ
2704 838 2797 891 σοῦ
2821 842 2854 907 ή
2881 838 3066 904 πενία,
3094 838 3251 892 τοῦτο
3269 840 3352 892 ἐπ’
3372 842 3567 896 ἐκείνου
3592 848 3617 898 6
3638 849 3762 901 πλοῦ-

2242 948 2333 994 τος
2362 932 2495 1001 ἔχει.
2523 931 2733 1001 ’Ὠσπερ
2779 930 2889 999 γάρ
2918 947 2980 983 σε
3016 930 3105 984 διὰ
3145 932 3206 983 τὸ
3243 936 3668 1004 καταφρονεῖσθαι
3703 942 3764 992 ὲν-

2242 1023 2415 1078 ταῦθα
2463 1021 2680 1075 ποιοῦσι
2730 1022 2917 1085 κακῶς
2962 1022 3013 1074 οί
3060 1022 3267 1075 κακοῦν
3298 1023 3606 1094 βουλόμενοι·
3638 1030 3765 1095 οὕτως

2246 1116 2453 1168 ἐκεῖνον
2484 1114 2573 1167 διὰ
2620 1113 2682 1166 τὸ
2711 1112 2926 1183 φθονεῖν
2976 1114 3072 1167 καὶ
3118 1114 3429 1184 βασκαίνειν
3450 1132 3463 1146 ’
3495 1119 3578 1172 καὶ
3612 1124 3765 1191 μᾶλλον

2246 1202 2412 1268 οὗτοι,
2449 1206 2481 1277 ἥ
2512 1208 2726 1259 ἐκεῖνοι·
2764 1206 2965 1275 μᾶλλον
3010 1206 3148 1277 αῦτη
3187 1209 3222 1277 ἡ
3258 1210 3470 1281 ἀνάγκη
3503 1213 3765 1287 ἰσχυροτέρα

2246 1293 2344 1347 τοῦ
2374 1293 2562 1355 κακῶς
2589 1296 2783 1346 ποιεῖν.
2826 1294 2884 1346 '0
2936 1294 3035 1363 μὲν
3081 1295 3187 1365 γάρ
3223 1296 3433 1363 φθονῶν
3459 1338 3473 1364 ,
3507 1300 3634 1371 ἰσχύϊ
3656 1305 3765 1378 πάσῃ

2248 1385 2343 1436 καὶ
2374 1383 2603 1457 δυνάμει
2634 1383 2811 1436 πάντα
2842 1382 3070 1452 πράττει
3095 1422 3109 1443 ,
3149 1387 3177 1437 ό
3215 1385 3275 1438 δὲ
3305 1391 3641 1461 καταφρονῶν
3667 1396 3764 1446 πολ·
3870 1382 3871 1449 ί

2248 1471 2405 1535 λάκις
2443 1472 2536 1524 καὶ
2566 1471 2763 1540 ἠλέησε
2816 1471 2905 1523 τὸν
2951 1473 3461 1544 καταφρονούμενον
3484 1494 3499 1509 ο
3534 1481 3616 1533 καὶ
3643 1482 3760 1536 τοῦτη

2249 1559 2383 1614 αὐτὸ
2403 1559 2623 1628 γέγονεν
2640 1558 2786 1628 αύτῴ
2809 1560 2976 1612 αἴτιον
3000 1559 3345 1631 ἀπαλλαγῆς,
3364 1562 3447 1635 [21
3464 1565 3510 1636 1]
3536 1569 3590 1619 τὸ
3612 1570 3765 1640 πένητα

2251 1645 2416 1710 εἶναι,
2446 1648 2508 1701 τὸ
2539 1648 2893 1719 μὴδύνασθαι
2923 1648 3066 1718 ἔχειν
3104 1648 3278 1717 ἰσχύνι
3320 1654 3540 1721 Μεγάλα
3584 1676 3633 1710 τε
3670 1678 3763 1713 κατ-

2247 1738 2533 1808 ορθώσεις,
2565 1737 2814 1805 λέγοντες
2835 1738 2970 1809 πρὸς
3002 1738 3185 1800 αὐτὸν,
3215 1737 3311 1790 ὲάν
3328 1740 3417 1792 τὸν
3440 1744 3576 1799 δεῖνα
3602 1748 3763 1819 ἀνέλῃς,

2249 1823 2344 1877 ἐὰν
2380 1824 2708 1894 ἀποκτείνῃς
2760 1824 2856 1903 ἕνα
2914 1823 3144 1895 πένηταο
3186 1825 3369 1877 πόσων
3415 1828 3510 1880 οὐκ
3546 1804 3764 1907 ἀπολαύσή

2252 1910 2500 1980 μισθῶνς
2535 1912 2625 1963 καὶ
2653 1909 2829 1973 οὕτως
2860 1911 3039 1963 αὐτῶν
3070 1912 3161 1963 τὸν
3193 1912 3366 1982 θυμὸν
3399 1914 3649 1983 χαλῶμεν.
3677 1923 3766 1975 Ἐπὶ

2246 2000 2304 2052 δὲ
2344 2001 2452 2054 τῶν
2481 2001 2857 2054 πλουτούντων
2879 2002 2906 2053 6
2941 2002 3135 2069 φθόνος
3164 2003 3471 2073 ἐφέστηκεν
3489 2044 3501 2064 ,
3542 2007 3597 2058 οὐ
3622 2012 3767 2075 πρότε-

2251 2105 2340 2159 ρον
2370 2088 2571 2159 λήγων,
2602 2088 2705 2151 ἕως
2730 2087 2794 2141 ἂν
2825 2090 2961 2159 ὅπερ
2995 2089 3242 2159 βούλεται
3271 2092 3584 2163 ἐργάσηται,
3609 2096 3684 2146 καὶ
3703 2099 3768 2153 τὸν
3882 2098 3883 2107 “

2252 2176 2327 2229 ίδν
2380 2176 2544 2250 ἐκχέῃ
2590 2178 2680 2229 τὸν
2716 2176 2902 2229 αὐτοῦ.
2951 2179 3082 2248 Ὀρᾷ
3115 2179 3195 2231 ὅτι
3240 2180 3340 2249 οὐχ
3367 2182 3399 2249 ή
3431 2180 3599 2244 πενία,
3629 2182 3771 2233 οὐδὲὸ

2250 2264 2482 2328 πλοῦτος
2510 2265 2731 2332 ἀγαθὸν,
2764 2265 2880 2317 ἀλλ’
2911 2266 2942 2336 ἡ
2967 2268 3213 2336 ἡμετέρα
3247 2270 3555 2339 προαίρεσις
3578 2287 3590 2333 ;
3614 2271 3771 2325 Οὐκοῦν

2247 2352 2451 2422 ταύτην
2482 2353 2851 2423 ρυθμίζιημεν,
2888 2354 3092 2423 ταύτην
3137 2356 3483 2425 παιδεύωμεν
3508 2358 3770 2426 φιλοσοφεῖν.

2254 2441 2350 2493 Ἂν
2379 2439 2516 2509 αῦτη
2566 2440 2744 2501 καλῶς
2870 2443 3206 2511 διακειμένη,
3248 2442 3373 2495 οὗτε
3425 2445 3633 2509 πλοῦτος
3665 2448 3771 2515 ἡμᾶς

2249 2526 2500 2580 ἐκϐαλεῖν
2516 2527 2615 2597 τῆς
2647 2527 2921 2596 βασιλείας
2943 2530 3258 2598 δυνήσεται,
3284 2528 3408 2582 οὔτε
3441 2531 3587 2583 πενία
3609 2533 3772 2599 ποιήσει

2248 2613 2473 2668 ἔλαττον
2527 2614 2708 2684 ἔχειν·
2768 2616 2903 2667 ἀλλά
2954 2616 3144 2684 πράως
3203 2616 3306 2686 τὴν
3356 2617 3537 2670 πενίαν
3570 2618 3771 2687 οἴσομεν,

2248 2702 2369 2755 οὐδὲ
2432 2703 2514 2764 είς
2570 2702 2667 2772 τὴν
2722 2704 2829 2756 τῶν
2893 2702 3197 2772 μελλόντων
3260 2705 3477 2773 ἀγαθῶν
3535 2706 3773 2758 ἀπόλαυσιν

2249 2789 2794 2858 παραϐλαπτόμενοι,
2826 2790 2945 2842 οὐδὲ
2986 2790 3218 2843 ἐνταῦθα
3249 2806 3265 2821 ο
3319 2791 3457 2844 ἀλλά
3502 2794 3589 2845 καὶ
3619 2792 3773 2844 τούτων

2248 2876 2657 2947 ἀπολαύσομεν,
2720 2880 2815 2931 καὶ
2861 2878 2971 2931 τῶν
3024 2880 3081 2930 ἑν
3128 2879 3382 2945 οὐρανοῖς
3438 2879 3773 2951 ἐπιτευξόμεθα

2250 2962 2473 3114 ῗέαθῶν
2499 2978 2513 2992 ⁸
2559 2956 2633 3019 ὧν
2662 2966 2871 3032 γένοιτο
2897 2967 3107 3029 πάντας
3139 2967 3294 3037 ἡμᾶς
3320 2969 3603 3039 ἐπιτυχεῖν,
3631 2971 3707 3021 καὶ
3728 2966 3776 3020 τὰ

2323 3067 2389 3114 ης
2397 3089 2411 3103 ο

2323 3067 2411 3120 ης.

2071 3522 2315 3581 ΟΜΙΛΙΑ
2350 3524 2423 3581 I".

586 3696 695 3751 Καὶ
739 3697 810 3751 ἐν
849 3696 1037 3760 τούτῳ
1075 3696 1279 3765 χαίρω,
1304 3693 1464 3749 ἀλλὰ
1491 3694 1587 3749 καὶ
1630 3694 1987 3765 χαρήσομαι.
2020 3689 2164 3748 Οἶδα

653 3788 766 3857 γὰρ
807 3788 896 3842 ὅτι
940 3788 1118 3841 τοῦτό
1157 3805 1259 3855 μοι
1305 3787 1674 3855 ἀποϐήσεται
1719 3789 1806 3853 είς
1855 3787 2164 3853 σωτηρίαν

655 3878 753 3931 διὰ
797 3878 909 3947 τῆς
946 3878 1111 3947 ὑμῶν
1153 3878 1437 3944 δεήσεως,
1482 3878 1580 3931 καί
1634 3878 2019 3947 ἐπιχορηγίας
2055 3876 2163 3930 τοῦ

660 3969 1005 4038 Πνεύματος
1062 3968 1255 4035 Ἰησοῦ
1298 3966 1598 4035 Χριστοῦ,
1658 3968 1808 4021 κατὰ
1862 3968 1978 4036 τὴν
2017 3968 2165 4021 ἀπο-

658 4060 1025 4128 καραδοκίαν
1085 4058 1185 4111 καί
1223 4058 1440 4111 ἐλπίδα
1489 4076 1645 4128 μου,
1696 4058 1785 4112 ὅτι
1842 4060 1911 4113 ἐν
1962 4059 2162 4113 οὐδενί

658 4149 1175 4220 αίσχυνθήσομαι,
1218 4148 1355 4202 ἀλλ’
1394 4149 1465 4201 ἐν
1512 4149 1679 4218 πάσῃ
1720 4152 2056 4219 παρρησίᾳ,
2084 4152 2164 4216 ὡς

660 4244 933 4306 πάντοτε,
972 4241 1071 4295 καί
1112 4241 1231 4295 νῦν
1264 4241 1783 4310 μεγαλυνθήσεται
1816 4243 2066 4310 Χριστὸς
2095 4244 2165 4296 ἐν

660 4336 741 4402 τῷ
760 4334 988 4404 σώματί
1016 4350 1150 4401 μου,
1174 4332 1292 4386 εἶτε
1318 4333 1413 4387 διὰ
1440 4330 1605 4401 ζωῆς,
1622 4335 1742 4387 εἴτε
1759 4334 1857 4388 διὰ
1879 4336 2161 4389 θανάτου.

659 4434 726 4481 α’.
758 4426 868 4497 Τὴν
893 4424 1133 4496 μεγάλην
1158 4424 1251 4478 καὶ
1280 4424 1566 4494 φιλόσοφον
1592 4424 1767 4496 ψυχὴν
1792 4427 1942 4479 οὐδὲν
1973 4426 2079 4481 τῶν
2104 4427 2163 4479 ἐν

590 4516 669 4587 τῷ
688 4514 913 4585 παρόντι
941 4512 1039 4583 βίῳ
1064 4512 1321 4583 λυπηρῶν
1346 4511 1566 4565 δύναται
1592 4513 1795 4581 δακεῖν,
1828 4514 1928 4568 οὐκ
1951 4514 2161 4586 ἔχθραι,

591 4608 652 4661 ού
686 4603 1039 4675 κατηγορίαι,
1095 4603 1155 4656 ού
1203 4602 1480 4668 διαϐολαὶ,
1522 4603 1582 4657 ού
1623 4604 1888 4670 κίνδυνοι,
1920 4606 2021 4660 οὐκ
2046 4607 2165 4659 ὲπι-

594 4702 801 4756 ϐουλαί.
827 4701 1038 4770 Ὠσπερ
1066 4700 1172 4770 γὰρ
1200 4700 1278 4761 εἰς
1311 4699 1553 4773 μεγάλην
1580 4701 1703 4754 τινὰ
1728 4702 2039 4775 ἀκρώρειαν
2066 4721 2164 4758 κα-

572 4870 573 4873 η
593 4790 929 4862 ταφυγοῦσα,
948 4789 1185 4858 ἄληπτος
1208 4790 1373 4843 πᾶσίν
1393 4793 1509 4845 ἐστι
1529 4795 1641 4855 τοῖς
1661 4793 1902 4848 κάτωθεν
1922 4794 2163 4848 ἀνιοῦσιν

595 4883 701 4937 ἀπὸ
726 4884 823 4953 τῆς
849 4882 973 4952 γῆς.
1003 4880 1237 4953 Τοιαύτη
1268 4877 1336 4953 ἦν
1365 4883 1399 4954 ἡ
1430 4881 1524 4935 τοῦ
1548 4883 1759 4937 Παύλου
1782 4884 1948 4957 ψυχή,
1980 4886 2163 4957 πάσης

592 4973 900 5047 ἀκρωρείας
918 4973 1242 5046 ὑψηλότερον
1264 4974 1427 5027 τόπον
1438 4974 1528 5028 τὸν
1543 4975 1643 5045 τῆς
1661 4975 1973 5045 φιλοσοφίας
1997 4993 2163 5029 κατα-

593 5066 831 5119 λαϐοῦσα
871 5065 971 5135 τῆς
1018 5068 1390 5137 πνευματικῆς
1414 5104 1430 5127 ,
1463 5065 1563 5135 τῆς
1594 5067 1763 5129 ὅντως
1814 5066 2158 5135 φιλοσοφίας.

593 5158 677 5211 Τά
710 5150 816 5227 γὰρ
841 5156 950 5209 τῶν
975 5155 1191 5220 ἔξωθεν,
1236 5156 1457 5227 ῥήματα
1492 5157 1649 5226 μόνον
1680 5158 1795 5209 ἐστὶ
1836 5158 1927 5210 καὶ
1956 5158 2161 5211 παίδων

595 5254 905 5328 ἀθύρματα.
957 5252 1095 5306 Ἀλλ’
1129 5252 1188 5304 ού
1234 5253 1362 5323 περὶ⁵
1403 5252 1605 5305 τούτων
1638 5252 1795 5318 λόγος
1843 5251 1957 5317 νῦν,
2005 5252 2073 5305 τὰ
2103 5251 2161 5305 δὲ

597 5347 814 5401 Παύλου
858 5343 1207 5415 φθεγγόμεθα
1252 5342 1409 5405 τὲως.
1452 5343 1511 5395 'U
1547 5341 1813 5413 μακάριος
1840 5343 2042 5406 ἐκεῖνος
2070 5344 2161 5396 καὶ

596 5439 689 5492 τὸν
738 5437 958 5510 βασιλέα
1004 5435 1142 5506 ἔχων
1194 5433 1531 5503 πολεμοῦντα
1575 5432 1756 5500 αύτῷ,
1808 5434 1945 5503 πρὸς
1990 5434 2163 5503 τούτῳ

599 5526 713 5601 εἶχε
771 5530 863 5584 καὶ
899 5527 1115 5597 ἑτέρους
1159 5525 1384 5597 ἐχθροὺς
1419 5524 1688 5595 διαφόρως
1729 5524 1891 5579 αὐτὸν
1938 5525 2165 5579 λυποῦνο

604 5639 733 5687 τας,
786 5621 876 5675 καὶ
935 5618 1071 5689 μετά
1113 5618 1313 5689 πικρᾶς
1364 5616 1614 5686 διαϐολῆς
1655 5632 1667 5645 ·
1713 5620 1808 5670 καὶ
1863 5622 1915 5671 τί
1965 5635 2164 5690 φησιν;

605 5711 680 5797 Ού
711 5711 868 5784 μόνον
895 5710 996 5764 οὐκ
1040 5706 1189 5777 ἀλγῶ
1233 5710 1439 5774 τούτοις
1480 5707 1598 5762 οὐδὲ
1652 5710 1991 5781 καταπίπτω,
2033 5710 2167 5766 ἀλλὰ

2265 3694 2360 3747 καὶ
2400 3695 2574 3766 χαίρω
2622 3696 2715 3750 καὶ
2752 3696 3064 3767 χαρήσομαι
3088 3684 3105 3727 έ
3131 3697 3190 3750 ού
3238 3698 3384 3769 πρὸς
3420 3698 3614 3768 καιρὸν,
3640 3696 3782 3766 φησὶν,

2262 3784 2378 3838 ἀλλ’
2401 3788 2487 3840 ἀεὶ
2510 3788 2650 3858 ὑπὲρ
2666 3787 2868 3840 τούτων
2892 3789 3225 3858 χαρήσομαι.
3254 3786 3401 3842 Οἶδα
3428 3790 3532 3859 γὰρ
3554 3789 3632 3841 ὅτι
3648 3784 3787 3840 τοῦτό

2260 3895 2359 3947 μοι
2382 3878 2749 3945 ἀποϐήσεται
2788 3882 2875 3944 είς
2906 3881 3208 3947 σωτηρίαν
3232 3879 3337 3950 τὴν
3369 3881 3661 3950 μέλλουσαν.
3692 3877 3786 3939 Πῶς

2265 3970 2373 4038 γὰρ
2394 3968 2491 4021 ούκ
2513 3970 2867 4039 ἀποϐήσεται,
2894 3972 3022 4023 ὅταν
3053 3969 3146 4021 καὶ
3177 3970 3396 4040 ήὲχθρα
3428 3988 3526 4038 μου
3555 3970 3611 4022 τὸ
3632 3969 3788 4039 mpm...

2268 4074 2345 4126 μα
2367 4057 2547 4128 ὠφελῇ
2572 4062 2665 4111 καὶ
2692 4062 2720 4111 6
2745 4059 2880 4129 πρὸς
2908 4060 3007 4128 ἐμὲ
3030 4059 3222 4128 ζῆλοςς
3258 4063 3367 4113 Διά
3393 4060 3498 4129 τῆς
3516 4058 3667 4129 ὑμῶν
3684 4056 3789 4119 δεή-

2265 4164 2452 4214 σεως,
2500 4150 2662 4217 φησὶ,
2730 4150 2827 4201 καί
2892 4149 3281 4219 ἐπιχορηγίας
3337 4152 3442 4205 τοῦ
3498 4153 3788 4217 Πνεῦματος

2279 4239 2480 4307 Ἰησοῦ
2515 4240 2775 4308 Χριστοῦ
2834 4239 2985 4293 κατὰ
3039 4243 3154 4307 τὴν
3197 4242 3666 4312 ἀποκαραδοκίαν
3712 4237 3784 4289 καί

2265 4332 2483 4385 ἐλπίδα
2510 4348 2649 4400 μου.
2683 4333 2823 4401 Ὅρα
2855 4332 2953 4401 τὴν
2991 4337 3493 4403 ταπεινοφροσύνην
3526 4333 3613 4385 τοῦ
3650 4346 3787 4401 μακα-

2271 4421 2386 4492 ρίου
2420 4422 2606 4477 τούτου
2640 4442 2651 4453 σ
2686 4426 2743 4475 ἐν
2775 4423 2922 4495 [212]
2954 4428 3065 4488 τοῖς
3087 4426 3270 4490 ἄθλοις
3311 4424 3379 4497 ἦν
3424 4426 3785 4495 ἀγωνιζόμενος.

2269 4515 2439 4586 μυρία
2474 4514 2846 4585 κατωρθώκει,
2892 4516 3029 4586 πρὸς
3063 4518 3211 4586 αύτῷ
3246 4520 3327 4588 τῷ
3370 4519 3605 4587 στεφάνῳ
3644 4512 3787 4567 λοιπὸν

2267 4605 2443 4659 ἔκειτο
2468 4622 2483 4635 '
2512 4605 2721 4669 Παῦλος
2750 4606 2858 4675 γὰρ
2889 4601 2959 4675 ἦν
2990 4621 3005 4634 °
3037 4607 3089 4659 τί
3113 4607 3220 4677 γὰρ
3258 4609 3326 4661 ἄν
3357 4625 3440 4672 τις
3469 4609 3604 4660 εἴποι
3628 4604 3784 4662 πλέονς

2266 4698 2360 4751 καὶ
2394 4698 2771 4767 Φιλιππησίοις
2800 4700 3021 4770 γράφει,
3050 4699 3130 4752 ὅτι
3160 4699 3259 4753 Διά
3280 4700 3382 4769 τῆς
3413 4700 3561 4770 ὑμῶν
3599 4697 3788 4765 δεήσεως

2264 4790 2500 4859 δύναμαι
2525 4791 2784 4861 σωθῆναι,
2808 4794 2837 4843 6
2872 4792 2981 4844 ἀπὸ
3006 4792 3217 4862 μυρίων
3257 4791 3677 4862 κατορθωμάτων
3719 4796 3790 4836 κι-

2268 4882 2540 4951 κιτημένος
2584 4883 2683 4952 τὴν
2714 4883 3011 4955 σωτηρίαν.
3062 4884 3172 4935 Καὶ
3209 4884 3619 4953 ἐπιχορηγίας,
3665 4874 3789 4946 φησὶν

2265 4973 2373 5027 τοῦ
2408 4975 2751 5043 Πνεύματος
2791 4975 2994 5041 Ἰησοῦ
3032 4976 3313 5042 Χριστοῦ.
3363 4978 3427 5029 Τί
3466 4979 3621 5037 ἐστιν,
3664 4971 3793 5022 Ἔπιο

2266 5066 2581 5136 χορηγίας;
2615 5066 2711 5119 “Av
2739 5065 2825 5118 διὰ
2861 5066 2967 5118 τῶν
2996 5066 3275 5137 ὑμετέρων
3305 5069 3497 5137 εὐχῶν,
3523 5063 3662 5135 φησι,
3688 5072 3791 5112 κατ.

2268 5157 2484 5221 αξιωθῶ
2521 5157 2619 5226 τῆς
2647 5160 2885 5229 χάριτος.
2921 5159 2994 5211 Τὸ
3022 5159 3131 5229 γὰρ
3154 5199 3170 5225 ,
3219 5159 3635 5227 Ἑπιχορηγίας,
3665 5148 3791 5204 τοῦτό

2268 5253 2433 5308 ἐστιν.
2457 5249 2522 5303 ἂν
2537 5250 2931 5322 ἐπιχορηγηθῇ,
2957 5250 3023 5304 ἂν
3046 5252 3204 5304 πλέον
3226 5252 3443 5322 ὲπιδοθῇ
3472 5268 3557 5321 μοι
3579 5241 3788 5312 πνεῦμω

2265 5344 2367 5408 Εἰς
2402 5342 3033 5408 σωτηρίαν,τουτέστι,
3085 5344 3183 5415 τὴν
3229 5344 3560 5413 ἀπαλλαγὴν,
3604 5342 3685 5393 καὶ
3720 5334 3792 5386 τὸν

2270 5434 2516 5503 παρόντα
2574 5433 2968 5505 διαφεύξομαι,
3018 5434 3094 5497 ὡς
3146 5435 3238 5487 τὸν
3298 5434 3511 5503 πρῶτον
3569 5430 3791 5486 κίνδυνονο

2271 5525 2408 5595 Περὶ
2436 5526 2625 5577 τούτου
2674 5525 2781 5594 γάρ
2821 5542 2985 5595 φησιν
3007 5541 3021 5554 ⁶
3069 5527 3163 5579 Ἐν
3197 5525 3270 5594 τῇ
3305 5526 3499 5594 πρώτῃ
3530 5540 3640 5593 μου
3670 5520 3793 5572 ἀπο·

2272 5615 2445 5685 λογίᾳ
2471 5614 2670 5680 οὐδείς
2689 5632 2789 5683 μοι
2813 5617 3319 5686 συμπιιρεγένετοο
3339 5619 3425 5687 μὴ
3458 5613 3647 5677 αὐτοῖς
3663 5614 3795 5674 λογι-

2276 5713 2449 5782 σθείη
2473 5730 2486 5743 ·
2517 5713 2655 5769 ἀλλ’
2688 5714 2721 5766 ὀ
2748 5712 2970 5785 ,Κύριός
3017 5732 3116 5783 μοι
3156 5714 3444 5783 παρέστη,
3485 5710 3575 5763 καί
3628 5699 3797 5757 £7560-
