3878 6502
176 429 280 492 I97

175 548 305 609 nihil
325 547 573 607 habent?
600 545 906 606 Electiones
931 549 1060 620 ipsae
1081 553 1136 603 et
1164 549 1288 603 vita!
1313 545 1552 602 inStituta
1577 556 1702 600 sunt
1734 587 1752 610 .

175 660 296 715 qua:
337 640 530 699 divites
572 651 627 698 et
672 651 938 713 pauperes
980 636 1184 696 faciunt
1211 682 1228 708 ,
1261 653 1369 695 nott
1409 638 1752 710 pecuniarum

176 731 502 789 abundantia
533 738 625 788 aut
652 733 851 804 inopia.
877 728 973 788 Vis
1002 740 1058 788 tu
1077 773 1093 799 .
1126 744 1160 787 o
1191 742 1392 802 pauper
1415 773 1430 796 .
1458 725 1762 786 ditescere?

177 827 235 883 Si
264 827 432 890 velis.
481 825 607 882 licet
646 823 740 880 tibi
773 841 788 879 :
819 837 976 880 nemo
991 821 1084 880 est
1105 865 1121 890 ,
1150 825 1240 895 qui
1268 821 1549 896 prohibeat
1580 839 1592 876 :
1625 837 1749 878 con-

178 928 356 972 temne
376 917 559 973 mundi
588 912 860 988 pecunias,
896 930 994 987 pro
1025 915 1194 970 nihilo
1215 912 1334 971 illas
1364 915 1502 970 habe
1531 956 1545 982 ,
1578 922 1639 969 ut
1667 925 1760 969 re-

181 1021 308 1064 vera
342 1009 472 1064 nihil
501 1019 626 1065 sunt
659 1053 675 1076 .
721 1007 892 1080 abjice
935 1007 1238 1064 divitiarum
1278 1009 1621 1080 cupiditatem
1649 1050 1664 1074 .
1707 1013 1763 1065 et

179 1099 353 1155 factus
376 1114 436 1155 es
457 1100 627 1155 dites.
656 1098 760 1167 Qui
787 1101 944 1156 ditari
977 1115 1084 1155 non
1112 1101 1247 1168 vult,
1280 1099 1367 1157 hic
1393 1103 1587 1170 estqui
1617 1101 1755 1156 dita-

182 1195 271 1244 tur
297 1207 315 1244 :
345 1191 436 1261 qui
465 1191 683 1246 minime
725 1191 838 1246 vult
883 1189 935 1246 in
983 1201 1353 1262 paupertatem
1401 1192 1638 1248 incidere
1668 1235 1680 1255 ,
1715 1194 1761 1247 is

179 1280 385 1335 incidit.
417 1280 548 1336 Nam
579 1289 634 1336 ut
662 1283 708 1336 is
739 1293 863 1337 vere
891 1292 1135 1354 tegrotat,
1162 1279 1432 1353 quietiam
1459 1283 1510 1338 in
1535 1285 1764 1340 sanitate

180 1372 399 1442 languet
425 1387 590 1443 seque
619 1372 869 1435 afilictat.
910 1387 1018 1428 non
1066 1373 1156 1430 ille
1195 1369 1283 1445 qui
1313 1371 1559 1430 morbum
1594 1375 1760 1431 nihilo

181 1461 454 1521 difficilius
489 1465 592 1520 fert
627 1477 785 1536 quam
829 1466 1091 1536 integram
1123 1467 1413 1523 sanitatem
1448 1480 1462 1522 :
1497 1469 1563 1522 ita
1598 1467 1759 1522 etiam

183 1562 386 1624 pauper
413 1565 498 1611 est
525 1557 615 1626 qui
645 1565 1015 1627 paupertatem
1045 1561 1186 1614 ferre
1218 1575 1322 1614 non
1356 1567 1530 1632 potest
1559 1605 1571 1625 .
1603 1569 1764 1633 atque

179 1647 419 1717 undique
446 1647 788 1702 afﬂuentibus
813 1647 1015 1704 divitiis
1044 1663 1102 1706 se
1133 1667 1243 1722 pra:
1276 1655 1527 1709 omnibus
1559 1670 1762 1725 paupe-

183 1751 297 1791 rem
331 1747 477 1806 ptttat
498 1755 510 1790 :
531 1751 636 1792 non
667 1740 753 1794 ille
779 1741 870 1809 qui
895 1751 1261 1811 paupertatem
1290 1735 1538 1800 facillime
1563 1746 1761 1818 ferens,

183 1828 408 1882 hilarius
432 1828 561 1882 vivit
583 1841 743 1898 quam
772 1830 964 1886 divites
984 1831 1102 1887 :ltic
1124 1834 1266 1887 enim
1293 1833 1451 1906 longe
1475 1835 1638 1892 ditior
1661 1846 1761 1893 est.

186 1920 279 1974 Dic
302 1921 447 1975 enim
485 1922 636 1988 mihi,
666 1937 765 1979 cur
795 1937 1160 1995 paupertatem
1193 1925 1388 1984 times?
1421 1943 1518 1985 cur
1540 1928 1766 1987 tremis?

182 2026 364 2066 nonne
389 2023 605 2082 propter
631 2014 787 2070 famis
816 2015 1148 2087 periculum?
1169 2033 1345 2076 nonne
1374 2032 1592 2092 prOpter
1623 2025 1766 2094 peri-

175 2104 363 2157 culum
408 2105 526 2160 sitis
564 2115 622 2160 et
666 2105 920 2178 frigoris?
951 2123 1128 2166 nouae
1171 2111 1242 2166 ob
1284 2113 1417 2169 alias
1461 2113 1763 2184 hujusmodi

182 2196 414 2250 causas?
446 2198 512 2250 At
540 2208 719 2261 nemo.
753 2213 928 2263 nemo.
965 2201 1201 2272 inquam,
1226 2211 1333 2271 est,
1358 2207 1446 2276 qui
1480 2207 1531 2261 in
1565 2215 1764 2262 tantam

184 2289 420 2358 inopiam
448 2289 700 2346 redctus
734 2292 824 2346 sit.
873 2292 1126 2364 Respicite
1162 2295 1305 2350 ettim
1336 2297 1389 2350 in
1417 2293 1651 2369 antiquas
1677 2315 1766 2370 ge-

183 2387 470 2442 rmationrs
498 2429 512 2451 .
549 2397 600 2441 et
622 2388 783 2442 videte
814 2402 835 2442 :
857 2390 972 2460 quis
997 2390 1210 2445 credidit
1235 2385 1344 2446 Deo
1372 2433 1389 2458 .
1427 2401 1472 2446 et
1501 2393 1768 2449 derelictus

179 2488 254 2534 est
275 2481 304 2532 1'
329 2479 411 2532 vet
433 2481 546 2547 quis
569 2481 790 2549 speravit
819 2483 872 2535 in
901 2482 1032 2552 ipso,
1053 2492 1106 2537 et
1135 2483 1378 2554 confusus
1397 2495 1468 2540 est
1495 2483 1680 2556 (Ecctt.
1709 2485 1764 2541 2.

185 2570 319 2638 il)?
347 2579 402 2624 et
422 2583 632 2635 rursus,
651 2571 902 2642 Respicite
922 2571 1148 2628 volatilia
1168 2575 1298 2641 creti,
1327 2591 1440 2646 qua:
1463 2593 1563 2631 non
1593 2584 1765 2634 serunt

179 2674 342 2730 itaque
371 2670 560 2714 nactum
589 2677 748 2728 neque
780 2676 1089 2736 congregant
1111 2667 1165 2720 in
1195 2669 1396 2736 horrea,
1422 2679 1470 2722 et
1500 2668 1657 2724 Pater
1676 2685 1767 2725 ve-

181 2760 282 2804 strr
305 2752 518 2806 celestis
544 2755 704 2823 possit
739 2754 832 2808 illa
878 2757 897 2826 (
925 2752 1112 2812 Matth.
1145 2755 1200 2814 6.
1231 2756 1302 2814 26
1413 2758 1583 2816 Nemo
1611 2759 1768 2818 nobis

179 2840 488 2912 tmtpiam
520 2846 836 2914 protulerit,
877 2848 965 2918 qui
995 2851 1107 2904 cito
1137 2851 1278 2906 fame
1318 2861 1407 2907 aut
1440 2849 1638 2924 frigore
1668 2867 1765 2926 pe-

182 2933 332 2991 rierit
361 2955 374 2990 :
405 2953 502 2993 cur
551 2952 680 3010 ergo
731 2952 1098 3012 paupertatem
1152 2946 1386 3002 timeas?
1420 2947 1558 3004 Nihil
1601 2951 1766 3008 habes

181 3028 322 3097 quod
355 3031 704 3100 respondeas.
734 3031 868 3087 Nam
897 3035 942 3089 si
974 3037 1274 3091 necessaria
1303 3037 1392 3093 tibi
1427 3049 1715 3111 suppetunt
1743 3083 1762 3110 .

181 3133 278 3172 cur
302 3121 537 3191 denique
570 3122 712 3177 illam
748 3124 905 3182 times
926 3127 951 3179 ‘t
980 3127 1123 3197 quod
1153 3143 1256 3184 non
1287 3131 1380 3185 tibi
1413 3129 1566 3188 adest
1597 3135 1765 3192 famu-

180 3210 356 3266 lorum
396 3213 725 3272 multitudo?
752 3216 811 3274 Μ
853 3231 982 3274 vero
1025 3219 1156 3275 nihil
1198 3222 1340 3278 aliud
1372 3235 1456 3281 est
1485 3267 1500 3292 ,
1533 3244 1690 3298 quant
1732 3245 1763 3286 τι

180 3300 414 3359 dominis
444 3317 564 3362 esse
591 3307 815 3363 liberum
846 3353 860 3375 .
891 3326 1048 3382 quam
1077 3323 1337 3384 perpetua
1365 3318 1606 3388 quaedam
1635 3322 1766 3377 bea-

185 3394 359 3450 titudo
388 3437 402 3460 ,
430 3410 588 3466 qnam
619 3413 870 3456 curarum
900 3404 1136 3459 vacuitas
1159 3416 1214 3461 et
1237 3407 1476 3465 libertas.
1510 3413 1590 3466 Au
1623 3413 1765 3484 quod

175 3499 301 3540 vasa
322 3528 340 3554 .
367 3488 534 3544 lectos
555 3531 571 3556 ,
609 3493 996 3561 supellectilem
1028 3511 1132 3552 non
1156 3493 1323 3555 habes
1349 3516 1413 3556 ex
1441 3513 1662 3574 argento
1685 3505 1766 3559 fa-

178 3577 418 3634 brefacta
445 3581 472 3635 ?
508 3582 575 3636 Et
624 3583 752 3653 quid
803 3586 920 3654 plus
969 3587 1129 3644 habet
1177 3605 1334 3659 quam
1383 3601 1435 3646 tu
1466 3635 1483 3658 ,
1516 3595 1656 3664 quod
1697 3595 1764 3652 ad

174 3668 460 3727 fruendum
484 3675 736 3743 pertinet,
765 3676 810 3732 is
837 3680 921 3732 cui
950 3677 1046 3734 ista
1079 3689 1366 3750 suppetunt
1389 3681 1414 3735 ?
1436 3681 1576 3740 Nihil
1599 3703 1612 3741 :
1639 3701 1767 3746 usus

181 3769 324 3823 enim
356 3767 496 3824 idem
517 3777 628 3834 est,
660 3771 780 3825 sive
803 3785 868 3826 ex
889 3771 993 3829 hac
1022 3775 1137 3831 sive
1164 3787 1230 3831 ex
1261 3775 1348 3831 illa
1375 3781 1600 3836 materia
1629 3797 1764 3838 con-

1059 425 1125 488 m
1162 425 1381 488 EPIST.
1420 405 1512 484 to
1548 419 1817 485 PtiiLtPP
1875 423 2032 481 CAP.
2073 422 2114 480 i.
2157 419 2388 484 uouit.
2431 425 2520 484 ιιι.

3343 427 3444 488 I98

1867 551 2033 598 stent.
2064 543 2148 599 An
2176 541 2320 615 quod
2348 537 2529 600 multis
2559 560 2665 601 non
2699 559 2757 602 es
2797 547 3038 604 terrori?
3079 547 3231 606 Absit
3257 591 3271 614 .
3305 560 3363 607 ut
3390 553 3443 609 id

1869 637 1964 693 tibi
1991 651 2244 708 umquam
2275 642 2488 694 eveniat
2513 656 2528 693 :
2553 651 2673 711 qua:
2720 640 2864 696 enim
2898 642 3141 714 voluptas
3166 687 3181 710 .
3209 659 3329 700 esse
3358 659 3450 718 qut

1870 739 1924 788 te
1963 739 2204 787 metuant
2237 743 2300 786 ac
2340 731 2670 787 formident?
2698 734 2776 789 An
2808 731 2950 804 quod
2977 735 3114 791 alios
3139 733 3398 794 formidas
3430 740 3472 800 tt

1869 824 1938 878 At
1965 823 2088 879 licet
2114 835 2220 878 non
2250 823 2559 879 formidare.
2612 822 2700 880 Vis
2725 827 2870 881 enim
2901 841 3003 882 non
3027 828 3200 884 timere
3227 840 3454 900 potesta-

1871 924 1970 970 tem
2001 916 2235 971 ?bonum
2265 920 2368 989 fac,
2401 928 2451 972 et
2482 917 2684 972 habebis
2713 918 2917 975 laudem
2939 935 3001 976 ex
3027 921 3120 976 illa
3148 923 3325 991 (Rom.
3355 924 3446 981 i3.

1869 1005 1946 1078 3).
1970 1009 2040 1064 At
2064 1009 2208 1065 enim
2237 1010 2372 1064 dicis
2396 1051 2410 1075 ,
2439 1004 2616 1066 Facile
2641 1014 3036 1068 contemnimur
3064 1057 3079 1079 ,
3113 1013 3267 1071 facile
3293 1017 3454 1071 malis

1871 1099 2136 1157 afficimur
2161 1103 2184 1156 ?
2213 1101 2465 1170 Quinimo
2496 1102 2546 1157 id
2575 1104 2910 1173 potissimum
2942 1104 3066 1161 facit
3093 1107 3408 1177 improbitas
3435 1152 3452 1175 .

1871 1204 1977 1249 non
2034 1206 2341 1264 paupertas.
2396 1197 2606 1252 Etenim
2663 1213 2784 1252 cum
2839 1199 2988 1252 multi
3054 1212 3316 1271 pauperes
3370 1205 3451 1258 vi-

1874 1291 1978 1341 tam
2024 1292 2182 1356 agant
2222 1288 2338 1342 sine
2385 1288 2668 1354 molestia;
2709 1307 2812 1343 non
2858 1290 3144 1345 defuerunt
3182 1296 3452 1364 principes

1871 1379 2205 1435 abundantes
2227 1377 2447 1448 divitiis,
2479 1397 2541 1435 ac
2563 1380 2824 1452 dynastas,
2853 1384 2940 1452 qui
2968 1381 3154 1452 quovis
3178 1385 3445 1440 facinoro-

1873 1485 1968 1538 so,
2003 1467 2210 1526 latrohe
2239 1481 2292 1526 et
2319 1473 2690 1543 sepulcrorum
2738 1472 2995 1528 eil‘ossore
3027 1469 3262 1530 deterius
3303 1478 3449 1535 mul-

1873 1563 1969 1617 tati
2000 1564 2387 1619 disCesserunt.
2422 1565 2575 1631 Quod
2601 1563 2747 1621 enim
2784 1565 2835 1619 in
2867 1575 2919 1621 te
2946 1574 3234 1636 paupertas
3259 1610 3274 1633 .
3325 1567 3451 1622 idin

1873 1653 1960 1708 illo
1986 1654 2186 1710 divitia:
2224 1656 2442 1711 faciunt.
2474 1653 2606 1711 Nam
2646 1653 2737 1728 qui
2780 1659 3096 1714 malefacere
3139 1659 3326 1714 volunt
3350 1701 3365 1726 ,
3399 1669 3455 1714 ut

1873 1745 1966 1799 tibi
1999 1757 2061 1799 ex
2091 1755 2424 1817 contemptu.
2451 1750 2522 1802 ita
2549 1745 2701 1802 diviti
2729 1761 2793 1803 ex
2825 1749 3021 1804 invidia
3049 1759 3101 1804 et
3135 1751 3304 1806 livore
3335 1769 3452 1806 ma-

1872 1833 2164 1905 lefaciunt;
2193 1849 2354 1909 atque
2377 1841 2544 1911 magis
2568 1837 2728 1895 invidi
2760 1853 2918 1912 quam
2942 1841 3171 1898 maleﬁci
3195 1862 3207 1898 :
3228 1843 3282 1898 hi
3311 1846 3453 1900 enim

1871 1931 2130 1989 validiore
2162 1931 2366 2004 impetu
2394 1934 2458 1988 ad
2491 1935 2935 1991 malefaciendum
2960 1935 3329 2006 impelluntur.
3354 1937 3452 1994 Et-

1872 2027 2015 2082 enim
2045 2027 2135 2097 qui
2163 2027 2386 2093 invidet,
2413 2041 2630 2083 omnem
2655 2027 2816 2083 animi
2845 2029 2953 2084 vim
2985 2038 3041 2085 et.
3069 2029 3377 2086 faettitatem
3402 2033 3454 2086 in

1872 2117 2080 2190 agendo
2106 2118 2324 2174 adhibet
2357 2136 2370 2173 :
2403 2127 2460 2174 at
2486 2118 2576 2191 qui
2603 2122 2920 2188 contemnit,
2947 2132 3092 2192 saepe
3125 2123 3287 2179 etiam
3313 2123 3457 2179 illius

1872 2225 2033 2282 quem
2060 2211 2357 2266 contemnit
2386 2206 2716 2280 miseretur;
2747 2220 2909 2282 atque
2951 2212 3056 2269 hoc
3086 2215 3260 2285 ipsum
3291 2227 3451 2270 causa

1873 2301 1948 2358 illi
1981 2301 2167 2358 salutis
2195 2303 2312 2368 fuit.
2343 2316 2654 2373 pauperem,
2679 2304 3078 2374 inquam.esse,
3098 2305 3226 2361 nihil
3256 2306 3456 2364 habere

1873 2395 2091 2452 virium.
2122 2396 2196 2450 ita
2223 2391 2364 2451 enim
2395 2396 2654 2452 adversus
2679 2412 2800 2451 eum
2824 2396 2915 2468 qui
2936 2397 3161 2469 pauperi
3185 2396 3450 2465 imminet,

1871 2489 2054 2545 dicere
2082 2489 2224 2543 soliti
2247 2499 2465 2544 sumus:
2490 2485 2735 2559 Magnum
2766 2503 2894 2544 vero
2919 2489 3168 2560 quiddam
3191 2489 3454 2558 effeceris,

1872 2582 1917 2636 si
1946 2580 2088 2636 hunc
2113 2576 2396 2636 sustuleris
2421 2621 2436 2646 ,
2469 2578 2512 2636 si
2546 2593 2836 2650 pauperem
2863 2591 3030 2635 unum
3066 2581 3403 2637 interfeceris
3435 2599 3449 2636 :

1873 2689 1938 2729 en
1971 2684 2170 2744 quanta
2207 2679 2262 2728 et
2305 2689 2463 2742 quam
2494 2673 2670 2742 ampla
2697 2672 3044 2743 consequeris
3073 2674 3294 2742 prmmia
3325 2692 3339 2729 :
3368 2680 3446 2729 at-

1873 2777 1978 2836 que
2000 2761 2082 2820 hi‘s
2111 2763 2288 2820 verbis
2317 2761 2553 2820 furorem
2583 2764 2723 2819 illius
2745 2763 3078 2818 cohibemtts.
3101 2766 3169 2818 At
3197 2764 3456 2821 adversus

1871 2853 2280 2912 divitesinvidia
2305 2855 2378 2910 ita
2400 2854 2647 2925 insurgit.
2678 2863 2737 2910 ut
2759 2866 2862 2909 non
2892 2866 3015 2911 ante
3040 2854 3269 2923 desinat,
3297 2867 3455 2926 quam

1872 2945 2014 3018 quod
2058 2947 2172 3002 vult
2211 2946 2488 3012 effecerit,
2523 2959 2788 3015 suumque
2831 2960 3096 3000 venenum
3125 2947 3452 3001 evomuerit.

1872 3035 2037 3095 Vides
2068 3055 2174 3094 non
2219 3039 2272 3092 in
2300 3043 2617 3109 paupertate
2648 3044 2737 3092 aut
2764 3034 2965 3092 divitiis
2989 3037 3150 3092 sitam
3181 3047 3302 3093 esse
3331 3037 3457 3092 boni

1871 3142 2118 3189 naturam
2153 3171 2168 3197 .
2201 3130 2295 3186 sed
2339 3131 2391 3185 in
2425 3139 2614 3185 nostro
2642 3129 2910 3185 arbitrio?
2939 3129 3091 3185 Hanc
3123 3131 3285 3202 igitur
3309 3146 3460 3186 com-

1869 3233 2156 3296 ponamus,
2177 3221 2573 3292 doceamusque
2597 3220 2982 3292 philosophari.
3010 3221 3066 3277 Si
3097 3220 3212 3277 hare
3238 3222 3374 3278 bene
3399 3235 3460 3278 se

1871 3315 2141 3381 habuerit,
2169 3327 2343 3386 neque
2368 3313 2572 3370 divitiae
2599 3323 2700 3369 nos
2720 3314 3006 3370 excludere
3035 3331 3065 3370 a
3105 3329 3272 3386 regno
3303 3325 3458 3386 pote-

1871 3419 2036 3472 runt.
2074 3418 2174 3463 nec
2219 3407 2511 3480 quidquam
2555 3406 2709 3462 nobis
2743 3403 2945 3461 adimet
2985 3416 3312 3477 paupertas;
3359 3407 3457 3463 sed

1871 3513 2027 3572 aequo
2054 3502 2221 3571 ipsam
2245 3500 2480 3556 feremus
2509 3498 2711 3566 animo,
2741 3499 2942 3553 mdium
2974 3513 3039 3554 ex
3067 3511 3129 3553 ea
3161 3499 3458 3561 detrimen-

1873 3602 1984 3649 tum
2013 3603 2107 3648 aut
2133 3593 2198 3646 ad
2229 3591 2408 3646 futura
2439 3591 2577 3644 bona
2609 3589 3007 3660 consequenda.
3028 3599 3118 3643 aut
3139 3590 3190 3643 in
3221 3589 3321 3644 hac
3349 3590 3453 3642 vita

1875 3695 2252 3757 reportantes;
2285 3683 2379 3740 sed
2410 3692 2465 3740 et
2511 3683 2596 3738 his
2649 3682 2891 3738 fruemur
2931 3691 2985 3736 et
3014 3680 3321 3736 caelestibus
3349 3681 3455 3736 illis

1873 3781 2139 3854 potiemur
2167 3777 2352 3833 bonis:
2376 3775 2572 3847 quibus
2596 3775 2797 3830 utinam
2830 3773 2976 3846 digni
3000 3773 3317 3838 efficiamur.
3346 3784 3456 3830 etc.

175 3899 2846 3938 μῄ-ᾑΜ--ή--ᾓ-ῳι-

1580 3989 1919 4055 HOMILIA
1964 3989 2078 4052 ΙΠ.

176 4123 306 4182 Cn.
353 4130 406 4182 t.
447 4141 500 4179 ν.
543 4126 632 4180 18.
675 4125 812 4180 Bsin
845 4125 939 4180 hoc
969 4126 1188 4198 gaudeo,
1215 4126 1305 4182 sed
1328 4138 1372 4183 et
1401 4129 1650 4197 gaudebo.
1673 4131 1762 4186 l9.

250 4218 377 4272 Scio
420 4218 555 4270 enim
595 4217 712 4284 quia
745 4217 842 4271 Ito:
876 4216 1000 4270 mihi
1043 4220 1299 4290 proveniet
1342 4221 1409 4274 ad
1437 4220 1652 4274 salutem
1680 4237 1769 4288 per

248 4317 468 4362 vestram
485 4308 782 4374 orationem,
805 4319 851 4362 et
871 4308 1382 4364 subministrationem
1405 4309 1631 4382 Spiritus
1641 4311 1676 4365 Ι
1681 4324 1769 4367 esti

249 4398 462 4460 Christi.
483 4398 576 4454 20.
603 4399 877 4454 secundum
903 4401 1323 4470 nspectationem
1345 4411 1394 4455 et
1417 4415 1558 4472 spent
1583 4418 1767 4468 meant,

245 4493 374 4562 quia
420 4493 471 4545 in
520 4491 660 4546 nullo
701 4491 1018 4560 confundat,
1068 4492 1158 4545 sed
1183 4492 1237 4546 in
1267 4493 1403 4546 omni
1425 4495 1614 4562 ﬁducia
1641 4495 1769 4548 sicut

253 4597 474 4651 semper.
505 4591 555 4636 et
594 4597 730 4636 nunc
759 4581 1171 4652 magniﬁcabitttr
1200 4581 1432 4639 Christus
1468 4584 1523 4640 in
1561 4601 1772 4656 corpora

254 4690 390 4741 meo,
418 4675 521 4730 sive
552 4688 640 4744 per
655 4675 836 4740 sitam,
863 4674 968 4730 sive
991 4691 1080 4744 per
1107 4683 1338 4729 inor-tem.

256 4767 310 4821 i.
351 4765 594 4836 Magnam
620 4774 675 4820 et
706 4765 1128 4835 philosophicam
1156 4767 1389 4821 animum
1417 4766 1546 4822 nihil
1568 4809 1584 4832 ,
1629 4767 1771 4838 quod

184 4861 239 4914 in
266 4859 372 4914 hac
395 4859 502 4915 vita
531 4859 757 4916 moleute
785 4859 1014 4926 accidat,
1043 4859 1239 4915 laedere
1267 4868 1444 4930 potest
1469 4879 1484 4916 ε
1517 4876 1624 4916 non
1668 4862 1770 4916 ini.

188 4952 427 5018 micitiae.
455 4967 561 5006 non
585 4951 980 5014 accusationes.
1011 4966 1120 5008 non
1146 4952 1450 5019 calumniae,
1488 4967 1595 5007 non
1624 4953 1770 5022 peri-

186 5047 326 5109 cula,
359 5060 466 5098 non
495 5043 724 5098 insidia.
751 5042 883 5098 Nam
913 5042 1136 5113 perinde
1157 5052 1318 5112 atque
1345 5043 1389 5098 si
1419 5043 1473 5098 in
1499 5043 1770 5101 excelsum

185 5135 454 5206 ipsuddam
475 5134 670 5190 montis
694 5146 950 5189 cacumen
977 5148 1034 5188 se
1065 5135 1346 5205 receperit,
1372 5134 1504 5189 nihil
1530 5133 1598 5189 ad
1627 5135 1770 5188 illam

188 5241 252 5280 ex
284 5227 355 5281 iis
383 5239 500 5295 quze
535 5225 604 5280 de
630 5224 889 5280 inferiore
915 5225 1033 5281 loco
1057 5225 1125 5280 de
1163 5235 1302 5280 terra
1328 5226 1617 5295 iaciuntur.
1649 5240 1771 5294 per-

188 5318 373 5374 venire
394 5325 590 5388 posest.
612 5317 756 5373 Talis
773 5328 893 5374 erat
919 5317 1065 5372 Pauli
1097 5317 1272 5371 animo
1305 5333 1320 5370 :
1345 5317 1534 5387 quovis
1560 5315 1771 5386 ihstigio

187 5410 433 5464 altiorem
465 5409 640 5464 locum
673 5407 1047 5477 mehenderat.
1081 5409 1253 5462 locum
1281 5407 1629 5477 pltitosOphite
1659 5408 1770 5474 api-

184 5503 418 5565 ritttzlis.
455 5519 594 5558 vera:
620 5501 992 5572 philosophiae.
1022 5501 1156 5556 Nam
1185 5516 1248 5556 ea
1274 5502 1326 5555 in
1356 5501 1554 5571 quibus
1574 5500 1772 5555 etimici

190 5607 506 5659 versantur,
538 5596 701 5650 verba
729 5603 938 5649 tantum
979 5603 1106 5649 sunt.
1153 5603 1209 5649 et
1252 5607 1542 5664 puerorum
1597 5593 1768 5648 lusus.

189 5685 387 5744 Verum
410 5688 478 5742 de
508 5687 592 5743 bis
617 5703 757 5743 nunc
783 5702 963 5742 sermo
989 5703 1093 5740 non
1121 5697 1202 5741 ρει
1227 5703 1241 5751 ;
1284 5685 1377 5740 sed
1408 5685 1475 5740 de
1505 5685 1654 5740 Pauli
1681 5699 1770 5739 re-

190 5778 289 5833 bus
311 5777 474 5834 verba
505 5777 748 5835 facimus.
799 5778 992 5833 Beatus
1030 5777 1121 5832 ille
1161 5787 1216 5833 et
1246 5777 1628 5847 imperatorem
1672 5775 1772 5830 sibi

191 5869 564 5927 adversantem
609 5868 870 5927 habebat.
917 5879 972 5922 et
1014 5867 1153 5922 alios
1205 5877 1466 5937 prazterea
1499 5865 1766 5932 inimicos.

527 5954 796 6013 PsTttOL.
845 5951 934 6011 Gn
948 5998 960 6010 .
1016 5952 1112 6012 LX
1126 5955 1198 6014 il.

1875 4131 1965 4202 qui
2018 4129 2179 4184 variis
2228 4135 2284 4183 et
2332 4126 2692 4182 acerbissimae
2741 4126 3024 4181 calumniae
3067 4126 3239 4195 plenis
3284 4126 3462 4181 modis

1877 4221 2050 4295 ipsum
2079 4221 2341 4277 iterabant
2371 4235 2386 4273 :
2413 4219 2617 4289 etquid
2653 4220 2772 4274 ait?
2809 4215 2924 4273 Non
2976 4218 3137 4273 modo
3177 4227 3459 4288 propterea

1879 4329 1984 4372 non
2012 4315 2170 4370 doleo
2199 4325 2374 4383 neque
2400 4311 2581 4366 animo
2606 4310 2831 4364 concide
2855 4347 2870 4373 .
2914 4310 3009 4364 sed
3039 4311 3199 4364 etiam
3227 4310 3460 4380 gaudeo.

1871 4415 1930 4463 et
1954 4405 2202 4478 gaudebo
2241 4417 2386 4457 :non
2413 4399 2479 4457 ad
2511 4413 2742 4472 tempus.
2766 4401 2962 4469 inquit.
2999 4401 3094 4454 sed
3142 4415 3358 4469 semper
3390 4402 3462 4457 de

1878 4497 1963 4552 his
2005 4495 2270 4568 gaudebo.
2301 4493 2427 4548 Seio
2466 4492 2602 4545 enim
2645 4491 2766 4561 quia
2805 4491 2900 4544 hoc
2939 4490 3064 4544 mitti
3093 4491 3348 4561 proveniet
3386 4492 3456 4545 ad

1875 4589 2090 4646 salutem
2119 4587 2374 4641 futuram.
2422 4585 2489 4639 Et
2516 4582 2786 4656 quomodo
2815 4595 2920 4636 non
2954 4583 3262 4651 proveniat.
3290 4598 3462 4653 quatt-

1877 4680 1950 4735 do
1991 4687 2049 4733 ett
2087 4674 2377 4731 inimicitia:
2416 4684 2476 4730 et
2514 4674 2664 4728 zelus
2706 4672 2990 4727 adversum
3046 4683 3134 4728 me
3182 4683 3464 4742 susceptus

1881 4769 2316 4840 prmdicationem
2338 4768 2566 4838 juvant?
2592 4765 2692 4820 Per
2713 4776 2930 4820 vestram
2942 4767 3245 4832 orationem.
3269 4767 3460 4838 inquit,

1880 4873 1926 4918 et
1971 4861 2484 4918 subministrationem
2529 4859 2754 4928 Spiritus
2793 4857 2919 4912 Iesu
2959 4858 3145 4913 Christi
3182 4861 3459 4914 secundum

1881 4953 2301 5024 raspsrtationan
2324 4961 2371 5005 et
2395 4967 2534 5020 spem
2559 4965 2744 5005 meam.
2782 4949 2916 5004 Vide
2936 4950 3076 5005 beati
3104 4949 3259 5020 hujus
3288 4951 3464 5005 intuti-

1880 5043 2086 5100 litstem
2128 5061 2143 5098 :
2183 5044 2234 5098 in
2281 5042 2672 5098 certationibus
2713 5040 3010 5104 laborabas.
3056 5041 3463 5096 innumerabilia

1881 5133 2038 5191 erant
2075 5135 2244 5205 ipsius
2279 5133 2554 5189 benefacta
2576 5173 2591 5198 ,
2639 5132 2965 5202 iamiamque
2987 5145 3245 5187 coronam
3295 5133 3462 5204 ipsam

1881 5229 2132 5292 tenebat;
2168 5225 2359 5280 Paulus
2389 5225 2532 5280 enim
2559 5234 2711 5279 erat:
2747 5239 2870 5278 nam
2897 5223 3020 5292 quid
3051 5225 3225 5292 majus
3244 5224 3345 5280 dici
3367 5239 3468 5293 po.

1881 5329 1985 5373 test
2011 5320 2034 5372 i
2058 5334 2122 5373 ac
2161 5329 2334 5372 tamen
2358 5315 2792 5385 Philippensibus
2817 5313 2883 5368 ad
2913 5313 3054 5368 hunc
3083 5313 3300 5370 modum
3321 5317 3462 5369 scri-

1881 5410 1960 5464 bit
1982 5449 1997 5474 .
2030 5409 2132 5464 Per
2162 5418 2392 5464 vestram
2418 5408 2715 5462 orationem
2745 5419 2960 5474 possum
2999 5405 3226 5459 salutem
3271 5420 3466 5460 conseo

1881 5501 1976 5570 qui
2028 5499 2187 5564 :il-ie.
2234 5501 2466 5568 inquam.
2515 5497 2600 5551 cui
2642 5502 2900 5552 sexcenta
2933 5493 3209 5550 benefacta
3239 5496 3469 5551 salutem

1880 5591 2286 5661 comparabant.
2321 5589 2387 5643 Et
2423 5588 2960 5651 subministrationem.
3012 5586 3203 5657 inquit,
3246 5587 3475 5657 Spiritus

1885 5683 2011 5739 Jesu
2051 5683 2260 5738 Christi.
2290 5681 2346 5736 id
2392 5693 2511 5747 est,
2541 5680 2584 5734 si
2633 5695 2730 5748 per
2759 5688 2962 5732 vestras
3005 5691 3193 5748 preces
3227 5677 3474 5749 dignatus

1879 5774 2034 5830 fuero
2067 5774 2255 5844 gratia.
2291 5772 2399 5828 Vox
2430 5771 2572 5826 enim
2603 5771 2723 5832 ista.
2754 5770 3306 5836 Snbministrationem,
3359 5768 3470 5826 hoc

1881 5864 2178 5935 significat,
2217 5864 2276 5920 Si
2315 5860 2770 5926 subm-inistretur.
2811 5861 2857 5915 si
2893 5860 3187 6000 mihiiglus
3231 5859 3471 5934 Spiritus
