3878 6516
465 375 572 454 tas

463 497 723 554 tributum
751 493 910 550 fuerit
939 509 954 549 :
985 493 1052 548 ad
1072 493 1325 560 salutem,-
1372 494 1423 549 id
1453 504 1566 561 est,
1597 495 1662 550 ad
1703 495 1805 551 hoc
1831 507 1889 551 ut
1917 497 2048 553 libe-

463 608 573 659 rer,
604 601 658 646 et
695 606 759 646 ex
790 589 1040 660 praesenti
1067 587 1305 658 periculo
1337 588 1558 658 perinde
1594 597 1755 658 atque
1781 603 1847 644 ex
1876 591 2050 659 primo

458 685 674 754 eripiar.
705 683 778 737 De
804 682 976 753 primo
1002 680 1142 735 enim
1165 679 1318 745 dixit,
1351 679 1417 734 In
1440 682 1604 751 prima
1633 699 1742 735 mea
1763 682 2052 751 defensione

458 793 605 830 neuio
634 777 758 828 mihi
797 775 1008 845 adfuit:
1037 790 1136 828 non
1173 773 1277 827 illis
1316 775 1638 843 imputetur:
1676 775 1921 830 Dominus
1958 792 2051 830 au-

457 879 554 920 tem
578 856 701 919 mihi
727 866 942 930 adstitit,
971 874 1016 918 et
1045 866 1350 934 confortavit
1371 880 1450 918 me
1477 865 1556 936 (2.
1585 864 1718 919 Tim.
1744 867 1795 920 4.
1829 864 2045 936 16.17).

455 957 567 1012 lloc
593 957 753 1026 igitur
779 966 833 1011 et
862 970 1007 1010 nunc
1040 957 1354 1024 prophetice
1384 955 1625 1026 prmdicit
1659 973 1673 1014 :
1710 955 1811 1011 Per
1830 967 2047 1012 vestram

454 1049 734 1102 orationem
777 1056 824 1101 et
867 1046 1387 1101 subministrationem
1431 1046 1660 1117 Spiritus
1703 1047 1829 1102 Jesu
1857 1048 2046 1104 Christi

452 1141 730 1196 secundum
775 1142 1197 1212 exspectationem
1239 1150 1284 1194 ct
1324 1158 1465 1210 spem
1507 1157 1687 1195 meam.
1744 1140 1816 1194 Ita
1857 1141 1999 1196 enim
2023 1183 2038 1207 ,

459 1231 642 1303 inquit,
673 1246 852 1302 Spero.
882 1231 1013 1286 Nam
1053 1241 1109 1285 ut
1154 1246 1258 1284 non
1291 1230 1362 1285 ita
1393 1240 1562 1286 totum
1605 1231 2002 1286 committamus
2023 1272 2039 1298 ,

454 1324 736 1394 precibus,
766 1339 890 1394 qua:
923 1337 1020 1392 pro
1051 1323 1203 1376 nobis
1231 1321 1548 1388 funduntur,
1582 1331 1639 1375 ut
1669 1321 1802 1376 nihil
1835 1321 1934 1391 ipsi
1962 1320 2044 1375 af-

451 1419 688 1473 teramus
712 1432 727 1482 ;
762 1415 883 1470 vide
903 1413 1174 1485 quomodo
1207 1423 1438 1484 exponat
1466 1413 1593 1484 quid
1618 1414 1738 1483 ipse
1759 1414 2037 1480 attulerit,

451 1509 705 1563 nimirum
747 1523 897 1578 spem
933 1507 1172 1562 omnium
1221 1506 1484 1560 bonorum
1529 1520 1742 1560 causam
1792 1523 1806 1561 :
1847 1521 2039 1576 quem«

451 1600 738 1658 admodum
770 1599 1031 1671 pr0pheta
1062 1598 1250 1669 inquit,
1278 1597 1398 1652 Fiat
1416 1599 1765 1653 misericordia
1789 1609 1898 1665 tua,
1934 1599 2038 1653 Do-

448 1695 603 1760 mine,
621 1710 776 1764 super
797 1709 906 1759 nos,
924 1677 1349 1760 quemadmodum
1375 1692 1688 1762 speravimus
1713 1692 1763 1746 in
1792 1704 1840 1746 te
1864 1691 2033 1763 (Psal.

448 1788 533 1843 52.
553 1787 676 1856 22);
704 1796 759 1841 ut
781 1795 835 1842 et
853 1786 1149 1851 alibialius,
1177 1784 1431 1855 Respicite
1446 1787 1499 1840 in
1515 1786 1748 1856 antiquas
1763 1787 2038 1857 generatio-

445 1899 555 1946 nes,
587 1892 633 1936 et
662 1880 863 1936 videte:
904 1880 1014 1949 quis
1043 1879 1260 1951 speravit
1285 1880 1337 1933 in
1363 1877 1606 1946 Domino,
1630 1887 1676 1933 et
1700 1881 1943 1951 confusus
1964 1889 2036 1933 est

447 1973 636 2047 (Eccli.
664 1974 718 2027 2.
748 1970 872 2045 ll)?
904 1973 972 2027 Et
1005 1987 1192 2027 rursus
1233 1971 1418 2026 beatus
1447 1971 1530 2026 hic
1560 1971 1666 2036 ait,
1709 1969 1841 2041 Spes
1870 1981 2037 2025 autem

444 2085 546 2122 non
571 2065 1044 2138 confunditmom.
1071 2067 1125 2121 5.
1152 2067 1230 2137 5').
1257 2065 1552 2120 Secundum
1589 2066 2031 2135 exspectationem,

448 2161 634 2231 inquit,
657 2171 702 2215 et
725 2177 864 2228 spem
884 2159 1204 2230 meam,quia
1230 2160 1284 2212 in
1313 2157 1455 2213 nullo
1479 2156 1788 2230 confundor.
1814 2157 1937 2212 Haec
1952 2168 2035 2212 est

445 2253 596 2308 Pauli
625 2261 787 2322 spes‘;
834 2265 1052 2322 sperare
1083 2265 1346 2321 nusquam
1371 2264 1429 2306 se
1457 2250 1737 2304 contusum
1766 2247 1852 2304 iri.
1870 2247 2034 2304 Vides

448 2354 706 2415 quantum
736 2343 1150 2412 valcatsperarc
1196 2342 1248 2396 in
1284 2340 1434 2396 Deo?
1478 2339 1748 2411 Quidquid
1771 2382 1789 2410 ,
1823 2341 2026 2412 inquit,

443 2437 675 2500 eveniat,
723 2449 830 2490 non
874 2433 1212 2490 confundar:
1241 2433 1294 2488 id
1319 2441 1402 2488 est.
1421 2475 1436 2500 ,
1469 2448 1576 2488 non
1605 2432 1661 2487 hi
1697 2447 1784 2488 me
1814 2447 2033 2503 supera-

446 2530 600 2584 bunt.
631 2527 740 2584 Sed
763 2527 816 2581 in
841 2527 981 2586 omni
1006 2526 1196 2596 ﬁducia
1216 2525 1344 2580 sicut
1364 2541 1582 2595 semper,
1609 2533 1656 2580 et
1678 2541 1812 2579 nunc
1836 2524 2029 2596 magni.

441 2621 677 2691 ﬁcabitur
701 2619 932 2675 Christus
956 2619 1008 2673 in
1035 2635 1249 2687 corpore
1276 2634 1408 2673 meo.
1442 2617 1741 2688 Sperabant
1783 2618 1856 2673 illi
1903 2617 2030 2673 dolo

441 2727 539 2769 suo
561 2712 727 2769 veluti
759 2712 952 2783 laqueo
981 2710 1213 2782 quodam
1246 2709 1349 2764 hoc
1377 2725 1435 2765 se
1462 2708 1681 2766 efﬁcere
1723 2725 1882 2781 posse
1906 2751 1922 2780 ,
1970 2719 2030 2765 ut

448 2807 672 2864 Paulum
706 2804 920 2876 quidem
959 2819 991 2860 e
1038 2802 1215 2859 medio
1257 2803 1544 2867 tollerent,
1587 2801 2026 2872 prazdica'tiouem

445 2916 576 2956 vero
602 2899 1022 2969 exstinguerent,
1067 2897 1193 2952 dolo
1238 2910 1429 2965 nempe
1467 2910 1565 2950 suo
1589 2895 1934 2966 pnevaleute.
1973 2895 2027 2951 ld

445 2994 612 3065 igitur
661 3005 802 3046 nunc
844 2991 1075 3044 futurum
1113 2996 1312 3060 negat:
1347 2987 1461 3043 Non
1499 3002 1660 3054 nunc,
1685 2987 1875 3058 inquit,
1909 2976 2027 3043 mo-

442 3087 580 3152 riar;
615 3082 719 3140 Sed
740 3083 867 3136 sicut
893 3097 1109 3150 semper,
1133 3091 1192 3135 et-
1208 3097 1341 3134 nunc
1362 3080 1774 3152 magni/imbitur
1796 3081 2028 3136 Christus

440 3182 495 3236 in
523 3194 735 3249 corpore
760 3193 889 3231 meo.
929 3174 1248 3242 Quomodo?
1293 3174 1449 3244 Saepe
1478 3175 1529 3229 in
1559 3175 1792 3246 pericula
1824 3175 1983 3230 incidi
2009 3217 2024 3240 ,

440 3273 492 3327 in
527 3271 720 3342 quibus
749 3269 814 3323 de
856 3267 1012 3322 nobis
1048 3281 1152 3321 non
1181 3265 1343 3322 modo
1369 3265 1496 3334 alii,
1548 3265 1642 3321 Sed
1674 3282 1771 3320 nos
1800 3265 1898 3336 ipsi
1927 3266 2025 3321 de-

438 3363 817 3434 sperahamus;
861 3358 984 3431 .Ipsi
1021 3359 1164 3414 enim
1209 3359 1263 3412 in
1309 3358 1680 3428 nobismetipsis
1730 3374 2026 3429 responsum

434 3457 609 3510 mortis
639 3455 904 3508 habuimus
945 3451 1024 3524 (9..
1058 3451 1178 3507 Cor.
1209 3453 1261 3507 1.
1285 3451 1385 3522 9);
1417 3467 1479 3506 ac
1519 3459 1697 3507 ιειιηθη
1743 3467 1810 3506 ex
1845 3451 2024 3506 omni-

433 3550 532 3606 bus
562 3563 660 3604 nos
689 3547 884 3618 eripuit
910 3546 1066 3600 Deus.
1116 3543 1192 3599 Ita
1227 3553 1282 3599 et
1313 3558 1454 3597 nunc
1498 3543 1933 3614 magniﬁcabitur
1971 3543 2021 3596 in

433 3657 658 3712 corpore
707 3655 847 3696 meo.
879 3638 1078 3694 Verum
1104 3651 1173 3692 ne
1201 3637 1319 3706 quis
1356 3635 1424 3691 ita
1452 3635 1681 3704 cogitet,
1725 3649 1788 3688 ac
1833 3634 1968 3689 dicat
2003 3650 2020 3690 :

432 3734 568 3803 Quid
597 3733 643 3788 si
667 3742 721 3788 tu
749 3732 971 3797 obieris,
1001 3745 1107 3785 non
1130 3725 1590 3798 magniﬁeabitur?
1611 3726 1804 3790 Probe,
1831 3726 2018 3796 inquit,

433 3827 556 3882 novi
583 3843 597 3891 ;
648 3834 810 3895 atque
841 3822 961 3878 ideo
989 3836 1094 3876 non
1127 3820 1234 3874 dixi
1258 3862 1272 3886 ,
1301 3834 1398 3890 per
1426 3819 1595 3873 solam
1626 3819 1786 3872 vitam
1815 3817 2022 3889 magni-

433 3920 582 3975 ﬁcari
612 3918 918 3982 Dominum,
961 3919 1054 3970 sed
1084 3913 1264 3968 addidi
1288 3914 1484 3978 etiam,
1517 3911 1618 3966 Per
1639 3920 1866 3965 mortem.
1913 3909 2020 3966 Sed

433 4013 660 4077 interea,
703 4010 896 4081 inquit,
942 4007 1046 4062 Per
1077 4007 1268 4073 vitam;
1312 4021 1419 4060 non
1460 4005 1604 4060 enim
1656 4019 1743 4060 me
1785 4005 2016 4061 tollent:

432 4103 576 4173 quod
601 4103 647 4158 si
680 4102 888 4165 tollant,
937 4099 1292 4156 nihilominus
1321 4099 1390 4152 ita
1415 4098 1578 4154 etiam
1598 4097 2021 4168 magniﬁcahitur

429 4194 694 4250 Christus.
725 4191 1048 4260 Quomodo?
1075 4191 1177 4247 Per
1203 4191 1364 4246 vitam
1395 4188 1630 4259 quidem,
1656 4189 1907 4258 quoniam
1933 4203 2019 4245 me

427 4287 658 4358 eripuit;
693 4301 790 4357 per
815 4295 1042 4341 mortem
1075 4299 1224 4351 vero,
1257 4284 1514 4354 quoniam
1544 4297 1719 4353 neque
1750 4297 1896 4338 mors
1915 4323 1931 4349 ,
1962 4291 2018 4339 ut

426 4383 577 4438 illum
604 4396 876 4453 negarem,
908 4380 1040 4436 mihi
1073 4379 1359 4450 persuasit.
1389 4377 1656 4446 Quoniam
1686 4376 1776 4434 ille
1811 4387 2015 4433 tantum

426 4475 876 4531 mihialacritatis
906 4475 1125 4545 largitus
1151 4483 1264 4540 est,
1314 4488 1507 4544 meque
1546 4481 1723 4530 morte
1759 4473 2012 4544 superio-

428 4583 543 4622 rem
610 4566 738 4622 l'ecit
778 4584 792 4620 :
841 4567 914 4620 ibi
961 4565 1174 4635 quidem
1201 4605 1217 4630 ,
1263 4565 1519 4635 quoniam
1563 4580 1650 4620 me
1689 4581 1719 4618 a
1767 4565 2018 4636 periculis

428 4658 710 4723 liberavit;
757 4655 846 4712 hic
881 4670 1029 4720 vero,
1061 4657 1314 4726 quoniam
1341 4671 1429 4711 me
1455 4671 1486 4710 a
1517 4657 1706 4712 mortis
1730 4657 2018 4728 tyrannide

431 4756 673 4808 metuere
695 4761 800 4801 non
827 4745 974 4803 sivit.
1007 4745 1082 4800 lta
1113 4761 1211 4817 per
1241 4746 1402 4801 vitam
1433 4756 1488 4803 et
1515 4755 1742 4803 mortem
1768 4749 2016 4820 magniﬁo

417 4826 654 4896 heabitur.

498 4933 554 4988 2.
597 4931 756 4987 Pauli
801 4931 1024 4986 charitas
1051 4941 1098 4986 et
1128 4932 1434 4986 constantia.
1465 4961 1538 4972 —
1559 4931 1689 4988 Haec
1715 4948 1841 4989 vero
1862 4933 2011 5000 dicit,

428 5040 535 5081 non
571 5023 716 5096 quod
756 5031 986 5078 mortem
1027 5032 1172 5078 esset
1217 5024 1481 5089 obiturus,
1527 5024 1622 5080 sed
1674 5039 1740 5080 ne
1779 5025 1892 5092 illi,
1925 5025 2016 5082 ubi

426 5123 655 5172 mortem
686 5115 917 5183 obierit,
951 5114 1182 5170 humana
1209 5115 1454 5182 qumdam
1487 5117 1780 5186 patiantur.
1807 5117 2015 5173 Etenim

425 5225 496 5264 ne
523 5215 774 5280 putarent
812 5216 1085 5278 tamquam
1117 5206 1387 5261 obiturum
1429 5207 1543 5262 hcec
1583 5206 1823 5272 dixisse,
1874 5209 2016 5278 quod

425 5318 618 5376 magna
669 5303 792 5358 illos
849 5299 1168 5372 aegritudine
1220 5300 1525 5367 aﬁ‘ecisset;
1585 5301 1707 5357 vide
1746 5302 2016 5372 quomodo

425 5396 681 5452 adhibeat
717 5393 1178 5459 consolationem;
1218 5391 1412 5448 talibus
1441 5407 1606 5464 prope
1634 5392 1814 5449 verbis
1843 5408 1970 5449 usus
1999 5413 2013 5451 :

429 5489 557 5544 lltec
598 5495 776 5543 autem
807 5487 1022 5556 loquor,
1057 5485 1247 5556 inquit,
1298 5499 1405 5540 non
1433 5485 1584 5556 quasi
1621 5485 1750 5540 mihi
1782 5487 2015 5541 morien-

428 5581 556 5635 dum
584 5578 675 5634 sit.
720 5579 1012 5649 Propterea
1040 5586 1094 5631 et
1124 5576 1177 5631 in
1208 5589 1492 5647 progressu
1523 5575 1610 5630 illa
1637 5575 1896 5648 adjungit,
1947 5577 2015 5632 Et

438 5679 531 5730 hoc
559 5671 820 5742 conlidens
841 5672 971 5737 scio,
1001 5672 1120 5742 quia
1150 5670 1384 5740 manebo,
1427 5682 1473 5727 et
1504 5676 1806 5742 permanebo
1845 5675 2013 5729 omni-

436 5765 531 5817 bus
560 5765 715 5818 vobis.
759 5763 894 5818 lllud
923 5773 1122 5829 autem,
1163 5763 1229 5818 In
1276 5766 1422 5820 nullo
1460 5766 1767 5837 confundor,
1809 5767 1859 5822 id
1893 5777 2008 5834 est,

434 5859 631 5912 nullam
656 5855 784 5910 mihi
813 5857 1188 5930 ignominiam,
1235 5858 1330 5915 sed
1362 5874 1609 5932 magnum
1632 5858 1842 5918 lucrum
1874 5859 2009 5917 aﬁ‘e-

1261 373 1320 432 S.
1358 374 1636 434 JOANNIS
1670 375 2148 440 CHRYSOSTOMI
2188 383 2502 447 ARCHIEP.
2531 387 3070 454 CONSTANTINOP.
3603 405 3681 467 $00

2164 511 2244 583 ret
2274 517 2438 558 mors.
2479 504 2695 573 Quare?
2725 507 3052 568 Immortalis
3078 512 3296 584 quidem
3325 517 3530 576 minime
3560 537 3681 594 sum,

2156 591 2250 647 sed
2265 593 2459 650 clarior
2483 612 2578 652 ero
2606 614 2764 668 quam
2789 602 2834 655 si
2860 602 3181 662 immortalis
3195 607 3358 664 etiam
3383 625 3542 669 essem
3570 591 3682 674 :nou

2154 687 2296 740 enim
2323 703 2422 758 par
2447 690 2563 746 laus
2584 701 2666 748 est
2687 735 2702 758 ,
2731 695 2777 750 si
2806 695 3124 755 immortalis
3148 712 3380 759 mortem
3405 719 3680 781 contemnat,

2152 791 2215 831 ac
2256 778 2302 832 si
2357 781 2620 837 mortalis.
2668 783 3027 852 Quamobrem
3072 792 3176 847 etsi
3216 795 3536 854 moriendum
3575 778 3683 861 nune

2153 870 2284 924 mihi
2327 882 2510 941 esset,
2554 875 2760 932 nullum
2807 878 2934 936 hinc
2973 882 3209 939 subirem
3238 886 3482 957 dedecus;
3510 907 3682 950 verum-

2154 967 2327 1014 tamen
2359 977 2464 1016 non
2492 965 2712 1021 moriar.
2764 966 2833 1022 In
2869 971 3010 1025 nullo
3031 977 3356 1046 confundor;
3380 994 3541 1050 neque
3563 986 3602 1040 si
3621 987 3687 1041 vi-

2151 1065 2292 1116 vam,
2323 1067 2496 1122 neque
2526 1055 2571 1109 si
2601 1058 2839 1114 moriar:
2869 1070 3154 1133 utrumque
3193 1068 3338 1122 enim
3369 1078 3683 1142 generosete-

2149 1158 2286 1210 ram,
2329 1145 2443 1201 sive
2465 1147 2749 1204 vivendum
2772 1193 2786 1218 ,
2815 1153 2930 1210 sive
2961 1157 3302 1214 moriendum
3333 1163 3421 1217 sit.
3454 1164 3681 1226 Pulchre:

2151 1233 2264 1290 ltoc
2293 1236 2602 1294 christiana:
2628 1243 2822 1299 animae
2849 1255 2950 1301 est.
2985 1247 3094 1302 Sed
3113 1251 3166 1305 in
3194 1255 3352 1320 omni,
3383 1255 3560 1328 inquit,
3579 1261 3684 1329 ﬁds-

2147 1325 2247 1380 cia.
2271 1325 2435 1420 i’ides
2459 1332 2731 1400 quomodo
2759 1350 2864 1390 non
2908 1339 3244 1397 confundar?
3289 1344 3421 1401 Nam
3444 1325 3487 1403 si
3511 1325 3684 1420 quidem

2146 1419 2336 1473 mortis
2365 1420 2526 1477 timor
2552 1439 2727 1480 meam
2754 1429 2885 1484 mihi
2913 1431 3208 1490 ademisset
3230 1436 3497 1505 ﬁduciam.
3517 1419 3683 1512 pedem

2145 1507 2272 1564 dum
2313 1525 2443 1569 sane
2481 1513 2673 1572 [uisset
2703 1521 2840 1576 mori
2867 1540 2880 1588 ;
2912 1539 3054 1581 nunc
3079 1543 3229 1598 vero,
3253 1546 3374 1587 cum
3408 1534 3494 1590 illa
3519 1507 3683 1609 impen-

2144 1602 2280 1660 dens
2306 1622 2392 1662 me
2423 1608 2553 1664 nihil
2584 1614 2794 1681 terruit,
2823 1617 3028 1673 nullum
3054 1620 3295 1690 profecto
3325 1627 3377 1680 in
3414 1641 3476 1682 ea
3493 1602 3684 1688 dedecus

2143 1704 2306 1751 esset.
2341 1696 2446 1753 Sed
2477 1701 2590 1757 sive
2619 1703 2814 1771 vivam,
2848 1722 2914 1762 ex
2946 1711 3054 1764 vita
3080 1727 3187 1768 non
3213 1715 3533 1786 confundar;
3576 1738 3682 1792 pra:-

2142 1784 2263 1840 dico
2287 1789 2430 1844 enim
2461 1796 2723 1865 evangelii
2753 1800 3185 1867 praedicationem
3216 1825 3229 1861 :
3259 1807 3372 1865 sive
3391 1784 3598 1878 moriar,
3634 1831 3682 1872 ex

2143 1889 2316 1936 morte
2343 1897 2449 1938 non
2476 1885 2810 1956 confundar;
2849 1908 2952 1947 non
2981 1895 3124 1952 enim
3160 1912 3375 1956 coercet
3405 1918 3491 1958 me
3519 1905 3680 1971 timor;

2139 1973 2384 2030 eamdem
2437 1977 2710 2037 ﬁdentiam
2748 1993 2908 2055 atque
2949 1989 3114 2044 animi
3158 1990 3458 2050 libertatem
3499 2013 3597 2067 pra:
3621 2016 3684 2056 me

2139 2064 2274 2122 fero.
2304 2067 2488 2140 Neque
2512 2074 2676 2140 enim,
2709 2077 2850 2146 quod
2880 2079 3215 2139 vinculorum
3246 2064 3569 2144 mentionem
3587 2090 3680 2155 feci,

2139 2171 2254 2212 rem
2282 2160 2438 2215 istam
2480 2171 2688 2234 turpem
2721 2170 2938 2237 putetis.
2977 2171 3270 2230 Tantorum
3301 2178 3434 2232 mihi
3463 2181 3682 2239 boni-rum

2138 2265 2299 2307 causa
2333 2254 2546 2312 fuerunt
2568 2299 2586 2324 ,
2607 2269 2666 2314 ut
2693 2263 2906 2318 caeteris
2939 2266 3101 2320 etiam
3126 2269 3360 2325 animum
3392 2271 3681 2343 addiderim,

2137 2359 2244 2415 quo
2289 2347 2574 2404 conﬁdant.
2622 2351 2739 2408 Non
2791 2357 2936 2411 enim
2987 2359 3221 2415 vinctum
3268 2377 3391 2420 esse
3431 2380 3527 2436 pro
3565 2367 3684 2424 Chri-

2138 2444 2255 2504 sto,
2287 2439 2381 2494 sed
2414 2442 2746 2501 vinculorum
2789 2459 2934 2505 metu
2960 2452 3190 2521 prodere
3212 2456 3484 2526 quidpiam
3533 2476 3684 2518 eorum

2137 2542 2255 2598 qua:
2283 2530 2479 2586 Christi
2509 2545 2634 2590 sunt
2659 2579 2675 2604 ,
2704 2537 2758 2592 id
2808 2548 2964 2611 turpe
2993 2553 3075 2598 est
3101 2561 3114 2597 :
3144 2549 3400 2615 quamdiu
3430 2550 3565 2607 istud
3607 2556 3684 2608 mi-

2136 2621 2282 2678 nime
2328 2625 2568 2694 accidet,
2613 2630 2950 2688 ﬁdentiorem
2999 2637 3235 2693 animum
3258 2641 3473 2697 vincula
3499 2643 3684 2700 faciunt.

2135 2711 2251 2768 Non
2268 2717 2520 2785 quoniam
2546 2733 2689 2790 smpe
2713 2737 2778 2777 ex
2805 2726 3058 2794 periculis
3079 2730 3258 2797 evasi;
3285 2741 3449 2804 atque
3476 2734 3589 2790 inde
3603 2747 3684 2802 est,

2135 2820 2234 2861 cur
2277 2807 2534 2865 adversus
2577 2811 2820 2870 inﬁdeles
2866 2817 3110 2888 glorier:
3143 2821 3189 2876 si
3228 2824 3352 2893 quid
3401 2827 3574 2884 simile
3603 2845 3685 2884 nou

2133 2898 2372 2967 accidat,
2399 2901 2507 2970 iam
2539 2918 2634 2960 vos
2661 2904 2950 2975 ignominia
2994 2913 3169 2968 notari
3196 2915 3520 2974 existimetis
3546 2937 3558 2972 :
3583 2936 3681 2975 nam

2134 2997 2188 3044 et
2215 2988 2318 3045 hoc
2341 2993 2501 3047 etiam
2528 3009 2634 3050 non
2660 2999 2839 3054 minus
2862 3000 3014 3056 vobis
3044 3001 3280 3058 ﬁdentia:
3313 3007 3538 3076 prtebet,
3559 3027 3685 3080 quam

2135 3083 2281 3138 illud.
2303 3084 2457 3153 Vide,
2487 3091 2756 3158 quomodo
2783 3093 2883 3149 sub
2911 3110 3140 3164 persona
3167 3113 3262 3152 sua
3292 3099 3435 3156 hanc
3459 3118 3569 3158 rem
3593 3120 3686 3174 per-

2135 3183 2371 3231 traclet:
2422 3179 2566 3248 quod
2600 3189 2661 3236 et
2705 3197 2850 3254 saepe
2903 3185 3030 3240 alibi
3076 3187 3224 3254 facit,
3265 3193 3684 3261 quemadmodum

2131 3280 2255 3336 erga
2288 3267 2577 3335 Romanos,
2612 3271 2735 3327 Non
2770 3276 2904 3329 enim
2934 3277 3170 3334 erubesco
3197 3284 3516 3354 evangelium
3541 3285 3683 3356 (Rata.

2132 3359 2184 3413 1.
2215 3359 2306 3430 16)
2328 3376 2343 3426 ;
2364 3369 2430 3416 ut
2457 3378 2582 3434 erga
2608 3365 2915 3422 Corinthios
2935 3411 2948 3434 ,
3002 3370 3129 3426 ΙΙωο
3155 3386 3324 3429 autem
3353 3380 3684 3452 transﬁgurati

2129 3452 2306 3521 inme,
2339 3464 2387 3509 et
2417 3457 2602 3527 Apollo
2621 3460 2698 3530 (1.
2725 3459 2844 3516 Cor.
2869 3465 2922 3518 4.
2946 3465 3024 3529 6).
3048 3466 3168 3522 Sive
3196 3486 3285 3538 per
3310 3472 3486 3537 vitam,
3508 3476 3600 3529 sive
3619 3492 3687 3542 per

2129 3555 2358 3600 mortem.
2381 3545 2497 3602 Non
2523 3548 2624 3604 hoc
2648 3550 2812 3606 veluti
2839 3554 3092 3624 ignorans
3121 3557 3251 3614 dicit
3279 3578 3294 3614 :
3327 3567 3683 3621 noveratenim

2129 3636 2350 3692 minime
2391 3646 2516 3694 tunc
2562 3641 2662 3696 sibi
2708 3645 3042 3701 moriendum
3083 3665 3224 3714 esse,
3253 3653 3347 3707 sed
3386 3655 3440 3709 in
3477 3658 3684 3727 sequenti

2128 3735 2389 3798 tempore,
2413 3740 2646 3787 attamen
2664 3733 2774 3804 jam
2800 3735 3033 3806 ipsorum
3054 3742 3284 3798 animam
3311 3759 3572 3818 pauperat
3589 3749 3683 3804 :il.

2127 3817 2261 3873 Mihi
2289 3821 2443 3880 enim.
2469 3821 2656 3894 inquit,
2673 3827 2838 3881 vivere
2857 3828 3106 3899 Christus,
3121 3844 3166 3887 et
3182 3837 3309 3888 mori
3333 3817 3554 3892 lucrum.
3579 3840 3683 3893 Nam

2126 3923 2183 3969 et
2227 3917 2524 3986 moriendo,
2569 3920 2758 3991 inquit,
2793 3939 2897 3978 nou
2945 3928 3162 3996 moriar,
3206 3932 3367 3986 vitam
3410 3934 3607 3990 habens
3644 3936 3684 3990 in

2123 4012 2349 4084 meipso.
2380 4015 2527 4073 Tunc
2554 4034 2640 4074 me
2664 4022 3025 4088 sustulissent,
3058 4023 3100 4078 si
3136 4038 3232 4094 per
3269 4036 3475 4082 metum
3517 4031 3684 4098 potuis-

2123 4113 2244 4160 sent
2284 4122 2353 4163 ex
2395 4109 2571 4165 anima
2601 4126 2720 4167 mea
2755 4111 2915 4172 ﬁdem
2946 4116 3230 4172 exturbare
3261 4135 3274 4170 :
3300 4119 3557 4188 quamdiu
3585 4136 3685 4176 vero

2123 4196 2366 4255 Christus
2393 4217 2600 4257 meeum
2646 4205 2826 4271 fuerit,
2867 4207 3076 4263 etiamsi
3124 4224 3268 4264 mors
3315 4212 3591 4282 ingruerit,
3618 4214 3682 4264 vi-

2123 4305 2264 4346 vam.
2296 4293 2472 4363 Atque
2518 4295 2569 4349 in
2625 4294 2725 4351 hac
2771 4300 2929 4352 etiam
2977 4301 3103 4366 vita,
3153 4317 3259 4357 non
3311 4303 3416 4358 hoc
3465 4305 3584 4359 mihi
3624 4306 3682 4358 vi-

2123 4399 2247 4440 vere
2273 4396 2374 4452 est,
2409 4385 2503 4442 sed
2538 4385 2804 4445 Christus.
2837 4392 2988 4456 Quod
3035 4393 3080 4448 si
3127 4394 3252 4448 dum
3296 4395 3386 4450 hic
3430 4397 3566 4462 vivo,
3600 4413 3681 4451 non

2121 4479 2225 4535 hoc
2266 4481 2396 4536 mihi
2437 4483 2618 4539 vivere
2645 4483 2663 4514 ¹
2695 4501 2708 4539 :
2743 4484 2895 4552 Quod
2923 4501 3037 4540 vero
3063 4503 3217 4553 nunc,
3245 4491 3421 4559 inquit
3441 4531 3456 4554 ,
3479 4490 3530 4544 in
3558 4507 3683 4544 carne

2121 4573 2250 4640 vivo,
2293 4573 2346 4627 in
2374 4575 2477 4644 fide
2500 4576 2610 4630 vivo
2650 4592 2670 4630 :
2709 4575 2810 4630 hoc
2835 4585 2891 4631 et
2922 4577 2994 4632 ibi
3021 4577 3142 4633 dico
3173 4596 3186 4631 :
3225 4578 3349 4634 Vivo
3390 4594 3556 4636 autem
3591 4585 3681 4652 jam

2122 4684 2224 4721 non
2250 4684 2361 4739 ego,
2389 4669 2507 4723 vivit
2533 4684 2648 4724 vero
2674 4670 2727 4723 in
2761 4686 2842 4725 me
2868 4669 3098 4728 Christus
3122 4671 3263 4742 (Gal.
3295 4675 3348 4729 2.
3383 4675 3505 4749 20).
3527 4676 3680 4731 Talem

2122 4770 2334 4830 oportet
2357 4760 2724 4817 Christianum
2751 4777 2891 4818 esse.
2917 4762 3034 4819 Non
3065 4765 3209 4832 vivo,
3239 4767 3446 4836 inquit,
3473 4783 3680 4823 commu-

2121 4867 2245 4908 nem
2275 4853 2456 4907 vitam.
2481 4854 2768 4920 Quomodo
2799 4854 2961 4925 igitur
2985 4856 3142 4924 vivis,
3187 4857 3342 4915 beate
3371 4859 3575 4914 Paule?
3595 4873 3679 4913 nan

2120 4943 2290 4998 solem
2317 4944 2544 5014 aspicis?
2562 4959 2667 4999 non
2695 4959 3036 5002 communem
3059 4961 3239 5004 aerem
3271 4951 3581 5020 respirando
3605 4950 3680 5003 du-

2120 5034 2242 5088 cis?
2273 5048 2379 5089 non
2412 5034 2597 5090 iisdem
2628 5046 2788 5106 atque
2813 5051 3003 5094 omnes
3031 5038 3302 5095 alimentis
3331 5043 3576 5096 nutriris?
3595 5055 3677 5095 non

2122 5137 2358 5195 terram,
2404 5129 2856 5198 quemadmodum
2897 5146 2999 5186 nos
3037 5131 3292 5201 facimus,
3345 5135 3564 5190 calcas?
3595 5149 3677 5188 non

2120 5219 2294 5273 somni
2322 5220 2486 5290 eges?
2516 5235 2622 5274 non
2649 5223 2876 5276 vestium
2897 5263 2912 5289 ,
2945 5238 3052 5278 non
3073 5223 3382 5280 calceorum
3400 5226 3426 5277 ?
3462 5225 3592 5294 Quid
3617 5225 3679 5276 di-

2119 5313 2198 5367 cis
2223 5352 2237 5376 ,
2277 5310 2400 5367 Non
2441 5313 2594 5367 vivo!
2633 5312 2911 5383 quomodo
2939 5329 3048 5369 non
3076 5314 3257 5370 vivis?
3297 5315 3438 5384 Quid
3462 5317 3560 5371 sibi
3585 5315 3678 5367 vult

2120 5404 2222 5460 iste
2257 5404 2542 5460 verborum
2595 5405 2810 5460 tumor?
2839 5404 2956 5461 Non
2993 5415 3120 5462 sunt
3158 5406 3274 5462 haec
3303 5404 3673 5463 ostentationis.

2119 5499 2332 5555 Etenim
2357 5500 2459 5556 nisi
2487 5514 2575 5554 res
2597 5500 2729 5569 ipsa:
2760 5498 3124 5554 testimonium
3147 5498 3372 5565 darent,
3392 5500 3582 5555 merito
3602 5497 3677 5550 illa

2118 5591 2382 5662 quispiam
2425 5591 2620 5646 tumori
2647 5606 2710 5646 ac
2740 5591 2963 5646 vanitati
2989 5590 3319 5646 adscriberet
3357 5608 3371 5646 :
3404 5603 3545 5644 nunc
3571 5599 3676 5641 vero

2184 5748 2198 5818 ξ
2237 5747 2390 5818 ῌὶαίὶᾳ
2407 5747 2579 5818 ﬁrzeca
2601 5748 2745 5818 serie
2756 5747 3006 5818 quidpiam
3023 5746 3350 5818 desideratur,
3369 5745 3499 5809 quod
3513 5746 3674 5818 siceit-

2118 5809 2284 5871 primit
2304 5809 2518 5871 Nobilius
2544 5823 2555 5858 :
2678 5804 2799 5860 mihi
2823 5804 2976 5860 vivere
3000 5821 3017 5858 :
3043 5807 3160 5871 quid
3184 5807 3233 5856 in
3257 5804 3408 5857 altera
3429 5804 3672 5866 πευκίν-

2121 5869 2285 5920 turum
2305 5878 2375 5921 est
2390 5869 2420 5922 Υ
2439 5873 2740 5936 Mauuseripti
2764 5872 2915 5922 nostri
2940 5869 3062 5920 nihil
3081 5871 3278 5920 habent.
