3878 6522
247 425 348 482 199

239 537 482 610 νόμωσέ
513 554 611 608 με.
651 536 822 591 Τοῦτο
853 537 984 607 γοῦν
1022 537 1116 591 καὶ
1165 537 1258 591 νῦν
1306 538 1410 608 ἤδη
1465 537 1818 608 προφητεύει,

238 639 343 694 Διὰ
384 639 497 707 τῆς
539 638 710 708 ὑμῶν
758 637 1055 705 δεήσεως,
1122 637 1218 690 καί
1276 637 1663 706 ἐπιχορηγίας
1717 635 1825 690 τοῦ

236 740 584 810 Πνεύματος
620 739 823 806 Ἰησοῦ
843 738 1119 808 Χριστοῦ,
1150 739 1346 808 λέγων,
1372 739 1522 793 κατὰ
1548 737 1662 806 τὴν
1681 739 1826 793 ἀπο-

237 841 608 910 καραδοκίαν
647 842 746 895 καὶ
786 841 1004 895 ἐλπίδα
1047 859 1187 910 μου.
1247 841 1404 894 Οὕτω
1455 841 1584 913 γὰρ,
1633 842 1821 911 φησὶν,

235 941 462 1005 ἐλπίζω.
490 941 606 996 Ἵνα
627 939 734 1012 γὰρ
760 941 918 994 πάλιν
934 943 1092 1012 ἡμεῖς
1113 942 1185 1011 μὴ
1208 941 1268 994 τὺ
1293 941 1413 994 ὅλον
1448 944 1567 1006 ταῖς
1602 943 1823 996 ἐκείνων

236 1040 624 1112 ἐπιτρέπωμεν
671 1041 878 1110 εὐχαῖς,
929 1039 1081 1093 αύτοί
1117 1040 1282 1109 μηδὲν
1310 1039 1678 1110 εἰσφέροντες,
1720 1039 1825 1111 ὅρα

235 1143 359 1206 πῶς
416 1144 596 1212 τίθησι
651 1142 712 1195 τὸ
773 1142 976 1208 αὑτοῦ,
1035 1141 1136 1210 τὴν
1179 1141 1409 1210 ἐλπίδα,
1447 1140 1546 1212 τὴν
1603 1141 1822 1195 πάντων

237 1244 420 1298 αἰτίαν
471 1243 577 1297 τῶν
633 1241 883 1312 ἀγαθῶν,
942 1242 1193 1312 καθάπερ
1235 1243 1265 1294 6
1313 1243 1598 1314 προφήτης
1645 1244 1817 1313 φησί’

237 1345 503 1410 Γένοιτο,
530 1345 730 1412 Κύριε,
764 1343 1034 1408 τὸλὲλεός
1066 1356 1183 1398 σου
1206 1343 1300 1412 ἐφ’
1337 1342 1516 1413 ἡμᾶς.
1556 1343 1820 1412 καθάπερ

235 1446 587 1514 ἠλπίσαμεν
627 1442 724 1497 ἐπὶ
769 1442 905 1497 σοίο
948 1441 1209 1513 καθάπερ
1229 1441 1324 1496 καὶ
1355 1440 1584 1512 ἑτέρωθί
1634 1459 1820 1514 φησιν,

249 1543 620 1612 Ἑμὸλέψατε
658 1543 747 1606 εἰς
778 1541 1032 1609 ἀρχαίας
1077 1539 1320 1610 γενεὰς,
1368 1538 1469 1593 καί
1513 1539 1670 1594 ἴδετε
1693 1555 1706 1570 °
1730 1542 1822 1606 τίς

235 1645 503 1713 ἠλπισεν
542 1643 640 1695 ἐπὶ
679 1641 916 1709 Κύριον,
945 1638 1043 1693 καί
1071 1639 1502 1707 κατῃσχύνθη;
1539 1640 1634 1692 καὶ
1659 1640 1829 1694 πάλιν·

234 1749 265 1798 6
315 1744 584 1816 μακάριος
623 1736 780 1806 οὗτός
827 1757 1027 1812 φησιν,
1070 1741 1134 1795 Ἡ
1177 1739 1247 1793 δὲ
1290 1739 1464 1807 ἐλπίς
1513 1742 1585 1794 οὐ
1626 1758 1822 1795 καται-

235 1848 473 1917 σχύνει.
505 1835 667 1900 Κατὰ
702 1841 816 1910 τὴν
849 1839 1358 1910 ἀποκαραδοκίαν,
1399 1839 1553 1909 φησὶ,
1599 1839 1698 1894 καί
1724 1841 1821 1894 ἐλ-

235 1947 384 2000 πίδα
401 1964 540 2016 μου,
571 1943 659 1998 ὅτι
693 1943 760 1996 ἐν
797 1941 1001 1996 οὐδενί
1037 1937 1543 2010 αἰσχυνθήσομαι.
1600 1939 1749 2012 Αὕτη
1784 1942 1817 2012 ή

235 2048 332 2104 τοῦ
363 2047 576 2102 Παύλου
607 2045 783 2109 ἐλπὶς,
815 2043 876 2097 τὸ
905 2041 1164 2107 ἐλπίζειν,
1203 2042 1288 2095 ὅτι
1319 2039 1568 2111 Ούδαμοῦ
1598 2043 1821 2112 αἰσχυν-

237 2149 496 2220 θήσομαι.
537 2145 697 2216 Ὁρᾷς
741 2143 865 2196 ὅσον
900 2141 1046 2194 ἐστὶν
1091 2137 1335 2203 ἐλπίζειν
1374 2139 1467 2193 ἐπὶ
1515 2140 1608 2195 τὸν
1653 2140 1816 2208 Θεόν;

235 2247 358 2302 Κᾶν
381 2246 557 2302 ὁτιοῦν
583 2245 828 2315 γένηται,
848 2243 1032 2314 φησὶν,
1061 2242 1161 2296 οὐκ
1178 2241 1633 2314 αἰσχυνθήσομαι·
1657 2262 1816 2299 τουτ-

233 2349 417 2411 ἐστιν,
467 2347 529 2400 οὐ
557 2345 901 2419 περιέσονται
951 2334 1118 2396 οὗτοι.
1160 2341 1312 2396 Ἀλλ’
1347 2341 1416 2394 ἐν
1455 2342 1626 2412 πάσῃ
1669 2347 1818 2414 παῤ-

229 2452 445 2523 ῥησίᾳ,
479 2446 675 2511 καθὼς
710 2443 988 2510 πάντοτε,
1030 2442 1131 2496 καί
1158 2441 1275 2496 νῦν
1297 2445 1818 2512 μεγαλυνθήσεται

235 2550 488 2623 Χριστὸς
518 2545 682 2613 ἐντῷ
700 2545 930 2615 σώματί
951 2561 1094 2614 μου.
1139 2541 1491 2614 Προσεδόκων
1517 2547 1715 2599 ἐκεῖνοι
1733 2547 1820 2603 διά

235 2654 338 2723 τῆς
389 2649 612 2718 παγίδος
657 2645 863 2718 ταύτης
905 2644 1070 2716 δῆθεν
1114 2644 1256 2699 ἑλεῖν
1293 2645 1393 2716 μὲν
1446 2645 1539 2699 τὸν
1585 2647 1815 2712 Παῦλον,

238 2751 562 2806 σϐέννυσθαι
594 2749 650 2802 δὲ
677 2747 738 2801 τδ
787 2748 1071 2818 κήρυγμα,
1104 2747 1181 2810 ὡς
1214 2746 1308 2800 τοῦ
1333 2747 1484 2800 δόλου
1515 2748 1606 2802 τοῦ
1639 2749 1818 2805 αὐτῶν

238 2851 536 2923 ἰσχύοντος.
566 2846 737 2901 Τοῦτο
768 2840 862 2900 οὖν
892 2860 1077 2917 φησιν,
1111 2844 1192 2898 ὅτι
1220 2845 1335 2898 Ούκ
1364 2844 1516 2900 ἔσται
1543 2846 1719 2913 τοῦτο,
1753 2850 1814 2902 ού

235 2944 333 3000 νῦν
378 2943 785 3012 ἀποθανοῦμαιο
828 2940 978 2995 Ἀλλ’
1015 2942 1097 3007 ὡς
1125 2941 1400 3007 πάντοτε,
1432 2944 1529 2998 καὶ
1563 2946 1679 3000 νῦν
1710 2963 1816 3017 με·

234 3045 684 3115 γαλυνθήσεται
716 3042 972 3113 Χριστὸς
999 3043 1068 3096 ἐν
1096 3041 1176 3108 τῷ
1213 3043 1443 3115 σώματί
1471 3064 1613 3115 μου.
1655 3047 1779 3113 Πῶς
1798 3066 1813 3116 ἱ

236 3149 504 3213 Πολλάκις
526 3149 604 3210 εἰς
629 3146 904 3210 κινδύνους
925 3146 1199 3212 ἐνέπεσον,
1231 3149 1287 3200 ἐν
1333 3143 1414 3212 οἷς
1449 3149 1648 3215 πάντες
1670 3154 1817 3224 ἡμᾶς

235 3251 643 3323 ἀπηγόρευσαν,
688 3246 887 3319 μᾶλλον
936 3246 994 3300 δὲ
1046 3248 1140 3302 καὶ
1185 3249 1345 3318 ἡμεῖς
1393 3249 1623 3314 ἑαυτούς
1667 3267 1683 3283 ·
1719 3252 1816 3306 Ἐν

233 3351 474 3418 ἑαυτοῖς
499 3351 609 3422 γὰρ
625 3351 691 3404 τὸ
719 3349 1021 3419 ἀπόκριμα
1041 3350 1146 3404 τοῦ
1165 3349 1424 3406 θανάτου
1445 3351 1810 3422 ἐσχήκαμεν*

233 3456 352 3514 ἀλλ’
379 3457 445 3509 ἐκ
475 3453 690 3508 πάντων
719 3453 866 3525 ἡμᾶς
889 3451 1160 3526 ἐρρύσατο
1185 3455 1214 3506 6
1259 3452 1487 3525 Κύριος.
1537 3453 1696 3508 Οὕτω
1719 3456 1816 3510 καὶ

232 3555 332 3610 νῦν
362 3552 830 3626 μεγαλυνθήσεται
870 3554 928 3606 ἐν
959 3552 1038 3623 τῷ
1081 3551 1294 3623 σώματί
1348 3569 1473 3623 μου.
1499 3554 1615 3611 Ἵνα
1639 3555 1697 3608 δέ
1737 3556 1812 3627 μή

233 3670 317 3717 τις
357 3654 554 3725 νομίσῃ
583 3651 679 3704 καὶ
707 3650 859 3723 εἴπῃ,
891 3653 988 3704 ’Ἂν
1019 3650 1084 3703 σὺ
1117 3651 1418 3724 ἀποθάνῃς,
1448 3652 1510 3704 ού
1544 3653 1812 3724 μεγαλυν-

233 3759 496 3830 θήσεται;
524 3756 649 3820 Ναὶ,
686 3754 849 3826 φησὶν
868 3795 882 3819 ,
912 3753 1028 3806 οἰδα
1056 3771 1068 3785 ·
1103 3754 1218 3807 ἀλλ’
1249 3755 1310 3808 ού
1338 3755 1425 3809 διὰ
1451 3756 1611 3810 τοῦτο
1642 3757 1814 3822 οὕτως

231 3854 430 3925 εἷπον,
475 3858 558 3911 ὅτι
594 3857 628 3926 ή
673 3855 786 3926 ζωὴ
818 3857 953 3926 μόνη
987 3856 1286 3926 μεγαλυνεῖ
1328 3858 1511 3925 αὑτὸν,
1553 3859 1690 3912 ἀλλά
1720 3861 1814 3914 καὶ

232 3965 266 4016 ό
299 3959 576 4024 θάνατος.
608 3956 757 4020 Τέως
799 3955 890 4022 δὲ,
936 3955 1037 4009 Διά
1069 3955 1247 4026 ζωῆς,
1295 3957 1460 4029 φησίν
1481 3974 1494 3989 ο
1521 3959 1620 4013 οὐκ
1659 3961 1814 4013 ἀναι-

233 4059 391 4132 ροῦσί
423 4076 513 4129 με,
546 4056 680 4110 ἀλλὰ
703 4057 796 4109 καὶ
821 4050 1027 4110 εἰεῖλόν
1055 4073 1142 4127 με,
1174 4057 1268 4111 καὶ
1296 4057 1438 4112 οὕτω
1469 4059 1812 4132 μεγαλυνθή-

233 4175 389 4213 σεται
417 4160 448 4212 6
477 4157 732 4228 Χριστός.
761 4155 920 4222 Πῶς;
958 4155 1060 4209 Διά
1097 4157 1196 4226 μὲν
1223 4156 1390 4229 ζωῆς,
1421 4159 1503 4212 ὃτι
1537 4159 1770 4226 ἐξείλετο
1797 4179 1811 4192 ι

231 4260 320 4314 διὰ
355 4257 585 4312 θανάτου
626 4256 704 4323 δὲ,
737 4257 821 4310 ὅτι
857 4255 978 4309 οὐδὲ
1013 4255 1237 4320 θάνατος
1261 4257 1448 4310 ἔπεισέ
1486 4276 1553 4329 με
1577 4260 1812 4330 ἀρνήσα-

235 4360 359 4414 σθαι
393 4358 576 4412 αύτόν.
603 4359 727 4411 ’Ὀτι
755 4374 844 4428 μοι
860 4357 1130 4428 τοσαύτην
1157 4357 1466 4428 προθυμίαν
1490 4361 1806 4432 ἐχαρίσατο,

233 4467 328 4522 καὶ
355 4464 588 4520 θανάτου
620 4463 876 4533 ἐποίησεν
914 4461 1259 4533 ἰσχυρότερον
1296 4479 1310 4494 ·
1339 4463 1456 4516 ἐκεῖ
1484 4464 1602 4533 μὲν,
1631 4467 1711 4519 ὅτι
1745 4483 1828 4534 με.

234 4563 513 4638 ἀπήλλαξε
541 4561 818 4617 κινδύνων·
853 4560 1085 4614 ἐνταῦθα
1107 4561 1184 4627 δὲ,
1213 4561 1295 4615 ὅτι
1324 4578 1390 4632 με
1414 4561 1514 4615 οὐκ
1548 4563 1694 4617 εἴασε
1721 4583 1814 4635 φο-

236 4667 468 4738 ϐηθῆναι
492 4663 587 4718 τοῦ
619 4663 848 4717 θανάτου
878 4662 976 4733 τὴν
1003 4659 1312 4732 τυραννίδα.
1348 4660 1506 4714 Οὕτω
1547 4666 1814 4733 μεγαλυν-

233 4770 464 4840 θήσεται
495 4765 583 4820 διὰ
611 4765 756 4837 ζωῆς
782 4764 877 4817 καὶ
908 4762 1161 4817 θανάτου.

305 4867 460 4942 [2151
493 4867 560 4938 β’.
593 4865 776 4920 Ταῦτα
795 4865 851 4918 δέ
873 4865 1040 4934 λέγει,
1062 4866 1158 4936 οὐχ
1187 4864 1263 4928 ῶς
1288 4865 1496 4936 μέλλων
1521 4867 1812 4921 ἀποθανεῖ-

235 4970 386 5034 σθαι,
420 4967 535 5022 ἀλλ’
571 4968 700 5022 ὅταν
731 4965 1001 5037 ἀποθάνῃ,
1034 4965 1121 5018 ἴνα
1152 4964 1318 5036 μηδὲν
1343 4965 1682 5037 ἀνθρώπινον
1715 4967 1815 5021 πά-

233 5071 421 5125 θωσιν.
439 5070 564 5122 Ὅτι
580 5068 688 5139 γὰρ
700 5068 797 5137 οὐχ
811 5065 886 5129 ὼς
900 5065 1106 5138 μέλλων
1117 5065 1520 5130 ἀποθανεῖσθαι,
1537 5066 1565 5118 ὂ
1584 5067 1815 5138 μάλιστα

233 5172 434 5234 αὐτοὺς
460 5167 670 5235 ἐλύπει,
700 5166 874 5220 ταῦτα
895 5165 1099 5235 ἔλεγεν,
1133 5166 1234 5237 ὅρα
1251 5165 1368 5230 πῶς
1394 5166 1525 5220 αὐτὸ
1553 5184 1811 5238 παραμυ-

232 5271 430 5336 θεῖται,
461 5269 739 5341 μονονουχὶ
783 5268 957 5337 λέγων
975 5280 990 5296 ⁶
1024 5267 1211 5322 Ταῦτα
1232 5267 1288 5321 δὲ
1312 5267 1475 5336 λέγω,
1504 5269 1686 5337 φησὶν,
1715 5269 1813 5340 οὐχ

231 5371 308 5435 ὡς
335 5369 795 5441 ἀποθανούμενος.
820 5367 920 5422 Διά
949 5367 1106 5422 τοῦτο
1139 5368 1386 5439 ἐπήγαγε
1415 5367 1621 5440 προϊών
1655 5384 1672 5398 '
1703 5371 1813 5426 Kal

231 5469 411 5526 τοῦτο
431 5469 727 5534 πεποιθὼς
768 5463 900 5521 οῖδα
920 5466 1008 5521 ὅτι
1028 5465 1210 5536 μενῶ,
1241 5467 1338 5521 καί
1367 5469 1813 5540 συμπαραμενῶ

233 5568 425 5627 πᾶσιν
445 5569 607 5640 ὑμῖν.
626 5569 699 5622 Τὸ
709 5568 788 5634 δὲ,
806 5569 902 5621 Ἑν
917 5567 1117 5622 οὐδενί
1135 5568 1638 5640 αἰσχυνθήσομαι,
1655 5570 1813 5624 τοῦτό

234 5675 405 5742 ἐστιν,
425 5672 499 5727 Ού
526 5673 681 5743 φέρει
723 5688 813 5741 μοι
836 5669 1096 5741 αἰσχύνην
1126 5669 1186 5722 τὸ
1208 5670 1521 5735 ἀποθανεῖν,
1546 5673 1686 5727 ἀλλά
1719 5673 1812 5727 καὶ

239 5771 382 5842 μέγα
396 5769 604 5841 κέρδος.
646 5774 744 5826 Διά
774 5773 853 5840 τίς
897 5773 969 5826 Ού
994 5773 1102 5845 γάρ
1121 5772 1384 5836 ἀθάνατός
1405 5773 1540 5843 εἰμι,
1559 5771 1692 5826 ἀλλὰ
1719 5772 1813 5824 καὶ

235 5873 610 5947 λαμπρότερος
638 5874 851 5944 ἔσομαι,
881 5873 912 5944 ἢ
945 5877 991 5928 εἰ
1020 5875 1112 5929 καὶ
1133 5873 1396 5937 ἀθάνατος
1417 5875 1590 5945 ἤμην’
1614 5873 1672 5926 ού
1700 5871 1807 5944 γάρ

1124 422 1190 474 Ιλ
1234 421 1454 476 EPIS'I.
1491 421 1582 473 AD
1623 425 1908 476 PI‘IILIPP.
1946 421 2099 478 (ΑΡ.
2167 425 2205 482 Ι.
2245 428 2477 484 HOMIL.
2521 431 2608 487 HI.

3398 441 3503 496 ‘200

1930 541 2076 594 ἐστιν
2114 541 2228 597 ἴσον
2261 545 2527 601 ἀθάνατον
2564 548 2694 602 ὄντα
2732 551 3088 619 καταφρονεῖν
3125 549 3374 619 θανάτου,
3410 557 3504 609 καὶ

1926 641 2138 713 θνητόν.
2161 644 2322 699 Ὥστε
2349 647 2472 700 οὐδὲ
2495 648 2653 702 τοῦτο
2670 647 2920 720 αἰσχύνη,
2951 649 3011 702 τὸ
3035 648 3130 704 νῦν
3173 651 3467 709 ἀποθανεῖν
3486 672 3501 686 θ

1925 743 2064 814 πλὴν
2086 743 2186 798 οὐκ
2217 744 2612 818 ἀποθανοῦμαι.
2644 748 2740 800 Ἐν
2760 747 2961 802 οὐδενί
2993 749 3501 821 αἰσχυνθήσομαι,
3551 725 3554 728 ἢ

1922 841 2051 926 οὕτε.
2080 844 2137 895 ἐν
2157 843 2234 916 τῷ
2267 846 2385 916 ζῇν,
2422 844 2542 898 οὕτε
2569 848 2626 898 ἐν
2647 845 2725 919 τῷ
2745 847 3032 902 ἀποθανεῖν
3053 889 3067 912 ,
3102 849 3266 921 φησίν
3289 866 3304 882 ·
3333 851 3508 922 ἀμφό-

1923 960 2054 1014 τερα
2077 945 2184 1015 γάρ
2209 945 2470 1013 γενναίως
2485 947 2724 1013 κύποίσω,
2756 946 2866 999 εἴτε
2896 947 3016 1020 ζῇν,
3051 948 3163 1002 εἴτε
3189 949 3500 1005 ἀποθανεῖν.

1924 1042 2118 1107 Καλῶς
2143 1044 2333 1097 ’τοῦτο
2383 1043 2717 1116 Χριστιανῆς
2763 1047 2960 1117 ψυχῆς.
3011 1046 3165 1101 Ἀλλ’
3203 1047 3273 1101 ἐν
3306 1047 3498 1117 πάσῃ,

1923 1141 2077 1210 φησὶ,
2127 1142 2449 1211 παρῤησίᾳ.
2515 1145 2711 1216 Ὁρᾷς,
2759 1147 2878 1210 πῶς
2916 1147 3015 1201 ούκ
3052 1148 3503 1219 αἰσχύνομαι;Εῖ

1926 1241 2025 1314 μὲν
2063 1246 2171 1315 γὰρ
2206 1246 2234 1296 6
2280 1245 2375 1298 τοῦ
2419 1247 2649 1301 θανάτου
2695 1247 2858 1315 φόϐος
2889 1249 3217 1318 περιέκοπτε
3269 1268 3370 1320 μου
3403 1249 3504 1322 τὴν

1922 1345 2271 1414 παρρησίαν,
2326 1345 2590 1416 αἰσχύνης
2651 1345 2802 1409 ἄξιον
2864 1344 2925 1398 τὸ
2979 1346 3381 1400 ἀποθανεῖνοεί
3444 1347 3502 1399 δὲ

1920 1442 2074 1496 οὐδὲν
2113 1437 2267 1507 οὗτος
2297 1443 2539 1498 ἐπελθὼν
2593 1445 2879 1515 ἐφόϐησεν,
2917 1444 3017 1498 οὐκ
3049 1444 3278 1517 αἰσχύνη
3313 1444 3499 1498 τοῦτο·

1921 1542 2034 1596 ἀλλ’
2054 1542 2164 1596 εἴτε
2180 1543 2281 1608 ζῶ,
2301 1543 2388 1596 διὰ
2409 1541 2502 1596 τοῦ
2521 1543 2620 1614 ζῇν
2642 1543 2742 1596 οὐκ
2761 1543 3192 1614 αἰσχυνθήσομαι
3212 1559 3226 1574 ο
3247 1541 3503 1613 κηρύττω

1921 1644 2030 1715 γάρ
2061 1644 2136 1714 ζτδ
2170 1646 2463 1716 κήρυγμα⁹
2495 1646 2603 1699 εἴτε
2642 1645 2920 1708 ἀποθάνω,
2961 1644 3049 1698 διὰ
3079 1645 3172 1697 τοῦ
3213 1645 3502 1699 ἀποθανεῖν

1921 1748 2021 1801 οὐκ
2050 1747 2482 1818 αἰσχυνθήσομαι
2514 1765 2525 1778 ⁸
2557 1748 2617 1800 ού
2659 1747 2879 1818 κατεῖχὲ
2930 1763 2998 1816 με
3029 1744 3138 1815 γὰρ
3171 1744 3335 1815 φόϐος
3355 1760 3370 1773 '
3399 1745 3500 1815 τὴν

1921 1848 2029 1920 γὰρ
2063 1848 2231 1918 αὐτὴν
2258 1848 2572 1920 παρρησίαν
2594 1848 2994 1919 ἐπιδείκνυμαι.
3027 1849 3119 1919 Μὴ
3143 1848 3276 1918 γὰρ,
3313 1847 3503 1919 ἐπειδὴ

1921 1948 2096 2020 δεσμὰ
2110 1943 2284 2014 εἷπον,
2299 1947 2561 2020 αἰσχύνην
2584 1949 2642 2001 τὸ
2659 1950 2891 2020 πρᾶγμα
2910 1947 3191 2019 νομίσητε.
3216 1945 3504 2000 Τοσούτων

1921 2049 2142 2120 ἀγαθῶν
2188 2050 2358 2103 αἴτιόν
2402 2068 2491 2121 μοι
2534 2051 2779 2119 γέγονεν,
2818 2049 2903 2103 ὅτι
2950 2049 3047 2102 καί⁸
3083 2048 3292 2118 ἐτέροις
3334 2047 3505 2103 ἔδωκε

1922 2148 2166 2223 θαρρεῖν.
2221 2149 2295 2202 Ού
2345 2147 2454 2219 γὰρ
2491 2146 2550 2200 τὸ
2582 2146 2802 2217 δεθῆναι
2845 2145 2933 2200 διὰ
2968 2145 3224 2216 Χριστὸν,
3263 2142 3400 2196 ἀλλὰ
3441 2145 3510 2196 τὸ

1922 2248 2228 2320 φοϐηθέντα
2248 2247 2317 2302 τὰ
2349 2247 2547 2317 δεσμὰ,
2582 2243 2874 2316 προδοῦναί
2896 2261 2948 2297 τι
2981 2245 3088 2297 τῶν
3118 2241 3209 2296 τοῦ
3238 2241 3500 2313 Χριστοῦ,

1921 2347 2079 2402 τοῦτο
2111 2347 2492 2419 αἰσχύνησῶς,
2543 2346 2609 2401 ἂν
2648 2345 2806 2399 τοῦτο
2845 2345 2920 2415 μὴ
2959 2343 3016 2416 ᾗ,
3067 2344 3161 2398 καὶ
3188 2341 3504 2414 παρρησίας

1921 2449 2160 2521 πρόξενα
2203 2447 2274 2502 τὰ
2319 2447 2513 2519 δεσμά.
2572 2447 2665 2518 Μὴ
2715 2446 2904 2515 ἐπειδὴ
2942 2444 3200 2506 πολλάκις
3242 2443 3501 2511 διέφυγον

1921 2549 2202 2613 κινδύνους
2227 2548 2346 2619 (καὶ
2370 2548 2478 2620 ἔχω
2515 2550 2608 2601 ἐπὶ
2628 2546 2838 2610 τούτοις
2865 2545 3170 2616 καυχᾶσθαι
3208 2543 3346 2615 πρὸς
3372 2544 3502 2607 τοὺς

1919 2650 2228 2721 ἀπίστους),
2271 2650 2338 2704 ἂν
2372 2650 2447 2721 μὴ
2481 2649 2662 2721 συμϐῇ
2704 2666 2755 2702 τι
2798 2646 3070 2713 τοιοῦτον,
3109 2645 3208 2716 ήδη
3252 2643 3502 2714 νομίζετε

1919 2755 2269 2827 αἰσχύνεσθαι
2294 2772 2308 2786 ⁸
2343 2757 2440 2808 καὶ
2479 2754 2588 2826 γὰρ
2623 2754 2717 2808 καὶ
2760 2752 2919 2806 τοῦτο
2952 2752 3052 2820 οὐχ
3092 2747 3258 2822 ἦττον
3286 2748 3499 2802 ἐκείνου

1917 2855 2132 2908 δίδωσιν
2154 2854 2282 2925 ὑμῖν
2303 2853 2398 2925 τὴν
2417 2851 2744 2924 παρρησίαν.
2768 2851 2908 2922 Ὅρα
2931 2850 3044 2914 πῶς
3068 2849 3160 2902 ἐπὶ
3181 2847 3275 2902 τοῦ
3298 2848 3501 2901 οἰκείου

1919 2951 2210 3025 προσώπου
2257 2953 2391 3007 αὐτὸ
2432 2953 2663 3024 προάγει
2689 2967 2703 2982 °
2731 2953 2868 3022 ὅπερ
2911 2949 3180 3020 πολλαχοῦ
3220 2951 3365 3002 ποιεῖ
3407 2950 3502 3003 καὶ

1917 3051 2173 3123 ἀλλαχοῦ,
2195 3049 2446 3123 καθάπερ
2462 3051 2553 3104 ἐπὶ
2580 3049 2887 3122 Ῥωμαίων,
2901 3051 2984 3104 Οὐ
3005 3051 3116 3120 γὰρ
3137 3050 3504 3120 ἐπαισχύνο-

1911 3169 2019 3224 μαι
2051 3153 2118 3206 τὸ
2149 3152 2547 3222 Εὑαγτέλιον,
2579 3150 2746 3222 φησί·
2775 3149 3026 3220 καθάπερ
3045 3150 3136 3203 ἐπὶ
3158 3148 3462 3219 Κορινθίων
3482 3169 3496 3182 ·

1921 3255 2110 3310 Ταῦτα
2127 3253 2195 3308 δὲ
2204 3252 2698 3324 μετεσχημάτισα
2711 3251 2798 3318 εἰς
2813 3251 3074 3320 ἐμαυτὸν
3091 3249 3190 3305 καὶ
3215 3251 3264 3304 Ἀ
3271 3249 3497 3304 πολλῶ.

1915 3356 2053 3412 Εἴτε
2085 3355 2183 3410 διὰ
2219 3353 2369 3423 ζωῆς
2409 3353 2531 3407 εἴτε
2557 3351 2655 3407 διὰ
2691 3350 2976 3409 θανάτου.
3034 3352 3149 3422 Ούχ
3183 3349 3259 3414 ῶς
3289 3333 3501 3420 ἀγνοῶν

1914 3457 2073 3511 τοῦτό
2119 3471 2283 3527 φησιν
2303 3474 2318 3488 ·
2342 3451 2451 3508 οἶδε
2483 3455 2581 3525 μὲν
2603 3454 2732 3523 γὰρ,
2756 3454 2837 3508 δτι
2864 3453 2962 3506 ούκ
2984 3450 3337 3507 ἀποθανεῖται
3355 3453 3498 3518 τότε,

1913 3557 2050 3612 ἀλλὰ
2106 3555 2244 3622 μετά
2291 3556 2498 3609 ταῦτα’
2526 3553 2667 3625 πλὴν
2727 3553 2909 3607 αὐτῶν
2980 3552 3501 3623 προπαρασκευάζει

1913 3659 2012 3731 τὴν
2041 3657 2218 3729 ψυχὴν
2252 3657 2381 3728 ἤδη·
2427 3654 2584 3724 Ἐμοὶ
2617 3654 2748 3724 γὰρ,
2786 3653 2942 3724 φησὶ,
2971 3652 3038 3706 τὸ
3069 3651 3180 3720 ζῇν
3219 3652 3498 3718 Χριστὸς,

1915 3759 2093 3814 καὶτὸ
2116 3756 2442 3814 ἀποθανεῖν
2461 3755 2695 3824 κέρδος.
2723 3755 2830 3808 Καὶ
2849 3752 2956 3825 γὰρ
2981 3751 3288 3817 ἀποθανὼν,
3308 3753 3495 3823 φησιν,

1913 3863 1976 3917 ού
2014 3861 2366 3933 τεθνήξομαι,
2413 3859 2514 3929 τὴν
2555 3856 2700 3928 ζωὴν
2725 3855 2862 3926 ἔχων
2889 3855 2947 3908 ἐν
2975 3854 3218 3926 ἐμαυτῷ.
3253 3855 3384 3908 Τότε
3432 3873 3500 3924 με

1913 3963 2123 4018 ἀνεῖλον
2180 3961 2266 4024 ἂν,
2309 3962 2358 4013 εἰ
2406 3959 2633 4028 ἴσχυσαν
2687 3957 2775 4010 διὰ
2809 3954 2906 4010 τοῦ
2955 3955 3121 4024 φόϐου
3160 3955 3262 4026 τὴν
3314 3956 3497 4010 πίστιν

1914 4064 2164 4119 ἐκϐαλεῖν
2187 4063 2287 4132 τῆς
2317 4042 2457 4132 ἐμής
2484 4059 2663 4130 ψυχῆς
2685 4076 2697 4087 ·
2729 4059 2836 4120 ἕως
2863 4057 2909 4110 δ’
2935 4058 3000 4110 ἂν
3039 4056 3275 4127 Χριστὸς
3379 4059 3498 4129 μετ’

1914 4169 2088 4240 ἐμοῦ,
2111 4168 2212 4223 κᾶν
2239 4167 2465 4229 θάνατος
2499 4163 2721 4234 ἐπέλθῃ,
2750 4162 2848 4226 ζῶ.
2879 4163 2988 4215 Καὶ
3017 4163 3074 4214 ἐν
3103 4166 3166 4232 τῇ
3199 4161 3346 4233 [2M]
3383 4163 3496 4234 ζωῇ

1915 4271 1972 4324 δὲ
2005 4269 2175 4339 ταύτῃ
2209 4269 2268 4322 οὐ
2294 4267 2452 4322 τοῦτό
2483 4265 2598 4318 ἐστί
2639 4282 2738 4335 μου
2763 4264 2822 4317 τὸ
2859 4263 2979 4334 ζῇν,
3025 4263 3157 4316 ἀλλὰ
3187 4264 3214 4315 6
3241 4263 3495 4333 Χριστός.

1915 4371 1979 4424 Εἰ
2007 4369 2184 4423 τοίνυν
2213 4367 2334 4422 ούδέ
2367 4369 2423 4419 ἐν
2465 4368 2530 4436 τῇ
2559 4365 2671 4435 ζωῇ
2709 4363 2883 4432 ταύτῃ
2913 4360 3078 4414 τοῦτό
3106 4363 3252 4415 ἐστιν
3279 4378 3290 4390 ·
3332 4365 3401 4414 ’Ὀ
3431 4363 3502 4416 δὲ

1915 4468 2033 4523 νῦν
2062 4468 2133 4530 ζῶ
2151 4469 2222 4522 ἐν
2243 4466 2444 4535 σαρκί,
2479 4465 2548 4518 ἐν
2577 4464 2775 4516 πίστει
2798 4459 2870 4521 ζῶ
2894 4477 2908 4491 ·
2943 4459 3099 4513 τοῦτο
3129 4462 3289 4513 κάκεῖ
3317 4461 3462 4529 λέγω
3481 4479 3494 4493 ·

1917 4567 2007 4622 Ζῶ
2029 4567 2097 4621 δὲ
2126 4564 2324 4622 οὐκέτι
2345 4562 2478 4634 ἐγὼ,
2505 4561 2572 4632 ζῆ
2601 4560 2668 4615 δὲ
2693 4562 2764 4615 ἐν
2782 4559 2910 4630 ἐμοὶ
2938 4559 3211 4627 Χριστός.
3243 4559 3498 4614 Τοιοῦτον

1916 4668 2022 4740 χρὴ
2053 4665 2194 4722 εἶναι
2226 4666 2316 4719 τὸν
2349 4662 2693 4735 Χριστιανόν.
2751 4661 2823 4712 υύ
2865 4659 2963 4725 ζῶ,
3004 4659 3158 4728 φησὶ,
3191 4659 3290 4729 τὴν
3313 4661 3499 4732 κοινὴν

1918 4768 2084 4838 ζωήν.
2108 4766 2234 4829 Πῶς
2255 4760 2348 4818 οὖν
2377 4765 2498 4834 ζῇς,
2524 4756 2568 4816 ὦ
2592 4760 2825 4832 μακάριε
2847 4759 3025 4814 Παῦλε
3048 4776 3060 4824 ;
3088 4759 3208 4830 ούχὶ
3229 4760 3320 4814 τὸν
3346 4761 3406 4831 ἦ)
3421 4778 3465 4814 ιο
3481 4778 3499 4812 ι

1917 4868 2077 4937 ὁρᾷς
2112 4865 2232 4935 οὐχὶ
2266 4865 2356 4918 τὸν
2390 4861 2568 4916 κοινὸν
2599 4861 2737 4931 ἀέρα
2780 4861 3072 4926 ἀναπνεῖςς
3109 4860 3229 4930 ούχὶ
3273 4859 3497 4924 ταύταις

1916 4969 2036 5029 ταῖς
2076 4965 2332 5019 ἁπάντων
2355 4962 2529 5034 τρέφῃ
2574 4963 2832 5031 τροφαῖς;
2869 4959 2994 5029 οὐχὶ
3022 4959 3118 5028 τὴν
3148 4961 3255 5028 γῆν
3279 4963 3491 5024 πατεῖς,

1916 5064 2104 5134 ὥσπερ
2133 5064 2328 5133 ἠμεῖς;
2359 5062 2478 5130 οὐχὶ
2508 5061 2676 5112 ὕπνου
2703 5058 2826 5129 δέῃ;
2858 5057 2980 5126 οὐχὶ
3001 5057 3341 5128 ἐνδυμάτωνς
3371 5059 3494 5127 οὐχὶ

1918 5161 2314 5234 ὑποδημάτων;
2343 5161 2417 5214 ’Τί
2462 5160 2667 5228 λέγεις,
2723 5161 2805 5214 Οὐ
2847 5157 2944 5224 ζῶς
2997 5157 3121 5220 Πῶς
3176 5159 3235 5211 οὺ
3272 5159 3405 5228 ζῇςς
3443 5150 3495 5211 τί

1921 5264 2321 5336 μεγαλαυχεῖς;
2369 5261 2483 5314 Οὐκ
2505 5259 2622 5312 ἐστι
2658 5258 3033 5329 μεγαληγορία
3068 5259 3260 5312 ταῦτα.
3297 5260 3360 5311 Εἰ
3397 5243 3498 5328 μὲν

1916 5369 2023 5440 γὰρ
2057 5367 2131 5438 μὴ
2149 5365 2218 5418 τά
2237 5363 2538 5433 πράγματα
2552 5359 2872 5432 ἐμαρτύρει,
2895 5359 3120 5425 εἰκότως
3142 5359 3208 5411 ἀν
3240 5375 3324 5420 τις
3354 5359 3497 5412 εἴποι

1920 5463 2322 5540 μεγαληγορίαν
2371 5457 2545 5514 εἶναι’
2576 5461 2624 5513 εἰ
2662 5459 2720 5513 δὲ
2759 5458 2828 5512 τά
2866 5457 3168 5528 πράγματα
3203 5459 3496 5528 μαρτυρεῖ,

1915 5537 2049 5624 ποία
2095 5564 2507 5638 μεγαληγορία;
2545 5561 2667 5625 Πῶς
2709 5556 2801 5613 οὖν
2839 5559 2900 5612 ού
2941 5557 3030 5629 ζῇ,
3073 5557 3368 5628 μάθωμεν·
3398 5557 3496 5613 καὶ
3579 5537 3583 5540 ﬁ

1914 5673 2023 5744 γὰρ
2053 5669 2284 5740 ἀλλαχοῦ
2319 5685 2504 5738 φησιν,
2549 5665 2690 5734 Ἐγὼ
2723 5661 2802 5728 τῷ
2834 5662 3040 5732 κόσμῳ
3097 5661 3495 5732 ἐσταύρωμαι,

1915 5774 2011 5828 καὶ
2044 5771 2171 5843 ἐμοὶ
2199 5773 2232 5825 ὀ
2261 5771 2505 5838 κόσμος.
2543 5761 2795 5829 Πῶςόὕν
2823 5783 3007 5837 φησιν,
3027 5758 3236 5820 Οὐκέτι
3266 5765 3367 5834 ζῶ,
3399 5768 3494 5821 καὶ

1919 5874 2036 5937 πῶς
2069 5873 2247 5938 πάλιν,
2297 5869 2449 5940 Ἐμοὶ
2485 5868 2549 5922 τὸ
2580 5867 2683 5936 ζῇν
2708 5865 2982 5934 Χριστὸς,
3020 5867 3309 5920 ἀκούσατε·
