3878 6534
281 385 375 443 201
1201 410 1269 467 ΙΝ
1306 412 1525 471 EPIST.
1569 418 1661 472 Al)
1698 418 1841 475 Pilll.

1950 427 1980 478 ⁵.
2023 425 2179 483 CAP.
2222 431 2261 485 1.
2302 432 2539 493 "OM"...
2581 439 2666 498 Ill.

280 520 400 559 cuiu
430 522 516 562 res
548 508 677 579 ipsa:
705 513 1069 573 testimonium
1090 520 1257 590 dent,
1299 542 1457 597 quam
1488 534 1863 590 ostentationis

278 597 512 665 speciem
551 600 864 662 habebunt?
907 610 1183 671 Discalnns
1232 618 1392 688 igitur
1436 626 1708 693 quomodo
1756 643 1864 684 non

278 686 417 742 vivat
445 706 461 744 :
494 706 618 746 nam
645 703 701 750 et
723 697 851 752 alibi
873 699 1041 770 dicit,
1077 703 1188 776 Ego
1217 686 1495 781 cruciﬁxus
1512 731 1626 769 sum
1651 720 1862 787 mundo,

229 784 243 875 ἐ
274 787 320 828 et
356 779 489 833 mihi
513 786 734 841 nutudus
774 788 922 858 (Gal.
946 793 1000 847 6.
1031 796 1144 864 Ml.
1194 779 1476 866 Quomodo
1517 808 1681 876 igitur
1708 779 1861 878 dicit,

275 864 398 923 Non
432 873 547 941 jam
565 891 661 945 ego
707 879 837 948 vivo,
890 892 949 937 et
981 889 1255 954 quomodo
1298 907 1504 957 rursus,
1534 895 1668 953 Mihi
1700 902 1864 958 vivere

270 957 524 1030 Christus,
556 969 804 1025 audiatis.

356 1051 482 1109 Vita:
498 1074 685 1128 genera
706 1064 962 1132 quaedam.
985 1096 1057 1107 —-
1077 1069 1207 1126 Vitae
1235 1088 1430 1131 nomen
1454 1080 1728 1152 multiplex
1755 1095 1859 1151 est,

268 1142 450 1201 dilecti
483 1166 496 1200 :
528 1151 579 1203 id
594 1164 698 1218 est,
715 1156 880 1211 multa
908 1159 1206 1228 significat.
1240 1175 1299 1221 ut
1342 1174 1535 1226 mortis
1572 1142 1735 1230 elialn
1764 1194 1863 1232 no-

229 1214 233 1219 θ
268 1250 419 1292 men.
469 1239 565 1309 Est
591 1243 695 1296 vita
723 1245 839 1302 huic
861 1253 1133 1320 corporis;
1167 1266 1248 1311 est
1282 1259 1447 1315 etiam
1480 1262 1585 1320 vita
1612 1267 1858 1336 quaedam

270 1329 502 1398 peccati,
555 1338 1007 1403 quemadmodum
1055 1344 1252 1402 Paulus
1291 1351 1417 1407 alibi
1445 1354 1594 1421 dicit,
1627 1329 1690 1413 si
1724 1365 1861 1417 enim

269 1424 459 1476 mortui
490 1442 669 1482 sumus
708 1443 946 1502 peccato,
990 1440 1242 1506 quomodo
1267 1445 1434 1499 adhuc
1452 1448 1670 1507 vivemus
1692 1453 1746 1507 in
1767 1455 1860 1511 illo

267 1509 446 1580 (Rom.
475 1513 529 1569 6.
559 1517 666 1586 ΞΗ
694 1521 787 1575 Est
812 1523 970 1592 igitur
990 1529 1172 1585 vivere
1210 1537 1413 1602 peccati
1448 1537 1609 1596 vitam
1645 1560 1660 1598 :
1687 1552 1860 1601 allen.

267 1602 401 1670 dite,
443 1607 691 1677 obsecro,
725 1611 1030 1687 diligenter,
1061 1636 1131 1677 ne
1159 1622 1353 1681 frustra
1384 1629 1692 1690 laboremus
1723 1654 1737 1691 :
1766 1648 1853 1695 est

266 1694 377 1748 vita
401 1706 601 1752 interna
634 1712 688 1755 et
719 1704 1055 1773 immortalis,
1092 1726 1212 1781 quin
1254 1717 1417 1773 etiam
1461 1723 1696 1781 caelestis
1716 1738 1802 1784 est
1833 1748 1850 1785 :

264 1786 465 1842 Nostra
487 1792 659 1855 enim,
683 1794 875 1867 inquit,
904 1806 1219 1860 conversatio
1240 1808 1294 1863 in
1328 1812 1468 1868 uelis
1491 1825 1566 1870 est
1593 1816 1852 1891 (Philipp.

262 1886 320 1942 3.
347 1888 736 1960 20).Estetiam
762 1898 866 1950 vita
890 1903 1153 1971 corporis,
1174 1903 1243 1959 de
1270 1922 1375 1977 qua
1398 1909 1548 1977 dicit,
1571 1886 1673 1969 Per
1690 1886 1856 1987 ipsum

261 1983 502 2053 vivimus,
526 1995 573 2040 et
605 2002 880 2057 movemur,
908 2003 955 2047 et
988 2011 1161 2051 sumus
1190 1998 1323 2069 (Act.
1348 2003 1436 2058 l7.
1468 2004 1585 2073 28).
1615 1983 1730 2063 Non
1759 2009 1855 2080 igi-

261 2083 350 2129 tur
378 2086 540 2146 negat
580 2081 876 2138 uatumlem
911 2096 975 2141 se
997 2086 1159 2142 vitam
1192 2089 1393 2158 vivere,
1442 2096 1537 2151 sed
1566 2112 1685 2152 eam
1730 2114 1858 2171 qua

261 2176 608 2232 peccaturum
652 2180 756 2235 cst,
809 2188 972 2243 quam
1014 2178 1203 2235 vivunt
1246 2196 1435 2241 omnes
1477 2186 1746 2245 homines.
1788 2191 1856 2248 Et

257 2258 459 2312 merito
488 2259 704 2330 quidem
744 2276 923 2335 negat.
960 2268 1091 2323 Nam
1122 2273 1211 2343 qni
1242 2279 1521 2345 praesentis
1546 2282 1669 2337 vita:
1693 2286 1851 2355 cupi-

257 2346 360 2402 dns
395 2364 501 2404 non
534 2361 636 2417 est,
665 2357 938 2423 quomodo
967 2359 1105 2417 hanc
1139 2365 1309 2421 vivit?
1354 2370 1445 2439 qui
1511 2373 1578 2426 ad
1623 2346 1851 2433 alteram

257 2438 498 2509 festinat,
529 2447 800 2513 quomodo
824 2448 966 2507 hanc
989 2454 1114 2509 vivit
1134 2456 1259 2527 ?qui
1287 2438 1517 2518 mortem
1535 2469 1850 2535 contemnit,

256 2540 530 2600 quomodo
555 2534 691 2593 bane
719 2539 883 2595 vivit?
927 2545 1017 2613 qui
1046 2546 1179 2603 nihil
1203 2551 1360 2607 exiis
1387 2568 1508 2624 quae
1549 2556 1602 2612 iu
1638 2560 1842 2617 mundo

259 2632 391 2679 sunt
427 2629 778 2698 concupiscit,
823 2637 1095 2704 quomodo
1124 2638 1262 2697 hanc
1288 2644 1457 2701 vivit?
1497 2647 1631 2704 Nam
1656 2667 1850 2723 quem-

257 2717 551 2775 admodum
576 2723 666 2792 qui
690 2739 755 2780 ex
784 2727 1069 2787 adamante
1090 2744 1326 2800 constat,
1354 2753 1422 2792 ne
1445 2740 1491 2795 si
1518 2717 1714 2801 millies
1734 2748 1852 2817 qui-

253 2808 382 2865 dom
406 2815 757 2883 percutiatur,
778 2820 1067 2891 quidquam
1094 2829 1522 2887 commovebitur
1549 2851 1565 2889 :
1594 2835 1667 2890 ita
1688 2808 1849 2893 etiam

252 2900 455 2960 Paulus
485 2920 500 2959 :
526 2905 648 2962 Vivo
676 2920 868 2981 anteiit,
894 2913 1085 2984 inquit,
1113 2932 1215 2972 non
1231 2920 1348 2989 jam
1375 2939 1488 2994 ego,
1523 2925 1577 2980 id
1601 2937 1708 2995 est,
1740 2944 1845 2983 non

248 2992 362 3062 jam
394 3005 549 3052 vetus
576 2996 739 3055 homo
768 3017 785 3055 :
815 3011 874 3058 et
900 3019 1087 3062 rursus
1112 3008 1237 3064 alibi
1261 3045 1276 3075 ,
1326 2992 1486 3068 Miser
1524 3033 1618 3087 ego
1660 2992 1850 3075 homo!

249 3086 366 3153 quis
381 3103 463 3142 me
487 3086 717 3145 liberabit
741 3109 806 3147 ea:
822 3111 1041 3166 corpore
1060 3101 1237 3157 mortis
1265 3103 1423 3174 hujus
1447 3086 1624 3177 (Rom.
1653 3111 1704 3165 7.
1727 3112 1850 3185 ειν

252 3175 329 3231 ita
353 3179 447 3248 qui
479 3179 611 3236 nillil
636 3183 898 3253 alimenti,
927 3187 1061 3243 nihil
1093 3192 1319 3248 vestium
1339 3233 1356 3261 ,
1406 3175 1540 3253 nihil
1569 3200 1733 3257 ullius
1762 3175 1843 3259 rei

251 3271 536 3339 praemis
578 3287 742 3330 causa
783 3276 907 3333 facit
926 3319 942 3346 ,
964 3283 1236 3350 quomodo
1281 3284 1370 3342 hic
1398 3288 1572 3345 vivit?
1598 3290 1695 3347 Hic
1725 3304 1849 3364 pro-

249 3360 394 3417 iecto
436 3378 504 3418 ne
543 3368 843 3424 naturalem
888 3372 1104 3442 quidem
1145 3377 1308 3433 vitam
1358 3381 1540 3439 vivere
1586 3384 1847 3445 dicendus

249 3461 335 3508 est
366 3471 381 3507 :
407 3456 501 3526 qui
528 3457 661 3513 nihil
687 3474 879 3518 eorum
906 3480 1028 3535 quae
1054 3467 1124 3522 ad
1152 3470 1316 3525 vitam
1347 3474 1552 3531 faciunt
1577 3490 1764 3548 curat,
1800 3482 1846 3537 is

247 3558 348 3601 nec
374 3547 528 3603 vivit.
558 3548 667 3605 Nos
694 3549 835 3609 hanc
862 3554 1029 3611 vitam
1056 3558 1285 3617 vivimus
1306 3602 1322 3628 ,
1357 3565 1448 3634 qni
1475 3581 1574 3636 pro
1604 3568 1704 3625 hac
1728 3586 1847 3627 om-

247 3639 332 3693 nia
361 3638 631 3708 facimus;
660 3644 751 3700 ille
790 3658 920 3702 vero
962 3662 1069 3704 non
1124 3652 1357 3721 vivebat,
1388 3672 1561 3727 neque
1594 3660 1646 3715 in
1683 3663 1845 3721 rebus

246 3730 369 3784 ullis
414 3730 763 3791 inferioribus
813 3740 1149 3799 versabatur.
1195 3745 1476 3813 Quomodo
1511 3752 1671 3823 igitur
1697 3755 1841 3812 vive-

242 3819 381 3876 bat?
410 3821 486 3877 ita
506 3825 668 3880 etiam
702 3825 774 3882 de
799 3830 1121 3899 quibusdam
1149 3834 1405 3905 dicimus,
1434 3819 1690 3900 ΙΙιιίιιιὶιιί
1733 3860 1839 3904 non

241 3913 438 3983 adest;
481 3917 572 3973 ubi
618 3919 752 3977 nihil
797 3932 960 3994 agat.
1009 3928 1153 3998 quod
1190 3931 1257 3986 ad
1308 3949 1394 3990 nle
1438 3938 1838 4005 pertineat:ita

239 4008 404 4062 etiam
426 4025 633 4079 rursus,
668 4012 766 4070 llle
790 4016 921 4073 milii
954 4034 1061 4075 non
1092 4022 1242 4079 vivit.
1269 4025 1420 4094 Quod
1450 4031 1593 4085 enim
1624 4042 1840 4090 natura-

240 4103 345 4155 lem
377 4101 520 4159 hanc
550 4105 713 4161 vitam
744 4122 852 4165 non
884 4112 1116 4182 rejiciat,
1152 4116 1279 4172 alibi
1321 4119 1404 4175 his
1448 4124 1623 4179 verbis
1649 4138 1837 4184 osten-

236 4190 316 4245 dit
346 4209 360 4245 :
399 4193 552 4262 Quod
576 4203 745 4252 autein
772 4217 906 4257 nunc
932 4204 1041 4260 vivo
1069 4206 1127 4261 in
1147 4224 1319 4275 carne,
1364 4212 1419 4266 in
1444 4216 1548 4282 ﬁde
1574 4219 1683 4273 vivo
1710 4219 1837 4276 Filii

242 4282 369 4350 Dei,
415 4286 508 4356 qui
548 4288 726 4344 dilexit
755 4309 868 4361 me,
896 4305 945 4349 et
968 4298 1183 4353 tradidit
1205 4304 1427 4373 seipsnm
1456 4323 1549 4378 pro
1575 4327 1654 4365 me
1689 4313 1832 4384 (Gal.

236 4375 289 4435 2.
314 4374 438 4446 20).
474 4376 530 4432 ld
556 4389 673 4448 est,
705 4397 899 4440 novam
927 4389 1213 4468 quamdam
1245 4397 1407 4451 vitam
1435 4374 1553 4456 vivo
1580 4374 1740 4475 atque
1764 4408 1834 4464 ab

237 4469 433 4525 usitata
460 4470 749 4531 diversam.

303 4562 360 4617 ὅ.
390 4562 528 4620 Haec
552 4580 684 4623 sane
725 4565 905 4627 omnia
933 4573 1001 4629 ad
1036 4575 1460 4651 Pllilippensium
1502 4595 1830 4653 consolatio-

234 4667 357 4707 nem
376 4654 531 4710 dicit.
559 4656 636 4714 Ne
657 4662 876 4732 putetis,
907 4665 1098 4736 inquit,
1119 4669 1234 4728 fore
1255 4676 1433 4733 uthac
1456 4680 1562 4736 vita
1586 4685 1825 4753 spolicr:

234 4746 677 4817 quandoquidem
693 4767 760 4807 ne
781 4753 965 4811 vivens
978 4758 1195 4829 quidem
1220 4763 1362 4823 hanc
1376 4746 1824 4847 vivebam-vitam,

229 4836 333 4891 sed
353 4838 530 4906 illam,
554 4858 715 4913 quam
731 4847 943 4905 volebat
968 4851 1238 4912 Christus.
1270 4860 1368 4917 Dic
1391 4865 1534 4920 enim
1558 4868 1709 4935 milli,
1732 4836 1826 4943 qui

228 4932 492 4999 pecunias
521 4940 840 5007 contemnit,
871 4943 963 5013 qui
990 4946 1193 5018 cibum,
1222 4953 1312 5022 qui
1340 4953 1538 5015 famem
1566 4969 1622 5017 et
1646 4964 1817 5035 sitim,

226 5020 316 5090 qui
345 5024 613 5093 pericula,
643 5031 735 5099 qui
765 5032 1073 5104 sanitatem,
1106 5042 1195 5109 qui
1240 5020 1471 5104 salutem
1496 5065 1512 5115 ;
1541 5051 1658 5109 isne
1683 5054 1824 5114 hanc

225 5112 391 5169 vitam
426 5116 604 5174 vivit?
628 5123 721 5191 qui
749 5124 881 5181 nillil
911 5128 966 5183 in
998 5133 1160 5189 terris
1189 5135 1374 5206 habet,
1398 5112 1664 5218 qulsacpe
1691 5163 1819 5219 pro~

226 5202 460 5263 fundere
502 5209 671 5280 ipsam
696 5217 886 5287 cupit,
915 5220 961 5274 si
988 5236 1125 5293 opus
1148 5227 1257 5296 sit,
1290 5202 1463 5301 neque
1488 5202 1817 5311 relulcta'tur;

222 5295 339 5353 isne
371 5298 521 5356 hanc
563 5305 693 5361 vivit
721 5309 925 5365 vitam?
953 5295 1293 5388 Neutiquam.
1335 5295 1445 5381 sed
1486 5326 1629 5384 istud

219 5389 377 5457 quasi
416 5395 667 5464 exemplo
693 5399 925 5468 quodam
978 5409 1320 5478 perspicuum
1375 5414 1675 5478 iaciendum

220 5476 354 5535 Esto
393 5482 665 5555 quispiam
709 5489 912 5550 divitiis
950 5476 1155 5568 multis,
1200 5502 1432 5575 famulis,
1468 5476 1603 5568 auro
1642 5476 1815 5573 abun:

218 5567 401 5638 dans;
436 5576 583 5633 nulla
612 5592 790 5639 autem
822 5585 1010 5644 harum
1038 5607 1218 5651 rerum
1246 5607 1426 5655 utatur
1454 5621 1468 5657 :
1502 5621 1629 5661 num
1661 5608 1708 5665 is
1735 5611 1815 5666 die

218 5661 365 5719 vitiis
394 5666 518 5725 istis
559 5670 712 5730 dives
734 5678 879 5761 erit?
908 5680 1146 5740 Minime.
1193 5688 1299 5745 Sed
1339 5693 1517 5752 videat
1556 5709 1812 5768 pris-terea

218 5751 358 5809 bona
387 5771 423 5812 a
453 5758 581 5819 filiis
607 5751 857 5839 dissipari
886 5779 1091 5832 temere
1115 5778 1684 5861 circumcursantibus,
1713 5812 1812 5853 nec

215 5846 511 5920 quidquam
557 5867 746 5928 curet;
792 5860 929 5920 adde
966 5866 1131 5925 etiam
1154 5871 1198 5928 si
1229 5874 1308 5931 vis
1332 5916 1345 5943 ,
1378 5891 1663 5949 percussus
1701 5902 1808 5943 non

3454 463 3567 521 203

1974 537 2153 598 doleat
2171 560 2185 599 :
2207 559 2275 601 an
2295 545 2437 607 hunc
2455 552 2698 611 dicemus
2715 557 2767 612 in
2795 557 2996 619 divitiis
3009 572 3129 622 esse
3147 567 3171 623 ?
3191 568 3560 647 Nequaquam,

1974 636 2185 689 tametsi
2216 636 2386 708 ipsius
2410 652 2535 699 sunt
2554 644 2773 705 divitia.
2797 649 2880 707 Ad
2906 653 3048 712 hunc
3073 659 3233 716 etiam
3261 636 3478 724 modum
3501 636 3563 729 se

1971 720 2202 782 habebat
2222 728 2439 788 Paulus:
2460 734 2614 804 Mihi,
2633 739 2825 811 inquit,
2848 745 3012 802 vivere
3028 748 3283 810 Christus.
3301 756 3356 812 Si

1972 814 2104 871 velis
2132 818 2400 890 veStigarc
2427 824 2622 892 vitam,
2653 829 2747 887 ille
2789 833 2919 890 mihi
2946 846 3048 893 est.
3081 838 3151 895 Et
3179 847 3309 901 mori
3336 848 3558 909 lucrum.

1968 907 2077 963 Cur
2097 910 2122 963 i
2146 910 2410 979 Quoniam
2453 920 2628 991 major
2653 923 2784 980 mihi
2812 926 2957 986 illius
2981 936 3170 990 notitia
3199 940 3327 1005 erit,
3353 952 3411 999 et
3436 957 3558 1000 cum

1968 1000 2085 1069 ipso
2103 1006 2563 1079 versabor.Quare
2580 1014 2682 1074 hoc
2696 1019 2826 1075 nihil
2842 1022 2985 1079 aliud
2996 1037 3080 1082 est
3095 1045 3254 1100 quam
3272 1000 3560 1094 moriendo

1966 1093 2034 1148 ad
2060 1096 2221 1154 vitam
2254 1105 2569 1171 pervenire?
2590 1109 2731 1169 Nihil
2756 1114 2885 1171 mihi
2910 1117 3099 1176 durius
3114 1093 3324 1183 facient
3345 1116 3442 1200 qui
3474 1093 3555 1186 si;

1968 1185 2298 1260 terfecerint,
2324 1194 2391 1249 ad
2419 1212 2589 1254 meam
2618 1217 2707 1258 me
2742 1208 3049 1267 emittentes
3078 1214 3259 1285 vitam,
3291 1231 3344 1275 et
3367 1221 3437 1275 ab
3458 1221 3558 1277 hac

1966 1292 2085 1346 qua:
2100 1280 2372 1357 mihi-apta
2394 1304 2502 1345 non
2523 1298 2606 1348 est
2621 1293 2930 1356 liherantes.
2950 1302 3085 1370 Quid
3110 1280 3269 1378 igitur
3286 1312 3450 1370 idum
3471 1316 3558 1373 hic

1962 1384 2043 1437 es,
2067 1372 2267 1431 Christi
2293 1394 2400 1434 non
2426 1383 2573 1440 eris?
2591 1385 2658 1442 Et
2685 1389 2840 1447 valde
2864 1395 3104 1464 quidem.
3124 1372 3215 1456 i2.
3239 1404 3391 1470 Quod
3416 1409 3462 1463 si
3480 1372 3557 1464 vi;

1964 1476 2078 1518 vere
2098 1466 2150 1520 in
2171 1484 2342 1536 carm,
2366 1474 2462 1529 hoc
2482 1478 2608 1532 mihi
2632 1482 2829 1552 fructus
2850 1490 3016 1556 operis
3033 1502 3124 1559 est,
3155 1505 3203 1549 et
3225 1499 3349 1567 quid
3368 1502 3553 1574 eligam

1964 1556 2162 1626 ignoro.
2190 1560 2270 1617 Ne
2288 1566 2407 1635 quis
2428 1567 2603 1625 dicat:
2626 1572 2682 1628 Si
2711 1576 3016 1646 igiturillud
3048 1556 3130 1641 est
3153 1556 3279 1659 vita,
3298 1556 3556 1653 ειιτοῖιέιξ

1962 1657 2080 1702 stus
2108 1649 2195 1706 llic
2221 1661 2274 1709 te
2302 1670 2522 1716 manere
2549 1662 2721 1720 sinit?
2750 1666 2996 1739 Fructus,
3028 1675 3235 1749 inquit,
3264 1686 3431 1753 operis
3456 1699 3549 1746 est.

1962 1738 2321 1805 Quamobrem
2344 1747 2471 1805 licet
2489 1758 2740 1820 praesenti
2758 1762 2920 1816 etiam
2947 1765 3055 1821 vita
3071 1738 3158 1835 eo,
3183 1738 3549 1848 quo'oportet,

1962 1831 2123 1887 modo
2164 1836 2277 1904 uti,
2309 1838 2355 1894 si
2384 1841 2553 1912 ipsam
2581 1848 2801 1906 minime
2832 1852 3076 1913 vivamus
3103 1875 3170 1916 eo
3209 1867 3370 1922 modo
3393 1909 3411 1937 ,
3441 1885 3550 1941 quo

1962 1923 2152 1995 vulgus
2175 1928 2325 1983 vivit.
2346 1929 2460 1989 Hoc
2483 1934 2606 1993 ideo
2622 1938 2769 2007 dicit,
2790 1960 2858 2000 ne
2885 1956 3040 2016 putes
3066 1952 3230 2010 vitam
3254 1923 3423 2028 ipsam
3442 1923 3550 2018 dri-

1960 2016 2090 2071 mini
2119 2016 2234 2075 dari
2256 2038 2272 2086 ;
2292 2038 2468 2096 neque
2495 2027 2665 2098 dicas,
2682 2034 2737 2089 Si
2767 2035 2927 2107 igitur
2946 2039 3035 2098 hic
3054 2045 3199 2101 nulla
3222 2016 3379 2108 nobis
3402 2016 3554 2111 com-

1962 2119 2179 2175 paratnr
2205 2114 2428 2185 utilitas,
2446 2121 2573 2191 quid
2591 2134 2675 2180 est
2695 2140 2794 2183 cur
2810 2145 2908 2187 nos
2928 2149 3031 2190 non
3048 2151 3081 2192 e
3100 2140 3280 2197 uledio
3298 2145 3549 2206 tollamus

1957 2207 2015 2253 et
2042 2201 2349 2261 occidamus
2370 2209 2394 2264 ?
2412 2209 2754 2286 Neutiquam,
2774 2221 2947 2293 inquit
2971 2244 2986 2281 :
3012 2228 3139 2286 licet
3157 2246 3224 2288 ex
3252 2233 3354 2292 hac
3382 2240 3544 2295 etiam

1960 2292 2238 2350 mansione
2266 2297 2473 2356 lucrum
2498 2316 2795 2378 reportare,
2826 2314 2873 2369 si
2904 2316 3042 2373 hanc
3065 2321 3231 2379 vitam
3262 2341 3367 2383 non
3395 2330 3546 2387 viva-

1956 2397 2102 2450 mus,
2132 2386 2226 2441 sed
2255 2389 2503 2449 alteram.
2534 2395 2640 2453 Sed
2664 2403 2927 2473 quispiam
2956 2407 3188 2469 fortasse
3210 2416 3503 2490 interroget
3528 2439 3547 2480 :

1957 2472 2146 2533 llocne
2178 2479 2269 2535 tibi
2313 2482 2539 2543 fructum
2572 2491 2727 2548 all'ert
2751 2495 2999 2568 ?Certe,
3042 2505 3235 2577 inquit.
3277 2472 3550 2571 Ubiiiullc

1958 2562 2240 2624 hazretici‘t
2271 2572 2399 2631 Vide
2425 2593 2567 2636 nunc
2594 2618 2611 2647 ,
2651 2582 2826 2643 Vivere
2850 2589 2902 2644 in
2926 2562 3081 2650 carne
3155 2562 3259 2655 hoc
3281 2562 3549 2662 diﬁcit-viru-

1956 2661 2099 2710 ctum
2117 2661 2329 2728 operis:
2358 2668 2540 2736 cperis
2560 2673 2702 2730 enim
2730 2686 2836 2733 est.
2869 2678 3152 2747 Quomodo
3180 2689 3386 2750 fructus
3413 2710 3549 2765 ope-

1955 2746 2069 2802 ris?
2093 2750 2240 2814 Quod
2259 2766 2427 2811 autem
2448 2776 2584 2819 nunc
2606 2765 2716 2821 vivo
2745 2768 2799 2824 in
2832 2786 2983 2829 carne
3006 2812 3020 2841 ,
3044 2779 3097 2832 iu
3124 2781 3228 2849 ﬁde
3254 2785 3382 2842 vivo.
3412 2786 3548 2847 llinc

1964 2835 2170 2896 fructus
2196 2848 2396 2915 operis.
2421 2850 2490 2906 Et
2511 2856 2634 2925 quid
2653 2859 2836 2930 eligam
2860 2835 3059 2936 ignoro.

2031 2932 2187 2990 Pauli
2215 2939 2563 3014 philosOpllia.
2609 2980 2682 2991 —
2708 2932 2912 3025 Papinii
2956 2970 3154 3031 quanta
3182 2976 3268 3023 est
3299 2969 3546 3040 philoso-

1956 3022 2114 3093 phia!
2162 3028 2441 3097 Quomodo
2471 3044 2751 3106 praesentis
2781 3022 2903 3105 vita:
2927 3022 3277 3124 cupiditatem
3299 3022 3542 3134 abiece-
3582 3110 3588 3116 ρ

1954 3126 2072 3183 rat,
2102 3136 2202 3177 nec
2234 3132 2408 3182 tamen
2439 3130 2582 3187 illam
2606 3136 3031 3199 criminabatur?
3054 3163 3175 3204 nam
3203 3151 3288 3209 his
3326 3126 3543 3226 quidem

1954 3211 2155 3280 verbis,
2202 3216 2338 3273 Mori
2393 3220 2613 3293 lucrum,
2662 3231 3011 3300 cupiditatem
3061 3211 3387 3315 abjiciebat';
3434 3211 3543 3307 illis

1953 3315 2101 3370 vero,
2144 3303 2315 3363 Vivere
2343 3311 2395 3365 in
2421 3329 2573 3371 carne
2596 3319 2794 3389 [ructus
2814 3329 3003 3396 aperis,
3034 3334 3271 3391 ostendit
3296 3353 3539 3408 praesen-

1952 3402 2059 3451 tem
2090 3413 2304 3471 quoque
2332 3405 2492 3464 vitam
2539 3426 2660 3470 esse
2698 3422 3079 3481 necessariam.
3131 3402 3412 3496 Quomodo
3433 3437 3456 3491 i
3481 3438 3542 3496 Si

1951 3488 2064 3557 ipsa
2097 3502 2153 3544 ut
2183 3505 2396 3563 oportet
2420 3510 2655 3570 utamur,
2686 3508 2731 3562 si
2760 3508 2992 3569 fructum
3025 3516 3260 3578 feramus
3290 3542 3303 3578 :
3336 3531 3536 3587 etenim

1949 3582 1993 3634 si
2019 3581 2350 3643 infructuosa
2378 3591 2490 3659 sit,
2524 3609 2698 3666 neque
2729 3600 2836 3657 vita
2886 3608 3119 3677 amplius
3157 3622 3260 3668 est.
3303 3615 3438 3675 Nam
3482 3632 3541 3679 et

1948 3672 2171 3732 arbores
2199 3692 2317 3749 qua:
2343 3680 2578 3741 fructum
2610 3706 2715 3746 non
2748 3693 2949 3766 ferunt,
2977 3672 3201 3770 perinde
3229 3717 3392 3781 atque
3419 3715 3533 3769 ari-

1946 3762 2042 3819 das
2067 3781 2384 3829 aversamnr
2406 3785 2463 3831 et
2491 3777 2543 3834 in
2574 3779 2752 3851 ignem
2781 3790 3120 3859 conjicimus.
3146 3797 3358 3857 Rursus
3385 3807 3532 3862 enim

1949 3857 2050 3911 vita
2080 3871 2163 3915 est
2190 3877 2256 3918 ex
2288 3880 2475 3926 earum
2522 3887 2705 3931 rerum
2732 3894 2960 3939 numero
2979 3926 2997 3954 ,
3038 3903 3161 3959 quae
3188 3894 3381 3952 mediae
3408 3910 3536 3957 sunt

1944 3959 1999 4003 et
2022 3950 2387 4015 indill‘erentes
2411 3978 2437 4027 ;.
2455 3962 2595 4022 bene
2617 3978 2796 4027 autem
2828 3976 2908 4031 vel
2940 3981 3079 4036 male
3105 3985 3287 4043 vivere
3313 4030 3327 4055 ,
3351 3991 3404 4047 in
3430 4009 3532 4049 no-

1942 4037 2027 4094 bis
2064 4053 2146 4098 est
2192 4047 2377 4105 situm.
2424 4052 2592 4125 igitur
2634 4074 2703 4118 ne
2730 4064 3009 4136 displiceat
3056 4073 3161 4131 vita
3209 4037 3373 4137 :nain
3403 4084 3531 4143 licet

1941 4132 2103 4187 etiam
2152 4136 2381 4199 honeste
2428 4146 2609 4205 vivere
2658 4168 2674 4206 :
2719 4156 2767 4209 si
2812 4132 2954 4216 male
3002 4164 3105 4219 vita
3139 4178 3382 4240 utamur,
3417 4192 3527 4236 non

1940 4223 2102 4279 etiam
2139 4240 2421 4300 proliterea
2468 4237 2638 4308 ipsam
2681 4257 2936 4305 accusare
2965 4252 3278 4316 debeamus.
3307 4264 3529 4331 Quare?

1940 4313 2203 4381 Quoniam
2231 4339 2337 4379 non
2370 4326 2484 4396 ipsa
2510 4345 2672 4388 causa
2707 4336 2825 4406 fuit,
2853 4342 2947 4397 sed
2976 4344 3172 4405 electio
3197 4366 3406 4425 eorum,
3435 4363 3528 4431 qui

1941 4404 2077 4431 ωλι..
2116 4409 2221 4431 2..--
2269 4429 2281 4431 -
2370 4425 2382 4431 -
2484 4420 2496 4431 ι
2551 4422 2591 4431 -.
2715 4427 2740 4431 _

1938 4404 2091 4481 male
2113 4409 2225 4480 ipsa
2263 4425 2389 4471 sunt
2418 4420 2519 4475 usi.
2547 4422 2681 4480 Nam
2711 4404 2851 4486 Deus
2877 4434 3094 4503 quidem
3121 4440 3242 4499 ideo
3266 4453 3318 4502 te
3348 4404 3528 4510 vivEre

1936 4504 2225 4569 concessit,
2262 4515 2318 4561 ut
2347 4508 2449 4579 ipsi
2480 4512 2623 4571 vivas
2656 4534 2672 4572 :
2703 4527 2755 4575 tu
2786 4537 2916 4580 vero
2942 4539 3161 4599 propter
3177 4535 3523 4600 vitiositatem

1938 4603 2162 4658 peccato
2182 4594 2389 4665 vivens,
2420 4617 2636 4662 omnem
2655 4608 2709 4664 in
2740 4620 2790 4669 te
2820 4594 3028 4677 haerere
3051 4624 3265 4696 culpam
3283 4630 3520 4692 voluisti.

1935 4682 2070 4750 Quid
2088 4687 2188 4755 ais,
2207 4707 2412 4762 quaeso,
2435 4696 2597 4755 Paule
2612 4701 2635 4755 εν
2653 4704 2865 4774 ignoras
2888 4713 3016 4782 quid
3042 4682 3523 4790 aquilicia};

1934 4790 2183 4846 magnum
2211 4784 2810 4867 patelecitmysterium,
2842 4818 3033 4876 nempe
3053 4784 3246 4868 laeum
3268 4817 3522 4880 sibilesse

1933 4874 2251 4934 potestatem
2297 4875 2591 4939 decedendi
2625 4900 2641 4938 :
2682 4891 2896 4958 quando
2925 4874 3069 4953 enim
3102 4903 3258 4960 nobis
3286 4874 3519 4979 eligendi

1930 4959 2082 5029 copia
2100 4960 2275 5032 datur,
2294 4978 2614 5038 potestatem
2633 4976 2911 5040 habemus.
2929 4986 3073 5055 Quid.
3088 4959 3514 5072 eliguln,_inoqui't-,I

1928 5048 2128 5121 ignoro.
2152 5053 2296 5128 Ergo
2323 5058 2377 5115 in
2405 5071 2458 5119 te
2481 5064 2645 5123 situm
2671 5071 2799 5128 est?
2826 5048 3008 5146 Certwe,
3034 5048 3238 5153 inquit,
3271 5048 3317 5143 si
3346 5048 3519 5151 albeo

1928 5139 2067 5199 hanc
2096 5149 2368 5216 postulare
2403 5158 2631 5226 gratiam
2673 5165 2914 5223 voluero.
2944 5139 3037 5227 23.
3066 5139 3307 5235 Countor
3331 5184 3467 5239 enim

1927 5233 2143 5306 duobus,
2166 5242 2469 5305 desiderium
2490 5252 2699 5311 habens.
2722 5260 2956 5319 Attende
2984 5264 3126 5323 beati
3153 5233 3316 5341 hujus

1925 5343 2054 5386 num
2080 5330 2329 5392 affectum
2358 5356 2373 5394 :
2404 5339 2506 5398 hac
2531 5345 2692 5403 etiam
2722 5352 2932 5409 ratione
2972 5356 3119 5427 ipsos
3160 5365 3474 5426 consolatur
3494 5412 3514 5441 ,

1924 5420 2012 5477 ubi
2041 5423 2405 5490 intellexerint
2449 5437 2502 5493 id
2531 5439 2584 5495 ill
2633 5442 2805 5513 ipsius
2844 5449 3122 5509 voluntate
3169 5457 3330 5513 situm
3362 5476 3508 5534 esse,

1924 5530 2099 5586 neque
2128 5522 2197 5578 ab
2218 5522 2495 5585 hominum
2520 5532 2884 5605 improbitate,
2912 5545 3005 5599 sed
3035 5562 3067 5601 ει
3093 5547 3188 5604 Dei
3220 5522 3507 5621 provideri5

1924 5610 1992 5662 tia
2020 5616 2305 5683 proﬁcisci.
2331 5621 2438 5678 Cur
2464 5641 2612 5697 ergo,
2637 5629 2832 5701 inquit,
2857 5650 3004 5693 mors
3034 5639 3188 5698 vobis
3210 5660 3501 5708 maerorem

1919 5703 2117 5761 affert?
2170 5713 2340 5768 multo
2379 5717 2547 5774 satius
2586 5732 2703 5777 erat
2757 5725 3078 5796 jampridem
3129 5734 3430 5798 decessisse
3488 5759 3507 5799 ε

1918 5794 2141 5855 Dissolvi
2170 5805 2333 5872 enim,
2367 5808 2554 5880 inquit,
2571 5823 2616 5866 et
2634 5831 2739 5870 esse
2762 5833 2876 5873 cum
2906 5822 3105 5880 Christo
3133 5830 3290 5885 illiillo
3306 5834 3507 5904 melius;

1921 5888 2011 5946 9.4.
2042 5909 2242 5953 manere
2288 5909 2452 5956 auttm
2474 5904 2525 5959 in
2549 5922 2701 5965 carne
2726 5915 2888 5984 magis
2929 5924 3274 5980 necessarium
3302 5939 3513 6001 propter
