3974 6554
397 434 506 491 203

402 565 511 602 vos.
546 545 670 600 ΙΙωο
699 543 1068 615 pra-parabant
1088 542 1154 596 ad
1185 542 1419 597 futuram
1440 543 1607 612 ipsius
1633 553 1859 598 mortem
1890 558 1987 611 ge-

403 655 597 696 nerose
641 638 912 694 ferendam
949 656 962 691 :
997 638 1113 691 haec
1144 636 1546 706 philosophiam
1576 636 1861 692 docebant.
1894 636 1996 690 Bo-

403 747 552 798 num,
584 730 774 800 inquit,
806 740 888 784 est
917 728 1159 790 dissolvi,
1192 736 1250 782 et
1272 742 1393 781 esse
1419 742 1542 781 cum
1571 727 1791 782 Christo
1823 744 1836 781 :
1871 742 1993 781 nam

401 836 459 877 et
508 824 620 893 ipsa
657 838 800 876 mors
846 822 898 876 in
944 834 1173 875 numero
1214 833 1393 874 rerum
1434 818 1850 874 indiliercntinm
1884 828 1984 873 est.

400 915 520 968 Non
545 913 687 969 enim
719 928 865 967 mors
889 913 1088 967 malum
1122 920 1224 976 est,
1250 912 1346 967 sed
1377 920 1497 982 post
1539 923 1766 967 mortem
1802 927 1991 982 poenas

400 1010 549 1074 dare,
582 1007 684 1061 hoc
710 1007 914 1062 malum
938 1017 1022 1060 est
1048 1047 1062 1070 ,
1095 1021 1266 1075 neque
1294 1006 1454 1059 etiam
1486 1006 1684 1059 bonum
1711 1016 1793 1060 est
1823 1020 1988 1071 mors,

398 1100 493 1153 sed
538 1109 819 1170 postquam
853 1099 1153 1153 decesseris
1179 1139 1193 1164 ,
1228 1113 1346 1151 cum
1379 1096 1592 1152 Christo
1622 1112 1741 1151 esse
1766 1140 1781 1163 ,
1811 1098 1862 1152 id
1893 1098 1991 1149 bo-

400 1207 527 1243 num
559 1200 643 1244 est
690 1207 703 1242 :
743 1206 861 1259 qua:
910 1200 1030 1257 post
1074 1198 1342 1251 mortem,
1373 1203 1435 1242 ea
1467 1189 1681 1242 demum
1733 1198 1861 1241 sunt
1905 1189 1987 1241 vel

398 1284 535 1336 bona
565 1283 651 1336 vel
675 1283 832 1336 mala.
869 1282 1031 1352 Igitur
1059 1295 1164 1334 non
1186 1281 1484 1350 generatim
1513 1297 1607 1336 eos
1628 1282 1717 1351 qui
1748 1281 1988 1335 moriuno

399 1388 507 1442 tur,
542 1377 818 1447 lugeamus
849 1417 863 1441 ,
894 1392 1065 1445 neque
1093 1376 1161 1431 de
1187 1377 1485 1431 viventibus
1522 1377 1817 1447 generatim
1859 1392 1988 1448 gau-

395 1471 657 1537 deamus;
688 1470 780 1524 sed
806 1470 931 1539 quid
955 1470 977 1523 ?
1004 1470 1305 1540 Lugeamus
1336 1481 1644 1539 peccatores
1672 1486 1776 1525 non
1805 1472 1982 1526 solum

398 1564 711 1631 morientes,
738 1564 831 1618 sed
854 1564 1016 1617 etiam
1041 1565 1278 1619 viventes
1312 1582 1325 1619 :
1360 1565 1425 1619 de
1447 1565 1606 1634 justis
1626 1565 1976 1636 gaudeamus,

401 1672 509 1712 non
538 1657 710 1711 solum
742 1656 864 1709 dum
901 1657 1106 1722 vivunt,
1140 1672 1322 1711 verum
1351 1658 1510 1712 etiam
1534 1667 1812 1727 postquam
1846 1673 1987 1712 mor-

402 1749 474 1803 tui
510 1748 727 1803 fuerint.
760 1747 891 1802 Nam
920 1749 1225 1818 illiquidem
1255 1751 1415 1803 etiam
1447 1750 1574 1803 dum
1608 1751 1813 1816 vivunt,
1841 1765 1986 1804 mor-

401 1841 479 1905 tui
509 1851 634 1895 sunt
661 1858 674 1894 :
705 1840 759 1895 hi
790 1855 917 1895 vero
952 1842 1112 1895 etiam
1145 1856 1269 1895 eum
1301 1843 1495 1896 mortui
1523 1842 1752 1907 fuerint,
1778 1843 1985 1898 vivunt.

399 1933 481 1987 llli
512 1932 675 1988 etiam
719 1932 844 1986 dum
875 1933 962 1986 hic
990 1942 1115 1987 sunt
1142 1924 1159 2000 ,
1190 1933 1428 1987 omnium
1455 1932 1651 1988 elicere
1684 1935 1987 1989 misericor-

398 2023 541 2077 diam
567 2021 785 2085 debent,
815 2023 1065 2092 quoniam
1114 2024 1282 2078 Demn
1313 2022 1418 2078 oli‘e
1433 2023 1599 2077 ndunt
1635 2045 1646 2080 :
1682 2023 1734 2078 hi
1756 2039 1887 2079 vero
1918 2025 1983 2079 il-

395 2114 484 2168 luc
533 2114 693 2168 etiam
750 2114 990 2169 translati
1039 2115 1179 2169 beati
1230 2124 1381 2181 sunt,
1413 2116 1660 2186 quoniam
1714 2117 1781 2171 ad
1829 2115 1956 2172 Ciu'i

398 2214 541 2260 stum
565 2214 688 2261 sunt
713 2208 954 2277 profecti.
979 2208 1311 2275 Peccatores,
1340 2209 1517 2265 ubiubi
1548 2220 1667 2265 sunt
1689 2252 1704 2277 ,
1734 2211 1914 2279 procul
1954 2226 1983 2264 a

406 2299 547 2371 [tege
592 2309 755 2366 sunt;
793 2309 1074 2370 propterea
1120 2301 1372 2373 lacrymis
1402 2302 1544 2373 digni
1577 2319 1590 2356 :
1634 2302 1765 2371 justi
1805 2314 1982 2358 autem
2018 2362 2019 2365 η

396 2390 516 2445 sive
543 2391 652 2456 hic,
682 2392 795 2446 sive
824 2392 915 2458 ibi,
964 2407 1085 2446 cum
1113 2393 1258 2463 [iege
1282 2402 1434 2459 sunt;
1460 2402 1619 2463 atque
1644 2394 1716 2449 ibi
1767 2394 1981 2465 quidem

405 2485 572 2543 multo
602 2485 772 2554 magis
801 2500 863 2539 ac
894 2487 1111 2555 propius
1131 2528 1145 2551 ,
1182 2501 1285 2540 non
1320 2501 1414 2556 per
1440 2488 1696 2556 speciem,
1729 2502 1834 2541 non
1892 2502 1985 2557 per

402 2580 560 2636 tidem
581 2622 596 2646 ,
627 2580 721 2636 sed
746 2579 921 2645 Facie,
952 2580 1144 2651 inquit,
1178 2581 1245 2633 ad
1284 2583 1465 2652 faciem
1496 2579 1573 2654 (l.
1605 2581 1724 2636 Cor.
1752 2582 1839 2636 l3.
1866 2581 1979 2653 12).

463 2674 519 2728 4.
557 2672 661 2738 Qui
707 2673 893 2727 mortui
931 2674 1031 2727 sint
1087 2672 1312 2744 lugendi.
1368 2672 1737 2744 Exsequiarum
1779 2673 1980 2727 modus.

395 2762 719 2818 Morinorum
748 2765 991 2819 memoria
1018 2765 1072 2818 in
1091 2765 1360 2835 mysteriis.
1389 2794 1460 2803 —
1480 2764 1595 2819 Non
1618 2764 1776 2835 igitur
1796 2779 1983 2821 omnes

395 2858 667 2925 ploremus
689 2866 951 2921 mortuos,
973 2855 1066 2911 sed
1088 2870 1179 2911 eos
1206 2856 1296 2927 qui
1318 2857 1367 2910 in
1396 2857 1661 2926 peccatis;
1687 2856 1741 2910 hi
1778 2856 1976 2910 lamen-

397 2951 466 3003 tis
491 2947 677 3019 digni,
712 2949 764 3003 hi
801 2949 1000 3018 ejulatu
1029 2990 1046 3015 ,
1099 2949 1151 3004 hi
1180 2949 1456 3020 lacrymis.
1508 2951 1638 3016 Qum
1684 2950 1825 3005 enim
1855 2993 1868 3016 ,
1897 2952 1984 3005 dic

395 3039 524 3095 mihi
550 3080 565 3105 ,
594 3055 718 3110 spes
762 3048 846 3095 est
892 3054 996 3094 una
1021 3055 1141 3095 cum
1174 3040 1407 3111 peccatis
1454 3056 1519 3095 eo
1551 3041 1849 3108 discedere,
1894 3044 1981 3097 ubi

394 3144 610 3205 peccata
660 3150 860 3190 exuere
906 3150 1011 3190 non
1063 3135 1235 3192 licet?
1263 3136 1444 3191 Donec
1492 3137 1637 3191 enim
1685 3137 1770 3192 hic
1798 3147 1976 3205 erant,

394 3244 584 3299 magna
613 3227 837 3282 forsitan
865 3238 982 3284 erat
1008 3243 1155 3299 spes,
1183 3228 1299 3285 fore
1326 3238 1387 3284 ut
1418 3240 1890 3299 converterentur,
1921 3242 1980 3286 ut

393 3321 645 3376 meliores
690 3320 985 3377 evaderent
1016 3340 1030 3376 :
1059 3330 1114 3376 at
1138 3322 1183 3377 si
1210 3323 1262 3377 in
1298 3321 1563 3378 infernum
1595 3322 1861 3386 abierint,
1892 3323 1981 3379 ubi

393 3410 528 3465 nihil
572 3412 706 3467 lucri
736 3427 803 3466 ex
833 3413 1149 3483 paenitentia
1177 3415 1439 3484 reportari
1488 3424 1694 3484 potest;
1739 3430 1880 3479 nam,
1914 3413 1981 3470 In

390 3504 628 3575 inferno,
667 3503 874 3574 inquit,
904 3504 1016 3575 quis
1060 3504 1380 3574 conﬁtebitur
1426 3506 1514 3559 tibi
1543 3506 1561 3577 (
1593 3507 1740 3561 Psal.
1772 3506 1825 3562 6.
1865 3505 1980 3578 6)?

390 3594 668 3664 quomodo
711 3610 817 3649 non
865 3594 1114 3652 lamentis
1160 3596 1347 3667 digni?
1376 3597 1676 3669 Lugeamus
1708 3614 1837 3665 eos,
1883 3600 1973 3669 qui

392 3688 495 3743 hoc
519 3688 679 3744 modo
708 3688 996 3757 decedant,
1021 3704 1129 3745 non
1160 3689 1213 3745 id
1245 3689 1514 3761 impedio;
1545 3692 1841 3761 lugeamus,
1879 3691 1974 3747 sed

389 3795 499 3835 non
554 3792 750 3850 praeter
788 3782 1066 3849 decorum,
1115 3796 1223 3837 non
1262 3784 1522 3839 vellentes
1568 3784 1823 3853 capillos,
1871 3797 1976 3838 non

389 3872 608 3929 brachia
634 3874 918 3939 nudantes,
942 3889 1048 3928 non
1082 3875 1382 3932 lacerantes
1416 3876 1628 3942 faciem,
1663 3893 1767 3930 non
1800 3877 1973 3947 pullas

391 3976 571 4020 vestes
621 3964 939 4030 induentes;
987 3966 1081 4021 sed
1129 3966 1301 4020 solum
1362 3968 1412 4020 in
1451 3969 1647 4021 anima
1713 3968 1976 4038 lacrymas

388 4071 599 4111 amaras
650 4058 830 4126 quiete
876 4057 1180 4113 fundamus.
1234 4058 1449 4113 Etenim
1506 4061 1624 4115 sine
1676 4062 1774 4115 hac
1814 4062 1975 4115 etiam

388 4165 582 4220 pompa
602 4150 727 4203 licet
756 4165 935 4204 amare
965 4151 1114 4217 flere,
1140 4161 1193 4206 et
1224 4166 1329 4205 non
1363 4160 1567 4206 tantum
1595 4153 1798 4208 ludere.
1831 4152 1963 4208 Nam

389 4262 509 4315 qua:
537 4263 565 4301 a
600 4247 871 4301 nonnullis
903 4247 1035 4301 fiunt
1066 4290 1079 4315 ,
1113 4263 1140 4299 a
1171 4263 1456 4317 puerorum
1482 4248 1685 4304 lusibus
1714 4249 1843 4304 nihil
1875 4249 1976 4304 dif-

389 4338 590 4394 ferunt.
621 4340 699 4393 llli
726 4341 871 4394 enim
901 4339 1055 4395 ﬂetus
1084 4340 1326 4396 forenses
1354 4355 1460 4396 non
1487 4358 1551 4397 ex
1578 4342 1788 4411 dolore,
1813 4358 1972 4415 quem

387 4432 603 4501 quidam
631 4441 837 4487 natura:
882 4448 1180 4490 consensus
1225 4433 1500 4501 attulerit,
1536 4434 1969 4504 proficiscuntur,

388 4524 484 4578 sed
511 4538 580 4578 ex
604 4525 963 4580 ostentatione
989 4535 1043 4579 ct
1069 4525 1359 4580 ambitione
1386 4535 1441 4582 ct
1469 4543 1621 4583 vantc
1647 4527 1833 4599 glorize
1856 4537 1968 4583 stu-

385 4612 475 4666 dio
508 4628 522 4667 :
553 4613 673 4669 ideo
701 4615 883 4669 multae
928 4615 1272 4670 inveniuntur
1316 4618 1566 4674 mulieres
1593 4662 1607 4685 ,
1638 4636 1755 4690 quae
1802 4620 1961 4690 hujus

386 4705 463 4759 rei
506 4714 675 4760 artem
724 4718 997 4762 exercent.
1030 4709 1225 4761 Amare
1260 4709 1408 4776 ﬂeas,
1443 4711 1584 4766 domi
1633 4713 1811 4781 plores
1834 4755 1846 4775 ,
1881 4728 1972 4768 ue-

384 4798 530 4852 mine
570 4798 825 4865 vidente;
857 4799 909 4854 id
943 4800 1326 4856 misericordia:
1357 4802 1513 4859 fuerit
1540 4847 1553 4869 ,
1599 4805 1649 4859 id
1684 4805 1778 4859 tibi
1808 4805 1967 4859 etiam

385 4888 667 4958 profuerit.
699 4889 829 4943 Nam
862 4892 950 4960 qui
982 4892 1132 4946 illum
1158 4892 1259 4949 hoc
1287 4893 1444 4948 modo
1468 4895 1630 4965 luget,
1662 4897 1831 4951 multo
1853 4913 1968 4952 ma-

382 4982 466 5051 gis
487 4981 604 5053 ipse
626 4982 857 5037 studium
881 4983 1174 5049 adhibebit,
1199 5002 1265 5040 ne
1286 4985 1339 5040 in
1366 4986 1551 5041 eadem
1576 4987 1770 5042 incidat
1796 4990 1967 5044 mala:

385 5088 647 5131 terrorem
678 5076 769 5130 tibi
796 5076 1019 5147 posthac
1048 5087 1322 5146 peccatum
1347 5078 1586 5135 incutiet.
1618 5080 1968 5151 Lugeinfide-

384 5170 482 5233 les,
517 5169 637 5239 lnge
667 5184 761 5225 eos
804 5170 893 5241 qui
924 5169 1059 5224 nihil
1105 5170 1171 5225 ab
1198 5170 1506 5227 infidelibus
1536 5170 1788 5228 dill‘ernut
1812 5216 1827 5242 ,
1877 5178 1966 5246 qui

382 5263 499 5317 sine
542 5262 953 5329 illuminatioue,
1005 5264 1123 5318 sine
1166 5263 1441 5333 signaculo
1490 5264 1877 5320 decesserunt:
1914 5269 1965 5322 hi

384 5371 507 5411 vere
530 5356 777 5411 lamentis
815 5355 982 5426 digni,
1014 5355 1068 5409 hi
1098 5355 1350 5427 lacrymis
1380 5374 1393 5410 :
1420 5368 1571 5411 extra
1613 5357 1811 5428 regiam
1842 5373 1968 5415 sunt

383 5462 485 5500 una
507 5461 624 5500 eum
649 5446 838 5515 iis,qni
860 5461 1029 5515 poena:
1051 5456 1173 5501 sunt
1198 5448 1437 5514 obnoxii,
1464 5463 1565 5502 una
1587 5465 1707 5503 cum
1739 5449 1965 5505 damna-

348 5519 361 5531 ’
382 5541 471 5592 tis.
498 5537 654 5591 Amen
701 5538 815 5592 dico
845 5539 1001 5605 vobis,
1025 5539 1123 5592 nisi
1148 5540 1258 5606 quis
1307 5549 1455 5593 natus
1486 5540 1637 5612 fuerit
1658 5557 1722 5594 ex
1757 5557 1888 5612 aqua
1918 5552 1967 5597 et

386 5629 609 5698 Spiritu,
633 5647 734 5684 non
757 5631 982 5685 introibit
1008 5632 1059 5683 in
1087 5646 1297 5701 regnum
1329 5630 1569 5684 ctclorum
1593 5630 1771 5701 (Joun.
1795 5634 1847 5688 3.
1882 5635 1961 5702 5).

382 5722 525 5791 Lugc
566 5736 665 5777 eos
690 5724 780 5792 qui
809 5723 861 5777 in
884 5721 1085 5777 divitiis
1114 5732 1239 5777 sunt
1277 5725 1507 5789 mortui,
1534 5740 1653 5779 cum
1678 5741 1739 5780 ex
1766 5725 1965 5781 divitiis

381 5815 585 5869 nullum
629 5814 911 5870 animabus
957 5814 1069 5871 suis
1101 5815 1353 5872 solatium
1381 5830 1781 5888 comparassent
1824 5840 1835 5875 :
1871 5837 1962 5877 eos

382 5906 574 5978 quibus
618 5908 864 5964 abluendi
907 5919 1122 5981 peccata
1162 5926 1255 5969 sua
1291 5920 1527 5984 potestas
1573 5913 1711 5972 facta
1742 5925 1874 5986 erat,
1910 5924 1961 5972 et

1146 430 1202 485 S.
1229 428 1510 485 JOANNIS
1542 426 2007 485 CHRYSOS'I‘OMI
2044 427 2355 485 ARCIIIEP.
2398 431 2925 493 CONSTANTINOP.
3558 454 3643 512 20¢

2101 548 2409 600 noluerunt.
2445 547 2554 602 llos
2575 550 2788 619 quidem
2819 567 2917 608 nos
2946 569 3134 612 omnes
3161 566 3216 612 et
3247 560 3443 627 publice
3478 577 3524 621 et
3551 572 3645 639 pri-

2101 635 2260 688 Vatim
2286 636 2583 706 lugeamus,
2611 641 2706 695 sed
2732 642 2833 707 ita,’
2856 653 2913 697 ut
2938 660 2971 699 a
2991 646 3188 702 decoro
3210 664 3279 705 ne
3299 635 3574 725 recedatur,
3590 656 3641 716 ut

2097 725 2414 795 gravitatem
2447 738 2725 798 tueamur,
2761 743 2907 790 utne
2936 752 3038 792 nos
3066 737 3214 809 ipsos
3241 741 3461 800 ludibrio
3499 763 3646 820 expo-

2098 831 2306 873 namus.
2342 820 2450 875 llos
2479 822 2755 892 lugeamus
2787 842 2892 881 non
2921 844 3083 883 unum
3113 842 3205 891 aut
3246 834 3463 892 alterum
3485 840 3610 896 diem
3633 886 3647 911 ,

2096 909 2188 962 sed
2215 925 2309 979 per
2336 926 2497 967 omne
2518 914 2639 968 vitae
2666 926 2866 973 nostra:
2898 927 3128 991 tempus.
3156 923 3426 997 Lacrymte
3450 929 3525 985 hte
3546 947 3638 989 ron

2095 1009 2220 1054 sunt
2249 1004 2478 1058 amentis
2501 1008 2938 1074 perturbationis,
2969 1022 3024 1067 at
3044 1015 3156 1070 veri
3182 1031 3245 1071 ac
3269 1023 3495 1088 germani
3515 1039 3646 1080 amo-

2096 1091 2169 1146 ris
2195 1109 2210 1157 ;
2254 1092 2359 1149 illae
2390 1110 2518 1150 vero
2556 1100 2788 1154 amentis
2817 1101 2976 1170 plane
3006 1105 3304 1164 affectionis
3336 1127 3349 1164 :
3395 1124 3646 1182 prepterca

2092 1185 2251 1239 etiam
2281 1188 2388 1241 cito
2408 1200 2681 1246 arescunt.
2713 1192 2843 1259 Quae
2865 1196 3007 1251 enim
3032 1214 3095 1252 ex
3130 1200 3222 1256 Dei
3255 1203 3437 1258 timore
3461 1208 3646 1276 proﬁci-

2091 1289 2333 1348 scuntur,
2366 1296 2579 1353 semper
2607 1285 2826 1342 durant.
2858 1289 2966 1344 Hos
2997 1289 3163 1359 igitur
3184 1296 3449 1364 lugeamus
3468 1342 3482 1366 ,
3511 1317 3645 1371 opem

2093 1389 2191 1442 pro
2220 1377 2419 1431 viribus
2451 1377 2705 1443 feramus,
2738 1380 2957 1451 aliquod
2982 1383 3151 1452 ipsius
3172 1390 3427 1444 auxilium
3453 1408 3646 1464 compa-

2092 1481 2293 1533 remus,
2321 1470 2574 1537 exignum
2606 1471 2739 1526 illud
2763 1474 3002 1543 quidem,
3032 1478 3127 1531 sed
3157 1481 3299 1547 quod
3330 1491 3497 1537 tamen
3518 1486 3649 1539 auxi-

2091 1556 2207 1611 liari
2268 1568 2450 1627 queat.
2503 1562 2825 1632 Quomodo,
2860 1581 3033 1635 quave
3084 1570 3338 1626 ratione?
3389 1574 3513 1630 Cum
3562 1577 3647 1646 ipsi

2091 1664 2275 1718 preces
2311 1652 2617 1719 humentes,
2654 1666 2763 1711 tum
2792 1659 2926 1713 alios
2956 1671 3011 1714 ut
3054 1677 3151 1731 pro
3181 1664 3311 1733 ipsis
3338 1664 3646 1725 fundantob-

2090 1755 2383 1811 sacrantes,
2406 1760 2469 1800 ac
2496 1762 2591 1816 pro
2614 1748 2744 1818 ipsis
2765 1748 3074 1821 frequenter
3094 1755 3281 1812 dantes
3309 1759 3648 1833 eleemosynas

2090 1836 2429 1903 pauperibus.
2459 1837 2628 1893 Affert
2651 1839 2765 1896 haec
2787 1857 2874 1896 res
2904 1844 3102 1915 aliquid
3131 1849 3308 1903 solatii
3338 1867 3352 1904 :
3384 1851 3497 1905 audi
3525 1852 3647 1907 enim

2093 1926 2256 1979 Deum
2304 1929 2371 1981 ita
2421 1929 2687 1986 dicentem
2722 1952 2736 1986 :
2771 1933 3047 2006 Protegam
3081 1940 3252 1995 urbem
3301 1943 3429 1996 hanc
3471 1955 3649 2015 praptcr

2088 2032 2187 2081 me,
2222 2028 2268 2070 et
2290 2031 2496 2088 propter
2519 2020 2686 2077 David
2711 2040 2912 2079 servum
2938 2044 3102 2082 meum
3130 2030 3208 2101 (4.
3242 2024 3369 2103 Reg.
3392 2034 3478 2089 20.
3508 2036 3578 2107 6).
3601 2038 3649 2093 Si

2087 2108 2199 2162 sola
2221 2109 2351 2178 justi
2379 2115 2633 2167 memoria
2666 2123 2872 2170 tantum
2902 2120 3087 2185 valuit,
3115 2121 3204 2176 ubi
3226 2138 3388 2194 opera
3416 2136 3650 2195 praeterea

2089 2214 2186 2267 pro
2225 2213 2436 2256 mortuo
2486 2204 2649 2272 liant,
2710 2208 2836 2274 quid
2893 2224 2999 2264 non
3059 2216 3351 2281 poterunt?
3386 2216 3497 2271 Non
3552 2218 3650 2273 fru-

2087 2300 2197 2345 stra
2250 2292 2365 2348 Ιιςιεο
2417 2295 2486 2347 ab
2524 2297 2785 2365 apostolis
2842 2309 2966 2354 sunt
3021 2301 3227 2373 legibus
3253 2308 3653 2364 constitutazut

2057 2382 2139 2436 ‘iu
2172 2386 2488 2441 venerandis
2512 2429 2526 2454 ,
2587 2389 2801 2459 inquam
2830 2433 2846 2459 ,
2877 2402 3037 2463 atque
3095 2395 3363 2453 horrificis
3408 2403 3653 2471 mysteria;

2087 2478 2347 2531 memoria
2404 2492 2590 2535 eorum
2641 2479 2733 2536 ﬁat
2765 2524 2779 2547 ,
2816 2483 2903 2552 qui
2954 2484 3307 2543 decesserunt
3354 2506 3367 2542 :
3420 2505 3654 2546 noverant

2086 2568 2211 2624 hinc
2259 2570 2482 2626 multum
2531 2571 2599 2627 ad
2644 2573 2764 2629 illos
2812 2575 2943 2630 lucri
2992 2579 3268 2646 accedere,
3301 2582 3519 2637 multum
3562 2586 3653 2638 nti-

2085 2662 2271 2718 litatis.
2333 2664 2411 2719 Eo
2457 2665 2598 2720 enim
2662 2675 2941 2737 tempore,
2995 2684 3102 2739 quo
3170 2675 3452 2730 universus
3502 2689 3654 2745 pepu-

2087 2752 2169 2809 lus
2214 2763 2320 2809 stat
2362 2758 2610 2813 manibus
2660 2758 2832 2828 passis
2865 2774 2931 2814 ac
2981 2771 3155 2817 cretus
3203 2764 3567 2834 sacerdotalis,
3610 2775 3656 2820 et

2085 2844 2215 2899 illud
2239 2845 2515 2903 horrorem
2544 2849 2811 2905 incutiens
2831 2851 3150 2907 sacrificium
3180 2868 3194 2918 ;
3218 2856 3490 2924 quomodo
3504 2856 3651 2911 Deum

2086 2951 2192 2991 non
2233 2938 2561 3007 placabimus
2592 2955 2689 3010 pro
2717 2941 2839 2997 istis
2862 2944 3124 2999 orantes?
3155 2944 3338 3016 Atque
3375 2946 3429 3003 id
3450 2947 3649 3018 quidem

2085 3029 2154 3085 de
2190 3031 2289 3099 iis,
2320 3032 2414 3103 qui
2464 3032 2516 3087 in
2562 3034 2666 3090 fide
2711 3035 3099 3093 decesserunt:
3136 3042 3504 3098 catechumeni
3546 3056 3657 3098 vero

2085 3136 2257 3192 neque
2287 3122 2386 3178 hac
2409 3122 2697 3194 dignantur
2718 3128 3091 3184 consolatione
3109 3171 3125 3196 ,
3162 3131 3257 3186 sed
3287 3136 3437 3189 omni
3463 3135 3644 3189 auxilio

2085 3224 2213 3268 sunt
2236 3214 2499 3283 destituti,
2528 3232 2634 3272 uno
2655 3218 2888 3288 quodam
2916 3232 3160 3292 excepto.
3189 3224 3365 3292 Quale
3388 3244 3513 3284 vero
3539 3228 3656 3282 hoc?

2084 3307 2236 3364 Licet
2266 3311 2590 3379 pauperibus
2632 3326 2730 3381 pro
2768 3312 2898 3382 ipsis
2927 3314 3092 3383 dare,
3131 3328 3292 3388 atque
3326 3320 3452 3376 hinc
3473 3318 3655 3390 aliquid

2086 3401 2387 3471 percipiunt
2408 3401 2833 3473 refrigerationis
2864 3422 2879 3460 :
2908 3408 3020 3461 vult
3040 3408 3184 3462 enim
3223 3410 3370 3467 Deus
3391 3453 3407 3477 ,
3438 3423 3491 3466 ut
3518 3411 3654 3466 nobis

2084 3500 2324 3547 mutuum
2376 3494 2632 3549 auxilium
2691 3494 3000 3554 ali‘eramus.
3070 3499 3274 3570 Ecquid
3332 3504 3474 3559 enim
3529 3502 3656 3557 aliud

2083 3599 2259 3639 causa:
2286 3585 2355 3639 sit
2386 3627 2401 3652 ,
2432 3602 2528 3640 cur
2555 3601 2650 3656 pro
2675 3602 2805 3657 pace
2829 3596 2885 3643 et
2911 3589 3053 3645 bono
3074 3593 3258 3647 mundi
3287 3604 3438 3648 statu
3467 3594 3659 3664 precari

2078 3675 2340 3747 jusserit?
2364 3690 2460 3731 cur
2481 3692 2579 3746 pro
2602 3678 2851 3734 omnibus
2891 3678 3242 3737 hominibus?
3271 3683 3413 3738 Nam
3444 3684 3527 3739 hic
3546 3685 3655 3751 qui-

2084 3770 2206 3826 dem
2234 3769 2375 3826 inter
2400 3785 2589 3826 omnes
2633 3781 2758 3827 sunt
2802 3772 2963 3829 etiam
2997 3775 3231 3833 latrones
3253 3820 3267 3845 ,
3297 3781 3656 3850 sepulcrorum

2081 3862 2386 3942 ell‘ossores,
2419 3862 2565 3919 fures
2586 3904 2602 3931 ,
2643 3875 2805 3936 atque
2829 3866 2920 3921 alii
2947 3870 3218 3926 sexcentis
3245 3883 3519 3929 scatentes
3546 3887 3651 3925 ma-

2082 3958 2149 4014 lis
2176 3976 2190 4013 :
2221 3968 2453 4016 attamen
2484 3977 2579 4031 pro
2610 3961 2861 4018 omnibus
2895 3978 3181 4034 precamur
3211 3984 3225 4020 :
3256 3970 3366 4023 erit
3391 3969 3530 4023 enim
3559 3966 3660 4021 for-

2083 4061 2227 4108 tasse
2275 4054 2519 4123 quaedam
2562 4055 2803 4126 ipsorum
2854 4060 3157 4113 conversio.
3209 4061 3658 4127 Quemadmodum

2083 4146 2243 4217 igitur
2271 4162 2368 4217 pro
2392 4148 2695 4204 viventibus
2727 4150 2842 4205 istis
2887 4166 3171 4222 precamur
3194 4195 3208 4219 ,
3237 4157 3333 4225 qui
3364 4156 3497 4211 nihil
3520 4172 3550 4210 a
3578 4170 3659 4209 ca-

2080 4238 2370 4295 daveribus
2396 4239 2648 4295 differunt
2677 4257 2692 4295 :
2719 4242 2792 4296 ita
2834 4257 2932 4311 pro
2961 4243 3067 4298 illis
3093 4244 3255 4299 etiam
3287 4248 3499 4316 precari
3526 4246 3657 4300 licet.

2080 4331 2182 4389 Job
2226 4347 2324 4402 pro
2373 4332 2498 4387 ﬁliis
2533 4334 2796 4390 sacrificia
2838 4334 3087 4402 faciebat,
3117 4347 3171 4393 et
3202 4339 3353 4409 ipsos
3378 4356 3407 4394 a
3439 4340 3657 4411 peccatis

2081 4426 2378 4492 liberabat;
2414 4424 2496 4481 Ne
2520 4428 2642 4496 quid
2689 4430 2835 4499 forte,
2864 4430 3068 4499 inquit,
3098 4432 3433 4502 cogitaverim
3464 4433 3515 4487 in
3557 4448 3659 4485 cor-

2080 4518 2225 4572 dibus
2265 4519 2369 4573 suis
2397 4521 2415 4590 (
2445 4518 2544 4574 Job
2574 4522 2624 4575 1.
2658 4521 2692 4575 5
2714 4521 2755 4593 ).
2791 4522 2902 4576 lloc
2930 4523 3091 4577 modo
3130 4527 3436 4583 consulitur
3470 4526 3656 4582 liberis.

2077 4609 2195 4664 Non
2241 4610 2489 4677 dicebat,
2520 4612 2663 4683 quod
2702 4614 2943 4684 plerique
2991 4631 3131 4671 nunc
3172 4618 3424 4674 homines
3473 4620 3657 4682 solent,

2077 4703 2219 4773 Opes
2247 4704 2352 4759 illis
2379 4704 2676 4775 relinquam
2706 4727 2718 4761 :
2746 4722 2851 4760 non
2877 4707 3109 4777 dicebat,
3133 4708 3371 4765 Gloriam
3394 4713 3498 4767 illis
3524 4725 3661 4765 com“

2079 4798 2279 4866 parabo
2311 4816 2324 4852 :
2356 4815 2461 4852 non
2502 4796 2746 4866 dicebat,
2789 4799 3066 4855 Mercabor
3119 4802 3482 4873 principatum
3516 4820 3530 4856 :
3561 4816 3657 4855 non

2078 4890 2323 4958 dicebat,
2353 4893 2526 4962 Agros
2553 4906 2727 4946 emam
2762 4910 2776 4945 :
2808 4892 2903 4947 sed
2929 4892 3100 4962 quid?
3140 4892 3225 4948 Ne
3266 4896 3393 4965 quid
3423 4897 3659 4967 cogitave-

2076 4983 2180 5038 rint
2205 4984 2258 5037 in
2278 4983 2512 5037 cordibus
2540 4984 2661 5038 suis.
2696 4983 2826 5052 Quae
2847 4984 2989 5038 enim
3021 5000 3084 5039 ex
3116 4985 3276 5041 rebus
3306 4988 3416 5042 illis
3447 4986 3657 5043 utilitas.

2077 5091 2197 5131 cum
2228 5076 2312 5130 hic
2344 5076 2587 5130 restent?
2611 5075 2785 5130 Nulla.
2830 5075 2981 5129 Illum
3007 5118 3022 5143 ,
3053 5076 3257 5147 inquit,
3286 5078 3529 5132 omnium
3560 5076 3656 5130 lte-

2076 5183 2195 5239 gem
2237 5166 2525 5237 prepitium
2573 5165 2702 5235 ipsis
2742 5164 2997 5226 reddam;
3026 5177 3080 5221 et
3121 5167 3253 5222 nihil
3285 5168 3419 5238 ipsis
3447 5166 3658 5237 posthac

2076 5262 2269 5317 deerit.
2296 5261 2472 5332 lnquit
2498 5244 2664 5325 enim,
2694 5257 2945 5312 Dominus
2971 5258 3132 5328 pascit
3159 5274 3255 5324 me,
3288 5270 3336 5313 et
3383 5256 3515 5313 nihil
3546 5256 3657 5310 mihi

2076 5355 2233 5409 deerit
2264 5352 2451 5422 (Psal.
2481 5352 2571 5405 29..
2605 5351 2680 5422 1).
2715 5352 2839 5406 Haec
2881 5360 2965 5407 est
3013 5366 3204 5421 magna
3236 5351 3545 5421 opulentia,
3580 5351 3659 5405 hic

2076 5448 2359 5504 thesaurus
2395 5457 2477 5503 est
2510 5464 2522 5499 :
2571 5447 2615 5500 si
2667 5446 2758 5500 Dei
2788 5446 3035 5501 timorem
3071 5444 3366 5502 habeamus
3393 5488 3410 5513 ,
3465 5444 3655 5501 nuilius

2074 5543 2151 5595 rei
2183 5539 2494 5612 egebimus;
2526 5538 2607 5593 sin
2636 5539 2812 5593 minus
2838 5580 2853 5603 ,
2889 5536 3098 5592 tametsi
3140 5552 3365 5608 regnum
3414 5537 3657 5592 obtinea-

2076 5650 2194 5688 mus
2220 5677 2235 5702 ,
2286 5634 2540 5688 omnibus
2576 5632 2878 5687 hominibus
2917 5631 3088 5701 magis
3135 5644 3399 5701 pauperes
3455 5642 3656 5685 sumus.

2073 5728 2213 5783 Nihil
2246 5727 2297 5781 ci
2329 5742 2426 5796 par
2473 5726 2695 5781 inveniri
2750 5734 2944 5794 potest,
2980 5724 3067 5792 qui
3102 5725 3264 5777 Deum
3306 5724 3463 5778 timet
3495 5738 3510 5777 :
3540 5736 3656 5775 nam

2073 5820 2268 5885 Timor,
2296 5820 2485 5889 inquit,
2509 5818 2737 5880 Domini,
2761 5834 2911 5887 super
2933 5816 3101 5869 omnia
3116 5832 3168 5868 se
3182 5815 3508 5885 superposuit
3537 5810 3657 5885 (Ec-

2073 5924 2157 5977 cli.
2187 5922 2279 5978 25.
2302 5917 2411 5990 11).
2446 5916 2594 5973 llunc
2619 5913 2773 5969 nobis
2798 5926 3190 5981 comparemus,
3226 5926 3317 5980 pro
3346 5910 3451 5966 hoc
3481 5906 3657 5965 omnia
