3974 6504
295 411 396 465 εαῖ

296 613 593 665 ἀπελθόντα
609 612 706 663 σὺν
722 607 942 678 Χριστῷ
962 603 1121 662 εἶναι·
1140 608 1209 661 τά
1234 609 1370 678 μετά
1396 609 1645 671 θάνατον,
1673 607 1704 679 ἢ
1725 606 1864 660 καλά

298 699 328 767 ῆ
360 699 524 751 κακά.
556 696 647 766 Μὴ
675 696 852 749 τοίνυν
880 694 973 746 ἐπὶ
1011 697 1122 758 τοῖς
1147 696 1550 767 ἀποθνήσκουσι
1582 697 1864 765 πενθῶμεν

293 789 499 851 ἁπλῶς,
546 787 681 857 μηδὲ
712 786 805 839 ἐπὶ
829 787 944 849 τοῖς
988 784 1123 849 ζῶσι
1166 786 1444 857 χαίρωμεν
1475 785 1691 849 ἁπλῶς·
1729 786 1866 839 ἀλλὰ

290 881 378 942 τί;
414 878 709 948 Πενθῶμεν
745 877 872 941 τούς
916 875 1275 947 ἁμαρτωλοὺς
1317 875 1391 946 μὴ
1424 875 1865 945 ἀποθνήσκοντας

296 972 476 1042 μόνον,
512 969 649 1023 ἀλλά
691 972 787 1022 καὶ
832 968 1060 1033 ζῶντας.
1096 967 1391 1036 Χαίρωμεν
1425 967 1482 1020 δὲ
1521 968 1614 1019 ἐπὶ
1642 968 1754 1029 τοῖς
1783 965 1863 1018 δι-

295 1062 498 1123 καίοις,
547 1060 623 1132 μὴ
672 1059 807 1124 ζῶσι
870 1059 1049 1129 μόνον,
1084 1057 1221 1112 ἀλλὰ
1263 1058 1357 1111 καὶ
1398 1056 1860 1127 τετελευτηκόσιν.

305 1152 537 1205 Ἐκεῖνοι
574 1150 672 1220 μὲν
717 1148 826 1218 7&9
864 1149 959 1200 καὶ
999 1147 1200 1210 ζῶντες
1240 1148 1586 1216 τεθνήκασιν,
1616 1142 1760 1199 οὗτοι
1808 1145 1865 1198 δὲ

293 1243 387 1296 καί
418 1242 782 1303 ἀποθανόντες
825 1239 1025 1304 ζῶσιν
1073 1241 1269 1292 ἐκεῖνοι
1317 1239 1410 1291 καὶ
1452 1234 1684 1291 ἐνταῦθα
1714 1236 1866 1298 ὄντες

293 1334 519 1388 ἐλεεινοί
556 1331 725 1385 πᾶσίν
774 1332 945 1394 εἰσιν,
1002 1329 1190 1399 ἐπειδὴ
1235 1328 1356 1399 Θεῷ
1399 1327 1864 1400 προσκρούουσιν’

292 1418 440 1479 οὗτοι
474 1424 569 1476 καὶ
610 1424 727 1476 ἐκεῖ
773 1421 1145 1491 μεταστάντες
1175 1421 1459 1490 μακάριοι,
1494 1420 1575 1483 ὅτι
1606 1417 1741 1487 πρὸς
1776 1417 1866 1470 τὸν

294 1514 533 1583 Χριστὸν
592 1513 856 1583 ἀπῆλθον.
910 1512 974 1564 Οί
1034 1510 1377 1580 ἁμαρτωλοὶ,
1429 1510 1563 1561 ὅπου
1616 1509 1683 1561 ἂν
1727 1501 1863 1568 ὦσι,

296 1607 487 1675 ττόρρω
512 1604 606 1656 τοῦ
640 1603 905 1672 βασιλέως
934 1602 1060 1655 είσί.
1093 1601 1191 1653 Διὰ
1222 1601 1379 1654 τοῦτο
1409 1600 1658 1671 δακρύων
1684 1600 1821 1666 ἄξιοι
1848 1617 1863 1631 ·

294 1700 346 1751 οί
382 1698 439 1749 δὲ
482 1696 701 1758 δίκαιοι,
744 1695 809 1747 ἄν
839 1711 899 1747 τε
939 1692 1189 1756 ἐνταῦθα,
1225 1692 1289 1745 ἄν
1328 1709 1386 1745 τε
1429 1693 1564 1757 ἐκεῖ,
1598 1691 1735 1761 μετά
1772 1690 1866 1743 τοῦ

297 1788 565 1859 βασιλέως
591 1787 699 1839 είσὶ
720 1828 733 1850 ,
778 1785 938 1837 κάκεῖ
972 1783 1169 1853 μᾶλλον
1206 1784 1298 1835 καὶ
1333 1782 1643 1852 ἐγγύτερον,
1678 1782 1738 1834 οὐ
1780 1781 1868 1835 διά

295 1881 469 1942 εἴδους
487 1888 529 1943 ⁸,
548 1879 608 1931 οὐ
626 1878 715 1931 διά
736 1877 988 1941 πίστεως,
1008 1874 1162 1942 ἀλλὰ,
1183 1872 1530 1943 Πρόσωπον,
1548 1874 1703 1945 φησὶ,
1720 1872 1869 1942 πρὸς

294 1970 639 2041 πρόσωπον.

360 2149 424 2202 δ.
452 2148 545 2217 Μὴ
573 2147 751 2200 τοίνυν
780 2145 966 2207 ἁπλῶς
1008 2145 1284 2215 κλαίωμεν
1308 2145 1434 2208 τοὺς
1461 2144 1830 2206 ἀποθανόντας
1848 2183 1864 2209 ,

294 2239 434 2293 ἀλλά
461 2240 591 2297 τοὺς
637 2237 695 2287 ἐν
728 2236 1057 2304 ἁμαρτίαις·
1093 2226 1240 2285 οὗτοι
1275 2232 1488 2302 θρήνων
1527 2230 1688 2295 ἄξιοι,
1723 2223 1868 2282 οῦτοι

295 2326 543 2382 κοπετῶν
573 2326 669 2378 καὶ
707 2322 976 2395 δακρύων.
1034 2322 1170 2375 Ποία
1201 2320 1310 2393 γάρ
1360 2322 1548 2384 ἐλπὶς,
1584 2319 1704 2372 είπέ
1745 2335 1867 2388 μοι,

296 2419 438 2490 μετά
472 2416 883 2487 ἁμαρτημάτων
922 2413 1198 2476 ἀπελθεῖν,
1226 2411 1353 2463 ἐνθα
1384 2413 1482 2464 οὐκ
1516 2410 1661 2464 ἔστιν
1692 2412 1871 2480 ἀμαρ-

292 2508 515 2588 τήματα
552 2502 949 2569 ἀποδύσασθαι;
992 2503 1137 2565 Ἕως
1173 2502 1269 2572 μὲν
1296 2500 1402 2571 7&9
1431 2492 1569 2570 ἦσαν
1613 2500 1865 2562 ἐνταῦθα,

295 2601 426 2661 ἴσως
455 2592 522 2667 ἦν
556 2593 707 2667 [ΞΠ]
749 2592 1042 2664 προσδοκία
1075 2592 1263 2663 πολλὴ,
1294 2592 1375 2644 ὅτι
1410 2589 1864 2663 μεταϐαλοῦνται,

296 2693 379 2744 ὅτι
410 2688 654 2759 βελτίους
684 2686 895 2739 ἔσονται
918 2702 931 2714 ·
969 2685 1033 2739 ἂν
1064 2685 1120 2737 δὲ
1147 2683 1455 2737 ἀπέλθωσιν
1486 2686 1563 2746 είς
1593 2684 1683 2736 τὸν
1715 2683 1866 2754 ᾅδην,

299 2779 431 2834 ἔνθα
455 2780 556 2831 οὐκ
586 2777 731 2829 ἐστιν
760 2776 868 2829 ἀπὸ
899 2774 1185 2845 μετανοίας
1220 2773 1475 2844 κερδᾶναί
1506 2790 1558 2826 τι
1600 2775 1730 2843 (Ἐν
1762 2774 1870 2843 7&9

297 2871 378 2938 τῷ
419 2870 561 2938 ᾅδῃ,
599 2870 751 2939 φησι,
784 2868 873 2932 τίς
904 2865 1412 2935 ἐξομολογήσεται
1443 2865 1621 2933 σοι;),
1654 2863 1770 2929 πῶς
1808 2866 1868 2917 οὐ

295 2962 513 3034 θρήνων
550 2960 719 3027 ﬁgam;
757 2959 1046 3027 Κλαίωμεν
1088 2958 1210 3019 τοὺς
1242 2956 1415 3018 οὕτως
1444 2955 1869 3026 ἀπερχομένους,

294 3055 357 3107 οὐ
386 3054 606 3115 κωλύω,
639 3051 940 3120 κλαίωμεν,
982 3046 1117 3101 ἀλλά
1154 3047 1228 3118 μὴ
1253 3048 1603 3117 ἀσχημόνως,
1637 3047 1711 3116 μὴ
1751 3046 1869 3116 τρί-

296 3164 399 3217 χας
446 3146 752 3207 τίλλοντες,
797 3143 873 3214 μὴ
903 3140 1197 3213 βραχίονας
1225 3138 1595 3225 γυμνοῦντες,
1637 3138 1710 3210 μὴ
1749 3139 1872 3208 ὄψιν

299 3237 745 3310 σπαράττοντες,
799 3234 874 3304 μὴ
922 3230 1473 3303 μελανειμονοῦντες,
1526 3229 1664 3283 ἀλλά
1714 3231 1872 3301 μόνον

297 3330 441 3383 κατά
464 3328 642 3399 ψυχὴν
673 3326 856 3397 ἡρέμα
883 3323 1116 3395 δάκρυον
1139 3322 1390 3391 ἀφιέντες
1414 3322 1629 3392 πικρόν.
1654 3323 1872 3376 Ἔνεστι

296 3422 406 3491 γὰρ
431 3419 529 3473 καὶ
558 3417 763 3488 ταύτης
788 3416 959 3487 χωρὶς
984 3415 1082 3485 τῆς
1120 3414 1342 3485 πομπῆς
1375 3412 1605 3466 κλαῦσαι
1634 3413 1870 3484 πικρῶς,

297 3515 398 3569 καὶ
432 3513 508 3584 μὴ
537 3510 726 3575 παῖξαι
761 3508 918 3579 μόνον
942 3523 956 3537 ·
995 3504 1261 3574 παιγνίων
1286 3504 1395 3575 γὰρ
1423 3503 1575 3558 οὐδὲν
1601 3503 1873 3575 διενήνοχε

297 3606 366 3659 τὰ
399 3606 505 3658 ὑπό
555 3618 717 3657 τινων
762 3598 1043 3670 γινόμενα.
1098 3596 1209 3650 Καὶ
1255 3595 1363 3666 γάρ
1410 3597 1472 3648 οὐ
1532 3594 1875 3665 συμπαθείας

302 3699 500 3750 ἐκεῖνοι
527 3694 577 3747 οί
606 3691 826 3746 κοπετοὶ
852 3691 905 3742 οίτ
928 3689 1015 3741 ἐπ’
1040 3688 1265 3759 ἀγορᾶς,
1294 3687 1410 3739 ἀλλ’
1441 3686 1754 3753 ἐπιδείξεως
1778 3686 1873 3739 καὶ

304 3784 615 3855 φιλοτιμίας
645 3780 740 3833 καὶ
784 3777 1086 3842 κενοδοξίας
1124 3775 1265 3829 είσί·
1313 3774 1506 3828 πολλαὶ
1554 3774 1642 3829 διὰ
1677 3776 1874 3846 τέχνην

302 3878 458 3932 τοῦτο
506 3873 805 3927 ποιοῦνται.
862 3868 1112 3923 Κλαῦσον
1164 3866 1392 3936 πικρὸν,
1451 3865 1705 3930 στέναξον
1752 3866 1872 3919 κατ’

297 3967 506 4029 οἰκίαν,
561 3962 789 4035 μηδενὸς
832 3959 1103 4031 ὁρῶντος·
1146 3957 1304 4010 τοῦτο
1350 3957 1692 4028 συμπαθείας
1725 3959 1868 4024 ἐστὶ,

296 4058 453 4112 τοῦτο
484 4057 582 4109 καὶ
620 4054 679 4107 σὲ
718 4052 937 4122 ὠφελεῖ.
995 4048 1054 4102 '0
1082 4050 1192 4119 7&9
1230 4048 1438 4103 ἐκεῖνον
1469 4049 1681 4104 πενθῶν
1708 4050 1869 4116 οὕτω,

299 4150 478 4219 πολλῷ
510 4146 711 4218 μᾶλλον
740 4143 902 4205 αὐτὸς
938 4140 1226 4194 σπουδάσει
1254 4140 1519 4211 μηδέποτε
1546 4144 1659 4205 τοῖς
1689 4142 1873 4206 αὐτοῖς

299 4241 658 4314 περιπεσεῖν⁸
714 4234 920 4306 φοϐερά
953 4249 1033 4285 σοι
1080 4231 1228 4284 ἔσται
1280 4234 1312 4303 ή
1366 4233 1611 4303 ἁμαρτία
1664 4233 1870 4288 λοιπόν.

298 4331 551 4388 Κλαῦσον
576 4328 703 4391 τοὺς
730 4324 1015 4387 ἀπίστους,
1060 4320 1292 4376 κλαῦσον
1315 4323 1441 4385 τοὺς
1470 4322 1622 4374 οὐδὲν
1649 4321 1872 4376 ἐκείνων

300 4424 633 4493 ἀπέχοντας,
667 4418 793 4480 τοὺς
841 4414 1009 4485 χωρὶς
1043 4413 1389 4482 φωτίσματος
1426 4413 1868 4484 ἀπερχομένους,

298 4517 419 4578 τοὺς
450 4514 624 4585 χωρὶς
678 4509 1003 4579 σφραγῖδος·
1042 4497 1187 4559 οὗτοι
1235 4505 1403 4567 ὅντως
1437 4504 1651 4575 θρήνων
1694 4502 1869 4571 ἄξιοι,

298 4598 442 4658 οὗτοι
491 4598 780 4671 ὀδυρμῶνο
821 4597 927 4661 ἔξω
955 4595 1061 4648 τῶν
1092 4593 1377 4665 βασιλείων
1423 4592 1533 4645 είσὶ
1584 4592 1723 4663 μετά
1764 4593 1871 4647 τῶν

298 4694 635 4755 καταδίκων,
685 4688 820 4759 μετά
861 4685 968 4741 τῶν
1008 4681 1492 4753 κατεγνωσμένων.
1541 4682 1727 4751 Ἀμὴν
1763 4682 1871 4753 7&9

296 4787 451 4855 λέγω
480 4781 654 4852 ὑμῖν,
699 4778 808 4833 ἐὰν
844 4777 930 4848 μή
966 4795 1054 4843 τις
1100 4774 1361 4846 γεννηθῇ
1403 4774 1472 4839 ἐξ
1512 4773 1727 4841 ὕδατος
1771 4775 1870 4829 καί

298 4878 661 4945 πνεύματος,
693 4872 764 4924 οὐ
783 4869 867 4939 μὴ
888 4868 1134 4935 εἰσέλθῃ
1154 4869 1241 4933 είς
1265 4866 1381 4942 thr
1395 4867 1725 4931 ,ϐασιλείαν
1754 4864 1872 4920 τῶν

296 4966 593 5037 οὐρανῶν.
626 4961 875 5015 Κλαῦσον
902 4961 1025 5023 τοὺς
1054 4960 1112 5010 ἐν
1154 4957 1367 5028 πλούτῳ
1394 4957 1869 5026 τετελευτηκότας,

298 5060 391 5113 καὶ
446 5053 720 5128 μηδεμίαν
765 5051 875 5104 ἀπὸ
919 5050 1016 5103 τοῦ
1070 5049 1300 5101 πλούτου
1350 5048 1703 5120 παραμυθίαν
1752 5051 1872 5113 ταῖς

300 5148 507 5205 ἑαυτῶν
543 5145 745 5214 ψυχαῖς
793 5142 1218 5209 ἐπινοήσαντας,
1251 5140 1378 5202 τοὺς
1424 5139 1689 5203 λαϐόντας
1721 5140 1873 5206 ἐξου-

302 5242 422 5295 σίαν
451 5234 861 5292 ἀπολούσασθαι
901 5233 1081 5287 αὐτῶν
1118 5235 1186 5285 τά
1214 5232 1605 5302 ἁμαρτήματα,
1652 5232 1747 5285 καὶ
1796 5232 1871 5304 μὴ

303 5331 685 5403 βουληθέντας.
726 5326 962 5388 Τούτους
986 5326 1266 5395 κλαίωμεν
1312 5326 1407 5377 καὶ
1447 5324 1554 5395 ίδία
1593 5325 1685 5378 καὶ
1717 5328 1870 5397 κοινῇ

301 5424 523 5484 πάντες,
562 5418 701 5473 ἀλλά
748 5416 885 5486 μετά
914 5414 1293 5484 κοσμιότητος,
1335 5411 1469 5466 ἀλλά
1513 5412 1651 5482 μετά
1680 5412 1873 5481 σεμνό-

368 5685 395 5715 ⁸
414 5679 546 5733 Edili
571 5680 757 5729 habent
778 5680 835 5728 οὐ
859 5678 935 5727 διὰ
959 5679 1164 5727 εἰσόδου.
1191 5675 1402 5727 Savilius
1426 5676 1691 5738 legendum
1712 5673 1874 5738 suspi-

302 5752 438 5795 catus
461 5749 535 5793 est
580 5743 637 5790 οὐ
659 5743 718 5789 δι’
755 5743 1003 5802 ἐσόπτρου.
1042 5740 1214 5790 Veram
1250 5737 1511 5789 lectionem
1540 5738 1720 5800 profert
1761 5737 1893 5788 Col»

302 5804 529 5858 beninus
554 5803 711 5854 codex
741 5802 794 5851 οὖ
821 5804 895 5851 διὰ
920 5803 1085 5857 εἴδους.

1106 401 1173 456 ΙΝ
1213 402 1424 458 EPIST.
1468 402 1559 455 ΑΙ)
1594 402 1876 457 PIIILIPP.
1916 400 2068 457 (MP.
2111 404 2153 458 Ι.
2192 402 2424 458 IIOMIL.
2466 404 2550 459 III.

296 522 654 584 κολάξεσθαι·
700 519 819 572 οὐδὲ
860 517 1023 570 καλὸν
1065 520 1093 570 ό
1125 517 1373 580 θάνατος,
1414 518 1547 571 ἀλλά
1597 517 1760 570 καλὸν
1797 516 1858 568 τὸ
1902 538 1916 557 ι

3422 411 3537 467 901-.

1965 532 2156 584 τητος,
2205 517 2339 569 ἀλλά
2388 516 2464 587 μὴ
2513 517 2655 570 ὥστε
2699 519 3224 589 παραδειγματίζειν
3279 524 3523 591 ἑαυτούς.

1962 606 2194 670 Τούτους
2223 607 2496 678 κλαίωμεν
2532 610 2605 680 μὴ
2648 611 2777 680 μίαν
2805 611 3037 682 ἡμέραν,
3080 614 3213 684 μηδέ
3243 615 3523 687 δευτέραν,

1960 697 2096 752 ἀλλά
2120 698 2213 751 τὸν
2240 698 2418 753 πάντα
2444 699 2556 769 βίον
2589 701 2763 770 ἡμῶν,
2810 702 2980 755 Τοῦτο
3029 704 3130 756 οὐκ
3170 703 3286 758 ἐστι
3323 708 3527 772 πάθους

1961 784 2156 853 ἀλόγου
2183 786 2244 839 τὸ
2264 786 2520 858 δάκρυον,
2550 788 2684 842 ἀλλά
2709 790 3089 862 φιλοστοργίας
3108 808 3121 822 ’
3145 795 3321 847 ἐκεῖνο
3346 796 3402 850 δὲ
3424 798 3529 851 πά-

1963 874 2088 939 θους
2118 876 2314 946 ἀλόγου
2339 893 2350 905 ³
2380 877 2469 931 διά
2495 877 2651 932 τοῦτο
2676 880 2770 933 καὶ
2793 882 3003 951 ταχέως
3030 883 3333 941 σϐέννυται.
3362 887 3529 941 Ὅταν

1964 964 2071 1037 γὰρ
2100 966 2190 1020 διά
2221 967 2313 1021 τὸν
2335 967 2428 1020 τοῦ
2457 968 2592 1022 Θεοῦ
2627 970 2790 1038 φόϐον
2812 972 3049 1042 γίνηται,
3081 974 3168 1027 ἀεὶ
3198 977 3525 1048 παραμένει.

1965 1057 2255 1129 Κλαίωμεν
2283 1054 2375 1113 οῦν
2404 1060 2645 1127 τούτους,
2675 1061 2958 1133 βοηθῶμεν
2990 1066 3171 1130 αὐτοῖς
3200 1069 3341 1121 κατὰ
3369 1069 3528 1123 δύνα-

1968 1164 2081 1217 μιν,
2104 1150 2479 1221 ἐπινοήσωμεν
2505 1153 2689 1216 αὐτοῖς
2719 1171 2839 1207 τινα
2872 1154 3139 1225 βοήθειαν,
3174 1159 3375 1229 μικρὰν
3406 1161 3528 1232 μὲν,

1967 1236 2179 1309 βοηθεῖν
2215 1240 2273 1293 δὲ
2319 1242 2466 1312 ὅμως
2508 1242 2830 1314 δυναμένην.
2866 1245 2987 1308 Πῶς
3034 1247 3127 1299 καὶ
3167 1248 3273 1302 τίνι
3306 1252 3529 1323 τρόπῳς

1963 1325 2125 1379 Αὐτοί
2154 1345 2212 1381 τε
2255 1329 2566 1401 εὐχόμενοι,
2600 1333 2691 1386 καὶ
2725 1334 2943 1405 ἐτέρους
2973 1338 3416 1407 παρακαλοῦντες
3444 1342 3533 1394 εὐ-

1963 1414 2064 1484 χάς
2084 1415 2183 1469 ὐπέ
2192 1434 2221 1486 ρ
2241 1418 2419 1472 αὐτῶν
2438 1421 2725 1487 ποιεῖσθαι,
2750 1423 2975 1493 πένησιν
3005 1426 3145 1497 ὑπὲρ
3170 1428 3347 1482 αὐτῶν
3365 1430 3532 1484 διδόνο

1962 1524 2053 1570 τες
2098 1509 2355 1579 συνεχῶς.
2396 1511 2547 1581 Ἔχει
2592 1514 2711 1567 τινὰ
2749 1516 2809 1568 τὸ
2860 1520 3093 1587 πρᾶγμα
3135 1522 3527 1591 παραμυθίανο

1964 1596 2126 1650 ἄκουε
2154 1599 2260 1670 γὰρ
2288 1600 2380 1653 τοῦ
2408 1601 2540 1654 Θεου
2569 1603 2817 1672 λέγοντος
2842 1623 2856 1637 ο
2896 1607 3266 1675 Ὑπείηασπιῶ
3294 1610 3402 1679 τῆς
3428 1616 3532 1667 πό-

1963 1691 2114 1755 λεως
2135 1691 2353 1759 ταύτης
2369 1692 2443 1746 δι’
2459 1693 2582 1762 ἐμὲ,
2606 1696 2704 1748 καὶ
2719 1696 2815 1750 διὰ
2831 1699 3010 1752 Δαυῒδ
3032 1702 3135 1755 τὸν
3155 1702 3381 1759 δοῦλόν
3389 1724 3531 1775 μου.

1964 1780 2026 1832 El
2064 1782 2249 1852 μνήμη
2294 1783 2452 1853 μόνον
2481 1785 2689 1840 δικαίου
2727 1789 2979 1844 τοσοῦτον
3016 1792 3252 1864 ἴσχυσεν,
3286 1798 3414 1850 ὅταν
3441 1801 3534 1852 καὶ

1965 1866 2103 1938 ἔργα
2134 1871 2359 1940 γένηται
2402 1872 2543 1943 ὑπὲρ
2586 1876 2771 1942 αὐτοῦ,
2822 1878 2937 1941 πῶς
2983 1881 3080 1935 οὐκ
3133 1884 3374 1954 ἰσχύσεις
3421 1890 3534 1942 Οὐκ

1966 1960 2087 2031 είκῆ
2116 1960 2290 2016 ταῦτα
2324 1963 2683 2038 ἐνομοθετήθη
2719 1968 2822 2020 ὑπὸ
2844 1971 2952 2023 τῶν
2988 1973 3319 2040 ἀποστόλων,
3353 1980 3414 2032 τὺ
3443 1981 3536 2033 ἐπὶ

1963 2051 2071 2104 τῶν
2097 2052 2338 2122 φρικτῶν
2370 2056 2684 2127 μυστηρίων
2716 2060 2936 2130 μνήμην
2962 2062 3208 2130 γίνεσθαι
3234 2065 3339 2119 τῶν
3363 2068 3534 2120 ἀπελ-

1963 2138 2162 2195 θόντων
2187 2159 2200 2171 ⁸
2228 2142 2407 2198 ἴσασιν
2426 2146 2757 2211 αὐτοῖςπολύ
2780 2149 2967 2219 κέρδος
3001 2154 3306 2224 γινόμενον,
3334 2158 3535 2228 πολλὴν

1962 2233 2061 2302 τὴν
2092 2234 2382 2304 ὠφέλειαν.
2408 2237 2575 2290 Ὅταν
2600 2238 2708 2309 7&9
2736 2241 2941 2313 ἑστήκῃ
2962 2241 3088 2306 λαὸς
3109 2245 3403 2318 ὁλόκληρος
3426 2253 3536 2319 χεῖ-

1965 2339 2065 2393 ρας
2097 2322 2485 2387 ἀνατείνοντες,
2504 2326 2774 2397 πλήρωμα
2804 2330 3096 2400 ίερατικὸν,
3118 2337 3208 2386 καὶ
3230 2337 3534 2408 προκέηται

1966 2413 1999 2481 ἡ
2069 2414 2270 2483 φρικτὴ
2354 2414 2547 2479 θυσία,
2607 2417 2723 2480 πῶς
2779 2419 2840 2471 οὐ
2921 2420 3315 2495 δυσωπήσομεν
3394 2428 3535 2497 ὑπὲρ

1965 2504 2169 2557 τούτων
2235 2504 2385 2577 [218]
2443 2506 2536 2560 τὸν
2614 2507 2745 2563 Θεὸν
2814 2512 3320 2581 παρακαλοῦντες;
3375 2518 3536 2573 Ἀλλά

1963 2591 2121 2643 τοῦτο
2166 2592 2265 2662 μὲν
2324 2596 2453 2663 περὶ
2504 2594 2612 2649 τῶν
2669 2598 2728 2649 ἐν
2780 2597 2959 2652 πίστει
3006 2602 3382 2672 παρελθόντων
3419 2623 3434 2636 ο
3482 2608 3531 2660 οἱ

1963 2682 2020 2735 δέ
2083 2684 2483 2754 κατηχούμενοι
2554 2687 2676 2740 οὐδὲ
2741 2689 2945 2761 ταύτης
2997 2690 3380 2757 καταξιοῦνται
3435 2699 3535 2767 τῆς

1965 2775 2337 2845 παραμυθίας,
2363 2776 2496 2830 ἀλλά
2552 2778 2950 2850 ἀπεστέρηνται
3006 2784 3186 2854 πάσης
3218 2786 3315 2855 τῆς
3346 2790 3532 2842 τοιαύ-

1962 2881 2062 2935 της
2131 2866 2402 2936 βοηθείας,
2463 2868 2602 2938 πλὴν
2651 2873 2780 2941 μιᾶς
2832 2889 2998 2937 τινος.
3069 2876 3235 2941 Ποίας
3278 2878 3341 2947 δὴ
3403 2880 3532 2935 ταύ-

1964 2972 2105 3024 της;
2151 2956 2369 3010 Ἔνεστι
2419 2958 2645 3029 πένησιν
2704 2962 2844 3033 ὑπὲρ
2893 2966 3073 3019 αὐτῶν
3123 2968 3353 3024 διδόναι·
3394 2977 3537 3029 ποιεῖ

1965 3065 2087 3102 τινα
2137 3048 2321 3113 αὐτοῖς
2366 3049 2690 3122 παραψυχήν
2726 3052 2788 3105 τὸ
2835 3057 3069 3126 πρᾶγμα
3095 3074 3111 3090 ο
3138 3060 3364 3133 καὶγὰρ
3403 3066 3534 3135 παρ’

1964 3140 2212 3212 ἀλλήλων
2237 3143 2384 3213 ἡμᾶς
2411 3141 2739 3212 ὡφελεῖσθαι
2787 3144 3036 3215 βούλεται
3076 3151 3105 3201 ὁ
3146 3151 3300 3216 Θεός.
3349 3155 3447 3209 Διά
3483 3158 3535 3209 τί

1966 3231 2074 3302 γάρ
2097 3231 2239 3303 ὑπὲρ
2275 3234 2501 3305 είρήνης
2552 3237 2647 3289 καὶ
2694 3237 3013 3303 εὐσταθείας
3039 3241 3133 3295 τοῦ
3165 3243 3371 3315 κόσμου
3413 3249 3536 3302 ἐκέ-

1966 3324 2159 3377 λευσεν
2206 3324 2466 3396 εὐχεσθαι
2498 3343 2514 3389 ;
2547 3327 2637 3380 διὰ
2674 3328 2729 3381 τί
2771 3327 2910 3400 ὗπέρ
2942 3331 3161 3386 πάντων
3185 3336 3488 3407 ἀνθρώπων
3520 3360 3535 3406 ;

1967 3416 2160 3470 Καίτοι
2176 3433 2241 3485 γε
2270 3417 2505 3471 ἐνταῦθα
2532 3420 2591 3472 έν
2623 3420 2791 3472 πᾶσίν
2811 3422 2917 3475 είσι
2947 3426 3040 3477 καὶ
3063 3425 3257 3498 λῃσταὶ
3276 3432 3370 3483 καὶ
3395 3450 3535 3502 τυμ-

1964 3505 2206 3577 βωρύχοι
2233 3507 2328 3561 καὶ
2362 3506 2613 3575 κλέπται,
2648 3511 2745 3563 καὶ
2773 3511 2982 3580 μυρίων
3016 3516 3215 3569 κακῶν·
3230 3519 3494 3591 γέμοντες
3512 3542 3533 3555 »ο

1968 3593 2083 3648 ἀλλ’
2125 3596 2275 3665 ὅμως
2324 3595 2466 3666 ὑπὲρ
2506 3597 2726 3652 πάντων
2758 3601 3028 3671 εὐχόμεθα
3055 3621 3075 3636 ι
3102 3604 3232 3670 ἴσως
3258 3608 3367 3680 γὰρ
3385 3610 3536 3665 ἔσται

1967 3701 2049 3747 τις
2072 3683 2252 3737 αὐτῶν
2277 3686 2604 3757 ἐπιστροφή.
2636 3688 2845 3759 ’Ὠσπερ
2875 3686 2977 3743 οὖν
2998 3691 3137 3763 ὑπὲρ
3175 3693 3284 3749 τῶν
3318 3697 3537 3762 ζώντων

1969 3772 2240 3844 εὐχόμεθα
2270 3773 2381 3828 τῶν
2405 3774 2557 3829 οὐδὲν
2581 3775 3009 3834 διαλλαττόντων
3034 3782 3142 3837 τῶν
3162 3787 3380 3855 »νεκρῶν
3403 3828 3418 3853 ,
3441 3788 3535 3843 06'-

1967 3881 2076 3928 τως
2105 3866 2283 3920 ἔνεστι
2304 3866 2399 3920 καὶ
2429 3866 2568 3939 ὑπὲρ
2597 3867 3112 3942 ἐκείνωνεύχεσθαι.
3145 3875 3203 3929 '0
3247 3878 3364 3931 Ἰὼϐ
3398 3880 3538 3954 ὑπὲρ

1967 3956 2078 4009 τῶν
2107 3956 2313 4009 παίδων
2357 3956 2532 4010 ἐποίει
2580 3956 2791 4024 θυσίας,
2836 3960 2931 4013 καὶ
2975 3962 3314 4034 ἀπήλλαττεν
3340 3968 3537 4032 αὐτοὺς

1968 4047 2075 4101 τῶν
2099 4047 2511 4119 ἁμαρτημάτων
2534 4065 2550 4082 ⁸
2580 4050 2851 4116 Μήποτε
2881 4052 3244 4122 ἐνενόησαν,
3278 4059 3450 4129 φησὶ,
3482 4061 3538 4114 τί

1967 4139 2038 4194 ἐν
2066 4139 2141 4208 τῇ
2184 4139 2396 4210 καρδίᾳ
2425 4141 2645 4196 αὐτῶν.
2675 4142 2831 4196 Οὕτω
2858 4161 2945 4208 τις
2970 4151 3275 4216 προνοεῖται
3306 4151 3534 4207 παίδων.

1969 4232 2083 4284 Οὐκ
2148 4226 2291 4297 εἶπε,
2339 4230 2591 4303 καθάπερ
2617 4233 2666 4284 οί
2697 4233 2880 4287 πολλοὶ
2932 4236 3040 4289 τῶν
3064 4238 3158 4291 νῦν
3192 4239 3494 4312 ἀνθρώπων
3522 4263 3535 4277 ο

1968 4322 2296 4376 Καταλείπω
2335 4322 2517 4386 αὐτοῖς
2543 4324 2855 4394 ὑπάρχοντα
2878 4340 2892 4354 ⁸
2932 4328 3032 4380 οὐκ
3052 4324 3193 4383 εἴπεο
3237 4332 3322 4384 Δῶ
3353 4335 3537 4400 αὐτοῖς

1967 4413 2160 4476 δόξαν·
2193 4415 2294 4467 οὐκ
2345 4410 2520 4467 εἶπεν
2566 4415 2765 4486 Ἀρχὴν
2817 4415 3141 4487 ὠνήσομαι·
3191 4422 3293 4476 οὐκ
3345 4421 3534 4481 εἶπεν·

1979 4506 2210 4576 Ἀγροὺς
2265 4505 2513 4579 πρίωμαι
2540 4522 2554 4536 ·
2590 4506 2727 4560 ἀλλά
2782 4508 2863 4573 τί;
2895 4510 2987 4576 Μή
3018 4528 3071 4563 τι
3108 4513 3444 4584 ἐνενόησαν
3467 4521 3537 4575 ἐν

1969 4597 2045 4668 τῇ
2093 4597 2307 4666 καρδίᾳ
2353 4597 2582 4652 αὐτῶν.
2613 4598 2678 4651 Τί
2700 4599 2808 4671 γὰρ
2846 4600 3037 4670 ὄφελος
3066 4605 3287 4661 ἐκείνων
3317 4612 3536 4668 πάντων

1969 4689 2201 4743 ἐνταῦθα
2258 4687 2572 4759 μενόντων;
2630 4690 2815 4745 Οὐδέν.
2877 4693 2978 4746 Τὸν
3032 4695 3273 4755 Βασιλέα
3320 4703 3538 4759 πάντων

1972 4783 2127 4837 ἵλεων
2157 4783 2385 4852 ποιήσω,
2418 4780 2604 4850 φησὶν,
2634 4781 2834 4847 αὐτοῖς,
2864 4784 2958 4837 καὶ
2978 4785 3128 4839 οὐδὲν
3155 4790 3339 4857 αὐτοῖς
3361 4793 3537 4851 λείπει

1968 4871 2155 4925 λοιπόν
2190 4887 2204 4901 ·
2240 4871 2457 4937 Κύριος
2492 4870 2619 4941 γὰρ,
2665 4872 2819 4941 φησὶ,
2853 4878 3150 4944 ποιμαίνει
3169 4897 3282 4948 με,
3312 4885 3410 4939 καὶ
3432 4889 3535 4941 οὺ.

1969 4963 2075 5017 δέν
2095 4979 2169 5033 με
2192 4962 2532 5029 ὐστερήσει.
2566 4957 2731 5027 Οὗτος
2757 4965 2983 5030 πλοῦτος
3036 4969 3229 5039 μέχας,
3252 4969 3405 5040 οὗτος
3436 4978 3534 5048 οη-

1974 5054 2173 5125 σαυρός
2208 5070 2220 5082 ·
2252 5054 2320 5108 ἀν
2376 5054 2466 5107 τὸν
2498 5052 2592 5107 τοῦ
2645 5055 2780 5108 Θεοῦ
2838 5059 3001 5126 φόϐον
3039 5060 3252 5131 ἔχωμεν
3274 5106 3289 5130 ,
3321 5067 3533 5133 οὐδενὸς

1972 5147 2102 5217 ἡμῖν
2130 5147 2209 5200 δεῖ
2236 5163 2250 5176 ⁸
2280 5146 2347 5201 ἂν
2378 5147 2435 5200 δὲ
2453 5148 2612 5201 τοῦτο
2647 5147 2721 5218 μὴ
2751 5148 2981 5220 ἔχωμεν,
3013 5154 3106 5205 καὶ
3126 5155 3228 5225 τήν
3253 5158 3532 5227 βασιλείαν

1972 5236 2139 5307 αὐτὴν
2171 5236 2265 5290 ἐὰν
2296 5237 2528 5307 ἔχωμεν,
2563 5238 2783 5295 πάντων
2810 5240 2976 5309 ἐσμὲν
2998 5244 3340 5316 πενέστεροι,
3370 5250 3534 5303 Οὐδὲν

1974 5328 2086 5379 ἴσον
2130 5326 2223 5380 τοῦ
2264 5327 2599 5397 φοϐουμένου
2646 5330 2738 5382 τὸν
2784 5329 3022 5402 Κύριον·
3072 5333 3125 5385 '0
3168 5337 3353 5404 φόϐος
3405 5341 3533 5411 γὰρ,

1973 5416 2107 5487 φησὶ
2135 5455 2151 5480 ,
2181 5416 2275 5470 τοῦ
2308 5417 2513 5488 Κυρίου
2548 5416 2744 5471 πάντα
2786 5418 3135 5486 ὑπερέϐαλε.
3170 5424 3370 5477 Τουτον
3402 5445 3534 5498 κτη-

1974 5506 2213 5577 σώμεθα,
2251 5508 2389 5579 ὑπὲρ
2417 5508 2607 5562 τούτου
2660 5510 2836 5564 πάντα
2881 5511 3212 5584 πράττωμεν
3243 5530 3257 5543 ⁸
3294 5516 3398 5570 κᾶν
3441 5520 3536 5591 τὴν

1971 5600 2147 5670 ψυχὴν
2181 5600 2472 5654 ἀποδόσθαι
2518 5600 2610 5671 δέῃ
2634 5642 2648 5665 ,
2684 5601 2758 5673 μὴ
2795 5603 3128 5674 φεισώμεθα,
3161 5608 3262 5661 κάν
3290 5611 3350 5663 τὸ
3381 5613 3537 5683 σῶμα

1973 5694 2275 5762 κατακόψαι
2303 5709 2319 5723 ο
2358 5693 2534 5747 πάντα
2573 5693 2920 5765 πράττωμεν,
2942 5697 3029 5749 ἵνα
3055 5698 3149 5751 τοῦ
3168 5702 3331 5768 φόϐου
3348 5711 3535 5759 τούτου

1976 5783 2339 5854 ἐπιτύχωμεν.
2386 5782 2540 5838 Οὕτω
2582 5783 2685 5855 γὰρ
2726 5784 2961 5855 ἐσόμεθα
2983 5787 3197 5843 πάντων
3232 5792 3537 5865 εὐπορώτεε
